3972 6212
409 319 492 372 is;
573 370 582 380 ,
1330 313 1394 367 lN
1434 310 1608 366 ACTA
1652 293 2168 368 arosrowuun.
2215 312 2439 366 uonn..
2483 312 2650 369 xxtv

397 444 484 486 tem
506 426 800 484 ascendisset
841 425 1024 480 Petrus
1061 422 1458 494 Jerosolgmam,
1491 424 1831 495 disceptabant
1858 425 1955 477 ad-

396 537 549 576 versus
588 519 736 572 illum
771 520 858 587 qui
887 526 1030 571 erant
1075 532 1136 570 ea;
1174 515 1574 581 circumcisione,
1612 515 1874 569 dicentes:
1901 517 1953 570 5.

396 614 549 680 Quare
567 612 780 664 introisti
809 611 879 662 ad
903 611 1031 662 viros
1057 609 1360 678 prteputium
1389 607 1642 671 habentes,
1672 617 1718 660 et
1743 607 1958 660 mandu-

392 704 507 756 casti
529 718 636 754 cum
661 700 810 754 illis?
850 700 1040 753 Postea
1087 697 1446 769 Disceptabant
1487 699 1574 767 qui
1603 714 1665 751 ex
1692 699 1956 751 circumcio

391 797 535 860 sione,
565 807 665 847 non
691 792 937 861 apostoli.
968 790 1105 858 Quid
1129 798 1210 844 est
1237 788 1385 857 illud,
1412 787 1816 858 Disceptabant?
1841 788 1955 843 Non

391 901 582 955 parum,
615 885 806 954 inquit,
835 882 1259 938 oﬂ'endebantur.
1294 882 1361 936 Et
1387 881 1508 935 vide
1529 880 1654 950 quid
1681 879 1952 949 obiiciant.

387 978 489 1031 Non
516 977 714 1040 dicunt,
746 974 856 1029 Cur
901 972 1277 1028 annuntiasﬁ?
1317 971 1435 1034 sed,
1479 971 1592 1024 Cur-
1608 987 1710 1024 una
1741 971 1956 1024 mandu-

385 1069 542 1122 casti?
569 1068 758 1121 Petrus
801 1081 928 1121 vero
965 1081 1071 1118 non
1100 1066 1152 1118 in
1183 1064 1285 1118 hoc
1324 1062 1516 1133 frigido
1547 1063 1691 1116 dicto
1719 1071 1956 1116 moratur

384 1162 518 1227 (nam
545 1157 791 1228 frigidum
822 1172 948 1212 vere
973 1153 1142 1227 erat);
1173 1154 1265 1209 sed
1294 1155 1344 1208 in
1376 1168 1569 1224 magno
1596 1153 1708 1220 illo,
1729 1153 1914 1208 dicens
1943 1173 1954 1207 :

385 1251 436 1305 Si
472 1249 724 1318 Spiritum
771 1248 844 1302 illi
884 1254 1218 1316 acceperant,
1261 1246 1530 1316 quomodo
1574 1245 1676 1299 hoc
1716 1258 1822 1298 non
1853 1245 1956 1298 illis

380 1338 771 1395 concedendum
815 1338 969 1392 erat?
1011 1336 1291 1404 Quomodo
1340 1351 1467 1406 ergo
1508 1336 1560 1389 in
1606 1334 1956 1390 Samaritanis

381 1433 473 1487 hoc
500 1432 694 1486 factum
723 1447 830 1485 non
858 1439 961 1494 est,
993 1430 1100 1484 imo
1125 1430 1473 1494 contrarium,
1502 1444 1607 1482 non
1633 1427 1792 1482 modo
1808 1436 1949 1492 ante,

379 1523 462 1577 sed
505 1524 668 1578 etiam
710 1530 830 1591 post
871 1521 1232 1591 baptismum?
1272 1519 1453 1588 Neque
1485 1519 1742 1589 indignati
1783 1528 1950 1573 sunt:

379 1615 475 1668 imo
503 1615 666 1669 etiam
701 1613 767 1667 ad
802 1628 922 1668 eam
964 1613 1132 1682 ipsam
1163 1629 1273 1667 rem
1321 1614 1603 1665 miserunt.
1638 1610 1835 1665 Verum
1870 1609 1955 1665 hic

380 1721 473 1758 non
502 1720 560 1758 ca
597 1704 665 1758 de
706 1719 765 1758 re
813 1713 1105 1768 accusant;
1135 1703 1377 1758 sciebant
1423 1702 1567 1757 enim
1612 1701 1715 1757 hoc
1756 1700 1954 1755 divina:

375 1799 545 1864 gratia:
589 1812 750 1862 esse;
780 1796 898 1864 sed,
935 1797 1122 1864 Quare,
1167 1797 1443 1866 inquiunt,
1495 1795 1811 1849 manducasti
1837 1810 1953 1849 cuni

374 1888 504 1940 illis?
531 1888 787 1957 Alioquin
811 1902 940 1941 vero
967 1902 1215 1957 magnum
1238 1896 1291 1943 et
1321 1886 1641 1940 immensum
1664 1885 1952 1939 discrimen

373 1991 478 2035 erat
503 1981 877 2034 Samaritanos
903 1981 1040 2034 inter
1087 1990 1141 2034 ut
1181 1989 1388 2050 gentes.
1419 1979 1511 2033 Vel
1540 1980 1698 2033 etiam
1733 1993 1825 2047 per
1845 1977 1955 2033 dis-

373 2074 738 2139 penSationem
769 2072 983 2137 accidit,
1012 2071 1153 2140 quod
1206 2072 1251 2125 is
1305 2081 1608 2135 accusetur,
1653 2079 1709 2123 ut
1748 2070 1822 2123 illi
1866 2069 1950 2123 di-

370 2175 551 2218 scatur:
580 2178 760 2232 neque
789 2163 935 2218 enim
974 2162 1163 2217 Petrus
1205 2177 1318 2216 rem
1359 2161 1475 2216 sine
1506 2175 1663 2214 causa
1697 2160 1949 2214 narravit.

377 2255 495 2310 Vide
522 2265 732 2320 autem,
760 2271 922 2325 quam
951 2255 1020 2309 sit
1045 2270 1073 2308 a
1102 2253 1242 2308 fastu
1282 2263 1338 2310 et
1366 2269 1496 2308 vana
1523 2254 1692 2322 gloria
1725 2254 1948 2307 alienus.

370 2349 492 2404 Nam
521 2350 606 2403 ait
629 2366 642 2400 :
665 2349 717 2402 4.
752 2346 1012 2414 Incipiens
1038 2348 1238 2412 Petrus,
1271 2346 1548 2418 exponebat
1574 2347 1677 2400 illis
1701 2363 1790 2415 per
1809 2346 1953 2399 ordi-

369 2459 493 2507 nan,
519 2443 699 2495 dicens
720 2457 744 2496 ε
760 2442 811 2495 5.
846 2440 956 2511 Ego
976 2457 1112 2495 eram
1137 2441 1189 2494 in
1215 2441 1412 2495 civitate
1439 2440 1608 2508 Joppe
1636 2456 1802 2493 orans.
1837 2437 1952 2493 Non

367 2535 490 2588 dicit
517 2547 713 2603 quare,
743 2533 826 2587 vel
852 2547 954 2602 qua
991 2533 1292 2587 occasione.
1347 2531 1412 2585 Et
1444 2532 1544 2585 vidi
1571 2532 1622 2585 in
1653 2531 1833 2584 mentis
1867 2547 1953 2584 ex-

368 2640 500 2677 cessu
532 2625 804 2688 visionem,
850 2624 1155 2677 descendens
1182 2640 1268 2676 vas
1296 2623 1554 2693 quoddam
1583 2623 1714 2676 velut
1745 2621 1954 2674 linteum

368 2733 632 2786 magnum,
672 2725 889 2786 quatuor
918 2716 1076 2770 initiis
1114 2716 1384 2769 demissum
1425 2717 1488 2768 de
1525 2716 1682 2785 caglo,
1728 2724 1774 2768 et
1819 2715 1952 2768 venit

366 2822 513 2874 usque
537 2805 619 2858 ad
642 2822 735 2857 me.
770 2804 822 2858 6.
855 2803 921 2858 1η
946 2805 1081 2872 quod
1105 2799 1305 2859 intuens
1335 2804 1748 2868 considerabam;
1776 2813 1823 2857 et
1851 2804 1953 2856 vidi

362 2897 717 2966 quadrupedia
756 2906 921 2960 terrtz,
965 2907 1011 2949 et
1057 2896 1258 2961 bestias,
1309 2904 1355 2949 et
1395 2895 1613 2965 reptilia,
1655 2905 1701 2948 et
1727 2895 1953 2948 volatilia

365 2987 490 3040 creti.
525 2988 582 3040 7.
633 2985 815 3060 Audivi
859 2995 1032 3038 autem
1071 3001 1238 3040 vocem
1279 2987 1522 3041 dicentem
1565 2986 1732 3041 mihi:
1763 2986 1950 3058 Surge,

366 3074 525 3138 Petre,
555 3075 738 3130 occide
761 3086 806 3130 et
836 3076 1110 3130 manduca.
1142 3076 1278 3142 Quid
1326 3092 1421 3146 per
1451 3077 1564 3132 lucc
1590 3078 1770 3133 dicere
1798 3077 1953 3132 vult?

364 3166 496 3223 Satis
523 3177 673 3231 erat,
709 3168 897 3237 inquit,
928 3169 1125 3224 vidisse
1149 3169 1368 3224 linteum
1400 3169 1465 3223 ad
1497 3169 1598 3225 hoc
1627 3171 1953 3238 persuaden-

364 3257 480 3312 dum
505 3277 520 3323 ;
549 3267 795 3312 attamen
824 3273 925 3312 vox
948 3274 1160 3329 quoque
1185 3260 1389 3330 adjecta
1412 3270 1512 3314 est.
1533 3261 1585 3315 8.
1614 3260 1735 3314 Dixi
1750 3271 1912 3314 autem
1931 3279 1950 3316 :

369 3348 727 3419 Nequaquam,
782 3347 1029 3415 Domine,
1079 3352 1196 3417 quia
1245 3366 1509 3404 conunune
1550 3361 1597 3404 et
1639 3351 1952 3406 immundum

362 3458 641 3511 numquam
672 3443 895 3495 introivit
934 3443 986 3495 in
1017 3458 1073 3496 os
1103 3459 1290 3495 meum.
1330 3442 1564 3497 Viden’?
1592 3444 1734 3514 quod
1772 3460 1948 3501 meum

361 3539 489 3597 erat,
517 3533 723 3601 inquit,
764 3531 910 3586 feci:
943 3532 1075 3596 dixi,
1114 3533 1414 3602 Numquam
1461 3533 1692 3588 comedi.
1732 3534 1846 3589 lloc
1883 3535 1950 3589 ad

363 3621 427 3684 id,
457 3623 608 3692 quod
635 3623 884 3678 dicebant
914 3624 985 3678 illi
1014 3641 1028 3678 :
1060 3623 1310 3690 Introisti,
1340 3635 1386 3678 et
1412 3625 1670 3678 comedisti
1693 3642 1806 3678 cum
1826 3626 1947 3680 illis.

361 3711 467 3768 lloe
508 3729 651 3769 vero
699 3730 804 3767 non
845 3715 978 3768 dixit
1007 3715 1298 3770 Cornelio:
1338 3731 1512 3786 neque
1543 3717 1685 3770 enim
1727 3731 1950 3773 necesse

359 3815 484 3858 crat.
519 3807 578 3860 9.
639 3804 916 3874 Respondit
946 3815 1112 3859 autem
1143 3807 1268 3860 milii
1303 3822 1399 3860 vos:
1430 3808 1652 3862 secundo
1692 3808 1755 3862 de
1783 3809 1906 3862 cazlo
1931 3824 1950 3862 :

361 3895 482 3960 Qua:
507 3896 659 3950 Deus
688 3898 968 3962 mandavit,
1001 3908 1056 3951 tu
1090 3915 1152 3952 ne
1179 3899 1465 3952 communia
1490 3901 1698 3953 dixeris.
1727 3900 1814 3954 10.
1838 3898 1950 3952 Hoc

357 3999 521 4042 «autem
563 3989 768 4059 factum
799 3999 872 4043 est
914 3998 989 4043 ter
1015 4006 1034 4043 :
1065 4000 1111 4044 et
1149 4000 1370 4044 retracta
1397 4000 1514 4044 sunt
1543 3992 1711 4044 omnia
1748 4008 1950 4045 rursum

355 4080 406 4134 iu
428 4083 636 4136 celum.
665 4083 753 4137 11.
801 4081 868 4135 Et
894 4099 1007 4137 ecce
1027 4084 1122 4137 viri
1144 4092 1243 4136 tres
1281 4069 1551 4152 confestim’
1573 4085 1868 4138 adstiterant
1897 4085 1950 4138 in

357 4176 524 4240 domo,
548 4177 609 4228 in
638 4191 741 4244 qua
768 4192 928 4238 eram,
953 4176 1092 4229 missi
1118 4192 1150 4228 a
1175 4175 1404 4230 Cesarea
1423 4176 1490 4228 ad
1516 4192 1612 4229 me.
1645 4176 1836 4230 Narrat
1863 4192 1944 4241 ea,

355 4283 472 4335 qua:
502 4267 813 4322 necessaria
841 4277 994 4322 erant
1019 4285 1034 4331 ;
1063 4269 1165 4322 alia
1197 4276 1355 4334 tacet,
1388 4269 1495 4323 imo
1524 4277 1578 4323 et
1601 4284 1696 4338 per
1721 4267 1833 4324 hmc
1861 4269 1949 4324 illa

358 4361 569 4425 Itl‘Oik’il.
606 4358 676 4412 Et
702 4359 843 4422 vide,
877 4359 1147 4428 quomodo
1175 4375 1297 4414 sese
1319 4370 1526 4430 purget,
1552 4362 1740 4415 nolens
1767 4360 1952 4415 docto-

356 4448 428 4501 ris
447 4449 777 4503 auctoritate
801 4449 873 4502 uti
902 4469 914 4502 :
948 4448 1152 4503 sciebat
1176 4449 1318 4503 enim
1349 4464 1408 4504 se
1432 4459 1630 4519 quanto
1657 4451 1949 4506 modestius

355 4539 695 4608 loquebatur,
731 4550 880 4594 ιςιηιο
921 4541 1088 4610 magis
1133 4541 1255 4595 illos
1294 4550 1573 4612 capturum
1603 4557 1746 4600 esse.
1776 4543 1946 4596 Num-

353 4649 503 4701 quam
540 4633 790 4700 introivit,
843 4632 1034 4702 inquit,
1072 4634 1124 4686 in
1165 4650 1222 4687 os
1261 4650 1424 4688 meum
1453 4651 1714 4688 commune
1750 4635 1828 4690 vel
1855 4635 1948 4688 im-

356 4726 605 4778 mundum
663 4725 726 4780 Et
756 4725 833 4779 sic
877 4735 1045 4779 totum
1087 4727 1403 4781 oeconomia:
1433 4726 1672 4781 defensio
1703 4737 1836 4781 erat.
1885 4727 1948 4781 Et

354 4836 468 4874 cccc
493 4831 596 4872 tres
624 4820 719 4872 viri
735 4819 999 4890 confestim
1020 4819 1322 4873 adstiterant
1341 4821 1392 4872 in
1415 4822 1583 4882 domo,
1605 4821 1772 4889 inqua
1787 4837 1944 4873 eram.

357 4910 442 4963 Β.
475 4910 622 4963 Dixit
657 4921 824 4965 autem
855 4911 979 4964 milii
1006 4910 1254 4981 Spiritus,
1299 4922 1350 4964 ut
1383 4913 1507 4966 irem
1540 4928 1652 4964 cum
1690 4913 1791 4967 illis
1821 4912 1948 4967 nihil

359 5003 623 5056 lursitans.

424 5093 481 5147 Ξ.
526 5094 714 5149 Vidcn'
756 5094 897 5164 quod
942 5093 1172 5162 Spiritus
1212 5093 1284 5148 sit
1330 5092 1637 5162 lcgislatio?
1689 5091 1946 5147 Venerunt

354 5197 523 5238 autem
555 5203 748 5239 nucum
768 5197 814 5240 et
843 5203 932 5240 sex
958 5187 1141 5246 fratres
1170 5186 1272 5240 isti.
1305 5185 1442 5253 Quid
1471 5186 1629 5240 Petro
1657 5185 1941 5249 humilius,

353 5278 442 5346 qui
479 5278 644 5330 etiam
685 5277 772 5331 hic
824 5277 1050 5332 fratrum
1096 5277 1459 5332 testimonium
1485 5276 1743 5331 adhibet?
1784 5276 1945 5330 Vene-

355 5378 471 5418 runt
503 5379 670 5421 autem
713 5386 904 5422 mecum
937 5386 1026 5422 sea:
1057 5374 1280 5440 fratres,
1330 5378 1376 5421 et
1419 5369 1635 5439 ingressi
1675 5385 1849 5422 sumus
1894 5367 1947 5421 in

355 5457 566 5510 domum
595 5460 706 5514 viri.
757 5462 843 5514 13.
871 5459 1113 5513 Narravit
1138 5470 1305 5513 autem
1326 5460 1488 5526 nobis,
1519 5460 1768 5528 quomodo
1794 5458 1947 5512 vidis-

356 5558 428 5599 ιιι
459 5547 694 5618 angelum
737 5552 790 5603 in
837 5551 988 5604 domo
1032 5567 1127 5604 sua
1169 5560 1406 5614 stantem,
1449 5559 1494 5603 et
1519 5550 1766 5603 dicentem
1804 5549 1946 5604 sibi:

360 5636 512 5691 Mitte
540 5640 593 5692 in
618 5640 818 5711 Joppen
847 5643 1001 5707 viros,
1032 5651 1078 5694 et
1104 5643 1293 5697 accersi
1320 5641 1582 5696 Simonem
1610 5642 1944 5711 cognomina-

363 5740 470 5782 tum
504 5730 734 5800 Petrum,
769 5733 852 5788 ιι.
881 5733 970 5803 qui
995 5734 1222 5804 loquetur
1244 5733 1334 5789 tibi
1363 5731 1532 5802 verba,
1560 5732 1612 5786 in
1637 5733 1818 5804 quibus
1835 5732 1945 5787 sal-

3545 322 3643 376 186

2069 441 2157 480 vus
2185 427 2282 480 eris
2312 437 2364 480 tu
2392 439 2437 481 et
2467 431 2696 484 universa
2723 432 2899 485 domus
2930 441 3036 486 tua.
3069 431 3182 486 Non
3224 433 3353 487 dixit
3391 450 3450 488 ea
3475 479 3487 500 ,
3525 456 3640 506 qua:

2065 519 2132 571 ab
2161 521 2350 589 angelo
2393 521 2530 575 dicta
2577 522 2785 578 fuerant
2829 523 3080 580 Cornelio
3111 544 3123 578 :
3159 527 3427 581 Orationes
3459 541 3562 583 tua:
3595 541 3640 583 et

2063 608 2388 680 eleemosgua.’
2412 619 2511 665 tute
2534 613 2866 668 ascenderunt
2891 617 2941 670 in
2972 619 3263 670 memoriam
3291 620 3343 672 in
3370 631 3637 689 conspectu

2065 696 2181 763 Dei,
2213 715 2279 754 ne
2307 701 2424 754 illos
2446 701 2735 758 offenderet
2761 721 2774 766 ;
2802 705 2896 758 sed
2922 721 2982 759 ea
3012 707 3195 770 verba,
3225 724 3344 778 qua:
3371 708 3500 762 nihil
3529 725 3641 762 ma-

2063 788 2151 858 gni
2179 790 2532 858 praeferebant
2565 811 2577 845 :
2609 791 2864 863 Loquetur
2888 796 2974 848 tibi
2997 798 3162 862 verba,
3193 798 3244 851 in
3266 799 3444 869 quibus
3469 800 3640 854 salvus

2063 881 2160 934 eris
2191 891 2243 934 tu
2281 889 2325 936 et
2369 883 2599 938 universa
2638 885 2818 940 domus
2862 896 2967 940 tua.
3013 888 3216 955 Viden‘,
3260 891 3528 959 quomodo
3572 909 3635 944 ca

2062 987 2217 1041 quam
2261 974 2366 1028 dixi
2397 975 2464 1031 de
2493 991 2649 1031 causa
2682 977 2936 1033 festinet?
2983 979 3050 1033 Et
3079 980 3206 1034 nihil
3241 982 3307 1035 de
3339 984 3435 1036 viri
3481 999 3618 1036 main

2061 1064 2341 1120 suetudine
2366 1066 2512 1121 dicit.
2546 1068 2685 1137 Ergo
2716 1069 2916 1137 Spiritu
2944 1070 3218 1134 mittente,
3254 1070 3363 1124 Deo
3388 1071 3632 1140 iubente,

2061 1170 2156 1224 per
2184 1158 2428 1226 angelum
2459 1159 2580 1214 inde
2604 1173 2848 1225 vocante,
2881 1161 3003 1216 hinc
3031 1171 3252 1230 urgente
3272 1205 3286 1226 ,
3317 1179 3494 1218 rerum
3530 1165 3638 1219 dis-

2058 1247 2258 1302 crimen
2287 1249 2554 1315 solvente,
2582 1252 2708 1320 quid
2735 1251 3032 1306 faciendum
3062 1254 3221 1307 erat?
3248 1253 3353 1308 Sed
3382 1254 3510 1308 nihil
3535 1255 3632 1308 ho-

2060 1352 2175 1391 rum
2204 1338 2356 1404 dixit,
2381 1356 2564 1394 verum
2589 1357 2616 1394 a
2642 1343 2935 1411 posteriore
2957 1344 3241 1399 confirmat
3264 1361 3278 1398 :
3307 1345 3449 1415 quod
3473 1347 3629 1400 etiam

2062 1442 2156 1495 per
2175 1443 2233 1484 se
2255 1429 2607 1485 indubitatum
2632 1441 2746 1486 erat
2768 1434 3149 1488 testimonium.
3178 1434 3242 1488 Et
3263 1449 3378 1496 cur,
3403 1434 3635 1505 inquies,

2061 1535 2164 1574 non
2195 1521 2296 1576 hoc
2324 1521 2520 1577 factum
2553 1533 2634 1579 est
2663 1525 2879 1579 solum?
2915 1526 2990 1580 Ex
3021 1524 3310 1580 abundanti
3345 1527 3395 1581 lit
3435 1543 3463 1580 a
3494 1529 3601 1581 Deo
3623 1571 3636 1589 ,

2062 1619 2117 1664 ut
2144 1611 2543 1668 demonstretur
2567 1615 2887 1685 principium
2911 1631 3016 1670 non
3044 1617 3110 1672 ab
3135 1618 3380 1687 apostolo
3407 1632 3549 1672 esse.
3579 1619 3634 1674 Si

2059 1712 2235 1758 autem
2263 1720 2356 1760 sua
2381 1716 2570 1776 sponte
2596 1707 2686 1762 illo
2715 1708 2981 1778 profectus
3008 1718 3185 1777 esset,
3210 1718 3263 1765 et
3288 1711 3418 1764 nihil
3447 1711 3634 1765 borum

2059 1796 2256 1851 factum
2303 1797 2518 1865 fuisset,
2568 1800 2852 1856 admodum
2895 1802 3083 1857 offensi
3122 1803 3367 1858 fuissent.
3413 1805 3452 1857 A
3490 1805 3636 1873 prin-

2059 1888 2197 1958 cipio
2223 1891 2320 1944 sibi
2348 1902 2578 1946 mentem
2608 1893 2816 1948 illorum
2853 1895 3128 1959 conciliat,
3161 1893 3286 1948 dum
3316 1894 3444 1949 dicit
3481 1895 3584 1948 illis
3621 1913 3632 1947 :

2061 1979 2160 2044 Qui
2197 1979 2447 2050 Spiritum
2477 1994 2704 2036 sanctum
2753 1995 3071 2054 acceperunt,
3096 1987 3222 2039 sicut
3248 1996 3292 2039 et
3319 2003 3427 2038 nos.
3457 1987 3521 2038 Et
3543 1986 3638 2039 ite-

2059 2087 2174 2124 rum
2207 2089 2220 2124 :
2252 2073 2334 2127 15.
2366 2072 2489 2128 Cum
2521 2085 2686 2128 autem
2713 2078 2968 2144 ctepisscm
2995 2077 3152 2146 loqui,
3187 2077 3370 2131 cecidit
3414 2077 3638 2146 Spiritus

2057 2171 2256 2217 sanctus
2286 2180 2436 2232 super
2463 2166 2598 2228 illos,
2628 2169 2754 2220 sicut
2779 2176 2822 2219 et
2850 2169 2902 2221 in
2933 2185 3023 2222 nos
3053 2169 3102 2220 in
3133 2169 3300 2222 initio.
3330 2168 3512 2237 Neque
3539 2167 3638 2221 hoc

2057 2263 2370 2319 contentus,
2402 2257 2619 2309 verbum
2647 2257 2855 2311 Domini
2883 2268 3288 2312 commemorat.
3319 2258 3406 2313 16.
3439 2257 3631 2311 Recor-

2058 2343 2206 2397 datus
2226 2355 2390 2399 autem
2426 2364 2535 2400 sum
2562 2349 2694 2402 verbi
2723 2349 2926 2403 Domini
2953 2350 3079 2403 sicut
3118 2350 3313 2403 dicebat
3342 2366 3360 2402 :
3403 2348 3630 2404 Joannes

2056 2435 2255 2502 quidem
2276 2437 2540 2505 baptizavit
2561 2455 2713 2507 aqua,
2742 2455 2826 2492 vos
2852 2448 3016 2493 autem
3043 2439 3418 2508 baptizabimini
3439 2440 3490 2492 in
3515 2439 3638 2507 Spi-

2057 2530 2157 2579 ritu
2177 2537 2348 2580 saucto
2379 2529 2398 2598 (
2423 2527 2607 2582 Matth.
2636 2530 2688 2584 5.
2721 2530 2780 2583 ll
2811 2531 2852 2600 ).
2896 2530 3078 2599 Itaque
3111 2530 3241 2583 nihil
3268 2531 3388 2582 novi
3418 2531 3633 2594 accidit,
3661 2555 3666 2561 -

2057 2617 2150 2672 sed
2187 2617 2235 2672 id
2264 2619 2403 2688 quod
2434 2620 2774 2689 prtedixerat.
2807 2624 2877 2676 At
2908 2638 3013 2676 non
3045 2623 3360 2691 oportebat,
3395 2621 3601 2692 inquies
3621 2665 3634 2684 ,

2057 2709 2310 2778 baptizari
2341 2728 2354 2764 :
2386 2711 2643 2781 baptisma
2671 2714 2813 2767 enim
2860 2714 3154 2782 perfectum
3186 2723 3300 2768 erat
3320 2756 3334 2779 ,
3368 2730 3488 2768 cum
3519 2713 3638 2783 Spi-

2056 2800 2190 2856 ritus
2219 2812 2433 2856 sanctus
2462 2805 2511 2856 in
2541 2803 2657 2858 illos
2683 2803 2981 2859 descendit.
3023 2805 3147 2859 Ideo
3187 2822 3290 2859 non
3325 2805 3474 2871 dicit,
3497 2805 3650 2860 Jussi

2056 2889 2174 2944 illos
2202 2891 2345 2960 prius
2373 2891 2662 2960 baptizari;
2693 2894 2786 2947 sed
2814 2893 2979 2963 quid?
3017 2894 3280 2964 Numquid
3307 2911 3492 2964 aquam
3521 2912 3639 2962 pro-

2056 2982 2223 3035 hibere
2245 2982 2357 3052 quis
2386 2991 2564 3052 potest,
2597 2993 2651 3036 ut
2681 2998 2780 3036 non
2821 2984 3135 3052 baptizentur
3175 2984 3269 3037 lii?
3298 2986 3419 3038 hinc
3451 2995 3636 3039 osten-

2055 3073 2221 3139 dens,
2274 3088 2333 3128 se
2360 3089 2456 3128 suo
2493 3084 2639 3128 motu
2679 3075 2808 3128 nihil
2856 3074 3066 3130 fecisse.
3112 3075 3262 3143 Quod
3325 3076 3483 3145 igitur
3537 3091 3631 3130 nos

2056 3163 2405 3230 habebamus,
2438 3166 2509 3219 illi
2533 3176 2876 3236 acceperunt.
2915 3168 3002 3220 17.
3037 3166 3098 3221 Si
3122 3183 3239 3236 ergo
3265 3167 3491 3232 eamdem
3521 3185 3638 3237 gra-

2056 3257 2176 3310 tiam
2203 3258 2338 3311 dedit
2366 3257 2523 3324 Deus,
2559 3261 2745 3330 inquit,
2787 3261 2914 3313 sicut
2943 3271 2987 3314 et
3016 3261 3176 3327 nobis,
3210 3262 3296 3329 qui
3324 3262 3633 3314 credidimus

2054 3349 2107 3402 in
2133 3348 2405 3403 Dominum
2430 3349 2602 3403 Jesum
2633 3366 2651 3403 :
2678 3367 2766 3421 ego
2794 3352 2906 3421 quis
2934 3368 3091 3418 erant,
3123 3352 3209 3420 qui
3239 3368 3433 3421 possem
3461 3353 3638 3422 pro/ii-

2055 3439 2167 3492 bere
2195 3439 2395 3493 Deum?
2426 3440 2488 3495 Ut
2519 3456 2583 3495 ex
2610 3441 2898 3496 abundanti
2931 3442 3140 3495 illorum
3173 3456 3265 3496 ora
3296 3441 3599 3497 obstruerct
3620 3484 3636 3508 ,

2055 3529 2176 3585 ideo
2202 3530 2422 3584 addidit.
2456 3529 2705 3586 Eamdem
2729 3535 2966 3604 gratiam.
2999 3531 3209 3597 Viden‘,
3235 3534 3503 3603 quomodo
3531 3549 3635 3588 non

2056 3624 2295 3689 permisit
2324 3623 2444 3678 illos
2467 3624 2643 3679 minus
2672 3624 2899 3690 habere,
2935 3624 3026 3696 qui
3055 3625 3221 3680 semel
3253 3625 3636 3681 credidissent?

2055 3714 2242 3769 Parem
2272 3717 2495 3785 gratiam
2525 3717 2670 3772 dedit
2713 3719 2816 3772 illis
2849 3719 2987 3773 Deus
3013 3759 3026 3784 ,
3073 3720 3286 3790 qualem
3318 3719 3506 3782 nobis,
3544 3721 3632 3788 qui

2055 3807 2374 3861 credidimus
2405 3808 2455 3861 in
2491 3809 2769 3862 Dominum
2819 3827 2830 3862 :
2876 3810 3052 3879 itaque
3099 3810 3212 3879 ipse
3258 3820 3444 3880 purgat
3495 3810 3634 3864 illos.

2053 3897 2235 3967 Neque
2275 3897 2438 3961 dicit,
2491 3897 2692 3962 Vobis,
2744 3900 2874 3965 sed,
2909 3899 3114 3962 Nobis;
3161 3901 3281 3954 hinc
3312 3903 3474 3955 etiam
3518 3917 3635 3955 scr.

2054 4001 2266 4043 monem
2298 3989 2562 4057 mitigans.
2613 3988 2748 4055 Quid
2788 4004 2914 4058 ergo
2956 3989 3339 4059 indignaniini,
3373 4006 3492 4044 cum
3534 4007 3632 4044 nos

2054 4079 2196 4148 ipsos
2227 4079 2506 4148 participes
2526 4078 2800 4132 dicamus?
2824 4079 2910 4132 18.
2944 4078 3042 4132 llis
3064 4078 3274 4145 auditis,
3307 4081 3622 4148 quieverunt,

2053 4179 2099 4223 et
2129 4170 2535 4239 gloriﬁcaverunt
2578 4169 2781 4234 Deum,
2828 4171 3047 4224 dicentes
3089 4187 3106 4223 :
3140 4169 3301 4240 Igitur
3334 4181 3377 4224 ct
3407 4172 3635 4240 gentibus

2055 4262 2394 4331 paenitentiam
2421 4262 2555 4314 dedit
2589 4261 2720 4316 Deus
2745 4263 2813 4316 ad
2839 4263 3008 4316 vitam.
3055 4262 3235 4316 Vitlcn‘
3265 4263 3534 4334 quomodo
3563 4279 3629 4318 ex

2053 4353 2310 4407 concione
2340 4353 2482 4408 Petri
2512 4361 2678 4408 totum
2721 4353 2918 4409 factum
2951 4355 3054 4420 sit,
3088 4354 3174 4424 qui
3207 4369 3267 4408 ca
3288 4397 3303 4421 ,
3351 4371 3468 4424 qna:
3501 4353 3634 4409 facta

2055 4441 2281 4508 fuerant,
2312 4453 2457 4499 recte
2479 4446 2818 4499 narraverit?
2846 4446 2967 4500 ldco
2989 4445 3418 4514 glorificaverunt
3445 4447 3633 4506 Deum.

2053 4532 2194 4602 quod
2224 4535 2382 4588 etiam
2415 4534 2520 4589 illis
2552 4537 2915 4604 paenitentiam
2957 4536 3165 4592 dederit
3200 4555 3212 4590 :
3256 4541 3327 4592 ita
3371 4538 3633 4593 humiliati

2051 4633 2174 4678 sunt
2194 4625 2260 4680 ab
2283 4625 2364 4680 his
2385 4627 2740 4682 sermonibus.
2773 4627 2906 4683 lliuc
2933 4639 3114 4698 aperta
3139 4629 3354 4683 demum
3384 4630 3634 4698 gentibus

2048 4717 2208 4787 janua
2237 4717 2351 4772 fuit.
2386 4719 2513 4786 Sed,
2547 4721 2590 4774 si
2623 4721 2817 4789 placet,
2847 4721 3124 4789 superiora
3157 4733 3484 4790 repetamus.
3520 4721 3633 4775 Non
3701 4705 3704 4708 1

2051 4810 2204 4876 dixit,
2236 4809 2574 4879 Disceptabat
2602 4812 2789 4866 Petrus
2812 4853 2827 4874 ,
2858 4814 2952 4867 sed
2973 4853 2988 4878 ,
3024 4812 3121 4878 Qui
3149 4824 3290 4866 erant
3321 4830 3382 4866 ex
3408 4813 3626 4866 circum-

2052 4901 2276 4954 cisione:
2303 4902 2550 4970 quoniam
2580 4903 2692 4971 ipse
2717 4902 2947 4967 sciebat,
2971 4903 3112 4972 quod
3139 4905 3438 4969 parabatur.
3466 4905 3629 4974 Atqui

2053 4989 2183 5044 illud
2211 4993 2490 5060 oportebat
2521 4991 2735 5059 mirari,
2775 4992 3042 5062 quomodo
3069 5002 3120 5046 et
3149 4991 3223 5046 illi
3253 4991 3629 5048 credidissent.

2051 5083 2277 5147 Quando
2308 5082 2466 5151 igitur
2507 5083 2817 5147 audierunt,
2873 5082 3015 5153 quod
3061 5081 3450 5146 credidissent,
3501 5085 3636 5140 nihil

2053 5174 2192 5241 passi
2239 5181 2394 5238 sunt;
2439 5173 2532 5227 sed
2579 5189 2698 5228 cum
2748 5174 2886 5228 Deus
2930 5174 3150 5244 largitus
3194 5182 3280 5230 est
3328 5174 3589 5245 Spiritum
3616 5218 3631 5242 ,

2050 5264 2264 5334 quando
2293 5264 2482 5320 Petrus
2525 5265 2825 5334 exponebat
2859 5265 3116 5321 visionem
3166 5282 3318 5323 snam
3340 5310 3354 5334 ,
3396 5269 3580 5323 dicens
3616 5285 3628 5319 :

2051 5356 2193 5411 Deus
2214 5357 2446 5411 ostendit
2469 5358 2618 5424 mihi,
2653 5373 2719 5412 ne
2742 5374 2896 5428 quem
2926 5358 3196 5415 hominem
3222 5360 3455 5416 dicerem
3482 5374 3628 5413 eom-

2050 5465 2262 5504 munem
2294 5450 2376 5504 vel
2406 5451 2758 5506 immundum.
2805 5452 2893 5510 Sic
2923 5453 3012 5509 ille
3039 5453 3145 5523 iam
3175 5465 3330 5510 antea
3363 5453 3462 5506 hoc
3492 5450 3631 5502 scie-

2051 5542 2158 5596 bat.
2221 5541 2423 5597 ldcirco
2475 5559 2570 5614 pro
2613 5544 2861 5615 gentibus
2918 5560 3223 5602 sermonem
3277 5538 3625 5614 praeparavit.

2051 5635 2338 5691 ostendens
2381 5637 2499 5693 illas
2542 5639 2859 5696 adveniente
2909 5639 3012 5694 ﬁde
3041 5656 3146 5695 non
3191 5636 3417 5706 amplius
3445 5639 3628 5702 gentes

2053 5727 2276 5786 futuras.
2303 5728 2444 5786 Nihil
2467 5731 2657 5787 mirum
2687 5747 2834 5801 ergo,
2861 5732 2906 5788 si
2935 5738 3058 5786 ante
3087 5730 3346 5803 baptisma
3373 5722 3627 5796 Spiritum
