4036 6212
296 313 395 365 187

293 417 640 485 acceperint:
685 423 868 466 nostro
892 423 1105 480 quoque
1130 416 1373 476 tempore
1404 404 1506 458 ltoc
1539 402 1733 456 factum
1762 408 1864 451 est.

292 508 389 562 llic
417 505 647 561 ostendit
678 504 889 567 Petrus,
917 500 1057 570 quod
1087 500 1162 551 illi
1196 512 1299 550 non
1332 496 1470 549 sicut
1498 492 1587 547 alii
1623 488 1871 559 baptizati

291 602 432 663 sint,
479 595 573 650 sed
617 591 783 647 multo
822 590 1033 644 melius.
1076 588 1202 643 Ideo
1232 587 1308 641 sic
1338 602 1403 640 ex
1436 580 1726 638 abundanti
1760 592 1871 631 rem

292 686 546 753 disponit,
578 699 644 736 ne
669 680 794 751 quid
816 680 996 734 dicere
1027 678 1253 747 pessint,
1286 675 1379 730 sed
1409 683 1465 728 ut
1493 673 1571 727 sic
1598 671 1697 725 sibi
1723 684 1874 738 pares

294 777 523 831 habeant
555 774 693 827 illus.
737 770 803 824 Et
833 778 1132 841 rogaverunt
1172 768 1318 821 illum
1344 808 1357 832 ,
1411 765 1611 833 inquit,
1668 769 1722 814 ut
1771 776 1877 811 ma-

296 876 450 919 neret.
500 863 681 919 Viden‘
729 860 995 932 quomodo
1023 876 1129 914 non
1175 856 1505 911 familiariter
1558 868 1684 921 erga
1731 851 1876 905 illum

295 957 472 1011 affecti
503 955 725 1009 essent?
753 953 926 1007 videu’
957 961 1211 1021 quantum
1239 949 1411 1002 zelum
1438 961 1534 1015 pro
1572 946 1686 1014 lege
1714 942 1878 995 habe-

293 1048 455 1103 rent?
484 1046 598 1101 Non
628 1045 938 1114 dignitatem
972 1044 1114 1097 Petri
1143 1041 1357 1096 reveriti
1391 1046 1555 1104 sunt,
1602 1051 1707 1090 non
1737 1034 1877 1089 edita

298 1142 448 1209 signa
470 1180 484 1202 ,
517 1153 621 1191 non
651 1146 853 1190 tantum
884 1135 1012 1190 illud
1034 1148 1186 1202 opus,
1218 1130 1360 1201 quod
1410 1136 1714 1198 susceptum
1738 1134 1882 1180 esset

298 1233 553 1295 verbum;
601 1229 694 1285 sed
744 1229 813 1283 ob
859 1241 1015 1296 parva
1063 1226 1150 1280 illa
1198 1222 1568 1293 disceptabant
1633 1218 1689 1274 Si
1738 1220 1879 1273 enim

299 1325 431 1379 nihil
466 1324 653 1378 horum
685 1322 869 1375 luisset
894 1361 909 1386 ,
956 1334 1061 1374 non
1106 1327 1188 1373 sat
1229 1317 1414 1371 fuisset
1452 1314 1771 1384 priestitum.
1815 1314 1883 1364 At

298 1432 405 1471 non
438 1415 508 1469 ita
538 1430 595 1469 se
626 1421 815 1483 purgat
841 1412 1028 1466 Petrus
1062 1427 1073 1461 :
1103 1407 1338 1478 prudens
1364 1407 1563 1477 quippe
1592 1412 1742 1468 erat;
1774 1402 1881 1455 imo

300 1522 406 1560 non
438 1521 504 1560 ex
536 1504 811 1573 prudentia
858 1502 1025 1572 ipsius
1046 1543 1060 1566 ,
1104 1500 1197 1555 sed
1229 1516 1292 1554 ex
1322 1498 1523 1567 Spiritu
1553 1495 1713 1551 verba
1748 1510 1871 1564 pro-

311 1594 702 1649 ficiscebantur.
748 1593 813 1647 Et
841 1593 892 1647 in
924 1591 1236 1646 defensione
1265 1604 1358 1643 sua
1388 1602 1446 1643 se
1476 1603 1582 1643 non
1611 1593 1882 1640 auctorem

302 1684 568 1750 ostendit,
601 1684 694 1739 sed
723 1684 917 1754 ubique
944 1684 1130 1737 Deum.
1181 1680 1248 1735 Et
1280 1688 1485 1734 tantum
1527 1693 1631 1731 non
1664 1677 1782 1731 illos
1808 1676 1885 1730 sic

300 1776 527 1831 affatur:
558 1775 674 1843 ipse
703 1774 848 1838 fecit,
883 1783 937 1826 ut
967 1773 1018 1826 in
1049 1786 1273 1826 excessu
1304 1768 1498 1823 mentis
1527 1782 1703 1822 essem
1738 1785 1751 1819 :
1786 1779 1886 1834 ego

303 1867 445 1920 enim
477 1864 792 1934 simpliciter
821 1863 1039 1918 orabam
1075 1879 1087 1914 :
1123 1862 1212 1914 ille
1232 1850 1337 1914 'vas
1367 1857 1494 1912 illud
1522 1855 1838 1911 monstravit
1870 1871 1882 1906 :

306 1974 404 2027 ego
434 1955 863 2011 contradieebam
896 1974 907 2007 :
937 1969 1150 2008 rursum
1174 1953 1260 2008 ille
1287 1951 1456 2017 dixit,
1490 1964 1663 2019 neque
1689 1948 1765 2003 sic
1787 1962 1886 2016 ego

303 2047 481 2100 audivi
517 2064 529 2098 :
561 2046 787 2115 Spiritus
801 2046 955 2116 jussit
981 2044 1119 2097 abire
1148 2059 1165 2096 :
1196 2053 1250 2097 et
1280 2042 1465 2097 abiens
1492 2056 1596 2095 nou
1628 2053 1886 2093 accurre-

302 2140 423 2194 bam
455 2158 466 2192 :
502 2138 608 2193 dixi
637 2137 781 2209 quod
811 2139 951 2192 Deus
994 2137 1238 2199 miserit;
1290 2145 1343 2191 et
1374 2143 1557 2204 postea
1600 2147 1771 2203 neque
1812 2131 1889 2186 sic

304 2231 598 2301 baptizavi,
630 2231 723 2285 sed
754 2246 963 2285 rursum
996 2230 1135 2283 Deus
1159 2238 1327 2282 totum
1352 2227 1548 2281 effecit.
1582 2226 1721 2296 Ergo
1750 2225 1889 2278 Deus

306 2322 426 2376 illos
454 2322 762 2391 baptizavit,
796 2337 900 2376 non
927 2336 1045 2391 ego.
1075 2320 1183 2376 Nec
1210 2320 1376 2387 dixit,
1412 2319 1541 2373 Post
1567 2318 1682 2371 hazc
1708 2315 1885 2372 omnia

308 2426 485 2467 annon
516 2412 797 2481 oportebat
832 2412 1045 2467 demum
1091 2426 1281 2481 aquam
1313 2409 1558 2464 addere?
1598 2407 1695 2464 sed
1737 2407 1888 2477 quasi

308 2501 440 2557 nihil
470 2502 743 2567 deficeret,
777 2501 888 2572 Ego
917 2503 1026 2571 quis
1049 2517 1209 2566 eram,
1240 2501 1441 2570 inquit,
1470 2500 1555 2569 qui
1576 2498 1890 2569 prohiberent

308 2593 515 2646 Deum?
554 2593 740 2661 Papte,
789 2594 961 2661 qualis
987 2592 1264 2648 defensio!
1316 2591 1499 2661 Neque
1530 2591 1672 2646 enim
1705 2591 1842 2645 dixit
1875 2608 1885 2642 :

310 2686 434 2740 llaec
462 2700 589 2755 ergo
619 2700 743 2739 cum
769 2685 950 2739 sciatis
971 2726 986 2752 ,
1018 2685 1316 2755 quiescite;
1350 2684 1444 2740 sed
1471 2683 1643 2755 quid?
1678 2684 1893 2752 Excipit

307 2778 519 2832 illorum
570 2779 846 2848 impetum,
899 2789 953 2833 et
994 2779 1097 2832 illis
1127 2778 1497 2833 accusantibus
1554 2792 1613 2832 se
1656 2786 1885 2847 purgat:

312 2868 438 2935 Quis
465 2888 603 2924 erant
641 2872 726 2940 qui
754 2887 949 2936 possem
978 2871 1240 2940 prohibere
1277 2869 1443 2924 Deum
1472 2872 1495 2925 ?
1525 2869 1678 2925 dixit.
1712 2870 1891 2925 Vehe-

310 2970 515 3017 menter
542 2972 595 3016 et
624 2964 857 3032 graviter
883 2977 941 3017 se
971 2961 1211 3017 defendit
1241 2978 1252 3014 :
1286 2960 1401 3015 Non
1432 2970 1673 3030 poteram
1707 2961 1891 3031 prohi-

309 3052 454 3107 bere.
489 3051 640 3109 Unde
669 3052 880 3109 tandem
911 3052 1151 3109 deterriti
1178 3053 1529 3122 quieverunt,
1555 3060 1609 3107 et
1632 3051 1897 3122 glorifica-

312 3153 503 3199 verunt
535 3145 724 3200 Deum.

381 3237 437 3289 5.
467 3236 554 3290 Sic
578 3245 633 3290 et
661 3251 757 3291 nos
781 3243 993 3305 oportet
1016 3236 1065 3289 in
1098 3235 1461 3304 proximorum
1497 3234 1652 3288 bouis
1681 3232 1884 3302 gloriﬁ-

313 3344 436 3382 care
469 3328 655 3392 Deum,
689 3343 792 3381 non
828 3336 1007 3381 autem
1039 3327 1296 3381 insultare
1325 3326 1451 3393 illis,
1484 3326 1623 3379 sicut
1653 3325 1801 3379 multi
1829 3340 1895 3378 ex

312 3436 500 3475 recens
530 3420 848 3474 illuminatis
887 3421 1178 3484 insultant,
1211 3418 1424 3487 quando
1456 3418 1639 3472 vident
1674 3418 1809 3472 alios
1835 3416 1895 3470 il-

316 3513 600 3577 luminari,
634 3520 687 3566 et
732 3512 911 3565 statim
957 3510 1276 3581 demigrare.
1323 3508 1637 3565 Glorificare
1685 3516 1897 3577 Oportet

319 3603 483 3656 Demn
513 3601 594 3655 vel
621 3601 761 3671 quod
792 3615 1012 3655 manere
1053 3615 1159 3653 non
1187 3598 1466 3653 concedat.
1510 3598 1695 3667 Itaque
1734 3607 1821 3662 tu,
1850 3597 1898 3651 si

302 3692 456 3761 .velis
479 3733 493 3754 ,
527 3693 697 3761 majus
721 3690 976 3760 accepisti
1005 3688 1235 3752 denum;
1260 3702 1364 3742 non
1395 3686 1537 3758 quod
1568 3687 1897 3740 illuminatus

317 3784 391 3837 sis
411 3785 429 3851 (
454 3785 552 3837 hoc
576 3782 719 3838 enim
746 3783 858 3852 ipse
884 3791 1053 3837 tecum
1075 3796 1362 3837 commune
1388 3779 1607 3851 habet);
1638 3780 1732 3835 sed
1755 3779 1895 3849 quod

318 3873 384 3928 ad
431 3874 685 3943 praeclare
720 3874 981 3944 agendum
1025 3883 1236 3943 tempus
1259 3872 1551 3943 acceperis.
1588 3872 1679 3926 llle
1705 3870 1895 3925 stolam

321 3964 511 4028 induit,
545 3979 641 4019 nec
680 3964 997 4035 permissum
1024 3964 1071 4019 ei
1100 3963 1198 4017 fuit
1218 4004 1232 4028 ,
1262 3974 1317 4016 ut
1348 3963 1435 4016 illa
1463 3977 1521 4017 se
1548 3961 1897 4031 spectabilem

317 4057 572 4113 redderet
604 4076 617 4110 :
645 4057 736 4110 tibi
777 4057 997 4111 multam
1028 4055 1175 4111 dedit
1208 4055 1347 4109 Deus
1374 4055 1682 4108 facultatem
1716 4052 1896 4105 utendi

320 4150 486 4203 armis
516 4157 573 4201 ut
600 4156 843 4217 oportet,
868 4157 921 4202 et
953 4147 1075 4200 hinc
1117 4146 1204 4200 illa
1237 4144 1490 4211 experiri.
1536 4144 1629 4197 llle
1668 4152 1857 4212 migrat
1880 4183 1895 4209 ,

322 4240 441 4294 fidei
473 4248 675 4293 tantum
700 4238 1001 4293 mercedem
1031 4236 1236 4290 habens
1267 4253 1279 4287 :
1313 4244 1365 4289 tu
1392 4245 1503 4289 stas
1530 4235 1580 4287 in
1608 4234 1802 4299 stadio,
1845 4242 1899 4288 et

321 4330 513 4383 multas
543 4345 764 4398 operum
795 4327 1072 4381 mercedes
1095 4328 1338 4394 accipere
1366 4334 1539 4393 potes,
1567 4334 1725 4393 atque
1750 4331 1897 4377 tanto

327 4419 418 4471 illo
449 4418 777 4486 splendidior
803 4430 1062 4485 apparere
1083 4456 1096 4480 ,
1121 4423 1320 4484 quanto
1350 4415 1429 4469 sol
1457 4414 1677 4467 minima
1704 4413 1858 4467 stella
1881 4454 1895 4479 ,

320 4518 520 4578 quanto
546 4506 652 4561 dux
684 4506 871 4560 ultimo
898 4505 1084 4571 milite,
1126 4504 1232 4558 imo
1258 4513 1458 4573 quanto
1487 4519 1601 4559 rex.
1634 4504 1794 4574 Igitur
1823 4514 1903 4558 te-

322 4599 493 4666 ipsum
543 4597 866 4661 criminare;
917 4597 1024 4648 imo
1072 4610 1138 4649 ne
1187 4595 1522 4661 crimineris,
1567 4594 1662 4649 sed
1692 4594 1900 4664 corrige

319 4704 533 4758 semper
560 4708 571 4743 :
602 4703 706 4743 non
733 4690 875 4742 enim
905 4687 1102 4741 sufﬁcit
1124 4686 1428 4751 criminari,
1457 4686 1579 4740 licet
1598 4685 1894 4740 decertare.

321 4784 567 4852 Dejectus
596 4782 693 4837 es?
720 4782 897 4851 gravia
928 4796 1115 4851 passus
1143 4780 1239 4835 es?
1262 4779 1523 4848 Resurge,
1552 4779 1781 4848 teipsum
1807 4794 1897 4833 re-

322 4890 441 4929 crea
472 4892 483 4929 :
514 4884 623 4929 stas
652 4873 828 4926 adhuc
876 4873 927 4925 in
977 4871 1149 4925 stadio
1169 4911 1183 4932 ,
1228 4870 1401 4923 adhuc
1433 4870 1696 4923 theatrum
1726 4868 1895 4923 adest.

323 4965 435 5020 Non
466 4967 633 5032 vides,
665 4976 791 5036 quot
822 4965 874 5019 in
905 4980 1075 5035 pugna
1106 4963 1393 5034 prostrati,
1425 4978 1634 5017 rursum
1658 4961 1900 5018 decerta-

322 5060 478 5112 ruut?
518 5061 743 5113 Tantum
792 5076 859 5116 ne
904 5072 1094 5131 sponte
1140 5060 1478 5113 suecumbas.
1522 5059 1741 5112 Beatum
1770 5058 1900 5114 dicis

320 5164 440 5202 cum
494 5152 579 5218 qui
634 5152 915 5206 defunctus
968 5152 1093 5207 est?
1154 5152 1407 5221 Teipsum
1466 5152 1633 5222 magis
1687 5152 1897 5207 beatum

322 5238 506 5292 dicito.
540 5238 754 5294 Solutus
776 5252 859 5296 est
884 5257 912 5295 a
945 5242 1173 5311 peccatis
1214 5242 1337 5296 ille?
1365 5240 1469 5296 Sed
1490 5284 1504 5308 ,
1534 5242 1577 5295 si
1610 5242 1761 5308 velis,
1794 5260 1897 5296 non

326 5329 486 5384 modo
515 5339 729 5399 peccata
773 5332 996 5397 ablnes,
1055 5334 1161 5387 imo
1218 5336 1379 5388 etiam
1437 5332 1591 5389 bonis
1648 5333 1899 5403 operibus

326 5423 612 5477 instructus
641 5423 770 5488 eris,
807 5424 949 5493 quod
992 5424 1078 5479 ille
1105 5441 1207 5481 non
1239 5437 1432 5496 potest.
1483 5428 1775 5484 Ρδςδυηιυε
1801 5443 1900 5483 nos

323 5516 467 5583 ipsos
496 5529 767 5569 revocare.

399 5605 712 5659 Pa'nitentite
754 5606 1029 5676 pltarmaca
1076 5624 1260 5678 magna
1305 5618 1440 5663 sunt.
1468 5640 1539 5651 ——
1561 5609 1744 5679 Magna
1775 5619 1899 5663 sunt

323 5696 653 5764 poenitentiae
704 5697 986 5767 pharmace
1021 5716 1034 5753 :
1066 5713 1224 5754 nemo
1262 5699 1327 5755 dc
1369 5714 1426 5755 se
1471 5700 1737 5771 deSperet.
1801 5700 1893 5755 Ille

1035 297 1088 351 S.
1131 292 1406 348 JOANNIS
1444 286 1911 347 CHRYSOSTOMI
1953 282 2268 337 ARCIliEP.
2313 277 2844 334 CONSTANTINOP.
3468 281 3564 329 138

1986 410 2107 448 vere
2140 392 2515 462 deSperatione
2544 393 2734 463 dignus
2757 432 2771 458 ,
2805 392 2892 462 qui
2924 390 3174 459 deSperat
3198 430 3212 443 .
3243 390 3329 443 ille
3358 406 3461 443 non
3485 392 3563 443 ul-

1984 496 2062 539 tra
2085 498 2234 553 spem
2276 484 2463 537 salutis
2493 483 2651 537 habet
2679 484 2717 535 ι.
2767 482 2882 535 Non
2914 491 3019 535 tam
3047 497 3210 551 grave
3241 492 3321 535 est
3352 482 3402 534 in
3437 496 3561 549 pro-

1983 576 2205 631 fundum
2250 576 2512 630 malorum
2541 578 2725 630 venire
2748 617 2763 643 ,
2794 591 2951 644 quam
2980 584 3162 645 postea
3196 574 3305 629 illic
3338 576 3520 642 jacere
3549 593 3561 626 :

1985 682 2089 724 non
2119 668 2335 737 impium
2365 678 2447 723 est
2474 669 2525 721 in
2559 667 2879 737 profundum
2912 668 3170 721 malormn
3200 667 3561 734 descendere,

1985 758 2075 813 sed
2106 760 2174 813 ibi
2208 760 2439 828 positum
2461 769 2829 814 contemnere.
2852 759 3011 825 Num,
3036 760 3251 829 quaeso,
3289 760 3375 813 ubi
3399 761 3568 831 magis

1984 850 2269 903 sollicitum
2323 865 2444 905 esse
2472 859 2765 919 oporteret,
2815 851 2886 905 ibi
2930 850 3276 905 contemnis?
3306 850 3411 905 Tot
3436 866 3568 905 con-

1987 943 2162 998 fossus
2187 944 2495 998 vulneribus
2520 984 2535 1010 ,
2566 944 2843 999 Cecidisti?
2888 944 3102 999 Nullum
3148 944 3345 999 animae
3375 946 3569 999 vulnus

1988 1036 2283 1091 insanabile
2314 1046 2397 1091 est
2428 1054 2441 1090 :
2472 1035 2565 1090 sed
2618 1037 2671 1091 in
2710 1051 2936 1106 corpore
2976 1037 3141 1090 multa
3170 1047 3297 1091 sunt
3322 1036 3446 1091 talia
3467 1079 3483 1105 ,
3516 1038 3569 1090 in

1987 1129 2161 1182 anima
2192 1129 2418 1184 nullum.
2448 1129 2540 1184 Illa
2569 1138 2743 1183 tamen
2792 1128 3074 1199 diligenter
3099 1144 3291 1185 curare
3322 1144 3427 1184 non
3454 1130 3557 1186 de-

1987 1222 2257 1287 sistimus;
2288 1222 2402 1277 htec
2430 1237 2560 1277 vero
2590 1222 2926 1292 negligimus.
2968 1222 3083 1276 Non
3111 1222 3259 1277 vides
3290 1224 3552 1277 latronem

1990 1314 2158 1377 illum,
2186 1330 2343 1383 quam
2370 1314 2514 1369 brevi
2540 1324 2778 1382 tempore
2803 1315 3058 1384 prteclara
3088 1313 3317 1369 fecerit?
3346 1330 3453 1368 non
3480 1316 3562 1370 vi-

1978 1405 2084 1459 ‘dcs
2132 1414 2424 1475 martyres,
2455 1406 2725 1475 quomodo
2779 1406 2927 1461 brevi
2972 1415 3212 1476 tempore
3253 1416 3419 1461 totum
3449 1423 3572 1477 per-

1991 1497 2275 1551 fecerunt?
2306 1497 2374 1550 At
2404 1513 2508 1550 non
2536 1495 2645 1565 jam
2674 1506 2757 1551 est
2784 1497 3024 1566 martyrii
3055 1497 3301 1566 tempus?
3327 1496 3433 1553 Sed
3455 1513 3573 1552 cer-

1991 1587 2253 1641 taminum
2281 1596 2489 1657 tempus
2516 1595 2598 1641 est
2623 1629 2637 1652 ,
2676 1586 2720 1641 si
2751 1587 2975 1641 velimus
3001 1629 3016 1652 ,
3045 1596 3102 1641 ut
3126 1602 3271 1657 smpe
3296 1587 3434 1642 dixi.
3470 1588 3573 1655 Qui

1990 1681 2131 1734 enim
2160 1681 2364 1745 volunt,
2399 1680 2599 1749 inquit,
2630 1682 2681 1733 in
2709 1680 2912 1735 Christo
2940 1679 3064 1734 Jesu
3092 1681 3173 1749 pie
3192 1681 3373 1747 vivere,
3405 1698 3573 1752 persc-

1990 1774 2279 1840 quutioncm
2323 1772 2578 1841 patientur
2605 1771 2679 1842 (Ξ.
2714 1771 2845 1825 Tim.
2874 1773 2927 1825 ’5.
2960 1770 3070 1842 12).
3097 1771 3198 1836 Qui
3231 1773 3317 1841 pie
3355 1772 3572 1838 vivunt,

1998 1878 2213 1932 semper
2244 1863 2711 1932 persequutiouem
2752 1863 3056 1933 patiuntur:
3103 1863 3148 1917 si
3179 1879 3284 1917 non
3311 1864 3376 1918 ab
3403 1864 3576 1917 homio

1993 1956 2170 2019 nibus,
2197 1964 2343 2010 certe
2368 1970 2396 2008 a
2422 1955 2775 2021 daemonibus,
2806 1970 2923 2024 qute
2951 1968 3080 2009 sane
3106 1956 3321 2025 gravior
3349 1965 3431 2011 est
3457 1972 3575 2025 per-

1993 2046 2256 2115 sequutio.
2288 2048 2352 2101 Et
2391 2048 2565 2117 primo
2588 2063 2650 2100 ex
2681 2046 2883 2101 incuria
2920 2047 3057 2101 hanc
3087 2049 3351 2103 sustinent
3382 2050 3412 2101 ii
3438 2089 3455 2115 ,
3485 2050 3574 2118 qui

1993 2153 2099 2192 non
2128 2138 2367 2207 vigilant.
2401 2139 2481 2192 An
2511 2153 2726 2208 parvam
2759 2146 2910 2207 putas
2942 2141 3417 2209 persequutionem
3446 2156 3568 2194 cmn

1994 2229 2438 2289 incuriavivere?
2464 2228 2573 2283 lloc
2616 2230 2855 2283 omnium
2899 2238 2983 2284 est
3026 2231 3431 2299 gravissimum,
3477 2232 3577 2285 huc

1996 2321 2404 2390 perscquutione
2434 2320 2601 2391 pejus.
2652 2320 2781 2374 Nam
2810 2323 2952 2376 velut
3000 2321 3175 2376 ﬂuxus
3205 2338 3453 2387 manans,
3488 2323 3573 2376 in-

1994 2412 2137 2466 curia
2173 2412 2407 2467 animam
2448 2412 2654 2467 emollit
2686 2430 2699 2465 :
2736 2413 3073 2483 idipsumque
3101 2422 3183 2469 est
3234 2416 3579 2484 persequutio

1995 2514 2047 2560 ct
2082 2503 2319 2568 incuria,
2349 2503 2491 2573 quod
2536 2514 2694 2558 testas
2740 2514 2795 2558 et
2848 2504 3039 2559 hiems.
3089 2503 3160 2560 Ut
3184 2515 3362 2559 autem
3412 2507 3578 2576 magis

1995 2596 2203 2651 ediscas
2250 2596 2486 2665 pejorem
2532 2610 2653 2652 esse
2707 2596 2844 2652 hanc
2896 2599 3402 2667 persequutiouem,
3455 2598 3579 2653 hinc

1995 2686 2579 2756 perpeudezsomnum
2632 2687 2684 2741 in
2731 2688 2963 2742 animam
3025 2688 3291 2753 immittit,
3346 2690 3581 2744 oscitan-

1999 2778 2122 2832 tiam
2155 2788 2208 2832 et
2241 2778 2615 2849 negligentiam
2644 2793 2888 2849 magnam
2930 2778 3087 2841 indit,
3114 2780 3393 2849 passiones
3427 2780 3581 2835 undi-

1996 2884 2099 2939 que
2124 2871 2351 2935 excitat;
2398 2880 2570 2924 armat
2608 2869 2833 2935 fastum,
2881 2880 3055 2925 armat
3086 2871 3416 2942 voluptatem
3439 2914 3453 2938 ,
3487 2889 3579 2927 ar-

1998 2972 2106 3017 mat
2132 2964 2285 3028 iram,
2317 2963 2569 3018 invidiam
2592 3004 2607 3029 ,
2644 2978 2832 3017 vanam
2862 2964 3086 3033 gloriam
3113 3006 3129 3030 ,
3160 2966 3578 3020 mmulationem.

1997 3057 2067 3110 At
2103 3056 2152 3109 in
2180 3057 2597 3125 perscquutione
2643 3056 2773 3111 nihil
2820 3056 3007 3109 horum
3037 3056 3253 3111 turbare
3282 3058 3459 3121 valet;
3489 3073 3583 3113 ve-

1999 3162 2114 3200 rum
2147 3148 2305 3200 timor
2330 3147 2587 3202 invadens
2614 3188 2629 3211 ,
2658 3148 2807 3215 quasi
2835 3147 3063 3216 quodam
3093 3146 3260 3219 ﬂagro
3293 3148 3582 3204 latrantem

1998 3252 2184 3292 canem
2211 3240 2496 3307 impetens,
2532 3238 2628 3293 hos
2654 3253 2843 3293 omnes
2862 3238 3027 3292 animi
3052 3246 3229 3294 motus
3256 3255 3323 3295 ne
3348 3240 3585 3295 suboriri

1999 3331 2211 3399 quidem
2242 3332 2389 3385 sinit.
2420 3332 2550 3399 Quis
2592 3332 2643 3385 in
2688 3331 3101 3401 perscquutione
3128 3347 3262 3385 vana
3290 3332 3455 3402 gloria
3499 3324 3582 3387 cf-

2001 3425 2123 3479 ferri
2169 3426 2380 3495 potest?
2410 3426 2528 3494 quis
2579 3425 2629 3478 in
2663 3424 2934 3494 voluptate
2978 3423 3207 3494 degere?
3251 3422 3454 3489 Nemo;
3488 3424 3583 3478 sed

2003 3526 2204 3571 tremor
2248 3517 2444 3570 multus
2475 3525 2527 3571 et
2570 3524 2741 3571 metus
2786 3515 2977 3581 adest,
3012 3515 3100 3583 qui
3142 3529 3389 3585 magnam
3449 3517 3587 3584 parit

2004 3609 2477 3679 tranquillitatem,
2534 3607 2801 3679 placidutn
2853 3617 3003 3677 parat
3049 3618 3295 3677 portum,
3351 3608 3585 3662 animam

2014 3701 2154 3770 piam
2176 3700 2366 3755 reddit.
2385 3700 2573 3755 Audivi
2601 3698 2887 3770 aliquando
2908 3710 3087 3769 patres
3112 3708 3325 3754 nostros
3347 3699 3588 3754 dicentes

2003 3788 2098 3861 (id
2131 3792 2271 3862 quod
2311 3807 2377 3846 ne
2406 3800 2586 3846 nostra
2630 3799 2789 3845 aetate
2837 3788 2927 3844 fiat
2952 3800 3078 3859 Oplo
3102 3806 3116 3855 ;
3142 3789 3392 3859 jnbemur
3436 3790 3580 3844 enim

2004 3883 2351 3938 tentationem
2381 3897 2485 3937 non
2521 3890 2700 3951 petere
2721 3879 2763 3952 ),
2797 3880 2939 3952 quod
2967 3881 3093 3935 olim
3129 3891 3371 3950 tempore
3403 3895 3587 3950 perse-

2002 3978 2274 4047 quutionis
2306 3977 2488 4032 videre
2527 3986 2641 4031 erat
2672 3976 2815 4030 viros
2860 3990 2987 4030 vere
3014 3974 3367 4029 Christianos.
3400 3958 3605 4030 Nullus

2002 4070 2146 4124 enim
2173 4084 2304 4138 opes
2333 4069 2575 4131 curabat,
2608 4083 2713 4123 non
2742 4082 2987 4128 uxorem,
3017 4081 3123 4121 non
3152 4065 3289 4119 filios
3308 4108 3321 4131 ,
3354 4080 3458 4120 non
3490 4065 3589 4119 do-

2004 4176 2183 4226 mum,
2236 4176 2341 4213 non
2383 4160 2607 4229 patriam
2639 4177 2652 4212 :
2684 4175 2787 4213 una
2825 4160 3073 4214 omnibus
3110 4174 3236 4213 cura
3278 4167 3395 4213 erat
3436 4174 3588 4213 suam

2002 4266 2217 4307 servare
2236 4253 2487 4306 animam.
2517 4252 2617 4306 Alii
2639 4254 2691 4306 in
2715 4252 3077 4307 monumentis
3104 4260 3159 4306 et
3186 4251 3470 4321 sepulcris,
3496 4252 3587 4306 alii

2004 4344 2057 4397 in
2086 4342 2312 4397 desertis
2344 4344 2599 4400 latebant.
2650 4342 2766 4398 Non
2818 4343 2991 4396 solum
3035 4350 3212 4397 autem
3245 4342 3381 4407 viri,
3412 4341 3503 4395 sed
3536 4351 3590 4396 et

2004 4435 2255 4489 mulieres
2284 4444 2487 4490 tenerae
2507 4450 2569 4489 ac
2594 4434 2839 4489 delicatte
2867 4443 2991 4487 tunc
3017 4432 3445 4495 occultabantur,
3464 4446 3586 4486 cum

2008 4536 2264 4597 perpetua
2300 4527 2437 4582 fame
2466 4527 2855 4582 conflictantes.
2904 4527 3086 4597 Cogita
3116 4542 3274 4597 ergo,
3309 4541 3433 4581 num
3466 4541 3585 4579 mu-

2003 4618 2122 4674 lieri
2152 4618 2217 4672 ad
2244 4619 2548 4687 sepulcrum
2594 4619 2782 4673 latenti
2822 4627 2875 4673 et
2904 4619 3149 4672 ancillam
3192 4618 3448 4673 ferentem
3472 4630 3587 4671 cot-

2005 4726 2125 4766 nam
2149 4711 2478 4780 exstiectanti
2502 4750 2516 4775 ,
2551 4724 2614 4765 ac
2653 4724 2720 4764 ne
2745 4718 3029 4779 caperetur
3058 4708 3299 4772 timenti,
3345 4718 3503 4777 atque.
3534 4708 3585 4761 in

2004 4801 2250 4871 sepulcro
2272 4802 2422 4871 quasi
2464 4801 2515 4855 in
2557 4800 2775 4855 fornace
2802 4800 3008 4855 sedenti
3033 4841 3046 4862 ,
3080 4796 3295 4868 aliquod
3323 4799 3409 4853 vel
3436 4812 3587 4852 sum-

2003 4900 2190 4963 ptuum
2216 4892 2301 4947 vel
2331 4891 2645 4947 deliciarum
2676 4890 3002 4946 desiderium
3047 4889 3207 4945 fuerit
3234 4907 3250 4955 ;
3283 4904 3409 4943 num
3451 4897 3581 4943 tunc

2006 4983 2268 5051 putaverit
2292 4982 2374 5035 vel
2412 4982 2631 5037 delicias
2657 4982 2742 5037 vel
2784 4982 3037 5036 mundum
3066 4981 3372 5037 exsistere?
3401 4981 3590 5035 Viden‘

2006 5088 2145 5129 nunc
2175 5074 2431 5143 majorem
2470 5088 2588 5129 esse
2620 5073 3087 5142 perscquutionem
3110 5112 3124 5137 ,
3153 5070 3282 5126 dum
3318 5073 3483 5126 animi
3512 5072 3590 5124 af-

2006 5166 2174 5221 fectus
2193 5167 2345 5236 quasi
2374 5167 2497 5222 fera:
2516 5183 2614 5221 nos
2643 5166 2936 5220 invadunt?
2961 5164 3110 5219 Nunc
3134 5173 3280 5219 certe
3304 5164 3481 5235 gravis
3508 5173 3591 5219 est

2009 5258 2352 5327 persequutio
2377 5298 2392 5321 ,
2422 5258 2548 5312 dum
2578 5265 2795 5326 putatur
2823 5256 3025 5310 nullam
3055 5269 3175 5311 esse
3210 5255 3589 5325 perscquutio-

2008 5364 2154 5404 nem.
2185 5350 2253 5402 At
2278 5350 2421 5403 enim
2460 5348 2597 5403 istud
2632 5348 2829 5403 bellum
2857 5348 2957 5403 boc
2988 5349 3363 5419 gravissimum
3390 5348 3587 5415 habet,

2006 5440 2147 5512 quod
2177 5456 2274 5511 pax
2306 5456 2426 5496 esse
2462 5440 2742 5505 credatur;
2777 5442 2848 5494 ita
2875 5449 2933 5494 ut
2956 5454 3104 5494 arma
3136 5454 3242 5495 non
3271 5455 3545 5495 sumamus
3567 5480 3584 5505 ,

2006 5546 2107 5587 nec
2131 5541 2317 5587 contra
2351 5530 2626 5586 inimicum
2674 5531 3013 5595 insumamus
3044 5548 3057 5585 :
3088 5530 3267 5586 nullus
3298 5529 3585 5599 formidat,

2072 5709 2087 5737 ί
2126 5703 2216 5755 Alii
2241 5704 2443 5765 habent,
2464 5716 2557 5754 non
2590 5700 2722 5753 ultra
2745 5700 2949 5753 salutem
2974 5700 3134 5763 habet,
3157 5713 3313 5764 neque
3331 5713 3455 5765 spes.
