4014 6218
356 312 419 368 187
1395 320 1461 373 IN
1498 319 1677 375 ACTA
1716 319 2250 383 APOSTOLORUM.
2294 325 2528 390 HOMIL.
2573 335 2762 391 XXIV.

356 437 429 490 ἀλλ’
471 439 554 490 ὅτε
591 438 620 490 6
658 437 792 501 Θεὸς
837 438 1126 509 ἐχαρίσατο
1179 439 1237 492 τὸ
1283 438 1523 509 Πνεῦμα,
1577 440 1664 492 ὅτε
1701 442 1729 493 ὁ
1761 440 1966 511 Πέτρος

355 524 527 588 ὲξετίθει
554 523 652 594 τὴν
710 525 907 578 ἐαυτοῦ
941 525 1216 588 ἔκστασιν,
1245 525 1454 594 λέγων·
1505 526 1564 580 Ὀ
1619 526 1752 589 Θεὸς
1801 525 1967 592 ἐδειξέ

356 628 412 680 μοι
442 609 632 681 μηδένα
671 612 852 665 κοινὸν
886 611 915 680 ἢ
971 612 1277 683 ἀκάθαρτον
1308 612 1485 682 λέγειν
1523 613 1829 683 ἄνθρωπον.
1860 612 1964 665 Οὖ-

352 713 424 758 τως
451 696 642 749 ἄνωθεν
675 698 790 767 ᾔδει
827 696 1002 750 τοῦτο.
1038 699 1128 750 Διὸ
1175 699 1267 751 καὶ
1309 698 1817 769 προκατασκευάζει
1878 703 1969 752 τὸν

352 783 463 850 λόγον
488 783 572 836 τὸν
611 783 751 854 ὑπὲρ
781 784 888 857 τῶν
907 783 1093 848 ἐθνῶν,
1120 784 1352 849 δεικνὺς,
1380 786 1459 839 ὅτι
1486 787 1604 840 οὐδὲ
1626 787 1755 857 ἐθνη
1784 785 1969 840 λοιπὸν

351 865 394 939 ἦν
441 870 528 940 τῆς
581 871 816 933 πίστεως
846 884 870 910 α
922 872 1396 942 παραγενομένης.
1451 873 1616 926 Ούδέν
1658 873 1970 943 θαυμαστὸν

350 959 500 1021 τοίνυν,
536 959 583 1010 εἰ
636 958 741 1028 πρὸ
796 957 890 1011 τοῦ
951 959 1326 1030 βαπτίσματος
1374 959 1436 1012 τὸ
1481 961 1706 1032 Πνεῦμα
1737 962 1968 1015 ἔλαϐονο

351 1052 414 1105 καὶ
463 1053 538 1123 ἐφ’
571 1051 726 1123 ἡμῶν
773 1052 931 1105 τοῦτο
989 1052 1232 1121 γέγονεν.
1293 1053 1556 1108 Ἐνταῦθα
1610 1054 1880 1108 δείκνυσιν
1943 1058 1971 1108 6

349 1140 528 1210 Πέτρος,
556 1141 633 1193 ὅτι
657 1139 774 1192 ούδέ
802 1139 877 1202 ὠς
903 1141 951 1193 οἱ
981 1139 1157 1193 λοιποὶ
1182 1139 1608 1210 ἐϐαπτίσθησαν,
1629 1142 1761 1196 ἀλλὰ
1793 1142 1969 1213 πολλῷ

349 1227 533 1297 βέλτιον.
567 1224 662 1280 Διά
681 1226 839 1279 τοῦτο
863 1227 920 1279 δέ
951 1226 1124 1290 οῦτως
1157 1229 1221 1280 ἐκ
1249 1230 1566 1298 περιουσίας
1586 1231 1967 1299 οἰκονομεῖται,

348 1315 408 1367 ἵνα
445 1314 592 1384 μηδὲν
629 1313 791 1383 ἔχωσι
833 1311 1030 1381 λέγειν,
1065 1313 1202 1367 ἀλλά
1264 1315 1366 1367 κᾶν
1399 1315 1570 1378 οὕτως
1609 1317 1755 1378 ἴσους
1786 1316 1968 1380 αὐτοῖς

347 1400 580 1471 νομίσωσι.
632 1400 741 1453 Καὶ
802 1399 1123 1469 ἠρώτησαν
1175 1401 1380 1465 αὐτὸν,
1427 1403 1613 1472 φησιν,
1651 1402 1963 1471 ἐπιμεῖναι.

355 1488 501 1559 Ὁρᾷς,
544 1487 654 1550 πῶς
707 1489 807 1540 ούκ
839 1489 1056 1552 οἰκείως
1089 1488 1223 1560 πρὸς
1280 1488 1443 1541 αὐτὸν
1493 1489 1788 1554 διέκειντο;
1827 1485 1967 1552 εἶδες

345 1577 415 1628 τὸν
455 1575 618 1646 ζῆλον,
670 1571 782 1630 οἷον
812 1571 957 1646 εἶχον
1001 1575 1141 1646 ὑπὲρ
1187 1575 1280 1628 τοῦ
1312 1576 1504 1646 νόμου;
1541 1576 1614 1629 Οὐ
1652 1576 1711 1629 τὸ
1750 1575 1965 1646 ἀξίωμα

348 1663 514 1733 Πέτρου
535 1663 853 1733 ᾐδέσθησαν,
882 1664 941 1716 ού
986 1663 1055 1716 τά
1099 1663 1365 1734 γενόμενα
1401 1665 1621 1733 σημεῖα,
1656 1665 1716 1716 ού
1737 1665 1796 1716 τὸ
1833 1681 1964 1717 κατ-

346 1749 548 1820 όρθωμα,
583 1751 700 1803 ὅσον
749 1746 817 1820 ἦν
869 1750 928 1804 τὸ
973 1750 1228 1815 δέξασθαι
1279 1751 1370 1804 τὸν
1420 1751 1607 1818 λόγον’
1658 1752 1772 1804 ἀλλ’
1827 1753 1964 1820 ὑπὲρ

345 1839 428 1890 τῶν
457 1839 646 1910 μικρῶν
673 1840 896 1892 ἐκείνων
919 1839 1262 1910 διεκρίνοντο.
1328 1840 1390 1892 Εἰ
1428 1841 1536 1910 γὰρ
1570 1840 1732 1911 μηδὲν
1758 1840 1962 1893 τούτων

343 1921 394 1995 ἦν
421 1928 462 1990 δ,
491 1929 577 1980 οὐκ
623 1929 782 1998 ἢρκει
834 1927 894 1981 τὸ
929 1929 1276 1999 κατόρθωμα.
1320 1928 1458 1980 Ἀλλ’
1492 1929 1589 1982 ούκ
1615 1929 1961 1997 ἀπολογεῖται

343 2013 456 2067 οὕτω
505 2015 730 2087 Πέτρος·
797 2017 1013 2078 συνετὸς
1065 2016 1174 2088 γὰρ
1223 2012 1290 2087 ῆν
1323 2033 1336 2047 ·
1381 2017 1577 2087 μᾶλλον
1639 2017 1694 2069 δὲ
1745 2017 1804 2069 ού
1864 2017 1963 2087 τῆς

343 2102 564 2165 συνέσεως
603 2103 764 2156 αὑτοῦ
815 2099 903 2173 ἦν,
940 2104 1075 2156 ἀλλά
1120 2103 1214 2156 τοῦ
1264 2104 1576 2175 Πνεύματος
1611 2106 1679 2159 τά
1720 2107 1956 2176 ῥήματα.

341 2187 427 2238 Καὶ
457 2188 674 2243 δείκνυσι
713 2191 799 2244 διὰ
838 2191 938 2260 τῆς
1002 2190 1294 2259 ἀπολογίας
1331 2191 1520 2244 ἐαυτὸν
1563 2192 1661 2262 μὲν
1721 2190 1958 2262 οὐδαμοῦ

339 2274 494 2337 αἴτιον,
534 2276 800 2346 πανταχοῦ
857 2277 914 2330 δέ
961 2278 1051 2330 τὸν
1104 2278 1256 2331 Θεόν.
1319 2278 1429 2330 Καὶ
1488 2279 1768 2348 μονονουχὶ
1823 2277 1961 2348 πρὸς

339 2361 500 2426 αύτούς
528 2364 675 2418 τοῦτο
721 2364 896 2433 λέγει’
948 2365 1038 2417 Ἐν
1069 2365 1322 2418 ἐκστάσει
1379 2382 1446 2435 με
1490 2364 1746 2433 γενέσθαι
1799 2363 1960 2445 αὐτὸς

337 2451 588 2522 ἐποίησενο
648 2454 759 2523 ἐγὼ
809 2454 919 2525 γὰρ
975 2454 1161 2517 ἁπλῶς
1201 2456 1632 2525 προσευχόμενος
1668 2456 1815 2526 ἤμην
1842 2470 1856 2484 ·
1898 2454 1959 2508 τὸ

339 2538 498 2603 σκεῦος
549 2540 703 2606 αὐτὸς
771 2541 1005 2606 ἔδειξεν·
1070 2541 1180 2611 ἐγὼ
1242 2544 1526 2597 ἀντεῖπον·
1585 2542 1747 2596 πάλιν
1797 2542 1958 2606 αὐτὸς

335 2619 478 2685 εἶπεν,
507 2627 593 2679 καὶ
632 2629 751 2681 οὐδὲ
802 2627 974 2689 οὕτως
1022 2629 1260 2698 ῆκουσα’
1332 2629 1401 2684 Τύ
1447 2629 1688 2698 Πνεῦμα
1710 2628 1954 2682 ἐκέλευ-

333 2725 427 2764 σεν
449 2715 712 2770 ἀπελθεῖν
737 2733 752 2746 θ
788 2717 882 2768 καὶ
940 2716 1088 2786 ὅμως
1142 2714 1391 2769 ἀπελθὼν
1420 2716 1519 2769 οὐκ
1571 2717 1874 2788 ἐπέδραμον
1904 2728 1951 2756 θ’

333 2795 570 2864 εἷπον,ὅτι
597 2805 623 2856 ὁ
659 2804 791 2867 Θεὸς
827 2803 1060 2875 έπεμψε,
1094 2804 1189 2856 καὶ
1241 2803 1380 2875 μετὰ
1426 2803 1597 2856 ταῦτα
1634 2804 1756 2857 ούδέ
1787 2803 1957 2867 οὕτως

334 2886 596 2956 ἐϐάπτισα,
661 2891 797 2945 ἀλλὰ
849 2891 1008 2944 πάλιν
1074 2894 1101 2944 ὁ
1157 2891 1289 2954 Θεὸς
1347 2891 1408 2944 τὸ
1459 2892 1568 2944 πᾶν
1638 2891 1953 2961 εἰργάσατο.

338 2977 455 3047 Ἀρα
481 2980 595 3045 Θεὸς
625 2983 818 3044 αὐτοὺς
866 2981 1177 3046 ἐϐάπτισεν,
1234 2981 1334 3033 ούκ
1386 2978 1516 3049 ἐγώ.
1553 2980 1661 3033 Καὶ
1687 2980 1784 3032 οὑκ
1813 2975 1951 3032 εἷπε·

335 3061 516 3118 Τούτων
557 3069 847 3136 γεγονότων
890 3070 1177 3132 ἁπάντων,
1212 3069 1312 3120 οὐκ
1370 3067 1476 3120 ἔδει
1509 3067 1570 3120 τὸ
1609 3065 1752 3135 ῦδωρ
1791 3083 1955 3136 προσ-

337 3147 481 3204 θεῖναι
528 3154 732 3221 λοιπόν;
769 3155 880 3208 ἀλλ’
927 3156 1001 3219 ὡς
1042 3156 1254 3219 οὐδενὸς
1287 3155 1601 3217 λείποντος,
1653 3152 1802 3224 Ἐγὼ
1864 3155 1956 3219 τίς

339 3234 500 3306 ἤμην,
544 3245 694 3313 φησί,
749 3243 1022 3299 κωλῦσαι
1082 3242 1188 3297 τὸν
1243 3242 1438 3308 Hadr;
1512 3241 1721 3308 Βαϐαὶ,
1778 3243 1863 3295 οῖα
1921 3243 1954 3312 ἠ

339 3321 589 3395 ἀπολογίαί
660 3331 720 3383 ού
768 3329 877 3400 γὰρ
919 3325 1038 3383 εἷπε
1064 3346 1077 3360 ο
1133 3329 1319 3383 Ταῦτα
1367 3324 1460 3383 οὖν
1503 3329 1702 3393 εἰδότες
1741 3330 1956 3400 ἡσυχά-

341 3408 440 3470 ζετε
459 3429 470 3442 ·
511 3415 627 3470 ἀλλὰ
652 3419 704 3471 τί
733 3435 746 3481 ;
808 3418 1030 3488 Δέχεται
1074 3416 1252 3469 αὐτῶν
1279 3417 1376 3487 τὴν
1407 3416 1581 3488 ὁρμὴν
1600 3457 1615 3483 ,
1664 3417 1756 3470 καὶ
1785 3418 1954 3484 ἐγκα-

341 3492 494 3553 λοῦσιν
534 3506 907 3574 ἀπολογεῖται·
982 3506 1077 3573 Τίς
1143 3504 1306 3574 ἤμην
1365 3505 1622 3571 δυνατὸς
1685 3505 1954 3561 κωλῦσαι

341 3582 430 3635 τὸν
473 3590 631 3657 Θεόν;
679 3594 889 3662 λέγων⁹
946 3592 1150 3663 σφόδρα
1202 3591 1566 3663 ἐντρεπτικῶς
1607 3591 1700 3646 καὶ
1745 3591 1955 3662 βαρέως

340 3676 632 3748 χρησάμενος
680 3686 746 3754 τῇ
794 3681 1095 3753 ἀπολογίᾳο
1164 3680 1276 3733 Οὐκ
1331 3679 1614 3751 ἠδυνάμην
1689 3679 1950 3736 κωλῦσαι.

342 3759 482 3816 Ὅθεν
525 3767 690 3824 λοιπὸν
749 3769 1113 3842 φοϐηθέντες,
1162 3767 1477 3839 ἡσύχασαν,
1541 3769 1634 3820 καὶ
1708 3767 1956 3832 ἐδόξαζον

341 3844 418 3899 τὶν
441 3849 570 3910 Θεὸν.

403 3943 459 4002 γ’.
475 3942 603 3998 Οὕτω
616 3949 705 4000 καὶ
726 3947 874 4018 ἡμᾶς
905 3947 1008 4018 χρὴ
1036 3946 1092 3999 ἐν
1115 3948 1227 4010 τοῖς
1254 3945 1361 3998 τῶν
1373 3944 1603 4015 πλησίον
1620 3943 1844 4013 ἀγαθοῖς
1865 3946 1953 3999 δο-

343 4018 500 4085 ξάζειν
519 4031 596 4084 τὸν
619 4034 768 4100 Θεὸν,
804 4034 919 4087 ἀλλ’
944 4034 1044 4087 οὐκ
1065 4033 1412 4104 ἐπηρεάζειν,
1432 4032 1683 4103 καθάπερ
1700 4034 1747 4085 οἱ
1771 4033 1954 4086 πολλοὶ

341 4105 435 4158 τῶν
463 4117 802 4183 νεοφωτίστων
830 4119 1252 4190 ἐπηρεάζουσιν,
1287 4119 1416 4172 ὅταν
1445 4119 1637 4182 ἄλλους
1667 4118 1817 4171 ἴδωσι
1849 4135 1956 4187 φω-

338 4194 579 4265 τισθέντας
606 4207 694 4259 καὶ
734 4205 898 4269 εὐθὺς
939 4205 1222 4269 ἀπιόντας.
1271 4205 1522 4270 Δοξάζειν
1556 4206 1636 4259 δεῖ
1675 4205 1764 4258 τὸν
1797 4206 1949 4271 Θεὸν,

341 4278 504 4337 καίὃτι
528 4290 686 4357 μένειν
701 4293 761 4346 ού
788 4295 1080 4364 συγχωρεῖ.
1101 4293 1261 4347 Ὥστε
1285 4292 1547 4365 [196]καὶ
1570 4295 1633 4347 σὺ
1655 4295 1748 4347 ἐὰν
1772 4293 1950 4367 θέλῃς,

342 4367 529 4452 μὲίζονα
555 4378 731 4446 ἔλαϐες
762 4382 974 4452 δωρεάν
998 4397 1011 4411 °
1041 4381 1099 4434 ού
1137 4381 1278 4436 κατά
1312 4381 1372 4435 τὸ
1417 4385 1672 4452 φώτισμα
1719 4382 1860 4451 λέγω
1895 4384 1949 4452 (ἡ

337 4449 438 4523 γάρ
460 4462 570 4535 αὐτή
597 4469 702 4522 ἐστι
737 4449 991 4522 κάκείνου
1032 4469 1124 4521 κοιλ⁸
1166 4468 1307 4534 σοῦ),
1345 4469 1479 4523 ἀλλὰ
1505 4470 1645 4522 κατά
1680 4469 1740 4522 τὸ
1769 4469 1950 4523 λαϐεῖν

339 4542 628 4619 προθεσμίαν
698 4557 1121 4627 εὐδοκιμήσεως.
1191 4558 1429 4620 Ἐκεῖνος
1497 4557 1784 4611 ἐνεδύσατο
1852 4557 1984 4635 τὴν]

337 4627 504 4720 ξξολὴν
525 4643 602 4695 καὶ
621 4645 716 4698 οὐκ
737 4644 912 4714 ἀφέθη
940 4645 1328 4719 ἐμπομπεῦσαι
1359 4646 1416 4696 ἐν
1441 4645 1577 4716 αὐτῇ
1611 4661 1623 4675 ο
1653 4645 1735 4698 σοὶ
1751 4627 1950 4716 πολλὴν

336 4710 508 4803 ἔδωκεν
528 4725 754 4791 ἐξουσίαν
841 4710 983 4794 Θεὸς.
1010 4710 1317 4803 χρησασθαι
1344 4733 1454 4795 τοῖς
1483 4710 1668 4796 ὅπλοις
1689 4735 1768 4797 εἰς
1808 4710 1947 4800 δέον,

335 4800 420 4853 καὶ
441 4804 592 4870 λαϐεῖν
614 4819 790 4872 αὐτῶν
821 4818 1066 4872 ἐντεῦθεν
1103 4819 1203 4890 τὴν
1235 4823 1449 4892 πεῖραν.
1491 4821 1729 4885 Ἐκεῖνος
1761 4821 1949 4875 ἄπεισι

323 4889 413 4969 τῆς
441 4899 645 4970 πίστεως
677 4909 838 4978 μόνον
862 4907 999 4977 ἔχων
1024 4910 1114 4962 τὸν
1141 4908 1334 4978 μισθόν
1369 4924 1383 4938 ’
1429 4911 1492 4963 σὺ
1523 4910 1760 4981 ἕστηκας
1787 4912 1842 4963 ἐν
1869 4908 1950 4979 τῷ

311 4991 496 5064 σταδίῳ
513 4994 613 5047 τῶν
635 4995 811 5066 ἔργων
837 4995 1131 5067 δυνάμενος
1155 4997 1336 5050 λαϐεῖν
1364 4997 1561 5061 πολλὰς
1576 4999 1673 5062 τὰς
1694 5000 1952 5069 ἀμοιϐάς,

301 5084 399 5136 καὶ
425 5081 655 5136 τοσοῦτον
677 5083 892 5137 ἐκείνου
914 5084 1145 5154 φανῆναι
1167 5084 1564 5156 λαμπρότερος,
1601 5086 1722 5138 ὅσον
1748 5088 1775 5138 ὁ
1799 5086 1949 5156 ἥλιος

299 5170 397 5224 τοῦ
436 5171 745 5240 μικροτάτου
777 5171 1028 5242 ἀστέρος,
1072 5173 1194 5226 ὅσον
1229 5175 1257 5224 ὁ
1277 5172 1578 5242 στρατηγὸς
1599 5173 1692 5226 τοῦ
1718 5173 1947 5244 ἐσχάτου

304 5257 620 5327 στρατιώτου
642 5299 656 5323 ,
697 5259 895 5330 μᾶλλον
924 5259 978 5312 δέ
1012 5261 1133 5312 ὅσον
1170 5261 1198 5311 ό
1228 5259 1499 5330 βασιλεύς.
1537 5261 1738 5314 Σαυτὸν
1771 5263 1949 5316 τοίνυν

299 5344 484 5398 αἰτιῶ·
506 5345 699 5414 μᾶλλον
743 5346 799 5399 δέ
847 5346 921 5416 μὴ
958 5348 1135 5411 αἰτιῶ,
1168 5347 1304 5401 ἀλλά
1333 5347 1545 5420 διόρθου
1587 5348 1707 5402 ἀεί·
1739 5350 1799 5402 ού
1840 5350 1948 5420 γὰρ

298 5432 454 5499 ἀρκεῖ
485 5432 542 5484 τὸ
588 5433 940 5486 αἰτιάσασθαι
971 5452 984 5464 ν
1034 5434 1243 5499 ἔξεστιν
1285 5436 1757 5506 ἀναμαχέσασθαι.
1802 5439 1944 5490 Κατ.

299 5516 553 5587 εόλήθης;
589 5520 738 5573 δεινά
765 5520 1000 5587 ἔπαθες;
1055 5522 1364 5593 Ἀνάστηθι,
1395 5523 1700 5594 ἁνάκτησαι
1733 5532 1946 5581 σαυτόν’

299 5603 371 5656 ἔτι
403 5606 457 5658 ἐν
489 5605 563 5678 τῷ
594 5608 794 5679 σταδίῳ
827 5609 1098 5680 ἕστηκας,
1133 5609 1212 5663 ἐτι
1242 5611 1302 5664 τὸ
1332 5610 1560 5682 θέατρον
1597 5616 1943 5683 συνέστηκεν.

299 5692 401 5762 Οὐχ
431 5694 556 5766 ὁρᾷς
606 5697 761 5750 πόσοι
820 5697 1372 5763 καταπαλαισθέντες,
1409 5699 1632 5773 ὕστερον
1689 5703 1949 5772 ἀνεμαχέ-

353 5833 553 5902 “niden;
598 5839 684 5886 Διὸ
732 5841 812 5902 καὶ
851 5857 989 5902 προκ.
1024 5841 1281 5902 τὸνλόγον.
1333 5844 1457 5890 Ποῖα
1499 5846 1602 5902 ἔθνη
1646 5847 1827 5902 λοιπὸν,
1861 5851 1946 5896 οὐκ

303 5890 691 5970 ξῖξξθνηῆνητῇι
712 5890 931 5970 πίσιτειτξςι
1003 5901 1030 5970 ’3
1062 5890 1205 5970 0968'
1228 5907 1266 5950 εἰ
1291 5906 1469 5970 γὰρ-μή
1503 5890 1681 5954 τούτων
1716 5890 1846 5957 οὐδέν

304 5951 450 6004 'Idcm
468 5951 702 6023 ἀπελθεῖν,
730 5964 809 6009 καὶ
835 5965 982 6020 οὕτως
1006 5965 1234 6020 ἀπελθὼν,
1257 5951 1340 6013 ούκ
1356 5951 1574 6027 ἔδραμον.

3638 353 3742 407 188

2079 462 2272 511 σαντο;
2324 449 2499 503 Μόνον
2550 452 2623 522 μὴ
2679 454 2818 508 ἐκὼν
2864 460 3198 533 καταπέσῃς.
3261 464 3604 535 Μακαρίζεις
3651 470 3744 524 τὸν

2073 532 2414 629 ἀπελθόντας
2469 538 2656 608 Πολλῷ
2709 542 2907 610 μᾶλλον
2945 532 3249 618 μακάρισον
3289 532 3506 606 σαυτόν.
3542 557 3740 629 Ἀφέθη

2076 620 2493 711 ἁμαρτημάτων
2535 628 2775 692 ἐκεῖνος;
2826 630 2986 696 Ἀλλ’,
3031 633 3125 686 ἐὰν
3157 635 3316 706 θέλῃς
3351 640 3447 704 σὺ,
3487 641 3548 693 οὐ
3583 620 3741 711 μόνον

2073 705 2142 796 τὰ
2181 708 2555 781 ἁμαρτήματα
2585 713 2844 786 ἁπονίψῃ,
2868 717 3004 772 ἀλλὰ
3035 721 3129 774 καὶ
3157 705 3555 795 κατορθώματα
3575 705 3738 796 ἐξεις,

2073 793 2210 862 ὅπερ
2251 798 2338 849 ἐπ’
2368 799 2575 852 ἐκείνου
2620 801 2682 853 ού
2735 801 2979 860 δυνατόν.
3011 805 3259 862 Ἔνεστιν
3297 793 3446 881 ἡμᾶς
3472 793 3739 870 ἀνακαλέέ
3821 802 3823 805 ν

2076 882 2272 936 σασθαι
2314 886 2559 951 ἐαυτούς.

2143 971 2371 1058 Μεγάλα
2398 972 2498 1042 τῆς
2540 977 2826 1044 μετανοίας
2867 979 2935 1032 τά
2978 979 3247 1050 φάρμακα
3273 1002 3285 1014 ·
3322 987 3510 1057 μηδεὶς
3545 990 3738 1058 ἀπογιο

2076 1057 2330 1109 νωσκέτω
2356 1059 2570 1124 ἐαυτοῦ.
2615 1061 2853 1126 Ἐκεῖνος
2891 1064 3059 1129 ὅντως
3090 1067 3455 1134 ἀπογνώσεως
3494 1057 3673 1137 ἄξιος,
3711 1078 3738 1128 ὁ

2076 1142 2468 1209 ἀπογινώσκων
2517 1147 2708 1200 ἑαυτοῦ
2736 1151 2979 1213 ’ἐκεῖνος
3028 1153 3128 1206 οὐκ
3179 1154 3260 1207 ἑτι
3319 1157 3590 1228 σωτηρίας
3624 1160 3735 1229 έχει
3778 1153 3806 1174 “

2075 1227 2296 1293 ἐλπίδας
2319 1230 2368 1284 ἀ.
2395 1233 2468 1284 Ού
2501 1233 2560 1285 τὸ
2585 1235 2664 1297 εἰς
2695 1234 2856 1302 βάθος
2887 1237 3071 1290 κακῶν
3095 1239 3268 1292 ἐλθεῖν
3291 1227 3484 1307 δεινὸν,
3508 1227 3736 1299 ἀλλά-τὸ

2075 1314 2287 1370 κεῖσθαι
2335 1318 2474 1387 μετά
2507 1319 2568 1372 τὸ
2609 1321 2785 1375 ἐλθεῖν
2814 1340 2826 1352 '
2851 1323 2911 1376 οὐ
2943 1324 3002 1377 τὸ
3033 1327 3113 1389 είς
3142 1326 3304 1395 βάθος
3342 1330 3529 1385 κακῶν
3562 1331 3735 1384 ἐλθεῖν

2073 1401 2286 1467 ἀσεϐὲς,
2339 1405 2476 1458 ἀλλὰ
2524 1407 2584 1459 τὸ
2633 1411 3045 1482 καταφρονῆσαι
3095 1413 3234 1483 μετά
3269 1414 3328 1467 τὸ
3355 1416 3547 1471 ἐλθεῖν.
3592 1419 3669 1471 Δι’
3707 1419 3735 1471 6

2071 1487 2306 1556 ὀφείλεις
2357 1495 2645 1565 μεριμνᾷν,
2705 1495 2826 1548 εἰπέ
2885 1515 3014 1567 μοι,
3073 1500 3271 1569 μᾶλλον
3326 1507 3731 1574 καταφρονεῖς;

2075 1575 2376 1648 Τραύματα
2402 1580 2637 1634 τοσαῦτα
2681 1582 2841 1653 ἔχων,
2885 1585 3180 1653 ἀνέπεσες;
3229 1587 3392 1642 Οὐδέν
3420 1590 3534 1644 ἐστι
3558 1591 3734 1660 ψυχῆς

2071 1663 2288 1717 ἀνίατον
2325 1665 2542 1736 τραῦμα
2570 1683 2582 1696 ”
2615 1669 2730 1721 ἀλλ’
2765 1670 2856 1723 ἐπὶ
2890 1672 2988 1742 μὲν
3017 1672 3264 1744 σώματος
3295 1677 3464 1730 πολλὰ
3489 1678 3732 1740 τοιαῦτα,

2069 1751 2163 1803 ἐπὶ
2194 1750 2250 1804 δέ
2276 1751 2378 1822 τῆς
2409 1753 2586 1824 ψυχῆς
2633 1756 2784 1809 οὐδέν
2814 1773 2826 1787 ⁸
2851 1758 2942 1810 καὶ
2977 1757 3117 1830 ὑπὲρ
3154 1761 3376 1814 ἐκείνων
3405 1764 3502 1832 μὲν
3537 1765 3598 1816 οὐ
3621 1763 3734 1816 δια-

2067 1837 2410 1911 λιμπάνομεν
2463 1844 2784 1914 κάμνοντες,
2839 1846 2979 1917 ὑπὲρ
3024 1849 3081 1900 δὲ
3127 1849 3332 1904 τούτων
3360 1852 3730 1922 ρᾳθυμοῦμεν.

2068 1927 2180 1995 Οὐχ
2206 1927 2339 1996 ὁρᾷς
2369 1928 2459 1981 τὸν
2493 1929 2694 2000 λῃστὴν
2714 1971 2728 1994 ,
2770 1931 2884 1995 πῶς
2917 1935 2974 1984 ἐν
3003 1933 3196 2005 βραχεῖ
3224 1937 3399 2008 χρόνῳ
3442 1937 3734 2008 κατώρθω-

2069 2029 2189 2076 σεν;
2220 2013 2318 2083 οὐχ
2355 2016 2486 2085 ὁρᾷς
2519 2016 2646 2079 τοὺς
2696 2018 2978 2089 μάρτυρας
3003 2059 3017 2082 ,
3061 2021 3177 2084 πῶς
3204 2023 3262 2075 ἐν
3301 2022 3493 2094 βραχεί
3527 2024 3588 2077 τὸ
3626 2027 3732 2078 πᾶν

2067 2101 2304 2170 ἧνυσαν;
2350 2102 2490 2155 Ἀλλ’
2514 2103 2613 2155 ούκ
2652 2103 2800 2157 ἐστιν
2832 2105 2954 2175 ἄρτι
2987 2109 3287 2178 μαρτυρίου
3318 2111 3542 2181 καιρός;
3592 2109 3730 2163 Ἀλλ’

2065 2186 2291 2254 ἀγώνων
2317 2189 2431 2242 ἐστί
2457 2189 2648 2260 καιρὸς
2671 2229 2684 2253 ,
2715 2191 2744 2244 6
2781 2191 3041 2256 πολλάκις
3068 2189 3220 2247 εἷπον
3244 2235 3258 2259 ,
3297 2198 3346 2249 εἰ
3379 2197 3728 2267 βουλοίμεθα.

2068 2276 2133 2326 Οἱ
2162 2274 2268 2342 γάρ
2293 2274 2590 2342 θέλοντες,
2620 2278 2803 2347 φησὶν,
2839 2279 3100 2346 εὐσεϐῶς
3142 2279 3247 2350 ζῇν
3270 2284 3341 2336 ἐν
3370 2284 3598 2353 Χριστῷ
3619 2286 3730 2353 ’1η-

2064 2360 2200 2427 σοῦ,
2222 2360 2679 2430 διωχθήσονται.
2709 2367 2769 2418 Οἱ
2800 2366 3041 2430 εὐσεϐῶς
3075 2366 3278 2432 ζῶντες
3306 2371 3392 2423 ἀεὶ
3420 2370 3728 2439 διώκονται,

2064 2446 2165 2500 κᾶν
2215 2447 2289 2519 μὴ
2339 2449 2488 2518 παρά
2531 2451 2832 2522 ἀνθρώπων
2854 2495 2868 2521 ,
2901 2454 3037 2509 ἀλλά
3071 2457 3221 2528 παρά
3252 2457 3542 2528 δαιμόνων,
3574 2459 3632 2523 δς
3664 2460 3728 2531 δὴ

2062 2536 2157 2588 καὶ
2181 2536 2564 2610 χαλεπώτερός
2592 2541 2708 2593 ἐστι
2737 2541 2996 2614 διωγμός.
3034 2545 3145 2597 Καὶ
3178 2544 3394 2616 πρῶτον
3434 2548 3525 2599 ὑπ’
3556 2547 3729 2617 αὐτῆς

2065 2622 2298 2691 μάλιστα
2312 2625 2412 2696 τῆς
2427 2626 2666 2690 ἀνέσεως
2686 2627 2875 2683 τοῦτον
2897 2631 3257 2701 ὑπομένουσιν
3282 2635 3328 2686 οἰ
3351 2633 3425 2704 μὴ
3446 2634 3726 2704 νήφοντες.

2065 2709 2135 2760 Ἢ
2166 2710 2361 2779 μικρὸν
2386 2710 2486 2763 οίει
2503 2711 2741 2782 διωγμὸν
2765 2713 2824 2767 τὸ
2847 2711 2903 2767 ἐ’ν
2925 2716 3106 2769 ἀνέσει
3129 2713 3296 2782 εἷναι;
3321 2717 3492 2771 Τοῦτο
3512 2719 3729 2772 πάντων

2060 2797 2178 2850 ἐστί
2215 2797 2515 2870 βαρύτερον
2538 2840 2552 2863 ,
2603 2802 2760 2855 τοῦτο
2811 2804 2904 2856 καὶ
2951 2803 3195 2876 διωγμοῦ
3229 2809 3432 2877 χεῖρον.
3461 2807 3728 2878 Καθάπερ

2060 2883 2166 2954 γὰρ
2201 2885 2379 2956 ῥεῦμα
2408 2887 2665 2959 ἐπιρρέον
2703 2888 2736 2959 ἡ
2775 2888 2960 2952 ἄνεσις
2994 2894 3183 2959 χαυνοῖ
3210 2893 3310 2962 τὴν
3355 2893 3534 2964 ψυχήν
3576 2911 3590 2926 ’
3636 2896 3728 2947 καὶ

2059 2971 2195 3043 ὅπερ
2228 2973 2345 3025 ἐστὶ
2373 2973 2526 3044 θέρος
2560 2975 2653 3027 καὶ
2688 2975 2920 3046 χειμὼν,
2949 2977 3103 3030 τοῦτο
3131 2977 3370 3048 διωγμὸς
3403 2981 3496 3033 καὶ
3521 2981 3723 3044 ἄνεσις.

2061 3059 2180 3113 Ἵνα
2204 3060 2260 3113 δὲ
2297 3062 2475 3132 μάθῃς
2499 3063 2563 3116 ἐκ
2594 3065 2930 3135 περιουσίας,
2960 3065 3042 3117 ὅτι
3073 3065 3271 3136 χείρων
3297 3061 3452 3130 οὗτος
3490 3070 3517 3120 6
3565 3068 3726 3136 διωγο

2064 3148 2161 3218 μὸς
2181 3160 2228 3212 θ,
2249 3150 2438 3203 σκόπει
2459 3150 2942 3206 ἐντεῦθεν.⁹Ύπνον
2970 3158 3199 3224 καταχεῖ
3222 3157 3286 3226 τῇ
3311 3155 3478 3226 ψυχῇ,
3506 3156 3725 3226 χάσμην

2059 3237 2262 3309 πολλὴν
2296 3238 2391 3291 καὶ
2422 3238 2692 3310 ρᾳθυμίαν
2720 3240 2970 3310 ἐμποιεῖ,
3005 3240 3073 3294 τὰ
3111 3241 3258 3312 πάθη
3296 3243 3552 3313 διεγείρει
3591 3245 3725 3296 πάν-

2057 3325 2233 3390 τοθεν,
2276 3325 2484 3391 ὁπλίζει
2520 3327 2708 3395 τῦφον,
2757 3327 2967 3392 ὁπλίζει
3010 3328 3227 3401 ἡδονὴν,
3275 3331 3486 3394 ὁπλίζει
3531 3331 3722 3402 θυμὸν,

2061 3412 2374 3482 βασκανίαν,
2410 3413 2737 3480 κενοδοξίαν,
2767 3414 2948 3485 ζῆλον.
2992 3415 3130 3468 Ἀλλ’
3161 3418 3218 3468 ἐν
3260 3417 3485 3489 διωγμῷ
3520 3418 3724 3471 τούτων

2061 3500 2212 3553 οὐδὲν
2251 3501 2486 3571 ἐνοχλεῖν
2515 3501 2738 3554 δύναται
2763 3519 2778 3535 ο
2804 3502 2919 3555 ἀλλ’
2951 3505 2979 3556 ὁ
3007 3503 3170 3572 φόϐος
3198 3505 3526 3559 ἐπεισελθὼν
3559 3506 3723 3560 καθά-

2059 3604 2165 3657 περ
2189 3589 2294 3642 τινὶ
2321 3587 2540 3659 μάστιγι
2573 3588 2775 3659 σφόδρα
2792 3588 2928 3643 κύνα
2952 3590 3282 3644 ὑλακτοῦντα
3309 3592 3722 3664 πλήξας,ταῦτα

2059 3676 2237 3728 πάντα
2261 3675 2328 3728 τὰ
2355 3675 2503 3746 πάθη
2532 3676 2652 3729 ούδέ
2681 3675 2876 3745 γρῦξαι
2898 3679 2981 3748 ἐᾷ.
3012 3676 3166 3750 [197]
3188 3680 3280 3743 Τίς
3307 3681 3365 3733 ἐν
3387 3680 3611 3750 διωγμῷ
3628 3698 3720 3733 κε-

2061 3755 2345 3826 νοδοξῆσαι
2384 3757 2604 3811 δύναται
2629 3775 2642 3822 ;
2676 3759 2760 3821 τίς
2783 3761 2840 3812 ἐν
2860 3759 3016 3830 ἡδονῇ
3040 3761 3328 3828 γενέσθαι;
3357 3763 3562 3824 Ούδείς³
3588 3762 3720 3815 ἀλλὰ

2057 3840 2256 3910 τρόμος
2281 3840 2447 3902 πολὺς
2477 3841 2570 3893 καὶ
2599 3840 2783 3908 φόϐος,
2829 3841 3031 3912 πολλὴν
3073 3843 3172 3911 τὴν
3215 3844 3458 3914 γαλήνην
3489 3844 3718 3913 ἐργαζό-

2062 3942 2243 3996 μενος,
2294 3925 2466 3978 εὕδιον
2518 3926 2610 3980 τὸν
2664 3927 2857 3997 λιμένα
2906 3929 3381 3997 παρασκευάζων,
3417 3931 3515 4000 τὴν
3543 3929 3719 3999 ψυχὴν

2058 4009 2261 4080 εὐλαϐῆ
2305 4010 2494 4065 ποιῶν.
2547 4012 2794 4064 Ἧκουσά
2837 4029 2967 4065 ποτε
3013 4012 3261 4083 πατέρων
3299 4013 3409 4064 τῶν
3438 4014 3718 4082 ἡμετέρων

2056 4097 2323 4165 λεγόντων
2354 4099 2458 4166 (ἐφ’
2489 4098 2645 4169 ἡμῶν
2689 4097 2803 4168 ’γὰρ
2844 4098 2918 4169 μὴ
2963 4098 3171 4166 γένοιτο
3197 4117 3209 4130 ’
3244 4098 3576 4169 κελευόμεθα
3615 4101 3717 4169 γὰρ

2060 4184 2134 4256 μὴ
2165 4187 2336 4238 αἰτεῖν
2359 4186 2707 4257 πειρασμὸν),
2727 4187 2808 4240 ὅτι
2829 4186 2969 4240 κατά
2993 4185 3082 4239 τὸν
3111 4185 3348 4256 διωγμὸν
3377 4186 3468 4238 τὸν
3493 4187 3717 4240 παλαιὸν

2054 4267 2122 4343 ἦν
2149 4273 2274 4326 ἰδεῖν
2294 4273 2462 4335 ὄντως
2489 4261 2850 4345 Χριστιανοὺς
2885 4273 3104 4344 ἄνδρας.
3143 4272 3331 4336 οὐδεὶς
3362 4273 3468 4344 γὰρ
3498 4274 3715 4344 χρημά-

2053 4378 2163 4415 των
2190 4361 2528 4436 ἐφρόντιζεν,
2554 4361 2729 4425 ούδεὶς
2762 4361 3042 4430 γυναικὸς,
3079 4361 3254 4424 οὐδεὶς
3299 4361 3520 4425 παίδων,
3548 4362 3715 4427 οὐδεὶς

2053 4449 2252 4514 οἰκίας,
2281 4449 2456 4514 οὐδεὶς
2477 4449 2732 4520 πατρίδος
2757 4466 2771 4480 ·
2813 4449 2914 4520 μία
2943 4451 3108 4503 πᾶσιν
3134 4444 3202 4520 ἦν
3229 4449 3433 4520 σπουδὴ
3456 4490 3470 4513 ,
3496 4449 3594 4520 τὴν
3622 4449 3714 4518 ψυ-

2053 4538 2155 4610 χὴν
2195 4537 2496 4608 περισῶσαι
2523 4537 2752 4590 ἐαυτῶν.
2800 4538 2862 4590 Ol
2889 4536 2989 4608 μὲν
3012 4537 3070 4589 ἐν
3103 4537 3347 4607 μνήμασι
3383 4537 3475 4589 καὶ
3508 4537 3718 4603 τάφοις,

2054 4624 2103 4676 οἱ
2135 4623 2190 4676 δὲ
2238 4625 2296 4676 ἐν
2335 4623 2595 4693 ἐρημίαις
2645 4621 3000 4692 ἐκρύπτοντο.
3059 4623 3134 4674 υὺ
3191 4623 3349 4692 μόνον
3398 4622 3455 4674 δέ
3507 4621 3719 4691 ἄνδρες,

2053 4710 2187 4763 ἀλλά
2217 4709 2235 4749 ί
2271 4711 2364 4763 καὶ
2397 4711 2652 4779 γυναῖκες
2686 4709 2892 4764 άπαλαί
2938 4709 3029 4762 καὶ
3081 4708 3349 4779 τρυφερά).
3385 4706 3506 4761 τότε
3554 4707 3705 4775 ἐκρύ-

2055 4813 2268 4860 πτοντο,
2302 4797 2541 4867 διηνεκεῖ
2569 4795 2872 4866 μαχόμεναι
2914 4795 3078 4865 λιμῷ.
3114 4795 3393 4863 Ἐννόησον
3411 4789 3524 4857 οῦν,
3565 4794 3718 4856 εἴτις

2053 4885 2423 4950 πολυτελείας,
2476 4887 2529 4938 εῖ
2567 4903 2652 4948 τις
2693 4885 2904 4955 τρυφῆς
2949 4883 3271 4954 ἐπεισῆλθεν
3300 4883 3364 4936 ἄν
3392 4900 3518 4936 ποτε
3557 4882 3718 4946 πόθος

2052 4975 2273 5042 γυναικὶ
2290 4976 2442 5039 παρὰ
2470 4973 2700 5045 λάρνακι
2724 4971 3074 5042 κρυπτομένῃ
3102 4971 3197 5023 καὶ
3225 4969 3594 5042 περιμενούσῃ
3619 4971 3716 5043 τὴν

2053 5061 2431 5132 θεραπαινίδα,
2466 5061 2612 5122 ὅπως
2640 5059 2770 5131 ἐλθῃ
2795 5056 3100 5128 κομίζουσα
3123 5057 3367 5121 δεῖπνον,
3401 5059 3493 5111 καὶ
3523 5059 3719 5128 φοϐου-

2056 5149 2212 5218 μένῃ,
2260 5150 2334 5219 μή
2380 5165 2496 5210 πως
2537 5146 2678 5216 ἁλῷ,
2724 5146 2818 5200 καὶ
2846 5144 3096 5215 καθάπερ
3126 5146 3183 5199 ἐν
3211 5145 3428 5218 καμίνῳ
3459 5147 3536 5218 τῷ
3560 5148 3718 5218 τάφῳ

2052 5236 2279 5307 κειμένῃ
2309 5253 2321 5265 ·
2355 5232 2466 5306 ἆρα
2491 5234 2599 5304 γάρ
2628 5233 3011 5305 ἐνθυμήσεται,
3043 5233 3123 5287 ὅτι
3144 5233 3336 5303 γέγονέ
3366 5253 3495 5289 ποτε
3513 5237 3713 5307 τρυφὴ,

2050 5325 2133 5376 ὅτι
2182 5324 2383 5394 κόσμος
2429 5323 2562 5386 ὅλως
2606 5323 2787 5389 ἐστίνς
2827 5323 2991 5392 Ὁρᾷς
3038 5322 3120 5376 ὁτι
3161 5322 3254 5378 νῦν
3295 5324 3412 5378 ἐστι
3450 5324 3650 5394 μᾶλλον
3681 5324 3710 5373 ὁ

2051 5412 2308 5481 διωγμὸς,
2361 5410 2610 5482 καθάπερ
2667 5410 2870 5481 θηρίων
2919 5409 3028 5463 τῶν
3091 5410 3278 5465 παθῶν
3322 5411 3714 5480 ἐπιτιθεμένων

2053 5502 2182 5571 ἡμῖν
2221 5499 2524 5564 πάντοθεν;
2578 5497 2687 5551 Νῦν
2727 5501 2874 5551 ἐστιν
2918 5501 2945 5552 6
2985 5499 3226 5569 χαλεπὸς
3252 5498 3509 5568 διωγμὸς,
3538 5495 3710 5566 ταύτῃ

2051 5605 2132 5652 τε,
2162 5589 2255 5640 καὶ
2299 5587 2380 5640 ὅτι
2418 5586 2539 5639 ούδέ
2565 5586 2841 5656 νομίζεται
2863 5582 3002 5640 εἶναι
3025 5586 3282 5654 διωγμός.
3322 5586 3429 5636 Καὶ
3473 5585 3580 5652 γὰρ
3618 5587 3712 5637 καὶ

2051 5675 2210 5727 τοῦτο
2232 5673 2344 5743 ἔχει
2375 5675 2432 5726 τὸ
2460 5674 2692 5744 χαλεπὸν
2722 5670 2873 5737 οὗτος
2902 5677 2930 5726 6
2956 5673 3210 5740 πόλεμος,
3247 5669 3304 5732 ὃς
3337 5671 3524 5740 εἰρήνη
3557 5672 3682 5740 νομί
3694 5700 3712 5712 -

2053 5763 2228 5828 ζεται,
2268 5765 2355 5817 ἵνα
2391 5763 2464 5833 μὴ
2491 5763 2838 5833 ὁπλιζώμεθα
2874 5760 2992 5814 κατ’
3029 5756 3215 5833 αὐτοῦ,
3249 5756 3381 5825 μηδέ
3410 5756 3708 5811 διαναστῶ-

2115 5850 2140 5888 (ι
2180 5853 2296 5902 Alii.
2317 5852 2473 5900 οὐκέτι
2501 5852 2739 5913 σωτηρίαν
2763 5853 2878 5912 ἐχει,
2911 5849 3018 5895 οὐδὲ
3046 5845 3282 5937 ἐλπίδαςῐ
3315 5855 3348 5937 ἐἰ
3389 5843 3619 5920 Mihi»;
3659 5849 3710 5896 δὲ

2117 5915 2158 5937 Υ..
2202 5915 2332 5937 ἒρῖῑ.-
2399 5916 2464 5937 ι’-.
2513 5915 2652 5937 -.”Ῐ-...
2695 5913 2862 5937 καίοι...
2897 5914 2920 5937 Α
2966 5911 3164 5937 ἴαμινηιιρ
3359 5925 3424 5937 ...η
3486 5926 3538 5937 ι...
3566 5927 3701 5937 ..,..λ..

2052 5915 2159 5972 Opis;
2200 5915 2355 5967 δείξω,
2398 5916 2468 5960 ὅτι
2510 5908 2658 5965 οὕτως
2695 5908 2862 5968 χείρων
2896 5914 2920 5956 ὁ
2965 5909 3182 5967 διωγμὸς.
3267 5908 3278 5937 ¹
3311 5908 3442 5966 “me,
3486 5909 3538 5957 οὗ
3566 5914 3702 5970 μόνον

2064 5996 2113 6031 οε
2136 5983 2312 6040 ἅνδοες,
2335 5983 2470 6041 ἀλλὰ,
2496 5982 2674 6032 desunt
2704 5980 2750 6028 in
2778 5991 2872 6029 uno
2901 5979 3005 6027 cod.
