3950 6208
497 361 594 415 139

494 488 625 543 μενο
650 470 825 535 οὐδεὶς
859 471 1094 525 δέδοικεν
1116 510 1130 534 ,
1170 469 1345 535 οὐδεὶς
1391 472 1606 541 τρέμει.
1643 472 1704 525 Εί
1739 473 1795 525 δὲ
1824 473 2103 525 ἀπιστεῖτε
2134 510 2149 533 ,

488 563 615 623 τοὺς
638 561 903 629 Ἓλληνας
928 559 1260 630 ἐρωτήσατε,
1286 560 1413 623 τοὺς
1439 558 1752 622 διώκοντας,
1790 560 1919 612 πότε
1951 560 2018 612 τά
2043 558 2152 613 τῶν

490 648 831 719 Χριστιανῶν
853 646 1238 717 ἀκριϐέστερα,
1269 648 1399 700 πότε
1427 646 1780 717 δοκιμώτεροι
1798 648 2032 711 πάντες;
2056 647 2149 709 Εἰς

489 736 669 804 ὀλίγον
710 736 809 806 μὲν
851 737 1223 804 περιειστήκει
1255 734 1375 787 τότε
1413 734 1473 788 τὸ
1514 735 1713 804 πλῆθος
1748 750 1759 762 ·
1793 736 1872 797 εἰς
1899 734 2063 787 πολὺν
2096 734 2154 787 δὲ

490 823 691 893 ἀρετῆς
721 821 948 875 πλοῦτον
980 818 1068 892 ἦν.
1088 822 1153 874 Τί
1173 822 1279 893 γὰρ
1306 822 1514 891 ὄφελος.
1540 822 1659 875 εἰπέ
1689 840 1800 892 μοι,
1826 823 1993 875 πολὺν
2016 817 2153 875 εἶναι

490 909 702 978 χόρτον,
738 909 909 980 παρὸν
938 909 1114 972 λίθους
1140 904 1282 963 εἶναι
1313 909 1528 980 τιμίους
1552 921 1606 973 ας
1630 911 1744 962 Οὐκ
1779 910 1834 961 ἐν
1856 909 1934 980 τῷ
1960 909 2152 981 πλήθει

490 997 582 1049 τοῦ
612 997 871 1068 ἀριθμοῦ,
907 996 1020 1050 ἀλλ’
1050 998 1109 1048 ἐν
1136 1000 1201 1068 τῇ
1229 996 1542 1067 δοκιμότητι
1571 998 1670 1067 τῆς
1702 999 1900 1068 ἀρετῆς
1923 998 1984 1051 τδ
2012 999 2155 1069 πλῆ·

490 1083 581 1146 θός
606 1085 772 1137 ἐστιν.
807 1084 865 1136 ὐ
898 1084 1082 1147 Ἠλίας
1108 1080 1191 1147 εἷς
1218 1080 1285 1156 ἦν
1310 1102 1323 1115 ’
1354 1085 1510 1138 ἀλλ’ὁ
1538 1085 1741 1154 κόσμος
1772 1085 1871 1137 οὐκ
1894 1081 1961 1156 ἦν
1990 1085 2153 1138 αὐτοῦ

490 1170 760 1236 ἀντάξιος.
799 1170 909 1224 Καὶ
945 1170 1051 1241 μὴν
1089 1172 1117 1223 6
1153 1171 1356 1241 κόσμος
1386 1171 1647 1241 μυριάδες
1691 1171 1830 1224 εἰσίν
1853 1188 1866 1201 ·
1905 1170 2020 1224 ἀλλ’
2053 1171 2153 1223 οὐκ

491 1258 597 1310 είσὶ
618 1257 894 1327 μυριάδες,
911 1258 1038 1311 ὅταν
1056 1258 1188 1329 μηδὲ
1204 1258 1340 1329 πρὸς
1360 1259 1450 1311 τὸν
1471 1258 1569 1312 ’ένα
1598 1250 1881 1323 ἐθῶνται
1902 1302 1912 1312 .
1948 1260 2151 1326 Κρείον-

491 1361 619 1399 σων
646 1346 671 1385 δ
698 1343 785 1411 εἷς
810 1345 998 1401 ποιῶν
1021 1348 1085 1400 τὸ
1114 1347 1343 1416 θέλημα
1372 1349 1621 1415 Κυρίου,
1660 1349 1696 1414 ἢ
1730 1349 1929 1417 μύριοι
1963 1349 2150 1416 παρά-

490 1449 679 1501 νομοι.
699 1433 868 1487 Τοῦτο
889 1434 983 1488 καί
999 1452 1079 1497 τις
1103 1436 1267 1504 σοφὸς
1293 1436 1663 1506 αἰνιττόμενος
1689 1437 1831 1489 οὐτω
1857 1434 1971 1500 πώς
1996 1450 2147 1505 φησι·

488 1520 583 1587 Μὴ
617 1520 886 1590 mamma
928 1522 1163 1591 πλῆθος
1210 1524 1436 1577 τέκνων
1478 1524 1817 1591 ἀχρήστων.
1872 1518 2028 1577 Οῦτοι
2059 1523 2152 1575 καὶ

492 1608 838 1679 βλασφημίαν
868 1610 1283 1681 προστρίϐονται
1308 1610 1385 1680 τῷ
1410 1611 1528 1683 Θεῷ
1557 1613 1774 1682 μᾶλλον,
1794 1612 1826 1682 ἢ
1846 1613 1893 1665 εί
1919 1612 1993 1682 μὴ
2013 1607 2151 1683 ἦσαν

489 1696 822 1766 Χριστιανοί.
853 1696 917 1749 Τί
950 1715 1039 1767 μοι
1065 1698 1144 1750 δεῖ
1165 1698 1426 1767 πλήθους;
1455 1700 1638 1771 Τροφὴ
1668 1699 1867 1753 πλείων
1895 1700 1970 1770 τῷ
1996 1699 2146 1770 πυρί.

489 1781 659 1835 Τοῦτο
688 1785 781 1836 καὶ
812 1786 875 1837 ὲκ
904 1783 998 1837 τοῦ
1030 1784 1280 1855 σώματος
1304 1787 1490 1856 γνοίης
1517 1788 1611 1851 ἂν,
1639 1790 1718 1841 ὅτι
1752 1788 1973 1858 βελτίων
2015 1788 2151 1859 σύμ-

492 1885 689 1939 μετρος
712 1873 884 1942 τροφὴ
920 1874 1059 1942 μετὰ
1092 1874 1299 1941 ὑγιείας
1320 1916 1333 1940 ,
1366 1876 1397 1946 ἢ
1432 1876 1611 1945 τρυφὴ
1659 1876 1795 1946 μετά
1832 1877 2146 1939 κακώσεως.

488 1954 636 2023 Αὖτη
676 1957 875 2011 πλείων
902 1960 1117 2030 ἐκείνης
1146 1962 1179 2031 ὴ
1208 1963 1379 2031 τροφή
1409 1979 1422 1991 ·
1451 1961 1608 2015 τοῦτο
1633 1963 1827 2032 τροφὴ,
1867 1964 2043 2016 έκεῖνο
2064 1963 2150 2015 νό-

490 2058 602 2106 σος.
638 2043 809 2097 Τοῦτο
858 2046 951 2098 καὶ
1000 2048 1059 2099 ἐν
1105 2047 1328 2119 πολέμῳ
1376 2048 1473 2102 ἴδοι
1518 2067 1601 2111 τις
1658 2050 1745 2116 ἂν,
1779 2050 1985 2118 βέλτιον
2013 2045 2150 2103 εἶναι

488 2130 623 2183 δέκα
649 2132 945 2203 ἐμπείρους
984 2134 1077 2186 καὶ
1106 2136 1385 2202 γενναίους
1412 2134 1632 2206 ἄνδρας,
1670 2138 1703 2206 ἢ
1743 2137 1967 2208 μυρίους
1994 2138 2151 2191 ἀπεί-

493 2233 637 2286 ρους.
669 2213 826 2272 υῦτοι
868 2220 999 2291 πρὸς
1019 2220 1096 2291 τῷ
1122 2222 1287 2292 μηδὲν
1321 2223 1657 2294 ἐργάσασθαι
1693 2226 1787 2278 καὶ
1824 2226 1948 2287 τοὺς
1980 2226 2148 2297 ἐργα-

488 2304 747 2373 ζομένους
773 2308 1120 2374 ἐγκόπτουσι.
1140 2310 1310 2363 Τοῦτο
1330 2311 1422 2363 καὶ
1453 2311 1545 2365 ἐπὶ
1576 2312 1758 2365 πλοίου
1786 2312 1936 2383 εὖροι
1957 2330 2039 2375 τις
2062 2313 2147 2377 ἂν,

489 2390 698 2457 βέλτιον
732 2388 869 2446 εἶναι
898 2394 991 2447 δύο
1027 2394 1225 2459 ναύτας
1270 2397 1590 2468 ἐμπείρους,
1634 2399 1667 2470 ἢ
1715 2400 1905 2470 μυρίον
1946 2399 2150 2469 πλῆθος

486 2479 730 2549 ἀπείρων
756 2496 766 2508 ·
794 2474 939 2533 οὗτοι
968 2481 1077 2552 γὰρ
1108 2482 1167 2534 τὸ
1201 2482 1382 2537 πλοῖον
1410 2486 1502 2537 καὶ
1536 2486 1924 2540 καταδύσουσι.

560 2565 622 2619 δ’.
654 2566 841 2620 Ταῦτα
862 2566 1024 2635 λέγω,
1050 2569 1169 2638 οὐχὶ
1203 2570 1341 2641 πρὸς
1372 2571 1431 2623 τὸ
1466 2571 1664 2642 πλῆθος
1704 2573 1858 2644 ὐμῶν
1896 2574 2148 2644 ἀπεχθῶς

488 2649 649 2720 ἔχων,
679 2651 817 2705 ἀλλά
848 2652 1167 2723 βουλόμενος
1196 2656 1405 2720 πάντας
1445 2652 1584 2711 εἶναι
1612 2658 1868 2729 δοκίμους
1889 2700 1904 2723 ,
1945 2662 2037 2714 καὶ
2074 2663 2149 2733 μὴ

487 2737 563 2806 τῷ
593 2737 791 2809 πλήθει
815 2738 1055 2810 θαρρεῖν.
1083 2740 1231 2815 [198]
1256 2743 1441 2814 Πολλῷ
1463 2744 1680 2808 πλείους
1698 2747 1832 2799 είσὶν
1854 2747 1903 2799 οἱ
1948 2749 2027 2811 είς
2051 2749 2150 2820 τὴν

486 2825 711 2893 γέενναν
736 2828 994 2893 εἰσιόντες
1016 2846 1029 2859 ο
1053 2830 1187 2883 ἀλλὰ
1223 2830 1424 2900 μείζων
1456 2834 1626 2903 αὐτῆς
1653 2836 1799 2887 ἐστιν
1823 2838 1854 2905 ή
1884 2835 2146 2905 βασιλεία,

488 2913 592 2967 κᾶν
611 2913 823 2982 ὀλίγους
855 2916 974 2989 ἔχῃ.
1019 2918 1107 2981 Ὠς
1130 2921 1162 2986 ἡ
1197 2920 1379 2991 ἄμμος
1405 2922 1504 2993 τῆς
1535 2922 1809 2993 θαλάσσης
1836 2920 1903 2994 ἦν
1932 2925 1991 2978 τὸ
2014 2926 2148 2995 πλῆο

487 3001 577 3065 θος
599 3001 694 3055 τοῦ
726 3002 876 3067 λαοῦ,
909 3004 1023 3058 ἀλλ’
1051 3000 1131 3068 εἷς
1161 3005 1362 3060 ἔσωσεν
1388 3005 1715 3073 αὐτούς.Είς
1744 3007 1810 3081 ἦν
1838 3014 1866 3064 6
1886 3013 2145 3082 Μωῦσῆς,

486 3088 577 3141 καὶ
603 3090 819 3143 πάντων
851 3091 1075 3162 μείζονα
1103 3094 1319 3163 ἴσχυσεν
1344 3113 1357 3126 ’
1378 3092 1461 3159 εἷς
1488 3092 1557 3166 ἦν
1583 3098 1611 3150 6
1649 3096 1874 3167 Ἰησοῦς,
1913 3099 2006 3152 καὶ
2039 3100 2148 3152 τῶν

486 3175 785 3240 ἑξακοσίων
817 3178 1069 3247 χιλιάδων
1105 3179 1263 3233 πλέον
1287 3182 1547 3253 ἠδυνήθη.
1599 3183 1691 3254 Μὴ
1722 3184 1880 3237 τοῦτο
1917 3187 2149 3241 σπουδά·

485 3264 687 3336 ζωμεν,
720 3267 867 3329 ὅπως
901 3269 1086 3321 πολλοὶ
1130 3269 1369 3337 γένοιντο
1409 3271 1586 3341 μόνον,
1640 3272 1777 3325 ἀλλά
1801 3273 1906 3344 πρὸ
1930 3274 2145 3339 τούτου,

484 3352 634 3416 ὅπως
672 3351 883 3423 δόκιμοι
917 3371 929 3382 ·
963 3356 1090 3409 ὅταν
1114 3357 1272 3409 τοῦτο
1299 3360 1739 3431 κατασκευασθῇ,
1768 3362 1888 3414 τότε
1909 3363 2143 3417 κάκεῖνο.

486 3439 671 3502 Οὐδεὶς
698 3441 875 3494 οίκίαν
898 3442 1206 3513 εὐρύχωρον
1234 3445 1447 3516 πρῶτον
1470 3447 1717 3516 βούλεται
1742 3452 1984 3521 ποιῆσαι,
2013 3454 2146 3507 ἀλλά

486 3527 700 3598 πρῶτον
738 3529 962 3601 ίσχυράν
993 3532 1087 3583 καὶ
1114 3532 1357 3603 δόκιμον,
1401 3537 1495 3588 καὶ
1518 3536 1638 3589 τότε
1674 3538 1983 3610 εὐρύχωρον
2010 3558 2022 3571 ο
2054 3543 2144 3594 οὐ·

484 3615 595 3679 δεὶς
626 3615 807 3698 βάλλει
837 3616 1061 3688 θεμέλια
1095 3632 1142 3686 ο,
1172 3623 1257 3675 ἵνα
1286 3624 1686 3696 καταγελασθῇ.
1736 3626 1958 3698 Πρῶτον
1990 3629 2147 3682 τοῦτο

486 3702 760 3773 ζητῶμεν,
792 3706 886 3758 καὶ
919 3708 1039 3759 τότε
1068 3710 1263 3762 ἐκεῖνο.
1310 3711 1514 3765 Τούτου
1556 3713 1727 3778 ὖντος,
1776 3713 1998 3769 εὔκολον
2045 3720 2143 3771 κά-

487 3793 633 3843 κεῖνο
665 3791 817 3844 ἔσται
844 3811 857 3823 ’
884 3794 1095 3847 ἐκείνου
1129 3795 1185 3848 δὲ
1216 3798 1317 3850 οὐκ
1342 3798 1523 3864 ὄντος,
1564 3801 1723 3854 τοῦτο
1765 3803 1869 3856 κᾶν
1902 3799 1958 3877 ᾗ,
1992 3806 2145 3859 οὐδὲν

484 3879 697 3948 ὄφελος.
737 3882 945 3935 Ὄντων
988 3883 1086 3953 μὲν
1127 3885 1235 3955 γὰρ
1275 3886 1385 3939 τῶν
1415 3888 1725 3959 δυναμένων
1752 3893 1809 3944 ἐν
1845 3893 2145 3966 Ἐκκλησία

484 3966 716 4038 λάμψαι,
746 3970 952 4039 ταχέως
973 3971 1122 4025 ἔσται
1157 3974 1251 4026 καὶ
1277 3974 1726 4046 πλῆθος’τούτων
1752 3979 1805 4032 δὲ
1831 3981 1931 4034 οὐκ
1952 3980 2140 4046 ὄντων,

484 4054 542 4107 τὸ
573 4054 774 4124 πλῆθος
806 4058 1058 4112 οὐδέποτε
1086 4059 1239 4114 ἔσται
1271 4062 1512 4132 δόκιμον.

553 4143 763 4209 Πόσους
790 4146 966 4201 οἴεσθε
998 4149 1053 4200 ἐν
1082 4152 1146 4219 τῇ
1180 4150 1330 4203 πόλει
1358 4155 1422 4222 τῇ
1451 4153 1699 4224 ἡμετέρα
1731 4151 1866 4209 εἶναι
1895 4159 2017 4220 τοὺς
2042 4176 2143 4211 σω-

481 4230 770 4301 ζομένουςς
823 4236 1090 4305 Ἐπαχθές
1120 4237 1217 4307 μέν
1246 4242 1413 4303 ἐστιν,
1444 4240 1472 4292 6
1502 4242 1679 4310 μέλλω
1708 4242 1887 4311 λέγειν
1910 4261 1925 4276 ⁸
1955 4247 2063 4317 ἐρῶ
2087 4247 2142 4301 δέ

480 4320 648 4387 ὅμως.
690 4322 804 4373 Οὐκ
844 4321 992 4375 ἔστιν
1035 4324 1093 4375 ἐν
1129 4325 1421 4389 τοσαύταις
1450 4330 1708 4396 μυριάσιν
1739 4332 1931 4386 ἑκατὸν
1962 4335 2141 4405 εὑρεῖν

479 4407 605 4468 τοὺς
644 4405 985 4475 σωζομένους
1010 4426 1024 4439 ·
1049 4409 1183 4462 ἀλλά
1224 4412 1318 4463 καὶ
1359 4414 1498 4485 ὑπὲρ
1543 4416 1745 4469 τούτων
1786 4420 2136 4491 ἀμφισϐητῶ.

480 4492 623 4561 Πόση
651 4491 779 4564 γὰρ,
811 4493 934 4546 είπέ
968 4511 1076 4564 μοι,
1114 4498 1281 4550 κακία
1307 4500 1365 4551 ἐν
1390 4502 1501 4563 τοῖς
1522 4502 1689 4567 νέοις;
1729 4506 1865 4577 πόση
1898 4508 2140 4578 ῥᾳθυμία

478 4581 536 4633 ἐν
568 4581 681 4642 τοῖς
720 4582 1126 4651 γεγηρακόσιν;
1168 4586 1356 4650 Οὐδεὶς
1403 4588 1479 4650 ώς
1519 4590 1623 4660 χρὴ
1668 4593 1981 4663 ἐπιμέλειαν
2025 4596 2140 4666 ἔχει

476 4667 569 4721 τοῦ
594 4667 779 4732 παιδὸς
813 4669 906 4721 τοῦ
937 4671 1128 4724 ἑαυτοῦ
1157 4689 1169 4702 ·
1199 4674 1371 4737 οὐδεὶς
1401 4675 1514 4745 ἔχει
1545 4676 1705 4747 ζῆλον
1735 4682 1870 4751 πρὸς
1897 4684 2137 4752 πρεσϐύ-

475 4772 576 4824 την
626 4755 749 4809 ἰδὼν
796 4759 1159 4828 μιμήσασθαι.
1211 4762 1292 4815 Τὰ
1346 4765 1633 4834 ἀρχέτυπα
1688 4769 2137 4837 ἠφάνισταιοδιὰ

475 4843 635 4896 τοῦτο
675 4845 795 4899 οὐδὲ
840 4848 888 4899 οἱ
927 4847 1037 4901 νέοι
1083 4848 1319 4916 γίνονται
1362 4851 1683 4921 θαυμαστοί.
1717 4858 1806 4927 Μή
1842 4875 1931 4926 μοι
1962 4860 2139 4914 ἐκεῖνο

475 4930 622 4997 λέγε,
662 4934 744 4985 ὅτι
772 4934 1202 5007 Πολυοχλοῦμεν.
1226 4937 1398 4992 Τοῦτο
1428 4939 1650 5011 ψυχρῶν
1675 4944 1980 5015 ἀνθρώπων
1996 4950 2134 5002 ἐστί’

477 5020 571 5071 καὶ
604 5021 696 5074 ἐπὶ
732 5021 833 5087 μὲν
866 5022 1171 5094 ἀνθρώπων
1198 5025 1423 5089 εἰκότως
1451 5027 1516 5080 ἂν
1536 5028 1692 5083 τοῦτο
1716 5030 1945 5100 λέγοιτο,
1971 5037 2063 5089 ἐπὶ
2081 5038 2136 5091 δὲ

475 5103 611 5155 Θεοῦ
646 5106 742 5158 τοῦ
770 5108 830 5161 οὐ
861 5109 1118 5179 δεομένου
1150 5112 1324 5181 ήμῶν,
1365 5114 1465 5169 οὐκ
1494 5115 1593 5169 ἔτι.
1632 5118 1752 5170 Ὅτι
1796 5120 1852 5173 δὲ
1889 5124 1982 5176 καὶ
2021 5126 2138 5178 ἐκεῖ

474 5189 681 5261 ψυχρόν
720 5195 833 5247 ἐστι
865 5197 927 5248 τὸ
964 5199 1135 5267 ῥῆμα,
1176 5200 1426 5255 ἄκουσον.
1482 5203 1541 5257 Ὀ
1577 5204 1802 5269 πολλοὺς
1827 5207 1966 5278 ἔχων
1991 5214 2135 5266 οἰκέ-

474 5293 594 5340 τας,
636 5278 701 5332 ἂν
730 5278 1154 5352 διεφθαρμένους
1186 5287 1383 5351 αὐτοὺς
1416 5289 1534 5362 ἔχῃ,
1568 5291 1666 5344 ὅσα
1692 5294 1935 5347 πείσεται
1957 5298 2131 5353 δειναί

476 5366 584 5418 Καὶ
615 5368 707 5420 ἐπὶ
748 5368 845 5436 μὲν
883 5369 977 5421 τοῦ
1025 5371 1229 5440 μηδένα
1268 5375 1482 5444 ἔχοντος
1528 5377 1687 5432 τοῦτο
1722 5381 1869 5434 δοκεί
1897 5380 2039 5441 εἶναι
2077 5390 2134 5442 τὸ

471 5454 664 5518 δεινὸν,
696 5456 779 5507 ὃτι
807 5455 905 5523 οὐχ
940 5456 1294 5527 ὐπηρετεῖται
1319 5477 1332 5491 ·
1379 5462 1472 5515 ἐπὶ
1501 5464 1557 5516 δέ
1587 5466 1681 5519 τοῦ
1712 5472 1835 5533 τοὺς
1868 5477 2131 5544 πονηροζς

475 5541 709 5611 ἔχοντος,
767 5546 860 5595 καὶ
905 5544 1097 5597 ἑαυτὸν
1146 5548 1553 5616 προσαπόλλυσι
1606 5556 1725 5621 μετ’
1760 5541 2019 5624 ἐκείνων,
2044 5564 2133 5616 καὶ

479 5630 681 5697 μείζων
712 5632 743 5700 ή
772 5630 965 5702 ζημία.
999 5632 1105 5684 Τοῦ
1136 5632 1244 5703 γὰρ
1274 5635 1452 5704 ἑαυτῷ
1480 5636 1745 5695 διακονεῖν
1780 5646 1957 5716 πολλῷ
1980 5649 2135 5718 χαλε-

476 5717 720 5789 πώτερον
765 5721 825 5772 τὸ
868 5721 960 5774 καὶ
1000 5721 1206 5792 ἑτέροις
1240 5724 1528 5777 πυκτεύειν
1559 5728 1651 5779 καὶ
1675 5730 1909 5802 πόλεμον
1943 5736 2129 5789 ἀναδέ-

540 5880 563 5950 f
592 5879 743 5955 Sa‘vil;
771 5887 917 5955 παρὸν
938 5891 966 5946 ἦ
1002 5891 1153 5945 λίθους
1178 5891 1356 5951 τιμίους
1378 5893 1407 5949 ἢ
1433 5893 1607 5953 χρυσὸν
1640 5894 1911 5953 ἀγαγέσθαι.
1980 5897 2005 5936 ῑ·
2036 5899 2131 5948 Alli

479 5955 589 6002 κρυ.
610 5950 689 5994 τόν
724 5950 802 5994 ἕνα
848 5950 1088 6011 ἑρχωνται.
1135 5950 1399 6018 Κρείσσων.
1433 5950 1488 5985 mc
1526 5956 1622 6004 Alii
1656 5950 1874 6015 θεμέλιον.

1259 361 1317 419 5.
1354 359 1639 418 JOANNIS
1674 361 2160 417 CIIRYSOSTOMI
2204 365 2528 424 ARCHIEP.
2569 361 3117 423 CONSTANTINOP.

2256 471 2466 538 χεσθαι.
2492 471 2674 525 Ταῦτα
2696 472 2859 541 λέγω,
2891 472 2977 525 ἴνα
3009 473 3083 543 μή
3110 490 3192 538 τις
3217 475 3314 545 τὴν
3355 475 3670 548 Ἐκκλησίαν
3693 481 3765 535 θαι

2256 554 2324 627 ζῃ
2358 556 2448 609 διὰ
2476 557 2539 609 τὸ
2572 558 2792 628 πλῆθος,
2822 558 2940 611 ἀλλ’
2976 559 3061 633 ἵνα
3093 561 3483 633 σπουδάζωμεν
3527 564 3650 618 αὐτὸ
3682 567 3766 620 δόκ

2255 643 2628 712 ἐργάσασθαιο
2656 644 2743 698 ἵνα
2789 645 3017 709 ἕκαστος
3058 648 3151 699 τοῦ
3199 649 3402 703 οἰκείου
3448 655 3641 723 προνοῇ
3690 654 3766 723 μέ)

2249 732 2369 801 οὐχὶ
2414 733 2521 785 τῶν
2572 733 2761 802 φίλων,
2807 734 2929 786 οὐδέ
2968 737 3076 787 τῶν
3131 738 3424 805 συγγενῶν,
3459 740 3596 809 ὅπερ
3629 742 3709 793 ἀεὶ¹
3734 742 3761 793 λ

2248 818 2370 870 οὐδὲ
2402 818 2509 870 τῶν
2544 819 2802 886 γειτόνων
2834 838 2847 850 ’
2881 820 3022 873 ἀλλὰ
3056 822 3149 873 καὶ
3179 822 3318 875 ὥστε
3356 824 3481 887 τοὺς
3525 824 3702 889 ξένους
3741 830 3763 878 ἐ

2251 907 2462 960 κεσθαι.
2496 902 2642 970 Οἷον,
2672 908 2804 978 εὐχὴ
2835 909 3040 976 γίνεται
3062 952 3075 973 ,
3105 913 3312 964 κεῖνται
3349 912 3549 975 πάντες
3580 914 3683 966 νέοι
3706 915 3766 983 ψυ

2250 995 2344 1045 καὶ
2370 993 2624 1064 γέροντες
2642 1013 2656 1027 υ
2683 996 3008 1067 καθάρματα
3038 998 3234 1067 μᾶλλον
3264 998 3296 1069 ἢ
3321 999 3450 1063 νέοι,
3480 1000 3754 1068 γελῶντες,

2251 1080 2651 1150 καγχάζοντες,
2687 1083 3056 1155 διαλεγόμενοι
3091 1088 3206 1153 (καὶ
3234 1087 3341 1157 γὰρ
3372 1089 3466 1142 καὶ
3506 1089 3661 1143 τοῦτο
3700 1092 3765 1160 ἡκ

2249 1168 2587 1239 γινόμενον),
2619 1170 2712 1222 καὶ
2741 1170 3000 1241 ἀλλήλους
3043 1173 3386 1237 σκώπτοντες
3429 1176 3521 1227 ἐπὶ
3558 1176 3755 1244 γόνατα

2253 1272 2403 1324 μενοι
2432 1273 2445 1287 ο
2489 1257 2551 1308 συ
2591 1256 2940 1327 παρέστηκας
2969 1260 2997 1312 6
3026 1260 3141 1323 νέος
3175 1260 3207 1331 ἢ
3239 1263 3266 1313 6
3300 1261 3613 1331 πρεσϐύτης
3635 1303 3649 1325 ,
3680 1265 3765 1316 ἐπί

2251 1341 2359 1405 ξον,
2386 1343 2450 1395 ἃν
2472 1342 2605 1412 ἴδῃς,
2632 1343 2925 1410 ἐγκάλεσον
2949 1345 3318 1417 σφοδρότερον,
3335 1348 3433 1400 οὐκ
3452 1349 3766 1419 ἀνεχόμενον

2249 1428 2496 1483 διάκονον
2519 1430 2766 1494 κάλεσον,
2798 1432 3113 1503 ἀπείλησον,
3143 1433 3210 1487 τὰ
3232 1434 3383 1505 παρὰ
3410 1435 3610 1488 σαυτοῦ
3640 1437 3759 1506 ποίη

2251 1516 2344 1568 καὶ
2374 1516 2468 1570 ἐάν
2494 1517 2740 1591 τολμήσῃ
2766 1536 2817 1571 τι
2846 1520 2925 1581 είς
2959 1519 3017 1571 σὲ
3048 1519 3407 1591 ἐργάσασθαι,
3438 1522 3655 1585 πάντως
3687 1525 3766 1575 πο)

2250 1602 2393 1667 ἕξεις
2417 1602 2451 1645 ἀ
2482 1604 2607 1667 τοὺς
2643 1605 3083 1675 συναιρομένους.
3137 1607 3231 1669 Τίς
3259 1608 3365 1679 γὰρ
3390 1607 3561 1673 οὕτως
3595 1610 3766 1678 ἀλόγιτ

2248 1690 2324 1754 ὡς
2356 1692 2478 1744 ίδών
2508 1709 2567 1744 σε
2591 1692 2926 1760 ἐγκαλοῦντα
2958 1694 3096 1762 ὑπὲρ
3133 1694 3389 1747 τοιούτων
3430 1696 3716 1759 κάκείνους
3742 1700 3763 1749 ὲ

2249 1780 2560 1852 λουμένους,
2596 1782 2671 1853 μὴ
2692 1782 2791 1852 τῆς
2821 1783 2919 1853 σῆς
2953 1782 3204 1851 γενέσθαι
3247 1785 3503 1854 μερίδος;
3538 1787 3766 1839 Ἀπελθε

2208 1868 2358 1925 ,6ὼν
2404 1869 2495 1922 τὸν
2544 1869 2734 1938 μισθὸν
2776 1870 2884 1923 ἀπὸ
2928 1870 3025 1938 τῆς
3072 1871 3252 1941 εὐχῆς.
3291 1872 3378 1923 Ἐν
3429 1872 3581 1943 οἰκίᾳ
3624 1873 3766 1924 δεσπι

2246 1954 2468 2018 τούτους
2499 1956 2887 2026 εὐνουστέρους
2917 1957 3025 2009 τῶν
3055 1956 3257 2011 δούλων
3284 1958 3571 2030 κρίνομεν,
3601 1962 3765 2014 ὂσοιπ.

2252 2040 2418 2110 μηδὲν
2456 2042 2770 2115 παρορῶσιν
2798 2043 3053 2105 ἀτάκτως
3096 2044 3348 2113 κείμενον
3398 2044 3617 2109 σκεῦος.
3668 2048 3766 2099 Ei:

2251 2142 2360 2193 μοι,
2376 2126 2441 2179 ἂν
2455 2126 2568 2197 ἴδῃς
2584 2129 2640 2179 ἐν
2651 2126 2797 2198 οἰκίᾳ
2809 2128 2869 2180 τὸ
2885 2128 3151 2199 ἀργύρεον
3167 2130 3353 2193 σκεῦος
3368 2129 3387 2201 [
3400 2132 3415 2183 ί
3427 2130 3515 2203 99]
3531 2132 3643 2197 ἔξω
3657 2134 3766 2204 ὲρῤι

2247 2228 2357 2273 νον,
2381 2212 2483 2265 κᾶν
2515 2212 2589 2283 μὴ
2623 2210 2688 2285 ᾖς
2726 2215 3181 2285 ἐπιτεταγμένος,
3219 2212 3305 2288 ἆρ’
3338 2218 3398 2270 οὐ
3428 2218 3583 2290 λήψῃ
3626 2220 3766 2273 τοῦτ(

2248 2300 2499 2365 εἰσοίσεις
2531 2302 2587 2353 ἐν
2617 2305 2684 2371 τῇ
2713 2302 2897 2373 οἰκίας
2934 2304 3000 2357 ἂν
3037 2304 3248 2375 ἱμάτιον
3294 2307 3483 2370 ἁπλῶς
3545 2311 3765 2379 ἐρῤιμμ

2248 2386 2349 2441 κᾶν
2382 2388 2455 2458 μὴ
2492 2388 2622 2459 ἔχῃς
2648 2390 2746 2459 τὴν
2778 2391 3061 2460 φροντίδα,
3096 2392 3199 2446 κᾶν
3234 2393 3426 2465 ἐχθρὸς
3456 2390 3524 2467 ᾗς
3560 2396 3657 2448 τοῦ
3691 2414 3765 2465 πρ

2246 2476 2468 2545 ταχότος
2496 2488 2541 2543 ο,
2574 2476 2662 2530 διά
2686 2478 2783 2547 τὴν
2809 2481 2889 2541 εἰς
2912 2479 3002 2533 τὸν
3029 2480 3293 2551 δεσπότην
3332 2480 3553 2536 εὔνοιαν
3577 2524 3593 2547 ,
3641 2485 3702 2536 οὐ
3739 2484 3765 2535 θ

2246 2560 2404 2614 τοῦτο
2428 2562 2641 2629 καλῶς;
2670 2562 2825 2616 Οὕτω
2846 2564 2939 2617 καὶ
2967 2564 3078 2618 νῦν.
3106 2566 3280 2637 Σκεύη
3308 2568 3479 2621 ταῦτά
3499 2570 3664 2621 ἐστιν
3684 2586 3695 2596 ⁸
3720 2569 3765 2621 ἂπ

2247 2648 2498 2712 ἀτάκτως
2528 2651 2755 2720 κείμενα
2774 2690 2787 2713 ,
2841 2652 3281 2723 μεταρρύθμισον
3310 2670 3324 2684 ·
3360 2655 3480 2724 ἐμοὶ.
3509 2655 3759 2727 ττρόσελθ

2247 2738 2617 2809 παραιτοῦμαι
2644 2754 2657 2768 '
2685 2740 2806 2809 ἐμοὶ
2829 2740 2973 2804 εἰπὲ,
2994 2740 3153 2808 δῆλον
3178 2740 3532 2811 κατάστησον
3558 2760 3571 2772 ο
3599 2744 3661 2795 οὐ
3694 2743 3765 2794 δύ’

2247 2827 2423 2879 πάντα
2455 2827 2617 2895 ὁρᾷν,
2654 2825 2955 2893 σύγγνωτε.
3006 2827 3195 2897 Ὁρᾶτε
3218 2870 3231 2893 ,
3272 2829 3369 2899 ὅση
3405 2830 3589 2883 κακία
3626 2830 3765 2899 τὴν(

2250 2914 2416 2983 μένην
2449 2913 2688 2983 κατέχει.
2744 2915 2893 2983 Μήτι
2921 2915 3107 2977 ἁπλῶς
3131 2915 3341 2983 ἔλεγον,
3390 2918 3473 2968 ὅτι
3514 2918 3729 2987 πλῆθός
3758 2920 3766 2967 ἐ

2246 3000 2464 3071 χόρτου,
2498 3000 2736 3068 πέλαγος
2760 3000 3030 3067 ἄτακτον;
3062 3003 3133 3055 Οὐ
3160 3002 3324 3071 λέγω,
3362 3004 3445 3056 ὅτι
3466 3005 3684 3057 ἐκεῖνοι
3702 3022 3762 3056 το

2246 3086 2511 3153 ποιοῦσιν,
2538 3087 2653 3141 ἀλλ’
2691 3088 2770 3141 ὅτι
2804 3089 3055 3153 τοσοῦτος
3092 3089 3256 3153 ὕπνος
3296 3094 3628 3161 καταχεῖται
3663 3092 3764 3144 τῶν

2249 3173 2423 3225 ιόντωκ
2454 3212 2468 3231 .
2510 3173 2651 3226 ὥστε
2687 3175 2820 3244 μηδέ
2856 3175 3031 3229 ταῦτα
3067 3175 3332 3247 διορθοῦν.
3364 3177 3541 3233 Πάλιν
3571 3179 3764 3250 ἐτέρου

2243 3260 2655 3331 διαλεγομένους
2705 3262 2982 3326 ἑστῶτας,
3035 3263 3135 3332 τῆς
3187 3263 3355 3334 εὐχῆς
3405 3260 3753 3335 γινομένης·

2244 3347 2635 3417 ἐπιεικέστεροι
2670 3348 2870 3415 αὐτῶν,
2912 3349 3032 3402 οὐδέ
3059 3350 3158 3421 τῆς
3191 3350 3358 3421 εὐχῆς
3389 3353 3700 3423 γινομένης
3750 3371 3760 3423 ι

2243 3433 2377 3486 ἀλλὰ
2432 3435 2527 3487 καὶ
2587 3435 2935 3503 εὐλογοῦντος
2992 3437 3087 3490 τοῦ
3151 3438 3360 3511 ἱερέως.
3403 3440 3471 3491 Ὢ
3521 3440 3631 3510 τῆς
3685 3440 3758 3492 τόῖ

2244 3521 2373 3573 πότε
2402 3520 2555 3574 ἔσται
2581 3524 2860 3593 σωτηρίας
2890 3523 3006 3587 πῶς
3034 3525 3373 3596 δυνησόμεθα
3398 3526 3499 3580 τὸν
3531 3528 3673 3581 Θεὸν
3708 3528 3758 3594 ἐξ

2248 3608 2467 3673 σασθαι;
2500 3611 2591 3674 El;
2611 3610 2826 3664 παιδιάν
2845 3611 2909 3664 ἂν
2927 3612 3184 3684 ἀπέλθῃς,
3210 3613 3329 3683 ὄψει
3362 3616 3588 3679 πάντας
3621 3616 3755 3685 εὐρύ

2244 3690 2563 3761 χορεύοντας
2582 3732 2596 3755 ,
2626 3694 2719 3745 καὶ
2740 3693 2890 3745 οὐδὲν
2925 3694 3403 3765 παρημελημένον.
3447 3697 3543 3761 Ὠς
3573 3694 3674 3751 οὖν
3704 3700 3754 3749 ἐν

2245 3780 2598 3850 παναρμονίῳ
2640 3780 2732 3833 καὶ
2777 3781 3033 3843 ποικίλως
3056 3783 3438 3852 ἐσκευασμένη
3483 3785 3589 3853 μία
3628 3803 3752 3843 τιςι

2245 3867 2531 3936 συμφωνία
2581 3867 2918 3920 ἀποτελεῖται
2954 3870 3017 3920 ἐκ
3057 3869 3155 3939 τῆς
3207 3869 3327 3922 καθ’
3371 3870 3625 3925 ἕκαστον
3687 3872 3749 3923 εὐ

2243 3953 2349 4006 τῶν
2382 3954 2750 4023 συγκειμένων
2781 3971 2793 3985 ·
2821 3955 2963 4007 οὕτω
3000 3954 3063 4025 δὴ
3101 3956 3190 4007 καὶ
3217 3956 3454 4009 ἐνταῦθα
3493 3960 3639 4029 μίαν
3677 3960 3739 4023 ἐξ

2242 4058 2348 4093 των
2392 4040 2677 4111 σύμφωνον
2728 4042 2992 4111 ἁρμονίαν
3046 4042 3321 4112 προσῆκεν
3360 4044 3747 4099 ἀποτελεῖσθα

2242 4127 2348 4197 γὰρ
2386 4128 2686 4198 γεγόναμεν
2734 4127 3061 4199 Ἐκκλησία,
3118 4131 3244 4200 μιᾶς
3289 4132 3553 4201 κεφαλῆς
3608 4150 3746 4187 συνα

2242 4214 2482 4285 γούμενα
2517 4214 2650 4284 μέλη
2686 4215 2947 4285 τελοῦμεν
2971 4260 2983 4280 ,
3016 4216 3072 4268 ἓν
3116 4218 3165 4270 οἱ
3195 4220 3396 4281 πάντες
3430 4220 3744 4290 κατέστημ

2245 4321 2318 4373 μα
2346 4302 2448 4355 ’ἂν
2478 4302 2721 4373 ἀμεληθῇ
2765 4303 2824 4355 τὸ
2868 4308 3062 4374 τυχὸν,
3106 4306 3166 4358 τὸ
3218 4306 3324 4357 πᾶν
3365 4306 3675 4377 ἠμέληται
3724 4325 3742 4360 1

2242 4388 2527 4460 έφθαρται.
2549 4390 2702 4442 Οῦτω
2716 4394 2781 4460 τῇ
2800 4391 2908 4442 τῶν
2929 4391 3137 4443 πολλῶν
3165 4391 3387 4462 εὐταξία
3402 4396 3441 4461 ἡ
3468 4393 3575 4447 τοῦ
3605 4396 3737 4458 ἑνὸς

2239 4477 2579 4547 λυμαίνεται.
2616 4479 2725 4531 Καὶ
2752 4478 2811 4530 τὸ
2843 4478 2904 4545 δὴ
2935 4478 3165 4547 φοϐερὸν
3186 4522 3199 4542 ,
3237 4482 3317 4531 ὅτι
3357 4481 3630 4537 ἐνταῦθα
3662 4483 3740 4554 οὓς

2237 4563 2354 4616 διάν
2384 4565 2504 4622 οὐδέ
2530 4564 2746 4634 χορείαν
2780 4564 2912 4634 ἔρχῃ
2943 4564 3235 4633 χορεύσων,
3267 4566 3360 4619 καὶ
3393 4568 3669 4640 ἕστηκας
3694 4572 3738 4625 ἄλ

2238 4651 2353 4703 υύκ
2401 4648 2548 4713 οἶδας
2594 4652 2675 4702 ὅτι
2722 4651 2859 4720 μετά
2904 4651 3153 4717 ἀγγέλων
3206 4652 3498 4721 ἐστηκαςς
3545 4658 3676 4727 μετ’
3728 4658 3736 4710 ί

2238 4737 2383 4808 ᾄδεις
2409 4775 2423 4799 ,
2464 4738 2580 4807 μετ’
2615 4737 2838 4789 ἐκείνων
2869 4737 3058 4805 ὐμνεῖς
3080 4776 3093 4800 ,
3126 4738 3220 4790 καὶ
3262 4738 3525 4809 ἕστηκας
3575 4744 3734 4811 γελῶ

2237 4825 2345 4893 γάρ
2376 4823 2615 4893 σκηπτὸς
2636 4824 2735 4875 οὐκ
2766 4824 3006 4892 ἀφίεται,
3033 4825 3131 4876 οὐκ
3157 4824 3244 4877 ἐπ’
3281 4826 3552 4894 ἐκείνους
3590 4831 3732 4899 μόνο

2238 4914 2329 4966 καὶ
2352 4914 2435 4980 ἐφ’
2466 4914 2643 4983 ἡμᾶς,
2674 4913 2734 4964 οὐ
2760 4911 3105 4981 θαυμαστόν;
3137 4911 3259 4977 ἀξια
3288 4912 3402 4982 γὰρ
3453 4918 3731 4987 σκηπτοῦ

2240 5001 2505 5071 Πάρεστιν
2527 5002 2554 5052 6
2582 4999 2850 5068 βασιλεὺς,
2880 5000 3075 5069 θεωρεῖ
3106 4999 3164 5051 τὸ
3196 5000 3599 5070 στρατόπεδον
3630 5023 3642 5035 ·
3674 5007 3729 5060 σέ

2236 5091 2353 5150 ταῖς
2384 5088 2604 5139 ἐκείνων
2645 5087 2829 5156 ὄψεσιν
2859 5087 3096 5155 ἕστηκας
3124 5089 3318 5155 γελῶν,
3352 5088 3390 5159 ἢ
3429 5093 3539 5145 τὸν
3578 5090 3728 5164 γελῶ

2239 5169 2469 5239 ριορῶν;
2510 5169 2667 5220 ’Λλλά
2717 5170 2875 5240 μέχρι
2922 5170 3064 5233 τίνος
3113 5171 3513 5241 ἐγκαλοῦμενς
3582 5180 3726 5250 μέχε

2240 5256 2568 5325 μεμφόμεθα
2591 5274 2604 5320 ;
2630 5256 2705 5309 Οὐ
2732 5256 2839 5326 γὰρ
2864 5257 2935 5319 ώς
2964 5256 3267 5327 λυμεῶνας,
3302 5259 3365 5310 οὐ
3402 5261 3536 5333 γὰρ
3570 5265 3655 5329 ὡς
3690 5283 3724 5337 φ

2236 5345 2295 5395 οὐ
2330 5342 2435 5412 γὰρ
2463 5342 2539 5408 ὡς
2581 5342 2800 5407 ἐξώλεις
2830 5344 2922 5397 καὶ
2960 5344 3397 5415 διεφθαρμένους
3449 5352 3597 5415 τοὺς
3642 5371 3722 5406 τοι

2237 5430 2330 5481 καὶ
2362 5430 2571 5499 μυρίων
2600 5431 2870 5500 γέμοντας
2901 5432 3086 5484 κακῶν
3117 5434 3217 5500 τῆς
3262 5434 3637 5507 Ἐκκλησίας
3662 5444 3722 5495 ἅτ

2238 5522 2359 5574 σθαι
2403 5521 2545 5581 ἕδει;
2602 5521 2737 5573 Πότε
2783 5514 2928 5573 οῦτοι
2978 5521 3255 5588 φείσονται
3298 5522 3599 5593 γέλωτος,
3648 5532 3705 5584 οἱ

2237 5607 2437 5679 φρίκης
2476 5607 2770 5674 γελῶντες;
2807 5608 2935 5659 πότε
2966 5608 3253 5675 ἀφέξονται
3282 5608 3594 5683 φλυαρίας
3621 5658 3636 5679 ,
3682 5635 3717 5672 ο

2236 5694 2415 5765 καιρῷ
2443 5695 2540 5764 τῆς
2568 5695 2819 5762 εὐλογίας
2844 5694 3323 5765 διαλεγόμενοι;οὐ
3360 5702 3513 5764 τοὺς
3550 5706 3715 5777 παρά

2233 5782 2447 5836 δοῦνται
2474 5801 2486 5847 ;
2511 5782 2571 5835 οὐ
2595 5782 2703 5852 γὰρ
2731 5781 2821 5835 τὸν
2844 5782 2975 5835 Θεὸν
2994 5782 3323 5843 δεδοίκασιν;
3363 5785 3438 5838 οὐ
3476 5789 3603 5861 γὰρ
3637 5796 3714 5865 ἀρ

2295 5884 2663 5996 ὰέὶιὶᾗιςηάντας
2698 5888 2810 5943 ἕξεις
2898 5900 2919 5927 ε
2948 5885 3037 5942 Ἦς
3070 5886 3155 5935 τοῦ
3200 5888 3628 5958 ἐπιτεταγμένον,
3663 5902 3709 5949 si

2295 5987 2297 5995 ,
2342 5962 2450 5996 ιςυι
2475 5960 2564 5996 lus.
3132 5964 3140 5973 '

2246 5956 2297 5997 οὶ
2342 5956 2564 5997 δςυιιιυς.
3132 5964 3140 5973 ’
