3950 6208
284 262 367 320 {9,9
1140 251 1205 306 ΓΝ
1242 250 1420 307 ACTA
1462 249 1979 306 Ai‘OSTOLOllIJM.
2013 250 2239 307 HOMIL.
2278 254 2463 310 XXIV.

280 372 426 427 nullus
465 368 650 425 tremit.
697 366 751 423 Si
800 372 977 421 autem
1030 378 1136 418 non
1180 364 1425 429 creditis,
1472 364 1794 432 interrogate

273 463 462 536 gentiles
488 462 571 531 qui
596 466 1016 531 persequuntur,
1043 455 1380 533 quandonam
1424 469 1512 508 res
1539 454 1799 508 Christia-

274 567 431 606 norum
471 549 757 604 accuratius
805 554 1140 616 gererentur,
1174 544 1512 614 quandonam
1543 543 1801 598 clariores

272 643 331 697 illi
344 628 522 696 essent.
548 639 690 694 Tunc
718 637 1003 709 pauciores
1027 651 1251 691 numero
1275 645 1445 698 erant,
1476 633 1568 689 sed
1597 649 1801 704 magnae

270 742 396 787 erant
421 732 655 785 virtutum
682 728 905 782 divitiae.
936 726 1065 794 Quae
1093 727 1312 790 utilitas,
1338 740 1540 796 quasso,
1576 725 1798 778 multum

270 838 366 877 esse
386 821 588 887 fumum,
611 818 734 873 dum
758 817 1012 889 possibile
1033 828 1115 872 est
1136 816 1340 886 lapides
1363 817 1625 886 pretiosos
1646 815 1800 869 ades-

270 915 347 969 ie?
369 912 469 967 Non
499 912 548 965 in
574 910 933 976 multitudine,
963 908 1057 964 sed
1086 909 1137 962 in
1169 905 1381 962 virtutis
1405 907 1694 976 splendore
1720 917 1801 963 to-

271 1014 359 1056 tum
374 1003 665 1055 :estiiiiatur.
691 1000 835 1055 Elias
861 1014 999 1053 unus
1029 1008 1165 1065 erat,
1189 998 1281 1053 sed
1308 997 1537 1052 mundus
1559 1014 1663 1051 non
1686 1005 1801 1052 erat

268 1092 338 1143 illo
357 1091 545 1160 dignus.
571 1090 728 1159 Atqui
754 1088 989 1143 mundus
1016 1088 1182 1142 millia
1210 1088 1376 1141 multa
1400 1088 1797 1156 compleetitur;

264 1182 337 1234 sed
361 1183 502 1233 millia
528 1196 631 1233 non
673 1188 836 1245 sunt,
864 1178 1077 1249 quando
1109 1193 1284 1248 neque
1314 1178 1403 1233 uni
1432 1187 1796 1248 comquantur.

266 1272 414 1325 Melior
455 1289 575 1324 imus
618 1273 815 1339 faciens
858 1272 1169 1325 voluntatem
1214 1269 1450 1335 Domini,
1480 1286 1632 1340 quam
1662 1269 1800 1324 mille

262 1366 389 1432 iniqui
407 1364 581 1433 (Eccli.
607 1366 696 1419 16.
732 1365 810 1435 '5).
839 1364 951 1419 Hoc
977 1365 1191 1433 sapiens
1215 1363 1430 1433 quidam
1457 1362 1799 1418 subindicans

261 1455 401 1509 dicit:
436 1453 513 1508 Ne
547 1455 802 1510 desideres
846 1456 1218 1508 multitudinem
1265 1454 1489 1523 ﬁliorum
1542 1454 1798 1507 inutilium

261 1543 390 1606 (Ibid.
428 1562 471 1599 υ.
512 1546 586 1615 1).
621 1546 687 1600 lli
721 1548 890 1615 magis
919 1544 1300 1614 blasphemiam
1331 1545 1387 1598 in
1418 1545 1583 1599 Deum
1615 1545 1799 1599 conci-

261 1648 376 1703 tant,
404 1654 549 1708 quam
581 1640 630 1693 si
651 1639 947 1693 Christiani
977 1653 1081 1691 non
1113 1646 1314 1693 essent.
1342 1637 1479 1703 Quid
1506 1637 1636 1690 mihi
1666 1651 1799 1706 opus

258 1740 321 1783 est
344 1731 706 1786 multitudine?
732 1731 1056 1785 Alimentum
1082 1730 1311 1798 amplius
1353 1729 1479 1799 igni.
1510 1728 1621 1782 Hoc
1655 1738 1708 1783 et
1732 1744 1798 1783 ex

257 1836 439 1889 corpore
457 1821 775 1891 cognoveris
803 1840 816 1874 :
847 1820 1036 1875 melior
1055 1821 1251 1890 quippe
1274 1829 1353 1875 est
1373 1820 1523 1874 cibus
1550 1818 1799 1874 modera-
1828 1822 1831 1825 ’

256 1922 444 1967 tuscum
488 1914 755 1980 sanitate,
788 1927 949 1983 quam
994 1912 1201 1967 delicia:
1228 1926 1348 1967 cum
1391 1912 1654 1967 molestia.
1686 1910 1798 1966 lloe

258 2004 520 2058 alimentum
538 2005 635 2059 illo
654 2003 886 2073 amplius
913 2018 928 2055 :
959 2002 1061 2058 hoc
1076 2003 1408 2068 alimentum,
1427 2001 1556 2057 illud
1582 2003 1799 2057 morbus

258 2104 334 2149 est.
354 2095 463 2151 llmc
485 2107 536 2151 et
551 2096 609 2150 in
626 2095 773 2151 bello
791 2095 909 2165 quis
936 2094 1129 2149 viderit
1152 2110 1164 2147 :
1191 2094 1439 2148 meliores
1467 2107 1588 2148 esse
1611 2093 1798 2148 decem

262 2185 621 2241 rimsstrenuos
648 2195 703 2239 et
729 2186 853 2240 belli
881 2187 1097 2255 peritos,
1119 2200 1275 2255 quam
1295 2186 1604 2239 innumeros
1625 2184 1797 2255 impe-

254 2274 375 2329 ritus.
398 2275 455 2330 lli
481 2286 843 2346 prwterquam
867 2276 1008 2346 quod
1040 2277 1172 2330 nihil
1202 2285 1511 2345 operantur,
1541 2276 1676 2330 alios
1707 2277 1795 2346 qui

252 2377 519 2435 operantur,
536 2368 979 2438 impediunt.lloc
994 2379 1045 2423 et
1062 2370 1112 2423 in
1131 2369 1250 2422 navi
1267 2369 1383 2438 quis
1402 2370 1798 2433 invenerit,me-

251 2455 379 2513 liores
394 2472 506 2513 esse
535 2470 725 2513 nautas
747 2458 881 2513 duos
904 2460 1121 2529 peritos,
1145 2475 1304 2530 quam
1323 2475 1567 2530 magnam
1591 2461 1798 2529 imperi-

249 2556 389 2601 torum
409 2552 617 2604 turbam
648 2567 663 2603 :
696 2550 750 2603 lii
784 2565 1011 2619 namque
1039 2551 1211 2603 navim
1239 2551 1398 2604 etiam
1430 2550 1793 2620 submergent.

302 2638 345 2692 4.
373 2638 489 2694 ll:ec
516 2641 660 2704 dico,
696 2655 801 2694 non
826 2639 965 2708 quod
997 2639 1388 2693 multitudinem
1418 2651 1648 2693 vestram
1671 2638 1798 2693 ode-

249 2728 344 2793 rim,
371 2730 456 2783 sed
486 2730 634 2800 quod
667 2730 829 2784 velim
860 2744 1049 2784 omnes
1075 2744 1194 2784 esse
1221 2730 1497 2799 probatos,
1529 2744 1627 2784 nec
1657 2730 1795 2783 mul~

250 2821 422 2874 titudini
467 2822 659 2875 fidere.
709 2821 874 2875 Multo
904 2820 1081 2890 plures
1109 2830 1232 2875 sunt
1257 2862 1271 2887 ,
1300 2823 1387 2891 qui
1422 2822 1472 2874 in
1500 2820 1796 2889 gehennam

251 2912 481 2978 incidunt;
517 2913 614 2968 sed
645 2914 817 2983 majus
840 2913 928 2967 illa
960 2922 1041 2970 est
1067 2929 1315 2984 regnum,
1345 2914 1442 2967 etsi
1477 2929 1672 2982 paucos
1701 2914 1796 2966 lia-

250 3001 360 3055 lieat.
396 3004 550 3059 Sicut
577 3020 740 3057 arena
785 3005 947 3058 maris
974 3013 1089 3058 erat
1128 3003 1414 3058 multitudo
1459 3005 1672 3073 populi;
1703 3004 1795 3059 sed

250 3109 357 3148 unus
374 3097 604 3150 servavit
632 3111 749 3151 eos.
783 3095 928 3153 Unus
958 3105 1074 3149 erat
1095 3095 1324 3164 Moyses,
1360 3095 1452 3149 sed
1488 3096 1606 3163 plus
1638 3111 1793 3164 quam

249 3203 399 3241 omnes
426 3189 599 3257 potuit
628 3204 643 3239 ε
670 3204 807 3241 unus
830 3198 945 3242 erat
973 3186 1149 3250 Jesus,
1180 3188 1271 3241 sed
1307 3188 1423 3256 plus
1449 3188 1620 3255 potuit
1640 3202 1795 3256 quam

249 3292 460 3335 sexcenta
494 3282 683 3334 millia.
733 3279 849 3335 Non
881 3279 981 3334 hoc
1020 3280 1191 3334 solum
1235 3294 1517 3341 curemus,
1548 3287 1604 3331 ut
1649 3280 1797 3332 multi

250 3372 347 3431 sint.
366 3375 450 3427 sed
479 3384 539 3428 ct
566 3375 734 3441 magis
759 3413 773 3435 ,
809 3383 864 3425 ut
902 3373 1007 3426 sint
1038 3372 1276 3449 prazclari
1306 3389 1317 3423 :
1346 3386 1466 3424 eum
1497 3370 1600 3425 hoc
1626 3370 1798 3439 perfe-

248 3472 362 3516 ctum
385 3466 565 3527 luerit,
588 3476 712 3518 tunc
742 3464 876 3519 illud
894 3464 1005 3517 lict.
1036 3463 1205 3517 Nemo
1232 3462 1448 3517 domum
1475 3462 1655 3516 statim
1678 3476 1800 3531 Spa-

250 3554 407 3608 tiosam
434 3557 551 3608 vult
593 3554 801 3618 facere,
836 3554 930 3607 sed
962 3555 1132 3622 primo
1164 3554 1371 3606 firmam
1399 3562 1452 3606 et
1484 3551 1759 3621 probatam
1781 3592 1796 3617 ,

246 3644 406 3700 deinde
433 3647 730 3715 spatiusam
769 3663 783 3698 :
817 3659 974 3699 nemo
1014 3643 1352 3698 fundamenta
1378 3642 1505 3711 jaeit
1526 3682 1543 3711 ,
1576 3651 1634 3695 ut
1660 3641 1800 3696 deri-

247 3735 422 3789 deatur.
454 3737 695 3790 Primum
728 3735 830 3789 hoc
855 3748 1160 3803 quaeramus
1180 3775 1195 3798 ,
1227 3732 1419 3787 deinde
1446 3731 1596 3786 illud.
1621 3731 1731 3785 Hoc
1754 3731 1799 3786 si

248 3826 302 3877 sit
324 3824 468 3881 facile
488 3835 547 3880 et
569 3824 700 3880 illud
727 3824 899 3879 aderit
928 3842 941 3876 :
972 3824 1099 3877 illud
1129 3832 1305 3877 autem
1328 3822 1372 3877 si
1397 3837 1501 3876 non
1520 3821 1675 3887 adsit,
1703 3822 1803 3875 hu-

246 3914 313 3977 ius
333 3919 489 3970 etiam
512 3918 555 3969 si
582 3918 671 3981 sit,
698 3916 839 3969 nulla
871 3916 1088 3969 utilitas.
1123 3914 1254 3968 Nam
1281 3914 1329 3969 si
1355 3916 1408 3968 in
1438 3914 1673 3968 Ecclesia
1694 3914 1803 3968 sint

246 4006 321 4071 qui
344 4008 465 4061 clari
494 4020 619 4061 esse
648 4006 880 4075 possint,
914 4006 1020 4059 cito
1055 4006 1158 4059 erit
1201 4012 1259 4059 et
1306 4004 1589 4059 multitudo
1619 4018 1631 4058 :
1662 4004 1713 4057 hi
1756 4004 1801 4059 si

247 4111 332 4148 non
351 4098 475 4163 sint,
505 4114 791 4167 numquam
822 4099 923 4151 erit
947 4099 1087 4152 clara
1106 4097 1409 4151 multitudo.

307 4184 414 4239 Non
444 4196 586 4256 putat
618 4187 1003 4256 Clirysostomus
1033 4202 1095 4239 ea:
1144 4187 1312 4240 multis
1354 4186 1575 4239 millibus
1603 4195 1803 4239 centum

243 4277 384 4330 uicos
400 4280 512 4347 {ore
527 4282 589 4332 de
608 4280 795 4347 populo
812 4280 1142 4345 sum—Quot
1163 4279 1357 4346 putatis
1382 4279 1431 4333 in
1465 4278 1593 4333 urbe
1624 4287 1802 4333 nostra

243 4382 373 4435 esse,
414 4371 504 4440 qui
550 4373 777 4426 salutem
816 4370 1237 4439 consequentur?
1277 4372 1554 4425 Molestum
1587 4370 1801 4439 quidem

242 4474 329 4521 est,
353 4462 495 4531 quod
521 4463 758 4517 dicturus
789 4477 928 4525 sum,
960 4462 1131 4516 dicam
1156 4472 1355 4515 tamen.
1381 4462 1435 4515 In
1469 4473 1545 4516 tot
1575 4462 1805 4516 millibus

246 4565 335 4603 non
365 4562 489 4605 sunt
510 4563 723 4607 centum
747 4594 761 4619 ,
788 4554 875 4623 qui
910 4553 1131 4606 salutem
1162 4560 1591 4622 consequantur;
1624 4553 1715 4606 sed
1739 4552 1806 4607 de

247 4644 337 4697 illis
362 4645 521 4697 etiam
550 4646 756 4699 dubito.
784 4646 1012 4709 Quanta,
1046 4660 1248 4714 quaeso,
1276 4645 1509 4713 nequitia
1539 4645 1589 4698 in
1621 4645 1804 4699 adole—

247 4736 497 4787 scentibus
517 4776 532 4799 ,
554 4746 747 4804 quanta
772 4735 971 4790 desidia
1004 4738 1056 4788 in
1083 4735 1423 4790 senioribus?
1451 4735 1619 4790 Nemo
1647 4751 1804 4805 quam

247 4833 498 4889 oporteret
538 4824 799 4879 educandi
836 4826 925 4877 lilii
975 4840 1159 4879 curam
1210 4826 1370 4879 habet
1396 4843 1409 4877 :
1435 4841 1593 4881 nemo
1624 4840 1807 4879 senem

250 4915 447 4977 videns,
481 4917 627 4969 illum
659 4919 849 4970 imitari
884 4917 1078 4970 studet.
1106 4916 1359 4986 Exempla
1388 4917 1455 4972 de
1482 4917 1657 4971 medio
1681 4918 1808 4971 sub-

251 5002 343 5055 lata
386 5008 758 5059 suiitziileireo
808 5024 905 5059 nec
943 5007 1167 5075 juvenes
1201 5006 1332 5059 fiunt
1378 5006 1695 5061 admirandi.
1735 5006 1810 5061 Ne

254 5096 371 5149 inihi
399 5097 535 5152 deus
557 5141 570 5160 .
603 5098 761 5153 Multa
792 5099 1063 5152 hominum
1093 5099 1242 5152 turba
1274 5114 1480 5152 sumus.
1515 5098 1626 5153 Hoc
1658 5099 1808 5169 frigi-

254 5184 423 5237 ιίητιιιη
452 5190 721 5246 hominum
754 5197 835 5241 est
860 5204 872 5238 :
899 5186 949 5240 id
980 5188 1047 5241 de
1093 5188 1399 5242 hominibus
1431 5190 1623 5243 merito
1662 5189 1810 5243 diea-

258 5280 364 5334 tur,
390 5276 448 5328 de
480 5278 584 5330 Deo
610 5288 787 5330 autem
810 5318 822 5339 ,
854 5278 942 5345 qui
988 5295 1092 5329 non
1124 5293 1260 5346 opus
1297 5278 1456 5333 habet
1484 5279 1636 5334 nobis
1658 5320 1671 5342 ,
1706 5295 1809 5335 non

260 5366 390 5416 διέτη.
414 5371 556 5431 Quod
584 5382 762 5420 autem
787 5368 945 5420 etiam
968 5368 1033 5421 de
1059 5369 1164 5422 illis
1189 5368 1437 5438 frigidum
1464 5370 1534 5424 sit
1564 5370 1810 5437 verbum,

256 5455 385 5508 audi.
415 5459 510 5523 Qui
556 5459 754 5528 inultus
801 5457 961 5512 habet
987 5458 1344 5523 domesticos,
1391 5461 1435 5514 si
1479 5461 1553 5515 illi
1585 5460 1813 5531 improbi

257 5554 372 5605 sint,
395 5557 518 5615 quot
544 5549 679 5601 mala
711 5549 979 5617 patietur?
1010 5548 1109 5615 Ei,
1141 5550 1229 5621 qui
1262 5549 1467 5604 nullum
1499 5550 1677 5617 habet,
1712 5552 1813 5608 hoc

260 5635 445 5693 videtur
464 5655 623 5711 grave
649 5682 665 5709 ,
688 5641 828 5712 quod
860 5656 965 5697 non
1006 5644 1266 5699 serviatur
1292 5661 1303 5699 :
1329 5644 1373 5699 is
1404 5660 1529 5700 vero
1547 5684 1563 5713 ρ
1592 5645 1679 5716 qui
1710 5646 1809 5699 im-

3391 263 3407 312 l
3422 266 3484 313 ne

1912 363 2106 431 probos
2136 364 2290 419 habet
2322 364 2565 433 famulos,
2589 380 2710 422 eum
2740 364 2847 423 illis
2870 367 2907 422 it
2937 367 2987 422 in
3017 370 3343 439 perniciem;
3368 388 3483 424 uia-

1903 456 2097 525 jusque
2118 464 2198 510 est
2224 456 2498 512 damnum.
2522 456 2747 513 Gravius
2778 458 2974 529 quippe
3005 470 3085 515 est
3113 461 3228 515 aliis
3252 446 3486 532 pugnare

1908 555 1961 601 et
1989 546 2285 615 decertare,
2319 564 2478 619 quam
2502 549 2600 603 sibi
2630 548 2728 620 ipsi
2759 553 2978 607 servire.
3014 552 3138 606 ":I‘C
3163 553 3302 619 dico,
3336 565 3390 609 ut
3420 574 3485 609 ne

1907 638 2026 706 quis
2052 638 2344 693 Ecclesiam
2367 639 2659 694 admiretur
2687 652 2901 710 propter
2932 644 3318 699 multitudinem
3346 687 3357 707 ,
3387 647 3480 700 sed

1908 736 1964 781 ut
1989 743 2240 783 curemus
2286 730 2426 784 illam
2474 732 2869 787 multitudinem
2920 733 3114 789 claram
3142 735 3395 792 efﬁcere:
3427 750 3483 792 ut

1909 819 2268 889 unusquisque
2297 836 2445 875 suam
2475 832 2621 875 curet
2653 832 2878 891 partem,
2913 835 3094 879 utnon
3126 828 3343 892 amicos,
3373 845 3481 884 non

1907 919 2183 979 cognatos,
2214 920 2271 964 ut
2297 925 2513 981 semper
2538 924 2745 981 repeto,
2774 929 2878 968 non
2902 914 3108 969 vicinos
3141 925 3365 981 tantum,
3385 922 3479 975 sed

1908 1000 2066 1054 etiam
2099 1013 2390 1057 extraneos
2414 1002 2704 1071 pertrahat.
2736 1005 2974 1074 Exempli
3002 1021 3181 1074 causa,
3206 1008 3264 1062 fit
3289 1012 3480 1076 oratio;

1901 1087 2080 1156 jaceut
2126 1090 2297 1160 frigidi
2338 1107 2525 1146 omnes
2567 1093 2792 1162 juvenes
2828 1105 2882 1149 et
2911 1111 3102 1163 senes,
3132 1112 3479 1169 purgamenta

1905 1183 2073 1251 magis
2092 1198 2249 1252 quam
2278 1186 2519 1253 juvenes,
2554 1186 2704 1251 risui,
2729 1186 3023 1253 cachinnis,
3058 1188 3249 1244 fabulis
3269 1192 3479 1246 incum-

1905 1273 2126 1340 bentes;
2160 1276 2415 1331 liocenim
2431 1292 2530 1347 ego
2547 1277 2721 1331 audivi
2741 1296 2754 1342 ;
2775 1287 2828 1333 et
2853 1280 3076 1349 genibus
3107 1282 3215 1336 nixi
3243 1284 3379 1339 alios
3400 1284 3483 1338 di-

1904 1367 2084 1421 cteriis
2106 1368 2422 1437 impetentes
2445 1387 2456 1422 :
2485 1380 2535 1424 tu
2566 1371 2651 1439 qui
2676 1371 2822 1437 ades,
2846 1372 3058 1441 juvenis
3080 1382 3169 1427 aut
3189 1391 3375 1441 senex,
3400 1378 3482 1432 iii-

1905 1470 2059 1525 crepa
2087 1458 2131 1511 si
2163 1459 2362 1524 videas,
2389 1460 2756 1515 vehementius
2786 1462 3012 1527 incesse,
3038 1473 3092 1518 et
3120 1466 3162 1517 si
3188 1482 3291 1518 non
3326 1467 3477 1530 ferat,

1904 1548 2182 1603 diaconum
2216 1566 2376 1616 voca,
2423 1552 2656 1616 minare,
2689 1569 2806 1623 qua:
2836 1569 3000 1622 penes
3028 1564 3077 1609 te
3106 1566 3230 1610 sunt
3274 1557 3431 1612 facito
3461 1576 3477 1614 :

1906 1648 1961 1693 et
1991 1640 2035 1692 si
2062 1640 2187 1708 quid
2236 1642 2428 1698 audeat
2471 1655 2653 1697 contra
2704 1653 2754 1699 te
2799 1644 3007 1709 facere,
3039 1649 3234 1702 multos
3266 1649 3484 1705 habebis

1904 1728 2194 1796 adjutores.
2219 1731 2349 1796 Quis
2381 1733 2521 1786 enim
2556 1734 2622 1786 ita
2658 1734 3040 1790 irrationabilis
3067 1747 3171 1805 est,
3203 1740 3288 1807 qui
3322 1750 3372 1793 te
3405 1741 3484 1793 vi-

1903 1818 2035 1873 dens
2066 1820 2184 1874 illos
2214 1821 2281 1875 de
2308 1837 2369 1876 ea
2416 1838 2473 1877 re
2503 1824 2903 1893 objurgantem,
2938 1842 3041 1880 non
3088 1838 3193 1882 stet
3226 1830 3274 1882 iii
3324 1839 3478 1900 parte

1902 1909 2025 1962 tua?
2054 1910 2276 1965 Discede
2305 1922 2513 1981 sumpta
2546 1916 2718 1982 procis
2764 1916 3035 1971 mercede.
3085 1917 3137 1970 In
3166 1920 3277 1972 :ede
3299 1920 3475 1974 domi-

1904 2001 2019 2054 nica
2049 2000 2149 2055 hos
2176 2017 2361 2055 servos
2391 2004 2509 2056 aliis
2543 2004 3005 2060 benevolentiores
3029 2007 3350 2075 judieamus.
3384 2013 3471 2079 qui

1903 2091 2104 2144 nullum
2138 2106 2231 2146 vas
2263 2103 2412 2146 extra
2464 2093 2707 2148 ordinem
2744 2094 2924 2162 jacere
2952 2096 3152 2150 sinunt.
3185 2096 3237 2151 Si
3266 2099 3498 2153 videres

1902 2180 1953 2234 in
1999 2180 2159 2235 domo
2206 2196 2301 2251 vas
2345 2190 2656 2251 argenteum
2707 2192 2907 2238 temere
2957 2184 3097 2238 foras
3146 2187 3474 2255 projectum,

1903 2271 2112 2326 etiamsi
2143 2286 2248 2325 non
2272 2286 2420 2327 esses
2447 2272 2512 2328 ad
2542 2272 2644 2328 hoc
2673 2273 2952 2342 deputatus
2973 2317 2987 2338 ,
3021 2291 3194 2329 annon
3228 2277 3355 2331 illud
3383 2278 3477 2332 do-

1902 2376 2044 2414 mum
2074 2360 2344 2417 referres?
2387 2363 2429 2417 si
2482 2364 2856 2419 vestimentum
2906 2365 3252 2434 projectum,
3291 2370 3477 2421 etiam.

1900 2452 1944 2506 si
1972 2468 2151 2507 curam
2181 2454 2295 2523 ejus
2336 2469 2441 2510 non
2488 2470 2735 2525 gereres,
2770 2457 2979 2511 etiamsi
3024 2471 3145 2511 eum
3173 2498 3186 2523 ,
3235 2460 3319 2513 cui
3350 2475 3473 2514 cura

1901 2548 2206 2612 commissa,
2236 2547 2358 2602 odio
2393 2547 2650 2613 haberes,
2680 2564 2853 2602 annon
2885 2548 2953 2604 ob
2981 2548 3399 2605 benevolentiam
3426 2552 3477 2606 in

1900 2638 2174 2693 dominum
2204 2636 2333 2694 illud
2360 2649 2483 2708 apte
2507 2640 2923 2695 reduceres?lta
2945 2649 2999 2695 et
3022 2656 3178 2695 nunc.
3206 2642 3330 2696 llaec
3355 2659 3476 2698 vasa

1902 2738 2025 2783 sunt
2056 2748 2068 2783 :
2097 2731 2140 2783 si
2170 2730 2353 2785 videas
2377 2730 2461 2783 illa
2487 2731 2836 2800 incompOsite
2851 2732 3102 2800 jacentis,
3134 2732 3294 2787 reduc
3316 2734 3366 2787 iii
3393 2752 3479 2789 or-

1901 2820 2078 2875 dinem
2109 2838 2123 2873 :
2147 2819 2343 2875 accede
2367 2820 2433 2873 ad
2460 2835 2568 2886 me,
2591 2836 2697 2876 non
2728 2835 2916 2875 recuso
2941 2839 2955 2873 :
2978 2821 3062 2875 die
3089 2821 3215 2876 mihi
3239 2863 3255 2889 ,
3288 2824 3368 2877 fac
3392 2839 3479 2878 me

1901 2909 2183 2965 certiorem
2212 2927 2225 2963 :
2250 2925 2353 2963 non
2383 2924 2600 2978 possum
2625 2911 2801 2965 omnia
2832 2910 3045 2973 videre;
3082 2913 3358 2981 ignoscite.
3389 2913 3475 2967 Vi-

1901 3000 2022 3054 dete
2042 3040 2056 3065 ,
2077 3008 2271 3068 quanta
2301 2998 2535 3069 nequitia
2556 2998 2739 3053 urbem
2767 3009 3011 3069 occupat.
3034 2999 3165 3053 Nuiii
3183 3002 3299 3056 sine
3319 3019 3477 3056 causa

1902 3091 2142 3147 dicebam
2164 3133 2179 3156 ,
2228 3106 2326 3147 nos
2353 3106 2473 3146 esse
2500 3106 2754 3145 acervum
2788 3091 2945 3157 fteni,
2978 3108 3123 3146 mare
3168 3094 3481 3164 iiicoiiiposi-

1904 3182 2045 3236 tum?
2073 3181 2188 3236 Non
2216 3181 2337 3237 dico
2374 3181 2493 3235 illos
2525 3181 2644 3234 talia
2678 3179 2874 3245 facere,
2909 3183 3001 3236 sed
3029 3192 3172 3236 tanta
3200 3185 3477 3237 oscitaiitia

1904 3274 2164 3331 intrantes
2207 3275 2451 3329 laborare
2476 3315 2490 3339 ,
2535 3282 2594 3327 ut
2632 3272 2747 3329 hazc
2788 3288 2897 3328 non
2923 3273 3211 3343 corrigaiit.
3248 3275 3474 3331 Rursum

1902 3366 2038 3420 alios
2070 3367 2223 3420 video
2244 3406 2259 3431 ,
2287 3366 2657 3434 colloquentes
2702 3374 2846 3418 stare
2871 3362 2995 3418 dum
3025 3363 3084 3417 fit
3109 3366 3316 3420 oratio:
3343 3366 3478 3421 alios

1905 3459 2254 3515 modestiores
2282 3458 2522 3525 scilicet,
2564 3474 2668 3513 non
2701 3459 2861 3513 modo
2889 3458 3013 3513 dum
3056 3459 3114 3513 fit
3139 3460 3311 3515 oratio
3331 3500 3344 3522 ,
3374 3462 3491 3513 scd‘

1904 3550 2062 3605 etiam
2083 3550 2207 3604 dum
2228 3550 2479 3606 sacerdos
2513 3550 2798 3605 benedicit.
2827 3551 2871 3605 0
2895 3550 3198 3605 audaciam!
3230 3551 3481 3617 Quando-

1904 3655 2027 3694 nam
2053 3642 2155 3695 erit
2181 3640 2364 3695 salus?
2389 3641 2657 3711 quomodo
2686 3642 2981 3710 poterimus
3030 3642 3192 3696 Deum
3226 3643 3437 3712 placare
3454 3644 3479 3695 ?

1904 3730 1959 3784 Si
2004 3729 2069 3784 ad
2116 3729 2297 3784 ludum
2342 3730 2543 3796 abeas,
2589 3731 2793 3785 videbis
2827 3745 3014 3785 omnes
3057 3732 3316 3786 concinne
3345 3733 3478 3785 cho-

1906 3833 2025 3873 reas
2050 3828 2285 3888 agentes,
2312 3819 2549 3889 nihilque
2573 3822 2787 3891 negligi.
2810 3821 2957 3876 Sicut
2975 3838 3101 3892 ergo
3123 3824 3173 3877 in
3203 3823 3313 3893 lyra
3336 3825 3481 3879 varie

1906 3918 1959 3966 et
1985 3920 2130 3966 recte
2159 3911 2450 3980 composita
2482 3922 2601 3981 apta
2634 3912 2876 3982 quardam
2902 3916 3217 3984 symphonia
3246 3930 3310 3970 ex
3338 3915 3507 3969 bono~

1908 4004 2092 4059 ordine
2120 4002 2346 4059 efﬁcitur
2374 4020 2389 4057 :
2422 4004 2493 4059 ita
2524 4013 2577 4058 et
2619 4005 2705 4059 hic
2735 4020 2891 4058 unam
2937 4006 3175 4059 omnium
3208 4014 3262 4059 et
3288 4020 3485 4061 conso-

1908 4111 2028 4152 nam
2078 4095 2407 4151 harmoniam
2452 4094 2591 4152 effici
2638 4111 2732 4165 par
2772 4104 2936 4151 esset.
2971 4095 3086 4151 Una
3118 4096 3258 4150 enim
3298 4112 3507 4152 sumus.

1909 4185 2186 4250 Ecclesia,
2235 4187 2390 4240 unius
2442 4186 2632 4254 capitis
2682 4186 2920 4240 membra
2973 4185 3225 4242 decenter
3268 4195 3499 4256 aptata:

1909 4292 2069 4330 unum
2101 4291 2283 4330 sumus
2311 4291 2499 4331 omnes
2525 4291 2719 4346 corpus
2752 4294 2766 4331 :
2795 4277 2838 4331 si
2876 4276 3002 4346 quid
3046 4276 3341 4347 neglectum
3371 4278 3486 4332 lue-

1909 4368 1994 4430 rit,
2031 4377 2196 4420 totum
2226 4366 2528 4437 neglectum
2552 4376 2607 4421 ct
2632 4376 2937 4437 corruptum
2966 4368 3086 4423 erit.
3114 4368 3184 4421 Ita
3211 4378 3263 4422 et
3290 4370 3484 4422 multo-

1911 4473 2027 4511 rum
2081 4468 2284 4512 rectum
2334 4458 2577 4514 ordinem
2621 4460 2777 4513 unius
2822 4459 3143 4514 inordinatio
3187 4460 3486 4516 labefactat.

1911 4549 2166 4618 Quodque
2195 4549 2431 4604 terribile
2456 4560 2537 4604 est
2556 4591 2569 4615 ,
2608 4566 2713 4605 non
2762 4550 2865 4605 huc
2892 4551 2959 4606 ad
2990 4550 3170 4606 ludum
3196 4552 3481 4609 choream-

1912 4658 2016 4711 que
2054 4644 2343 4698 saltaturus
2369 4646 2519 4701 venis
2539 4687 2553 4709 ,
2578 4656 2633 4701 et
2664 4647 3048 4717 incompositus
3075 4658 3207 4705 stas.
3230 4650 3412 4707 Nescis
3440 4660 3501 4706 te

1914 4752 2033 4788 cum
2061 4738 2266 4807 angelis
2294 4750 2435 4793 stare
2455 4740 2635 4794 ?’Clll||
2686 4742 2791 4796 illis
2832 4754 3016 4797 cantas
3046 4743 3377 4815 hymnosque
3400 4761 3490 4799 ce-

1915 4827 2089 4880 lebras
2108 4868 2123 4893 ,
2153 4836 2208 4881 et
2232 4837 2342 4883 stas
2388 4830 2604 4884 ridens?
2632 4833 2824 4884 Annon
2854 4832 3045 4886 mirum
3077 4842 3158 4886 est
3178 4872 3193 4896 ,
3226 4833 3366 4902 quod
3396 4834 3493 4886 ful-

1916 4934 2037 4971 men
2067 4934 2171 4972 non
2204 4919 2521 4974 immittatur
2546 4961 2562 4986 ,
2595 4936 2699 4975 non
2729 4922 2780 4973 in
2814 4922 2934 4977 illos
2964 4931 3163 4977 tantum
3185 4962 3199 4985 ,
3245 4922 3339 4976 sed
3362 4934 3415 4977 et
3440 4924 3499 4977 in»

1917 5023 2017 5061 nos
2039 5009 2269 5063 omnes?
2300 5009 2415 5063 haec
2442 5010 2639 5079 quippe
2685 5010 2906 5064 fulmine
2947 5011 3106 5080 digna
3153 5019 3297 5064 sunt.
3328 5010 3497 5066 Adest

1918 5116 2046 5166 rex,
2079 5101 2223 5155 videt
2271 5102 2604 5164 exercitum;
2652 5110 2705 5155 tu
2745 5115 2875 5156 vero
2914 5101 3019 5156 illis
3048 5098 3349 5155 videntibus
3388 5110 3495 5156 stas

1918 5190 2095 5245 ridens
2120 5232 2134 5254 ,
2167 5192 2247 5246 vel
2279 5191 2545 5246 ridentem
2579 5192 2849 5262 negligis?
2876 5192 2980 5247 Sed
3009 5205 3289 5262 quousque
3320 5192 3497 5248 incre-

1920 5281 2141 5349 pamus?
2171 5296 2444 5350 quousque
2472 5282 2958 5351 reprehendimus?
2990 5286 3181 5338 Annon
3211 5289 3268 5336 ut
3294 5291 3494 5352 pestes.

1918 5387 2096 5426 annon
2126 5381 2182 5426 ut
2210 5383 2550 5442 corruptores
2572 5414 2587 5439 ,
2634 5389 2809 5427 annon
2839 5383 2895 5429 ut
2921 5384 3202 5445 corruptos
3241 5380 3298 5427 et
3321 5372 3499 5441 perni-

1918 5464 2095 5517 ciosos
2126 5464 2427 5532 hujusmodi
2456 5466 2718 5531 homines,
2748 5465 3147 5537 innumerisqne
3185 5463 3340 5515 malis
3376 5473 3497 5510 υηη·

1920 5564 2032 5608 stos
2062 5555 2129 5609 ab
2157 5556 2390 5612 Ecclesia
2437 5558 2560 5627 pelli
2591 5557 2964 5627 oportuisset?
2988 5554 3340 5620 Quandonam
3364 5546 3436 5599 illi
3468 5560 3496 5597 a

1924 5645 2033 5701 risu
2060 5646 2423 5717 abstinebunt,
2451 5649 2540 5721 qui
2566 5649 2621 5705 in
2652 5649 2781 5705 liora
2807 5648 3083 5705 tremenda
3109 5634 3497 5700 ι’ἱάωιῖειιιίιιι·
