4036 6212
447 246 533 299 ἰοί
576 282 581 285 ‹

435 357 506 411 do
533 370 563 409 a
595 353 746 424 nugis
775 348 1145 409 abstinebunt,
1177 345 1264 415 qui
1299 348 1350 397 in
1384 351 1626 412 tempore
1673 338 2008 395 benedictio-

436 451 518 503 nis
547 444 828 515 garriunt?
861 456 967 495 non
1005 444 1296 508 prmsentes
1325 443 1638 489 reverentur
1663 471 1677 497 ,
1853 431 2015 531 [30ml]

435 539 663 595 timent?
706 548 885 589 annon
932 530 1130 586 sufficit
1175 527 1329 582 nobis
1379 525 1571 579 mentis
1598 520 1883 577 socordia?
1911 535 2015 574 non

433 634 563 685 satis
583 625 821 697 estquod
848 632 1062 679 orantes
1085 621 1191 675 alio
1219 631 1535 688 evagemur:
1569 612 1665 669 sed
1690 621 1744 668 et
1773 612 1939 666 risum
1964 618 2018 665 et

431 721 725 775 cachinnos
751 716 950 771 multos
976 711 1306 783 ingerimus?

503 810 690 865 Contra
711 807 915 861 Theatri
939 802 1410 872 spectacula.-—An
1442 800 1708 854 theatrum
1728 796 1844 851 haec
1865 794 2017 849 sunt?

433 903 539 959 Sed
590 902 693 956 hoc
724 898 1143 970 putoatheatris
1191 895 1360 949 oriri:
1408 893 1826 961 inobsequentes
1873 890 2013 944 enim

433 994 630 1048 multos
682 1002 737 1046 et
775 990 1159 1060 incompositos
1190 987 1449 1042 efficiunt.
1488 985 1616 1053 Quae
1657 983 1742 1037 hic
1779 981 2013 1036 mditica-

434 1100 557 1140 mus
591 1125 607 1148 ,
654 1084 761 1138 illic
796 1082 1185 1137 destruantur:
1231 1093 1406 1148 neque
1444 1076 1548 1131 hoc
1605 1077 1811 1142 solum,
1842 1073 1937 1129 sed
1961 1082 2016 1128 et

431 1176 550 1230 aliis
578 1173 927 1228 immunditiis
949 1185 1168 1227 necesse
1194 1178 1276 1225 est
1303 1170 1421 1223 illos
1448 1168 1665 1237 repleri.
1698 1167 1764 1221 Et
1791 1163 2013 1235 perinde

434 1271 510 1333 fit,
535 1282 597 1322 ac
616 1266 662 1324 si
683 1266 802 1336 quis
820 1279 1068 1334 campum
1093 1261 1386 1318 emundare
1434 1262 1561 1314 velit
1589 1300 1604 1325 ,
1650 1259 1702 1313 in
1731 1272 1888 1328 quem
1917 1271 2010 1311 su-

435 1377 597 1431 perne
621 1360 739 1415 fons
767 1361 935 1415 lutum
984 1358 1264 1422 immittat;
1289 1356 1416 1412 dum
1440 1356 1584 1411 enim
1604 1355 1772 1425 magis
1790 1366 2008 1456 purgas,

430 1454 572 1509 aliud
605 1452 795 1508 ittlluit.
830 1452 1061 1521 ldipsum
1089 1452 1174 1505 hic
1205 1451 1401 1505 evenit.
1446 1449 1733 1517 Postquam
1774 1447 1918 1502 enim
1950 1446 2011 1499 il-

428 1548 529 1612 los,
563 1547 649 1615 qui
674 1561 740 1601 ex
772 1545 992 1599 theatris
1019 1543 1409 1599 immunditiam
1437 1542 1748 1606 intulerant,
1782 1539 2008 1641 munda-

428 1642 683 1705 verimus,
712 1638 804 1693 illo
829 1645 1165 1692 revertentes
1189 1635 1289 1705 ipsi
1325 1634 1587 1703 majorem
1637 1631 1878 1687 referunt
1906 1631 2007 1731 im-

426 1730 741 1785 munditiam
773 1747 786 1783 :
819 1728 968 1799 quasi
986 1727 1167 1783 dedita
1195 1740 1355 1796 Opera
1383 1725 1458 1781 sic
1476 1726 1737 1790 viventes,
1770 1731 1826 1776 ut
1854 1721 2008 1776 nobis

1180 232 1237 288 S.
1279 228 1556 287 JOANNIS
1592 225 2061 283 CIIRYSOSTOMI
2093 224 2407 281 ARCIHEP.
2449 230 2982 295 CONSTANTINOI'.

3618 258 3714 314 192

2122 341 2389 408 negotium
2416 342 2715 404 facessunt:
2748 360 2800 403 et
2836 355 3064 411 redeunt
3094 358 3287 417 iterum
3318 366 3543 424 multum
3569 382 3708 429 ster~

2122 435 2262 487 coris
2286 444 2575 505 gestantes,
2598 440 2649 494 in
2678 445 2936 510 moribus,
2968 449 3019 503 in
3048 454 3298 519 motibus,
3320 459 3373 512 in
3401 463 3579 517 verbis
3603 507 3618 531 ,
3654 466 3705 521 in

2123 525 2229 579 risu
2252 566 2266 589 ,
2290 526 2339 579 in
2364 526 2588 584 desidia.
2623 532 2823 607 Deinde
2852 554 2949 593 nos
2968 549 3157 596 Iterum
3184 544 3432 615 fodimus,
3457 556 3609 622 quasi
3640 558 3707 613 de

2122 614 2377 671 industria
2402 618 2681 689 fodientes,
2708 636 2765 681 ut
2790 628 2908 684 illos
2950 636 3175 690 mundos
3196 640 3501 699 emittentes
3521 689 3537 711 ,
3564 648 3707 717 ipsos

2122 722 2332 761 rursum
2379 710 2649 767 videamus
2683 730 2842 773 emno
2878 733 3122 780 onustos.
3180 727 3386 787 Idcirco
3426 710 3707 794 committo

2123 811 2215 851 vos
2241 800 2367 854 Deo.
2399 802 2584 872 Etjam
2614 805 2739 862 hinc
2768 811 2918 866 vobis
2939 855 2953 878 ,
2981 816 3069 884 qui
3099 819 3215 873 sani
3241 824 3390 891 estis,
3426 829 3703 898 testificor,

2117 889 2374 956 judicium
2422 894 2574 951 vnbis
2616 908 2671 953 et
2721 901 3115 963 damnationem
3163 912 3293 979 fore,
3326 916 3372 971 si
3415 922 3534 990 quis
3583 938 3706 979 cum

2120 982 2264 1038 videt
2309 986 2609 1048 inordinate
2636 1008 2876 1065 agentes,
2929 1005 3265 1077 maximeque
3315 1012 3408 1067 illo
3464 1025 3703 1088 tempore

2120 1075 2550 1148 confabulantes,
2576 1100 2683 1142 non
2715 1090 3053 1150 admonuerit
3087 1115 3188 1154 nec
3214 1109 3512 1162 correxerit
3559 1075 3655 1168 eos
3685 1129 3701 1167 :

2121 1167 2223 1223 hoc
2244 1172 2434 1228 melius
2462 1186 2543 1230 est
2573 1183 2881 1248 precatione
2927 1188 3060 1258 ipsa.
3111 1193 3329 1251 Dimitte
3376 1214 3600 1268 preces,
3648 1216 3703 1260 et

2120 1258 2270 1314 illum
2300 1262 2518 1336 increpa
2546 1286 2559 1322 :
2610 1270 2680 1326 ita
2712 1282 2768 1329 et
2796 1276 2869 1330 illi
2893 1281 3157 1348 proderis,
3190 1294 3245 1340 et
3285 1298 3337 1341 tu
3378 1258 3698 1351 lucraberis.

2116 1349 2205 1405 Sic
2260 1355 2557 1423 poterimus
2596 1376 2785 1421 omnes
2829 1369 3057 1427 salutem
3083 1384 3138 1429 et
3183 1393 3404 1448 regnum
3445 1385 3700 1442 caelorum

2116 1445 2329 1513 assequi
2357 1462 2370 1499 :
2402 1464 2509 1517 quo
2541 1468 2639 1508 nos
2664 1472 2852 1514 omnes
2875 1459 2978 1516 frui
3008 1467 3303 1538 contingat,
3329 1475 3499 1542 gratia
3524 1487 3578 1530 ct
3607 1479 3693 1534 he-

2118 1535 2379 1604 nignitate
2407 1542 2615 1599 Domini
2645 1554 2815 1605 nostri
2869 1551 2995 1609 Jesu
3022 1535 3219 1613 Christi
3246 1602 3261 1626 ,
3289 1535 3527 1633 quicum
3555 1568 3700 1625 Patri

2117 1628 2382 1701 simulque
2414 1634 2635 1705 Spiritui
2668 1655 2855 1699 sancto
2884 1647 3048 1717 gloria
3070 1691 3084 1713 ,
3136 1652 3437 1722 imperium,
3473 1658 3650 1717 honor
3680 1706 3696 1730 ,

2120 1737 2261 1779 nunc
2282 1735 2335 1779 et
2360 1742 2573 1797 semper
2596 1772 2611 1796 ,
2641 1736 2766 1789 etin
2795 1740 2989 1794 smcula
3021 1745 3359 1801 saeculorum.
3391 1751 3584 1806 Amen.

1804 1906 2149 1968 HOMILIA
2194 1910 2399 1973 xxv.

421 2060 663 2113 CAP.‘“.
691 2074 742 2111 v.
779 2058 865 2112 19.
916 2055 1008 2110 Illi
1029 2057 1249 2127 quidem,
1288 2055 1372 2122 qui
1396 2053 1609 2122 dispersi
1640 2055 1838 2124 fuerant
1863 2067 1894 2104 a
1920 2050 2012 2104 tri-

492 2151 764 2215 bulatione,
790 2166 901 2221 quae
924 2152 1059 2220 facta
1082 2153 1247 2220 fuerat
1266 2148 1326 2201 ob
1352 2147 1689 2217 Stephanum,
1706 2144 2010 2215 pertransie-

490 2253 607 2295 runt
652 2258 808 2309 usque
859 2240 1131 2294 Phaznicen
1179 2249 1225 2293 et
1270 2237 1494 2310 Cyprum
1546 2244 1592 2291 et
1647 2235 2004 2300 Antiochiam,

491 2336 678 2388 nemini
723 2333 979 2403 loquentes
1025 2332 1251 2395 verbum,
1299 2333 1398 2386 nisi
1422 2332 1543 2385 solis
1567 2329 1787 2385 Iudicis.

495 2426 550 2477 1.
604 2424 719 2478 Non
750 2438 934 2491 parum
966 2422 1031 2476 ad
1065 2423 1210 2476 verbi
1246 2424 1540 2490 profectum
1570 2420 1795 2475 contulit
1824 2435 2006 2490 perse-

425 2515 612 2585 quutio
650 2533 665 2568 :
697 2530 817 2568 nam
848 2513 1182 2584 Diligentibus
1211 2512 1406 2577 Deum,
1452 2513 1645 2581 inquit,
1709 2512 1876 2565 omnia
1916 2527 2004 2565 co-

418 2617 696 2677 operantur
717 2607 769 2659 in
787 2605 973 2660 bonum
1003 2604 1178 2676 (Rom.
1200 2605 1253 2659 8.
1274 2604 1388 2675 28).
1414 2604 1470 2659 Si
1493 2604 1869 2658 voluissentilli
1896 2603 2003 2659 Ec-

417 2699 634 2754 clesiam
666 2712 982 2769 propagare,
1041 2713 1145 2752 non
1186 2697 1329 2751 aliud
1384 2697 1636 2752 fecissent
1664 2715 1676 2750 :
1702 2696 1769 2751 de
1795 2696 2007 2766 disper—

418 2792 571 2845 sione
597 2791 788 2861 loquor
817 2790 1118 2844 doctorum.
1174 2790 1243 2845 Et
1290 2790 1410 2845 vide
1459 2806 1717 2862 quorsum
1772 2800 1995 2846 extensa

422 2881 579 2935 fuerit
638 2880 967 2950 prwdicalio.
1022 2880 1466 2947 l’ertransierunt,
1528 2882 1718 2951 inquit,
1748 2897 1905 2954 usque
1936 2881 2003 2934 ad

424 2970 697 3026 Phoenicen
725 2983 772 3026 et
817 2972 1038 3044 Cyprum
1070 2984 1113 3027 et
1140 2974 1461 3029 Antiochiam
1485 3015 1499 3040 ,
1531 2975 1716 3029 nemini
1744 2974 2004 3045 loquentes

414 3064 644 3129 verbum,
698 3065 795 3119 nisi
850 3065 970 3119 solis
1014 3065 1233 3120 Juda'is.
1284 3066 1466 3134 Vides,
1516 3065 1783 3136 quomodo
1824 3066 2001 3121 omnia

416 3158 557 3211 circa
587 3156 897 3211 Cornelium
934 3173 1027 3226 per
1053 3156 1510 3227 dispensationem
1537 3157 1673 3212 facta
1702 3158 1810 3211 sint
1837 3158 1860 3210 ἲ
1889 3158 2000 3213 lloc

414 3256 592 3300 autem
624 3257 675 3302 et
707 3246 772 3301 ad
797 3247 1166 3303 defensionem
1195 3247 1390 3302 Christi
1423 3258 1475 3302 et
1501 3248 1569 3302 ad
1600 3248 1995 3303 accusationem

415 3338 724 3395 ludmorum
747 3336 974 3393 confert.
1009 3337 1187 3409 Itaque
1213 3354 1332 3393 cum
1350 3338 1651 3408 Stephanus
1668 3341 1875 3394 occisus
1895 3348 1996 3404 est,

418 3446 538 3485 cum
561 3430 757 3485 Paulus
779 3431 860 3486 bis
890 3440 967 3485 est
1000 3431 1329 3501 periclitatus
1354 3471 1367 3492 ,
1400 3446 1519 3485 cmn
1547 3431 1773 3500 apostoli
1813 3431 1997 3502 ﬂagel-

415 3522 503 3576 lati
527 3529 671 3585 sunt,
701 3536 820 3576 cum
849 3523 1042 3591 smpius
1074 3522 1251 3592 ejecti.
1283 3535 1408 3578 tunc
1429 3534 1636 3594 gentes,
1658 3525 1997 3581 tune‘Sama-

414 3614 573 3666 ritaui
598 3614 798 3682 recepti
826 3616 990 3669 sunt:
1022 3614 1165 3684 quod
1193 3624 1247 3670 et
1270 3616 1463 3670 Paulus
1496 3617 1717 3672 -clamat
1765 3616 1950 3673 dicens
1978 3635 1993 3672 :

424 3703 571 3758 Vobis
594 3706 855 3773 Oportebat
889 3706 1111 3775 primum
1163 3708 1302 3777 loqui
1327 3709 1529 3762 verbum
1570 3708 1661 3763 Dei
1687 3726 1705 3763 :
1731 3711 1819 3764 sed
1867 3727 1996 3782 quo-

411 3797 808 3868 niamrepellitis
842 3798 1009 3864 illud,
1061 3809 1109 3854 et
1155 3799 1390 3871 indignos
1434 3818 1517 3856 vos
1550 3804 1837 3873 judicatis,
1888 3822 1997 3859 ecce

410 3893 745 3943 convertimur
765 3892 831 3943 ad
849 3900 1018 3962 gentes
1044 3891 1178 3962 (Act.
1214 3894 1265 3948 5.
1298 3893 1412 3964 46).
1446 3895 1784 3950 Circnierunt
1815 3898 1990 3965 igitur,

408 3989 462 4033 et
489 3990 678 4050 gentes
706 3981 1137 4051 alloquebanlur.
1166 3983 1257 4038 20.
1293 3985 1452 4039 Erant
1482 3998 1647 4041 autem
1672 3990 1880 4059 quidam
1902 4008 1991 4044 eo-

406 4086 519 4124 rum
542 4073 635 4126 viri
655 4072 829 4145 Cyprii
860 4083 906 4127 et
927 4072 1176 4145 Cyrenaei,
1228 4077 1313 4147 qui
1364 4093 1478 4130 cum
1515 4081 1762 4135 venissent
1813 4082 1995 4136 Antio-

407 4165 595 4231 chiam,
622 4165 952 4233 loquebantur
972 4169 1040 4220 ad
1066 4167 1291 4233 ercos,
1329 4172 1687 4225 annuntiantes
1714 4170 1991 4226 Dominum

403 4255 603 4310 Jesum.
635 4257 726 4310 21.
754 4257 820 4310 Et
841 4268 948 4311 erat
977 4275 1158 4312 manus
1186 4257 1395 4312 Domini
1422 4276 1537 4313 cum
1560 4263 1629 4314 eis
1660 4276 1676 4314 :
1704 4262 1991 4331 multusque

406 4362 643 4397 numerus
665 4346 973 4400 credentium
996 4364 1265 4402 conversus
1292 4362 1364 4403 est
1389 4350 1456 4402 ad
1485 4349 1759 4406 Dominum
1784 4354 1982 4410 Jcsunt.

420 4435 571 4499 Vide,
602 4436 805 4491 Gnecis
830 4438 1162 4506 evangelium
1205 4442 1540 4495 annuntiaut.
1583 4443 1881 4500 Verisimile
1907 4458 1989 4501 est

403 4527 545 4580 enim
574 4527 694 4583 illos
723 4527 910 4583 Grtnce
936 4530 1183 4596 scivisse,
1216 4538 1269 4586 et
1300 4534 1597 4590 Antiochim
1620 4538 1817 4591 multos
1849 4541 1984 4596 tales

404 4618 585 4673 fuisse.
606 4617 669 4670 Et
696 4628 824 4685 erat,
853 4619 1042 4689 inquit,
1073 4638 1250 4677 manus
1279 4622 1483 4678 Domini
1504 4643 1615 4680 cum
1638 4628 1773 4692 illis;
1802 4630 1852 4683 id
1879 4643 1983 4699 est,

401 4712 550 4780 signa
585 4711 866 4765 faciebant.
898 4712 1105 4779 Viden',
1159 4729 1255 4768 cur
1296 4717 1455 4771 etiam
1517 4734 1658 4774 nunc
1712 4723 1984 4791 signorum

401 4803 687 4858 necessitas
720 4802 898 4869 fuerit,
931 4814 985 4858 ιιι
1035 4805 1319 4861 crederent
1349 4808 1371 4861 ?
1405 4810 1495 4862 2'2.
1528 4810 1764 4865 Peruenit
1817 4824 1983 4867 autem

402 4912 565 4949 sermo
590 4895 660 4948 ad
679 4912 826 4950 aures
850 4895 1111 4962 Ecclesiae,
1136 4915 1248 4967 qua:
1276 4910 1382 4953 erat
1425 4900 1762 4974 Jerosolymis
1789 4946 1801 4969 ,
1832 4923 1984 4975 super

399 4989 505 5040 istis
523 5004 541 5041 :
563 4998 609 5041 et
635 4989 876 5043 miserunt
906 4988 1194 5044 Burnubam
1221 5010 1375 5063 usque
1393 4994 1461 5047 ad
1483 4995 1827 5053 Antiochiam.
1872 4999 1983 5055 Cur

401 5091 542 5134 tanta
565 5082 778 5135 civitate
806 5083 1023 5138 verbum
1067 5086 1358 5154 recipiente
1386 5103 1491 5142 non
1525 5099 1788 5145 venerunt
1840 5092 1936 5161 ipsi
1963 5135 1976 5156 ,

400 5169 494 5223 sed
522 5170 818 5227 Barnaham
869 5176 1185 5230 miserunt?
1236 5178 1461 5249 PrOpter
1488 5180 1723 5237 Judatos.
1785 5184 1977 5240 Verum

398 5278 502 5317 non
544 5277 704 5333 parva
735 5282 821 5321 res
842 5266 928 5321 hic
947 5271 1166 5338 geritur,
1209 5271 1335 5326 dum
1373 5275 1451 5329 sic
1496 5275 1690 5332 Paulus
1734 5279 1867 5335 istuc
1892 5296 1980 5336 ac-

396 5355 535 5411 cedit
570 5374 581 5409 :
618 5371 792 5426 neque
835 5358 952 5413 sine
976 5376 1133 5417 causa
1154 5405 1168 5426 .
1194 5364 1291 5419 sed
1316 5382 1435 5421 eum
1467 5385 1656 5439 magna
1690 5373 1976 5440 providen-

396 5450 465 5503 tia
500 5450 645 5503 illunt
691 5460 1027 5517 aversantur,
1056 5471 1124 5510 ne
1152 5472 1256 5510 vox
1305 5462 1704 5528 praedicationis
1742 5467 1973 5539 tubaque

394 5540 644 5595 callorutn
671 5541 1018 5615 Jerosolytna:
1044 5546 1425 5605 includeretur.
1464 5554 1672 5623 Viden‘,
1706 5563 1975 5628 quomodo

398 5633 590 5702 ubique
619 5634 817 5689 inalitia
867 5651 1070 5706 eorum,
1107 5650 1163 5695 ut
1202 5656 1335 5712 opus
1361 5657 1496 5713 erat,
1528 5659 1579 5702 et
1605 5661 1659 5704 ut
1685 5654 1793 5722 ipse
1824 5656 1969 5711 vole-

2117 2053 2227 2146 bat,
2255 2056 2499 2117 Christus
2525 2073 2785 2137 uteretur,
2817 2081 2977 2143 atque
2998 2076 3122 2132 odio
3152 2079 3203 2134 in
3226 2081 3449 2141 Paulum
3477 2089 3541 2142 ad
3564 2090 3695 2146 tedi-

2116 2144 2415 2205 [icationem
2438 2153 2693 2215 Ecclesia:
2719 2176 2781 2216 ex
2811 2166 3057 2233 gentibus
3078 2170 3103 2223 ?
3128 2171 3234 2228 Sed
3264 2176 3381 2232 vide
3412 2178 3551 2236 hunc
3566 2200 3699 2254 quo-

2114 2252 2216 2306 que
2231 2252 2473 2300 sanctum
2499 2289 2516 2315 ,
2551 2249 2846 2309 Barnabam
2874 2257 3015 2323 dico,
3041 2266 3312 2331 quomodo
3349 2287 3455 2327 non
3478 2249 3691 2333 sua—rc-

2111 2330 2319 2401 Spiciat,
2350 2337 2442 2391 sed
2473 2354 2651 2403 currat
2689 2346 2932 2407 Tarsum.
2974 2352 3059 2410 23.
3112 2359 3351 2427 Quicum
3378 2368 3606 2437 venisset,
3651 2382 3700 2427 et

2111 2420 2309 2476 vidisset
2354 2430 2573 2495 gratiam
2596 2432 2724 2501 Dei,
2767 2443 2971 2509 gavisus
3010 2454 3104 2515 est,
3134 2461 3178 2504 et
3205 2452 3499 2511 hortabatur
3525 2420 3697 2519 omnes

2109 2514 2163 2567 in
2213 2522 2471 2587 proposito
2518 2528 2687 2583 cordis
2739 2549 3034 2601 permanere
3060 2542 3112 2596 in
3150 2542 3409 2603 Domino:
3447 2551 3537 2607 24.
3578 2558 3699 2625 quia

2061 2678 2067 2682 Ι
2108 2617 2213 2660 erat
2242 2611 2316 2664 vir
2340 2611 2499 2670 bonus
2519 2627 2563 2670 et
2588 2621 2767 2687 plenus
2790 2624 2989 2696 Spiritu
3016 2644 3190 2688 sancto
3217 2647 3265 2691 et
3289 2639 3411 2707 ﬁde.
3442 2642 3508 2696 Et
3528 2611 3695 2715 appo-

2107 2700 2202 2754 sita
2232 2714 2305 2757 est
2331 2708 2488 2761 multa
2514 2714 2658 2767 turba
2682 2714 2920 2775 Domino.
2954 2722 3044 2779 25.
3096 2700 3370 2801 Profectus
3411 2746 3481 2790 est
3516 2700 3688 2795 aulem

2108 2792 2372 2852 Barnabas
2432 2799 2663 2870 Tarsum,
2699 2819 2750 2862 ut
2778 2827 3020 2879 quaereret
3064 2819 3281 2877 Sanlum
3316 2841 3335 2878 :
3385 2845 3530 2897 quem
3576 2849 3694 2889 cum

2108 2889 2395 2956 "tacuisset,
2434 2896 2671 2962 perduxit
2712 2900 3052 2962 Antiochiam.
3112 2911 3357 2981 Optimus
3392 2889 3472 2974 vir
3496 2933 3613 2977 erat
3638 2936 3695 2981 et

2107 2978 2354 3049 simplex,
2389 2994 2549 3055 atque
2576 2989 2741 3048 Paulo
2770 2994 3069 3056 familiaris.
3102 3002 3226 3061 Ideo
3258 3011 3403 3064 venit
3431 3014 3497 3067 ad
3528 3016 3695 3073 athle-

2108 3077 2236 3134 tam,
2264 3073 2331 3127 ad
2353 3074 2566 3143 ducem,
2594 3082 2660 3135 ad
2710 3091 3120 3148 monomachum
3141 3137 3155 3161 ,
3200 3098 3266 3152 ad
3295 3100 3506 3157 leonem
3538 3123 3552 3171 ;
3591 3125 3691 3163 ne-

2109 3162 2224 3267 scio
2247 3166 2372 3266 quid
2404 3167 2614 3237 dicam;
2640 3176 2896 3247 quidquid
2927 3185 3069 3238 enim
3118 3187 3345 3245 dixerim
3368 3235 3380 3256 ,
3426 3162 3690 3267 dignitate

2107 3251 2331 3311 inferius
2359 3258 2525 3316 Paulo
2554 3265 2674 3319 erit.
2703 3267 2858 3324 Venit
2885 3272 2951 3327 ad
2976 3280 3275 3335 venaticum
3302 3251 3534 3355 canem”,
3572 3290 3691 3345 leo-

2105 3361 2201 3402 nes
2231 3349 2559 3409 occidentem
2589 3394 2605 3421 ,
2655 3359 2723 3413 ad
2770 3370 2977 3419 taurum
3027 3368 3258 3439 fortem,
3300 3374 3365 3429 ad
3412 3377 3685 3437 lucernam

2102 3438 2439 3509 Splendidam
2463 3487 2480 3513 ,
2520 3447 2586 3503 ad
2626 3466 2687 3506 os
2716 3454 2830 3510 orbi
2863 3458 3150 3517 sufficiens.
3173 3438 3311 3522 vere
3343 3469 3463 3524 ideo
3491 3474 3690 3530 Antio-
3750 3474 3760 3485 ’

2101 3530 2237 3585 chize
2277 3536 2448 3590 vocati
2504 3548 2628 3594 sunt
2679 3542 2965 3604 Christiani
2997 3591 3011 3616 ,
3064 3555 3185 3622 quia
3213 3556 3406 3629 Paulus
3433 3561 3502 3616 ibi
3539 3574 3689 3622 tanto

2104 3630 2343 3693 tempore
2367 3633 2581 3687 mansit.
2597 3632 2689 3689 26.
2722 3635 2939 3694 Factum
2960 3653 3032 3697 est
3049 3656 3214 3700 autem
3238 3659 3291 3702 ut
3310 3650 3497 3706 annum
3524 3666 3687 3712 totum

2100 3730 2519 3790 congregarentur
2543 3725 2597 3778 in
2622 3725 2870 3799 Ecclesia,
2894 3744 2942 3787 et
2968 3735 3198 3793 docerent
3222 3743 3418 3798 turbam
3448 3748 3682 3815 multam,

2099 3808 2169 3860 ita
2218 3819 2271 3862 ut
2319 3818 2793 3884 roguominarentur
2849 3827 3066 3894 primunt
3111 3833 3392 3891 Antiochia:
3446 3841 3685 3911 discipuli

2098 3897 2389 3959 Christiani.
2415 3906 2529 3962 Non
2562 3926 2721 3979 parva
2750 3916 2980 3972 civitatis
3006 3922 3120 3976 laus
3150 3923 3283 3979 btec.
3336 3928 3445 3984 Hoc
3493 3944 3683 3988 eontra

2099 4004 2289 4047 omnes
2341 3995 2530 4053 adduci
2579 4011 2773 4069 potest,
2805 4009 2945 4076 quod
2979 4012 3145 4078 prima
3192 4020 3427 4073 omnium
3460 4038 3552 4078 ore
3591 4026 3681 4079 tali

2099 4090 2242 4137 tanto
2290 4093 2529 4156 tempore
2561 4090 2826 4150 frueretur
2855 4115 2866 4150 :
2901 4101 3041 4158 unde
3073 4113 3127 4159 et
3174 4109 3347 4175 primo
3396 4112 3550 4169 isthic
3579 4116 3680 4173 hoc

2098 4175 2310 4231 nomine
2336 4177 2535 4248 dignati
2561 4195 2706 4239 sunt.
2732 4188 2916 4245 Viden’
2942 4194 3273 4265 in‘quantum
3303 4204 3561 4276 fastigium
3596 4212 3679 4263 ci-

2095 4266 2308 4322 vitatem
2336 4274 2607 4343 extulerit,
2661 4280 3053 4356 clarioremque
3097 4289 3326 4350 fecerit?
3365 4297 3475 4353 lloc
3525 4300 3676 4357 Pauli

2092 4372 2227 4426 opus
2254 4370 2355 4414 est.
2381 4361 2481 4418 Ubi
2513 4368 2612 4422 tria
2642 4371 2826 4439 millia,
2860 4376 2947 4431 ubi
2986 4381 3223 4451 quinque
3243 4385 3409 4443 millia
3430 4392 3679 4449 credide-

2094 4459 2236 4516 runt,
2281 4452 2367 4506 ubi
2400 4463 2540 4510 tanta
2570 4460 2852 4519 multitudo
2873 4508 2886 4531 ,
2922 4468 2995 4523 ibi
3036 4473 3170 4527 nihil
3195 4477 3297 4531 tale
3329 4480 3524 4536 factum
3547 4494 3667 4551 est;

2090 4541 2184 4595 sed
2239 4544 2413 4601 adhuc
2436 4547 2503 4603 de
2532 4552 2613 4605 via
2645 4552 2729 4607 illa
2783 4566 2984 4615 tantum
3037 4579 3157 4620 esse
3204 4567 3553 4628 dicebantur:
3587 4576 3674 4632 hic

2090 4648 2217 4688 vero
2244 4636 2528 4695 Christiani
2555 4648 2803 4713 appellati
2835 4663 2978 4707 sunt.
3024 4655 3113 4710 27.
3171 4658 3237 4713 In
3263 4662 3341 4716 his
3368 4675 3535 4720 mitem
3556 4669 3672 4724 dic-

2087 4726 2178 4781 bus
2208 4732 2569 4789 descenderunt
2596 4739 2658 4792 ab
2685 4738 3021 4815 Jerosolgmis
3047 4753 3306 4819 prapheta:
3327 4755 3669 4819 Antiochiam.

2088 4821 2349 4887 Quoniam
2381 4827 2535 4883 isthic
2560 4830 2786 4888 fructum
2810 4838 3165 4912 eleemosyna:
3193 4848 3419 4916 plantari
3455 4868 3673 4923 oporte-

2087 4915 2176 4970 bat
2196 4958 2209 4982 ,
2244 4919 2446 4974 utiliter
2469 4926 2782 4992 providetur
2808 4939 2861 4985 ut
2886 4937 3162 5004 pr0phctm
3194 4915 3287 4994 illo
3318 4915 3667 5003 descendant.

2089 5008 2168 5061 'l'u
2196 5026 2327 5066 vero
2353 5014 2481 5068 mihi
2521 5020 2830 5076 consideres
2858 5027 3038 5093 velim,
3078 5033 3346 5088 neminem
3380 5052 3444 5091 ex
3470 5040 3668 5095 Clario-

2083 5100 2233 5153 ribus
2262 5102 2448 5159 horum
2472 5106 2746 5166 doctorem
2774 5112 2937 5171 fuisse
2963 5136 2987 5175 δ
3008 5119 3235 5191 Cyprios
3263 5128 3406 5182 enim
3432 5130 3669 5188 habuere

2085 5192 2354 5265 doctores,
2384 5197 2670 5271 Cyrenzeos
2700 5215 2755 5260 et
2784 5191 3034 5283 Paulum(
3066 5215 3274 5271 etiamsi
3308 5218 3394 5273 hic
3422 5222 3542 5277 illos
3571 5242 3666 5278 su-

2084 5291 2349 5355 peraverit
2379 5291 2418 5361 ),
2451 5295 2591 5349 sicut
2634 5297 2829 5357 Paulus
2870 5304 3121 5361 doctores
3150 5308 3330 5364 habuit
3368 5314 3664 5372 Barnabam

2080 5388 2132 5430 et
2156 5382 2413 5437 Ananiam
2442 5400 2457 5450 ;
2484 5388 2578 5442 sed
2608 5390 2736 5446 nihil
2763 5393 2884 5450 inde
2916 5400 3091 5455 minor
3123 5403 3219 5456 fttit
3253 5422 3265 5457 :
3316 5405 3545 5463 habebat
3580 5420 3663 5464 tit-

2084 5486 2205 5527 men
2233 5482 2286 5528 et
2315 5475 2604 5535 Christum.
2633 5483 2724 5539 28.
2780 5486 3006 5560 Surgens
3031 5504 3196 5558 autem
3224 5514 3353 5551 unus
3379 5516 3441 5553 ea:
3470 5502 3541 5554 cis
3568 5520 3658 5556 no.

2081 5564 2213 5618 utine
2242 5566 2461 5635 Agabus,
2488 5573 3011 5649 signi/icabatfamem
3060 5603 3294 5658 magnam
3339 5594 3563 5661 futuram
3614 5598 3667 5647 in

2081 5660 2310 5715 universe
2345 5664 2484 5735 orbe,
2525 5684 2636 5735 (Γαῖ’
2667 5672 2806 5741 facta
2834 5685 2906 5728 est
2928 5678 3020 5731 sub
3051 5678 3268 5737 Claudio
3308 5684 3521 5742 Cwsare.
3555 5688 3660 5743 Ne-
