4036 6220
171 372 253 427 us
1088 358 1149 414 IN
1190 358 1369 415 sors
1409 324 1931 415 Aposromnun.
1976 355 2207 413 uoutL.
2252 359 2415 414 xxv.

191 486 402 543 cessatio
429 482 513 537 hic
538 480 734 534 famem
753 491 995 548 magnam
1026 476 1252 529 futuram
1283 473 1566 543 significat,
1595 487 1714 542 qua:

166 580 326 641 etiam,
350 584 404 628 ιιι
434 572 687 642 prmdicta
716 570 910 634 fuerat,
940 568 1181 638 contigit.
1202 567 1278 620 Ne
1307 564 1714 635 putarenteuim

165 670 351 741 quidam
376 667 493 723 ideo
520 665 721 719 famem
746 663 980 727 venisse,
1009 660 1147 731 quod
1172 658 1613 714 Christianismus
1634 657 1716 710 in-

165 777 352 833 gressus
375 766 544 821 esset,
568 756 713 827 quod
739 756 1012 809 dmmones
1062 753 1447 807 abscessissent
1471 768 1484 804 :
1520 750 1716 820 praedi-

169 854 223 906 cit
244 850 452 918 Spiritus
476 858 695 901 sanctus
724 846 867 917 quod
913 846 1142 898 futurum
1173 852 1278 903 est.
1302 843 1442 897 sicut
1471 853 1525 898 et
1553 842 1714 897 Chri-

169 954 264 999 stus
288 944 434 997 multa
465 940 710 1009 prmdixit
750 955 871 1010 qua:
896 946 1208 994 evenerunt.
1272 926 1277 931 ’

229 1036 319 1089 Cur
342 1039 491 1104 {ames
518 1033 726 1086 venerit.
748 1062 819 1070 —
839 1030 952 1084 Non
978 1029 1098 1084 idco
1128 1029 1305 1097 igitur,
1334 1031 1456 1098 quia
1477 1027 1543 1082 ab
1566 1026 1715 1081 initio

174 1129 231 1181 ita
258 1142 355 1181 rem
385 1123 623 1179 accidere
658 1122 967 1192 Oportebat;
1001 1120 1094 1175 sed
1136 1130 1352 1190 propter
1399 1120 1536 1173 mala
1586 1133 1719 1188 apo-

176 1218 300 1272 sloiis
323 1217 452 1269 illata
477 1232 491 1269 :
515 1230 636 1284 qua:
663 1228 825 1284 quum
854 1222 908 1267 et
934 1214 1139 1275 tierent,
1165 1210 1548 1281 aliquantiSper
1578 1211 1716 1263 Deus

178 1309 401 1379 patienter
430 1306 662 1369 ferebat;
696 1320 816 1359 cum
860 1311 1039 1358 autem
1073 1302 1146 1356 illi
1179 1309 1496 1371 pergerent,
1546 1299 1715 1353 fames

178 1398 333 1454 accidit
354 1414 368 1463 ;
392 1412 504 1466 quae
538 1395 744 1449 Judmis
774 1392 950 1448 futura
992 1392 1129 1446 mala
1158 1390 1561 1460 prmuunliabal.
1611 1387 1714 1444 Sed

177 1491 257 1543 etsi
281 1499 476 1557 propter
500 1486 716 1542 Judmos
745 1485 912 1539 fames
943 1492 1108 1547 esset,
1140 1493 1358 1552 prOpter
1384 1481 1521 1534 alios
1547 1495 1713 1549 opor-

178 1580 294 1633 tabat
331 1578 463 1632 illam
516 1591 754 1635 cessare.
791 1574 927 1643 Quid
974 1575 1117 1629 enim
1171 1573 1378 1644 injuria:
1428 1572 1716 1627 intulerant

178 1669 315 1723 Gnaei
333 1709 345 1732 ,
375 1676 425 1721 ut
453 1668 718 1722 ntalorum
750 1674 932 1721 essent
970 1664 1297 1735 participes?
1325 1661 1381 1719 Si
1408 1671 1585 1717 autem
1607 1677 1712 1716 non

177 1768 356 1828 prOplet‘
380 1757 611 1820 Judaeos,
648 1756 767 1810 illos
793 1771 918 1825 ergo
941 1754 1199 1810 clariores
1248 1753 1363 1807 ﬁeri
1392 1752 1709 1823 oportebat,

180 1852 290 1921 quod
319 1867 403 1921 pro
433 1851 565 1905 virili
596 1866 694 1905 sua
729 1848 987 1915 facerent,
1018 1847 1159 1918 quod
1202 1845 1529 1911 occiderent,
1561 1845 1717 1915 puni,

182 1961 303 2013 rent,
331 1947 613 2016 plcclcrenl.
637 1986 651 2008 ,
687 1943 921 2012 undique
948 1948 1416 2011 persequerentur.
1450 1939 1518 1993 Et
1557 1938 1676 1994 vide
1696 1979 1713 2004 ,

182 2039 470 2109 quandonam
499 2037 670 2091 fames
703 2034 910 2090 accidat
948 2051 960 2086 :
985 2047 1106 2088 cum
1127 2031 1324 2087 ethnici
1348 2031 1458 2101 jam
1484 2034 1715 2101 suscepti

183 2140 343 2186 θςεειιι.

234 2222 275 2274 3.
297 2221 387 2277 Sed
407 2221 447 2274 si
470 2227 688 2290 propter
711 2217 868 2281 mala,
898 2216 1123 2286 inquies,
1147 2213 1426 2282 Oportebat
1449 2223 1596 2269 certe
1618 2214 1717 2270 hos

184 2316 328 2371 eximi.
356 2315 477 2381 Cur,
498 2313 592 2368 dic
622 2311 791 2366 mihi?
818 2325 994 2364 annon
1026 2319 1147 2363 ante
1177 2307 1385 2362 dixerat
1427 2308 1532 2362 illis
1556 2307 1715 2362 Chri-

184 2418 267 2461 stus
291 2425 301 2461 :
325 2406 382 2461 In
404 2406 588 2460 mundo
618 2403 987 2457 tribulationem
1012 2400 1253 2454 [rubebitis
1276 2398 1454 2472 (Joan.
1479 2399 1563 2453 16.
1588 2397 1718 2469 5'5)?

184 2497 243 2551 Tu
266 2514 392 2560 vero,
420 2498 505 2568 qui
538 2497 651 2550 haec
675 2494 830 2558 dicis,
858 2492 990 2546 forte
1011 2490 1251 2560 adjicies,
1281 2503 1384 2543 non
1417 2489 1719 2558 oportuisse

186 2588 275 2643 illos
298 2588 556 2659 ﬂagellari.
586 2587 650 2641 At
678 2585 801 2640 vide
829 2583 932 2638 illis
957 2582 1149 2637 famem
1178 2581 1365 2636 factam
1389 2594 1507 2635 esse
1532 2579 1718 2635 salutis

184 2696 386 2747 cattsam,
416 2682 769 2750 eleemosyna:
815 2677 1187 2738 occasionem,
1221 2674 1491 2743 multaque
1533 2674 1717 2728 conci-

184 2772 307 2827 tusae
332 2773 483 2840 bona,
515 2781 573 2825 ut
603 2770 752 2825 vobis
780 2767 1137 2831 conciliasset,
1168 2766 1213 2819 si
1249 2764 1589 2828 voluissetis;
1623 2764 1717 2818 sed

186 2865 401 2919 noluistis.
431 2864 748 2920 Praedicitur
774 2871 951 2916 autem
976 2900 991 2926 ,
1026 2869 1083 2913 ut
1122 2858 1291 2929 magis
1321 2857 1488 2927 parati
1518 2857 1624 2911 sint
1651 2856 1716 2911 ad

186 2954 549 3027 eleemosynam,
579 2955 703 3025 quia
730 2952 910 3023 gravia
936 2948 1078 3021 passi
1103 2958 1247 3015 sunt,
1277 2948 1365 3019 qui
1389 2957 1540 3003 erant
1568 2946 1720 3002 Jero-

184 3047 389 3119 solymis;
419 3058 572 3104 antea
604 3056 781 3102 autem
812 3044 953 3101 fame
996 3058 1100 3098 non
1128 3041 1463 3097 laborabant.
1497 3041 1563 3094 Et
1590 3039 1716 3095 mit—

184 3146 328 3193 tuntur
349 3140 611 3195 Barnabas
638 3148 694 3193 et
719 3137 915 3191 Paulus
942 3133 1314 3189 ministraturi.
1345 3132 1436 3187 29.
1473 3130 1720 3201 Discipuli

184 3240 312 3284 autem
337 3242 475 3303 prout
498 3232 709 3302 quisque
735 3227 1040 3282 abundabat.
1070 3225 1257 3281 Viden’
1287 3225 1404 3278 illos
1432 3225 1609 3278 statim
1640 3233 1719 3277 at-

184 3336 263 3390 que
292 3324 617 3379 crediderunt
664 3321 890 3377 fructum
936 3320 1158 3385 tulisse,
1191 3333 1297 3373 non
1336 3319 1401 3373 iis
1442 3318 1600 3372 modo
1628 3317 1716 3386 qui

186 3428 340 3482 prope,
368 3415 456 3469 sed
486 3415 646 3469 etiam
681 3413 743 3467 iis
774 3412 863 3481 qui
906 3410 1089 3480 procul
1121 3410 1312 3464 erant?
1340 3408 1450 3462 lloc
1480 3408 1606 3461 mihi
1636 3408 1717 3462 vi-

188 3503 305 3557 detur
339 3506 417 3561 hic
455 3506 635 3560 dicere
655 3546 669 3566 ,
699 3500 841 3573 quod
884 3501 1009 3556 alibi
1050 3500 1245 3556 Paulus
1270 3499 1400 3554 dicit
1431 3517 1444 3553 :
1472 3498 1718 3553 Deateras

186 3594 382 3649 dederunt
409 3596 527 3649 mihi
554 3606 603 3649 et
632 3592 884 3647 Barnaba?
907 3592 1157 3645 societatis
1176 3632 1190 3653 ,
1221 3600 1417 3644 tantum
1446 3596 1501 3641 ut
1530 3604 1720 3659 paupe-

185 3702 268 3738 rttm
298 3705 522 3742 memores
551 3702 774 3741 essemus
796 3688 812 3715 ¹
849 3683 990 3757 (Gal.
1018 3683 1072 3738 2.
1104 3682 1156 3738 9.
1188 3682 1301 3753 10).
1334 3683 1561 3736 Tantum
1593 3696 1716 3749 pro-

185 3779 257 3833 fait
280 3782 445 3837 fames.
487 3781 555 3836 Et
580 3780 704 3834 vide
744 3777 861 3833 illos
889 3793 955 3832 ex
998 3775 1135 3830 fame
1175 3791 1349 3847 neque
1391 3776 1441 3829 in
1487 3773 1641 3829 fletus
1666 3781 1718 3827 et

186 3870 399 3942 lacrymas
426 3872 688 3941 erupisse,
720 3879 779 3923 ut
816 3883 913 3923 nos
946 3867 1189 3932 facimus,
1221 3866 1313 3920 scd
1345 3866 1409 3920 ad
1440 3881 1574 3935 opus
1601 3881 1716 3919 ma-

183 3975 306 4028 gnum
330 3972 379 4017 et
403 3964 596 4018 bonum
624 3976 683 4016 se
706 3960 1006 4024 dedidisse;
1035 3974 1155 4013 eum
1184 3957 1370 4027 majori
1400 3972 1627 4026 namque
1652 3957 1717 4010 li-

185 4052 348 4108 bertate
380 4052 739 4123 praedicabant
766 4050 1008 4105 verbum.
1042 4049 1149 4104 Nec
1177 4048 1446 4113 dicebant,
1475 4047 1601 4114 Nos,
1629 4047 1719 4116 qui

183 4138 377 4211 Cyrenmi
402 4154 452 4200 et
476 4140 656 4216 Cyprii
688 4156 895 4208 sumus,
929 4142 1064 4196 hanc
1090 4140 1425 4211 aggredimur
1449 4139 1716 4193 civitatem

182 4233 461 4299 Splendidam
489 4245 543 4289 et
570 4248 848 4303 magnam;
876 4230 969 4287 scd
995 4232 1182 4302 gratiae
1209 4231 1299 4285 Dei
1330 4230 1488 4285 (idem
1522 4229 1720 4285 haben-

184 4330 268 4387 les,
296 4334 343 4379 et
367 4325 438 4380 illi
467 4325 764 4382 doctrinam
795 4323 1029 4393 aggressi
1069 4329 1231 4388 sunt,
1263 4330 1317 4376 et
1347 4320 1399 4375 hi
1427 4335 1531 4375 non
1563 4320 1716 4375 ας·ἀί-

180 4414 291 4478 gnati
326 4424 442 4472 sunt
480 4416 548 4471 ab
591 4416 698 4470 illis
734 4414 1002 4485 quidpiam
1033 4413 1295 4467 ediscere.
1328 4411 1458 4466 Vide
1484 4426 1512 4465 a
1544 4412 1718 4480 parvis

179 4514 218 4557 et
236 4508 414 4577 exiguis
439 4509 615 4562 omnia
649 4514 879 4575 peracta,
912 4504 1339 4575 prmdicationem
1368 4512 1598 4567 auctam,
1626 4517 1718 4557 cos

178 4596 243 4663 qui
269 4597 598 4668 ierosolyntis
621 4597 806 4652 eadem
832 4610 951 4650 cum
979 4595 1096 4648 aliis
1128 4595 1373 4647 omnibus
1401 4595 1714 4658 sentientes,

178 4692 218 4737 et
237 4690 363 4755 quasi
403 4705 557 4742 unam
597 4686 816 4742 domum
856 4686 1040 4740 orbem
1082 4693 1248 4737 totum
1283 4683 1482 4737 haberi.
1516 4681 1713 4736 Audie-

180 4789 269 4830 rant
306 4780 433 4846 quod
479 4778 722 4834 Samaria
765 4776 1053 4845 recepisset
1090 4774 1311 4829 verbum
1336 4814 1350 4837 ,
1380 4783 1434 4827 et
1461 4773 1717 4827 miserunt

182 4864 355 4924 Petrum
382 4882 432 4927 et
457 4871 719 4926 Joannem
753 4887 767 4927 :
795 4868 1075 4924 audierunt
1104 4867 1228 4936 quid
1260 4851 1554 4920 Antidchia:
1580 4865 1717 4920 acci-

180 4955 339 5023 disset,
369 4972 419 5015 et
446 4965 664 5017 mittunt
702 4960 1019 5015 Barnabam.
1056 4959 1272 5012 Multum
1315 4959 1456 5011 enim
1487 4966 1602 5011 crat
1632 4956 1717 5011 iti-

182 5052 292 5105 neris
328 5056 584 5123 Spatium,
629 5068 728 5108 nec
764 5051 1043 5122 oportebat
1081 5051 1256 5106 adhuc
1293 5050 1563 5119 apostolos
1592 5049 1716 5105 inde

224 5226 236 5256 '
266 5234 356 5280 Post
380 5232 794 5291 verlia,memores
816 5241 1040 5288 essemus,
1067 5228 1263 5291 quidam
1283 5226 1602 5291 _tttanu_seripti
1630 5227 1714 5275 ad-

177 5284 270 5337 dunt
287 5324 301 5345 ,
322 5291 477 5341 adhuc
500 5284 710 5341 Jacobus
727 5290 925 5341 vivebat.
951 5284 1098 5339 Miror.
1117 5292 1239 5337 hanc
1255 5288 1515 5338 clausulam
1538 5284 1595 5337 "in
1627 5296 1716 5336 Ma-

177 5352 392 5410 nuscriptis
422 5354 975 5416 quibusdamjnscrtam
1006 5352 1196 5416 haberi.
1221 5351 1495 5416 Quidgenim
1525 5351 1585 5416 ad
1608 5363 1713 5416 rem

192 5412 607 5473 {ruentem'facit,
633 5416 673 5463 si
705 5414 892 5462 dicatur
938 5414 1016 5463 hic
1055 5413 1211 5461 adhuc
1232 5412 1466 5461 Jacohum
1492 5412 1713 5473 vixisse?

213 5473 333 5538 ciude
355 5490 470 5526 vero
490 5477 555 5525 de
578 5472 678 5538 quo
699 5474 886 5538 Iacobo;
904 5476 982 5525 hic
1004 5474 1202 5538 agitur?
1223 5473 1591 5538 Jacobusenitn
1621 5472 1714 5521 fra-

176 5534 235 5600 ter
252 5533 434 5600 Joannis
456 5533 610 5600 paulo"
623 5543 732 5599 post
764 5535 925 5600 gladio
948 5533 1103 5600 etesiis
1126 5533 1531 5600 fertur._J-acobus
1550 5542 1716 5583 autem

178 5589 293 5643 inter
315 5589 495 5648 Domini
530 5589 794 5661 episcopus
818 5596 1012 5648 Jerosol
1045 5610 1263 5654 morum,
1307 5594 1512 5665 inferius
1547 5608 1713 5705 neqite

178 5657 298 5704 μηωι
322 5659 367 5707 in
390 5662 510 5707 vivis
533 5672 648 5707 esse
673 5667 985 5707 memoratur.
1012 5611 1083 5707 id
1121 5658 1239 5707 quid
1284 5670 1407 5707 ergo
1427 5656 1603 5706 dicitur
1671 5657 1713 5706 ie

177 5657 298 5728 {ester
322 5659 367 5707 in
390 5662 510 5728 vivis
533 5656 985 5728 e'ss_e_titemoratur.
1010 5656 1083 5728 Ad
1121 5658 1239 5720 quid
1284 5670 1407 5718 ergo
1427 5656 1603 5728 dicitur
1632 5656 1715 5728 hic

179 5711 365 5769 iambum
392 5735 435 5770 tn
459 5722 581 5771 vivis
601 5720 753 5771 fuisse
776 5720 799 5771 7
824 5728 875 5771 et
897 5735 982 5771 cur
1008 5720 1052 5769 id
1079 5711 1406 5770 auianueusbs
1439 5717 1713 5769 addiderint

179 5785 251 5824 una
267 5783 373 5829 satis
395 5783 651 5846 perstricio.

3306 372 3403 429 l9i

1822 470 2102 526 discedere
2124 511 2141 538 ,
2175 488 2243 528 ne
2271 473 2476 545 fugitivi
2517 490 2637 531 esse
2683 478 3012 547 vidi-rentur,
3042 492 3096 538 ct
3122 500 3151 538 a
3182 486 3295 542 suis
3319 488 3403 542 fu-

1821 562 1980 632 gisse.
2011 562 2159 618 Tunc
2186 574 2363 620 autem
2396 568 2701 623 necessario
2728 575 2957 639 separati
2988 586 3130 640 sunt,
3162 593 3283 632 cum
3312 585 3407 635 de-

1820 669 1965 707 mum
2005 654 2177 709 Judaei
2226 656 2551 713 insanabiles
2589 673 2708 713 esse
2745 661 3072 731 viderentur,
3104 682 3224 721 cum
3265 670 3407 724 bello

1817 742 1926 812 jam
1961 745 2272 801 imminente
2305 747 2480 815 perire
2512 746 2629 802 illos
2657 750 2958 820 Oportebat,
2989 770 3109 809 cum
3140 761 3405 814 sententia

1822 834 2024 901 prolata
2056 844 2138 890 cst
2170 853 2183 888 ε
2212 839 2467 906 quoniam
2498 839 2750 908 quamdiu
2800 842 2992 899 Paulus
3030 846 3252 903 Romam
3298 867 3404 905 non

1822 927 2006 992 venit,
2040 927 2149 982 illic
2174 939 2348 985 erant.
2376 930 2630 985 Exierunt
2661 940 2837 988 autem
2857 973 2873 997 ,
2907 950 3010 989 non
3037 940 3175 1005 quod
3208 940 3405 994 bellum

1822 1014 2071 1071 timerent.
2099 1034 2112 1070 :
2141 1019 2410 1087 quomodo
2436 1020 2578 1074 enim
2610 1020 2929 1088 timuissent,
2959 1027 3047 1094 qui
3076 1038 3409 1097 Oppugnato-

1821 1122 1911 1161 ros
1935 1107 2190 1163 adibant?
2214 1110 2530 1181 Bellumque
2558 1112 2771 1168 demum
2800 1115 3026 1171 infertur
3046 1118 3154 1189 jam
3186 1122 3410 1174 mortuis

1821 1200 2097 1267 apostolis,
2128 1210 2182 1255 et
2207 1203 2346 1271 quod
2373 1203 2439 1257 de
2470 1205 2573 1259 illis
2602 1205 2801 1260 dictum
2833 1218 2947 1263 erat
2971 1211 3149 1266 evenit
3180 1230 3192 1263 :
3222 1211 3411 1268 l’erve-

1820 1291 1894 1342 nit
1921 1307 2072 1361 super
2109 1292 2226 1347 illos
2252 1294 2329 1346 ira
2358 1295 2411 1348 in
2439 1295 2592 1363 linem
2623 1297 2712 1366 (1.
2745 1296 2919 1352 Thess.
2954 1300 3008 1353 2.
3044 1300 3109 1354 16
3130 1304 3168 1370 ).
3199 1304 3409 1367 Quatth

1820 1380 1981 1451 igitur
2004 1374 2341 1438 obscuriores
2369 1394 2543 1450 erant,
2576 1396 2722 1440 tanto
2754 1389 2920 1459 magis
2946 1392 3113 1460 gratia
3155 1392 3405 1462 fulgebat,

1821 1485 1915 1539 per
1935 1472 2155 1542 exiguos
2181 1489 2369 1545 magna
2400 1473 2620 1531 faciens.
2645 1476 2748 1533 Sed
2778 1481 3050 1548 superiora
3075 1495 3407 1553 repetamus.

1824 1560 2136 1617 Ilortabatur
2160 1581 2351 1630 omnes,
2384 1566 2571 1636 inquit,
2605 1578 2657 1621 ut
2686 1581 3034 1638 permanerent
3062 1574 3114 1627 in
3145 1573 3363 1630 Domino
3390 1618 3404 1631 .

1819 1656 1939 1723 quia
1968 1666 2074 1710 erat
2102 1657 2178 1711 vir
2203 1657 2384 1713 bonus.
2417 1659 2641 1714 Videtur
2670 1661 2797 1715 mihi
2839 1663 3032 1718 bonum
3065 1665 3245 1721 dicere
3273 1669 3407 1723 sitn-

1821 1746 2011 1814 plieem
2033 1789 2046 1811 ,
2080 1764 2185 1802 non
2214 1748 2519 1804 simulatum
2540 1791 2554 1815 ,
2585 1754 2671 1820 qui
2707 1755 2929 1821 proximi
2962 1756 3187 1811 salutem
3219 1758 3409 1813 admo-

1819 1838 1945 1894 dum
1984 1839 2222 1910 cuperct.
2267 1841 2382 1897 Non
2424 1844 2582 1898 modo
2611 1854 2787 1899 autem
2819 1846 2897 1900 vir
2927 1846 3098 1903 bonus
3128 1858 3243 1905 erat
3265 1890 3279 1915 ,
3310 1851 3407 1906 scd

1819 1943 1873 1987 et
1917 1934 2103 2003 plenus
2143 1935 2340 2004 Spiritu
2384 1946 2571 1990 sancto
2613 1946 2666 1991 et
2710 1937 2835 1993 fide.
2869 1939 2992 1993 Ideo
3028 1956 3093 1995 ex
3136 1942 3409 2010 proposito

1820 2025 2000 2080 cordis
2038 2041 2227 2081 omnes
2273 2026 2621 2093 hortabatur;
2666 2029 2716 2083 id
2756 2039 2873 2095 est,
2913 2046 3032 2085 cum
3072 2034 3319 2087 cncomio
3355 2044 3410 2089 et

1821 2118 1997 2173 laude.
2028 2119 2093 2173 Et
2114 2119 2388 2173 considera
2412 2120 2573 2188 quod,
2598 2130 2648 2175 ut
2674 2129 2815 2176 terra
2846 2123 3072 2193 pinguis,
3103 2140 3407 2180 sermonem

1822 2210 2025 2279 accepit
2051 2209 2164 2263 haec
2191 2210 2398 2277 civitas,
2422 2222 2474 2265 et
2504 2211 2731 2265 fructum
2764 2215 2985 2267 multum
3013 2215 3273 2269 exhibuit.
3300 2218 3409 2271 Cur

1822 2309 1998 2354 autem
2029 2300 2195 2355 Tarso
2222 2301 2439 2356 Saulutu
2472 2303 2743 2359 Barnabas
2770 2303 3006 2369 abduxit,
3034 2316 3087 2360 ct
3114 2305 3216 2361 huc
3244 2306 3409 2361 dedu-

1822 2393 1941 2447 xit?
1971 2394 2085 2448 Non
2112 2395 2228 2449 sine
2255 2411 2436 2462 causa,
2468 2395 2561 2451 sed
2589 2397 2709 2467 quia
2738 2396 2823 2452 hic
2857 2398 2991 2452 bona
3023 2413 3166 2467 Spes.
3196 2400 3409 2456 civitas-

1821 2499 1925 2552 que
1956 2485 2126 2553 major
2154 2495 2267 2539 crat
2291 2528 2305 2549 ,
2339 2501 2403 2541 ac
2437 2503 2626 2557 magna
2672 2487 2978 2543 multitudo.
3010 2488 3255 2545 Vidistin‘
3283 2508 3408 2562 gra-

1824 2575 1947 2629 tiam
1990 2577 2169 2630 omnia
2218 2578 2426 2646 opt-rari
2454 2618 2470 2644 ,
2521 2594 2624 2632 non
2673 2579 2937 2634 Paulum?
2980 2589 3034 2637 et
3075 2584 3341 2652 quomodo
3378 2600 3408 2641 a

1822 2667 1998 2745 parvis
2031 2683 2115 2721 res
2144 2676 2317 2737 empta
2345 2669 2453 2735 sit;
2486 2670 2574 2724 ubi
2601 2680 2776 2726 autem
2806 2673 3052 2727 inclaruit
3072 2716 3085 2737 ,
3120 2686 3244 2729 tunc
3272 2679 3409 2732 mitti

1824 2758 2158 2813 Barnabam?
2188 2761 2253 2815 Et
2277 2776 2372 2815 cur
2401 2778 2506 2816 nou
2535 2775 2659 2816 ante
2688 2765 2947 2819 miserunt
2977 2767 3165 2820 illum?
3193 2769 3407 2824 Multam

1824 2866 2000 2904 rerum
2027 2851 2091 2905 ad
2124 2865 2183 2905 se
2210 2854 2564 2921 spectantium
2593 2869 2775 2908 curam
2806 2854 3099 2922 habebant,
3133 2874 3231 2913 nec
3260 2863 3413 2915 volc-

1822 2942 1949 2997 bant
1990 2942 2187 2999 Judzeis
2228 2944 2514 2998 accusandi
2546 2961 2603 2999 se
2644 2946 2815 3000 locum
2856 2945 2985 3001 dare
3008 2988 3023 3013 ,
3051 2948 3191 3017 quod
3222 2960 3410 3018 gentes

1820 3035 2192 3102 admitterent;
2211 3038 2309 3103 etsi
2328 3038 2448 3108 quia
2474 3038 2601 3107 ipsis
2625 3039 2927 3093 necessario
2942 3041 3214 3095 commixti
3232 3053 3405 3109 erant,

1821 3130 1942 3198 quia
1970 3129 2284 3199 disceptatio
2314 3129 2553 3200 qumdam
2586 3132 2756 3183 futura
2784 3138 2899 3184 erat
2930 3132 3068 3187 inter
3094 3133 3212 3188 illos
3236 3176 3248 3195 ,
3279 3135 3411 3188 Cor-

1824 3222 1946 3277 nelii
1973 3232 2182 3292 gestum
2210 3210 2498 3291 marcescit.
2532 3222 2679 3277 Tune
2707 3223 2864 3277 etiam
2893 3224 3074 3279 dicunt
3100 3244 3112 3278 :
3138 3225 3206 3281 Ut
3234 3242 3329 3281 nos
3357 3228 3408 3281 in

1821 3324 2045 3384 gentes,
2090 3315 2189 3386 ipsi
2237 3331 2366 3370 vero
2415 3317 2465 3369 in
2510 3316 2992 3370 circamcisioncm.
3034 3317 3100 3371 Et
3140 3316 3411 3387 perpende

1821 3422 1977 3475 quam
2024 3400 2334 3476 tempestive
2371 3408 2660 3462 necessitas
2690 3407 2841 3462 famis
2869 3412 3408 3468 communicationem

1823 3497 1964 3551 illam
1998 3499 2253 3567 gentium,
2288 3491 2350 3553 iis
2378 3499 2467 3569 qui
2497 3498 2847 3569 Jertsolymis
2875 3511 3023 3555 crant
3058 3501 3295 3567 missam,
3332 3504 3412 3558 in-

1822 3586 2051 3641 duxerit.
2080 3587 2367 3657 Accipiunt
2389 3599 2566 3643 autem
2595 3588 2662 3641 ab
2691 3590 2812 3655 illis,
2846 3591 2932 3659 qui
2967 3608 3094 3658 non,
3124 3594 3261 3647 sicut
3287 3609 3407 3660 nos,

1824 3676 1877 3729 in
1908 3677 2051 3731 luctu
2087 3678 2419 3732 calamitates
2451 3680 2688 3734 ferebant
2714 3722 2729 3747 ,
2759 3681 2851 3734 sed
2882 3697 3001 3736 cum
3033 3684 3220 3752 majori
3252 3700 3412 3739 secu-

1825 3767 2000 3832 ritate,
2029 3775 2211 3835 utpote
2235 3768 2323 3837 qui
2350 3770 2531 3838 procul
2561 3780 2740 3824 essent
2765 3770 2832 3823 ab
2860 3772 2943 3835 iis,
2974 3774 3061 3842 qtti
3090 3774 3412 3843 impedirent

1825 3857 1999 3926 ipsos,
2028 3865 2082 3911 et
2110 3859 2248 3911 inter
2274 3858 2517 3912 homines
2544 3868 2721 3913 essent
2743 3901 2758 3925 ,
2788 3861 2875 3929 qui
2906 3877 3010 3915 non
3042 3863 3289 3919 timerent
3313 3864 3409 3919 Ju-

1823 3949 1970 4004 dzeos
1994 3967 2007 4003 :
2033 3948 2172 4018 quod
2202 3948 2375 4017 ipsum
2403 3964 2508 4001 non
2535 3963 2721 4017 parum
2747 3949 3096 4005 conducebat.
3121 3953 3225 4008 Sed
3250 3955 3410 4009 etiam

1825 4041 1878 4095 in
1908 4039 2141 4111 Cyprum
2187 4039 2483 4109 migraruut
2503 4079 2518 4104 ,
2553 4040 2642 4093 ubi
2671 4055 2860 4110 magna
2889 4044 3147 4102 securitas
3179 4056 3291 4097 erat
3312 4086 3326 4107 ,
3356 4059 3413 4103 et

1824 4131 1995 4201 major
2023 4130 2262 4186 libertas.
2294 4128 2502 4183 Nemini
2525 4171 2539 4197 ,
2576 4130 2784 4200 inquit,
2815 4132 3144 4202 loquebantur
3173 4136 3407 4201 verbum,

1824 4222 1921 4277 nisi
1945 4222 2165 4276 Judwis.
2203 4220 2316 4275 Non
2361 4221 2431 4276 ob
2472 4230 2670 4275 metum
2712 4220 3022 4287 hominum,
3056 4239 3212 4293 quem
3259 4226 3408 4282 nihili

1824 4312 1973 4368 faeie!
1995 4322 2087 4367 ant
2112 4330 2125 4378 ;
2158 4312 2253 4368 sed
2281 4312 2456 4382 legem
2486 4320 2794 4377 servantes,
2823 4322 2877 4367 et
2906 4313 3051 4382 ipsos
3075 4314 3248 4369 adhuc
3279 4317 3411 4372 lolc-

1824 4414 2025 4460 rantes.
2057 4405 2217 4458 Erant
2242 4414 2408 4459 autem
2436 4404 2643 4475 quidam
2670 4404 2953 4458 Antiochia:
2979 4404 3154 4475 Cyprii
3181 4416 3227 4459 et
3257 4406 3411 4477 Cyre-

1825 4499 1940 4551 mei.
1971 4496 2031 4550 lli
2063 4495 2294 4550 maxime
2321 4510 2425 4549 non
2451 4495 2712 4550 curabant
2734 4494 2969 4550 Judmos.
3003 4495 3103 4560 Qui
3132 4497 3408 4566 loqueban-

1825 4599 1906 4642 tur
1924 4590 1990 4641 ad
2009 4588 2232 4655 Grazcos,
2252 4589 2608 4641 annuntiantcs
2629 4586 2900 4641 Dominum
2921 4586 3119 4642 Iesum.
3144 4589 3411 4647 Fortassis

1823 4678 1962 4748 quod
1990 4679 2255 4733 nescirent
2280 4677 2565 4745 Hebraiee,
2590 4677 2805 4734 Grmcos
2833 4678 2951 4733 illos
2976 4681 3255 4736 vocabant.
3283 4682 3411 4737 Cum

1823 4771 2053 4835 venisset,
2088 4769 2277 4841 inquit,
2306 4768 2589 4833 Barnabas,
2617 4779 2664 4824 et
2694 4771 2895 4824 ridisset
2923 4773 3137 4841 gratiam
3163 4772 3275 4837 Dei,
3303 4790 3407 4828 non

1825 4863 2149 4933 diligentiam
2194 4863 2467 4918 hominum
2491 4904 2505 4928 ,
2536 4862 2832 4916 hortabatur
2871 4864 2988 4916 illos
3031 4881 3322 4933 permanere
3354 4867 3409 4919 in

1829 4955 2062 5007 Domino.
2094 4955 2257 5009 Forte
2282 4954 2423 5023 quod
2454 4952 2695 5008 laudaret
2737 4953 2941 5005 turbam
2969 4961 3023 5006 et
3049 4954 3404 5022 approbaret,

1826 5045 1946 5100 ideo
1976 5045 2154 5112 plures
2180 5044 2467 5099 convertit.
2500 5045 2563 5097 Et
2594 5057 2761 5109 quare
2801 5059 2904 5095 non
2936 5043 3101 5096 Paulo
3129 5045 3402 5109 scribunt,

1823 5135 1915 5190 sed
1948 5134 2242 5189 Barnabam
2272 5133 2526 5188 mittunt?
2551 5132 2795 5186 Nondum
2826 5132 2921 5185 viri
2950 5133 3197 5186 virtutem
3243 5150 3407 5190 nove-

1824 5234 1975 5289 rant;
2008 5225 2231 5295 ideoque
2272 5223 2521 5279 statuitur
2561 5231 2618 5276 ttt
2654 5222 2926 5276 Barnabas
2960 5231 3160 5277 tantum
3191 5226 3411 5294 proﬁci-

1823 5327 2083 5373 scere'ur.
2105 5318 2237 5384 Quia
2261 5332 2387 5371 vero
2408 5322 2462 5371 et
2487 5314 2768 5369 multitudo
2788 5325 2922 5375 erat,
2947 5324 2996 5369 et
3022 5331 3177 5369 nemo
3198 5316 3409 5387 oberat,

1824 5407 1945 5462 ideo
1972 5407 2122 5461 facile
2152 5406 2283 5460 ﬁdes
2307 5404 2656 5475 germinavit,
2684 5405 2915 5460 maxime
2944 5406 3065 5476 quia
3097 5408 3295 5462 nullam
3326 5409 3413 5464 hic

1824 5500 2064 5555 (crelmut
2091 5499 2458 5563 tentationem,
2488 5504 2542 5551 et
2568 5496 2689 5566 quia
2719 5496 2913 5550 Paulus
2940 5495 3281 5568 pra-dicabat,
3312 5514 3413 5555 nec

1818 5590 1928 5660 jam
1973 5589 2155 5660 fugere
2201 5586 2509 5657 cogebatur.
2552 5588 2719 5643 Recte
2754 5596 2933 5644 autem
2974 5604 3079 5643 non
3110 5588 3184 5645 illi
3214 5585 3410 5646 famem

1826 5681 2150 5753 praedicunt,
2182 5680 2276 5736 sed
2314 5679 2599 5751 .prOpheta:
2620 5722 2634 5747 ,
2663 5695 2731 5735 ne
2762 5680 2975 5736 onerosi
3008 5680 3082 5734 illi
3110 5694 3230 5735 esse
3255 5678 3408 5731 video

1828 5784 2034 5831 rentur.
2066 5771 2241 5830 Mirari
2281 5788 2408 5829 vero
2442 5772 2616 5840 subit,
2648 5786 2744 5827 cur
2776 5768 3093 5827 Antiocheni
3132 5763 3281 5839 quasi
3308 5763 3407 5821 de-
