4036 6212
613 316 716 373 195

613 436 777 505 specti
808 451 912 490 non
944 437 1372 506 indignarentur,
1405 437 1498 491 sed
1529 438 1765 492 contenti
1800 445 1983 490 essent
2012 434 2180 489 docto.

612 526 754 582 ribus
785 545 799 581 :
826 537 895 582 ita
923 543 1111 590 omnes
1143 528 1418 583 fervebant
1455 542 1577 596 erga
1610 542 1932 581 sermonem.
1960 524 2060 592 Qui
2091 537 2196 576 non

608 627 916 687 exspectato
946 619 1101 676 famis
1133 629 1392 690 tempore,
1421 620 1612 690 singuli
1643 636 1736 689 pro
1764 619 2012 673 facultate
2035 616 2195 670 mise-

610 718 751 761 runt.

677 802 730 856 3.
767 802 832 856 fit
861 803 1104 869 observa,
1136 806 1278 875 quod
1309 806 1447 860 inter
1468 805 1739 872 apostolos
1766 805 1882 859 aliis
1914 805 2014 859 hoc
2041 819 2191 860 com-

607 891 873 955 mittitur;
925 894 1010 950 hic
1054 912 1180 950 vero
1220 897 1412 951 Paulus
1449 906 1502 951 et
1543 897 1812 951 Barnabas
1849 897 2188 964 deputantur.

607 985 715 1039 Nec
743 987 858 1040 sine
891 989 1038 1057 gravi
1078 1004 1234 1043 cau5a
1273 989 1322 1043 id
1356 991 1622 1059 provisum
1653 1000 1734 1044 est
1760 1008 1772 1043 :
1800 989 2034 1058 alioquin
2065 1002 2192 1042 vero

607 1075 812 1129 initium
837 1087 975 1145 erat,
1005 1087 1235 1149 tuncque
1269 1095 1370 1132 non
1398 1080 1679 1149 oportebat
1707 1079 1922 1134 aliendi.
1957 1080 2022 1132 At
2053 1092 2193 1132 nunc

606 1181 765 1219 uerno
800 1167 850 1221 id
888 1169 1042 1232 facit,
1073 1170 1196 1224 licet
1225 1169 1394 1224 fames
1429 1171 1497 1225 sit
1531 1171 1616 1224 illa
1645 1171 1876 1240 gravior.
1907 1169 2022 1224 Non
2046 1168 2188 1221 enim

605 1270 702 1324 par
739 1271 824 1311 res
865 1268 948 1312 est
990 1273 1328 1314 communem
1374 1260 1516 1315 ferre
1553 1262 1945 1323 calamitatem,
1979 1270 2029 1313 ct
2061 1259 2188 1313 dum

604 1359 792 1399 omnes
817 1346 1139 1401 abundantia
1165 1351 1430 1417 fruuntur,
1457 1351 1801 1420 pauperiores
1823 1360 2024 1405 tantum
2049 1350 2189 1405 fame

605 1438 866 1493 laborare.
900 1440 1049 1496 Tunc
1093 1439 1259 1496 fames
1290 1452 1444 1506 erat,
1477 1451 1530 1497 et
1569 1443 1656 1512 qui
1692 1442 1888 1497 dabant
1929 1456 2188 1512 pauperes

602 1527 732 1596 (Pro
763 1531 1002 1599 facultate
1027 1549 1119 1584 sua
1155 1533 1342 1604 singuli
1365 1571 1378 1595 ,
1405 1534 1598 1605 inquit)
1629 1553 1642 1589 :
1673 1551 1810 1589 nunc
1835 1551 1962 1590 vero
1990 1535 2184 1604 duplex

600 1633 680 1674 est
715 1621 904 1689 fames,
937 1625 1073 1678 sicut
1101 1634 1155 1678 et
1180 1626 1376 1694 duplex
1407 1626 1729 1681 abundantia
1756 1643 1770 1679 :
1797 1627 1963 1682 fames
1986 1627 2180 1696 gravis,

603 1714 797 1779 fames,
833 1730 937 1767 non
973 1717 1220 1770 audiendi
1260 1720 1478 1772 verbum
1527 1719 1763 1785 Domini,
1797 1719 1890 1774 sed
1923 1735 2017 1789 per
2040 1722 2183 1774 elec-

599 1819 876 1874 mosynam
914 1806 1090 1860 cibum
1130 1808 1448 1877 accipiendi.
1494 1809 1644 1863 'lâ€˜uue
1688 1819 1741 1864 et
1775 1813 1862 1880 qui
1909 1811 1958 1863 in
1999 1810 2179 1865 Judma

599 1911 856 1962 pauperes
879 1907 1052 1962 erant,
1077 1909 1129 1953 et
1153 1899 1242 1968 qui
1274 1901 1567 1954 Antiochia:
1594 1901 1843 1970 pecunias
1869 1901 2176 1971 erogabant,

597 1985 735 2040 bono
765 1986 1112 2054 fruebantur;
1143 1999 1196 2044 ct
1227 1990 1276 2042 hi
1312 1993 1480 2061 magis
1508 2007 1664 2062 quam
1695 1992 1767 2046 illi
1797 2011 1810 2045 :
1838 2007 1974 2046 nunc
2001 2003 2178 2047 autem

593 2085 647 2129 et
674 2090 773 2130 nos
801 2087 851 2132 et
876 2093 1138 2148 pauperes
1169 2081 1220 2134 in
1249 2081 1388 2136 fame
1414 2099 1427 2134 :
1455 2083 1530 2136 illi
1554 2083 1696 2153 quod
1727 2085 2032 2138 necessario
2058 2084 2178 2138 cibo

591 2179 803 2238 egeant,
837 2185 935 2225 nos
960 2173 1100 2241 quod
1132 2172 1184 2227 in
1212 2176 1430 2243 penuria
1459 2177 1838 2232 misericordiae
1869 2178 1959 2232 Dei
1990 2177 2174 2232 simus.

595 2259 704 2314 lloc
728 2260 848 2314 cibo
876 2261 1008 2315 nihil
1031 2265 1198 2333 magis
1221 2267 1579 2321 necessarium
1604 2267 1779 2321 fuerit.
1806 2268 1902 2322 llic
1925 2283 2027 2322 non
2053 2268 2178 2324 sub-

590 2361 785 2405 euntur
812 2353 944 2428 mala
964 2392 980 2418 ,
1013 2369 1132 2423 qua:
1169 2371 1233 2410 ex
1276 2358 1551 2413 saturitate
1576 2359 1820 2414 oriuntur
1848 2377 1860 2414 :
1893 2360 2046 2430 hujus
2071 2360 2174 2416 cibi

591 2454 698 2492 non
729 2444 780 2493 in
811 2426 1081 2496 secessum
1107 2446 1368 2498 emittitur
1390 2463 1510 2514 pars
1536 2449 1786 2503 maxima.
1810 2449 1948 2503 Nihil
1977 2443 2174 2505 formo-

589 2532 700 2585 sius
725 2573 739 2596 ,
776 2533 905 2587 nihil
937 2535 1118 2588 sanius
1145 2536 1320 2590 anima
1353 2554 1468 2606 qua:
1498 2540 1575 2593 sic
1610 2541 1806 2606 alitur;
1835 2541 1979 2595 omni
2010 2557 2174 2611 supe-

588 2620 698 2676 rior
722 2633 804 2676 est
831 2624 1039 2690 morbo,
1068 2626 1209 2678 omni
1239 2625 1399 2694 fame,
1431 2629 1572 2683 omni
1603 2629 1918 2700 intemperie
1943 2640 1996 2686 et
2021 2631 2175 2701 mgri-

587 2711 767 2766 tudine
800 2731 813 2767 :
843 2729 1000 2768 ttemo
1041 2716 1184 2770 illam
1241 2732 1434 2787 capere
1474 2723 1706 2789 poterit;
1760 2722 1856 2777 sed
1894 2724 2030 2777 sicut
2070 2723 2169 2778 ad-

581 2805 911 2860 amantinum
937 2822 1130 2877 corpus
1153 2822 1255 2863 non
1278 2810 1474 2866 ferrum
1497 2813 1704 2868 caedere
1719 2815 1876 2878 valet,
1901 2831 2006 2869 non
2028 2816 2168 2871 aliud

579 2897 790 2964 quidvis
817 2916 832 2952 :
860 2900 938 2955 sic
968 2915 1065 2955 nec
1098 2903 1329 2957 animam
1356 2903 1692 2976 eleemosyna
1721 2906 1982 2962 firmatam
2009 2909 2167 2980 quid-

581 2990 660 3043 vis
689 3004 882 3060 capere
915 2993 1127 3058 polerit.
1155 2993 1328 3059 Quid,
1359 3011 1572 3064 qtneso,
1607 2998 1750 3051 illam
1779 3014 1971 3068 capere
2001 3002 2168 3068 possit

580 3082 869 3151 umquam?
899 3085 1222 3152 paupertas?
1251 3085 1464 3140 Minime
1485 3076 1578 3152 ;'in
1611 3090 1770 3158 regiis
1798 3092 1938 3144 enim
1970 3108 2168 3160 penua-

577 3173 671 3226 riis
713 3174 880 3242 posita
913 3183 1014 3229 est.
1060 3175 1140 3229 Au
1182 3175 1264 3230 fur
1299 3186 1351 3230 et
1393 3177 1570 3232 latro?
1601 3180 1704 3234 Sed
1736 3181 1854 3236 illos
1888 3183 2164 3250 perfodere

578 3265 810 3333 parietes
839 3282 998 3320 nemo
1028 3269 1187 3322 valet.
1222 3270 1302 3322 An
1331 3271 1565 3324 vermis?
1594 3271 1698 3326 Sed
1733 3275 1830 3326 hac
1858 3275 2014 3328 etiam
2047 3291 2166 3344 per-

577 3356 715 3410 nicie
746 3357 990 3425 superior
1014 3367 1097 3411 est
1123 3358 1213 3412 hic
1237 3359 1537 3414 thesaurus.
1563 3362 1646 3416 An
1670 3363 1828 3418 timor
1851 3374 1905 3418 et
1931 3367 2164 3420 invidia?

576 3447 646 3498 At
674 3461 778 3498 non
813 3445 894 3500 his
924 3448 1151 3517 capitur.
1195 3448 1570 3520 SyeOphantia:
1614 3464 1668 3508 et
1704 3454 1944 3510 insidia:?
1980 3457 2163 3526 Neque

575 3535 714 3603 illae;
745 3539 1023 3593 thesaurus
1051 3540 1243 3609 quippe
1267 3552 1348 3595 est
1379 3542 1703 3598 inaccessus.
1735 3543 1840 3600 Sed
1871 3558 2023 3617 turpe
2049 3548 2161 3603 fue-

576 3628 670 3691 rit,
703 3630 745 3680 si
779 3627 893 3682 hrec
920 3630 1092 3684 solum
1119 3648 1234 3700 qu.-e
1262 3633 1614 3706 eleemosynm
1645 3636 1825 3692 insunt
1851 3639 2157 3707 ostendero,

572 3720 749 3774 missis
793 3721 855 3775 iis
892 3737 1011 3792 qua:
1054 3725 1322 3779 contraria
1360 3725 1460 3780 illis
1498 3737 1642 3781 sunt.
1674 3727 1790 3783 Non
1822 3730 1984 3785 modo
2015 3733 2155 3786 cuitu

574 3811 661 3862 illa
698 3813 764 3866 ab
805 3814 948 3865 omni
998 3813 1193 3868 invidia
1235 3826 1322 3868 est
1351 3816 1553 3884 libera,
1582 3819 1675 3874 sed
1707 3828 1760 3874 et
1790 3806 2158 3878 benedictione

570 3902 762 3955 fruitur
803 3903 963 3956 uudta
993 3903 1061 3958 ab
1091 3906 1154 3959 iis
1174 3945 1188 3970 ,
1218 3908 1308 3975 qui
1353 3908 1494 3962 iliam
1523 3911 1806 3982 accipiunt.
1839 3913 1987 3968 Sicut
2015 3916 2153 3968 enim

573 3993 845 4046 inhmnani
875 4004 926 4047 et
956 3995 1202 4050 crudeles
1233 4014 1339 4051 non
1367 3999 1526 4053 lzesos
1551 4002 1723 4056 solum
1756 4003 1953 4058 habent
1983 4005 2158 4058 inimi-

569 4097 698 4149 eos,
727 4084 820 4138 sed
849 4089 1007 4139 etiam
1037 4101 1159 4154 eos,
1192 4089 1280 4156 qui
1311 4089 1438 4143 nihil
1478 4093 1600 4146 mali
1632 4095 1770 4161 passi
1804 4095 1959 4149 laesos
1991 4097 2154 4151 mise-

568 4185 774 4238 rantur,
806 4177 1230 4248 inhumanosque
1257 4192 1510 4236 accusant
1539 4201 1551 4237 :
1579 4185 1655 4238 sic
1679 4186 1766 4255 qui
1797 4189 2001 4257 magnis
2027 4189 2156 4244 allâ€˜e-

567 4282 691 4322 cere
719 4271 891 4333 bonis,
918 4286 1023 4325 non
1054 4287 1147 4327 eos
1171 4275 1259 4342 qui
1284 4291 1542 4345 accepere
1575 4288 1798 4346 tantum,
1823 4282 1914 4335 sed
1944 4291 1996 4337 et
2019 4284 2154 4339 alios

569 4356 768 4412 habent
790 4361 1110 4416 laudatores.
1139 4365 1275 4429 Quid
1307 4368 1372 4419 ab
1400 4368 1594 4423 invidia
1625 4371 1817 4425 liberos
1849 4375 1968 4428 dico
1994 4378 2046 4430 '1â€™
2071 4377 2153 4431 Ab

571 4447 971 4504 insidiatoribus
1009 4453 1206 4518 etiam,
1237 4456 1439 4513 furibus
1475 4471 1526 4514 et
1565 4463 1824 4530 parietum
1855 4465 2151 4522 effractari-

570 4538 670 4592 bus
700 4541 1012 4598 liberantur.
1043 4545 1223 4616 Neque
1250 4548 1349 4605 hoc
1373 4553 1543 4606 solum
1574 4555 1711 4610 inest
1733 4557 1854 4611 boni
1881 4575 1894 4623 ;
1924 4560 2018 4615 sed
2045 4577 2149 4616 non

570 4634 730 4687 modo
758 4649 861 4688 non
891 4637 1145 4692 minuitur
1170 4640 1464 4698 substantia
1486 4686 1499 4708 ,
1529 4661 1714 4701 verum
1743 4650 1901 4703 etiam
1930 4663 2153 4722 augetur

566 4735 622 4780 et
653 4727 864 4780 crescit.
894 4727 1030 4794 Quid
1060 4730 1581 4792 Nabuchodonosore
1619 4741 1863 4808 turpius?
1901 4743 2024 4811 quid
2058 4743 2153 4799 fae-

563 4817 728 4873 dius?
753 4819 878 4888 quid
923 4821 1186 4890 iniquius?
1223 4823 1416 4894 Impius
1445 4839 1557 4881 erat
1591 4829 1750 4883 homo
1783 4847 1795 4883 :
1833 4833 1974 4887 mille
2011 4835 2150 4887 imii-

563 4913 642 4964 cia
664 4953 680 4976 ,
715 4912 860 4965 mille
889 4913 1038 4982 signa
1073 4915 1238 4981 vidit,
1272 4926 1326 4971 et
1365 4919 1678 4988 resipiscere
1709 4924 1906 4988 noluit;
1937 4925 2027 4979 sed
2060 4926 2148 4981 Dei

565 5017 750 5058 servos
781 5023 828 5058 m
861 5005 1126 5059 c:uninum
1153 5007 1350 5075 injecit,
1378 5011 1583 5065 etiamsi
1619 5023 1798 5079 postea
1828 5015 2147 5070 adoraverit.

561 5096 696 5161 Quid
739 5097 895 5167 igitur
935 5099 1228 5168 propheta?
1267 5101 1376 5155 Rea:
1400 5144 1414 5167 ,
1453 5103 1716 5156 consilium
1755 5123 1915 5159 meum
1957 5109 2150 5177 placent

563 5189 650 5240 tibi
680 5206 698 5239 :
725 5202 928 5258 peccata
960 5202 1046 5245 tua
1074 5193 1398 5265 eleemosynis
1418 5196 1622 5262 redime,
1651 5208 1696 5250 et
1724 5200 2009 5268 iniquitates
2040 5211 2151 5255 tuas

564 5278 965 5335 miserationibus
1007 5301 1282 5354 pauperum
1312 5303 1330 5339 :
1354 5288 1489 5352 forte
1527 5293 1617 5344 erit
1654 5293 1796 5344 venia
1833 5293 2026 5347 delictis
2053 5296 2150 5348 luis

564 5368 704 5436 (Dan
759 5371 807 5424 4.
841 5371 955 5441 ÎµÎ¹).
993 5375 1113 5427 Ihec
1141 5377 1211 5429 ita
1239 5377 1370 5431 dixit
1401 5396 1504 5434 non
1533 5382 1780 5436 dubitans
1809 5386 1983 5455 (valde
2009 5385 2147 5440 enim

566 5460 661 5514 sibi
696 5476 1001 5529 persuasum
1029 5467 1192 5535 erat),
1221 5469 1313 5522 sed
1343 5481 1396 5523 ut
1426 5471 1572 5525 illum
1608 5474 1656 5527 in
1685 5475 1936 5544 majorem
1967 5475 2147 5544 injice-

564 5563 649 5608 ret
677 5555 917 5609 timorem
940 5597 954 5622 ,
981 5566 1035 5611 et
1065 5559 1316 5627 majorem
1350 5561 1465 5616 haec
1497 5563 1720 5621 faciendi
1752 5569 2146 5623 necessitatem.

625 5695 644 5728 á½·
680 5694 814 5749 Alius
836 5696 958 5758 haec,
982 5696 1099 5761 quid
1121 5697 1181 5748 ab
1204 5697 1384 5752 inuidia
1411 5699 1584 5754 liberos
1603 5702 1740 5765 dico,
1765 5704 1945 5754 omisit.

1284 316 1342 372 S.
1381 315 1666 374 á¿˜ÎŸá¾¹ÎÎÎ™Îž
1695 313 2170 373 (Î£Î™Î™á¿á½¶á¿©ÎžÎ¸ÎžÎ¤ÎŸÎœÎ™
2208 313 2523 371 Î‘Î¹Ï…á¿—Î Î™Î•Î¡.
2561 317 3092 379 CUNSTANTl-NOP.

3798 335 3925 394 196

2312 431 2443 487 Nam
2469 435 2512 488 si
2541 435 2856 492 affirmando
2893 439 3151 506 dixisset,
3183 443 3532 514 negligentior
3562 447 3648 503 ille
3679 449 3912 509 fnissvt.

2303 521 2392 578 Sic
2416 532 2470 578 et
2495 541 2592 580 nos
2618 537 2742 582 tunc
2771 533 3000 586 maxime
3025 534 3281 602 quosdam
3311 553 3581 607 urgemus,
3608 559 3731 598 eum
3761 548 3904 601 diei-

2302 631 2418 669 mus
2445 635 2458 671 :
2487 618 2710 675 llurtare
2741 621 2887 675 illmu
2919 624 3112 689 talem;
3142 641 3240 681 nec
3263 628 3532 700 addimus,
3563 634 3710 690 illum
3740 640 3904 694 audi-

2303 718 2474 765 turum
2500 729 2717 778 prorsus
2737 730 2877 780 esse,
2908 719 3023 783 sed,
3052 719 3278 778 fortasse
3304 726 3606 782 auditurum
3633 749 3647 783 :
3673 748 3797 786 nam
3823 751 3896 788 ex

2297 800 2630 858 dubitatione
2670 805 2838 874 major
2873 818 3020 863 ortus
3059 810 3250 877 timor,
3282 817 3449 884 magis
3480 818 3724 888 impellit.
3762 825 3894 879 Ideo

2299 889 2350 944 id
2383 891 2454 944 illi
2485 908 2589 946 non
2621 897 2958 953 manifestum
2987 901 3133 956 fecit.
3162 903 3296 971 Quid
3326 907 3504 963 dicis?
3529 914 3759 970 tantisne
3785 915 3892 971 im-

2297 983 2583 1050 pietatibus
2612 989 2712 1040 erit
2745 991 2941 1042 venia?
2969 992 3163 1048 Etiam.

2371 1075 2534 1131 Omne
2559 1092 2816 1148 peccatum
2852 1095 2924 1137 est
2962 1087 3276 1160 eleemosyna
3305 1092 3533 1165 inferius.
3561 1131 3628 1139 â€”
3655 1101 3770 1156 Non
3798 1115 3889 1160 cst

2297 1181 2569 1238 peccatum
2596 1215 2611 1239 ,
2644 1176 2782 1243 quod
2832 1193 2935 1232 non
2981 1183 3146 1250 possit
3187 1185 3523 1260 cleemosyna
3571 1207 3795 1264 purgare
3827 1210 3887 1252 et

2295 1265 2634 1335 exstinguere
2674 1283 2688 1321 :
2729 1285 2887 1326 omne
2935 1287 3206 1342 peccatum
3252 1291 3334 1334 est
3379 1282 3465 1337 illa
3515 1285 3733 1342 inferius
3767 1308 3781 1344 :
3810 1294 3885 1348 ad

2293 1370 2452 1410 omne
2479 1359 2668 1413 vulnus
2707 1371 2886 1430 aptum
2918 1364 3261 1434 pbarmacum
3291 1382 3390 1427 est.
3425 1375 3560 1442 Quid
3595 1381 3887 1447 publicano

2293 1444 2566 1501 deterius?
2586 1449 2709 1504 Î—Ï‚Ï…Î¿
2730 1456 2904 1508 oinnis
2928 1456 3220 1526 iniquitatis
3245 1465 3453 1517 occasio
3475 1479 3557 1521 est
3581 1444 3605 1521 Îµâ·
3620 1470 3712 1524 sed
3740 1475 3885 1528 hanc

2294 1547 2459 1592 totum
2486 1541 2650 1595 abluit
2680 1543 2796 1599 Zact
2817 1545 2984 1602 luens.
3020 1549 3168 1612 \â€˜ide,
3200 1557 3466 1620 quomodo
3500 1559 3598 1614 hoc
3627 1564 3886 1619 ostendat

2290 1629 2553 1697 Christus,
2585 1649 2704 1688 eum
2733 1641 2938 1692 curavit
2966 1644 3290 1712 marsupiqu
3327 1646 3543 1716 habere,
3573 1661 3625 1705 et
3656 1665 3883 1720 portare

2289 1737 2349 1776 ea
2381 1740 2498 1792 quae
2525 1725 2965 1785 immittebantur.
3001 1733 3193 1790 Paulus
3217 1753 3425 1808 quoque
3451 1741 3578 1795 dicit
3611 1761 3622 1796 :
3649 1742 3884 1800 Tantum

2287 1822 2341 1874 ut
2367 1832 2644 1886 pauperum
2675 1837 2918 1876 memores
2950 1825 3105 1879 simus
3132 1826 3273 1894 (Gal.
3303 1829 3356 1883 2.
3394 1831 3481 1901 10)
3511 1849 3524 1897 ;
3553 1844 3604 1888 et
3646 1835 3695 1888 iu
3729 1837 3887 1892 Scri-

2287 1909 2454 1974 pturis
2489 1912 2680 1979 passim
2711 1913 2808 1969 hac
2832 1917 2900 1970 de
2940 1933 2996 1971 re
3036 1920 3224 1988 agitur.
3262 1921 3485 1978 Pretium
3523 1928 3706 1982 aniinte
3736 1930 3838 1983 viri
3863 1973 3880 1997 ,

2268 1999 2484 2070 inquit,
2515 2005 2702 2059 divitia:
2729 2011 2949 2078 propria:
2979 2009 3156 2078 (Prov.
3191 2015 3273 2070 15.
3311 2016 3366 2086 8)
3395 2036 3408 2081 ;
3440 2019 3678 2076 Christus
3707 2037 3876 2088 vero,

2285 2093 2347 2147 Si
2371 2095 2444 2150 vis
2469 2101 2718 2169 perfectus
2743 2117 2866 2168 esse,
2891 2104 3049 2156 vende
3068 2108 3236 2160 omnia
3257 2125 3370 2176 qua:
3389 2111 3559 2176 habet,
3581 2124 3627 2166 et
3649 2115 3715 2166 da
3735 2133 3880 2185 pau-

2283 2189 2504 2255 peribus,
2533 2199 2578 2242 et
2605 2192 2735 2255 veni,
2762 2209 2968 2261 sequere
2987 2213 3064 2250 me
3085 2197 3296 2268 (Matth.
3330 2201 3415 2258 l9.
3448 2204 3559 2276 21).
3588 2206 3711 2262 llrec
3741 2225 3877 2265 vera

2282 2280 2540 2347 perfectio
2568 2291 2666 2337 est.
2702 2284 3052 2359 Eleemosyna
3086 2306 3212 2346 vero
3246 2309 3350 2348 non
3396 2299 3631 2364 pecuniis
3661 2301 3830 2355 modo
3855 2343 3874 2369 ,

2279 2371 2373 2425 sed
2403 2372 2562 2426 etiam
2589 2375 2839 2443 operibus
2867 2389 3167 2436 exercetur.
3194 2383 3437 2455 Exempli
3466 2403 3644 2456 causa,
3674 2406 3876 2460 possu-

2279 2479 2398 2518 mus
2429 2467 2745 2533 patrocinari
2767 2510 2782 2535 ,
2816 2469 3095 2538 possumus
3126 2490 3339 2531 manuni
3373 2480 3646 2549 porrigere
3673 2501 3688 2537 :
3719 2501 3875 2556 smpc

2280 2557 2627 2624 patrocinium
2661 2559 2778 2629 plus
2806 2565 3059 2632 servavit,
3089 2581 3247 2636 quam
3279 2573 3538 2639 pecuuize.

2347 2648 2401 2702 4.
2447 2649 2794 2722 Eleentosyna:
2817 2656 2956 2710 modi
2981 2659 3339 2731 varii.â€”Age
3365 2678 3492 2734 ergo
3523 2666 3573 2719 in
3598 2671 3863 2737 prmscuti

2677 2717 2696 2722 Î½
3274 2717 3303 2731 Î½
3425 2717 3455 2734 Ï…
3599 2717 3863 2737 Ï€Î·Î½Î±-.

2277 2717 2455 2795 oinnia
2494 2741 2850 2816 eleemosynae
2877 2761 3072 2817 genera
3104 2751 3418 2808 excitemus.
3452 2756 3611 2812 Potes
3643 2775 3738 2828 per
3769 2777 3869 2831 pe-

2275 2831 2504 2887 cunias?
2543 2834 2622 2889 Ne
2659 2837 2836 2906 segnis
2863 2847 3000 2894 esto.
3042 2841 3198 2898 Potes
3236 2860 3330 2913 per
3360 2848 3751 2918 patrocinium?
3779 2851 3870 2909 No

2275 2922 2442 2990 dicas,
2470 2927 2591 2993 quia
2617 2930 2856 2996 pecunia:
2887 2946 2991 2984 non
3019 2932 3230 3000 adsunt;
3257 2935 3360 2991 hoc
3392 2939 3522 2993 nihil
3553 2951 3656 2998 est.
3689 2943 3867 3000 Valde

2277 3032 2522 3086 magnum
2551 3018 2652 3073 hoc
2683 3036 2895 3092 quoque
2934 3035 3015 3079 est
3039 3045 3053 3080 :
3081 3041 3144 3080 ac
3183 3029 3227 3082 si
3260 3032 3536 3098 pecuniam
3572 3034 3818 3092 dedisses
3845 3081 3863 3104 ,

2274 3108 2352 3162 sic
2380 3107 2600 3165 affectus
2629 3122 2764 3167 esto.
2806 3114 2964 3170 Potes
2994 3119 3345 3176 ministrando
3370 3123 3598 3191 juvare?
3628 3127 3740 3182 Hoc
3781 3129 3865 3184 fa-

2271 3201 2399 3254 cito.
2432 3201 2672 3273 Exempli
2694 3207 2884 3276 gratia,
2904 3218 3017 3264 arte
3043 3211 3279 3269 medicus
3300 3215 3400 3268 es?
3423 3215 3664 3272 lnfirmos
3686 3235 3815 3274 cura
3843 3239 3860 3286 ;

2269 3304 2316 3346 et
2351 3292 2452 3349 hoc
2480 3311 2727 3366 maguum
2757 3310 2857 3354 est.
2904 3300 3060 3356 Potes
3089 3305 3313 3360 consilio
3337 3307 3524 3376 juvare
3546 3315 3570 3363 Î¥
3600 3310 3712 3366 [loc
3739 3331 3862 3366 om-

2271 3386 2417 3440 nium
2444 3390 2703 3458 optimum
2737 3401 2820 3447 est
2858 3405 2912 3449 et
2956 3396 3286 3464 maximum,
3321 3402 3596 3474 majusque
3643 3406 3859 3462 lucrum

2272 3476 2432 3532 habet
2464 3497 2476 3532 :
2514 3495 2617 3536 non
2646 3483 2787 3537 enim
2820 3485 2917 3540 bac
2939 3489 3021 3541 via
3062 3487 3256 3546 famem
3286 3533 3302 3558 ,
3348 3494 3442 3548 sed
3481 3498 3858 3564 gravissimam

2269 3581 2495 3625 mortem
2518 3573 2689 3641 pellis.
2714 3575 2824 3630 Hoc
2843 3579 3070 3646 apostoli
3095 3581 3237 3636 bono
3260 3585 3400 3653 pleni
3423 3602 3636 3654 prorsus
3655 3603 3856 3648 erant:

2269 3665 2386 3719 idco
2407 3669 2749 3736 pecuniarum
2777 3671 3205 3730 distributionem
3233 3677 3570 3736 inferioribus
3597 3685 3858 3740 commit-

2268 3758 2448 3812 tebant
2476 3800 2489 3821 ,
2522 3759 2647 3812 dum
2694 3776 2946 3818 sermone
2986 3764 3265 3834 juvahant.
3299 3770 3381 3824 An
3430 3781 3582 3840 putas
3630 3790 3853 3844 parvam

2266 3863 2385 3901 esse
2413 3851 2826 3921 cleemosynam,
2850 3855 3079 3910 animam
3103 3860 3346 3927 anxiam,
3377 3863 3444 3918 de
3472 3867 3726 3921 extremis
3760 3884 3854 3938 pe-

2264 3942 2578 3997 riclitantem
2599 3986 2612 4009 ,
2652 3945 2814 4000 febris
2850 3948 3040 4004 ardore
3069 3949 3340 4006 deleniam
3363 3995 3378 4019 ,
3411 3970 3437 4007 a
3471 3959 3657 4011 morbo
3689 3974 3855 4026 posse

2265 4034 2534 4088 liberare?
2561 4036 2717 4091 Verbi
2750 4039 2940 4108 gratia,
2970 4041 3121 4097 vides
3147 4045 3375 4098 amictun
3407 4047 3627 4101 avaritia
3652 4051 3854 4106 deten-

2263 4127 2415 4178 tum?
2443 4117 2693 4183 Miserere
2726 4130 3017 4186 hominem.
3061 4134 3364 4190 Sullâ€˜oeatur
3392 4137 3524 4194 ille?
3552 4139 3853 4212 Exstingue

2261 4217 2403 4271 illius
2435 4219 2628 4288 ignem.
2659 4223 2794 4288 Quid
2819 4224 2978 4294 igitur
2997 4225 3041 4279 si
3066 4241 3169 4281 non
3199 4228 3532 4298 obtemperet
3552 4232 3574 4285 á¼²
3594 4231 3672 4286 Tu
3701 4236 3851 4303 quod

2262 4319 2406 4364 tuum
2440 4320 2521 4365 est
2552 4311 2711 4367 facito
2731 4356 2746 4380 ,
2782 4330 2879 4370 nec
2910 4317 3128 4386 ignavus
3165 4320 3259 4374 sis.
3291 4320 3454 4376 Vides
3481 4338 3600 4377 eum
3639 4325 3691 4377 in
3723 4327 3850 4380 vin-

2258 4403 2394 4456 culis
2420 4402 2686 4458 detineri?
2715 4406 2733 4474 (
2758 4421 2877 4460 nam
2906 4410 3145 4476 pecunire
3172 4427 3296 4466 vere
3323 4413 3531 4468 vincula
3563 4425 3683 4468 sunt
3709 4417 3748 4484 ).
3777 4418 3850 4472 ll-

2258 4493 2366 4546 lum
2395 4495 2500 4559 ali,
2527 4496 2720 4564 invise,
2744 4499 3046 4565 consolare,
3078 4516 3104 4552 a
3136 4501 3363 4556 vinculis
3385 4495 3589 4573 eripere
3619 4521 3848 4564 conare.

2259 4587 2313 4644 Si
2355 4590 2522 4652 nolit,
2565 4605 2728 4660 penes
2769 4591 2916 4646 illum
2955 4593 3109 4663 culpa
3147 4596 3270 4650 erit.
3319 4595 3507 4650 Vidisti
3558 4598 3760 4652 nudum
3795 4609 3850 4654 et

2258 4680 2641 4750 peregrinum?
2672 4681 2869 4753 (nudus
2888 4683 3030 4737 enim
3049 4700 3174 4739 vere
3198 4694 3252 4740 et
3275 4688 3588 4756 peregrinus
3617 4689 3670 4742 in
3693 4690 3853 4747 etnlis

2258 4781 2359 4838 est,
2395 4773 2482 4841 qui
2513 4781 2712 4828 rectam
2739 4775 2876 4827 viam
2911 4790 3013 4829 non
3049 4779 3246 4845 curat).
3282 4777 3482 4848 Recipe
3510 4779 3560 4832 in
3600 4780 3851 4836 diverso.

2260 4857 2396 4916 rium
2426 4873 2571 4916 tuum
2593 4905 2608 4931 ,
2640 4865 2974 4919 vestimentis
3009 4867 3221 4922 virtutis
3251 4867 3410 4923 indue
3442 4870 3585 4924 illiilli
3613 4911 3626 4932 ,
3672 4871 3740 4925 da
3773 4874 3848 4928 illi

2258 4955 2524 5010 civitatem
2559 4957 2610 5010 in
2649 4957 2799 5011 carlo.
2833 4958 2966 5023 Quid
3005 4974 3160 5028 ergo,
3194 4961 3236 5014 si
3273 4970 3324 5015 et
3353 4976 3453 5030 ego
3490 4962 3664 5016 nudus
3701 4968 3802 5018 sim
3833 5006 3844 5030 ,

2260 5045 2506 5114 inquies?
2534 5047 2784 5116 Teipsum
2822 5049 2979 5104 indue
3003 5051 3231 5118 primum
3261 5069 3272 5104 :
3307 5053 3351 5105 si
3387 5053 3528 5107 nosti
3553 5063 3604 5109 te
3640 5056 3845 5110 nudum

2257 5153 2378 5192 esse
2402 5182 2416 5204 ,
2449 5140 2604 5208 plane
2632 5141 2736 5195 seis
2765 5150 2814 5196 te
2839 5142 2984 5198 indui
3017 5153 3286 5212 oportere.
3314 5144 3368 5200 Si
3399 5145 3652 5201 nuditatis
3684 5149 3843 5217 hujus

2259 5231 2470 5287 modum
2503 5233 2662 5298 nosti,
2689 5249 2846 5290 nosse
2874 5237 3095 5306 poteris,
3123 5251 3229 5307 quo
3247 5255 3379 5308 opus
3404 5243 3475 5295 sit
3497 5241 3840 5321 vestimento.

2257 5324 2394 5392 Quot
2417 5327 2667 5382 mulieres
2695 5330 2863 5384 serica
2900 5331 3214 5386 vestimenta
3246 5342 3488 5403 gestant.
3519 5335 3842 5404 virtutisque

2257 5419 2490 5474 vestibus
2535 5435 2749 5489 prorsus
2797 5423 2949 5477 nudze
2985 5427 3154 5478 sunt?
3187 5427 3277 5481 llis
3324 5427 3443 5481 illas
3475 5429 3702 5481 vestiant
3740 5429 3839 5481 viri

2255 5510 2356 5562 sui.
2392 5509 2586 5563 Verum
2620 5527 2723 5565 non
2755 5512 3038 5568 admittunt
3070 5515 3186 5571 illas
3233 5526 3407 5572 vestes
3433 5559 3447 5580 ,
3481 5518 3577 5572 has
3608 5520 3842 5573 volunt?

2257 5599 2368 5655 Hoc
2412 5601 2638 5670 primum
2686 5605 2882 5660 facito:
2927 5607 3135 5660 illarum
3181 5609 3404 5664 vestium
3451 5610 3839 5678 concupiscen-

2255 5701 2378 5754 tiam
2407 5699 2509 5753 illis
2537 5696 2746 5754 insinua
2773 5712 2787 5764 ;
2817 5697 3041 5754 ostende
3073 5699 3176 5756 illis
3204 5699 3345 5770 ipsas
3378 5716 3495 5757 esse
3538 5701 3708 5757 nudas
3729 5742 3742 5768 ,
3770 5700 3843 5756 de
