3950 6208
180 268 263 321 lt)?
1078 260 1144 316 ΙΝ
1182 260 1361 317 ACTA
1405 257 1934 314 APOSTOLOHUM.
1981 260 2208 316 ll0.\lll..
2252 262 2435 319 XXVI.

172 380 346 449 judicio
365 377 544 433 futuro
568 377 774 433 dissere
799 395 814 442 ;
841 376 928 431 dic
961 392 975 429 ε
1010 374 1143 431 Aliis
1162 374 1316 429 nobis
1343 374 1449 428 illic
1474 388 1609 443 Opus
1629 384 1734 436 est,

172 488 263 524 non
292 470 459 523 hisee.
504 468 560 524 Si
589 484 676 523 me
720 469 937 530 feratis,
967 482 1067 536 ego
1111 456 1403 519 nuditatem
1434 462 1733 519 ostendam.

171 565 335 619 Nudus
364 564 578 631 frigoris
624 573 866 631 tempore
906 561 1042 629 riget
1082 570 1134 613 et
1182 558 1399 621 tremit,
1432 565 1738 611 contractus

169 666 291 719 stat,
334 656 566 710 reductis
593 656 866 717 brachiis;
902 656 953 707 in
982 662 1170 707 instate
1201 666 1326 705 vero
1356 668 1459 704 non
1496 651 1643 705 item.
1680 650 1735 704 Si

167 750 309 818 igitur
334 748 615 803 ostendero
632 747 825 802 divites
859 747 1001 800 viros
1019 754 1071 801 et
1097 745 1349 799 mulieres
1367 759 1431 797 eo
1452 745 1618 813 magis
1640 760 1735 796 nu-

166 842 252 895 dos
274 855 404 904 esse,
424 855 531 909 quo
558 840 725 909 magis
742 837 1079 902 suntvestiii,
1100 852 1167 891 ne
1198 852 1337 905 aigre
1368 835 1569 889 feratis.
1594 835 1730 902 Quid

165 950 295 1003 ergo.
322 947 643 1001 qureso,cum
670 932 736 986 de
764 931 1005 1000 gehenna
1034 930 1194 985 verba
1234 930 1489 983 faciemus
1515 969 1529 992 ,
1559 928 1732 997 deque

167 1024 423 1077 tormentis
453 1022 564 1074 illis
597 1041 609 1075 :
644 1037 820 1075 annon
852 1022 1021 1089 magis
1051 1020 1127 1074 illi
1172 1021 1343 1090 rigent
1370 1036 1431 1072 ac
1459 1030 1687 1074 tremunt
1714 1062 1728 1083 ,

165 1130 303 1183 quam
332 1114 454 1167 nudi
500 1114 619 1167 illi?
668 1128 845 1166 annon
876 1114 1066 1167 acerbe
1113 1113 1498 1182 ingemiscunt,
1530 1120 1584 1166 et
1613 1126 1732 1166 sese

162 1205 439 1258 damnant?
470 1204 608 1269 Quid
632 1218 761 1273 ergo
788 1244 803 1268 ,
836 1203 1052 1273 quando
1081 1204 1312 1272 aliquem
1344 1203 1544 1256 adeunt
1570 1211 1623 1254 et
1653 1202 1732 1254 di-

161 1306 270 1351 cunt
294 1338 309 1361 ,
356 1296 459 1349 Ora
499 1310 599 1363 pro
628 1310 753 1349 me:
784 1309 962 1348 annon
1003 1294 1191 1349 eadem
1219 1336 1233 1358 ,
1264 1309 1383 1362 quae
1416 1293 1523 1355 illi,
1568 1292 1729 1346 verba

161 1387 457 1455 proferunt?
487 1389 555 1439 At
585 1401 725 1439 nunc
744 1427 759 1448 ,
795 1385 921 1439 licet
950 1384 1114 1438 multa
1145 1384 1460 1448 dixerimus,
1492 1384 1727 1436 nondum

158 1480 412 1532 manifesta
439 1488 520 1531 est
552 1477 765 1531 nuditas
791 1494 804 1528 :
840 1477 947 1531 illic
974 1492 1101 1531 vero
1129 1475 1408 1529 manifesta
1434 1476 1557 1528 erit.
1586 1476 1731 1540 Quo-

160 1573 299 1625 modo
340 1582 392 1626 et
430 1586 533 1641 qua
579 1569 827 1624 ratione?
856 1570 991 1623 Cum
1034 1570 1220 1624 sericis
1266 1568 1372 1623 illis
1403 1568 1638 1622 vestibus
1676 1576 1729 1623 et

158 1664 359 1733 gemmis
398 1663 614 1717 amissis
639 1705 654 1729 ,
702 1663 833 1717 solis
866 1662 950 1717 vel
982 1662 1194 1715 virtutis
1221 1661 1307 1715 vel
1345 1660 1459 1715 vitii
1490 1661 1728 1715 vestibus

157 1755 315 1809 amicti
340 1770 528 1809 omnes
553 1762 846 1808 cernentur
872 1770 887 1819 ;
911 1769 1032 1808 cum
1065 1766 1328 1822 pauperes
1351 1752 1518 1822 gloria
1548 1752 1726 1806 amicti

157 1849 302 1901 inulta
342 1846 751 1915 comparebunt,
791 1846 985 1901 divites
1013 1860 1144 1899 vero
1180 1844 1309 1898 nudi
1350 1859 1414 1899 ac
1447 1854 1627 1914 turpes
1660 1844 1725 1897 ad

156 1940 388 2008 supidicia
420 1938 723 1993 trahentur.
754 1937 892 2005 Quid
935 1937 1215 1991 delicatius
1249 1946 1365 1990 erat
1400 1935 1493 1989 illo
1519 1935 1684 1988 divite
1709 1976 1722 1998 ,

154 2032 239 2100 qui
259 2030 566 2084 induebatur
590 2029 863 2099 purpura?
884 2028 1009 2097 quid
1033 2027 1315 2097 pauperius
1345 2026 1584 2079 Lazaro?
1606 2035 1724 2080 uter

151 2136 271 2190 ergo
309 2121 671 2175 mendicoruin
719 2119 1023 2188 proferebat
1067 2119 1274 2173 verba?
1322 2128 1440 2172 uter
1481 2116 1631 2187 quasi
1670 2116 1723 2170 iii

148 2212 454 2265 abundauiia
496 2211 779 2282 degebat?
809 2209 864 2264 Si
908 2210 1027 2278 quis
1072 2210 1290 2263 domum
1336 2209 1516 2263 multis
1562 2216 1718 2263 ornet

147 2302 331 2363 auleis,
359 2303 475 2370 ipse
503 2317 632 2356 vero
666 2301 807 2354 intus
836 2300 1009 2353 nudus
1048 2301 1136 2363 sit,
1170 2298 1312 2369 quod
1346 2299 1600 2352 lucrum?
1627 2290 1729 2353 Sic.

147 2404 204 2445 ct
227 2393 522 2447 mulieribus
542 2392 738 2447 accidit
770 2410 782 2442 :
818 2391 1034 2446 domum
1062 2392 1259 2459 quippe
1284 2392 1497 2452 unitum,
1528 2403 1723 2458 corpus

146 2484 276 2550 thro,
306 2486 484 2541 multis
505 2485 764 2540 decorant
782 2485 1144 2549 ornamentis;
1171 2483 1572 2538 materfamilias
1595 2497 1721 2537 vero

3338 275 3435 328 £98

1855 377 1997 431 intus
2027 376 2180 433 sedet
2208 382 2369 435 nuda.
2394 378 2741 437 Commodate
2768 383 2897 437 mihi
2926 384 3118 438 anima:
3144 388 3350 457 oculos,
3378 402 3434 445 et

1848 469 2126 523 ostendam
2153 470 2305 524 vobis
2325 471 2516 525 anima:
2545 472 2861 530 nuditatem.
2887 474 3016 541 Qum
3041 478 3182 531 enim
3204 488 3286 533 est
3311 482 3431 534 ani-

1847 577 1948 615 mie
1975 562 2175 616 vestis?
2201 562 2382 619 Virtus
2407 574 2573 620 certe.
2605 565 2733 633 Qua:
2751 567 2963 623 nuditas
2985 568 3010 623 ?
3036 569 3253 625 Malitia.
3284 572 3434 630 Sicut

1847 653 1988 707 enim
2036 654 2080 707 si
2112 654 2229 721 quis
2272 655 2499 709 liberum
2542 660 2845 726 quempiam
2898 670 3078 723 exuat,
3113 663 3428 729 erubescit,

1844 746 2178 798 contrahitur
2202 756 2253 799 et
2284 745 2414 815 fugit
2444 762 2458 800 ;
2489 747 2565 801 sic
2600 748 2645 801 si
2678 749 2911 802 animam
2944 749 3025 803 his
3056 752 3294 807 vestibus
3324 770 3428 809 ii0n

1844 836 2079 890 indutam
2117 838 2305 890 intueri
2334 838 2557 891 velimus
2584 878 2598 903 ,
2640 838 2912 893 erubescit
2952 840 3062 894 illa.
3095 841 3234 908 Quot
3274 856 3428 913 putas

1842 942 1983 980 nunc
2014 927 2215 996 pudore
2238 928 2398 990 affici,
2428 939 2481 982 et
2523 929 2576 982 in
2607 929 2929 998 profundum
2970 931 3301 989 descendere
3326 976 3340 997 .
3375 947 3431 990 ut

1841 1020 1990 1087 quasi
2019 1020 2302 1089 quodpiam
2336 1020 2695 1075 velamentum
2721 1032 3054 1093 quaerentes,
3088 1032 3147 1077 ut
3176 1040 3242 1079 ne
3268 1026 3427 1079 verba

1843 1110 1930 1163 illa
1964 1110 2225 1163 audiant?
2253 1110 2381 1177 Quae
2407 1127 2535 1165 vero
2567 1112 2707 1165 illius
2751 1113 2852 1167 sibi
2899 1113 3023 1167 mali
3052 1116 3282 1169 conscia:
3323 1131 3427 1169 non

1838 1210 1983 1261 sunt,
2011 1202 2275 1264 lietantur,
2298 1202 2549 1271 gaudent,
2582 1202 2935 1269 delectantur,
2971 1214 3024 1257 et
3051 1204 3118 1259 de
3143 1204 3301 1260 dictis
3326 1204 3428 1259 hu—

1834 1291 2068 1361 jusmodi
2115 1293 2431 1361 gloriantur.
2480 1294 2618 1347 Audi
2655 1293 2722 1348 de
2764 1293 2918 1349 beata
2965 1294 3182 1349 Thecla.
3230 1297 3323 1350 illa
3373 1309 3428 1351 ut

1841 1385 2063 1439 I‘aulurn
2094 1386 2334 1452 videret,
2370 1401 2557 1441 aurum
2586 1402 2738 1441 suum
2766 1387 2909 1441 dedit
2944 1405 2955 1439 :
2988 1398 3039 1441 tn
3072 1399 3129 1442 ut
3155 1389 3424 1445 Christum

1839 1476 2023 1530 videas
2046 1517 2058 1538 ,
2098 1493 2271 1547 neque
2299 1478 2514 1531 obolum
2543 1477 2756 1532 dederis
2784 1495 2799 1542 ;
2831 1478 2925 1531 sed
2972 1481 3183 1534 miraris
3210 1482 3423 1550 quidem

1840 1567 1980 1621 illius
2005 1578 2176 1636 gesta,
2213 1584 2311 1621 nec
2338 1569 2579 1622 imitaris.
2616 1568 2730 1623 Non
2761 1569 2913 1623 audis
2938 1612 2952 1633 ,
2983 1586 3139 1639 quam
3172 1572 3310 1627 beati
3341 1574 3423 1628 di-

1835 1669 2025 1713 cantur
2050 1660 2466 1715 misericordes?
2489 1660 2635 1714 Beati
2661 1662 3025 1726 misericordes,
3062 1666 3265 1733 inquit,
3290 1682 3419 1732 quo-

1836 1752 1972 1804 niam
2021 1752 2120 1820 ipsi
2159 1754 2558 1806 misericordiam
2608 1764 2973 1823 consequentur
3014 1754 3225 1825 (Matth.
3256 1758 3307 1811 5.
3336 1757 3413 1825 7).

1835 1844 1985 1911 Quod
2013 1845 2215 1898 lucrum
2246 1861 2274 1897 a
2301 1846 2551 1915 pretiosis
2582 1846 2865 1901 vestibus?
2889 1849 3143 1916 quamdiu
3179 1852 3243 1903 ail
3280 1852 3419 1905 hunc

1832 1938 2081 1991 amictum
2112 1938 2477 1992 inhiahimus?
2506 1938 2836 1993 Amiciamur
2858 1942 3028 2009 gloria
3066 1939 3260 1996 Christi
3287 1985 3301 2010 ,
3334 1946 3419 1998 illa

1832 2030 2225 2098 pulchritudine
2251 2030 2679 2097 circumdcmur,
2712 2041 2767 2085 ut
2792 2041 2846 2086 et
2874 2032 2961 2087 hic
3002 2033 3281 2087 laudemur
3303 2076 3318 2099 ,
3367 2047 3422 2090 et

1836 2122 1945 2176 illic
1972 2132 2171 2177 aeterna
2206 2137 2600 2194 consequamur
2631 2124 2792 2188 bona,
2820 2125 2987 2193 gratia
3014 2133 3065 2178 et
3098 2125 3421 2194 benignitate

1834 2214 2043 2269 Domini
2075 2215 2241 2269 nostri
2268 2213 2394 2270 Jesu
2424 2213 2647 2275 Christi,
2676 2216 2888 2284 quicum
2922 2213 3064 2268 Patri
3111 2225 3162 2270 et
3198 2216 3417 2285 Spiritui

1832 2317 2020 2362 sancto
2050 2306 2239 2377 gloria,
2273 2306 2576 2375 imperium,
2610 2305 2806 2375 honor,
2835 2323 2977 2362 nunc
2998 2315 3052 2362 et
3077 2322 3292 2377 semper
3315 2349 3331 2375 ,
3365 2318 3419 2363 et

1832 2398 1884 2452 in
1914 2398 2109 2453 smcula
2129 2398 2469 2453 saeculorum.
2503 2400 2696 2453 Amen.

148 2607 3403 2632 ___________________________.___________—______

1469 2692 1817 2755 HOMILIA
1861 2691 2100 2751 XXVI.

147 2842 259 2896 Cu.
298 2842 375 2896 l2.
410 2844 461 2897 l.
504 2840 607 2896 Illo
640 2852 807 2895 autent
833 2850 1052 2911 tempore
1073 2840 1208 2895 misit
1241 2838 1466 2894 Herodes
1492 2855 1583 2893 rex
1607 2855 1716 2904 nia-

206 2954 317 2997 uus.
358 2948 411 2989 ut
460 2936 700 3005 aﬂiigeret
746 2935 992 3004 quosdam
1039 2934 1102 2987 de
1139 2932 1385 2987 Ecclesia.
1426 2931 1481 2984 Ξ.
1518 2930 1715 2985 Occidit

205 3038 365 3080 atem
409 3026 660 3079 Iacobum
692 3030 902 3096 fratrem
940 3023 1158 3078 Joannis
1196 3023 1387 3094 gladio.
1433 3023 1486 3077 5.
1533 3021 1715 3076 Videtis

207 3131 362 3171 autem
384 3120 507 3189 quia
529 3118 745 3185 placeret
768 3116 988 3182 Judcis,
1017 3115 1252 3185 apposuit
1282 3124 1334 3166 ut
1363 3112 1713 3183 apprehende-

206 3221 273 3262 rct
293 3221 335 3262 τε
370 3210 601 3262 l’ctrum.
634 3206 798 3261 Erant
816 3216 983 3259 autem
1008 3206 1116 3259 dies
1146 3208 1473 3275 Azymorum.

212 3302 253 3353 l.
294 3301 445 3365 Quod
480 3298 607 3352 illud
632 3298 762 3351 dicit
794 3297 1045 3365 tempus?
1073 3296 1224 3363 Quod
1253 3311 1374 3350 mox
1394 3293 1715 3365 sequebatur

153 3394 330 3459 mue.
363 3389 469 3443 Sed
503 3388 587 3441 hic
612 3388 829 3458 quidem
863 3387 964 3442 hoc
1001 3398 1177 3457 pacto,
1228 3388 1353 3441 alibi
1377 3401 1506 3441 vero
1534 3401 1708 3441 secus.

151 3482 259 3534 Cum
283 3483 423 3534 enim
455 3481 731 3534 Matthmus
762 3480 927 3544 dicit,
960 3478 1027 3532 In
1058 3480 1232 3532 diebus
1261 3480 1363 3532 illis
1392 3480 1520 3532 renit
1544 3478 1711 3532 Joan-

148 3593 219 3627 κω
242 3577 518 3637 medicans
560 3573 578 3644 (
606 3572 792 3628 Matth.
825 3575 877 3628 5.
912 3575 932 3627 1
961 3572 1017 3643 );
1050 3590 1153 3627 non
1185 3583 1471 3641 sequentes
1499 3573 1613 3627 dies
1641 3574 1713 3627 si-

148 3668 359 3731 gniﬁcat.
408 3664 503 3718 sed
547 3665 685 3728 illos,
718 3664 770 3717 in
798 3664 991 3734 quibus
1036 3663 1148 3718 fieri
1192 3664 1417 3733 Contigit
1466 3662 1518 3717 id
1570 3662 1711 3733 quod

150 3757 395 3809 narrabat.
448 3755 560 3809 lloc
603 3757 799 3825 quippe
848 3770 1000 3809 more
1048 3754 1216 3808 utitur
1260 3754 1535 3822 Scriptura
1570 3753 1711 3807 :ali-

148 3849 341 3911 quando
378 3862 499 3917 qua:
526 3848 853 3915 subsequnta
897 3856 1023 3900 sunt
1054 3856 1269 3912 narrat;
1298 3845 1583 3916 aliquando
1611 3862 1711 3899 au-

148 3948 235 3990 tem
262 3954 377 4008 quin
404 3949 589 4008 postea
616 3940 974 4009 contigerunt,
999 3953 1063 3993 ac
1098 3939 1144 3993 si
1172 3954 1292 3993 mox
1322 3946 1708 4008 Sequerentur,

150 4043 385 4087 recrqu
429 4033 571 4088 liene
608 4045 783 4089 autem
826 4035 976 4100 dicit,
1026 4034 1254 4089 Herodes
1298 4052 1387 4089 rea:
1413 4050 1431 4088 :
1459 4034 1543 4087 hic
1569 4035 1709 4089 enim

150 4142 236 4179 uua
264 4138 376 4180 erat
400 4128 469 4191 is,
515 4129 751 4196 quicum
794 4128 1008 4183 Christo
1046 4138 1394 4183 memoratur.
1427 4128 1566 4182 Ecce
1609 4128 1711 4180 alia

148 4221 371 4271 tmtatio.
402 4218 472 4272 Et
495 4219 633 4284 vide,
665 4220 803 4288 quod
832 4221 983 4274 initio
1014 4220 1279 4285 dicebam,
1313 4219 1583 4289 quomodo
1626 4233 1711 4273 res

148 4320 431 4374 utantur,
482 4311 749 4379 quomodo
795 4320 890 4381 per
931 4314 1162 4381 quietem
1214 4322 1268 4366 et
1313 4327 1408 4381 per
1446 4326 1712 4364 airuninas

144 4408 303 4456 omnia
330 4412 707 4458 routesaiitur.
732 4402 845 4457 Non
883 4403 993 4474 jam
1015 4403 1185 4458 .liidiei
1207 4444 1221 4469 ,
1252 4418 1357 4458 non
1382 4402 1668 4457 concilium
1694 4418 1708 4467 ;

145 4495 336 4549 ξαίνει
366 4495 607 4548 immittit
648 4509 859 4558 manus,
893 4504 950 4548 ut
978 4493 1195 4564 afﬂigat.
1246 4493 1414 4563 Major
1453 4502 1708 4563 potestas,

144 4592 335 4655 gravius
356 4588 403 4642 ι».
425 4587 579 4652 llum,
611 4588 839 4641 maxime
863 4588 984 4657 quia
1018 4587 1084 4642 ad
1110 4587 1335 4657 gratiam
1382 4564 1708 4641 ludii-orum.

146 4678 325 4734 Occidit
350 4692 522 4734 autem
561 4678 807 4734 Iacobum
857 4681 1069 4749 fratrem
1108 4679 1327 4734 Joannis
1362 4680 1553 4751 gladio.
1584 4678 1711 4733 Sine

144 4788 284 4825 uasa
308 4782 361 4827 et
389 4782 450 4825 ut
476 4786 604 4827 casu
630 4771 869 4842 contigit.
904 4772 959 4826 Si
986 4771 1106 4840 quis
1133 4785 1261 4825 vero
1290 4777 1510 4839 quierat,
1546 4783 1641 4823 cur
1659 4768 1709 4822 id

145 4866 432 4931 permiserit
501 4863 678 4927 Dens,
731 4862 1179 4932 respondebimus
1226 4878 1321 4930 pro
1374 4860 1478 4915 illis
1535 4860 1709 4929 ipsis:

147 4958 299 5023 primo
329 4957 571 5027 quidem,
607 4966 664 5009 ut
704 4957 1045 5025 persuaderet
1103 4956 1252 5026 ipsis,
1286 4970 1345 5009 se
1382 4954 1465 5008 vel
1505 4954 1711 5009 occisos

147 5051 440 5113 "valere.
470 5058 528 5101 ut
562 5058 615 5103 et
656 5049 708 5103 in
746 5049 1022 5119 Stephano
1060 5048 1321 5119 contigit;
1371 5048 1625 5112 secundo,
1656 5057 1713 5102 ut

144 5140 275 5193 daret
300 5138 505 5195 Iuda-is
546 5139 718 5193 locum
741 5180 756 5202 ,
789 5149 1068 5209 postquam
1102 5142 1336 5193 furorem
1380 5153 1534 5193 suum
1558 5154 1711 5194 exsa-

144 5242 402 5293 tmerant.
433 5228 778 5299 resipiscendi
805 5233 872 5287 ab
899 5233 1136 5296 insania;
1165 5234 1343 5298 tertio,
1378 5241 1433 5286 ut
1463 5232 1712 5287 ostende-

142 5336 209 5375 rei
233 5340 297 5380 ex
319 5324 678 5394 pi-niiissione
711 5339 804 5377 sua
839 5325 886 5377 id
920 5323 1117 5378 factum
1148 5340 1287 5379 esse.
1331 5323 1518 5377 Videas
1543 5334 1710 5377 autem

140 5432 243 5479 qua
260 5420 481 5485 placeret
502 5415 719 5481 Iudicis,
749 5419 987 5487 apposuit
1015 5429 1067 5472 ut
1102 5418 1502 5489 apprehenderat
1527 5428 1573 5470 et
1606 5415 1709 5469 Pe.

142 5516 269 5561 ιη..
298 5506 345 5563 0
370 5508 780 5576 perversitatem
813 5511 1113 5579 ingentem!
1143 5514 1255 5577 Qua
1281 5511 1331 5565 in
1356 5524 1415 5564 re
1444 5508 1711 5579 gratiﬁca-

144 5596 275 5652 loiur
295 5601 448 5668 ipsis,
472 5598 652 5654 aedes
679 5601 845 5669 gratis
871 5610 926 5655 et
956 5611 1159 5659 temere
1195 5600 1549 5674 perpetrans?
1578 5598 1708 5653 Erat

144 5702 285 5742 mari
320 5694 430 5746 dies
480 5690 809 5761 Αιψιιοηηι.
856 5692 1051 5749 lterum
1094 5695 1357 5768 superflua
1392 5694 1709 5754 Judieortini

1824 2838 2093 2892 accuratio
2124 2854 2136 2890 :
2163 2834 2408 2891 occidere
2426 2850 2532 2889 non
2555 2834 2924 2904 prohibebant,
2952 2836 3044 2890 sed
3066 2835 3153 2889 tali
3176 2844 3416 2906 tempore

1824 2931 1948 2985 talia
1978 2929 2274 2999 patrabant.
2308 2929 2361 2982 4.
2398 2928 2558 2993 Quem
2597 2944 2710 2982 cum
2741 2928 3178 2998 apprehendisset,
3209 2930 3415 2983 misitin

1819 3038 2091 3088 carcerem,
2117 3021 2319 3075 tradens
2344 3030 2565 3092 quatuor
2586 3020 2998 3090 quaternionibus
3020 3022 3253 3073 militum.
3288 3021 3413 3076 lliec

1818 3129 1886 3170 ex
1938 3114 2116 3169 furore
2152 3122 2207 3168 et
2260 3122 2405 3167 metu
2448 3111 2605 3167 facta.
2657 3111 2874 3176 Occidit,
2924 3112 3114 3181 inquit,
3159 3112 3409 3167 Iacobum

1820 3210 2027 3277 fratrem
2051 3194 2267 3260 Joannis
2290 3205 2482 3276 gladio.
2506 3204 2749 3259 Vidistin‘
2774 3204 2986 3259 illorum
3007 3202 3412 3259 fortitudinem?

1818 3295 1897 3351 Ne
1941 3298 2062 3367 quis
2111 3298 2255 3351 enim
2284 3296 2507 3361 diceret,
2543 3295 2662 3350 ideo
2705 3297 2849 3365 ipsos
2898 3295 3015 3350 sine
3063 3295 3301 3362 periculo
3352 3305 3410 3351 et

1819 3396 1967 3443 metu
1997 3399 2221 3442 mortem
2254 3388 2435 3451 adire,
2465 3388 2586 3457 quia
2636 3388 2776 3443 Deus
2812 3387 3033 3455 eruebat
3077 3389 3239 3458 ipsos,
3292 3389 3410 3444 ideo

1818 3479 2061 3548 permisit
2093 3489 2149 3533 ut
2176 3468 2585 3544 occiderentur,
2618 3478 2953 3548 maximeque
3001 3480 3271 3549 coryplnri
3300 3521 3313 3544 ,
3355 3490 3412 3535 ιιι

1818 3572 2101 3626 homicidia
2143 3572 2472 3637 ostenderet,
2506 3572 2650 3642 ipsos
2683 3587 2854 3641 neque
2887 3573 2966 3627 sic
3011 3572 3275 3628 desistere
3312 3590 3408 3628 ne-

1817 3678 1920 3732 que
1944 3661 2232 3731 prohiberi.
2267 3663 2319 3717 5.
2352 3660 2536 3715 Petrus
2562 3664 2732 3732 itaque
2773 3663 3063 3716 servabatur
3085 3665 3134 3717 in
3166 3680 3363 3717 carcere
3390 3681 3409 3718 :

1818 3754 1981 3806 oratio
2028 3761 2195 3804 autem
2238 3750 2388 3819 ﬁebat
2426 3754 2534 3805 sine
2558 3753 2932 3806 intermissione
2972 3755 3034 3806 ab
3072 3754 3299 3808 Ecclesia
3341 3754 3404 3807 ad

1819 3845 1981 3900 Deum
2008 3862 2099 3914 pro
2128 3861 2206 3900 eo.
2250 3844 2377 3897 Erat
2424 3853 2548 3898 tunc
2591 3843 2658 3897 de
2701 3844 2874 3913 capite
2919 3856 3211 3898 certamen.
3255 3843 3409 3912 Quod

1818 3940 1905 3994 ille
1934 3939 2145 3993 occisus
2171 3947 2332 4001 esset,
2363 3936 2413 3991 id
2438 3937 2680 3989 timorem
2707 3936 2807 3989 illis
2831 3936 3147 3999 incutiebat,
3174 3936 3409 4004 itemque

1816 4028 1956 4099 quod
1990 4028 2075 4081 hic
2105 4028 2158 4081 in
2185 4042 2456 4082 carcerem
2485 4026 2761 4096 conjectiis
2788 4036 2954 4080 esset.
2987 4026 3039 4079 6.
3064 4025 3188 4081 Cum
3234 4037 3408 4078 autent

1820 4120 2158 4190 producturus
2186 4136 2298 4173 cum
2324 4128 2449 4172 esset
2480 4116 2730 4182 llerodcs,
2762 4128 2907 4171 nocte
2933 4118 3024 4171 illa
3059 4116 3242 4171 Petrus
3287 4120 3409 4169 dor-

1817 4212 1999 4266 miebat
2040 4212 2172 4264 inter
2213 4210 2341 4264 duos
2384 4210 2587 4273 milites,
2630 4210 2825 4263 vinctus
2871 4210 3059 4262 catenis
3097 4208 3332 4261 duabus:
3360 4219 3407 4262 et

1817 4306 2046 4360 custodes
2070 4315 2188 4359 ante
2216 4304 2399 4357 ostium
2437 4302 2780 4357 custodiebant
2810 4318 3087 4355 carcerein.
3120 4301 3174 4356 7.
3206 4299 3271 4353 Et
3297 4317 3408 4355 ecce

1817 4399 2026 4469 angelus
2057 4396 2267 4450 Domini
2293 4396 2505 4457 adstitit,
2530 4404 2574 4448 et
2602 4395 2771 4447 lumen
2798 4393 2995 4461 refulsit
3019 4394 3068 4446 in
3090 4392 3406 4456 habitacula;

1818 4504 2150 4557 percussaque
2174 4488 2330 4540 latere
2354 4486 2509 4550 Petri,
2539 4486 2771 4539 excitavit
2798 4485 2966 4549 illam,
2996 4485 3165 4538 dicens
3196 4500 3215 4537 :
3237 4484 3407 4555 Surge

1816 4581 2071 4635 velociter.
2104 4579 2165 4633 Et
2189 4580 2472 4633 ceciderunt
2502 4590 2694 4632 catena:
2722 4578 2859 4631 illius
2875 4578 2938 4630 de
2964 4576 3212 4631 inanibus.
3246 4576 3399 4639 Vide,

1820 4674 1905 4728 illa
1940 4683 2096 4727 nocte
2127 4672 2297 4742 ipsum
2333 4671 2550 4740 eripuit.
2585 4670 2651 4724 Et
2683 4671 2851 4722 tamen
2876 4669 3075 4737 refulsit
3115 4670 3167 4722 in
3210 4669 3407 4722 habita-

1818 4766 1953 4830 cula,
1984 4780 2049 4819 ne
2096 4773 2305 4833 putaret
2348 4778 2467 4817 esse
2512 4770 2781 4830 spectrinn
2816 4778 2829 4813 :
2862 4760 3033 4813 lucem
3080 4774 3206 4812 vero
3246 4773 3405 4813 nemo

1820 4857 1949 4910 vidit
1979 4867 2176 4925 printer
2205 4856 2375 4908 illiilli.
2413 4852 2633 4907 Etiamsi
2661 4852 2804 4905 enim
2836 4850 2937 4904 hoc
2964 4850 3034 4903 ita
3067 4848 3261 4903 factum
3286 4848 3405 4902 fue-

1818 4949 1917 5014 rit,
1948 4949 1997 5002 id
2031 4959 2206 5002 tamen
2236 4949 2322 5002 ille
2352 4946 2681 5017 phantasiam
2713 4960 2833 4999 esse
2867 4944 3116 5013 putabat,
3142 4940 3282 5011 quod
3317 4957 3403 4998 res

1818 5040 2180 5107 inexspectata
2229 5049 2404 5101 esset;
2464 5037 2562 5091 nisi
2618 5037 2688 5090 ita
2744 5035 2937 5090 factum
2980 5032 3186 5098 fuisset,
3234 5036 3404 5087 multo

1820 5132 1989 5199 magis
2029 5130 2391 5198 SiiSpicaturus
2427 5138 2540 5181 erat
2570 5143 2585 5179 :
2617 5128 2685 5181 ita
2731 5138 2917 5180 contra
2959 5134 3189 5179 mortem
3231 5126 3402 5179 aciem

1818 5224 2176 5283 instruxerat;
2204 5221 2361 5290 idque
2380 5221 2502 5289 quia
2526 5203 2805 5289 postquam
2831 5217 3011 5271 multis
3027 5216 3218 5273 diebus
3246 5218 3403 5273 isthic

1780 5307 1795 5321 ⁶
1818 5324 2103 5376 manserat,
2136 5314 2368 5367 nonduin
2394 5323 2609 5382 ereptus
2654 5310 2857 5364 luisset.
2884 5309 2951 5364 Et
2980 5324 3112 5375 cur,
3162 5312 3394 5381 inquies,

1819 5424 1923 5462 non
1953 5406 2192 5477 permisit
2237 5405 2374 5458 Deus
2414 5414 2470 5457 ut
2514 5403 2565 5457 in
2610 5420 2799 5458 manus
2831 5402 3096 5456 incideret
3146 5400 3394 5458 Herodis.

1817 5510 1872 5556 et
1900 5509 2026 5557 tunc
2046 5498 2277 5567 eripuit?
2304 5496 2437 5563 Quia
2477 5495 2605 5549 illud
2653 5496 2703 5548 in
2731 5505 3013 5563 stuporem
3035 5491 3355 5563 conjecisse!
3383 5494 3397 5537 ς

1817 5592 1920 5647 hoc
1946 5600 2123 5645 autem
2154 5606 2248 5660 pro
2270 5590 2375 5644 illis
2401 5588 2581 5643 (lebat.
2609 5588 2790 5659 Neque
2818 5586 2959 5640 enim
2996 5593 3235 5651 putatum
3272 5572 3401 5629 filis;

1818 5699 1900 5746 set
1927 5688 2073 5761 ipsos
2112 5699 2233 5743 esse
2264 5683 2529 5751 homines,
2562 5682 2607 5738 si
2650 5679 2827 5737 omnia
2868 5674 3126 5727 divinitus
3162 5662 3399 5728 πεοισκι-
