4036 6212
522 366 619 419 109

515 486 669 541 Circa
693 479 1018 549 Stephanum
1050 484 1227 529 autem
1257 472 1381 542 quid
1413 487 1516 525 non
1547 468 1715 523 fecit?
1741 482 1918 521 nonne
1949 475 2087 516 tum-

518 588 676 645 quam
705 569 878 637 angeli
907 567 1106 621 vultum
1134 564 1213 618 eis
1242 561 1520 618 exhibuit?
1546 558 1679 624 Quid
1708 568 1885 611 autem
1929 564 1981 608 et
2010 553 2095 607 hic

519 675 663 720 retro
707 661 951 717 relictum
983 657 1105 713 est?
1145 657 1199 710 8.
1228 652 1373 707 Dixit
1401 661 1566 704 autem
1595 649 1801 719 angelus
1843 647 1911 699 ad
1936 661 2095 699 eum:

520 755 784 823 Prceinge
806 761 872 815 te,
904 759 950 803 et
980 748 1147 802 calceo
1178 757 1223 799 te
1242 745 1433 814 caligas
1454 754 1584 795 tuas.
1605 741 1701 794 Hic
1731 740 1889 793 etiam
1919 745 2097 789 osten-

518 847 596 900 dit
622 858 733 898 rem
762 858 865 895 non
893 855 959 895 ex
985 838 1109 892 dolo
1146 836 1336 890 factum
1372 834 1534 887 fuisse
1569 848 1581 883 ε
1612 844 1770 884 nemo
1793 829 1974 893 enim,
2005 842 2094 895 qui

520 937 743 992 festinus
775 932 954 987 {iniere
982 930 1127 995 velit,
1163 937 1361 982 tantam
1388 925 1825 986 adhibetcuram,
1858 920 2093 975 utetiam

519 1027 713 1095 caligas
743 1022 1001 1091 accipiat,
1032 1028 1086 1075 et
1115 1034 1173 1073 se
1207 1019 1511 1088 praicingat.
1542 1014 1684 1068 Fecit
1710 1024 1877 1066 autem
1906 1013 1997 1066 sic.
2031 1009 2096 1064 Et

520 1118 648 1171 dixit
677 1116 754 1168 illi
779 1130 797 1168 :
824 1110 1095 1168 Circumda
1122 1111 1207 1163 tibi
1237 1110 1579 1163 vestimentum
1624 1116 1785 1170 tuum,
1832 1113 1876 1157 et
1899 1118 2099 1171 sequere

522 1226 619 1263 nte.
651 1209 703 1264 9.
741 1206 805 1260 Et
846 1221 1072 1276 egressus
1113 1202 1406 1272 sequebatur
1438 1214 1588 1253 eum:
1615 1207 1660 1251 et
1700 1196 1943 1251 nesciebat
1981 1195 2098 1266 quia

526 1315 694 1354 verum
722 1308 825 1363 est,
852 1296 985 1366 quod
1026 1294 1170 1362 [iebat
1195 1308 1283 1362 per
1303 1291 1571 1361 angelum;
1598 1287 1908 1342 existimabat
1933 1295 2099 1338 autem

521 1406 571 1441 se
595 1389 749 1441 uisum
776 1388 959 1440 videre.
993 1384 1076 1440 l0.
1107 1383 1447 1437 Transeuntes
1490 1388 1654 1432 autem
1703 1380 1917 1448 primam
1944 1388 1987 1429 et
2014 1391 2097 1429 se-

520 1479 736 1533 cundant
759 1478 1061 1541 custodiam,
1098 1483 1335 1528 venerunt
1374 1474 1440 1525 ad
1480 1481 1677 1541 portam
1707 1473 1957 1540 ferream,
1988 1481 2100 1537 qua!

522 1570 657 1623 ducit
680 1568 747 1621 ad
765 1569 1032 1629 civitatem,
1051 1582 1160 1635 qua:
1182 1564 1312 1618 ultro
1341 1574 1515 1631 aperta
1535 1572 1606 1614 est
1633 1561 1720 1614 eis.
1751 1560 1883 1613 Ecce
1909 1573 2099 1612 secun-

523 1662 647 1715 dum
677 1660 907 1729 signum.
937 1658 1068 1713 Cum
1107 1656 1353 1711 discessit
1380 1654 1622 1724 angelus,
1672 1660 1798 1705 tunc
1840 1649 2101 1704 intellexit

523 1753 731 1808 Petrus.
762 1751 830 1805 Et
851 1760 1085 1805 exeuntes
1114 1758 1454 1817 processerunt
1472 1749 1631 1800 vicum
1660 1761 1834 1809 unum,
1867 1754 1912 1796 et
1937 1744 2099 1796 conti-

522 1863 624 1901 nuo
654 1846 877 1899 discessit
904 1844 1111 1915 angelus
1141 1843 1200 1895 ab
1229 1858 1305 1895 eo.
1342 1842 1425 1895 ll.
1461 1840 1524 1892 Et
1554 1838 1734 1892 Petrus
1762 1838 1829 1889 ad
1850 1852 1903 1889 se
1935 1851 2100 1887 rever-

522 1956 628 2003 sus,
653 1938 779 1991 dixit
808 1951 827 1990 :
860 1934 1011 1990 Nunc
1036 1937 1161 2000 scio,
1180 1935 1296 2003 quia
1319 1948 1428 1985 vere
1449 1929 1841 1985 misitDominus
1866 1927 2100 1996 angelum

523 2047 689 2093 suum,
719 2039 763 2083 et
793 2028 971 2095 eripuit
990 2044 1067 2081 me
1085 2028 1144 2080 de
1170 2042 1319 2078 manu
1350 2023 1587 2089 Herodis,
1612 2032 1656 2076 et
1679 2022 1739 2074 de
1761 2021 1896 2074 omni
1926 2034 2099 2088 exspe~

524 2125 739 2176 ctatione
759 2122 918 2192 plebis
944 2119 1262 2173 Judworum.
1292 2116 1443 2171 Nunc
1466 2117 1589 2181 scio,
1618 2114 1807 2183 inquit,
1830 2127 1933 2166 non
1956 2121 2097 2181 tunc.

524 2213 632 2267 Cur
661 2228 746 2268 res
778 2212 848 2266 ita
879 2210 1052 2280 agitur
1073 2250 1087 2273 ,
1137 2224 1233 2264 nec
1274 2208 1458 2262 Petrus
1507 2206 1558 2259 in
1604 2204 1679 2259 rei
1705 2211 1868 2273 gesta:
1889 2216 2101 2256 sensum

526 2305 693 2370 venit,
724 2303 825 2358 etsi
850 2302 938 2355 tali
985 2300 1248 2355 frueretur
1284 2298 1597 2353 liberatione
1621 2336 1636 2361 ,
1667 2292 1879 2364 quando
1917 2304 2104 2346 omnes

528 2395 687 2449 soluti
712 2393 904 2448 erant?
928 2390 1221 2447 Confestim
1251 2389 1362 2443 vult
1390 2389 1536 2443 illum
1566 2385 1803 2449 liberari,
1835 2393 1891 2438 et
1915 2392 2101 2454 postea

430 2504 433 2505 ν
528 2488 579 2540 in
605 2486 678 2539 rei
703 2500 915 2538 sensum
948 2485 1151 2537 venire.
1180 2480 1331 2549 Quod
1365 2495 1492 2534 vero
1520 2490 1722 2533 catena:
1753 2477 1819 2531 de
1862 2474 2106 2529 manibus

528 2577 643 2645 ejus
668 2575 979 2639 ceciderint,
1012 2587 1256 2641 magnum
1280 2580 1393 2624 erat
1415 2570 1623 2639 signum
1654 2565 1793 2636 quod
1818 2580 1922 2619 non
1952 2563 2104 2634 fuge-

529 2677 629 2721 ret.
659 2667 745 2722 η.
777 2665 1205 2733 Consideransque
1228 2663 1361 2716 venit
1402 2662 1470 2713 ad
1495 2666 1697 2712 domum
1726 2656 1908 2710 Maria:
1933 2655 2106 2709 matris

529 2760 765 2823 Joannis,
813 2759 898 2826 qui
942 2754 1389 2827 cognominabatur
1416 2751 1650 2814 Marcus,
1679 2750 1764 2803 ubi
1792 2759 1932 2803 erant
1966 2749 2108 2801 multi

531 2849 819 2920 congregati
844 2859 888 2901 et
911 2856 1130 2901 orantes.
1160 2847 1245 2900 l3.
1278 2844 1522 2897 Pulsante
1547 2852 1712 2896 autem
1733 2841 1886 2897 Petro
1929 2842 2109 2894 ostium

532 2943 721 3013 farinae,
757 2940 994 3009 processit
1019 2938 1186 3009 puella
1222 2939 1287 2990 ad
1314 2936 1643 3001 audiendum,
1681 2934 1883 2987 nomine
1909 2933 2104 2987 Rhode.

534 3032 620 3087 M.
655 3030 719 3084 Et
744 3040 794 3082 ut
814 3029 1040 3100 cognovit
1062 3044 1226 3081 uocem
1256 3026 1415 3094 Petri,
1436 3041 1542 3096 pra:
1566 3025 1749 3094 gaudio
1781 3040 1881 3076 non
1914 3023 2111 3092 aperuit

533 3123 765 3194 ianuam.
804 3119 1082 3190 Perpende
1112 3119 1325 3173 Petrum
1355 3133 1459 3171 non
1491 3118 1667 3171 statim
1698 3114 1974 3179 accedere,
2016 3114 2109 3168 sed

535 3213 683 3283 prius
735 3212 854 3267 laeta
897 3212 1015 3267 suis
1047 3211 1312 3264 nuntiare.
1354 3209 1634 3262 Accurrens
1665 3218 1832 3261 autem
1870 3208 2112 3260 nuntiarit

536 3316 673 3361 stare
699 3303 907 3357 Petrum
933 3313 1047 3355 ante
1077 3303 1312 3373 januam.
1341 3301 1425 3355 15.
1455 3299 1548 3352 Illi
1580 3309 1747 3351 autem
1785 3298 2017 3352 dixerunt
2046 3298 2113 3350 ad

539 3411 649 3450 eam
668 3407 692 3449 .'
711 3394 935 3448 Insanis.
963 3392 1067 3447 Illa
1091 3402 1259 3446 autem
1279 3392 1557 3462 afﬁrmabat
1578 3391 1650 3444 sic
1675 3407 1729 3445 se
1747 3389 1946 3443 habere.
2106 3384 2117 3395 ’

607 3485 663 3539 2.
708 3483 837 3539 Vide
866 3492 919 3538 et
947 3483 1166 3537 ancillas
1194 3483 1386 3552 pietate
1418 3482 1616 3551 plenas.
1649 3481 1763 3535 Pra:
1792 3480 1983 3549 gaudio
2008 3496 2111 3533 non

541 3575 749 3643 aperuit
778 3574 969 3627 ostium
1000 3588 1013 3638 ;
1044 3573 1116 3626 illi
1146 3587 1274 3626 vero
1304 3587 1362 3626 re
1392 3573 1461 3624 ita
1491 3583 1641 3641 gesta
1672 3570 1985 3625 renucbant.
2010 3570 2115 3624 Illa

538 3664 813 3735 afﬁrmabat
851 3664 923 3717 sic
948 3679 1001 3716 se
1030 3661 1229 3716 habere.
1279 3661 1371 3715 Illi
1397 3673 1563 3715 autem
1592 3660 1851 3725 dicebant,
1894 3661 2116 3733 Angelus

539 3756 650 3824 ejus
676 3762 768 3808 est.
822 3754 909 3809 lli.
954 3752 1135 3807 Petrus
1174 3768 1289 3806 vero
1331 3753 1670 3822 perseverabat
1715 3752 1941 3823 pulsans.
1988 3748 2116 3806 Cum

540 3856 704 3900 autem
732 3848 1041 3913 aperuissent
1066 3885 1080 3909 ,
1113 3844 1340 3898 viderunt
1370 3861 1514 3906 eum,
1546 3853 1594 3897 et
1625 3844 2002 3913 obstupuerunt.
2028 3843 2114 3895 l7.

541 3939 781 3996 Annaeus
811 3948 976 3994 autem
1009 3938 1081 3991 eis
1108 3954 1260 3991 manu
1289 3946 1342 3990 ut
1373 3944 1589 3991 tacerent
1613 3978 1628 4003 ,
1659 3937 1881 3989 narravit
1905 3936 1975 3987 eis
1996 3951 2118 4003 quo-

543 4032 692 4084 modo
738 4028 875 4091 Deus
904 4029 1155 4084 eduxisset
1186 4046 1297 4083 eum
1326 4029 1388 4082 de
1419 4045 1637 4094 carcere,
1671 4028 1934 4093 dixitque:
1967 4025 2116 4078 Nun-

544 4125 663 4177 tiate
687 4122 875 4176 Iacobo
900 4132 945 4176 et
974 4120 1215 4193 fratribus
1243 4122 1369 4175 Itazc.
1398 4120 1461 4173 Et
1492 4137 1715 4190 egressus
1740 4120 1861 4172 abiit
1890 4120 1935 4170 in
1963 4118 2121 4170 alium

489 4269 506 4284 ,
544 4217 726 4270 locum.
772 4215 1092 4283 Repetamus
1123 4214 1280 4282 igitur
1308 4213 1498 4266 seriem
1527 4210 1861 4264 narratiOnis.
1894 4208 1995 4261 Illo
2025 4225 2119 4261 au-

547 4317 646 4360 tem
697 4315 951 4374 tempore,
1001 4304 1197 4372 inquit,
1246 4303 1378 4355 misit
1421 4300 1647 4354 Herodes
1682 4316 1769 4353 rea:
1805 4316 1983 4352 manus
2012 4339 2027 4365 ,
2069 4307 2121 4352 ut

546 4397 780 4466 afﬂigeret
809 4393 1050 4463 quosdam
1087 4394 1149 4445 de
1182 4392 1424 4445 Ecclesia.
1472 4390 1631 4457 Quasi
1672 4391 1781 4444 fera
1827 4398 2026 4444 temere
2069 4398 2123 4443 et

547 4487 666 4540 sine
712 4499 868 4537 causa
912 4498 1097 4537 omnes
1140 4482 1357 4536 invadit.
1406 4482 1519 4535 lloc
1564 4490 1679 4545 est,
1730 4480 1870 4550 quod
1914 4480 2120 4535 dicebat

546 4576 791 4630 Christus
819 4592 833 4628 :
867 4575 1086 4630 Calicem
1108 4616 1121 4639 ,
1158 4591 1304 4645 quem
1334 4591 1423 4642 ego
1453 4574 1695 4647 bibiturus
1733 4590 1845 4627 sum
1864 4614 1879 4638 ,
1911 4572 2082 4627 bibetis
2104 4589 2123 4627 :

548 4670 594 4713 et
617 4660 864 4729 baptismo
881 4700 897 4724 ,
921 4674 1018 4728 quo
1040 4675 1129 4728 ego
1144 4658 1389 4727 baptizor,
1424 4658 1795 4727 baptizabimini
1822 4656 2008 4728 (Marc.
2036 4658 2122 4711 10.

552 4750 661 4820 '59).
714 4748 907 4803 Occidit
932 4756 1131 4815 autem,
1161 4748 1362 4818 inquit,
1392 4747 1635 4800 Jacobum
1676 4750 1882 4817 fratrem
1912 4746 2126 4801 Joannis

550 4843 740 4913 gladio.
773 4841 840 4896 Et
866 4857 963 4896 cur
984 4879 998 4907 ,
1034 4841 1270 4910 inquies,
1304 4857 1407 4894 non
1439 4839 1614 4892 statim
1648 4839 1862 4892 Petrum
1893 4839 2133 4894 occidit?

551 4934 775 4987 Causam
818 4934 1048 5001 scriptor
1085 4932 1239 4985 all'ert
1280 4949 1292 4983 :
1349 4930 1506 4984 Erant
1551 4931 1681 4983 enim
1710 4970 1725 4996 ,
1773 4930 1974 4998 inquit,
2022 4930 2127 4983 dies

552 5026 855 5094 Azgmorum
879 5039 898 5077 :
934 5032 989 5078 et
1018 5023 1131 5092 ejus
1160 5038 1342 5077 necem
1373 5022 1582 5075 volebat
1612 5036 1731 5076 cum
1765 5021 1948 5087 majori
1979 5021 2127 5074 cele-

557 5117 748 5171 britate
782 5116 918 5170 ﬁeri.
963 5114 1041 5168 Illi
1085 5115 1241 5184 igitur
1272 5114 1340 5167 ob
1380 5112 1792 5167 admonitionem
1821 5112 2129 5168 Gamalielis

552 5206 659 5271 jam
712 5222 739 5256 a
789 5204 1027 5261 caedibus
1075 5206 1447 5269 abstinebant;
1500 5203 1734 5273 alioquin
1785 5218 1911 5258 vero
1960 5218 2129 5272 neque

561 5309 753 5347 eausas
782 5295 1160 5356 inveniebant;
1194 5294 1288 5349 sed
1323 5310 1414 5362 per
1440 5294 1571 5348 alios
1601 5308 1660 5346 ea
1705 5294 1815 5361 ipsa
1856 5294 2128 5348 machina-

558 5384 770 5437 bantur.
813 5384 947 5449 Quia
979 5401 1102 5439 vero
1129 5387 1262 5438 alius
1291 5395 1405 5439 erat
1431 5386 1679 5448 Iacobus,
1710 5386 1871 5440 frater
1900 5387 2126 5450 Domini,
2174 5398 2179 5401 '

559 5474 679 5529 ideo
708 5475 1001 5543 designavit
1029 5475 1213 5530 dicens
1237 5517 1251 5541 ,
1290 5474 1525 5529 Fratrem
1555 5476 1793 5530 Joannis.
1837 5478 2019 5541 Viden'
2048 5493 2131 5532 re-

558 5582 676 5621 rum
707 5582 969 5623 summam
1017 5583 1179 5637 penes
1209 5567 1306 5621 hos
1350 5578 1457 5621 tres
1504 5568 1699 5633 fuisse,
1732 5570 1962 5624 maxime
2004 5583 2131 5624 vero

560 5675 724 5728 penes
756 5660 968 5714 Petrum
1004 5670 1058 5716 et
1085 5658 1384 5715 Jacobum?
1415 5658 1525 5713 lloc
1554 5660 1784 5715 maxime
1813 5662 2130 5716 condemna-

562 5749 636 5804 tio
680 5749 885 5805 illorum
928 5758 1061 5806 erat.
1090 5749 1205 5805 Non
1235 5749 1376 5805 enim
1416 5748 1525 5819 jam
1555 5748 1781 5804 humana
1826 5752 2128 5819 prazdicatio

1304 354 1357 410 S.
1399 351 1671 408 JO.\N.\'lS
1709 348 2182 407 CllRYSOS'l'OMI
2221 341 2536 399 ARClllEP.
2576 341 3101 397 CONSTANTINOP.

3679 348 3786 402 200

2199 458 2598 523 ostendebatur,
2627 467 2681 512 et
2713 473 2841 512 vere
2867 457 3189 526 implebatur
3216 457 3372 520 illud.
3408 457 3675 515 {Estimau'
3702 482 3793 516 su-

2202 569 2313 605 mus
2339 552 2465 604 sicut
2491 567 2603 605 oves
2626 551 2890 605 occisionis
2909 551 2925 617 (
2943 549 3090 604 Psal.
3115 551 3204 605 43.
3226 551 3296 604 22
3312 552 3349 621 ).
3383 551 3567 606 Videas
3594 565 3797 620 autem,

2200 640 2372 695 inquit
2395 680 2409 704 ,
2452 640 2573 707 quia
2604 640 2823 694 olaceret
2851 639 3084 706 Judwis,
3124 641 3359 709 apposuit
3400 650 3454 694 ut
3492 645 3792 713 apprehen-

2199 734 2337 784 deret
2388 748 2433 783 et
2482 733 2711 784 Petrum.
2758 731 3007 785 Placebat
3045 731 3256 798 caedes,
3288 743 3340 787 et
3369 734 3544 788 ca‘des
3583 736 3783 806 iniqua.

2198 820 2381 889 Magna
2411 820 2635 876 llerodis
2666 821 2901 884 insania;
2926 823 3169 879 absurdis
3190 839 3375 878 eorum
3406 828 3785 897 cupiditatibus

2201 911 2483 965 serviebat.
2528 913 2660 965 (lum
2704 912 3032 980 oportuisset
3057 915 3196 968 enim
3223 917 3546 970 contrarium
3575 918 3783 985 facere,

2203 1010 2257 1054 et
2296 1001 2509 1055 illorum
2556 1002 2812 1070 impetum
2852 1018 3103 1057 coercere
3127 1046 3143 1070 ,
3187 1005 3274 1060 ille
3316 1017 3500 1061 contra
3532 1009 3791 1065 incitabat

2202 1094 2353 1161 quasi
2397 1093 2635 1147 carnifex
2675 1094 2894 1162 quidam
2928 1098 3332 1165 aegrotandum,
3376 1112 3480 1152 non
3516 1116 3638 1155 vero
3666 1117 3793 1157 nie-

2204 1183 2355 1235 dicus
2377 1223 2391 1247 ,
2423 1184 2631 1237 etiamsi
2660 1184 2823 1238 millia
2856 1187 3094 1254 exetnpla
3128 1185 3385 1254 haberet,
3415 1199 3464 1243 et
3491 1191 3574 1244 avi
3601 1202 3652 1245 et
3685 1205 3792 1258 pa-

2205 1275 2299 1327 tris
2339 1274 2606 1339 llerodis;
2651 1285 2705 1329 ct
2745 1276 3014 1346 quomodo
3052 1277 3142 1332 ille
3182 1278 3394 1349 quidem
3440 1292 3657 1350 prapter
3681 1299 3794 1337 ca:-

2202 1365 2321 1419 dem
2382 1366 2658 1421 infantimn
2719 1384 2908 1437 magna
2962 1369 3185 1424 subierit
3238 1372 3415 1437 mala;
3476 1373 3562 1427 hic
3611 1390 3791 1439 vero,
3860 1352 3869 1361 ”

2201 1456 2405 1512 Joanne
2442 1473 2583 1513 (διίκεο
2610 1501 2624 1525 ,
2654 1474 2815 1527 grave
2847 1460 3041 1514 bellum
3087 1461 3415 1517 excitaverit.
3475 1464 3634 1530 Quem
3673 1483 3796 1520 cum

2201 1552 2657 1619 apprehendisset,
2693 1551 2864 1621 inquit
2890 1593 2903 1617 ,
2942 1554 3074 1607 misit
3102 1553 3155 1607 in
3179 1570 3448 1608 carcerem.
3480 1555 3751 1613 Metuebat
3776 1599 3793 1625 ,

2206 1659 2272 1697 ne
2302 1652 2518 1711 propter
2546 1644 2791 1699 timorem
2824 1661 2889 1699 ex
2923 1656 3095 1700 morte
3123 1645 3306 1701 Jacobi
3338 1661 3655 1719 conceptum
3697 1665 3801 1706 se-

2203 1736 2420 1790 cederet
2465 1737 2654 1791 Petrus
2681 1756 2693 1791 :
2725 1747 2776 1792 ct
2807 1748 2863 1793 ut
2894 1740 2944 1793 in
2978 1748 3091 1794 tuto
3120 1751 3370 1809 poneret,
3401 1744 3546 1797 misit
3585 1745 3637 1798 in
3664 1759 3799 1799 car-

2204 1841 2406 1880 cerem.
2450 1830 2566 1893 Quo
2593 1830 2890 1882 accuratior
2914 1830 3152 1884 custodia
3174 1872 3187 1893 ,
3220 1846 3284 1885 eo
3324 1830 3615 1888 mirabilius
3659 1850 3795 1903 spe-

2204 1916 2488 1968 ctaculum.
2526 1916 2637 1971 lloc
2681 1928 2857 1972 autem
2888 1919 3051 1975 Petro
3102 1921 3481 1989 conducebat,
3529 1926 3617 1994 qui
3663 1926 3799 1983 hinc

2209 2005 2479 2071 probatior
2517 2006 2737 2062 effectus
2780 2018 2901 2075 est,
2948 2018 3003 2065 et
3043 2010 3409 2068 fortitudinem
3450 2030 3598 2070 suam
3637 2018 3801 2072 exhi-

2206 2093 2341 2149 buit.
2377 2094 2552 2150 Oratio
2579 2109 2774 2158 autem.
2818 2099 3017 2170 inquit,
3063 2103 3213 2169 [iebat
3252 2104 3360 2159 sine
3402 2106 3793 2164 intermissione.

2207 2186 2421 2263 Amoris
2453 2186 2710 2241 indicium
2742 2199 2858 2243 erat
2893 2190 3082 2245 oratio.
3127 2191 3338 2248 Patrem
3369 2209 3554 2252 omnes
3579 2212 3796 2268 qua-re-

2205 2275 2333 2330 bant
2352 2318 2366 2341 ,
2399 2289 2600 2345 patrem
2633 2289 2989 2335 mansuetum.
3016 2282 3141 2337 Sine
3168 2285 3567 2354 intermissione,
3595 2289 3793 2358 inquit.

2207 2367 2368 2421 oratio
2398 2386 2490 2438 pro
2528 2369 2616 2424 illo
2640 2371 2810 2439 ﬁebat.
2834 2372 3060 2442 Audite,
3094 2391 3199 2445 quo
3229 2387 3407 2431 essent
3435 2377 3625 2435 affectu
3662 2396 3798 2451 erga

2207 2456 2456 2514 doctores
2482 2474 2626 2515 suos.
2672 2461 2787 2516 Non
2839 2465 3325 2531 tumultuabantur,
3370 2485 3473 2524 non
3507 2472 3803 2528 turbaban-

2210 2555 2330 2613 tur;
2375 2550 2469 2603 sed
2501 2552 2565 2605 ad
2601 2554 2898 2609 orationem
2937 2559 3080 2613 versi
3120 2570 3273 2627 sunt,
3314 2577 3497 2617 verum
3535 2574 3588 2618 et
3630 2565 3800 2621 inex-

2218 2642 2502 2709 pugnabile
2524 2646 2889 2702 commilitium
2918 2666 2931 2702 :
2962 2649 3028 2704 ad
3066 2651 3209 2706 illam
3249 2654 3633 2724 confugiebant.
3673 2658 3802 2715 Non

2211 2731 2462 2789 dicebant
2490 2754 2502 2787 :
2550 2736 2778 2793 llumilis
2805 2755 2903 2810 ego
2934 2751 2989 2796 et
3027 2744 3222 2799 nullius
3252 2750 3404 2817 pretii
3432 2764 3525 2818 pro
3556 2751 3644 2805 illo
3673 2765 3805 2808 ora-

2212 2838 2322 2876 rem
2354 2825 2366 2877 ε
2392 2825 2525 2892 Quia
2550 2827 2689 2881 enim
2721 2846 2786 2884 ex
2812 2835 3033 2887 caritate
3055 2835 3311 2906 agebant,
3336 2840 3468 2895 nihil
3491 2841 3804 2912 hujusmodi

2211 2914 2537 2983 cogitabant.
2585 2917 2673 2972 Vis
2711 2919 2921 2976 discere
2963 2935 3159 2993 quanta
3209 2930 3288 2982 vel
3342 2930 3492 2985 inviti
3527 2932 3805 2991 fecerint?

2213 3000 2334 3057 Illos
2366 3006 2696 3073 probatiores
2721 3010 3110 3081 exhibncrunt,
3140 3016 3239 3073 hos
3266 3018 3627 3090 diligentiores
3656 3024 3809 3082 fece-

2213 3106 2357 3152 runt.
2391 3099 2456 3152 Et
2487 3101 2606 3157 vide
2640 3105 2964 3162 tentationes
2992 3108 3045 3162 in
3074 3109 3209 3165 festo
3233 3112 3321 3167 die
3347 3113 3609 3184 inductas,
3640 3129 3696 3174 ut
3724 3120 3807 3178 illi

2215 3190 2472 3246 clariores
2513 3203 2716 3248 essent.
2765 3196 2890 3251 Cum
2928 3211 3095 3254 autem
3135 3204 3473 3274 producturus
3512 3225 3621 3263 eum
3670 3224 3807 3268 esset

2217 3279 2479 3348 IIcrodes,
2529 3284 2735 3354 inquit,
2780 3300 2925 3344 nocte
2967 3292 3059 3345 illa
3109 3291 3287 3349 Petrus
3330 3298 3620 3355 dormiebat.
3667 3302 3807 3360 Vide

2216 3371 2432 3427 Petrum
2471 3374 2869 3447 dormientem,
2914 3396 3014 3436 nec
3056 3391 3261 3441 terrore
3300 3388 3382 3442 vel
3424 3400 3566 3445 metu
3610 3392 3806 3450 deten-

2218 3473 2347 3515 tmn.
2380 3463 2455 3518 Ea
2485 3465 2595 3535 ipsa
2627 3476 2812 3535 nocte,
2858 3485 2959 3540 qua
2993 3473 3363 3541 producendus
3391 3490 3537 3545 erat,
3567 3485 3811 3541 dormie-

2220 3554 2341 3620 bat,
2375 3560 2553 3613 omnia
2586 3560 2635 3613 in
2668 3560 2833 3616 Deum
2866 3564 3135 3634 rejiciens.
3174 3567 3283 3624 Nec
3324 3571 3635 3643 simpliciter
3675 3576 3813 3633 dor-

2219 3648 2434 3715 miebat,
2462 3649 2577 3718 sed,
2599 3650 2738 3706 Inter
2757 3653 2883 3710 a'uos
2910 3657 3118 3725 milites,
3138 3661 3328 3716 vinctus
3358 3670 3545 3720 catenis
3582 3667 3809 3725 duobus.

2218 3736 2363 3794 Inter
2387 3740 2513 3795 duos
2541 3743 2681 3797 enim
2700 3787 2713 3809 ,
2746 3746 2949 3817 inquit,
2974 3748 3155 3806 milites
3185 3763 3294 3807 erat
3320 3755 3590 3825 dormiens,
3611 3760 3814 3818 cinctus

2220 3834 2419 3889 duabus
2443 3839 2653 3893 catenis.
2703 3839 2887 3898 Viden”
2928 3861 3085 3914 quam
3127 3858 3372 3905 accurata
3414 3854 3691 3909 custodia?
3737 3856 3815 3913 Et

2222 3941 2332 4019 ecce
2367 3926 2575 3997 angelus
2619 3929 2857 3999 Domini,
2892 3935 3091 4006 inquit,
3123 3939 3354 4008 adstitit,
3395 3943 3593 4013 dicens,
3638 3946 3817 4019 Surge

2223 4017 2474 4073 velociter.
2505 4022 2849 4079 Dormiebant
2881 4028 3035 4082 simul
3067 4032 3353 4087 custodes:
3388 4034 3509 4089 ideo
3547 4036 3677 4092 nihil
3724 4017 3817 4108 gle-

2223 4120 2425 4165 storum
2455 4127 2757 4170 senserunt.
2789 4117 2990 4173 Lumen
3025 4135 3155 4176 vero
3193 4123 3420 4193 refulsit,
3442 4136 3500 4181 ut
3523 4137 3578 4182 et
3604 4130 3819 4187 videret

2225 4210 2277 4254 et
2305 4202 2513 4257 audiret
2540 4205 2729 4260 Petrus
2748 4249 2763 4275 ,
2798 4225 2896 4265 nec
2924 4221 3134 4281 putaret
3164 4213 3494 4283 phantasiam
3544 4236 3683 4277 esse.
3730 4224 3819 4281 Nc

2227 4306 2351 4343 vero
2381 4295 2613 4361 segniter
2632 4307 2813 4366 ageret
2833 4341 2848 4363 ,
2874 4300 3011 4355 latus
3037 4304 3154 4371 ejus
3177 4309 3422 4375 percutit.
3442 4308 3623 4381 Neque
3645 4316 3819 4372 modo

2226 4381 2403 4446 audit,
2432 4382 2633 4455 Surge;
2659 4388 2752 4441 sed
2776 4391 2934 4444 etiam
2956 4392 3193 4460 additur,
3231 4395 3473 4452 Velociter
3493 4417 3512 4453 :
3535 4414 3636 4455 tam
3660 4416 3822 4462 arcte

2227 4473 2545 4551 dormiebat.
2572 4478 2908 4536 Existimabat
2933 4494 3099 4538 autent
3125 4503 3178 4539 se
3204 4489 3359 4542 uisum
3384 4492 3549 4545 videre
3566 4535 3580 4557 ,
3616 4496 3818 4560 inquit.

2231 4562 2571 4620 Pertransivit
2592 4579 2758 4623 autem
2790 4572 3003 4639 primam
3024 4585 3070 4627 et
3091 4579 3358 4632 secundam
3385 4584 3683 4636 custodiam.
3709 4584 3819 4643 111νί

2230 4669 2372 4710 nunc
2410 4666 2534 4711 sunt
2576 4658 2857 4716 haeretici?
2903 4664 3183 4731 Quomodo
3224 4672 3592 4738 pertransierit
3630 4675 3825 4733 dicant

2231 4746 2423 4800 nobis:
2471 4748 2564 4802 sed
2591 4764 2695 4804 non
2730 4762 3001 4821 poterunt.
3050 4756 3207 4826 Atqui
3254 4769 3471 4829 propter
3514 4761 3616 4818 hoc
3660 4766 3821 4822 illum

2231 4838 2432 4907 accingi
2459 4838 2615 4908 jubet
2640 4851 2695 4896 et
2723 4842 2951 4899 calceari
2973 4886 2988 4911 ,
3021 4856 3078 4900 ut
3107 4858 3160 4901 et
3190 4847 3313 4903 hinc
3338 4851 3410 4904 illi
3450 4856 3776 4920 persuadeat
3802 4900 3819 4925 ,

2235 4926 2335 4980 hoc
2362 4944 2467 4982 non
2494 4945 2612 4984 esse
2640 4933 2986 5000 phantasma;
3035 4947 3197 5005 utque
3226 4952 3469 4993 somnum
3498 4954 3774 4999 excuteret
3802 4990 3821 5015 ,

2233 5022 2498 5092 sciretque
2525 5040 2637 5078 rem
2666 5041 2788 5081 esse
2819 5042 3016 5082 veram.
3049 5029 3170 5085 ldeo
3196 5033 3372 5086 statim
3402 5035 3711 5093 ceciderunt
3734 5055 3824 5095 ca-

2236 5122 2370 5167 tena:
2404 5116 2471 5168 de
2517 5118 2757 5172 manibus
2787 5120 2936 5188 ejus,
2975 5132 3027 5177 et
3068 5124 3301 5189 audivit,
3346 5124 3516 5197 Surge
3557 5130 3817 5189 velociter.

2236 5204 2347 5260 lloc
2374 5222 2501 5260 vero
2529 5223 2632 5261 non
2663 5213 3019 5278 perturbantis
3046 5224 3161 5279 est,
3190 5217 3284 5271 sed
3316 5222 3585 5274 morientis
3615 5237 3681 5275 ne
3711 5224 3823 5276 dif-

2233 5292 2415 5351 ferret.
2450 5297 2515 5351 Et
2545 5303 2825 5368 nesciebat,
2871 5304 3075 5374 inquit,
3106 5310 3223 5377 quia
3253 5325 3421 5363 verum
3453 5322 3522 5366 est
3552 5313 3604 5364 id
3623 5355 3638 5380 ,
3676 5318 3822 5383 quod

2235 5386 2386 5455 [iebat
2417 5406 2505 5456 per
2528 5396 2803 5462 angelum:
2832 5397 3145 5452 existimabat
3172 5413 3335 5455 autem
3364 5420 3417 5457 se
3444 5406 3598 5458 visum
3627 5408 3819 5460 videre.

2235 5475 2363 5531 Jurc
2384 5519 2397 5537 .
2430 5481 2499 5532 ob
2526 5496 2700 5535 rerum
2730 5494 2997 5553 gestarum
3029 5488 3428 5547 sublimitatem.

2309 5572 2362 5625 3.
2408 5569 2611 5638 Viden‘,
2642 5584 2837 5643 quanta
2865 5576 2934 5630 sit
2959 5578 3093 5649 signi
3122 5584 3471 5651 magnitudo?
3507 5600 3659 5655 quam
3686 5602 3821 5655 per-

2236 5661 2397 5715 eellat
2436 5663 2737 5719 videntem?
2783 5682 2942 5735 quam
2992 5673 3307 5730 incredibile
3350 5677 3476 5731 illud
3527 5680 3822 5735 videatur?

2239 5750 2370 5807 Nam
2402 5755 2444 5809 si
2482 5755 2669 5811 Petrus
2702 5766 2847 5814 tanto
2879 5769 3117 5832 tempore
3142 5780 3206 5834 se.
3224 5766 3395 5822 visum
3421 5768 3599 5824 videro
3622 5770 3818 5826 existi.
