  <div class='ocr_page' id='page_1' title='image "/cluster/home/n/w/nwhite01/storage/ocr_20150623/60/hvd.32044073501942/212.png"; bbox 0 0 3950 6208; ppageno 0'>
   <div class='ocr_carea' id='block_1_1' title="bbox 275 260 370 314">
    <p class='ocr_par' dir='ltr' id='par_1_1' title="bbox 275 260 370 314">
     <span class='ocr_line' id='line_1_1' title="bbox 275 260 370 314; baseline 0 0"><span class='ocrx_word' id='word_1_1' title='bbox 275 260 370 314; x_wconf 68' lang='lat'><strong><em>205</em></strong></span> 
     </span>
    </p>
   </div>
   <div class='ocr_carea' id='block_1_2' title="bbox 278 375 1848 440">
    <p class='ocr_par' dir='ltr' id='par_1_2' title="bbox 278 375 1848 440">
     <span class='ocr_line' id='line_1_2' title="bbox 278 375 1848 440; baseline -0.001 -8"><span class='ocrx_word' id='word_1_2' title='bbox 278 378 523 438; x_wconf 81' lang='lat' dir='ltr'><strong><em>necnltet.</em></strong></span> <span class='ocrx_word' id='word_1_3' title='bbox 559 377 652 430; x_wconf 86' lang='lat' dir='ltr'><strong><em>sed</em></strong></span> <span class='ocrx_word' id='word_1_4' title='bbox 693 388 750 432; x_wconf 88' lang='lat' dir='ltr'><strong><em>et</em></strong></span> <span class='ocrx_word' id='word_1_5' title='bbox 779 377 1018 432; x_wconf 72' lang='lat' dir='ltr'><strong><em>historia:</em></strong></span> <span class='ocrx_word' id='word_1_6' title='bbox 1049 377 1386 440; x_wconf 82' lang='lat' dir='ltr'><strong><em>meminerit,</em></strong></span> <span class='ocrx_word' id='word_1_7' title='bbox 1433 385 1487 429; x_wconf 90' lang='lat' dir='ltr'><strong><em>ut</em></strong></span> <span class='ocrx_word' id='word_1_8' title='bbox 1515 375 1703 430; x_wconf 84' lang='lat' dir='ltr'><strong><em>doceat</em></strong></span> <span class='ocrx_word' id='word_1_9' title='bbox 1730 392 1848 430; x_wconf 84' lang='lat' dir='ltr'><strong><em>nos.</em></strong></span> 
     </span>
    </p>
   </div>
   <div class='ocr_carea' id='block_1_3' title="bbox 281 466 1850 538">
    <p class='ocr_par' dir='ltr' id='par_1_3' title="bbox 281 466 1850 538">
     <span class='ocr_line' id='line_1_3' title="bbox 281 466 1850 538; baseline 0 -18"><span class='ocrx_word' id='word_1_10' title='bbox 281 471 464 524; x_wconf 78' lang='lat' dir='ltr'><strong><em>Deinde</em></strong></span> <span class='ocrx_word' id='word_1_11' title='bbox 481 471 587 522; x_wconf 88' lang='lat' dir='ltr'><strong><em>ait:</em></strong></span> <span class='ocrx_word' id='word_1_12' title='bbox 613 467 1024 538; x_wconf 77' lang='lat' dir='ltr'><strong><em>Descendensque</em></strong></span> <span class='ocrx_word' id='word_1_13' title='bbox 1042 485 1072 519; x_wconf 88' lang='lat' dir='ltr'><strong><em>a</em></strong></span> <span class='ocrx_word' id='word_1_14' title='bbox 1091 466 1278 522; x_wconf 76' lang='lat' dir='ltr'><strong><em>Judcea</em></strong></span> <span class='ocrx_word' id='word_1_15' title='bbox 1299 467 1600 532; x_wconf 78' lang='lat' dir='ltr'><strong><em>Gwsaream,</em></strong></span> <span class='ocrx_word' id='word_1_16' title='bbox 1626 467 1694 520; x_wconf 88' lang='lat' dir='ltr'><strong><em>ibi</em></strong></span> <span class='ocrx_word' id='word_1_17' title='bbox 1722 483 1850 520; x_wconf 79' lang='lat' dir='ltr'><strong><em>com-</em></strong></span> 
     </span>
    </p>
   </div>
   <div class='ocr_carea' id='block_1_4' title="bbox 280 560 1851 630">
    <p class='ocr_par' dir='ltr' id='par_1_4' title="bbox 280 560 1851 630">
     <span class='ocr_line' id='line_1_4' title="bbox 280 560 1851 630; baseline -0.001 -17"><span class='ocrx_word' id='word_1_18' title='bbox 280 575 485 615; x_wconf 73' lang='lat' dir='ltr'><strong><em>moratus</em></strong></span> <span class='ocrx_word' id='word_1_19' title='bbox 504 574 598 615; x_wconf 86' lang='lat' dir='ltr'><strong><em>est.</em></strong></span> <span class='ocrx_word' id='word_1_20' title='bbox 620 563 708 615; x_wconf 70' lang='lat'><strong><em>20.</em></strong></span> <span class='ocrx_word' id='word_1_21' title='bbox 726 561 856 614; x_wconf 84' lang='lat' dir='ltr'><strong><em>Erat</em></strong></span> <span class='ocrx_word' id='word_1_22' title='bbox 870 573 1038 615; x_wconf 81' lang='lat' dir='ltr'><strong><em>autent</em></strong></span> <span class='ocrx_word' id='word_1_23' title='bbox 1063 561 1300 616; x_wconf 87' lang='lat' dir='ltr'><strong><em>llerodes</em></strong></span> <span class='ocrx_word' id='word_1_24' title='bbox 1322 561 1478 614; x_wconf 85' lang='lat' dir='ltr'><strong><em>iratus</em></strong></span> <span class='ocrx_word' id='word_1_25' title='bbox 1500 560 1667 630; x_wconf 83' lang='lat' dir='ltr'><strong><em>Tyriis</em></strong></span> <span class='ocrx_word' id='word_1_26' title='bbox 1689 571 1735 614; x_wconf 92' lang='lat' dir='ltr'><strong><em>et</em></strong></span> <span class='ocrx_word' id='word_1_27' title='bbox 1765 561 1851 615; x_wconf 87' lang='lat' dir='ltr'><strong><em>Si-</em></strong></span> 
     </span>
    </p>
   </div>
   <div class='ocr_carea' id='block_1_5' title="bbox 276 653 1851 725">
    <p class='ocr_par' dir='ltr' id='par_1_5' title="bbox 276 653 1851 725">
     <span class='ocr_line' id='line_1_5' title="bbox 276 653 1851 725; baseline -0.001 -17"><span class='ocrx_word' id='word_1_28' title='bbox 276 659 444 709; x_wconf 82' lang='lat' dir='ltr'><strong><em>doniis.</em></strong></span> <span class='ocrx_word' id='word_1_29' title='bbox 461 658 526 709; x_wconf 76' lang='lat' dir='ltr'><strong><em>At</em></strong></span> <span class='ocrx_word' id='word_1_30' title='bbox 544 657 624 710; x_wconf 85' lang='lat' dir='ltr'><strong><em>illi</em></strong></span> <span class='ocrx_word' id='word_1_31' title='bbox 638 658 897 710; x_wconf 84' lang='lat' dir='ltr'><strong><em>unanimes</em></strong></span> <span class='ocrx_word' id='word_1_32' title='bbox 918 665 1156 709; x_wconf 87' lang='lat' dir='ltr'><strong><em>venerunt</em></strong></span> <span class='ocrx_word' id='word_1_33' title='bbox 1175 655 1244 707; x_wconf 79' lang='lat' dir='ltr'><strong><em>ad</em></strong></span> <span class='ocrx_word' id='word_1_34' title='bbox 1254 672 1387 717; x_wconf 83' lang='lat' dir='ltr'><strong><em>cum,</em></strong></span> <span class='ocrx_word' id='word_1_35' title='bbox 1407 665 1452 706; x_wconf 92' lang='lat' dir='ltr'><strong><em>et</em></strong></span> <span class='ocrx_word' id='word_1_36' title='bbox 1473 671 1710 725; x_wconf 83' lang='lat' dir='ltr'><strong><em>persuaso</em></strong></span> <span class='ocrx_word' id='word_1_37' title='bbox 1729 653 1851 707; x_wconf 81' lang='lat' dir='ltr'><strong><em>Bla-</em></strong></span> 
     </span>
    </p>
   </div>
   <div class='ocr_carea' id='block_1_6' title="bbox 278 748 1848 819">
    <p class='ocr_par' dir='ltr' id='par_1_6' title="bbox 278 748 1848 819">
     <span class='ocr_line' id='line_1_6' title="bbox 278 748 1848 819; baseline -0.003 -16"><span class='ocrx_word' id='word_1_38' title='bbox 278 763 357 812; x_wconf 82' lang='lat' dir='ltr'><strong><em>sto,</em></strong></span> <span class='ocrx_word' id='word_1_39' title='bbox 375 753 460 818; x_wconf 81' lang='lat' dir='ltr'><strong><em>qui</em></strong></span> <span class='ocrx_word' id='word_1_40' title='bbox 477 761 589 802; x_wconf 85' lang='lat' dir='ltr'><strong><em>erat</em></strong></span> <span class='ocrx_word' id='word_1_41' title='bbox 605 767 756 819; x_wconf 84' lang='lat' dir='ltr'><strong><em>super</em></strong></span> <span class='ocrx_word' id='word_1_42' title='bbox 767 750 1054 802; x_wconf 75' lang='lat' dir='ltr'><strong><em>cubiculum</em></strong></span> <span class='ocrx_word' id='word_1_43' title='bbox 1071 749 1221 818; x_wconf 87' lang='lat' dir='ltr'><strong><em>regis,</em></strong></span> <span class='ocrx_word' id='word_1_44' title='bbox 1240 748 1560 814; x_wconf 85' lang='lat' dir='ltr'><strong><em>postulabant</em></strong></span> <span class='ocrx_word' id='word_1_45' title='bbox 1577 764 1769 814; x_wconf 78' lang='lat' dir='ltr'><strong><em>pacem,</em></strong></span> <span class='ocrx_word' id='word_1_46' title='bbox 1790 763 1848 800; x_wconf 82' lang='lat' dir='ltr'><strong><em>eo</em></strong></span> 
     </span>
    </p>
   </div>
   <div class='ocr_carea' id='block_1_7' title="bbox 277 839 1842 911">
    <p class='ocr_par' dir='ltr' id='par_1_7' title="bbox 277 839 1842 911">
     <span class='ocr_line' id='line_1_7' title="bbox 277 839 1842 911; baseline -0.001 -19"><span class='ocrx_word' id='word_1_47' title='bbox 277 843 395 904; x_wconf 54' lang='lat' dir='ltr'><strong><em>quin!</em></strong></span> <span class='ocrx_word' id='word_1_48' title='bbox 418 846 640 894; x_wconf 76' lang='lat' dir='ltr'><strong><em>aleretur</em></strong></span> <span class='ocrx_word' id='word_1_49' title='bbox 662 842 798 911; x_wconf 78' lang='lat' dir='ltr'><strong><em>regio</em></strong></span> <span class='ocrx_word' id='word_1_50' title='bbox 813 857 983 893; x_wconf 87' lang='lat' dir='ltr'><strong><em>eorum</em></strong></span> <span class='ocrx_word' id='word_1_51' title='bbox 1000 839 1060 893; x_wconf 89' lang='lat' dir='ltr'><strong><em>ab</em></strong></span> <span class='ocrx_word' id='word_1_52' title='bbox 1079 841 1186 894; x_wconf 88' lang='lat' dir='ltr'><strong><em>illo.</em></strong></span> <span class='ocrx_word' id='word_1_53' title='bbox 1219 839 1309 894; x_wconf 73' lang='grc'><strong><em>21.</em></strong></span> <span class='ocrx_word' id='word_1_54' title='bbox 1332 839 1538 892; x_wconf 88' lang='lat' dir='ltr'><strong><em>Statuto</em></strong></span> <span class='ocrx_word' id='word_1_55' title='bbox 1554 851 1719 892; x_wconf 78' lang='lat' dir='ltr'><strong><em>autent</em></strong></span> <span class='ocrx_word' id='word_1_56' title='bbox 1742 840 1842 900; x_wconf 85' lang='lat' dir='ltr'><strong><em>die,</em></strong></span> 
     </span>
    </p>
   </div>
   <div class='ocr_carea' id='block_1_8' title="bbox 282 931 1846 1001">
    <p class='ocr_par' dir='ltr' id='par_1_8' title="bbox 282 931 1846 1001">
     <span class='ocr_line' id='line_1_8' title="bbox 282 931 1846 1001; baseline -0.002 -16"><span class='ocrx_word' id='word_1_57' title='bbox 282 932 491 985; x_wconf 77' lang='lat' dir='ltr'><strong><em>Herodes</em></strong></span> <span class='ocrx_word' id='word_1_58' title='bbox 521 933 724 984; x_wconf 83' lang='lat' dir='ltr'><strong><em>vestitus</em></strong></span> <span class='ocrx_word' id='word_1_59' title='bbox 751 941 877 985; x_wconf 89' lang='lat' dir='ltr'><strong><em>reste</em></strong></span> <span class='ocrx_word' id='word_1_60' title='bbox 902 933 1060 1001; x_wconf 79' lang='lat' dir='ltr'><strong><em>regia,</em></strong></span> <span class='ocrx_word' id='word_1_61' title='bbox 1092 931 1219 984; x_wconf 87' lang='lat' dir='ltr'><strong><em>sedit</em></strong></span> <span class='ocrx_word' id='word_1_62' title='bbox 1242 948 1333 999; x_wconf 91' lang='lat' dir='ltr'><strong><em>pro</em></strong></span> <span class='ocrx_word' id='word_1_63' title='bbox 1355 931 1594 983; x_wconf 80' lang='lat' dir='ltr'><strong><em>tribunali</em></strong></span> <span class='ocrx_word' id='word_1_64' title='bbox 1613 973 1627 994; x_wconf 94' lang='lat'><strong><em>,</em></strong></span> <span class='ocrx_word' id='word_1_65' title='bbox 1646 941 1700 983; x_wconf 32' lang='lat' dir='ltr'><strong><em>vet</em></strong></span> <span class='ocrx_word' id='word_1_66' title='bbox 1724 947 1846 983; x_wconf 77' lang='lat' dir='ltr'><strong><em>con-</em></strong></span> 
     </span>
    </p>
   </div>
   <div class='ocr_carea' id='block_1_9' title="bbox 276 1023 1842 1094">
    <p class='ocr_par' dir='ltr' id='par_1_9' title="bbox 276 1023 1842 1094">
     <span class='ocr_line' id='line_1_9' title="bbox 276 1023 1842 1094; baseline -0.001 -17"><span class='ocrx_word' id='word_1_67' title='bbox 276 1027 553 1078; x_wconf 76' lang='lat' dir='ltr'><strong><em>tionabatur</em></strong></span> <span class='ocrx_word' id='word_1_68' title='bbox 577 1027 644 1077; x_wconf 89' lang='lat' dir='ltr'><strong><em>ad</em></strong></span> <span class='ocrx_word' id='word_1_69' title='bbox 668 1041 771 1078; x_wconf 88' lang='lat' dir='ltr'><strong><em>eos.</em></strong></span> <span class='ocrx_word' id='word_1_70' title='bbox 800 1024 890 1078; x_wconf 72' lang='grc'><strong><em>22.</em></strong></span> <span class='ocrx_word' id='word_1_71' title='bbox 921 1024 1152 1094; x_wconf 86' lang='lat' dir='ltr'><strong><em>Populus</em></strong></span> <span class='ocrx_word' id='word_1_72' title='bbox 1184 1034 1352 1077; x_wconf 87' lang='lat' dir='ltr'><strong><em>autem</em></strong></span> <span class='ocrx_word' id='word_1_73' title='bbox 1377 1023 1712 1088; x_wconf 87' lang='lat' dir='ltr'><strong><em>acclumabat,</em></strong></span> <span class='ocrx_word' id='word_1_74' title='bbox 1746 1023 1842 1076; x_wconf 85' lang='lat' dir='ltr'><strong><em>Dei</em></strong></span> 
     </span>
    </p>
   </div>
   <div class='ocr_carea' id='block_1_10' title="bbox 275 1116 1844 1187">
    <p class='ocr_par' dir='ltr' id='par_1_10' title="bbox 275 1116 1844 1187">
     <span class='ocr_line' id='line_1_10' title="bbox 275 1116 1844 1187; baseline -0.003 -17"><span class='ocrx_word' id='word_1_75' title='bbox 275 1133 386 1180; x_wconf 72' lang='lat' dir='ltr'><strong><em>ros,</em></strong></span> <span class='ocrx_word' id='word_1_76' title='bbox 426 1133 526 1168; x_wconf 89' lang='lat' dir='ltr'><strong><em>non</em></strong></span> <span class='ocrx_word' id='word_1_77' title='bbox 560 1117 802 1170; x_wconf 90' lang='lat' dir='ltr'><strong><em>hominis.</em></strong></span> <span class='ocrx_word' id='word_1_78' title='bbox 828 1116 919 1170; x_wconf 70' lang='lat'><strong><em>25.</em></strong></span> <span class='ocrx_word' id='word_1_79' title='bbox 954 1116 1230 1187; x_wconf 71' lang='lat' dir='ltr'><strong><em>Confestim</em></strong></span> <span class='ocrx_word' id='word_1_80' title='bbox 1260 1125 1428 1169; x_wconf 88' lang='lat' dir='ltr'><strong><em>autem</em></strong></span> <span class='ocrx_word' id='word_1_81' title='bbox 1457 1117 1700 1183; x_wconf 86' lang='lat' dir='ltr'><strong><em>percussit</em></strong></span> <span class='ocrx_word' id='word_1_82' title='bbox 1730 1131 1844 1167; x_wconf 88' lang='lat' dir='ltr'><strong><em>eum</em></strong></span> 
     </span>
    </p>
   </div>
   <div class='ocr_carea' id='block_1_11' title="bbox 272 1206 1844 1278">
    <p class='ocr_par' dir='ltr' id='par_1_11' title="bbox 272 1206 1844 1278">
     <span class='ocr_line' id='line_1_11' title="bbox 272 1206 1844 1278; baseline -0.001 -18"><span class='ocrx_word' id='word_1_83' title='bbox 272 1210 464 1278; x_wconf 64' lang='lat' dir='ltr'><strong><em>angelus</em></strong></span> <span class='ocrx_word' id='word_1_84' title='bbox 489 1206 702 1261; x_wconf 85' lang='lat' dir='ltr'><strong><em>Domini</em></strong></span> <span class='ocrx_word' id='word_1_85' title='bbox 721 1251 737 1270; x_wconf 91' lang='lat'><strong><em>,</em></strong></span> <span class='ocrx_word' id='word_1_86' title='bbox 769 1225 827 1260; x_wconf 88' lang='lat' dir='ltr'><strong><em>eo</em></strong></span> <span class='ocrx_word' id='word_1_87' title='bbox 846 1211 984 1278; x_wconf 83' lang='lat' dir='ltr'><strong><em>quod</em></strong></span> <span class='ocrx_word' id='word_1_88' title='bbox 1013 1225 1110 1261; x_wconf 89' lang='lat' dir='ltr'><strong><em>non</em></strong></span> <span class='ocrx_word' id='word_1_89' title='bbox 1135 1207 1350 1262; x_wconf 85' lang='lat' dir='ltr'><strong><em>dedisset</em></strong></span> <span class='ocrx_word' id='word_1_90' title='bbox 1379 1208 1595 1277; x_wconf 89' lang='lat' dir='ltr'><strong><em>gloriam</em></strong></span> <span class='ocrx_word' id='word_1_91' title='bbox 1628 1208 1775 1260; x_wconf 85' lang='lat' dir='ltr'><strong><em>Deo:</em></strong></span> <span class='ocrx_word' id='word_1_92' title='bbox 1797 1218 1844 1259; x_wconf 87' lang='lat' dir='ltr'><strong><em>et</em></strong></span> 
     </span>
    </p>
   </div>
   <div class='ocr_carea' id='block_1_12' title="bbox 272 1299 1842 1369">
    <p class='ocr_par' dir='ltr' id='par_1_12' title="bbox 272 1299 1842 1369">
     <span class='ocr_line' id='line_1_12' title="bbox 272 1299 1842 1369; baseline 0 -17"><span class='ocrx_word' id='word_1_93' title='bbox 272 1311 581 1369; x_wconf 71' lang='lat' dir='ltr'><strong><em>cmunrnptus</em></strong></span> <span class='ocrx_word' id='word_1_94' title='bbox 605 1317 634 1351; x_wconf 89' lang='lat' dir='ltr'><strong><em>a</em></strong></span> <span class='ocrx_word' id='word_1_95' title='bbox 651 1301 894 1354; x_wconf 87' lang='lat' dir='ltr'><strong><em>vermibus</em></strong></span> <span class='ocrx_word' id='word_1_96' title='bbox 910 1301 1200 1368; x_wconf 76' lang='lat' dir='ltr'><strong><em>exspiravit.</em></strong></span> <span class='ocrx_word' id='word_1_97' title='bbox 1219 1300 1309 1354; x_wconf 70' lang='grc'>24.</span> <span class='ocrx_word' id='word_1_98' title='bbox 1338 1299 1550 1354; x_wconf 75' lang='lat' dir='ltr'><strong><em>Verbum</em></strong></span> <span class='ocrx_word' id='word_1_99' title='bbox 1566 1310 1730 1352; x_wconf 81' lang='lat' dir='ltr'><strong><em>autem</em></strong></span> <span class='ocrx_word' id='word_1_100' title='bbox 1748 1299 1842 1352; x_wconf 83' lang='lat' dir='ltr'><strong><em>Dei</em></strong></span> 
     </span>
    </p>
   </div>
   <div class='ocr_carea' id='block_1_13' title="bbox 272 1390 1834 1460">
    <p class='ocr_par' dir='ltr' id='par_1_13' title="bbox 272 1390 1834 1460">
     <span class='ocr_line' id='line_1_13' title="bbox 272 1390 1834 1460; baseline 0.003 -18"><span class='ocrx_word' id='word_1_101' title='bbox 272 1393 503 1444; x_wconf 55' lang='lat' dir='ltr'><strong><em>(auebat</em></strong></span> <span class='ocrx_word' id='word_1_102' title='bbox 531 1402 582 1442; x_wconf 82' lang='lat' dir='ltr'><strong><em>et</em></strong></span> <span class='ocrx_word' id='word_1_103' title='bbox 631 1391 1077 1460; x_wconf 86' lang='lat' dir='ltr'><strong><em>multiplicabatur.</em></strong></span> <span class='ocrx_word' id='word_1_104' title='bbox 1126 1390 1240 1445; x_wconf 79' lang='lat' dir='ltr'><strong><em>Non</em></strong></span> <span class='ocrx_word' id='word_1_105' title='bbox 1271 1407 1431 1460; x_wconf 87' lang='lat' dir='ltr'><strong><em>parva</em></strong></span> <span class='ocrx_word' id='word_1_106' title='bbox 1481 1407 1566 1446; x_wconf 86' lang='lat' dir='ltr'><strong><em>res</em></strong></span> <span class='ocrx_word' id='word_1_107' title='bbox 1598 1392 1713 1446; x_wconf 79' lang='lat' dir='ltr'><strong><em>hmc</em></strong></span> <span class='ocrx_word' id='word_1_108' title='bbox 1736 1405 1834 1447; x_wconf 86' lang='lat' dir='ltr'><strong><em>est.</em></strong></span> 
     </span>
    </p>
   </div>
   <div class='ocr_carea' id='block_1_14' title="bbox 271 1484 1838 1554">
    <p class='ocr_par' dir='ltr' id='par_1_14' title="bbox 271 1484 1838 1554">
     <span class='ocr_line' id='line_1_14' title="bbox 271 1484 1838 1554; baseline 0 -16"><span class='ocrx_word' id='word_1_109' title='bbox 271 1484 443 1538; x_wconf 79' lang='lat' dir='ltr'><strong><em>Statim</em></strong></span> <span class='ocrx_word' id='word_1_110' title='bbox 476 1485 628 1537; x_wconf 88' lang='lat' dir='ltr'><strong><em>illum</em></strong></span> <span class='ocrx_word' id='word_1_111' title='bbox 661 1485 793 1539; x_wconf 80' lang='lat' dir='ltr'><strong><em>ultio</em></strong></span> <span class='ocrx_word' id='word_1_112' title='bbox 839 1485 1030 1540; x_wconf 67' lang='lat' dir='ltr'><strong><em>invasit</em></strong></span> <span class='ocrx_word' id='word_1_113' title='bbox 1061 1505 1074 1537; x_wconf 91' lang='lat'><em>:</em></span> <span class='ocrx_word' id='word_1_114' title='bbox 1104 1486 1202 1540; x_wconf 79' lang='lat' dir='ltr'><strong><em>etsi</em></strong></span> <span class='ocrx_word' id='word_1_115' title='bbox 1249 1502 1352 1539; x_wconf 88' lang='lat' dir='ltr'><strong><em>non</em></strong></span> <span class='ocrx_word' id='word_1_116' title='bbox 1385 1495 1600 1554; x_wconf 84' lang='lat' dir='ltr'><strong><em>propter</em></strong></span> <span class='ocrx_word' id='word_1_117' title='bbox 1626 1485 1838 1539; x_wconf 88' lang='lat' dir='ltr'><strong><em>Petrum</em></strong></span> 
     </span>
    </p>
   </div>
   <div class='ocr_carea' id='block_1_15' title="bbox 275 1577 1835 1646">
    <p class='ocr_par' dir='ltr' id='par_1_15' title="bbox 275 1577 1835 1646">
     <span class='ocr_line' id='line_1_15' title="bbox 275 1577 1835 1646; baseline 0.002 -18"><span class='ocrx_word' id='word_1_118' title='bbox 275 1577 573 1640; x_wconf 59' lang='lat' dir='ltr'><strong><em>invasisset,</em></strong></span> <span class='ocrx_word' id='word_1_119' title='bbox 622 1586 678 1630; x_wconf 91' lang='lat' dir='ltr'><strong><em>at</em></strong></span> <span class='ocrx_word' id='word_1_120' title='bbox 718 1587 936 1646; x_wconf 88' lang='lat' dir='ltr'><strong><em>propter</em></strong></span> <span class='ocrx_word' id='word_1_121' title='bbox 959 1587 1294 1646; x_wconf 80' lang='lat' dir='ltr'><strong><em>arrogantem</em></strong></span> <span class='ocrx_word' id='word_1_122' title='bbox 1337 1578 1476 1632; x_wconf 90' lang='lat' dir='ltr'><strong><em>illius</em></strong></span> <span class='ocrx_word' id='word_1_123' title='bbox 1503 1579 1835 1632; x_wconf 84' lang='lat' dir='ltr'><strong><em>concionem.</em></strong></span> 
     </span>
    </p>
   </div>
   <div class='ocr_carea' id='block_1_16' title="bbox 277 1668 1838 1740">
    <p class='ocr_par' dir='ltr' id='par_1_16' title="bbox 277 1668 1838 1740">
     <span class='ocr_line' id='line_1_16' title="bbox 277 1668 1838 1740; baseline -0.001 -18"><span class='ocrx_word' id='word_1_124' title='bbox 277 1669 421 1735; x_wconf 75' lang='lat' dir='ltr'><strong><em>Atqui</em></strong></span> <span class='ocrx_word' id='word_1_125' title='bbox 446 1669 538 1723; x_wconf 83' lang='lat' dir='ltr'><strong><em>etsi</em></strong></span> <span class='ocrx_word' id='word_1_126' title='bbox 568 1669 644 1722; x_wconf 87' lang='lat' dir='ltr'><strong><em>illi</em></strong></span> <span class='ocrx_word' id='word_1_127' title='bbox 674 1669 1077 1733; x_wconf 90' lang='lat' dir='ltr'><strong><em>acclamarunt,</em></strong></span> <span class='ocrx_word' id='word_1_128' title='bbox 1112 1669 1350 1740; x_wconf 83' lang='lat' dir='ltr'><strong><em>inquies,</em></strong></span> <span class='ocrx_word' id='word_1_129' title='bbox 1393 1669 1516 1740; x_wconf 90' lang='lat' dir='ltr'><strong><em>quid</em></strong></span> <span class='ocrx_word' id='word_1_130' title='bbox 1546 1668 1649 1724; x_wconf 89' lang='lat' dir='ltr'><strong><em>hoc</em></strong></span> <span class='ocrx_word' id='word_1_131' title='bbox 1677 1669 1741 1722; x_wconf 84' lang='lat' dir='ltr'><strong><em>ad</em></strong></span> <span class='ocrx_word' id='word_1_132' title='bbox 1772 1669 1838 1722; x_wconf 82' lang='lat' dir='ltr'><strong><em>il-</em></strong></span> 
     </span>
    </p>
   </div>
   <div class='ocr_carea' id='block_1_17' title="bbox 281 1757 1837 1831">
    <p class='ocr_par' dir='ltr' id='par_1_17' title="bbox 281 1757 1837 1831">
     <span class='ocr_line' id='line_1_17' title="bbox 281 1757 1837 1831; baseline 0.001 -20"><span class='ocrx_word' id='word_1_133' title='bbox 281 1757 410 1811; x_wconf 79' lang='lat' dir='ltr'><strong><em>lum?</em></strong></span> <span class='ocrx_word' id='word_1_134' title='bbox 429 1759 680 1823; x_wconf 79' lang='lat' dir='ltr'><strong><em>Quoniam</em></strong></span> <span class='ocrx_word' id='word_1_135' title='bbox 703 1760 814 1828; x_wconf 88' lang='lat' dir='ltr'><strong><em>ipse</em></strong></span> <span class='ocrx_word' id='word_1_136' title='bbox 832 1775 1016 1814; x_wconf 87' lang='lat' dir='ltr'><strong><em>vocem</em></strong></span> <span class='ocrx_word' id='word_1_137' title='bbox 1035 1761 1262 1829; x_wconf 82' lang='lat' dir='ltr'><strong><em>excepit.</em></strong></span> <span class='ocrx_word' id='word_1_138' title='bbox 1277 1761 1526 1831; x_wconf 86' lang='lat' dir='ltr'><strong><em>quoniam</em></strong></span> <span class='ocrx_word' id='word_1_139' title='bbox 1545 1776 1604 1816; x_wconf 89' lang='lat' dir='ltr'><strong><em>se</em></strong></span> <span class='ocrx_word' id='word_1_140' title='bbox 1620 1761 1837 1828; x_wconf 78' lang='lat' dir='ltr'><strong><em>dignum</em></strong></span> 
     </span>
    </p>
   </div>
   <div class='ocr_carea' id='block_1_18' title="bbox 281 1851 1837 1918">
    <p class='ocr_par' dir='ltr' id='par_1_18' title="bbox 281 1851 1837 1918">
     <span class='ocr_line' id='line_1_18' title="bbox 281 1851 1837 1918; baseline 0.003 -17"><span class='ocrx_word' id='word_1_141' title='bbox 281 1851 463 1918; x_wconf 75' lang='lat' dir='ltr'><strong><em>pourit</em></strong></span> <span class='ocrx_word' id='word_1_142' title='bbox 505 1851 597 1903; x_wconf 88' lang='lat' dir='ltr'><strong><em>tali</em></strong></span> <span class='ocrx_word' id='word_1_143' title='bbox 645 1851 978 1906; x_wconf 83' lang='lat' dir='ltr'><strong><em>adulatione.</em></strong></span> <span class='ocrx_word' id='word_1_144' title='bbox 1019 1852 1122 1906; x_wconf 87' lang='lat' dir='ltr'><strong><em>Per</em></strong></span> <span class='ocrx_word' id='word_1_145' title='bbox 1147 1852 1288 1908; x_wconf 88' lang='lat' dir='ltr'><strong><em>hanc</em></strong></span> <span class='ocrx_word' id='word_1_146' title='bbox 1319 1854 1548 1908; x_wconf 77' lang='lat' dir='ltr'><strong><em>maxime</em></strong></span> <span class='ocrx_word' id='word_1_147' title='bbox 1578 1854 1837 1906; x_wconf 76' lang='lat' dir='ltr'><strong><em>crudum-</em></strong></span> 
     </span>
    </p>
   </div>
   <div class='ocr_carea' id='block_1_19' title="bbox 278 1941 1839 2014">
    <p class='ocr_par' dir='ltr' id='par_1_19' title="bbox 278 1941 1839 2014">
     <span class='ocr_line' id='line_1_19' title="bbox 278 1941 1839 2014; baseline 0.004 -21"><span class='ocrx_word' id='word_1_148' title='bbox 278 1952 366 2001; x_wconf 83' lang='lat' dir='ltr'><strong><em>tur,</em></strong></span> <span class='ocrx_word' id='word_1_149' title='bbox 391 1941 478 2005; x_wconf 89' lang='lat' dir='ltr'><strong><em>qui</em></strong></span> <span class='ocrx_word' id='word_1_150' title='bbox 513 1951 722 1996; x_wconf 85' lang='lat' dir='ltr'><strong><em>temere</em></strong></span> <span class='ocrx_word' id='word_1_151' title='bbox 749 1941 1054 1996; x_wconf 77' lang='lat' dir='ltr'><strong><em>adulantur.</em></strong></span> <span class='ocrx_word' id='word_1_152' title='bbox 1089 1943 1370 2014; x_wconf 88' lang='lat' dir='ltr'><strong><em>Perpende</em></strong></span> <span class='ocrx_word' id='word_1_153' title='bbox 1417 1944 1542 1998; x_wconf 88' lang='lat' dir='ltr'><strong><em>item</em></strong></span> <span class='ocrx_word' id='word_1_154' title='bbox 1588 1955 1839 2013; x_wconf 75' lang='lat' dir='ltr'><strong><em>utrosque</em></strong></span> 
     </span>
    </p>
   </div>
   <div class='ocr_carea' id='block_1_20' title="bbox 270 2033 1838 2106">
    <p class='ocr_par' dir='ltr' id='par_1_20' title="bbox 270 2033 1838 2106">
     <span class='ocr_line' id='line_1_20' title="bbox 270 2033 1838 2106; baseline 0.004 -22"><span class='ocrx_word' id='word_1_155' title='bbox 270 2034 511 2085; x_wconf 75' lang='lat' dir='ltr'><strong><em>meruisse</em></strong></span> <span class='ocrx_word' id='word_1_156' title='bbox 541 2046 767 2101; x_wconf 67' lang='lat' dir='ltr'><strong><em>pmnas;</em></strong></span> <span class='ocrx_word' id='word_1_157' title='bbox 799 2033 941 2089; x_wconf 91' lang='lat' dir='ltr'><strong><em>hunc</em></strong></span> <span class='ocrx_word' id='word_1_158' title='bbox 967 2044 1143 2089; x_wconf 89' lang='lat' dir='ltr'><strong><em>autem</em></strong></span> <span class='ocrx_word' id='word_1_159' title='bbox 1174 2036 1350 2104; x_wconf 78' lang='lat' dir='ltr'><strong><em>plecti.</em></strong></span> <span class='ocrx_word' id='word_1_160' title='bbox 1383 2035 1498 2090; x_wconf 77' lang='lat' dir='ltr'><strong><em>Non</em></strong></span> <span class='ocrx_word' id='word_1_161' title='bbox 1527 2036 1670 2092; x_wconf 88' lang='lat' dir='ltr'><strong><em>enim</em></strong></span> <span class='ocrx_word' id='word_1_162' title='bbox 1691 2036 1838 2106; x_wconf 87' lang='lat' dir='ltr'><strong><em>judi-</em></strong></span> 
     </span>
    </p>
   </div>
   <div class='ocr_carea' id='block_1_21' title="bbox 265 2124 1837 2197">
    <p class='ocr_par' dir='ltr' id='par_1_21' title="bbox 265 2124 1837 2197">
     <span class='ocr_line' id='line_1_21' title="bbox 265 2124 1837 2197; baseline 0.003 -22"><span class='ocrx_word' id='word_1_163' title='bbox 265 2124 320 2175; x_wconf 82' lang='lat' dir='ltr'><strong><em>cii</em></strong></span> <span class='ocrx_word' id='word_1_164' title='bbox 363 2132 576 2193; x_wconf 85' lang='lat' dir='ltr'><strong><em>tempus</em></strong></span> <span class='ocrx_word' id='word_1_165' title='bbox 620 2139 763 2178; x_wconf 88' lang='lat' dir='ltr'><strong><em>nunc</em></strong></span> <span class='ocrx_word' id='word_1_166' title='bbox 794 2134 907 2191; x_wconf 87' lang='lat' dir='ltr'><strong><em>est,</em></strong></span> <span class='ocrx_word' id='word_1_167' title='bbox 957 2124 1052 2181; x_wconf 88' lang='lat' dir='ltr'><strong><em>sed</em></strong></span> <span class='ocrx_word' id='word_1_168' title='bbox 1098 2127 1266 2195; x_wconf 81' lang='lat' dir='ltr'><strong><em>magis</em></strong></span> <span class='ocrx_word' id='word_1_169' title='bbox 1314 2127 1530 2180; x_wconf 85' lang='lat' dir='ltr'><strong><em>noxium</em></strong></span> <span class='ocrx_word' id='word_1_170' title='bbox 1575 2128 1837 2197; x_wconf 88' lang='lat' dir='ltr'><strong><em>supplicio</em></strong></span> 
     </span>
    </p>
   </div>
   <div class='ocr_carea' id='block_1_22' title="bbox 262 2215 1836 2288">
    <p class='ocr_par' dir='ltr' id='par_1_22' title="bbox 262 2215 1836 2288">
     <span class='ocr_line' id='line_1_22' title="bbox 262 2215 1836 2288; baseline 0.004 -21"><span class='ocrx_word' id='word_1_171' title='bbox 262 2215 452 2279; x_wconf 74' lang='lat' dir='ltr'><strong><em>alﬁcit,</em></strong></span> <span class='ocrx_word' id='word_1_172' title='bbox 501 2216 610 2270; x_wconf 86' lang='lat' dir='ltr'><strong><em>illis</em></strong></span> <span class='ocrx_word' id='word_1_173' title='bbox 654 2217 928 2282; x_wconf 86' lang='lat' dir='ltr'><strong><em>dimissis,</em></strong></span> <span class='ocrx_word' id='word_1_174' title='bbox 977 2227 1032 2270; x_wconf 93' lang='lat' dir='ltr'><strong><em>ut</em></strong></span> <span class='ocrx_word' id='word_1_175' title='bbox 1058 2215 1184 2274; x_wconf 89' lang='lat' dir='ltr'><strong><em>hinc</em></strong></span> <span class='ocrx_word' id='word_1_176' title='bbox 1222 2219 1426 2273; x_wconf 81' lang='lat' dir='ltr'><strong><em>lucrum</em></strong></span> <span class='ocrx_word' id='word_1_177' title='bbox 1453 2220 1737 2288; x_wconf 84' lang='lat' dir='ltr'><strong><em>accipiant.</em></strong></span> <span class='ocrx_word' id='word_1_178' title='bbox 1771 2219 1836 2273; x_wconf 77' lang='lat' dir='ltr'><strong><em>Et</em></strong></span> 
     </span>
    </p>
   </div>
   <div class='ocr_carea' id='block_1_23' title="bbox 261 2308 1836 2384">
    <p class='ocr_par' dir='ltr' id='par_1_23' title="bbox 261 2308 1836 2384">
     <span class='ocr_line' id='line_1_23' title="bbox 261 2308 1836 2384; baseline 0.006 -24"><span class='ocrx_word' id='word_1_179' title='bbox 261 2309 451 2362; x_wconf 63' lang='lat' dir='ltr'><strong><em>rerum</em></strong></span> <span class='ocrx_word' id='word_1_180' title='bbox 483 2308 577 2364; x_wconf 89' lang='lat' dir='ltr'><strong><em>Dei</em></strong></span> <span class='ocrx_word' id='word_1_181' title='bbox 604 2312 889 2377; x_wconf 87' lang='lat' dir='ltr'><strong><em>crescebat,</em></strong></span> <span class='ocrx_word' id='word_1_182' title='bbox 922 2311 1127 2381; x_wconf 84' lang='lat' dir='ltr'><strong><em>inquit,</em></strong></span> <span class='ocrx_word' id='word_1_183' title='bbox 1157 2323 1204 2366; x_wconf 88' lang='lat' dir='ltr'><strong><em>et</em></strong></span> <span class='ocrx_word' id='word_1_184' title='bbox 1241 2313 1693 2384; x_wconf 77' lang='lat' dir='ltr'><strong><em>multiplicabatur.</em></strong></span> <span class='ocrx_word' id='word_1_185' title='bbox 1724 2315 1836 2370; x_wconf 82' lang='lat' dir='ltr'><strong><em>Hoc</em></strong></span> 
     </span>
    </p>
   </div>
   <div class='ocr_carea' id='block_1_24' title="bbox 262 2403 1832 2470">
    <p class='ocr_par' dir='ltr' id='par_1_24' title="bbox 262 2403 1832 2470">
     <span class='ocr_line' id='line_1_24' title="bbox 262 2403 1832 2470; baseline 0.004 -18"><span class='ocrx_word' id='word_1_186' title='bbox 262 2410 367 2464; x_wconf 78' lang='lat' dir='ltr'><strong><em>est,</em></strong></span> <span class='ocrx_word' id='word_1_187' title='bbox 416 2417 481 2454; x_wconf 87' lang='lat' dir='ltr'><strong><em>ea</em></strong></span> <span class='ocrx_word' id='word_1_188' title='bbox 528 2413 742 2470; x_wconf 84' lang='lat' dir='ltr'><strong><em>peracta</em></strong></span> <span class='ocrx_word' id='word_1_189' title='bbox 787 2418 870 2458; x_wconf 90' lang='lat' dir='ltr'><strong><em>re.</em></strong></span> <span class='ocrx_word' id='word_1_190' title='bbox 919 2403 1158 2458; x_wconf 83' lang='lat' dir='ltr'><strong><em>Vidistin&#39;</em></strong></span> <span class='ocrx_word' id='word_1_191' title='bbox 1188 2405 1280 2458; x_wconf 83' lang='lat' dir='ltr'><strong><em>Dei</em></strong></span> <span class='ocrx_word' id='word_1_192' title='bbox 1324 2407 1832 2462; x_wconf 58' lang='lat' dir='ltr'><strong><em>meonomiamtﬁz‘i.</em></strong></span> 
     </span>
    </p>
   </div>
   <div class='ocr_carea' id='block_1_25' title="bbox 262 2491 1836 2569">
    <p class='ocr_par' dir='ltr' id='par_1_25' title="bbox 262 2491 1836 2569">
     <span class='ocr_line' id='line_1_25' title="bbox 262 2491 1836 2569; baseline 0.005 -24"><span class='ocrx_word' id='word_1_193' title='bbox 262 2491 515 2547; x_wconf 59' lang='lat' dir='ltr'><strong><em>Barnabas</em></strong></span> <span class='ocrx_word' id='word_1_194' title='bbox 541 2507 708 2548; x_wconf 82' lang='lat' dir='ltr'><strong><em>autem</em></strong></span> <span class='ocrx_word' id='word_1_195' title='bbox 737 2505 785 2548; x_wconf 89' lang='lat' dir='ltr'><strong><em>et</em></strong></span> <span class='ocrx_word' id='word_1_196' title='bbox 823 2495 1016 2551; x_wconf 91' lang='lat' dir='ltr'><strong><em>Saulus</em></strong></span> <span class='ocrx_word' id='word_1_197' title='bbox 1051 2499 1230 2550; x_wconf 75' lang='lat' dir='ltr'><strong><em>reversi</em></strong></span> <span class='ocrx_word' id='word_1_198' title='bbox 1258 2507 1376 2550; x_wconf 89' lang='lat' dir='ltr'><strong><em>sunt</em></strong></span> <span class='ocrx_word' id='word_1_199' title='bbox 1403 2498 1465 2551; x_wconf 90' lang='lat' dir='ltr'><strong><em>ab</em></strong></span> <span class='ocrx_word' id='word_1_200' title='bbox 1501 2497 1836 2569; x_wconf 81' lang='lat' dir='ltr'><strong><em>Jerosolymis</em></strong></span> 
     </span>
    </p>
   </div>
   <div class='ocr_carea' id='block_1_26' title="bbox 262 2586 1835 2662">
    <p class='ocr_par' dir='ltr' id='par_1_26' title="bbox 262 2586 1835 2662">
     <span class='ocr_line' id='line_1_26' title="bbox 262 2586 1835 2662; baseline 0.007 -26"><span class='ocrx_word' id='word_1_201' title='bbox 262 2587 449 2653; x_wconf 72' lang='lat' dir='ltr'><strong><em>expleto</em></strong></span> <span class='ocrx_word' id='word_1_202' title='bbox 492 2586 764 2640; x_wconf 84' lang='lat' dir='ltr'><strong><em>ministerio</em></strong></span> <span class='ocrx_word' id='word_1_203' title='bbox 784 2628 800 2653; x_wconf 92' lang='lat'><strong><em>,</em></strong></span> <span class='ocrx_word' id='word_1_204' title='bbox 822 2599 1078 2654; x_wconf 84' lang='lat' dir='ltr'><strong><em>assumpto</em></strong></span> <span class='ocrx_word' id='word_1_205' title='bbox 1104 2588 1325 2655; x_wconf 84' lang='lat' dir='ltr'><strong><em>Joanne,</em></strong></span> <span class='ocrx_word' id='word_1_206' title='bbox 1343 2591 1430 2660; x_wconf 86' lang='lat' dir='ltr'><strong><em>qui</em></strong></span> <span class='ocrx_word' id='word_1_207' title='bbox 1454 2594 1835 2662; x_wconf 77' lang='lat' dir='ltr'><strong><em>cognomimztus</em></strong></span> 
     </span>
    </p>
   </div>
   <div class='ocr_carea' id='block_1_27' title="bbox 263 2678 1833 2751">
    <p class='ocr_par' dir='ltr' id='par_1_27' title="bbox 263 2678 1833 2751">
     <span class='ocr_line' id='line_1_27' title="bbox 263 2678 1833 2751; baseline 0.008 -23"><span class='ocrx_word' id='word_1_208' title='bbox 263 2688 325 2729; x_wconf 78' lang='lat' dir='ltr'><strong><em>est</em></strong></span> <span class='ocrx_word' id='word_1_209' title='bbox 377 2678 601 2731; x_wconf 71' lang='lat' dir='ltr'><strong><em>Marcus.</em></strong></span> <span class='ocrx_word' id='word_1_210' title='bbox 644 2678 793 2749; x_wconf 81' lang='lat' dir='ltr'><strong><em>(Cap.</em></strong></span> <span class='ocrx_word' id='word_1_211' title='bbox 826 2681 994 2749; x_wconf 79' lang='lat' dir='ltr'><strong><em>l5.)l.</em></strong></span> <span class='ocrx_word' id='word_1_212' title='bbox 1032 2681 1195 2735; x_wconf 85' lang='lat' dir='ltr'><strong><em>Erant</em></strong></span> <span class='ocrx_word' id='word_1_213' title='bbox 1221 2695 1386 2737; x_wconf 86' lang='lat' dir='ltr'><strong><em>autem</em></strong></span> <span class='ocrx_word' id='word_1_214' title='bbox 1415 2686 1619 2751; x_wconf 87' lang='lat' dir='ltr'><strong><em>quidam</em></strong></span> <span class='ocrx_word' id='word_1_215' title='bbox 1645 2687 1696 2740; x_wconf 85' lang='lat' dir='ltr'><strong><em>in</em></strong></span> <span class='ocrx_word' id='word_1_216' title='bbox 1727 2685 1833 2739; x_wconf 83' lang='lat' dir='ltr'><strong><em>Ec-</em></strong></span> 
     </span>
    </p>
   </div>
   <div class='ocr_carea' id='block_1_28' title="bbox 265 2769 1835 2841">
    <p class='ocr_par' dir='ltr' id='par_1_28' title="bbox 265 2769 1835 2841">
     <span class='ocr_line' id='line_1_28' title="bbox 265 2769 1835 2841; baseline 0.006 -21"><span class='ocrx_word' id='word_1_217' title='bbox 265 2769 424 2834; x_wconf 76' lang='lat' dir='ltr'><strong><em>clesiu,</em></strong></span> <span class='ocrx_word' id='word_1_218' title='bbox 453 2786 566 2839; x_wconf 72' lang='lat' dir='ltr'><strong><em>quc</em></strong></span> <span class='ocrx_word' id='word_1_219' title='bbox 593 2782 701 2823; x_wconf 87' lang='lat' dir='ltr'><strong><em>erat</em></strong></span> <span class='ocrx_word' id='word_1_220' title='bbox 728 2772 1027 2832; x_wconf 63' lang='lat' dir='ltr'><strong><em>Antiochiae.</em></strong></span> <span class='ocrx_word' id='word_1_221' title='bbox 1059 2779 1317 2841; x_wconf 71' lang='lat' dir='ltr'><strong><em>propheta:</em></strong></span> <span class='ocrx_word' id='word_1_222' title='bbox 1349 2787 1396 2828; x_wconf 89' lang='lat' dir='ltr'><strong><em>et</em></strong></span> <span class='ocrx_word' id='word_1_223' title='bbox 1434 2777 1684 2840; x_wconf 81' lang='lat' dir='ltr'><strong><em>doctores,</em></strong></span> <span class='ocrx_word' id='word_1_224' title='bbox 1708 2777 1835 2830; x_wconf 86' lang='lat' dir='ltr'><strong><em>Bar-</em></strong></span> 
     </span>
    </p>
   </div>
   <div class='ocr_carea' id='block_1_29' title="bbox 267 2861 1834 2938">
    <p class='ocr_par' dir='ltr' id='par_1_29' title="bbox 267 2861 1834 2938">
     <span class='ocr_line' id='line_1_29' title="bbox 267 2861 1834 2938; baseline 0.008 -28"><span class='ocrx_word' id='word_1_225' title='bbox 267 2861 430 2920; x_wconf 77' lang='lat' dir='ltr'><strong><em>nabas,</em></strong></span> <span class='ocrx_word' id='word_1_226' title='bbox 464 2871 512 2914; x_wconf 89' lang='lat' dir='ltr'><strong><em>et</em></strong></span> <span class='ocrx_word' id='word_1_227' title='bbox 562 2861 772 2916; x_wconf 81' lang='lat' dir='ltr'><strong><em>Simeon</em></strong></span> <span class='ocrx_word' id='word_1_228' title='bbox 861 2866 945 2928; x_wconf 89' lang='lat' dir='ltr'><strong><em>qni</em></strong></span> <span class='ocrx_word' id='word_1_229' title='bbox 990 2868 1261 2920; x_wconf 86' lang='lat' dir='ltr'><strong><em>vocabatur</em></strong></span> <span class='ocrx_word' id='word_1_230' title='bbox 1307 2865 1498 2938; x_wconf 80' lang='lat' dir='ltr'><strong><em>Niger,</em></strong></span> <span class='ocrx_word' id='word_1_231' title='bbox 1554 2877 1600 2922; x_wconf 86' lang='lat' dir='ltr'><strong><em>et</em></strong></span> <span class='ocrx_word' id='word_1_232' title='bbox 1646 2868 1834 2923; x_wconf 86' lang='lat' dir='ltr'><strong><em>Lucius</em></strong></span> 
     </span>
    </p>
   </div>
   <div class='ocr_carea' id='block_1_30' title="bbox 268 2954 1831 3025">
    <p class='ocr_par' dir='ltr' id='par_1_30' title="bbox 268 2954 1831 3025">
     <span class='ocr_line' id='line_1_30' title="bbox 268 2954 1831 3025; baseline 0.006 -20"><span class='ocrx_word' id='word_1_233' title='bbox 268 2954 569 3022; x_wconf 70' lang='lat' dir='ltr'><strong><em>Cyrenensis,</em></strong></span> <span class='ocrx_word' id='word_1_234' title='bbox 592 2966 638 3008; x_wconf 86' lang='lat' dir='ltr'><strong><em>et</em></strong></span> <span class='ocrx_word' id='word_1_235' title='bbox 661 2954 919 3010; x_wconf 77' lang='lat' dir='ltr'><strong><em>Manaheu</em></strong></span> <span class='ocrx_word' id='word_1_236' title='bbox 949 2957 1162 3012; x_wconf 80' lang='lat' dir='ltr'><strong><em>Herodis</em></strong></span> <span class='ocrx_word' id='word_1_237' title='bbox 1183 2961 1447 3015; x_wconf 68' lang='lat' dir='ltr'><strong><em>tetrarchae</em></strong></span> <span class='ocrx_word' id='word_1_238' title='bbox 1473 2962 1831 3025; x_wconf 87' lang='lat' dir='ltr'><strong><em>collactaneus,</em></strong></span> 
     </span>
    </p>
   </div>
   <div class='ocr_carea' id='block_1_31' title="bbox 269 3047 1838 3123">
    <p class='ocr_par' dir='ltr' id='par_1_31' title="bbox 269 3047 1838 3123">
     <span class='ocr_line' id='line_1_31' title="bbox 269 3047 1838 3123; baseline 0.008 -26"><span class='ocrx_word' id='word_1_239' title='bbox 269 3058 312 3098; x_wconf 82' lang='lat' dir='ltr'><strong><em>et</em></strong></span> <span class='ocrx_word' id='word_1_240' title='bbox 337 3047 540 3101; x_wconf 77' lang='lat' dir='ltr'><strong><em>Saulus.</em></strong></span> <span class='ocrx_word' id='word_1_241' title='bbox 568 3049 761 3104; x_wconf 80' lang='lat' dir='ltr'><strong><em>Adhuc</em></strong></span> <span class='ocrx_word' id='word_1_242' title='bbox 789 3050 1085 3105; x_wconf 83' lang='lat' dir='ltr'><strong><em>Barnaham</em></strong></span> <span class='ocrx_word' id='word_1_243' title='bbox 1110 3056 1338 3123; x_wconf 88' lang='lat' dir='ltr'><strong><em>primum</em></strong></span> <span class='ocrx_word' id='word_1_244' title='bbox 1369 3066 1630 3109; x_wconf 87' lang='lat' dir='ltr'><strong><em>memorat</em></strong></span> <span class='ocrx_word' id='word_1_245' title='bbox 1656 3074 1667 3109; x_wconf 89' lang='lat'><strong>:</strong></span> <span class='ocrx_word' id='word_1_246' title='bbox 1703 3073 1838 3109; x_wconf 86' lang='lat' dir='ltr'><strong><em>non-</em></strong></span> 
     </span>
    </p>
   </div>
   <div class='ocr_carea' id='block_1_32' title="bbox 270 3139 1834 3219">
    <p class='ocr_par' dir='ltr' id='par_1_32' title="bbox 270 3139 1834 3219">
     <span class='ocr_line' id='line_1_32' title="bbox 270 3139 1834 3219; baseline 0.009 -29"><span class='ocrx_word' id='word_1_247' title='bbox 270 3139 384 3192; x_wconf 88' lang='lat' dir='ltr'><strong><em>dum</em></strong></span> <span class='ocrx_word' id='word_1_248' title='bbox 403 3141 540 3194; x_wconf 89' lang='lat' dir='ltr'><strong><em>enim</em></strong></span> <span class='ocrx_word' id='word_1_249' title='bbox 563 3143 740 3196; x_wconf 87' lang='lat' dir='ltr'><strong><em>clarus</em></strong></span> <span class='ocrx_word' id='word_1_250' title='bbox 762 3154 875 3198; x_wconf 88' lang='lat' dir='ltr'><strong><em>erat</em></strong></span> <span class='ocrx_word' id='word_1_251' title='bbox 897 3145 1110 3210; x_wconf 85' lang='lat' dir='ltr'><strong><em>Paulus,</em></strong></span> <span class='ocrx_word' id='word_1_252' title='bbox 1137 3148 1366 3202; x_wconf 91' lang='lat' dir='ltr'><strong><em>nondum</em></strong></span> <span class='ocrx_word' id='word_1_253' title='bbox 1391 3149 1599 3219; x_wconf 84' lang='lat' dir='ltr'><strong><em>signum</em></strong></span> <span class='ocrx_word' id='word_1_254' title='bbox 1622 3151 1834 3219; x_wconf 79' lang='lat' dir='ltr'><strong><em>aliquod</em></strong></span> 
     </span>
    </p>
   </div>
   <div class='ocr_carea' id='block_1_33' title="bbox 275 3228 1834 3311">
    <p class='ocr_par' dir='ltr' id='par_1_33' title="bbox 275 3228 1834 3311">
     <span class='ocr_line' id='line_1_33' title="bbox 275 3228 1834 3311; baseline 0.008 -29"><span class='ocrx_word' id='word_1_255' title='bbox 275 3228 476 3286; x_wconf 77' lang='lat' dir='ltr'><strong><em>fecerat.</em></strong></span> <span class='ocrx_word' id='word_1_256' title='bbox 505 3233 560 3286; x_wconf 73' lang='grc'>2.</span> <span class='ocrx_word' id='word_1_257' title='bbox 596 3233 1005 3292; x_wconf 73' lang='grc' dir='ltr'><strong><em>Μίιιὶδιναηιίιηιε</em></strong></span> <span class='ocrx_word' id='word_1_258' title='bbox 1033 3248 1199 3291; x_wconf 89' lang='lat' dir='ltr'><strong><em>autem</em></strong></span> <span class='ocrx_word' id='word_1_259' title='bbox 1226 3239 1329 3292; x_wconf 86' lang='lat' dir='ltr'><strong><em>illis</em></strong></span> <span class='ocrx_word' id='word_1_260' title='bbox 1353 3238 1596 3305; x_wconf 90' lang='lat' dir='ltr'><strong><em>Domino,</em></strong></span> <span class='ocrx_word' id='word_1_261' title='bbox 1625 3251 1670 3294; x_wconf 91' lang='lat' dir='ltr'><strong><em>et</em></strong></span> <span class='ocrx_word' id='word_1_262' title='bbox 1689 3243 1834 3311; x_wconf 79' lang='lat' dir='ltr'><strong><em>jeju-</em></strong></span> 
     </span>
    </p>
   </div>
   <div class='ocr_carea' id='block_1_34' title="bbox 276 3328 1835 3403">
    <p class='ocr_par' dir='ltr' id='par_1_34' title="bbox 276 3328 1835 3403">
     <span class='ocr_line' id='line_1_34' title="bbox 276 3328 1835 3403; baseline 0.007 -28"><span class='ocrx_word' id='word_1_263' title='bbox 276 3328 492 3380; x_wconf 75' lang='lat' dir='ltr'><strong><em>Iautibus</em></strong></span> <span class='ocrx_word' id='word_1_264' title='bbox 513 3370 528 3392; x_wconf 92' lang='lat'><strong><em>,</em></strong></span> <span class='ocrx_word' id='word_1_265' title='bbox 554 3329 682 3382; x_wconf 69' lang='lat' dir='ltr'><strong><em>dixit</em></strong></span> <span class='ocrx_word' id='word_1_266' title='bbox 709 3329 936 3398; x_wconf 84' lang='lat' dir='ltr'><strong><em>Spiritus</em></strong></span> <span class='ocrx_word' id='word_1_267' title='bbox 960 3343 1162 3385; x_wconf 88' lang='lat' dir='ltr'><strong><em>sanctus</em></strong></span> <span class='ocrx_word' id='word_1_268' title='bbox 1191 3348 1211 3386; x_wconf 88' lang='grc'>.·</span> <span class='ocrx_word' id='word_1_269' title='bbox 1239 3332 1514 3403; x_wconf 76' lang='lat' dir='ltr'><strong><em>Segregate</em></strong></span> <span class='ocrx_word' id='word_1_270' title='bbox 1549 3334 1672 3388; x_wconf 87' lang='lat' dir='ltr'><strong><em>mihi</em></strong></span> <span class='ocrx_word' id='word_1_271' title='bbox 1700 3332 1835 3386; x_wconf 87' lang='lat' dir='ltr'><strong><em>Bar-</em></strong></span> 
     </span>
    </p>
   </div>
   <div class='ocr_carea' id='block_1_35' title="bbox 285 3418 1837 3491">
    <p class='ocr_par' dir='ltr' id='par_1_35' title="bbox 285 3418 1837 3491">
     <span class='ocr_line' id='line_1_35' title="bbox 285 3418 1837 3491; baseline 0.008 -25"><span class='ocrx_word' id='word_1_272' title='bbox 285 3418 451 3469; x_wconf 68' lang='lat' dir='ltr'><strong><em>nabcm</em></strong></span> <span class='ocrx_word' id='word_1_273' title='bbox 479 3430 524 3471; x_wconf 86' lang='lat' dir='ltr'><strong><em>et</em></strong></span> <span class='ocrx_word' id='word_1_274' title='bbox 545 3418 761 3473; x_wconf 78' lang='lat' dir='ltr'><strong><em>Sunium</em></strong></span> <span class='ocrx_word' id='word_1_275' title='bbox 786 3421 838 3473; x_wconf 90' lang='lat' dir='ltr'><strong><em>in</em></strong></span> <span class='ocrx_word' id='word_1_276' title='bbox 859 3438 1006 3489; x_wconf 86' lang='lat' dir='ltr'><strong><em>opus,</em></strong></span> <span class='ocrx_word' id='word_1_277' title='bbox 1033 3423 1101 3475; x_wconf 86' lang='lat' dir='ltr'><strong><em>ad</em></strong></span> <span class='ocrx_word' id='word_1_278' title='bbox 1127 3423 1263 3491; x_wconf 88' lang='lat' dir='ltr'><strong><em>quod</em></strong></span> <span class='ocrx_word' id='word_1_279' title='bbox 1291 3425 1458 3477; x_wconf 82' lang='lat' dir='ltr'><strong><em>vocavi</em></strong></span> <span class='ocrx_word' id='word_1_280' title='bbox 1482 3441 1585 3477; x_wconf 86' lang='lat' dir='ltr'><strong><em>eos.</em></strong></span> <span class='ocrx_word' id='word_1_281' title='bbox 1613 3425 1664 3478; x_wconf 83' lang='lat'><strong><em>5.</em></strong></span> <span class='ocrx_word' id='word_1_282' title='bbox 1694 3423 1837 3478; x_wconf 86' lang='lat' dir='ltr'><strong><em>Tunc</em></strong></span> 
     </span>
    </p>
   </div>
   <div class='ocr_carea' id='block_1_36' title="bbox 282 3508 1838 3585">
    <p class='ocr_par' dir='ltr' id='par_1_36' title="bbox 282 3508 1838 3585">
     <span class='ocr_line' id='line_1_36' title="bbox 282 3508 1838 3585; baseline 0.006 -26"><span class='ocrx_word' id='word_1_283' title='bbox 282 3508 544 3578; x_wconf 75' lang='lat' dir='ltr'><strong><em>jejunantes</em></strong></span> <span class='ocrx_word' id='word_1_284' title='bbox 570 3522 614 3564; x_wconf 86' lang='lat' dir='ltr'><strong><em>et</em></strong></span> <span class='ocrx_word' id='word_1_285' title='bbox 641 3523 843 3568; x_wconf 83' lang='lat' dir='ltr'><strong><em>orantes</em></strong></span> <span class='ocrx_word' id='word_1_286' title='bbox 869 3515 1277 3585; x_wconf 86' lang='lat' dir='ltr'><strong><em>imponentesque</em></strong></span> <span class='ocrx_word' id='word_1_287' title='bbox 1305 3517 1376 3569; x_wconf 90' lang='lat' dir='ltr'><strong><em>eis</em></strong></span> <span class='ocrx_word' id='word_1_288' title='bbox 1404 3533 1602 3582; x_wconf 88' lang='lat' dir='ltr'><strong><em>manus,</em></strong></span> <span class='ocrx_word' id='word_1_289' title='bbox 1635 3518 1838 3570; x_wconf 86' lang='lat' dir='ltr'><strong><em>dimise-</em></strong></span> 
     </span>
    </p>
   </div>
   <div class='ocr_carea' id='block_1_37' title="bbox 284 3603 1834 3671">
    <p class='ocr_par' dir='ltr' id='par_1_37' title="bbox 284 3603 1834 3671">
     <span class='ocr_line' id='line_1_37' title="bbox 284 3603 1834 3671; baseline 0.008 -21"><span class='ocrx_word' id='word_1_290' title='bbox 284 3612 390 3652; x_wconf 72' lang='lat' dir='ltr'><strong><em>runt</em></strong></span> <span class='ocrx_word' id='word_1_291' title='bbox 421 3603 550 3656; x_wconf 85' lang='lat' dir='ltr'><strong><em>illos.</em></strong></span> <span class='ocrx_word' id='word_1_292' title='bbox 592 3604 728 3669; x_wconf 89' lang='lat' dir='ltr'><strong><em>Quid</em></strong></span> <span class='ocrx_word' id='word_1_293' title='bbox 757 3615 874 3671; x_wconf 90' lang='lat' dir='ltr'><strong><em>est,</em></strong></span> <span class='ocrx_word' id='word_1_294' title='bbox 926 3605 1369 3662; x_wconf 78' lang='lat' dir='ltr'><strong><em>Ministrantibus?</em></strong></span> <span class='ocrx_word' id='word_1_295' title='bbox 1396 3608 1834 3664; x_wconf 72' lang='lat' dir='ltr'><strong><em>Praedicantibns.</em></strong></span> 
     </span>
    </p>
   </div>
   <div class='ocr_carea' id='block_1_38' title="bbox 289 3689 1835 3767">
    <p class='ocr_par' dir='ltr' id='par_1_38' title="bbox 289 3689 1835 3767">
     <span class='ocr_line' id='line_1_38' title="bbox 289 3689 1835 3767; baseline 0.008 -25"><span class='ocrx_word' id='word_1_296' title='bbox 289 3689 536 3764; x_wconf 78' lang='lat' dir='ltr'><strong><em>Segregate</em></strong></span> <span class='ocrx_word' id='word_1_297' title='bbox 579 3696 734 3760; x_wconf 90' lang='lat' dir='ltr'><strong><em>mihi,</em></strong></span> <span class='ocrx_word' id='word_1_298' title='bbox 770 3697 968 3766; x_wconf 87' lang='lat' dir='ltr'><strong><em>inquit,</em></strong></span> <span class='ocrx_word' id='word_1_299' title='bbox 997 3695 1290 3752; x_wconf 87' lang='lat' dir='ltr'><strong><em>Barnabam</em></strong></span> <span class='ocrx_word' id='word_1_300' title='bbox 1331 3710 1376 3752; x_wconf 90' lang='lat' dir='ltr'><strong><em>et</em></strong></span> <span class='ocrx_word' id='word_1_301' title='bbox 1421 3698 1660 3755; x_wconf 87' lang='lat' dir='ltr'><strong><em>Saulum.</em></strong></span> <span class='ocrx_word' id='word_1_302' title='bbox 1700 3701 1835 3767; x_wconf 87' lang='lat' dir='ltr'><strong><em>Quid</em></strong></span> 
     </span>
    </p>
   </div>
   <div class='ocr_carea' id='block_1_39' title="bbox 289 3783 1834 3862">
    <p class='ocr_par' dir='ltr' id='par_1_39' title="bbox 289 3783 1834 3862">
     <span class='ocr_line' id='line_1_39' title="bbox 289 3783 1834 3862; baseline 0.009 -27"><span class='ocrx_word' id='word_1_303' title='bbox 289 3783 378 3835; x_wconf 81' lang='lat' dir='ltr'><strong><em>sibi</em></strong></span> <span class='ocrx_word' id='word_1_304' title='bbox 404 3789 534 3850; x_wconf 88' lang='lat' dir='ltr'><strong><em>vult,</em></strong></span> <span class='ocrx_word' id='word_1_305' title='bbox 564 3787 839 3860; x_wconf 85' lang='lat' dir='ltr'><strong><em>Segregate</em></strong></span> <span class='ocrx_word' id='word_1_306' title='bbox 876 3791 1042 3844; x_wconf 85' lang='lat' dir='ltr'><strong><em>mihi?</em></strong></span> <span class='ocrx_word' id='word_1_307' title='bbox 1067 3791 1147 3846; x_wconf 80' lang='lat' dir='ltr'><strong><em>Ad</em></strong></span> <span class='ocrx_word' id='word_1_308' title='bbox 1180 3808 1334 3861; x_wconf 89' lang='lat' dir='ltr'><strong><em>opus,</em></strong></span> <span class='ocrx_word' id='word_1_309' title='bbox 1363 3793 1428 3847; x_wconf 88' lang='lat' dir='ltr'><strong><em>ad</em></strong></span> <span class='ocrx_word' id='word_1_310' title='bbox 1456 3795 1834 3862; x_wconf 86' lang='lat' dir='ltr'><strong><em>apostolatnm.</em></strong></span> 
     </span>
    </p>
   </div>
   <div class='ocr_carea' id='block_1_40' title="bbox 293 3873 1838 3957">
    <p class='ocr_par' dir='ltr' id='par_1_40' title="bbox 293 3873 1838 3957">
     <span class='ocr_line' id='line_1_40' title="bbox 293 3873 1838 3957; baseline 0.01 -32"><span class='ocrx_word' id='word_1_311' title='bbox 293 3873 409 3930; x_wconf 66' lang='lat' dir='ltr'><strong><em>Vide</em></strong></span> <span class='ocrx_word' id='word_1_312' title='bbox 430 3895 654 3941; x_wconf 74' lang='lat' dir='ltr'><strong><em>rursum,</em></strong></span> <span class='ocrx_word' id='word_1_313' title='bbox 679 3897 706 3932; x_wconf 90' lang='lat' dir='ltr'><strong><em>a</em></strong></span> <span class='ocrx_word' id='word_1_314' title='bbox 731 3881 926 3950; x_wconf 86' lang='lat' dir='ltr'><strong><em>quibus</em></strong></span> <span class='ocrx_word' id='word_1_315' title='bbox 950 3882 1267 3936; x_wconf 90' lang='lat' dir='ltr'><strong><em>ordinentur</em></strong></span> <span class='ocrx_word' id='word_1_316' title='bbox 1291 3901 1304 3936; x_wconf 73' lang='grc' dir='ltr'><strong>τ</strong></span> <span class='ocrx_word' id='word_1_317' title='bbox 1332 3900 1360 3937; x_wconf 88' lang='lat' dir='ltr'><strong><em>a</em></strong></span> <span class='ocrx_word' id='word_1_318' title='bbox 1387 3883 1554 3938; x_wconf 87' lang='lat' dir='ltr'><strong><em>Lucio</em></strong></span> <span class='ocrx_word' id='word_1_319' title='bbox 1578 3885 1838 3957; x_wconf 80' lang='lat' dir='ltr'><strong><em>Cyrenmo</em></strong></span> 
     </span>
    </p>
   </div>
   <div class='ocr_carea' id='block_1_41' title="bbox 296 3970 1840 4047">
    <p class='ocr_par' dir='ltr' id='par_1_41' title="bbox 296 3970 1840 4047">
     <span class='ocr_line' id='line_1_41' title="bbox 296 3970 1840 4047; baseline 0.007 -26"><span class='ocrx_word' id='word_1_320' title='bbox 296 3979 347 4021; x_wconf 88' lang='lat' dir='ltr'><strong><em>et</em></strong></span> <span class='ocrx_word' id='word_1_321' title='bbox 369 3970 591 4037; x_wconf 71' lang='lat' dir='ltr'><strong><em>llanahe,</em></strong></span> <span class='ocrx_word' id='word_1_322' title='bbox 627 3974 734 4025; x_wconf 87' lang='lat' dir='ltr'><strong><em>imo</em></strong></span> <span class='ocrx_word' id='word_1_323' title='bbox 763 3990 791 4026; x_wconf 84' lang='lat' dir='ltr'><strong><em>a</em></strong></span> <span class='ocrx_word' id='word_1_324' title='bbox 817 3974 1041 4042; x_wconf 81' lang='lat' dir='ltr'><strong><em>Spiritu.</em></strong></span> <span class='ocrx_word' id='word_1_325' title='bbox 1067 3974 1278 4043; x_wconf 84' lang='lat' dir='ltr'><strong><em>Quanto</em></strong></span> <span class='ocrx_word' id='word_1_326' title='bbox 1299 3976 1438 4030; x_wconf 91' lang='lat' dir='ltr'><strong><em>enim</em></strong></span> <span class='ocrx_word' id='word_1_327' title='bbox 1465 3977 1698 4032; x_wconf 89' lang='lat' dir='ltr'><strong><em>minores</em></strong></span> <span class='ocrx_word' id='word_1_328' title='bbox 1720 3995 1840 4047; x_wconf 83' lang='lat' dir='ltr'><strong><em>pcr-</em></strong></span> 
     </span>
    </p>
   </div>
   <div class='ocr_carea' id='block_1_42' title="bbox 283 4064 1838 4136">
    <p class='ocr_par' dir='ltr' id='par_1_42' title="bbox 283 4064 1838 4136">
     <span class='ocr_line' id='line_1_42' title="bbox 283 4064 1838 4136; baseline 0.008 -25"><span class='ocrx_word' id='word_1_329' title='bbox 283 4072 443 4126; x_wconf 74' lang='lat' dir='ltr'><strong><em>smne,</em></strong></span> <span class='ocrx_word' id='word_1_330' title='bbox 488 4071 632 4117; x_wconf 87' lang='lat' dir='ltr'><strong><em>tanto</em></strong></span> <span class='ocrx_word' id='word_1_331' title='bbox 669 4064 866 4118; x_wconf 89' lang='lat' dir='ltr'><strong><em>clarior</em></strong></span> <span class='ocrx_word' id='word_1_332' title='bbox 894 4075 1119 4134; x_wconf 83' lang='lat' dir='ltr'><strong><em>apparet</em></strong></span> <span class='ocrx_word' id='word_1_333' title='bbox 1171 4066 1261 4121; x_wconf 89' lang='lat' dir='ltr'><strong><em>Dei</em></strong></span> <span class='ocrx_word' id='word_1_334' title='bbox 1311 4067 1501 4136; x_wconf 76' lang='lat' dir='ltr'><strong><em>gratia.</em></strong></span> <span class='ocrx_word' id='word_1_335' title='bbox 1550 4067 1838 4124; x_wconf 85' lang='lat' dir='ltr'><strong><em>Ordinatur</em></strong></span> 
     </span>
    </p>
   </div>
   <div class='ocr_carea' id='block_1_43' title="bbox 282 4149 1836 4229">
    <p class='ocr_par' dir='ltr' id='par_1_43' title="bbox 282 4149 1836 4229">
     <span class='ocr_line' id='line_1_43' title="bbox 282 4149 1836 4229; baseline 0.007 -27"><span class='ocrx_word' id='word_1_336' title='bbox 282 4149 477 4207; x_wconf 68' lang='lat' dir='ltr'><strong><em>deorum</em></strong></span> <span class='ocrx_word' id='word_1_337' title='bbox 507 4156 556 4208; x_wconf 92' lang='lat' dir='ltr'><strong><em>in</em></strong></span> <span class='ocrx_word' id='word_1_338' title='bbox 587 4156 945 4225; x_wconf 85' lang='lat' dir='ltr'><strong><em>apostolatmn</em></strong></span> <span class='ocrx_word' id='word_1_339' title='bbox 972 4197 988 4220; x_wconf 90' lang='lat'><strong><em>,</em></strong></span> <span class='ocrx_word' id='word_1_340' title='bbox 1019 4167 1075 4210; x_wconf 91' lang='lat' dir='ltr'><strong><em>ut</em></strong></span> <span class='ocrx_word' id='word_1_341' title='bbox 1108 4173 1230 4211; x_wconf 89' lang='lat' dir='ltr'><strong><em>cum</em></strong></span> <span class='ocrx_word' id='word_1_342' title='bbox 1265 4168 1524 4225; x_wconf 80' lang='lat' dir='ltr'><strong><em>potestate</em></strong></span> <span class='ocrx_word' id='word_1_343' title='bbox 1565 4162 1836 4229; x_wconf 78' lang='lat' dir='ltr'><strong><em>prmdicet.</em></strong></span> 
     </span>
    </p>
   </div>
   <div class='ocr_carea' id='block_1_44' title="bbox 283 4245 1842 4323">
    <p class='ocr_par' dir='ltr' id='par_1_44' title="bbox 283 4245 1842 4323">
     <span class='ocr_line' id='line_1_44' title="bbox 283 4245 1842 4323; baseline 0.009 -29"><span class='ocrx_word' id='word_1_344' title='bbox 283 4245 540 4306; x_wconf 79' lang='lat' dir='ltr'><strong><em>Quomodo</em></strong></span> <span class='ocrx_word' id='word_1_345' title='bbox 561 4247 722 4316; x_wconf 80' lang='lat' dir='ltr'><strong><em>igitur</em></strong></span> <span class='ocrx_word' id='word_1_346' title='bbox 747 4247 861 4316; x_wconf 84' lang='lat' dir='ltr'><strong><em>ipse</em></strong></span> <span class='ocrx_word' id='word_1_347' title='bbox 883 4248 1050 4301; x_wconf 85' lang='lat' dir='ltr'><strong><em>dicit?</em></strong></span> <span class='ocrx_word' id='word_1_348' title='bbox 1080 4245 1200 4302; x_wconf 80' lang='lat' dir='ltr'><strong><em>Non</em></strong></span> <span class='ocrx_word' id='word_1_349' title='bbox 1220 4248 1284 4302; x_wconf 88' lang='lat' dir='ltr'><strong><em>ab</em></strong></span> <span class='ocrx_word' id='word_1_350' title='bbox 1303 4249 1608 4316; x_wconf 86' lang='lat' dir='ltr'><strong><em>hominibus,</em></strong></span> <span class='ocrx_word' id='word_1_351' title='bbox 1639 4269 1731 4305; x_wconf 89' lang='lat' dir='ltr'><strong><em>nec</em></strong></span> <span class='ocrx_word' id='word_1_352' title='bbox 1752 4270 1842 4323; x_wconf 75' lang='lat' dir='ltr'><strong><em>per</em></strong></span> 
     </span>
    </p>
   </div>
   <div class='ocr_carea' id='block_1_45' title="bbox 287 4335 1842 4411">
    <p class='ocr_par' dir='ltr' id='par_1_45' title="bbox 287 4335 1842 4411">
     <span class='ocr_line' id='line_1_45' title="bbox 287 4335 1842 4411; baseline 0.009 -27"><span class='ocrx_word' id='word_1_353' title='bbox 287 4335 488 4392; x_wconf 74' lang='grc' dir='ltr'>Ιιοιιιὶιια</span> <span class='ocrx_word' id='word_1_354' title='bbox 527 4337 738 4407; x_wconf 73' lang='lat' dir='ltr'><strong><em>(Colat.</em></strong></span> <span class='ocrx_word' id='word_1_355' title='bbox 774 4341 823 4393; x_wconf 80' lang='grc' dir='ltr'>ι.</span> <span class='ocrx_word' id='word_1_356' title='bbox 855 4339 964 4411; x_wconf 72' lang='lat'><strong><em>1)?</em></strong></span> <span class='ocrx_word' id='word_1_357' title='bbox 1009 4338 1130 4392; x_wconf 83' lang='lat' dir='ltr'><strong><em>Non</em></strong></span> <span class='ocrx_word' id='word_1_358' title='bbox 1161 4340 1222 4393; x_wconf 89' lang='lat' dir='ltr'><strong><em>ab</em></strong></span> <span class='ocrx_word' id='word_1_359' title='bbox 1249 4342 1539 4396; x_wconf 84' lang='lat' dir='ltr'><strong><em>hominibus</em></strong></span> <span class='ocrx_word' id='word_1_360' title='bbox 1579 4343 1750 4410; x_wconf 82' lang='lat' dir='ltr'><strong><em>dixit,</em></strong></span> <span class='ocrx_word' id='word_1_361' title='bbox 1783 4357 1842 4400; x_wconf 91' lang='lat' dir='ltr'><strong><em>ut</em></strong></span> 
     </span>
    </p>
   </div>
   <div class='ocr_carea' id='block_1_46' title="bbox 282 4427 1840 4502">
    <p class='ocr_par' dir='ltr' id='par_1_46' title="bbox 282 4427 1840 4502">
     <span class='ocr_line' id='line_1_46' title="bbox 282 4427 1840 4502; baseline 0.007 -23"><span class='ocrx_word' id='word_1_362' title='bbox 282 4427 585 4494; x_wconf 78' lang='lat' dir='ltr'><strong><em>declararet,</em></strong></span> <span class='ocrx_word' id='word_1_363' title='bbox 636 4447 743 4485; x_wconf 92' lang='lat' dir='ltr'><strong><em>non</em></strong></span> <span class='ocrx_word' id='word_1_364' title='bbox 796 4431 1069 4485; x_wconf 90' lang='lat' dir='ltr'><strong><em>hominem</em></strong></span> <span class='ocrx_word' id='word_1_365' title='bbox 1123 4432 1293 4502; x_wconf 85' lang='lat' dir='ltr'><strong><em>ipsum</em></strong></span> <span class='ocrx_word' id='word_1_366' title='bbox 1339 4449 1560 4489; x_wconf 71' lang='lat' dir='ltr'><strong><em>vocasse</em></strong></span> <span class='ocrx_word' id='word_1_367' title='bbox 1605 4435 1688 4490; x_wconf 84' lang='lat' dir='ltr'><strong><em>vel</em></strong></span> <span class='ocrx_word' id='word_1_368' title='bbox 1741 4435 1840 4490; x_wconf 87' lang='lat' dir='ltr'><strong><em>ad-</em></strong></span> 
     </span>
    </p>
   </div>
   <div class='ocr_carea' id='block_1_47' title="bbox 282 4519 1838 4600">
    <p class='ocr_par' dir='ltr' id='par_1_47' title="bbox 282 4519 1838 4600">
     <span class='ocr_line' id='line_1_47' title="bbox 282 4519 1838 4600; baseline 0.009 -30"><span class='ocrx_word' id='word_1_369' title='bbox 282 4519 516 4576; x_wconf 70' lang='lat' dir='ltr'><strong><em>duxisse:</em></strong></span> <span class='ocrx_word' id='word_1_370' title='bbox 544 4542 701 4595; x_wconf 82' lang='lat' dir='ltr'><strong><em>neque</em></strong></span> <span class='ocrx_word' id='word_1_371' title='bbox 742 4543 831 4594; x_wconf 85' lang='lat' dir='ltr'><strong><em>per</em></strong></span> <span class='ocrx_word' id='word_1_372' title='bbox 855 4526 1084 4580; x_wconf 75' lang='lat' dir='ltr'><strong><em>homines</em></strong></span> <span class='ocrx_word' id='word_1_373' title='bbox 1104 4567 1120 4592; x_wconf 90' lang='lat'><strong><em>,</em></strong></span> <span class='ocrx_word' id='word_1_374' title='bbox 1153 4527 1274 4595; x_wconf 90' lang='lat' dir='ltr'><strong><em>quia</em></strong></span> <span class='ocrx_word' id='word_1_375' title='bbox 1323 4543 1426 4582; x_wconf 91' lang='lat' dir='ltr'><strong><em>non</em></strong></span> <span class='ocrx_word' id='word_1_376' title='bbox 1455 4529 1522 4582; x_wconf 89' lang='lat' dir='ltr'><strong><em>ab</em></strong></span> <span class='ocrx_word' id='word_1_377' title='bbox 1549 4530 1654 4584; x_wconf 85' lang='lat' dir='ltr'><strong><em>alio</em></strong></span> <span class='ocrx_word' id='word_1_378' title='bbox 1679 4546 1838 4600; x_wconf 86' lang='lat' dir='ltr'><strong><em>quam</em></strong></span> 
     </span>
    </p>
   </div>
   <div class='ocr_carea' id='block_1_48' title="bbox 277 4617 1842 4692">
    <p class='ocr_par' dir='ltr' id='par_1_48' title="bbox 277 4617 1842 4692">
     <span class='ocr_line' id='line_1_48' title="bbox 277 4617 1842 4692; baseline 0.01 -31"><span class='ocrx_word' id='word_1_379' title='bbox 277 4627 310 4661; x_wconf 79' lang='lat' dir='ltr'><strong><em>a</em></strong></span> <span class='ocrx_word' id='word_1_380' title='bbox 340 4617 516 4680; x_wconf 72' lang='grc' dir='ltr'>δνιιιιιι</span> <span class='ocrx_word' id='word_1_381' title='bbox 543 4619 737 4670; x_wconf 69' lang='lat' dir='ltr'><strong><em>missus</em></strong></span> <span class='ocrx_word' id='word_1_382' title='bbox 772 4626 878 4671; x_wconf 88' lang='lat' dir='ltr'><strong><em>est.</em></strong></span> <span class='ocrx_word' id='word_1_383' title='bbox 922 4617 1046 4671; x_wconf 84' lang='lat' dir='ltr'><strong><em>Ideo</em></strong></span> <span class='ocrx_word' id='word_1_384' title='bbox 1075 4619 1152 4671; x_wconf 80' lang='lat' dir='ltr'><strong><em>sic</em></strong></span> <span class='ocrx_word' id='word_1_385' title='bbox 1188 4619 1390 4672; x_wconf 83' lang='lat' dir='ltr'><strong><em>addidit</em></strong></span> <span class='ocrx_word' id='word_1_386' title='bbox 1422 4639 1435 4673; x_wconf 89' lang='lat'><strong>:</strong></span> <span class='ocrx_word' id='word_1_387' title='bbox 1466 4620 1519 4675; x_wconf 71' lang='grc'>4.</span> <span class='ocrx_word' id='word_1_388' title='bbox 1566 4620 1639 4675; x_wconf 83' lang='lat' dir='ltr'><strong><em>Hi</em></strong></span> <span class='ocrx_word' id='word_1_389' title='bbox 1674 4633 1842 4692; x_wconf 82' lang='lat' dir='ltr'><strong><em>itaque</em></strong></span> 
     </span>
    </p>
   </div>
   <div class='ocr_carea' id='block_1_49' title="bbox 279 4707 1842 4784">
    <p class='ocr_par' dir='ltr' id='par_1_49' title="bbox 279 4707 1842 4784">
     <span class='ocr_line' id='line_1_49' title="bbox 279 4707 1842 4784; baseline 0.01 -32"><span class='ocrx_word' id='word_1_390' title='bbox 279 4707 413 4756; x_wconf 71' lang='lat' dir='ltr'><strong><em>missi</em></strong></span> <span class='ocrx_word' id='word_1_391' title='bbox 434 4725 465 4758; x_wconf 88' lang='lat' dir='ltr'><strong><em>a</em></strong></span> <span class='ocrx_word' id='word_1_392' title='bbox 492 4708 682 4777; x_wconf 84' lang='lat' dir='ltr'><strong><em>Spiritu</em></strong></span> <span class='ocrx_word' id='word_1_393' title='bbox 704 4751 719 4772; x_wconf 84' lang='lat'><strong><em>,</em></strong></span> <span class='ocrx_word' id='word_1_394' title='bbox 752 4710 1108 4762; x_wconf 85' lang='lat' dir='ltr'><strong><em>descenderunt</em></strong></span> <span class='ocrx_word' id='word_1_395' title='bbox 1137 4710 1421 4763; x_wconf 83' lang='lat' dir='ltr'><strong><em>Seleuciam</em></strong></span> <span class='ocrx_word' id='word_1_396' title='bbox 1444 4727 1461 4766; x_wconf 84' lang='lat'><strong><em>.&#39;</em></strong></span> <span class='ocrx_word' id='word_1_397' title='bbox 1489 4713 1606 4767; x_wconf 83' lang='lat' dir='ltr'><strong><em>inde</em></strong></span> <span class='ocrx_word' id='word_1_398' title='bbox 1633 4715 1842 4784; x_wconf 82' lang='lat' dir='ltr'><strong><em>naviga-</em></strong></span> 
     </span>
    </p>
   </div>
   <div class='ocr_carea' id='block_1_50' title="bbox 279 4800 1837 4875">
    <p class='ocr_par' dir='ltr' id='par_1_50' title="bbox 279 4800 1837 4875">
     <span class='ocr_line' id='line_1_50' title="bbox 279 4800 1837 4875; baseline 0.009 -29"><span class='ocrx_word' id='word_1_399' title='bbox 279 4808 440 4849; x_wconf 69' lang='lat' dir='ltr'><strong><em>rerum</em></strong></span> <span class='ocrx_word' id='word_1_400' title='bbox 481 4800 530 4852; x_wconf 84' lang='lat' dir='ltr'><strong><em>in</em></strong></span> <span class='ocrx_word' id='word_1_401' title='bbox 573 4801 817 4869; x_wconf 76' lang='lat' dir='ltr'><strong><em>Cyprum.</em></strong></span> <span class='ocrx_word' id='word_1_402' title='bbox 869 4801 971 4854; x_wconf 86' lang='lat' dir='ltr'><strong><em>Sed</em></strong></span> <span class='ocrx_word' id='word_1_403' title='bbox 1018 4803 1264 4871; x_wconf 78' lang='lat' dir='ltr'><strong><em>superius</em></strong></span> <span class='ocrx_word' id='word_1_404' title='bbox 1309 4802 1450 4858; x_wconf 90' lang='lat' dir='ltr'><strong><em>dicta</em></strong></span> <span class='ocrx_word' id='word_1_405' title='bbox 1479 4805 1837 4875; x_wconf 74' lang='lat' dir='ltr'><strong><em>exploremus.</em></strong></span> 
     </span>
    </p>
   </div>
   <div class='ocr_carea' id='block_1_51' title="bbox 280 4882 1838 4963">
    <p class='ocr_par' dir='ltr' id='par_1_51' title="bbox 280 4882 1838 4963">
     <span class='ocr_line' id='line_1_51' title="bbox 280 4882 1838 4963; baseline 0.008 -27"><span class='ocrx_word' id='word_1_406' title='bbox 280 4882 435 4939; x_wconf 68' lang='lat' dir='ltr'><strong><em>Facta</em></strong></span> <span class='ocrx_word' id='word_1_407' title='bbox 468 4901 629 4943; x_wconf 79' lang='lat' dir='ltr'><strong><em>autem</em></strong></span> <span class='ocrx_word' id='word_1_408' title='bbox 657 4892 739 4943; x_wconf 77' lang='lat' dir='ltr'><strong><em>die</em></strong></span> <span class='ocrx_word' id='word_1_409' title='bbox 758 4931 774 4952; x_wconf 94' lang='lat'><strong><em>,</em></strong></span> <span class='ocrx_word' id='word_1_410' title='bbox 814 4902 921 4943; x_wconf 88' lang='lat' dir='ltr'><strong><em>erat</em></strong></span> <span class='ocrx_word' id='word_1_411' title='bbox 949 4891 1167 4944; x_wconf 86' lang='lat' dir='ltr'><strong><em>turbatio</em></strong></span> <span class='ocrx_word' id='word_1_412' title='bbox 1197 4910 1296 4946; x_wconf 90' lang='lat' dir='ltr'><strong><em>non</em></strong></span> <span class='ocrx_word' id='word_1_413' title='bbox 1328 4909 1482 4961; x_wconf 85' lang='lat' dir='ltr'><strong><em>parva</em></strong></span> <span class='ocrx_word' id='word_1_414' title='bbox 1504 4908 1707 4963; x_wconf 88' lang='lat' dir='ltr'><strong><em>propter</em></strong></span> <span class='ocrx_word' id='word_1_415' title='bbox 1734 4895 1838 4949; x_wconf 87' lang='lat' dir='ltr'><strong><em>Pe—</em></strong></span> 
     </span>
    </p>
   </div>
   <div class='ocr_carea' id='block_1_52' title="bbox 276 4980 1837 5052">
    <p class='ocr_par' dir='ltr' id='par_1_52' title="bbox 276 4980 1837 5052">
     <span class='ocr_line' id='line_1_52' title="bbox 276 4980 1837 5052; baseline 0.009 -27"><span class='ocrx_word' id='word_1_416' title='bbox 276 4988 420 5030; x_wconf 73' lang='lat' dir='ltr'><strong><em>trum.</em></strong></span> <span class='ocrx_word' id='word_1_417' title='bbox 452 4980 511 5034; x_wconf 74' lang='lat' dir='ltr'><strong><em>Et</em></strong></span> <span class='ocrx_word' id='word_1_418' title='bbox 534 4982 856 5051; x_wconf 79' lang='lat' dir='ltr'><strong><em>inquisitione</em></strong></span> <span class='ocrx_word' id='word_1_419' title='bbox 875 4983 1012 5052; x_wconf 72' lang='lat' dir='ltr'><strong><em>facta</em></strong></span> <span class='ocrx_word' id='word_1_420' title='bbox 1037 4983 1102 5036; x_wconf 84' lang='lat' dir='ltr'><strong><em>de</em></strong></span> <span class='ocrx_word' id='word_1_421' title='bbox 1124 4985 1432 5047; x_wconf 75' lang='lat' dir='ltr'><strong><em>custodibus,</em></strong></span> <span class='ocrx_word' id='word_1_422' title='bbox 1457 4986 1614 5052; x_wconf 77' lang='lat' dir='ltr'><strong><em>jussit</em></strong></span> <span class='ocrx_word' id='word_1_423' title='bbox 1637 4986 1837 5039; x_wconf 84' lang='lat' dir='ltr'><strong><em>obduci.</em></strong></span> 
     </span>
    </p>
   </div>
   <div class='ocr_carea' id='block_1_53' title="bbox 277 5067 1841 5149">
    <p class='ocr_par' dir='ltr' id='par_1_53' title="bbox 277 5067 1841 5149">
     <span class='ocr_line' id='line_1_53' title="bbox 277 5067 1841 5149; baseline 0.006 -27"><span class='ocrx_word' id='word_1_424' title='bbox 277 5067 350 5122; x_wconf 76' lang='lat' dir='ltr'><strong><em>Ita</em></strong></span> <span class='ocrx_word' id='word_1_425' title='bbox 369 5091 520 5127; x_wconf 68' lang='lat' dir='ltr'><strong><em>sensu</em></strong></span> <span class='ocrx_word' id='word_1_426' title='bbox 551 5077 844 5130; x_wconf 85' lang='lat' dir='ltr'><strong><em>destitutus</em></strong></span> <span class='ocrx_word' id='word_1_427' title='bbox 869 5075 968 5129; x_wconf 78' lang='lat' dir='ltr'><strong><em>fuit</em></strong></span> <span class='ocrx_word' id='word_1_428' title='bbox 989 5117 1004 5141; x_wconf 94' lang='lat'><strong><em>,</em></strong></span> <span class='ocrx_word' id='word_1_429' title='bbox 1033 5087 1090 5130; x_wconf 92' lang='lat' dir='ltr'><strong><em>ut</em></strong></span> <span class='ocrx_word' id='word_1_430' title='bbox 1117 5077 1278 5129; x_wconf 86' lang='lat' dir='ltr'><strong><em>etiam</em></strong></span> <span class='ocrx_word' id='word_1_431' title='bbox 1313 5077 1508 5143; x_wconf 91' lang='lat' dir='ltr'><strong><em>injuste</em></strong></span> <span class='ocrx_word' id='word_1_432' title='bbox 1536 5079 1720 5146; x_wconf 88' lang='lat' dir='ltr'><strong><em>punire</em></strong></span> <span class='ocrx_word' id='word_1_433' title='bbox 1746 5095 1841 5149; x_wconf 81' lang='lat' dir='ltr'><strong><em>ag-</em></strong></span> 
     </span>
    </p>
   </div>
   <div class='ocr_carea' id='block_1_54' title="bbox 266 5168 1840 5231">
    <p class='ocr_par' dir='ltr' id='par_1_54' title="bbox 266 5168 1840 5231">
     <span class='ocr_line' id='line_1_54' title="bbox 266 5168 1840 5231; baseline 0.006 -15"><span class='ocrx_word' id='word_1_434' title='bbox 266 5168 591 5231; x_wconf 72' lang='lat' dir='ltr'><strong><em>grederetur.</em></strong></span> <span class='ocrx_word' id='word_1_435' title='bbox 639 5168 779 5223; x_wconf 80' lang='lat' dir='ltr'><strong><em>Ecce</em></strong></span> <span class='ocrx_word' id='word_1_436' title='bbox 820 5184 1035 5224; x_wconf 87' lang='lat' dir='ltr'><strong><em>causam</em></strong></span> <span class='ocrx_word' id='word_1_437' title='bbox 1081 5169 1293 5221; x_wconf 89' lang='lat' dir='ltr'><strong><em>illorum</em></strong></span> <span class='ocrx_word' id='word_1_438' title='bbox 1335 5169 1585 5224; x_wconf 74' lang='lat' dir='ltr'><strong><em>defendo.</em></strong></span> <span class='ocrx_word' id='word_1_439' title='bbox 1623 5171 1840 5227; x_wconf 73' lang='lat' dir='ltr'><strong><em>Vincula</em></strong></span> 
     </span>
    </p>
   </div>
   <div class='ocr_carea' id='block_1_55' title="bbox 265 5262 1840 5332">
    <p class='ocr_par' dir='ltr' id='par_1_55' title="bbox 265 5262 1840 5332">
     <span class='ocr_line' id='line_1_55' title="bbox 265 5262 1840 5332; baseline 0.004 -22"><span class='ocrx_word' id='word_1_440' title='bbox 265 5271 422 5312; x_wconf 64' lang='lat' dir='ltr'><strong><em>erasit</em></strong></span> <span class='ocrx_word' id='word_1_441' title='bbox 441 5303 454 5320; x_wconf 87' lang='lat'><strong><em>,</em></strong></span> <span class='ocrx_word' id='word_1_442' title='bbox 479 5262 726 5317; x_wconf 80' lang='lat' dir='ltr'><strong><em>custodes</em></strong></span> <span class='ocrx_word' id='word_1_443' title='bbox 755 5262 919 5326; x_wconf 83' lang='lat' dir='ltr'><strong><em>intus,</em></strong></span> <span class='ocrx_word' id='word_1_444' title='bbox 941 5277 1125 5316; x_wconf 86' lang='lat' dir='ltr'><strong><em>carcer</em></strong></span> <span class='ocrx_word' id='word_1_445' title='bbox 1151 5263 1363 5316; x_wconf 85' lang='lat' dir='ltr'><strong><em>clausus</em></strong></span> <span class='ocrx_word' id='word_1_446' title='bbox 1383 5304 1397 5325; x_wconf 90' lang='lat'><strong><em>,</em></strong></span> <span class='ocrx_word' id='word_1_447' title='bbox 1426 5278 1684 5332; x_wconf 78' lang='lat' dir='ltr'><strong><em>nusquam</em></strong></span> <span class='ocrx_word' id='word_1_448' title='bbox 1721 5281 1840 5331; x_wconf 85' lang='lat' dir='ltr'><strong><em>per-</em></strong></span> 
     </span>
    </p>
   </div>
   <div class='ocr_carea' id='block_1_56' title="bbox 265 5352 1841 5425">
    <p class='ocr_par' dir='ltr' id='par_1_56' title="bbox 265 5352 1841 5425">
     <span class='ocr_line' id='line_1_56' title="bbox 265 5352 1841 5425; baseline 0.004 -20"><span class='ocrx_word' id='word_1_449' title='bbox 265 5352 446 5408; x_wconf 73' lang='lat' dir='ltr'><strong><em>fossus</em></strong></span> <span class='ocrx_word' id='word_1_450' title='bbox 491 5358 707 5425; x_wconf 83' lang='lat' dir='ltr'><strong><em>paries,</em></strong></span> <span class='ocrx_word' id='word_1_451' title='bbox 759 5372 948 5409; x_wconf 62' lang='lat' dir='ltr'><strong><em>«iiiines</em></strong></span> <span class='ocrx_word' id='word_1_452' title='bbox 994 5355 1180 5408; x_wconf 85' lang='lat' dir='ltr'><strong><em>eadem</em></strong></span> <span class='ocrx_word' id='word_1_453' title='bbox 1224 5355 1502 5419; x_wconf 81' lang='lat' dir='ltr'><strong><em>dicebant,</em></strong></span> <span class='ocrx_word' id='word_1_454' title='bbox 1555 5357 1723 5410; x_wconf 86' lang='lat' dir='ltr'><strong><em>llomo</em></strong></span> <span class='ocrx_word' id='word_1_455' title='bbox 1753 5359 1841 5412; x_wconf 87' lang='lat' dir='ltr'><strong><em>ille</em></strong></span> 
     </span>
    </p>
   </div>
   <div class='ocr_carea' id='block_1_57' title="bbox 262 5446 1839 5513">
    <p class='ocr_par' dir='ltr' id='par_1_57' title="bbox 262 5446 1839 5513">
     <span class='ocr_line' id='line_1_57' title="bbox 262 5446 1839 5513; baseline 0.003 -19"><span class='ocrx_word' id='word_1_456' title='bbox 262 5456 448 5512; x_wconf 77' lang='lat' dir='ltr'><strong><em>raptus</em></strong></span> <span class='ocrx_word' id='word_1_457' title='bbox 473 5465 574 5500; x_wconf 82' lang='lat' dir='ltr'><strong><em>non</em></strong></span> <span class='ocrx_word' id='word_1_458' title='bbox 601 5458 716 5513; x_wconf 80' lang='lat' dir='ltr'><strong><em>est,</em></strong></span> <span class='ocrx_word' id='word_1_459' title='bbox 750 5463 844 5501; x_wconf 91' lang='lat' dir='ltr'><strong><em>cur</em></strong></span> <span class='ocrx_word' id='word_1_460' title='bbox 873 5446 989 5498; x_wconf 79' lang='lat' dir='ltr'><strong><em>illos</em></strong></span> <span class='ocrx_word' id='word_1_461' title='bbox 1014 5447 1386 5502; x_wconf 82' lang='lat' dir='ltr'><strong><em>condemnas?</em></strong></span> <span class='ocrx_word' id='word_1_462' title='bbox 1427 5448 1470 5502; x_wconf 87' lang='lat' dir='ltr'><strong><em>si</em></strong></span> <span class='ocrx_word' id='word_1_463' title='bbox 1499 5449 1713 5503; x_wconf 82' lang='lat' dir='ltr'><strong><em>solvere</em></strong></span> <span class='ocrx_word' id='word_1_464' title='bbox 1741 5465 1839 5501; x_wconf 81' lang='lat' dir='ltr'><strong><em>Vo-</em></strong></span> 
     </span>
    </p>
   </div>
   <div class='ocr_carea' id='block_1_58' title="bbox 261 5533 1840 5604">
    <p class='ocr_par' dir='ltr' id='par_1_58' title="bbox 261 5533 1840 5604">
     <span class='ocr_line' id='line_1_58' title="bbox 261 5533 1840 5604; baseline 0.006 -19"><span class='ocrx_word' id='word_1_465' title='bbox 261 5533 518 5600; x_wconf 76' lang='lat' dir='ltr'><strong><em>luissent,</em></strong></span> <span class='ocrx_word' id='word_1_466' title='bbox 547 5542 628 5593; x_wconf 85' lang='lat' dir='ltr'><strong><em>vel</em></strong></span> <span class='ocrx_word' id='word_1_467' title='bbox 654 5552 778 5593; x_wconf 86' lang='lat' dir='ltr'><strong><em>ante</em></strong></span> <span class='ocrx_word' id='word_1_468' title='bbox 802 5538 1088 5594; x_wconf 79' lang='lat' dir='ltr'><strong><em>solvissent</em></strong></span> <span class='ocrx_word' id='word_1_469' title='bbox 1109 5580 1123 5604; x_wconf 88' lang='lat'><strong><em>,</em></strong></span> <span class='ocrx_word' id='word_1_470' title='bbox 1151 5540 1234 5596; x_wconf 83' lang='lat' dir='ltr'><strong><em>vel</em></strong></span> <span class='ocrx_word' id='word_1_471' title='bbox 1263 5541 1422 5596; x_wconf 85' lang='lat' dir='ltr'><strong><em>simul</em></strong></span> <span class='ocrx_word' id='word_1_472' title='bbox 1448 5542 1703 5595; x_wconf 76' lang='lat' dir='ltr'><strong><em>exissent.</em></strong></span> <span class='ocrx_word' id='word_1_473' title='bbox 1733 5540 1840 5597; x_wconf 88' lang='lat' dir='ltr'><strong><em>Sed</em></strong></span> 
     </span>
    </p>
   </div>
   <div class='ocr_carea' id='block_1_59' title="bbox 259 5630 1839 5704">
    <p class='ocr_par' dir='ltr' id='par_1_59' title="bbox 259 5630 1839 5704">
     <span class='ocr_line' id='line_1_59' title="bbox 259 5630 1839 5704; baseline 0.004 -26"><span class='ocrx_word' id='word_1_474' title='bbox 259 5633 515 5692; x_wconf 72' lang='lat' dir='ltr'><strong><em>pecunias</em></strong></span> <span class='ocrx_word' id='word_1_475' title='bbox 532 5632 876 5699; x_wconf 82' lang='lat' dir='ltr'><strong><em>acceperunt?</em></strong></span> <span class='ocrx_word' id='word_1_476' title='bbox 891 5630 1166 5699; x_wconf 79' lang='lat' dir='ltr'><strong><em>Quomodo</em></strong></span> <span class='ocrx_word' id='word_1_477' title='bbox 1180 5635 1268 5704; x_wconf 89' lang='lat' dir='ltr'><strong><em>qui</em></strong></span> <span class='ocrx_word' id='word_1_478' title='bbox 1285 5648 1459 5704; x_wconf 86' lang='lat' dir='ltr'><strong><em>neque</em></strong></span> <span class='ocrx_word' id='word_1_479' title='bbox 1477 5633 1695 5704; x_wconf 87' lang='lat' dir='ltr'><strong><em>pauperi</em></strong></span> <span class='ocrx_word' id='word_1_480' title='bbox 1715 5649 1839 5688; x_wconf 88' lang='lat' dir='ltr'><strong><em>ero-</em></strong></span> 
     </span>
    </p>
   </div>
   <div class='ocr_carea' id='block_1_60' title="bbox 253 5723 1835 5798">
    <p class='ocr_par' dir='ltr' id='par_1_60' title="bbox 253 5723 1835 5798">
     <span class='ocr_line' id='line_1_60' title="bbox 253 5723 1835 5798; baseline 0.003 -22"><span class='ocrx_word' id='word_1_481' title='bbox 253 5735 390 5786; x_wconf 64' lang='lat' dir='ltr'><strong><em>prc</em></strong></span> <span class='ocrx_word' id='word_1_482' title='bbox 411 5733 612 5794; x_wconf 69' lang='lat' dir='ltr'><strong><em>poterat</em></strong></span> <span class='ocrx_word' id='word_1_483' title='bbox 628 5766 642 5790; x_wconf 95' lang='lat'><strong><em>,</em></strong></span> <span class='ocrx_word' id='word_1_484' title='bbox 669 5723 752 5777; x_wconf 75' lang='lat' dir='ltr'><strong><em>bis</em></strong></span> <span class='ocrx_word' id='word_1_485' title='bbox 770 5724 1002 5780; x_wconf 74' lang='lat' dir='ltr'><strong><em>dedisset</em></strong></span> <span class='ocrx_word' id='word_1_486' title='bbox 1021 5726 1042 5764; x_wconf 65' lang='grc' dir='ltr'><strong>ν</strong></span> <span class='ocrx_word' id='word_1_487' title='bbox 1063 5725 1237 5798; x_wconf 71' lang='lat' dir='ltr'><strong><em>Neque</em></strong></span> <span class='ocrx_word' id='word_1_488' title='bbox 1260 5731 1400 5786; x_wconf 87' lang='lat' dir='ltr'><strong><em>cnim</em></strong></span> <span class='ocrx_word' id='word_1_489' title='bbox 1430 5727 1612 5784; x_wconf 74' lang='lat' dir='ltr'><strong><em>fractzr</em></strong></span> <span class='ocrx_word' id='word_1_490' title='bbox 1633 5736 1835 5781; x_wconf 74' lang='lat' dir='ltr'><strong><em>catena:</em></strong></span> 
     </span>
    </p>
   </div>
   <div class='ocr_carea' id='block_1_61' title="bbox 1199 259 2567 317">
    <p class='ocr_par' dir='ltr' id='par_1_61' title="bbox 1199 259 2567 317">
     <span class='ocr_line' id='line_1_61' title="bbox 1199 259 2567 317; baseline -0.001 -1"><span class='ocrx_word' id='word_1_491' title='bbox 1199 259 1262 316; x_wconf 85' lang='lat' dir='ltr'><strong><em>IN</em></strong></span> <span class='ocrx_word' id='word_1_492' title='bbox 1302 259 1480 315; x_wconf 79' lang='lat' dir='ltr'><strong><em>ACTA</em></strong></span> <span class='ocrx_word' id='word_1_493' title='bbox 1523 259 2043 317; x_wconf 76' lang='lat' dir='ltr'><strong><em>APOSTOLORUM.</em></strong></span> <span class='ocrx_word' id='word_1_494' title='bbox 2089 259 2312 315; x_wconf 75' lang='lat' dir='ltr'><strong><em>llOMl&#39;L.</em></strong></span> <span class='ocrx_word' id='word_1_495' title='bbox 2359 260 2567 316; x_wconf 62' lang='lat' dir='ltr'><strong><em>XXVII.</em></strong></span> 
     </span>
    </p>
   </div>
   <div class='ocr_carea' id='block_1_62' title="bbox 3432 275 3536 332">
    <p class='ocr_par' dir='ltr' id='par_1_62' title="bbox 3432 275 3536 332">
     <span class='ocr_line' id='line_1_62' title="bbox 3432 275 3536 332; baseline 0.019 -3"><span class='ocrx_word' id='word_1_496' title='bbox 3432 275 3536 332; x_wconf 68' lang='lat' dir='ltr'><strong><em>90f.</em></strong></span> 
     </span>
    </p>
   </div>
   <div class='ocr_carea' id='block_1_63' title="bbox 1959 380 3537 449">
    <p class='ocr_par' dir='ltr' id='par_1_63' title="bbox 1959 380 3537 449">
     <span class='ocr_line' id='line_1_63' title="bbox 1959 380 3537 449; baseline 0.011 -21"><span class='ocrx_word' id='word_1_497' title='bbox 1959 391 2134 445; x_wconf 88' lang='lat' dir='ltr'><strong><em>neque</em></strong></span> <span class='ocrx_word' id='word_1_498' title='bbox 2162 381 2348 431; x_wconf 78' lang='lat' dir='ltr'><strong><em>solutm</em></strong></span> <span class='ocrx_word' id='word_1_499' title='bbox 2383 389 2528 432; x_wconf 87' lang='lat' dir='ltr'><strong><em>sunt.</em></strong></span> <span class='ocrx_word' id='word_1_500' title='bbox 2563 380 2850 449; x_wconf 81' lang='lat' dir='ltr'><strong><em>Oportebat</em></strong></span> <span class='ocrx_word' id='word_1_501' title='bbox 2885 384 3071 440; x_wconf 78' lang='lat' dir='ltr'><strong><em>videre</em></strong></span> <span class='ocrx_word' id='word_1_502' title='bbox 3105 403 3218 442; x_wconf 87' lang='lat' dir='ltr'><strong><em>rem</em></strong></span> <span class='ocrx_word' id='word_1_503' title='bbox 3255 403 3376 445; x_wconf 83' lang='lat' dir='ltr'><strong><em>esse</em></strong></span> <span class='ocrx_word' id='word_1_504' title='bbox 3401 391 3537 446; x_wconf 80' lang='lat' dir='ltr'><strong><em>divi-</em></strong></span> 
     </span>
    </p>
   </div>
   <div class='ocr_carea' id='block_1_64' title="bbox 1959 469 3533 546">
    <p class='ocr_par' dir='ltr' id='par_1_64' title="bbox 1959 469 3533 546">
     <span class='ocr_line' id='line_1_64' title="bbox 1959 469 3533 546; baseline 0.013 -28"><span class='ocrx_word' id='word_1_505' title='bbox 1959 482 2113 529; x_wconf 84' lang='lat' dir='ltr'><strong><em>nam,</em></strong></span> <span class='ocrx_word' id='word_1_506' title='bbox 2138 483 2241 521; x_wconf 93' lang='lat' dir='ltr'><strong><em>non</em></strong></span> <span class='ocrx_word' id='word_1_507' title='bbox 2272 469 2576 524; x_wconf 79' lang='lat' dir='ltr'><strong><em>liutnanam.</em></strong></span> <span class='ocrx_word' id='word_1_508' title='bbox 2607 472 2806 528; x_wconf 87' lang='lat' dir='ltr'><strong><em>Deinde</em></strong></span> <span class='ocrx_word' id='word_1_509' title='bbox 2828 515 2842 530; x_wconf 92' lang='lat'><strong><em>.</em></strong></span> <span class='ocrx_word' id='word_1_510' title='bbox 2871 477 2994 546; x_wconf 87' lang='lat' dir='ltr'><strong><em>quia</em></strong></span> <span class='ocrx_word' id='word_1_511' title='bbox 3026 477 3299 534; x_wconf 83' lang='lat' dir='ltr'><strong><em>historiam</em></strong></span> <span class='ocrx_word' id='word_1_512' title='bbox 3326 499 3533 538; x_wconf 86' lang='lat' dir='ltr'><strong><em>memo-</em></strong></span> 
     </span>
    </p>
   </div>
   <div class='ocr_carea' id='block_1_65' title="bbox 1957 565 3537 643">
    <p class='ocr_par' dir='ltr' id='par_1_65' title="bbox 1957 565 3537 643">
     <span class='ocr_line' id='line_1_65' title="bbox 1957 565 3537 643; baseline 0.013 -31"><span class='ocrx_word' id='word_1_513' title='bbox 1957 572 2170 614; x_wconf 88' lang='lat' dir='ltr'><strong><em>raturus</em></strong></span> <span class='ocrx_word' id='word_1_514' title='bbox 2195 570 2312 614; x_wconf 80' lang='lat' dir='ltr'><strong><em>erat</em></strong></span> <span class='ocrx_word' id='word_1_515' title='bbox 2333 603 2346 626; x_wconf 95' lang='lat'><strong><em>,</em></strong></span> <span class='ocrx_word' id='word_1_516' title='bbox 2396 565 2698 618; x_wconf 80' lang='lat' dir='ltr'><strong><em>ideoetiam</em></strong></span> <span class='ocrx_word' id='word_1_517' title='bbox 2731 569 2947 622; x_wconf 89' lang='lat' dir='ltr'><strong><em>nomina</em></strong></span> <span class='ocrx_word' id='word_1_518' title='bbox 2981 570 3161 639; x_wconf 82' lang='lat' dir='ltr'><strong><em>ponit,</em></strong></span> <span class='ocrx_word' id='word_1_519' title='bbox 3192 583 3248 627; x_wconf 91' lang='lat' dir='ltr'><strong><em>ut</em></strong></span> <span class='ocrx_word' id='word_1_520' title='bbox 3281 575 3537 643; x_wconf 83' lang='lat' dir='ltr'><strong><em>probetur</em></strong></span> 
     </span>
    </p>
   </div>
   <div class='ocr_carea' id='block_1_66' title="bbox 1954 655 3535 737">
    <p class='ocr_par' dir='ltr' id='par_1_66' title="bbox 1954 655 3535 737">
     <span class='ocr_line' id='line_1_66' title="bbox 1954 655 3535 737; baseline 0.011 -34"><span class='ocrx_word' id='word_1_521' title='bbox 1954 655 2134 706; x_wconf 86' lang='lat' dir='ltr'><strong><em>omnia</em></strong></span> <span class='ocrx_word' id='word_1_522' title='bbox 2165 669 2289 708; x_wconf 77' lang='lat' dir='ltr'><strong><em>vere</em></strong></span> <span class='ocrx_word' id='word_1_523' title='bbox 2310 655 2432 709; x_wconf 90' lang='lat' dir='ltr'><strong><em>dici.</em></strong></span> <span class='ocrx_word' id='word_1_524' title='bbox 2465 655 2530 708; x_wconf 85' lang='lat' dir='ltr'><strong><em>Et</em></strong></span> <span class='ocrx_word' id='word_1_525' title='bbox 2554 674 2791 721; x_wconf 76' lang='lat' dir='ltr'><strong><em>persuaso</em></strong></span> <span class='ocrx_word' id='word_1_526' title='bbox 2811 702 2826 725; x_wconf 95' lang='lat'><strong><em>,</em></strong></span> <span class='ocrx_word' id='word_1_527' title='bbox 2861 660 3056 732; x_wconf 90' lang='lat' dir='ltr'><strong><em>inquit,</em></strong></span> <span class='ocrx_word' id='word_1_528' title='bbox 3088 663 3292 731; x_wconf 85' lang='lat' dir='ltr'><strong><em>Blasto,</em></strong></span> <span class='ocrx_word' id='word_1_529' title='bbox 3320 668 3406 737; x_wconf 84' lang='lat' dir='ltr'><strong><em>qui</em></strong></span> <span class='ocrx_word' id='word_1_530' title='bbox 3426 681 3535 722; x_wconf 81' lang='lat' dir='ltr'><strong><em>erat</em></strong></span> 
     </span>
    </p>
   </div>
   <div class='ocr_carea' id='block_1_67' title="bbox 1952 744 3530 821">
    <p class='ocr_par' dir='ltr' id='par_1_67' title="bbox 1952 744 3530 821">
     <span class='ocr_line' id='line_1_67' title="bbox 1952 744 3530 821; baseline 0.01 -27"><span class='ocrx_word' id='word_1_531' title='bbox 1952 758 2103 810; x_wconf 75' lang='lat' dir='ltr'><strong><em>super</em></strong></span> <span class='ocrx_word' id='word_1_532' title='bbox 2126 744 2408 798; x_wconf 87' lang='lat' dir='ltr'><strong><em>cubiculum</em></strong></span> <span class='ocrx_word' id='word_1_533' title='bbox 2430 749 2580 817; x_wconf 82' lang='lat' dir='ltr'><strong><em>regis,</em></strong></span> <span class='ocrx_word' id='word_1_534' title='bbox 2610 751 2928 810; x_wconf 85' lang='lat' dir='ltr'><strong><em>postulabant</em></strong></span> <span class='ocrx_word' id='word_1_535' title='bbox 2955 771 3146 821; x_wconf 85' lang='lat' dir='ltr'><strong><em>pacein.</em></strong></span> <span class='ocrx_word' id='word_1_536' title='bbox 3170 756 3281 810; x_wconf 83' lang='lat' dir='ltr'><strong><em>Hoc</em></strong></span> <span class='ocrx_word' id='word_1_537' title='bbox 3303 758 3492 811; x_wconf 83' lang='lat' dir='ltr'><strong><em>faciunt</em></strong></span> <span class='ocrx_word' id='word_1_538' title='bbox 3516 802 3530 819; x_wconf 79' lang='grc'><em>,</em></span> 
     </span>
    </p>
   </div>
   <div class='ocr_carea' id='block_1_68' title="bbox 1951 835 3531 920">
    <p class='ocr_par' dir='ltr' id='par_1_68' title="bbox 1951 835 3531 920">
     <span class='ocr_line' id='line_1_68' title="bbox 1951 835 3531 920; baseline 0.013 -36"><span class='ocrx_word' id='word_1_539' title='bbox 1951 837 2073 903; x_wconf 87' lang='lat' dir='ltr'><strong><em>quia</em></strong></span> <span class='ocrx_word' id='word_1_540' title='bbox 2103 835 2275 892; x_wconf 77' lang='lat' dir='ltr'><strong><em>fames</em></strong></span> <span class='ocrx_word' id='word_1_541' title='bbox 2293 849 2424 891; x_wconf 85' lang='lat' dir='ltr'><strong><em>erat.</em></strong></span> <span class='ocrx_word' id='word_1_542' title='bbox 2452 841 2656 894; x_wconf 76' lang='lat' dir='ltr'><strong><em>Statum</em></strong></span> <span class='ocrx_word' id='word_1_543' title='bbox 2681 853 2846 895; x_wconf 89' lang='lat' dir='ltr'><strong><em>autem</em></strong></span> <span class='ocrx_word' id='word_1_544' title='bbox 2869 845 2968 907; x_wconf 84' lang='lat' dir='ltr'><strong><em>die,</em></strong></span> <span class='ocrx_word' id='word_1_545' title='bbox 2992 849 3168 900; x_wconf 85' lang='lat' dir='ltr'><strong><em>sedens</em></strong></span> <span class='ocrx_word' id='word_1_546' title='bbox 3191 847 3418 904; x_wconf 81' lang='lat' dir='ltr'><strong><em>Herodes</em></strong></span> <span class='ocrx_word' id='word_1_547' title='bbox 3441 869 3531 920; x_wconf 82' lang='lat' dir='ltr'><strong><em>pro</em></strong></span> 
     </span>
    </p>
   </div>
   <div class='ocr_carea' id='block_1_69' title="bbox 1951 925 3527 1012">
    <p class='ocr_par' dir='ltr' id='par_1_69' title="bbox 1951 925 3527 1012">
     <span class='ocr_line' id='line_1_69' title="bbox 1951 925 3527 1012; baseline 0.013 -36"><span class='ocrx_word' id='word_1_548' title='bbox 1951 929 2220 990; x_wconf 79' lang='lat' dir='ltr'><strong><em>tribunali,</em></strong></span> <span class='ocrx_word' id='word_1_549' title='bbox 2255 933 2618 997; x_wconf 84' lang='lat' dir='ltr'><strong><em>concionatur,</em></strong></span> <span class='ocrx_word' id='word_1_550' title='bbox 2669 935 2860 1003; x_wconf 88' lang='lat' dir='ltr'><strong><em>inquit.</em></strong></span> <span class='ocrx_word' id='word_1_551' title='bbox 2893 936 3165 1008; x_wconf 81' lang='lat' dir='ltr'><strong><em>Confestim</em></strong></span> <span class='ocrx_word' id='word_1_552' title='bbox 3207 954 3370 995; x_wconf 88' lang='lat' dir='ltr'><strong><em>autem</em></strong></span> <span class='ocrx_word' id='word_1_553' title='bbox 3413 925 3527 1012; x_wconf 42' lang='lat' dir='ltr'><strong><em>per;</em></strong></span> 
     </span>
    </p>
   </div>
   <div class='ocr_carea' id='block_1_70' title="bbox 1950 1019 3528 1098">
    <p class='ocr_par' dir='ltr' id='par_1_70' title="bbox 1950 1019 3528 1098">
     <span class='ocr_line' id='line_1_70' title="bbox 1950 1019 3528 1098; baseline 0.013 -31"><span class='ocrx_word' id='word_1_554' title='bbox 1950 1019 2103 1070; x_wconf 85' lang='lat' dir='ltr'><strong><em>cussit</em></strong></span> <span class='ocrx_word' id='word_1_555' title='bbox 2141 1035 2254 1072; x_wconf 88' lang='lat' dir='ltr'><strong><em>eum</em></strong></span> <span class='ocrx_word' id='word_1_556' title='bbox 2283 1024 2490 1091; x_wconf 82' lang='lat' dir='ltr'><strong><em>angelus</em></strong></span> <span class='ocrx_word' id='word_1_557' title='bbox 2527 1023 2774 1079; x_wconf 88' lang='lat' dir='ltr'><strong><em>Domini:</em></strong></span> <span class='ocrx_word' id='word_1_558' title='bbox 2804 1038 2849 1080; x_wconf 88' lang='lat' dir='ltr'><strong><em>et</em></strong></span> <span class='ocrx_word' id='word_1_559' title='bbox 2877 1040 3200 1098; x_wconf 86' lang='lat' dir='ltr'><strong><em>consumptus</em></strong></span> <span class='ocrx_word' id='word_1_560' title='bbox 3227 1050 3261 1085; x_wconf 88' lang='lat' dir='ltr'><strong><em>a</em></strong></span> <span class='ocrx_word' id='word_1_561' title='bbox 3287 1036 3528 1088; x_wconf 80' lang='lat' dir='ltr'><strong><em>vermibus</em></strong></span> 
     </span>
    </p>
   </div>
   <div class='ocr_carea' id='block_1_71' title="bbox 1947 1112 2236 1179">
    <p class='ocr_par' dir='ltr' id='par_1_71' title="bbox 1947 1112 2236 1179">
     <span class='ocr_line' id='line_1_71' title="bbox 1947 1112 2236 1179; baseline 0.014 -18"><span class='ocrx_word' id='word_1_562' title='bbox 1947 1112 2236 1179; x_wconf 69' lang='lat' dir='ltr'><strong><em>exspiravit.</em></strong></span> 
     </span>
    </p>
   </div>
   <div class='ocr_carea' id='block_1_72' title="bbox 2017 1202 3527 1286">
    <p class='ocr_par' dir='ltr' id='par_1_72' title="bbox 2017 1202 3527 1286">
     <span class='ocr_line' id='line_1_72' title="bbox 2017 1202 3527 1286; baseline 0.013 -31"><span class='ocrx_word' id='word_1_563' title='bbox 2017 1202 2070 1256; x_wconf 75' lang='lat'><strong><em>‘2.</em></strong></span> <span class='ocrx_word' id='word_1_564' title='bbox 2106 1203 2216 1258; x_wconf 89' lang='lat' dir='ltr'><strong><em>lloc</em></strong></span> <span class='ocrx_word' id='word_1_565' title='bbox 2241 1215 2293 1258; x_wconf 88' lang='lat' dir='ltr'><strong><em>et</em></strong></span> <span class='ocrx_word' id='word_1_566' title='bbox 2323 1205 2585 1276; x_wconf 79' lang='lat' dir='ltr'><strong><em>Josepbns</em></strong></span> <span class='ocrx_word' id='word_1_567' title='bbox 2607 1209 2734 1264; x_wconf 90' lang='lat' dir='ltr'><strong><em>dicit</em></strong></span> <span class='ocrx_word' id='word_1_568' title='bbox 2765 1213 2863 1282; x_wconf 81' lang='grc' dir='ltr'><strong><em>(α),</em></strong></span> <span class='ocrx_word' id='word_1_569' title='bbox 2894 1214 3033 1282; x_wconf 89' lang='lat' dir='ltr'><strong><em>quod</em></strong></span> <span class='ocrx_word' id='word_1_570' title='bbox 3066 1216 3115 1269; x_wconf 92' lang='lat' dir='ltr'><strong><em>in</em></strong></span> <span class='ocrx_word' id='word_1_571' title='bbox 3143 1217 3527 1286; x_wconf 74' lang='lat' dir='ltr'><strong><em>longnmmor-</em></strong></span> 
     </span>
    </p>
   </div>
   <div class='ocr_carea' id='block_1_73' title="bbox 1949 1292 3524 1376">
    <p class='ocr_par' dir='ltr' id='par_1_73' title="bbox 1949 1292 3524 1376">
     <span class='ocr_line' id='line_1_73' title="bbox 1949 1292 3524 1376; baseline 0.012 -32"><span class='ocrx_word' id='word_1_572' title='bbox 1949 1292 2068 1346; x_wconf 90' lang='lat' dir='ltr'><strong><em>hum</em></strong></span> <span class='ocrx_word' id='word_1_573' title='bbox 2102 1295 2362 1350; x_wconf 88' lang='lat' dir='ltr'><strong><em>inciderit.</em></strong></span> <span class='ocrx_word' id='word_1_574' title='bbox 2393 1299 2537 1352; x_wconf 83' lang='lat' dir='ltr'><strong><em>Multi</em></strong></span> <span class='ocrx_word' id='word_1_575' title='bbox 2567 1301 2744 1370; x_wconf 85' lang='lat' dir='ltr'><strong><em>itaque</em></strong></span> <span class='ocrx_word' id='word_1_576' title='bbox 2775 1304 2876 1357; x_wconf 87' lang='lat' dir='ltr'><strong><em>hoc</em></strong></span> <span class='ocrx_word' id='word_1_577' title='bbox 2908 1307 3215 1359; x_wconf 78' lang='lat' dir='ltr'><strong><em>nesciebant</em></strong></span> <span class='ocrx_word' id='word_1_578' title='bbox 3243 1326 3256 1369; x_wconf 86' lang='lat'><strong>;</strong></span> <span class='ocrx_word' id='word_1_579' title='bbox 3304 1319 3524 1376; x_wconf 88' lang='lat' dir='ltr'><strong><em>aposto-</em></strong></span> 
     </span>
    </p>
   </div>
   <div class='ocr_carea' id='block_1_74' title="bbox 1948 1383 3525 1467">
    <p class='ocr_par' dir='ltr' id='par_1_74' title="bbox 1948 1383 3525 1467">
     <span class='ocr_line' id='line_1_74' title="bbox 1948 1383 3525 1467; baseline 0.012 -31"><span class='ocrx_word' id='word_1_580' title='bbox 1948 1383 2031 1437; x_wconf 88' lang='lat' dir='ltr'><strong><em>lus</em></strong></span> <span class='ocrx_word' id='word_1_581' title='bbox 2055 1402 2180 1441; x_wconf 83' lang='lat' dir='ltr'><strong><em>vero</em></strong></span> <span class='ocrx_word' id='word_1_582' title='bbox 2205 1400 2400 1443; x_wconf 89' lang='lat' dir='ltr'><strong><em>narrat.</em></strong></span> <span class='ocrx_word' id='word_1_583' title='bbox 2431 1391 2623 1446; x_wconf 83' lang='lat' dir='ltr'><strong><em>Verum</em></strong></span> <span class='ocrx_word' id='word_1_584' title='bbox 2655 1393 2943 1462; x_wconf 78' lang='lat' dir='ltr'><strong><em>ignorantia</em></strong></span> <span class='ocrx_word' id='word_1_585' title='bbox 2976 1398 3074 1449; x_wconf 81' lang='lat' dir='ltr'><strong><em>illis</em></strong></span> <span class='ocrx_word' id='word_1_586' title='bbox 3107 1401 3374 1467; x_wconf 82' lang='lat' dir='ltr'><strong><em>proderat,</em></strong></span> <span class='ocrx_word' id='word_1_587' title='bbox 3397 1401 3525 1455; x_wconf 86' lang='lat' dir='ltr'><strong><em>dum</em></strong></span> 
     </span>
    </p>
   </div>
   <div class='ocr_carea' id='block_1_75' title="bbox 1949 1472 3526 1558">
    <p class='ocr_par' dir='ltr' id='par_1_75' title="bbox 1949 1472 3526 1558">
     <span class='ocr_line' id='line_1_75' title="bbox 1949 1472 3526 1558; baseline 0.009 -30"><span class='ocrx_word' id='word_1_588' title='bbox 1949 1475 2175 1531; x_wconf 84' lang='lat' dir='ltr'><strong><em>Herodis</em></strong></span> <span class='ocrx_word' id='word_1_589' title='bbox 2202 1494 2381 1533; x_wconf 89' lang='lat' dir='ltr'><strong><em>easmn</em></strong></span> <span class='ocrx_word' id='word_1_590' title='bbox 2417 1485 2569 1536; x_wconf 88' lang='lat' dir='ltr'><strong><em>morti</em></strong></span> <span class='ocrx_word' id='word_1_591' title='bbox 2596 1483 2781 1539; x_wconf 79' lang='lat' dir='ltr'><strong><em>Jacobi</em></strong></span> <span class='ocrx_word' id='word_1_592' title='bbox 2809 1495 2863 1540; x_wconf 87' lang='lat' dir='ltr'><strong><em>et</em></strong></span> <span class='ocrx_word' id='word_1_593' title='bbox 2887 1487 3113 1541; x_wconf 90' lang='lat' dir='ltr'><strong><em>militum</em></strong></span> <span class='ocrx_word' id='word_1_594' title='bbox 3136 1491 3264 1543; x_wconf 69' lang='lat' dir='ltr'><strong><em>czcdi</em></strong></span> <span class='ocrx_word' id='word_1_595' title='bbox 3297 1472 3526 1558; x_wconf 83' lang='lat' dir='ltr'><strong><em>imputa-</em></strong></span> 
     </span>
    </p>
   </div>
   <div class='ocr_carea' id='block_1_76' title="bbox 1944 1570 3528 1646">
    <p class='ocr_par' dir='ltr' id='par_1_76' title="bbox 1944 1570 3528 1646">
     <span class='ocr_line' id='line_1_76' title="bbox 1944 1570 3528 1646; baseline 0.011 -25"><span class='ocrx_word' id='word_1_596' title='bbox 1944 1579 2084 1622; x_wconf 87' lang='lat' dir='ltr'><strong><em>rent.</em></strong></span> <span class='ocrx_word' id='word_1_597' title='bbox 2111 1570 2406 1640; x_wconf 75' lang='lat' dir='ltr'><strong><em>Perpende,</em></strong></span> <span class='ocrx_word' id='word_1_598' title='bbox 2449 1575 2662 1643; x_wconf 84' lang='lat' dir='ltr'><strong><em>quando</em></strong></span> <span class='ocrx_word' id='word_1_599' title='bbox 2686 1578 2984 1646; x_wconf 87' lang='lat' dir='ltr'><strong><em>apostolum</em></strong></span> <span class='ocrx_word' id='word_1_600' title='bbox 3014 1581 3228 1646; x_wconf 89' lang='lat' dir='ltr'><strong><em>occidit,</em></strong></span> <span class='ocrx_word' id='word_1_601' title='bbox 3260 1583 3387 1637; x_wconf 84' lang='lat' dir='ltr'><strong><em>nihil</em></strong></span> <span class='ocrx_word' id='word_1_602' title='bbox 3423 1587 3528 1638; x_wconf 87' lang='lat' dir='ltr'><strong><em>tale</em></strong></span> 
     </span>
    </p>
   </div>
   <div class='ocr_carea' id='block_1_77' title="bbox 1946 1658 3528 1746">
    <p class='ocr_par' dir='ltr' id='par_1_77' title="bbox 1946 1658 3528 1746">
     <span class='ocr_line' id='line_1_77' title="bbox 1946 1658 3528 1746; baseline 0.011 -33"><span class='ocrx_word' id='word_1_603' title='bbox 1946 1658 2070 1714; x_wconf 77' lang='lat' dir='ltr'><strong><em>fecit</em></strong></span> <span class='ocrx_word' id='word_1_604' title='bbox 2101 1680 2114 1715; x_wconf 87' lang='lat'><strong>:</strong></span> <span class='ocrx_word' id='word_1_605' title='bbox 2144 1665 2354 1730; x_wconf 85' lang='lat' dir='ltr'><strong><em>quando</em></strong></span> <span class='ocrx_word' id='word_1_606' title='bbox 2383 1666 2520 1729; x_wconf 88' lang='lat' dir='ltr'><strong><em>illos,</em></strong></span> <span class='ocrx_word' id='word_1_607' title='bbox 2548 1667 2676 1721; x_wconf 90' lang='lat' dir='ltr'><strong><em>nihil</em></strong></span> <span class='ocrx_word' id='word_1_608' title='bbox 2706 1669 2934 1724; x_wconf 87' lang='lat' dir='ltr'><strong><em>dicebat.</em></strong></span> <span class='ocrx_word' id='word_1_609' title='bbox 2968 1671 3160 1740; x_wconf 84' lang='lat' dir='ltr'><strong><em>Utpole</em></strong></span> <span class='ocrx_word' id='word_1_610' title='bbox 3184 1673 3378 1728; x_wconf 86' lang='lat' dir='ltr'><strong><em>dubius</em></strong></span> <span class='ocrx_word' id='word_1_611' title='bbox 3399 1691 3528 1746; x_wconf 82' lang='lat' dir='ltr'><strong><em>ergo</em></strong></span> 
     </span>
    </p>
   </div>
   <div class='ocr_carea' id='block_1_78' title="bbox 1945 1756 3523 1831">
    <p class='ocr_par' dir='ltr' id='par_1_78' title="bbox 1945 1756 3523 1831">
     <span class='ocr_line' id='line_1_78' title="bbox 1945 1756 3523 1831; baseline 0.008 -23"><span class='ocrx_word' id='word_1_612' title='bbox 1945 1765 1999 1808; x_wconf 90' lang='lat' dir='ltr'><strong><em>et</em></strong></span> <span class='ocrx_word' id='word_1_613' title='bbox 2026 1756 2280 1810; x_wconf 78' lang='lat' dir='ltr'><strong><em>confusus</em></strong></span> <span class='ocrx_word' id='word_1_614' title='bbox 2311 1775 2376 1812; x_wconf 73' lang='lat' dir='ltr'><strong><em>ex</em></strong></span> <span class='ocrx_word' id='word_1_615' title='bbox 2402 1757 2582 1814; x_wconf 65' lang='lat' dir='ltr'><strong><em>Judrea</em></strong></span> <span class='ocrx_word' id='word_1_616' title='bbox 2613 1761 2911 1818; x_wconf 58' lang='lat' dir='ltr'><strong><em>Ca&#39;saream</em></strong></span> <span class='ocrx_word' id='word_1_617' title='bbox 2946 1766 3104 1819; x_wconf 87' lang='lat' dir='ltr'><strong><em>venit.</em></strong></span> <span class='ocrx_word' id='word_1_618' title='bbox 3141 1766 3265 1821; x_wconf 82' lang='lat' dir='ltr'><strong><em>Mihi</em></strong></span> <span class='ocrx_word' id='word_1_619' title='bbox 3295 1767 3523 1831; x_wconf 75' lang='lat' dir='ltr'><strong><em>videtur,</em></strong></span> 
     </span>
    </p>
   </div>
   <div class='ocr_carea' id='block_1_79' title="bbox 1945 1847 3527 1923">
    <p class='ocr_par' dir='ltr' id='par_1_79' title="bbox 1945 1847 3527 1923">
     <span class='ocr_line' id='line_1_79' title="bbox 1945 1847 3527 1923; baseline 0.009 -24"><span class='ocrx_word' id='word_1_620' title='bbox 1945 1859 2063 1899; x_wconf 85' lang='lat' dir='ltr'><strong><em>Cum</em></strong></span> <span class='ocrx_word' id='word_1_621' title='bbox 2109 1847 2231 1900; x_wconf 90' lang='lat' dir='ltr'><strong><em>illos</em></strong></span> <span class='ocrx_word' id='word_1_622' title='bbox 2261 1849 2527 1904; x_wconf 87' lang='lat' dir='ltr'><strong><em>abducere</em></strong></span> <span class='ocrx_word' id='word_1_623' title='bbox 2558 1852 2754 1918; x_wconf 85' lang='lat' dir='ltr'><strong><em>vellet,</em></strong></span> <span class='ocrx_word' id='word_1_624' title='bbox 2787 1853 2852 1908; x_wconf 88' lang='lat' dir='ltr'><strong><em>ad</em></strong></span> <span class='ocrx_word' id='word_1_625' title='bbox 2888 1856 2984 1908; x_wconf 83' lang='lat' dir='ltr'><strong><em>hos</em></strong></span> <span class='ocrx_word' id='word_1_626' title='bbox 3028 1857 3271 1923; x_wconf 87' lang='lat' dir='ltr'><strong><em>venisse,</em></strong></span> <span class='ocrx_word' id='word_1_627' title='bbox 3303 1868 3357 1911; x_wconf 92' lang='lat' dir='ltr'><strong><em>nt</em></strong></span> <span class='ocrx_word' id='word_1_628' title='bbox 3406 1873 3527 1914; x_wconf 88' lang='lat' dir='ltr'><strong><em>sese</em></strong></span> 
     </span>
    </p>
   </div>
   <div class='ocr_carea' id='block_1_80' title="bbox 1946 1941 3522 2018">
    <p class='ocr_par' dir='ltr' id='par_1_80' title="bbox 1946 1941 3522 2018">
     <span class='ocr_line' id='line_1_80' title="bbox 1946 1941 3522 2018; baseline 0.01 -31"><span class='ocrx_word' id='word_1_629' title='bbox 1946 1948 2194 2006; x_wconf 80' lang='lat' dir='ltr'><strong><em>purgaret</em></strong></span> <span class='ocrx_word' id='word_1_630' title='bbox 2224 1957 2237 2005; x_wconf 90' lang='lat'><strong>;</strong></span> <span class='ocrx_word' id='word_1_631' title='bbox 2272 1941 2598 1995; x_wconf 86' lang='lat' dir='ltr'><strong><em>irascebatur</em></strong></span> <span class='ocrx_word' id='word_1_632' title='bbox 2626 1945 2768 1998; x_wconf 90' lang='lat' dir='ltr'><strong><em>enim</em></strong></span> <span class='ocrx_word' id='word_1_633' title='bbox 2816 1946 2940 2010; x_wconf 89' lang='lat' dir='ltr'><strong><em>illis,</em></strong></span> <span class='ocrx_word' id='word_1_634' title='bbox 2973 1946 3097 2000; x_wconf 91' lang='lat' dir='ltr'><strong><em>dum</em></strong></span> <span class='ocrx_word' id='word_1_635' title='bbox 3127 1949 3209 2002; x_wconf 90' lang='lat' dir='ltr'><strong><em>his</em></strong></span> <span class='ocrx_word' id='word_1_636' title='bbox 3243 1949 3320 2003; x_wconf 90' lang='lat' dir='ltr'><strong><em>sic</em></strong></span> <span class='ocrx_word' id='word_1_637' title='bbox 3356 1951 3522 2018; x_wconf 78' lang='lat' dir='ltr'><strong><em>grati-</em></strong></span> 
     </span>
    </p>
   </div>
   <div class='ocr_carea' id='block_1_81' title="bbox 1945 2029 3525 2107">
    <p class='ocr_par' dir='ltr' id='par_1_81' title="bbox 1945 2029 3525 2107">
     <span class='ocr_line' id='line_1_81' title="bbox 1945 2029 3525 2107; baseline 0.009 -25"><span class='ocrx_word' id='word_1_638' title='bbox 1945 2029 2214 2085; x_wconf 79' lang='lat' dir='ltr'><strong><em>ﬁcaretur.</em></strong></span> <span class='ocrx_word' id='word_1_639' title='bbox 2245 2031 2373 2084; x_wconf 75' lang='lat' dir='ltr'><strong><em>Vide</em></strong></span> <span class='ocrx_word' id='word_1_640' title='bbox 2402 2049 2559 2102; x_wconf 79' lang='lat' dir='ltr'><strong><em>quam</em></strong></span> <span class='ocrx_word' id='word_1_641' title='bbox 2592 2050 2738 2087; x_wconf 70' lang='lat' dir='ltr'><strong><em>vanae</em></strong></span> <span class='ocrx_word' id='word_1_642' title='bbox 2766 2036 2950 2106; x_wconf 68' lang='lat' dir='ltr'><strong><em>gloriae</em></strong></span> <span class='ocrx_word' id='word_1_643' title='bbox 2996 2037 3221 2107; x_wconf 91' lang='lat' dir='ltr'><strong><em>cupidus</em></strong></span> <span class='ocrx_word' id='word_1_644' title='bbox 3247 2039 3406 2092; x_wconf 88' lang='lat' dir='ltr'><strong><em>homo</em></strong></span> <span class='ocrx_word' id='word_1_645' title='bbox 3439 2056 3525 2096; x_wconf 85' lang='lat' dir='ltr'><strong><em>es-</em></strong></span> 
     </span>
    </p>
   </div>
   <div class='ocr_carea' id='block_1_82' title="bbox 1943 2122 3522 2198">
    <p class='ocr_par' dir='ltr' id='par_1_82' title="bbox 1943 2122 3522 2198">
     <span class='ocr_line' id='line_1_82' title="bbox 1943 2122 3522 2198; baseline 0.006 -22"><span class='ocrx_word' id='word_1_646' title='bbox 1943 2133 2041 2176; x_wconf 84' lang='lat' dir='ltr'><strong><em>set.</em></strong></span> <span class='ocrx_word' id='word_1_647' title='bbox 2078 2122 2310 2178; x_wconf 80' lang='lat' dir='ltr'><strong><em>Gratiam</em></strong></span> <span class='ocrx_word' id='word_1_648' title='bbox 2356 2125 2454 2178; x_wconf 87' lang='lat' dir='ltr'><strong><em>illis</em></strong></span> <span class='ocrx_word' id='word_1_649' title='bbox 2484 2126 2703 2180; x_wconf 82' lang='lat' dir='ltr'><strong><em>daturus</em></strong></span> <span class='ocrx_word' id='word_1_650' title='bbox 2731 2128 3082 2183; x_wconf 87' lang='lat' dir='ltr'><strong><em>concionatus</em></strong></span> <span class='ocrx_word' id='word_1_651' title='bbox 3109 2138 3213 2184; x_wconf 90' lang='lat' dir='ltr'><strong><em>est.</em></strong></span> <span class='ocrx_word' id='word_1_652' title='bbox 3254 2129 3522 2198; x_wconf 70' lang='lat' dir='ltr'><strong><em>Iosephus</em></strong></span> 
     </span>
    </p>
   </div>
   <div class='ocr_carea' id='block_1_83' title="bbox 1943 2215 3521 2292">
    <p class='ocr_par' dir='ltr' id='par_1_83' title="bbox 1943 2215 3521 2292">
     <span class='ocr_line' id='line_1_83' title="bbox 1943 2215 3521 2292; baseline 0.008 -27"><span class='ocrx_word' id='word_1_653' title='bbox 1943 2229 2069 2268; x_wconf 82' lang='lat' dir='ltr'><strong><em>vero</em></strong></span> <span class='ocrx_word' id='word_1_654' title='bbox 2117 2215 2210 2280; x_wconf 88' lang='lat' dir='ltr'><strong><em>ait,</em></strong></span> <span class='ocrx_word' id='word_1_655' title='bbox 2241 2216 2412 2286; x_wconf 88' lang='lat' dir='ltr'><strong><em>ipsum</em></strong></span> <span class='ocrx_word' id='word_1_656' title='bbox 2441 2228 2588 2273; x_wconf 84' lang='lat' dir='ltr'><strong><em>veste</em></strong></span> <span class='ocrx_word' id='word_1_657' title='bbox 2639 2219 2916 2288; x_wconf 89' lang='lat' dir='ltr'><strong><em>splendida</em></strong></span> <span class='ocrx_word' id='word_1_658' title='bbox 2946 2232 2999 2276; x_wconf 90' lang='lat' dir='ltr'><strong><em>ct</em></strong></span> <span class='ocrx_word' id='word_1_659' title='bbox 3048 2230 3268 2292; x_wconf 81' lang='lat' dir='ltr'><strong><em>argento</em></strong></span> <span class='ocrx_word' id='word_1_660' title='bbox 3317 2223 3521 2278; x_wconf 67' lang='lat' dir='ltr'><strong><em>intesta</em></strong></span> 
     </span>
    </p>
   </div>
   <div class='ocr_carea' id='block_1_84' title="bbox 1941 2305 3524 2382">
    <p class='ocr_par' dir='ltr' id='par_1_84' title="bbox 1941 2305 3524 2382">
     <span class='ocr_line' id='line_1_84' title="bbox 1941 2305 3524 2382; baseline 0.007 -26"><span class='ocrx_word' id='word_1_661' title='bbox 1941 2305 2195 2359; x_wconf 86' lang='lat' dir='ltr'><strong><em>amictum</em></strong></span> <span class='ocrx_word' id='word_1_662' title='bbox 2227 2305 2410 2361; x_wconf 56' lang='lat' dir='ltr'><strong><em>fuisse.</em></strong></span> <span class='ocrx_word' id='word_1_663' title='bbox 2441 2307 2572 2362; x_wconf 75' lang='lat' dir='ltr'><strong><em>Vide</em></strong></span> <span class='ocrx_word' id='word_1_664' title='bbox 2599 2311 2760 2365; x_wconf 82' lang='lat' dir='ltr'><strong><em>etiam</em></strong></span> <span class='ocrx_word' id='word_1_665' title='bbox 2800 2327 2960 2382; x_wconf 89' lang='lat' dir='ltr'><strong><em>quam</em></strong></span> <span class='ocrx_word' id='word_1_666' title='bbox 2993 2311 3297 2368; x_wconf 84' lang='lat' dir='ltr'><strong><em>adulatores</em></strong></span> <span class='ocrx_word' id='word_1_667' title='bbox 3343 2322 3524 2370; x_wconf 86' lang='lat' dir='ltr'><strong><em>essent</em></strong></span> 
     </span>
    </p>
   </div>
   <div class='ocr_carea' id='block_1_85' title="bbox 1941 2396 3521 2475">
    <p class='ocr_par' dir='ltr' id='par_1_85' title="bbox 1941 2396 3521 2475">
     <span class='ocr_line' id='line_1_85' title="bbox 1941 2396 3521 2475; baseline 0.008 -27"><span class='ocrx_word' id='word_1_668' title='bbox 1941 2396 2056 2460; x_wconf 90' lang='lat' dir='ltr'><strong><em>illi,</em></strong></span> <span class='ocrx_word' id='word_1_669' title='bbox 2100 2406 2152 2450; x_wconf 87' lang='lat' dir='ltr'><strong><em>et</em></strong></span> <span class='ocrx_word' id='word_1_670' title='bbox 2178 2399 2538 2468; x_wconf 85' lang='lat' dir='ltr'><strong><em>apostolorum</em></strong></span> <span class='ocrx_word' id='word_1_671' title='bbox 2580 2416 2815 2456; x_wconf 87' lang='lat' dir='ltr'><strong><em>sensum.</em></strong></span> <span class='ocrx_word' id='word_1_672' title='bbox 2847 2406 3014 2469; x_wconf 88' lang='lat' dir='ltr'><strong><em>Quem</em></strong></span> <span class='ocrx_word' id='word_1_673' title='bbox 3055 2405 3197 2459; x_wconf 90' lang='lat' dir='ltr'><strong><em>enim</em></strong></span> <span class='ocrx_word' id='word_1_674' title='bbox 3238 2419 3370 2475; x_wconf 77' lang='lat' dir='ltr'><strong><em>gens</em></strong></span> <span class='ocrx_word' id='word_1_675' title='bbox 3413 2416 3521 2461; x_wconf 86' lang='lat' dir='ltr'><strong><em>tota</em></strong></span> 
     </span>
    </p>
   </div>
   <div class='ocr_carea' id='block_1_86' title="bbox 1941 2490 3518 2564">
    <p class='ocr_par' dir='ltr' id='par_1_86' title="bbox 1941 2490 3518 2564">
     <span class='ocr_line' id='line_1_86' title="bbox 1941 2490 3518 2564; baseline 0.006 -21"><span class='ocrx_word' id='word_1_676' title='bbox 1941 2490 2172 2557; x_wconf 81' lang='lat' dir='ltr'><strong><em>Colchat,</em></strong></span> <span class='ocrx_word' id='word_1_677' title='bbox 2205 2492 2345 2554; x_wconf 86' lang='lat' dir='ltr'><strong><em>hunc</em></strong></span> <span class='ocrx_word' id='word_1_678' title='bbox 2377 2494 2450 2547; x_wconf 89' lang='lat' dir='ltr'><strong><em>illi</em></strong></span> <span class='ocrx_word' id='word_1_679' title='bbox 2482 2495 2825 2564; x_wconf 84' lang='lat' dir='ltr'><strong><em>respuebant.</em></strong></span> <span class='ocrx_word' id='word_1_680' title='bbox 2858 2496 3006 2551; x_wconf 83' lang='lat' dir='ltr'><strong><em>Tunc</em></strong></span> <span class='ocrx_word' id='word_1_681' title='bbox 3053 2497 3156 2550; x_wconf 88' lang='lat' dir='ltr'><strong><em>illis</em></strong></span> <span class='ocrx_word' id='word_1_682' title='bbox 3197 2497 3378 2553; x_wconf 84' lang='lat' dir='ltr'><strong><em>datum</em></strong></span> <span class='ocrx_word' id='word_1_683' title='bbox 3417 2509 3518 2564; x_wconf 91' lang='lat' dir='ltr'><strong><em>est,</em></strong></span> 
     </span>
    </p>
   </div>
   <div class='ocr_carea' id='block_1_87' title="bbox 1942 2586 3520 2657">
    <p class='ocr_par' dir='ltr' id='par_1_87' title="bbox 1942 2586 3520 2657">
     <span class='ocr_line' id='line_1_87' title="bbox 1942 2586 3520 2657; baseline 0.004 -21"><span class='ocrx_word' id='word_1_684' title='bbox 1942 2594 1999 2636; x_wconf 91' lang='lat' dir='ltr'><strong><em>nt</em></strong></span> <span class='ocrx_word' id='word_1_685' title='bbox 2029 2586 2374 2652; x_wconf 88' lang='lat' dir='ltr'><strong><em>respirarent,</em></strong></span> <span class='ocrx_word' id='word_1_686' title='bbox 2409 2595 2462 2641; x_wconf 86' lang='lat' dir='ltr'><strong><em>et</em></strong></span> <span class='ocrx_word' id='word_1_687' title='bbox 2491 2588 2655 2640; x_wconf 85' lang='lat' dir='ltr'><strong><em>multa</em></strong></span> <span class='ocrx_word' id='word_1_688' title='bbox 2683 2596 2830 2657; x_wconf 86' lang='lat' dir='ltr'><strong><em>parta</em></strong></span> <span class='ocrx_word' id='word_1_689' title='bbox 2856 2598 2980 2642; x_wconf 90' lang='lat' dir='ltr'><strong><em>sunt</em></strong></span> <span class='ocrx_word' id='word_1_690' title='bbox 3007 2589 3142 2644; x_wconf 88' lang='lat' dir='ltr'><strong><em>bona</em></strong></span> <span class='ocrx_word' id='word_1_691' title='bbox 3166 2603 3232 2644; x_wconf 82' lang='lat' dir='ltr'><strong><em>ex</em></strong></span> <span class='ocrx_word' id='word_1_692' title='bbox 3265 2589 3404 2643; x_wconf 86' lang='lat' dir='ltr'><strong><em>illius</em></strong></span> <span class='ocrx_word' id='word_1_693' title='bbox 3443 2590 3520 2644; x_wconf 90' lang='lat' dir='ltr'><strong><em>ul-</em></strong></span> 
     </span>
    </p>
   </div>
   <div class='ocr_carea' id='block_1_88' title="bbox 1943 2676 3517 2746">
    <p class='ocr_par' dir='ltr' id='par_1_88' title="bbox 1943 2676 3517 2746">
     <span class='ocr_line' id='line_1_88' title="bbox 1943 2676 3517 2746; baseline 0.005 -18"><span class='ocrx_word' id='word_1_694' title='bbox 1943 2676 2105 2730; x_wconf 88' lang='lat' dir='ltr'><strong><em>tione.</em></strong></span> <span class='ocrx_word' id='word_1_695' title='bbox 2135 2678 2284 2742; x_wconf 87' lang='lat' dir='ltr'><strong><em>Quod</em></strong></span> <span class='ocrx_word' id='word_1_696' title='bbox 2307 2679 2350 2730; x_wconf 90' lang='lat' dir='ltr'><strong><em>si</em></strong></span> <span class='ocrx_word' id='word_1_697' title='bbox 2383 2679 2470 2732; x_wconf 91' lang='lat' dir='ltr'><strong><em>ille</em></strong></span> <span class='ocrx_word' id='word_1_698' title='bbox 2498 2678 2599 2733; x_wconf 89' lang='lat' dir='ltr'><strong><em>hoc</em></strong></span> <span class='ocrx_word' id='word_1_699' title='bbox 2623 2679 2825 2744; x_wconf 89' lang='lat' dir='ltr'><strong><em>audito,</em></strong></span> <span class='ocrx_word' id='word_1_700' title='bbox 2871 2679 2978 2735; x_wconf 75' lang='lat' dir='ltr'><strong><em>Vox</em></strong></span> <span class='ocrx_word' id='word_1_701' title='bbox 2999 2680 3122 2746; x_wconf 84' lang='lat' dir='ltr'><strong><em>Dei,</em></strong></span> <span class='ocrx_word' id='word_1_702' title='bbox 3149 2699 3250 2735; x_wconf 90' lang='lat' dir='ltr'><strong><em>non</em></strong></span> <span class='ocrx_word' id='word_1_703' title='bbox 3279 2683 3517 2746; x_wconf 85' lang='lat' dir='ltr'><strong><em>hominis,</em></strong></span> 
     </span>
    </p>
   </div>
   <div class='ocr_carea' id='block_1_89' title="bbox 1940 2767 3518 2842">
    <p class='ocr_par' dir='ltr' id='par_1_89' title="bbox 1940 2767 3518 2842">
     <span class='ocr_line' id='line_1_89' title="bbox 1940 2767 3518 2842; baseline 0.003 -22"><span class='ocrx_word' id='word_1_704' title='bbox 1940 2767 2062 2822; x_wconf 90' lang='lat' dir='ltr'><strong><em>licet</em></strong></span> <span class='ocrx_word' id='word_1_705' title='bbox 2091 2768 2218 2820; x_wconf 87' lang='lat' dir='ltr'><strong><em>nihil</em></strong></span> <span class='ocrx_word' id='word_1_706' title='bbox 2270 2771 2502 2834; x_wconf 75' lang='lat' dir='ltr'><strong><em>dixerit,</em></strong></span> <span class='ocrx_word' id='word_1_707' title='bbox 2537 2770 2658 2824; x_wconf 85' lang='lat' dir='ltr'><strong><em>talia</em></strong></span> <span class='ocrx_word' id='word_1_708' title='bbox 2709 2786 2894 2840; x_wconf 87' lang='lat' dir='ltr'><strong><em>passus</em></strong></span> <span class='ocrx_word' id='word_1_709' title='bbox 2940 2782 3062 2826; x_wconf 88' lang='lat' dir='ltr'><strong><em>est:</em></strong></span> <span class='ocrx_word' id='word_1_710' title='bbox 3103 2772 3271 2828; x_wconf 89' lang='lat' dir='ltr'><strong><em>nmlto</em></strong></span> <span class='ocrx_word' id='word_1_711' title='bbox 3317 2773 3518 2842; x_wconf 87' lang='lat' dir='ltr'><strong><em>majora</em></strong></span> 
     </span>
    </p>
   </div>
   <div class='ocr_carea' id='block_1_90' title="bbox 1938 2859 3519 2932">
    <p class='ocr_par' dir='ltr' id='par_1_90' title="bbox 1938 2859 3519 2932">
     <span class='ocr_line' id='line_1_90' title="bbox 1938 2859 3519 2932; baseline 0.001 -18"><span class='ocrx_word' id='word_1_712' title='bbox 1938 2859 2208 2925; x_wconf 82' lang='lat' dir='ltr'><strong><em>Christus,</em></strong></span> <span class='ocrx_word' id='word_1_713' title='bbox 2234 2861 2277 2914; x_wconf 90' lang='lat' dir='ltr'><strong><em>si</em></strong></span> <span class='ocrx_word' id='word_1_714' title='bbox 2305 2861 2444 2914; x_wconf 84' lang='lat' dir='ltr'><strong><em>Deus</em></strong></span> <span class='ocrx_word' id='word_1_715' title='bbox 2471 2876 2576 2914; x_wconf 94' lang='lat' dir='ltr'><strong><em>non</em></strong></span> <span class='ocrx_word' id='word_1_716' title='bbox 2605 2860 2793 2916; x_wconf 77' lang='lat' dir='ltr'><strong><em>fuisset</em></strong></span> <span class='ocrx_word' id='word_1_717' title='bbox 2811 2903 2826 2925; x_wconf 95' lang='lat'><strong><em>,</em></strong></span> <span class='ocrx_word' id='word_1_718' title='bbox 2852 2878 3040 2931; x_wconf 85' lang='lat' dir='ltr'><strong><em>passus</em></strong></span> <span class='ocrx_word' id='word_1_719' title='bbox 3065 2873 3228 2926; x_wconf 75' lang='lat' dir='ltr'><strong><em>e~set,</em></strong></span> <span class='ocrx_word' id='word_1_720' title='bbox 3261 2864 3347 2932; x_wconf 91' lang='lat' dir='ltr'><strong><em>qui</em></strong></span> <span class='ocrx_word' id='word_1_721' title='bbox 3375 2878 3519 2916; x_wconf 87' lang='lat' dir='ltr'><strong><em>sem-</em></strong></span> 
     </span>
    </p>
   </div>
   <div class='ocr_carea' id='block_1_91' title="bbox 1942 2953 3521 3021">
    <p class='ocr_par' dir='ltr' id='par_1_91' title="bbox 1942 2953 3521 3021">
     <span class='ocr_line' id='line_1_91' title="bbox 1942 2953 3521 3021; baseline 0.004 -18"><span class='ocrx_word' id='word_1_722' title='bbox 1942 2969 2035 3021; x_wconf 89' lang='lat' dir='ltr'><strong><em>per</em></strong></span> <span class='ocrx_word' id='word_1_723' title='bbox 2059 2954 2294 3017; x_wconf 81' lang='lat' dir='ltr'><strong><em>dicebat,</em></strong></span> <span class='ocrx_word' id='word_1_724' title='bbox 2335 2953 2491 3008; x_wconf 76' lang='lat' dir='ltr'><strong><em>Verba</em></strong></span> <span class='ocrx_word' id='word_1_725' title='bbox 2520 2971 2628 3008; x_wconf 88' lang='lat' dir='ltr'><strong><em>mea</em></strong></span> <span class='ocrx_word' id='word_1_726' title='bbox 2653 2970 2754 3008; x_wconf 87' lang='lat' dir='ltr'><strong><em>non</em></strong></span> <span class='ocrx_word' id='word_1_727' title='bbox 2781 2972 2890 3008; x_wconf 82' lang='lat' dir='ltr'><strong><em>mea</em></strong></span> <span class='ocrx_word' id='word_1_728' title='bbox 2916 2965 3051 3017; x_wconf 85' lang='lat' dir='ltr'><strong><em>sunt,</em></strong></span> <span class='ocrx_word' id='word_1_729' title='bbox 3074 2966 3149 3019; x_wconf 86' lang='lat' dir='ltr'><strong><em>et,</em></strong></span> <span class='ocrx_word' id='word_1_730' title='bbox 3180 2956 3230 3007; x_wconf 84' lang='grc' dir='ltr'><em>Μ</em></span> <span class='ocrx_word' id='word_1_731' title='bbox 3240 2957 3402 3008; x_wconf 86' lang='lat' dir='ltr'><strong><em>iuistri</em></strong></span> <span class='ocrx_word' id='word_1_732' title='bbox 3423 2957 3521 3009; x_wconf 84' lang='lat' dir='ltr'><strong><em>mei</em></strong></span> 
     </span>
    </p>
   </div>
   <div class='ocr_carea' id='block_1_92' title="bbox 1940 3045 3518 3118">
    <p class='ocr_par' dir='ltr' id='par_1_92' title="bbox 1940 3045 3518 3118">
     <span class='ocr_line' id='line_1_92' title="bbox 1940 3045 3518 3118; baseline 0.002 -21"><span class='ocrx_word' id='word_1_733' title='bbox 1940 3045 2111 3116; x_wconf 82' lang='lat' dir='ltr'><strong><em>utique</em></strong></span> <span class='ocrx_word' id='word_1_734' title='bbox 2138 3047 2442 3099; x_wconf 87' lang='lat' dir='ltr'><strong><em>decertarent</em></strong></span> <span class='ocrx_word' id='word_1_735' title='bbox 2494 3045 2682 3118; x_wconf 83' lang='lat' dir='ltr'><strong><em>(Joan.</em></strong></span> <span class='ocrx_word' id='word_1_736' title='bbox 2727 3048 2814 3101; x_wconf 77' lang='lat' dir='ltr'><strong><em>l4.</em></strong></span> <span class='ocrx_word' id='word_1_737' title='bbox 2860 3047 2948 3101; x_wconf 70' lang='grc'><strong><em>10.</em></strong></span> <span class='ocrx_word' id='word_1_738' title='bbox 2992 3057 3038 3101; x_wconf 85' lang='grc' dir='ltr'>ει</span> <span class='ocrx_word' id='word_1_739' title='bbox 3078 3048 3163 3102; x_wconf 79' lang='grc' dir='ltr'><strong><em>Ιὸ.</em></strong></span> <span class='ocrx_word' id='word_1_740' title='bbox 3195 3048 3324 3117; x_wconf 83' lang='grc'><strong><em>56),</em></strong></span> <span class='ocrx_word' id='word_1_741' title='bbox 3370 3047 3518 3100; x_wconf 74' lang='lat' dir='ltr'><strong><em>simi-</em></strong></span> 
     </span>
    </p>
   </div>
   <div class='ocr_carea' id='block_1_93' title="bbox 1943 3137 3518 3206">
    <p class='ocr_par' dir='ltr' id='par_1_93' title="bbox 1943 3137 3518 3206">
     <span class='ocr_line' id='line_1_93' title="bbox 1943 3137 3518 3206; baseline 0.002 -16"><span class='ocrx_word' id='word_1_742' title='bbox 1943 3137 2133 3206; x_wconf 87' lang='lat' dir='ltr'><strong><em>liaque.</em></strong></span> <span class='ocrx_word' id='word_1_743' title='bbox 2161 3138 2253 3192; x_wconf 89' lang='lat' dir='ltr'><strong><em>llle</em></strong></span> <span class='ocrx_word' id='word_1_744' title='bbox 2280 3155 2406 3192; x_wconf 83' lang='lat' dir='ltr'><strong><em>vero</em></strong></span> <span class='ocrx_word' id='word_1_745' title='bbox 2443 3138 2582 3194; x_wconf 63' lang='lat' dir='ltr'><strong><em>laede</em></strong></span> <span class='ocrx_word' id='word_1_746' title='bbox 2611 3152 2664 3196; x_wconf 88' lang='lat' dir='ltr'><strong><em>ct</em></strong></span> <span class='ocrx_word' id='word_1_747' title='bbox 2690 3140 3062 3196; x_wconf 87' lang='lat' dir='ltr'><strong><em>miserabiliter</em></strong></span> <span class='ocrx_word' id='word_1_748' title='bbox 3093 3143 3251 3195; x_wconf 87' lang='lat' dir='ltr'><strong><em>vitam</em></strong></span> <span class='ocrx_word' id='word_1_749' title='bbox 3286 3141 3518 3205; x_wconf 85' lang='lat' dir='ltr'><strong><em>clausit;</em></strong></span> 
     </span>
    </p>
   </div>
   <div class='ocr_carea' id='block_1_94' title="bbox 1941 3231 3522 3305">
    <p class='ocr_par' dir='ltr' id='par_1_94' title="bbox 1941 3231 3522 3305">
     <span class='ocr_line' id='line_1_94' title="bbox 1941 3231 3522 3305; baseline 0.004 -24"><span class='ocrx_word' id='word_1_750' title='bbox 1941 3240 1996 3282; x_wconf 81' lang='lat' dir='ltr'><strong><em>et</em></strong></span> <span class='ocrx_word' id='word_1_751' title='bbox 2044 3231 2173 3285; x_wconf 90' lang='lat' dir='ltr'><strong><em>nihil</em></strong></span> <span class='ocrx_word' id='word_1_752' title='bbox 2220 3246 2288 3286; x_wconf 78' lang='lat' dir='ltr'><strong><em>ex</em></strong></span> <span class='ocrx_word' id='word_1_753' title='bbox 2335 3247 2400 3286; x_wconf 86' lang='lat' dir='ltr'><strong><em>co</em></strong></span> <span class='ocrx_word' id='word_1_754' title='bbox 2421 3233 2704 3302; x_wconf 85' lang='lat' dir='ltr'><strong><em>reliqnmn.</em></strong></span> <span class='ocrx_word' id='word_1_755' title='bbox 2756 3233 3032 3303; x_wconf 84' lang='lat' dir='ltr'><strong><em>Perpende</em></strong></span> <span class='ocrx_word' id='word_1_756' title='bbox 3080 3236 3204 3289; x_wconf 89' lang='lat' dir='ltr'><strong><em>item</em></strong></span> <span class='ocrx_word' id='word_1_757' title='bbox 3251 3236 3522 3305; x_wconf 87' lang='lat' dir='ltr'><strong><em>quomodo</em></strong></span> 
     </span>
    </p>
   </div>
   <div class='ocr_carea' id='block_1_95' title="bbox 1943 3321 3522 3391">
    <p class='ocr_par' dir='ltr' id='par_1_95' title="bbox 1943 3321 3522 3391">
     <span class='ocr_line' id='line_1_95' title="bbox 1943 3321 3522 3391; baseline 0.004 -18"><span class='ocrx_word' id='word_1_758' title='bbox 1943 3321 2123 3374; x_wconf 73' lang='lat' dir='ltr'><strong><em>Blasto</em></strong></span> <span class='ocrx_word' id='word_1_759' title='bbox 2152 3323 2492 3389; x_wconf 71' lang='lat' dir='ltr'><strong><em>assentimur,</em></strong></span> <span class='ocrx_word' id='word_1_760' title='bbox 2537 3333 2591 3377; x_wconf 80' lang='lat' dir='ltr'><strong><em>et</em></strong></span> <span class='ocrx_word' id='word_1_761' title='bbox 2634 3339 2790 3391; x_wconf 80' lang='lat' dir='ltr'><strong><em>quam</em></strong></span> <span class='ocrx_word' id='word_1_762' title='bbox 2843 3324 2997 3379; x_wconf 79' lang='lat' dir='ltr'><strong><em>facile</em></strong></span> <span class='ocrx_word' id='word_1_763' title='bbox 3043 3327 3202 3379; x_wconf 82' lang='lat' dir='ltr'><strong><em>miser</em></strong></span> <span class='ocrx_word' id='word_1_764' title='bbox 3245 3327 3333 3380; x_wconf 84' lang='lat' dir='ltr'><strong><em>ille</em></strong></span> <span class='ocrx_word' id='word_1_765' title='bbox 3362 3326 3522 3380; x_wconf 83' lang='lat' dir='ltr'><strong><em>homo</em></strong></span> 
     </span>
    </p>
   </div>
   <div class='ocr_carea' id='block_1_96' title="bbox 1945 3413 3520 3488">
    <p class='ocr_par' dir='ltr' id='par_1_96' title="bbox 1945 3413 3520 3488">
     <span class='ocr_line' id='line_1_96' title="bbox 1945 3413 3520 3488; baseline 0.004 -23"><span class='ocrx_word' id='word_1_766' title='bbox 1945 3413 2223 3480; x_wconf 80' lang='lat' dir='ltr'><strong><em>irascatur,</em></strong></span> <span class='ocrx_word' id='word_1_767' title='bbox 2256 3422 2310 3468; x_wconf 90' lang='lat' dir='ltr'><strong><em>et</em></strong></span> <span class='ocrx_word' id='word_1_768' title='bbox 2341 3427 2519 3484; x_wconf 87' lang='lat' dir='ltr'><strong><em>postea</em></strong></span> <span class='ocrx_word' id='word_1_769' title='bbox 2553 3417 2841 3486; x_wconf 76' lang='lat' dir='ltr'><strong><em>mitigetur,</em></strong></span> <span class='ocrx_word' id='word_1_770' title='bbox 2875 3417 3072 3488; x_wconf 87' lang='lat' dir='ltr'><strong><em>ubique</em></strong></span> <span class='ocrx_word' id='word_1_771' title='bbox 3102 3418 3281 3487; x_wconf 84' lang='lat' dir='ltr'><strong><em>p0pnli</em></strong></span> <span class='ocrx_word' id='word_1_772' title='bbox 3311 3433 3520 3479; x_wconf 77' lang='lat' dir='ltr'><strong><em>servus,</em></strong></span> 
     </span>
    </p>
   </div>
   <div class='ocr_carea' id='block_1_97' title="bbox 1945 3505 3521 3575">
    <p class='ocr_par' dir='ltr' id='par_1_97' title="bbox 1945 3505 3521 3575">
     <span class='ocr_line' id='line_1_97' title="bbox 1945 3505 3521 3575; baseline 0.003 -18"><span class='ocrx_word' id='word_1_773' title='bbox 1945 3505 2183 3575; x_wconf 83' lang='lat' dir='ltr'><strong><em>nihilque</em></strong></span> <span class='ocrx_word' id='word_1_774' title='bbox 2225 3507 2448 3561; x_wconf 83' lang='lat' dir='ltr'><strong><em>liberum</em></strong></span> <span class='ocrx_word' id='word_1_775' title='bbox 2496 3506 2722 3562; x_wconf 83' lang='lat' dir='ltr'><strong><em>habens.</em></strong></span> <span class='ocrx_word' id='word_1_776' title='bbox 2753 3506 3040 3562; x_wconf 87' lang='lat' dir='ltr'><strong><em>Considera</em></strong></span> <span class='ocrx_word' id='word_1_777' title='bbox 3073 3509 3199 3562; x_wconf 88' lang='lat' dir='ltr'><strong><em>item</em></strong></span> <span class='ocrx_word' id='word_1_778' title='bbox 3231 3510 3521 3565; x_wconf 82' lang='lat' dir='ltr'><strong><em>auctorita-</em></strong></span> 
     </span>
    </p>
   </div>
   <div class='ocr_carea' id='block_1_98' title="bbox 1947 3599 3518 3669">
    <p class='ocr_par' dir='ltr' id='par_1_98' title="bbox 1947 3599 3518 3669">
     <span class='ocr_line' id='line_1_98' title="bbox 1947 3599 3518 3669; baseline 0.003 -18"><span class='ocrx_word' id='word_1_779' title='bbox 1947 3608 2049 3652; x_wconf 90' lang='lat' dir='ltr'><strong><em>tem</em></strong></span> <span class='ocrx_word' id='word_1_780' title='bbox 2069 3599 2298 3669; x_wconf 81' lang='lat' dir='ltr'><strong><em>Spiritus</em></strong></span> <span class='ocrx_word' id='word_1_781' title='bbox 2319 3601 2511 3654; x_wconf 86' lang='lat' dir='ltr'><strong><em>sancti.</em></strong></span> <span class='ocrx_word' id='word_1_782' title='bbox 2529 3600 2934 3657; x_wconf 80' lang='lat' dir='ltr'><strong><em>Ministrantibus</em></strong></span> <span class='ocrx_word' id='word_1_783' title='bbox 2961 3613 3126 3656; x_wconf 87' lang='lat' dir='ltr'><strong><em>autem</em></strong></span> <span class='ocrx_word' id='word_1_784' title='bbox 3151 3602 3253 3656; x_wconf 87' lang='lat' dir='ltr'><strong><em>illis</em></strong></span> <span class='ocrx_word' id='word_1_785' title='bbox 3284 3603 3518 3668; x_wconf 91' lang='lat' dir='ltr'><strong><em>Domino,</em></strong></span> 
     </span>
    </p>
   </div>
   <div class='ocr_carea' id='block_1_99' title="bbox 1945 3689 3525 3765">
    <p class='ocr_par' dir='ltr' id='par_1_99' title="bbox 1945 3689 3525 3765">
     <span class='ocr_line' id='line_1_99' title="bbox 1945 3689 3525 3765; baseline 0.004 -22"><span class='ocrx_word' id='word_1_786' title='bbox 1945 3689 2135 3760; x_wconf 87' lang='lat' dir='ltr'><strong><em>inquit,</em></strong></span> <span class='ocrx_word' id='word_1_787' title='bbox 2163 3699 2210 3744; x_wconf 90' lang='lat' dir='ltr'><strong><em>et</em></strong></span> <span class='ocrx_word' id='word_1_788' title='bbox 2245 3692 2616 3760; x_wconf 84' lang='lat' dir='ltr'><strong><em>jeiunantibus,</em></strong></span> <span class='ocrx_word' id='word_1_789' title='bbox 2649 3693 2777 3747; x_wconf 75' lang='lat' dir='ltr'><strong><em>dixit</em></strong></span> <span class='ocrx_word' id='word_1_790' title='bbox 2804 3693 3028 3762; x_wconf 88' lang='lat' dir='ltr'><strong><em>Spiritus</em></strong></span> <span class='ocrx_word' id='word_1_791' title='bbox 3075 3706 3275 3749; x_wconf 87' lang='lat' dir='ltr'><strong><em>sanctus</em></strong></span> <span class='ocrx_word' id='word_1_792' title='bbox 3293 3711 3312 3749; x_wconf 80' lang='lat'><strong><em>.&#39;</em></strong></span> <span class='ocrx_word' id='word_1_793' title='bbox 3340 3696 3525 3765; x_wconf 84' lang='lat' dir='ltr'><strong><em>Segre-</em></strong></span> 
     </span>
    </p>
   </div>
   <div class='ocr_carea' id='block_1_100' title="bbox 1943 3781 3517 3854">
    <p class='ocr_par' dir='ltr' id='par_1_100' title="bbox 1943 3781 3517 3854">
     <span class='ocr_line' id='line_1_100' title="bbox 1943 3781 3517 3854; baseline 0.005 -21"><span class='ocrx_word' id='word_1_794' title='bbox 1943 3792 2059 3852; x_wconf 87' lang='lat' dir='ltr'><strong><em>gate</em></strong></span> <span class='ocrx_word' id='word_1_795' title='bbox 2102 3782 2227 3834; x_wconf 88' lang='lat' dir='ltr'><strong><em>mihi</em></strong></span> <span class='ocrx_word' id='word_1_796' title='bbox 2270 3781 2555 3836; x_wconf 75' lang='lat' dir='ltr'><strong><em>Itaruabmn</em></strong></span> <span class='ocrx_word' id='word_1_797' title='bbox 2592 3794 2636 3838; x_wconf 86' lang='lat' dir='ltr'><strong><em>et</em></strong></span> <span class='ocrx_word' id='word_1_798' title='bbox 2677 3784 2916 3839; x_wconf 88' lang='lat' dir='ltr'><strong><em>Saulum.</em></strong></span> <span class='ocrx_word' id='word_1_799' title='bbox 2963 3787 3092 3854; x_wconf 89' lang='lat' dir='ltr'><strong><em>Quis</em></strong></span> <span class='ocrx_word' id='word_1_800' title='bbox 3142 3802 3303 3842; x_wconf 89' lang='lat' dir='ltr'><strong><em>ausus</em></strong></span> <span class='ocrx_word' id='word_1_801' title='bbox 3342 3800 3478 3842; x_wconf 87' lang='lat' dir='ltr'><strong><em>esset</em></strong></span> <span class='ocrx_word' id='word_1_802' title='bbox 3503 3830 3517 3850; x_wconf 92' lang='lat'><strong><em>,</em></strong></span> 
     </span>
    </p>
   </div>
   <div class='ocr_carea' id='block_1_101' title="bbox 1946 3872 3520 3942">
    <p class='ocr_par' dir='ltr' id='par_1_101' title="bbox 1946 3872 3520 3942">
     <span class='ocr_line' id='line_1_101' title="bbox 1946 3872 3520 3942; baseline 0.004 -16"><span class='ocrx_word' id='word_1_803' title='bbox 1946 3872 2045 3927; x_wconf 92' lang='lat' dir='ltr'><strong><em>nisi</em></strong></span> <span class='ocrx_word' id='word_1_804' title='bbox 2075 3881 2220 3926; x_wconf 88' lang='lat' dir='ltr'><strong><em>tanta</em></strong></span> <span class='ocrx_word' id='word_1_805' title='bbox 2261 3882 2523 3942; x_wconf 87' lang='lat' dir='ltr'><strong><em>potestate</em></strong></span> <span class='ocrx_word' id='word_1_806' title='bbox 2555 3875 2750 3942; x_wconf 80' lang='lat' dir='ltr'><strong><em>fultus,</em></strong></span> <span class='ocrx_word' id='word_1_807' title='bbox 2783 3876 2898 3930; x_wconf 63' lang='lat' dir='ltr'><strong><em>haec</em></strong></span> <span class='ocrx_word' id='word_1_808' title='bbox 2937 3878 3160 3932; x_wconf 84' lang='lat' dir='ltr'><strong><em>dicere?</em></strong></span> <span class='ocrx_word' id='word_1_809' title='bbox 3207 3880 3315 3932; x_wconf 89' lang='lat' dir='ltr'><strong><em>lloc</em></strong></span> <span class='ocrx_word' id='word_1_810' title='bbox 3344 3890 3520 3934; x_wconf 87' lang='lat' dir='ltr'><strong><em>autem</em></strong></span> 
     </span>
    </p>
   </div>
   <div class='ocr_carea' id='block_1_102' title="bbox 1944 3963 3524 4039">
    <p class='ocr_par' dir='ltr' id='par_1_102' title="bbox 1944 3963 3524 4039">
     <span class='ocr_line' id='line_1_102' title="bbox 1944 3963 3524 4039; baseline 0.004 -22"><span class='ocrx_word' id='word_1_811' title='bbox 1944 3967 2024 4022; x_wconf 87' lang='lat' dir='ltr'><strong><em>lit.</em></strong></span> <span class='ocrx_word' id='word_1_812' title='bbox 2059 3976 2242 4017; x_wconf 90' lang='lat' dir='ltr'><strong><em>utnon</em></strong></span> <span class='ocrx_word' id='word_1_813' title='bbox 2271 3963 2428 4018; x_wconf 89' lang='lat' dir='ltr'><strong><em>simul</em></strong></span> <span class='ocrx_word' id='word_1_814' title='bbox 2475 3965 2573 4035; x_wconf 82' lang='lat' dir='ltr'><strong><em>ipsi</em></strong></span> <span class='ocrx_word' id='word_1_815' title='bbox 2616 3977 2884 4021; x_wconf 87' lang='lat' dir='ltr'><strong><em>maneant.</em></strong></span> <span class='ocrx_word' id='word_1_816' title='bbox 2923 3967 3063 4021; x_wconf 82' lang='lat' dir='ltr'><strong><em>Vidit</em></strong></span> <span class='ocrx_word' id='word_1_817' title='bbox 3111 3969 3227 4022; x_wconf 91' lang='lat' dir='ltr'><strong><em>illos</em></strong></span> <span class='ocrx_word' id='word_1_818' title='bbox 3268 3969 3524 4039; x_wconf 87' lang='lat' dir='ltr'><strong><em>majorem</em></strong></span> 
     </span>
    </p>
   </div>
   <div class='ocr_carea' id='block_1_103' title="bbox 1947 4055 3524 4127">
    <p class='ocr_par' dir='ltr' id='par_1_103' title="bbox 1947 4055 3524 4127">
     <span class='ocr_line' id='line_1_103' title="bbox 1947 4055 3524 4127; baseline 0.004 -20"><span class='ocrx_word' id='word_1_819' title='bbox 1947 4055 2142 4109; x_wconf 86' lang='lat' dir='ltr'><strong><em>habere</em></strong></span> <span class='ocrx_word' id='word_1_820' title='bbox 2158 4055 2425 4119; x_wconf 80' lang='lat' dir='ltr'><strong><em>virtutem,</em></strong></span> <span class='ocrx_word' id='word_1_821' title='bbox 2446 4066 2498 4110; x_wconf 87' lang='lat' dir='ltr'><strong><em>et</em></strong></span> <span class='ocrx_word' id='word_1_822' title='bbox 2521 4057 2760 4125; x_wconf 88' lang='lat' dir='ltr'><strong><em>pluribus</em></strong></span> <span class='ocrx_word' id='word_1_823' title='bbox 2783 4071 2939 4127; x_wconf 86' lang='lat' dir='ltr'><strong><em>posse</em></strong></span> <span class='ocrx_word' id='word_1_824' title='bbox 2959 4058 3222 4113; x_wconf 73' lang='lat' dir='ltr'><strong><em>subicere.</em></strong></span> <span class='ocrx_word' id='word_1_825' title='bbox 3245 4059 3524 4127; x_wconf 87' lang='lat' dir='ltr'><strong><em>Quomodo</em></strong></span> 
     </span>
    </p>
   </div>
   <div class='ocr_carea' id='block_1_104' title="bbox 1945 4147 3524 4220">
    <p class='ocr_par' dir='ltr' id='par_1_104' title="bbox 1945 4147 3524 4220">
     <span class='ocr_line' id='line_1_104' title="bbox 1945 4147 3524 4220; baseline 0.001 -21"><span class='ocrx_word' id='word_1_826' title='bbox 1945 4157 2122 4200; x_wconf 83' lang='lat' dir='ltr'><strong><em>autem</em></strong></span> <span class='ocrx_word' id='word_1_827' title='bbox 2152 4147 2258 4202; x_wconf 91' lang='lat' dir='ltr'><strong><em>illis</em></strong></span> <span class='ocrx_word' id='word_1_828' title='bbox 2301 4147 2548 4218; x_wconf 90' lang='lat' dir='ltr'><strong><em>loquutus</em></strong></span> <span class='ocrx_word' id='word_1_829' title='bbox 2591 4148 2709 4204; x_wconf 84' lang='lat' dir='ltr'><strong><em>est?</em></strong></span> <span class='ocrx_word' id='word_1_830' title='bbox 2751 4147 2909 4204; x_wconf 84' lang='lat' dir='ltr'><strong><em>Forte</em></strong></span> <span class='ocrx_word' id='word_1_831' title='bbox 2939 4165 3033 4219; x_wconf 89' lang='lat' dir='ltr'><strong><em>per</em></strong></span> <span class='ocrx_word' id='word_1_832' title='bbox 3062 4150 3366 4220; x_wconf 80' lang='lat' dir='ltr'><strong><em>prophetas.</em></strong></span> <span class='ocrx_word' id='word_1_833' title='bbox 3404 4151 3524 4204; x_wconf 64' lang='lat' dir='ltr'><strong><em>Ideo</em></strong></span> 
     </span>
    </p>
   </div>
   <div class='ocr_carea' id='block_1_105' title="bbox 1945 4239 3524 4312">
    <p class='ocr_par' dir='ltr' id='par_1_105' title="bbox 1945 4239 3524 4312">
     <span class='ocr_line' id='line_1_105' title="bbox 1945 4239 3524 4312; baseline 0.004 -20"><span class='ocrx_word' id='word_1_834' title='bbox 1945 4251 2070 4295; x_wconf 89' lang='lat' dir='ltr'><strong><em>ante</em></strong></span> <span class='ocrx_word' id='word_1_835' title='bbox 2099 4239 2250 4303; x_wconf 79' lang='lat' dir='ltr'><strong><em>dixit.</em></strong></span> <span class='ocrx_word' id='word_1_836' title='bbox 2281 4248 2335 4294; x_wconf 91' lang='lat' dir='ltr'><strong><em>et</em></strong></span> <span class='ocrx_word' id='word_1_837' title='bbox 2367 4240 2652 4310; x_wconf 89' lang='lat' dir='ltr'><strong><em>prophetas</em></strong></span> <span class='ocrx_word' id='word_1_838' title='bbox 2675 4240 2838 4296; x_wconf 81' lang='lat' dir='ltr'><strong><em>fuisse</em></strong></span> <span class='ocrx_word' id='word_1_839' title='bbox 2862 4252 2915 4297; x_wconf 91' lang='lat' dir='ltr'><strong><em>et</em></strong></span> <span class='ocrx_word' id='word_1_840' title='bbox 2937 4242 3209 4312; x_wconf 75' lang='lat' dir='ltr'><strong><em>jejunasse</em></strong></span> <span class='ocrx_word' id='word_1_841' title='bbox 3234 4253 3395 4312; x_wconf 86' lang='lat' dir='ltr'><strong><em>atque</em></strong></span> <span class='ocrx_word' id='word_1_842' title='bbox 3427 4245 3524 4298; x_wconf 86' lang='lat' dir='ltr'><strong><em>mi-</em></strong></span> 
     </span>
    </p>
   </div>
   <div class='ocr_carea' id='block_1_106' title="bbox 1945 4331 3520 4404">
    <p class='ocr_par' dir='ltr' id='par_1_106' title="bbox 1945 4331 3520 4404">
     <span class='ocr_line' id='line_1_106' title="bbox 1945 4331 3520 4404; baseline 0.003 -20"><span class='ocrx_word' id='word_1_843' title='bbox 1945 4331 2224 4396; x_wconf 85' lang='lat' dir='ltr'><strong><em>nistrassc,</em></strong></span> <span class='ocrx_word' id='word_1_844' title='bbox 2253 4341 2308 4385; x_wconf 93' lang='lat' dir='ltr'><strong><em>nt</em></strong></span> <span class='ocrx_word' id='word_1_845' title='bbox 2332 4331 2509 4387; x_wconf 64' lang='lat' dir='ltr'><strong><em>disvas</em></strong></span> <span class='ocrx_word' id='word_1_846' title='bbox 2537 4334 2700 4390; x_wconf 88' lang='lat' dir='ltr'><strong><em>multa</em></strong></span> <span class='ocrx_word' id='word_1_847' title='bbox 2729 4333 3019 4389; x_wconf 84' lang='lat' dir='ltr'><strong><em>sobrietate</em></strong></span> <span class='ocrx_word' id='word_1_848' title='bbox 3043 4350 3176 4404; x_wconf 83' lang='lat' dir='ltr'><strong><em>Opus</em></strong></span> <span class='ocrx_word' id='word_1_849' title='bbox 3202 4337 3383 4390; x_wconf 77' lang='lat' dir='ltr'><strong><em>fuisse.</em></strong></span> <span class='ocrx_word' id='word_1_850' title='bbox 3409 4339 3520 4390; x_wconf 80' lang='lat' dir='ltr'><strong><em>An-</em></strong></span> 
     </span>
    </p>
   </div>
   <div class='ocr_carea' id='block_1_107' title="bbox 1948 4423 3526 4496">
    <p class='ocr_par' dir='ltr' id='par_1_107' title="bbox 1948 4423 3526 4496">
     <span class='ocr_line' id='line_1_107' title="bbox 1948 4423 3526 4496; baseline 0.004 -20"><span class='ocrx_word' id='word_1_851' title='bbox 1948 4423 2157 4478; x_wconf 74' lang='lat' dir='ltr'><strong><em>tiochia:</em></strong></span> <span class='ocrx_word' id='word_1_852' title='bbox 2186 4425 2483 4491; x_wconf 89' lang='lat' dir='ltr'><strong><em>ordinatur,</em></strong></span> <span class='ocrx_word' id='word_1_853' title='bbox 2538 4426 2624 4480; x_wconf 90' lang='lat' dir='ltr'><strong><em>ubi</em></strong></span> <span class='ocrx_word' id='word_1_854' title='bbox 2659 4428 2928 4496; x_wconf 67' lang='lat' dir='ltr'><strong><em>praulicat.</em></strong></span> <span class='ocrx_word' id='word_1_855' title='bbox 2961 4429 3070 4484; x_wconf 86' lang='lat' dir='ltr'><strong><em>Cur</em></strong></span> <span class='ocrx_word' id='word_1_856' title='bbox 3094 4447 3195 4484; x_wconf 89' lang='lat' dir='ltr'><strong><em>non</em></strong></span> <span class='ocrx_word' id='word_1_857' title='bbox 3223 4430 3389 4496; x_wconf 79' lang='lat' dir='ltr'><strong><em>dixit,</em></strong></span> <span class='ocrx_word' id='word_1_858' title='bbox 3425 4433 3526 4484; x_wconf 85' lang='lat' dir='ltr'><strong><em>Do-</em></strong></span> 
     </span>
    </p>
   </div>
   <div class='ocr_carea' id='block_1_108' title="bbox 1947 4516 3526 4586">
    <p class='ocr_par' dir='ltr' id='par_1_108' title="bbox 1947 4516 3526 4586">
     <span class='ocr_line' id='line_1_108' title="bbox 1947 4516 3526 4586; baseline 0.005 -16"><span class='ocrx_word' id='word_1_859' title='bbox 1947 4516 2091 4570; x_wconf 85' lang='lat' dir='ltr'><strong><em>mino</em></strong></span> <span class='ocrx_word' id='word_1_860' title='bbox 2144 4527 2450 4586; x_wconf 76' lang='lat' dir='ltr'><strong><em>segregate,</em></strong></span> <span class='ocrx_word' id='word_1_861' title='bbox 2509 4519 2643 4583; x_wconf 89' lang='lat' dir='ltr'><strong><em>sed,</em></strong></span> <span class='ocrx_word' id='word_1_862' title='bbox 2685 4517 2854 4572; x_wconf 81' lang='lat' dir='ltr'><strong><em>Mihi?</em></strong></span> <span class='ocrx_word' id='word_1_863' title='bbox 2905 4519 3152 4575; x_wconf 83' lang='lat' dir='ltr'><strong><em>Ostendit</em></strong></span> <span class='ocrx_word' id='word_1_864' title='bbox 3200 4539 3354 4576; x_wconf 87' lang='lat' dir='ltr'><strong><em>unam</em></strong></span> <span class='ocrx_word' id='word_1_865' title='bbox 3405 4538 3526 4578; x_wconf 87' lang='lat' dir='ltr'><strong><em>esse</em></strong></span> 
     </span>
    </p>
   </div>
   <div class='ocr_carea' id='block_1_109' title="bbox 1947 4609 2606 4678">
    <p class='ocr_par' dir='ltr' id='par_1_109' title="bbox 1947 4609 2606 4678">
     <span class='ocr_line' id='line_1_109' title="bbox 1947 4609 2606 4678; baseline 0.005 -19"><span class='ocrx_word' id='word_1_866' title='bbox 1947 4609 2235 4678; x_wconf 87' lang='lat' dir='ltr'><strong><em>potentiam</em></strong></span> <span class='ocrx_word' id='word_1_867' title='bbox 2258 4622 2312 4663; x_wconf 86' lang='lat' dir='ltr'><strong><em>et</em></strong></span> <span class='ocrx_word' id='word_1_868' title='bbox 2342 4610 2606 4664; x_wconf 76' lang='lat' dir='ltr'><strong><em>virtutem.</em></strong></span> 
     </span>
    </p>
   </div>
   <div class='ocr_carea' id='block_1_110' title="bbox 2021 4700 3526 4774">
    <p class='ocr_par' dir='ltr' id='par_1_110' title="bbox 2021 4700 3526 4774">
     <span class='ocr_line' id='line_1_110' title="bbox 2021 4700 3526 4774; baseline 0.005 -20"><span class='ocrx_word' id='word_1_869' title='bbox 2021 4700 2211 4772; x_wconf 72' lang='lat' dir='ltr'><strong><em>Magna</em></strong></span> <span class='ocrx_word' id='word_1_870' title='bbox 2252 4719 2331 4754; x_wconf 81' lang='lat' dir='ltr'><strong><em>res</em></strong></span> <span class='ocrx_word' id='word_1_871' title='bbox 2369 4704 2642 4774; x_wconf 75' lang='lat' dir='ltr'><strong><em>jejunium.</em></strong></span> <span class='ocrx_word' id='word_1_872' title='bbox 2685 4703 2904 4758; x_wconf 76' lang='lat' dir='ltr'><strong><em>Muliere</em></strong></span> <span class='ocrx_word' id='word_1_873' title='bbox 2946 4705 3139 4759; x_wconf 79' lang='lat' dir='ltr'><strong><em>deliciis</em></strong></span> <span class='ocrx_word' id='word_1_874' title='bbox 3189 4708 3360 4760; x_wconf 84' lang='lat' dir='ltr'><strong><em>dedita</em></strong></span> <span class='ocrx_word' id='word_1_875' title='bbox 3398 4708 3526 4762; x_wconf 84' lang='lat' dir='ltr'><strong><em>nihil</em></strong></span> 
     </span>
    </p>
   </div>
   <div class='ocr_carea' id='block_1_111' title="bbox 1947 4781 3526 4865">
    <p class='ocr_par' dir='ltr' id='par_1_111' title="bbox 1947 4781 3526 4865">
     <span class='ocr_line' id='line_1_111' title="bbox 1947 4781 3526 4865; baseline 0.004 -20"><span class='ocrx_word' id='word_1_876' title='bbox 1947 4796 2164 4862; x_wconf 85' lang='lat' dir='ltr'><strong><em>turpius.</em></strong></span> <span class='ocrx_word' id='word_1_877' title='bbox 2191 4822 2263 4832; x_wconf 92' lang='lat'><strong>—</strong></span> <span class='ocrx_word' id='word_1_878' title='bbox 2291 4793 2477 4848; x_wconf 72' lang='lat' dir='ltr'><strong><em>Viden’</em></strong></span> <span class='ocrx_word' id='word_1_879' title='bbox 2507 4805 2702 4864; x_wconf 88' lang='lat' dir='ltr'><strong><em>quanta</em></strong></span> <span class='ocrx_word' id='word_1_880' title='bbox 2735 4813 2818 4850; x_wconf 86' lang='lat' dir='ltr'><strong><em>res</em></strong></span> <span class='ocrx_word' id='word_1_881' title='bbox 2847 4797 2917 4848; x_wconf 89' lang='lat' dir='ltr'><strong><em>sit</em></strong></span> <span class='ocrx_word' id='word_1_882' title='bbox 2950 4797 3211 4865; x_wconf 82' lang='lat' dir='ltr'><strong><em>jejunium</em></strong></span> <span class='ocrx_word' id='word_1_883' title='bbox 3235 4799 3258 4852; x_wconf 88' lang='lat'><strong>?</strong></span> <span class='ocrx_word' id='word_1_884' title='bbox 3279 4781 3526 4853; x_wconf 78' lang='lat' dir='ltr'><strong><em>Ostendit</em></strong></span> 
     </span>
    </p>
   </div>
   <div class='ocr_carea' id='block_1_112' title="bbox 1947 4883 3526 4956">
    <p class='ocr_par' dir='ltr' id='par_1_112' title="bbox 1947 4883 3526 4956">
     <span class='ocr_line' id='line_1_112' title="bbox 1947 4883 3526 4956; baseline 0.006 -18"><span class='ocrx_word' id='word_1_885' title='bbox 1947 4883 2201 4952; x_wconf 88' lang='lat' dir='ltr'><strong><em>Spiritum</em></strong></span> <span class='ocrx_word' id='word_1_886' title='bbox 2227 4885 2402 4938; x_wconf 88' lang='lat' dir='ltr'><strong><em>omnia</em></strong></span> <span class='ocrx_word' id='word_1_887' title='bbox 2432 4886 2638 4939; x_wconf 80' lang='lat' dir='ltr'><strong><em>fecisse.</em></strong></span> <span class='ocrx_word' id='word_1_888' title='bbox 2659 4886 2902 4954; x_wconf 76' lang='lat' dir='ltr'><strong><em>Magnum</em></strong></span> <span class='ocrx_word' id='word_1_889' title='bbox 2931 4888 3196 4956; x_wconf 87' lang='lat' dir='ltr'><strong><em>quoddam</em></strong></span> <span class='ocrx_word' id='word_1_890' title='bbox 3223 4890 3417 4944; x_wconf 88' lang='lat' dir='ltr'><strong><em>bonum</em></strong></span> <span class='ocrx_word' id='word_1_891' title='bbox 3443 4902 3526 4947; x_wconf 85' lang='lat' dir='ltr'><strong><em>cst</em></strong></span> 
     </span>
    </p>
   </div>
   <div class='ocr_carea' id='block_1_113' title="bbox 1944 4973 3520 5044">
    <p class='ocr_par' dir='ltr' id='par_1_113' title="bbox 1944 4973 3520 5044">
     <span class='ocr_line' id='line_1_113' title="bbox 1944 4973 3520 5044; baseline 0.011 -23"><span class='ocrx_word' id='word_1_892' title='bbox 1944 4973 2201 5044; x_wconf 70' lang='lat' dir='ltr'><strong><em>jt&#39;jllniUIII</em></strong></span> <span class='ocrx_word' id='word_1_893' title='bbox 2231 4994 2243 5029; x_wconf 91' lang='lat'>:</span> <span class='ocrx_word' id='word_1_894' title='bbox 2277 4992 2379 5029; x_wconf 87' lang='lat' dir='ltr'><strong><em>non</em></strong></span> <span class='ocrx_word' id='word_1_895' title='bbox 2411 4975 2639 5031; x_wconf 86' lang='lat' dir='ltr'><strong><em>termino</em></strong></span> <span class='ocrx_word' id='word_1_896' title='bbox 2683 4978 3158 5033; x_wconf 81' lang='lat' dir='ltr'><strong><em>circumscribitur.</em></strong></span> <span class='ocrx_word' id='word_1_897' title='bbox 3192 4981 3322 5034; x_wconf 80' lang='lat' dir='ltr'><strong><em>Cum</em></strong></span> <span class='ocrx_word' id='word_1_898' title='bbox 3373 4984 3520 5039; x_wconf 83' lang='lat' dir='ltr'><strong><em>ordi-</em></strong></span> 
     </span>
    </p>
   </div>
   <div class='ocr_carea' id='block_1_114' title="bbox 1949 5067 3526 5140">
    <p class='ocr_par' dir='ltr' id='par_1_114' title="bbox 1949 5067 3526 5140">
     <span class='ocr_line' id='line_1_114' title="bbox 1949 5067 3526 5140; baseline 0.008 -21"><span class='ocrx_word' id='word_1_899' title='bbox 1949 5080 2076 5119; x_wconf 87' lang='lat' dir='ltr'><strong><em>nare</em></strong></span> <span class='ocrx_word' id='word_1_900' title='bbox 2109 5069 2416 5136; x_wconf 87' lang='lat' dir='ltr'><strong><em>oportebat.</em></strong></span> <span class='ocrx_word' id='word_1_901' title='bbox 2468 5077 2593 5121; x_wconf 89' lang='lat' dir='ltr'><strong><em>tunc</em></strong></span> <span class='ocrx_word' id='word_1_902' title='bbox 2632 5067 2877 5136; x_wconf 86' lang='lat' dir='ltr'><strong><em>jejunant</em></strong></span> <span class='ocrx_word' id='word_1_903' title='bbox 2903 5087 2916 5124; x_wconf 92' lang='lat'>:</span> <span class='ocrx_word' id='word_1_904' title='bbox 2945 5081 2998 5124; x_wconf 92' lang='lat' dir='ltr'><strong><em>et</em></strong></span> <span class='ocrx_word' id='word_1_905' title='bbox 3032 5071 3397 5140; x_wconf 85' lang='lat' dir='ltr'><strong><em>jejnnantibus</em></strong></span> <span class='ocrx_word' id='word_1_906' title='bbox 3423 5078 3526 5132; x_wconf 88' lang='lat' dir='ltr'><strong><em>illis</em></strong></span> 
     </span>
    </p>
   </div>
   <div class='ocr_carea' id='block_1_115' title="bbox 1947 5156 3525 5235">
    <p class='ocr_par' dir='ltr' id='par_1_115' title="bbox 1947 5156 3525 5235">
     <span class='ocr_line' id='line_1_115' title="bbox 1947 5156 3525 5235; baseline 0.01 -23"><span class='ocrx_word' id='word_1_907' title='bbox 1947 5158 2081 5212; x_wconf 81' lang='lat' dir='ltr'><strong><em>dixit</em></strong></span> <span class='ocrx_word' id='word_1_908' title='bbox 2101 5156 2350 5226; x_wconf 80' lang='lat' dir='ltr'><strong><em>Spiritus.</em></strong></span> <span class='ocrx_word' id='word_1_909' title='bbox 2380 5159 2648 5228; x_wconf 80' lang='lat' dir='ltr'><strong><em>Jejunimn</em></strong></span> <span class='ocrx_word' id='word_1_910' title='bbox 2677 5176 2804 5214; x_wconf 81' lang='lat' dir='ltr'><strong><em>vero</em></strong></span> <span class='ocrx_word' id='word_1_911' title='bbox 2833 5179 2938 5216; x_wconf 94' lang='lat' dir='ltr'><strong><em>non</em></strong></span> <span class='ocrx_word' id='word_1_912' title='bbox 2966 5163 3066 5219; x_wconf 87' lang='lat' dir='ltr'><strong><em>hoc</em></strong></span> <span class='ocrx_word' id='word_1_913' title='bbox 3092 5165 3263 5221; x_wconf 90' lang='lat' dir='ltr'><strong><em>soltnn</em></strong></span> <span class='ocrx_word' id='word_1_914' title='bbox 3286 5180 3362 5224; x_wconf 75' lang='grc' dir='ltr'><strong><em>ρει</em></strong></span> <span class='ocrx_word' id='word_1_915' title='bbox 3387 5188 3402 5235; x_wconf 86' lang='lat'><strong>;</strong></span> <span class='ocrx_word' id='word_1_916' title='bbox 3430 5172 3525 5227; x_wconf 89' lang='lat' dir='ltr'><strong><em>scd</em></strong></span> 
     </span>
    </p>
   </div>
   <div class='ocr_carea' id='block_1_116' title="bbox 1947 5251 3524 5326">
    <p class='ocr_par' dir='ltr' id='par_1_116' title="bbox 1947 5251 3524 5326">
     <span class='ocr_line' id='line_1_116' title="bbox 1947 5251 3524 5326; baseline 0.008 -23"><span class='ocrx_word' id='word_1_917' title='bbox 1947 5251 2105 5303; x_wconf 84' lang='lat' dir='ltr'><strong><em>etiam</em></strong></span> <span class='ocrx_word' id='word_1_918' title='bbox 2139 5251 2407 5304; x_wconf 85' lang='lat' dir='ltr'><strong><em>abstinere</em></strong></span> <span class='ocrx_word' id='word_1_919' title='bbox 2448 5267 2477 5304; x_wconf 87' lang='lat' dir='ltr'><strong><em>a</em></strong></span> <span class='ocrx_word' id='word_1_920' title='bbox 2509 5251 2746 5316; x_wconf 81' lang='lat' dir='ltr'><strong><em>deliciis,</em></strong></span> <span class='ocrx_word' id='word_1_921' title='bbox 2795 5253 2982 5322; x_wconf 85' lang='lat' dir='ltr'><strong><em>jejunii</em></strong></span> <span class='ocrx_word' id='word_1_922' title='bbox 3015 5259 3220 5326; x_wconf 81' lang='lat' dir='ltr'><strong><em>Species</em></strong></span> <span class='ocrx_word' id='word_1_923' title='bbox 3258 5271 3357 5316; x_wconf 83' lang='lat' dir='ltr'><strong><em>cst.</em></strong></span> <span class='ocrx_word' id='word_1_924' title='bbox 3413 5264 3524 5317; x_wconf 81' lang='lat' dir='ltr'><strong><em>[loc</em></strong></span> 
     </span>
    </p>
   </div>
   <div class='ocr_carea' id='block_1_117' title="bbox 1949 5347 3526 5418">
    <p class='ocr_par' dir='ltr' id='par_1_117' title="bbox 1949 5347 3526 5418">
     <span class='ocr_line' id='line_1_117' title="bbox 1949 5347 3526 5418; baseline 0.004 -19"><span class='ocrx_word' id='word_1_925' title='bbox 1949 5355 2151 5400; x_wconf 81' lang='lat' dir='ltr'><strong><em>tantum</em></strong></span> <span class='ocrx_word' id='word_1_926' title='bbox 2188 5359 2286 5415; x_wconf 80' lang='lat' dir='ltr'><strong><em>ego</em></strong></span> <span class='ocrx_word' id='word_1_927' title='bbox 2332 5347 2534 5413; x_wconf 82' lang='lat' dir='ltr'><strong><em>impero</em></strong></span> <span class='ocrx_word' id='word_1_928' title='bbox 2582 5362 2596 5398; x_wconf 88' lang='lat'><strong>:</strong></span> <span class='ocrx_word' id='word_1_929' title='bbox 2641 5361 2746 5400; x_wconf 90' lang='lat' dir='ltr'><strong><em>non</em></strong></span> <span class='ocrx_word' id='word_1_930' title='bbox 2786 5348 3058 5418; x_wconf 84' lang='lat' dir='ltr'><strong><em>jejunate,</em></strong></span> <span class='ocrx_word' id='word_1_931' title='bbox 3098 5352 3190 5406; x_wconf 85' lang='lat' dir='ltr'><strong><em>sed</em></strong></span> <span class='ocrx_word' id='word_1_932' title='bbox 3243 5371 3270 5406; x_wconf 85' lang='lat' dir='ltr'><strong><em>a</em></strong></span> <span class='ocrx_word' id='word_1_933' title='bbox 3321 5355 3526 5408; x_wconf 72' lang='lat' dir='ltr'><strong><em>deliciis</em></strong></span> 
     </span>
    </p>
   </div>
   <div class='ocr_carea' id='block_1_118' title="bbox 1946 5437 3517 5514">
    <p class='ocr_par' dir='ltr' id='par_1_118' title="bbox 1946 5437 3517 5514">
     <span class='ocr_line' id='line_1_118' title="bbox 1946 5437 3517 5514; baseline 0 -22"><span class='ocrx_word' id='word_1_934' title='bbox 1946 5439 2227 5492; x_wconf 83' lang='lat' dir='ltr'><strong><em>abstinete.</em></strong></span> <span class='ocrx_word' id='word_1_935' title='bbox 2257 5437 2520 5492; x_wconf 80' lang='lat' dir='ltr'><strong><em>Alimenta</em></strong></span> <span class='ocrx_word' id='word_1_936' title='bbox 2570 5454 2901 5507; x_wconf 79' lang='lat' dir='ltr'><strong><em>qnzeramus.</em></strong></span> <span class='ocrx_word' id='word_1_937' title='bbox 2957 5440 3060 5496; x_wconf 83' lang='lat' dir='ltr'><strong><em>non</em></strong></span> <span class='ocrx_word' id='word_1_938' title='bbox 3091 5445 3517 5514; x_wconf 84' lang='lat' dir='ltr'><strong><em>corruptionem;</em></strong></span> 
     </span>
    </p>
   </div>
   <div class='ocr_carea' id='block_1_119' title="bbox 1946 5529 3516 5600">
    <p class='ocr_par' dir='ltr' id='par_1_119' title="bbox 1946 5529 3516 5600">
     <span class='ocr_line' id='line_1_119' title="bbox 1946 5529 3516 5600; baseline -0.004 -16"><span class='ocrx_word' id='word_1_939' title='bbox 1946 5531 2191 5584; x_wconf 83' lang='lat' dir='ltr'><strong><em>alimenta</em></strong></span> <span class='ocrx_word' id='word_1_940' title='bbox 2213 5545 2530 5600; x_wconf 72' lang='lat' dir='ltr'><strong><em>qumramns.</em></strong></span> <span class='ocrx_word' id='word_1_941' title='bbox 2556 5546 2659 5584; x_wconf 91' lang='lat' dir='ltr'><strong><em>non</em></strong></span> <span class='ocrx_word' id='word_1_942' title='bbox 2679 5533 2984 5586; x_wconf 78' lang='lat' dir='ltr'><strong><em>lttttl&#39;btit’lltll</em></strong></span> <span class='ocrx_word' id='word_1_943' title='bbox 3009 5537 3315 5590; x_wconf 81' lang='lat' dir='ltr'><strong><em>occasiones</em></strong></span> <span class='ocrx_word' id='word_1_944' title='bbox 3335 5539 3387 5583; x_wconf 84' lang='lat' dir='ltr'><strong><em>et</em></strong></span> <span class='ocrx_word' id='word_1_945' title='bbox 3407 5529 3516 5596; x_wconf 83' lang='lat' dir='ltr'><strong><em>spi—</em></strong></span> 
     </span>
    </p>
   </div>
   <div class='ocr_carea' id='block_1_120' title="bbox 2015 5731 2902 5796">
    <p class='ocr_par' dir='ltr' id='par_1_120' title="bbox 2015 5731 2902 5796">
     <span class='ocr_line' id='line_1_120' title="bbox 2015 5731 2902 5796; baseline 0 -16"><span class='ocrx_word' id='word_1_946' title='bbox 2015 5735 2090 5796; x_wconf 70' lang='grc' dir='ltr'>(ιι)</span> <span class='ocrx_word' id='word_1_947' title='bbox 2129 5731 2246 5783; x_wconf 69' lang='lat' dir='ltr'><strong><em>Vide</em></strong></span> <span class='ocrx_word' id='word_1_948' title='bbox 2271 5732 2665 5796; x_wconf 69' lang='lat' dir='ltr'><strong><em>.lt&#39;scpltunt,llb.</em></strong></span> <span class='ocrx_word' id='word_1_949' title='bbox 2699 5735 2772 5793; x_wconf 76' lang='lat'><strong><em>19,</em></strong></span> <span class='ocrx_word' id='word_1_950' title='bbox 2798 5731 2902 5783; x_wconf 71' lang='lat' dir='ltr'><strong><em>c.7.</em></strong></span> 
     </span>
    </p>
   </div>
  </div>
