4036 6220
433 334 538 393 107

428 448 701 506 ritualium
748 457 803 500 et
843 458 1259 515 corporeornm;
1307 441 1617 497 alimentum
1666 454 2006 511 quairamus,

426 539 571 608 quod
602 537 925 605 voluptatem
953 536 1167 605 quidem
1209 534 1434 599 habeat,
1481 549 1587 588 non
1632 547 1763 587 vero
1792 532 2011 587 delicias

427 626 666 681 molestia
698 626 901 695 plenas.
927 625 1061 681 Illud
1090 640 1254 681 suave
1298 634 1403 692 est,
1458 624 1564 680 hoc
1612 624 1967 694 perniciosqu
1992 666 2008 688 ,

424 716 557 772 illud
583 717 828 787 voluptas
857 727 973 784 est,
1008 717 1109 772 hoc
1131 718 1319 782 labor;
1351 716 1480 771 illud
1513 717 1808 772 secundum
1854 725 2010 770 natu-

423 823 571 871 ram,
619 808 720 863 hoc
749 820 940 878 praeter
972 820 1235 863 naturam.
1288 809 1383 865 Dic
1414 809 1556 865 enim
1597 807 1727 863 mihi
1752 848 1770 875 ,
1802 808 1846 862 si
1890 808 2012 876 quis

422 901 577 958 daret
607 902 700 957 tibi
731 905 964 958 toxicum
989 903 1057 958 ad
1087 912 1267 972 potum
1289 945 1304 967 ,
1334 917 1513 958 nonne
1539 901 1640 956 hoc
1676 911 1872 970 praeter
1910 915 2007 953 na-

356 970 372 985 .
424 1004 596 1049 Iuram
629 995 809 1049 esset?
835 995 879 1049 si
910 996 1027 1064 quis
1053 996 1193 1065 ligna
1223 1006 1275 1052 et
1300 995 1537 1065 lapides,
1574 1010 1753 1049 nonne
1791 1009 2007 1049 aversa-

423 1084 583 1149 reris,
614 1095 668 1140 et
695 1085 911 1156 quidem
956 1086 1180 1142 merito?
1210 1087 1411 1143 Pneter
1450 1099 1691 1142 naturam
1722 1089 1863 1142 enim
1908 1085 2009 1141 hoc

422 1187 545 1245 est,
575 1187 633 1232 ut
667 1189 720 1232 et
761 1179 986 1235 delicia).
1011 1178 1143 1234 Nam
1176 1191 1232 1233 ut
1259 1181 1309 1235 in
1339 1180 1591 1246 civitate,
1632 1197 1751 1251 qua:
1794 1179 2009 1234 obside-

424 1281 529 1334 tur,
563 1287 749 1343 magna
782 1274 1111 1341 perturbatio
1140 1282 1195 1330 et
1219 1274 1475 1329 tumultus
1501 1284 1581 1329 est
1602 1317 1617 1338 ,
1658 1274 1882 1328 inimicis
1927 1273 2006 1326 in-

420 1362 572 1431 gredi
610 1364 965 1418 conantibus:
999 1365 1069 1419 ita
1099 1376 1155 1421 et
1183 1366 1235 1420 in
1277 1366 1453 1420 anima
1484 1365 1710 1430 accidit,
1750 1365 1878 1419 dum
1929 1366 2007 1417 vi-

423 1468 548 1505 num
574 1462 627 1506 et
646 1453 851 1508 deliciae
880 1457 1286 1526 superveniunt.
1315 1455 1410 1510 Cui
1434 1472 1510 1510 vce
1534 1499 1549 1523 ,
1604 1458 1685 1510 cui
1712 1456 1959 1510 tumultus
1986 1498 2001 1523 ,

418 1542 500 1595 cui
520 1543 766 1599 molestic
786 1555 834 1599 et
862 1562 1039 1617 nugas,
1066 1548 1148 1600 cui
1162 1548 1456 1618 judicium?
1492 1565 1658 1602 nonne
1682 1549 1744 1602 iis
1763 1588 1777 1601 .
1809 1550 1897 1617 qui
1926 1550 2004 1602 vi-

421 1651 541 1688 mtnt
561 1636 763 1689 assidue
791 1638 1002 1707 potant?
1028 1637 1190 1708 Cujus
1225 1640 1354 1709 lippi
1394 1649 1512 1693 sunt
1533 1641 1667 1693 oculi
1705 1638 1886 1708 (Prov.
1910 1640 2000 1695 25.

417 1725 508 1781 29.
534 1726 659 1799 '50)?
693 1728 886 1784 Verum
916 1730 1171 1801 quidquid
1199 1731 1516 1797 dixerimus,
1545 1748 1650 1785 non
1698 1742 2006 1787 avertemus

418 1834 534 1885 eos,
557 1820 644 1890 qui
671 1820 880 1875 deliciis
900 1820 1030 1876 dant
1052 1838 1293 1891 operam,
1326 1823 1424 1877 nisi
1447 1825 1609 1878 alium
1630 1824 2004 1894 aggrediamur

417 1913 582 1966 animi
598 1914 863 1968 morbum.
891 1914 956 1968 Et
982 1916 1209 1984 primum
1228 1926 1412 1970 contra
1437 1917 1688 1972 mulieres
1709 1918 1776 1970 sit
1800 1932 1999 1971 sermo.

416 2005 555 2061 Nihil
588 2008 795 2076 turpius
845 2009 1067 2064 muliere
1108 2008 1317 2063 deliciis
1354 2008 1569 2075 dedita,
1618 2008 1749 2062 nihil
1800 2009 2003 2077 turpius

415 2102 626 2157 ebriosa
652 2120 669 2158 :
707 2104 1024 2159 obscuratur
1047 2106 1187 2160 enim
1219 2106 1317 2161 llos
1348 2107 1529 2162 vultus
1576 2107 1693 2177 ejus
1716 2148 1733 2174 ,
1762 2108 2004 2164 turbatur

414 2196 676 2251 serenitas
706 2205 759 2251 et
787 2197 1021 2252 suavitas
1058 2198 1335 2253 oculorum
1360 2240 1375 2263 ,
1408 2200 1559 2270 quasi
1600 2199 1739 2254 nube
1771 2198 2001 2270 quadam

413 2289 622 2344 solares
646 2288 827 2345 radios
852 2290 1133 2346 subeunte.
1153 2292 1257 2347 Res
1281 2301 1366 2348 est
1386 2291 1660 2348 illiberalis
1679 2303 1733 2347 et
1756 2294 1961 2347 servilis
1983 2335 1999 2361 ,

413 2393 577 2451 atque
600 2383 931 2454 ignobilitate
954 2387 1126 2454 plena.
1150 2386 1321 2455 Quam
1344 2387 1579 2441 insuavis
1600 2397 1684 2443 est
1705 2389 1897 2445 mulier
1924 2390 2004 2444 vi-

416 2488 543 2527 num
573 2475 783 2544 spirans
805 2517 818 2539 ,
849 2477 990 2547 quod
1021 2478 1164 2532 oleat
1183 2488 1238 2534 et
1266 2490 1575 2549 corruptum
1602 2482 1672 2535 sit
1712 2482 1838 2537 dum
1877 2498 1999 2537 eru-

416 2571 525 2616 ctat
571 2565 812 2620 carnium
855 2578 1225 2637 corruptarum
1262 2569 1579 2638 humorem,
1619 2582 1901 2642 aggravata
1944 2582 2002 2629 ut

415 2670 637 2727 surgere
663 2668 915 2728 nequeat,
947 2660 1240 2716 rubicunda
1268 2663 1386 2733 plus
1413 2678 1574 2734 quam
1606 2679 1703 2734 par
1725 2675 1828 2731 est,
1857 2666 2000 2722 osci-

418 2758 556 2814 tans,
578 2761 633 2805 et
660 2751 1103 2823 caligineoﬁ‘usa?
1128 2757 1198 2810 At
1234 2770 1338 2810 non
1372 2758 1492 2812 talis
1538 2766 1621 2812 est
1663 2758 1783 2823 illa,
1824 2774 1942 2829 qtae
1969 2776 2001 2816 a

415 2842 686 2913 voluptate
710 2844 980 2912 abstinet;
1020 2846 1115 2902 sed
1156 2847 1414 2916 honesta,
1462 2859 1767 2919 temperans
1792 2861 1846 2907 et
1886 2850 1994 2906 l‘or-

415 2948 566 2989 mosa
599 2951 614 2989 :
648 2950 770 2989 nam
798 2937 963 2991 animi
994 2938 1312 3009 compositio
1354 2941 1578 2997 multum
1607 2942 1818 3011 corpori
1845 2942 2000 2997 affert

413 3025 683 3081 decorem.
705 3026 782 3082 Ne
808 3038 961 3097 putes
981 3032 1124 3084 enim
1155 3046 1183 3083 a
1205 3031 1470 3102 corporali
1500 3033 1673 3088 solum
1700 3035 1877 3103 Specie
1899 3034 2001 3091 hoc

415 3118 550 3173 ﬁeri.
586 3119 656 3172 Da
689 3118 977 3175 formosam
1006 3121 1259 3189 puellam,
1290 3122 1669 3189 turbulentam,
1698 3125 1995 3195 loquacem,

414 3213 824 3277 conviciantem,
853 3215 1141 3279 ebriosam,
1165 3225 1532 3285 sumptuosam
1569 3234 1581 3270 :
1613 3233 1791 3273 nonne
1811 3222 2001 3288 quavis

417 3304 555 3360 teda
596 3314 649 3359 et
680 3305 817 3373 turpi
843 3305 1134 3360 deformior
1171 3306 1295 3360 est?
1334 3306 1389 3362 Si
1430 3322 1559 3362 vero
1604 3310 1863 3379 pudorem
1907 3311 2003 3365 ha-

418 3397 533 3452 beat
558 3438 575 3463 ,
601 3398 644 3452 si
672 3406 879 3463 taceat,
908 3400 953 3451 si
981 3398 1299 3454 erubescere
1334 3399 1616 3466 didicerit,
1656 3417 1720 3456 ac
1759 3402 1999 3458 modeste

417 3489 595 3561 loqui,
641 3489 685 3544 si
727 3492 1009 3559 jejunare,
1038 3490 1233 3560 duplex
1284 3501 1366 3546 est
1404 3492 1782 3564 pulchritudo,
1829 3495 2000 3565 major

416 3581 621 3645 forma,
671 3583 871 3651 gratior
908 3584 1118 3646 vultus,
1160 3583 1405 3639 castitate
1447 3593 1502 3639 et
1548 3598 1738 3640 ornatu
1787 3588 1994 3659 plenus.

418 3676 510 3730 \‘is
539 3675 647 3740 iam
674 3676 741 3730 de
771 3676 901 3729 viris
931 3676 1253 3746 loquamur?
1282 3676 1418 3744 Quid
1444 3678 1597 3732 ebrio
1625 3681 1874 3750 turpius?
1905 3682 1998 3736 lti-

416 3768 625 3822 tlicuius
659 3778 741 3822 est
780 3766 991 3822 famulis
1013 3810 1027 3833 ,
1076 3767 1333 3823 ridiculus
1371 3769 1647 3837 hostibus,
1682 3772 2001 3829 miserabilis

415 3857 554 3926 apud
580 3857 781 3912 amicos
802 3898 816 3922 ,
847 3859 989 3912 omni
1020 3858 1364 3917 damnatione
1412 3860 1643 3930 dignus:
1676 3861 1788 3917 fera
1833 3865 2000 3934 magis

416 3964 573 4018 quam
602 3948 763 4003 homo
796 3967 811 4005 :
842 3964 964 4005 nam
993 3950 1171 4006 multis
1198 3952 1509 4023 ingurgitari
1542 3954 1713 4022 pardi,
1749 3956 1919 4010 leonis
1948 3966 2001 4011 (ιι

419 4041 526 4096 ursi
558 4050 661 4095 est.
691 4042 760 4095 At
790 4041 876 4096 illa
907 4042 985 4096 sic
1011 4042 1203 4096 merito
1229 4044 1427 4099 iaciunt
1456 4062 1470 4097 :
1500 4061 1604 4099 non
1630 4045 1828 4102 habent
1856 4049 1998 4102 enim

415 4134 647 4188 animam
676 4135 1006 4191 rationalem.
1031 4135 1169 4204 Quin
1197 4145 1251 4189 et
1278 4136 1382 4190 illa:
1402 4136 1447 4191 si
1477 4136 1613 4191 ultra
1637 4153 1938 4192 mensuram
1967 4156 1997 4194 a

417 4238 604 4281 natura
633 4226 908 4281 deﬁnitam
938 4226 1119 4293 edant,
1152 4235 1268 4281 toto
1289 4242 1517 4297 corpore
1535 4240 1952 4298 corrumpuntur
1984 4250 1997 4284 :

415 4328 616 4388 quanto
647 4319 814 4387 magis
840 4319 975 4372 nos?
1018 4317 1142 4373 Ideo
1171 4318 1325 4372 nobis
1352 4319 1492 4373 Deus
1541 4329 1822 4389 augustum
1875 4337 2001 4377 ven-

419 4420 555 4464 trem
585 4409 768 4474 dedit;
804 4409 923 4463 ideo
950 4424 1167 4478 parvam
1200 4411 1294 4463 tibi
1322 4426 1626 4466 mensuram
1653 4414 1915 4483 deﬁnivit,
1945 4426 2001 4471 ιιι

416 4502 635 4557 doceret
661 4503 892 4556 animam
922 4504 1096 4557 curari
1125 4514 1395 4573 oportere.

490 4594 544 4648 5.
576 4592 989 4648 Consideremus
1025 4594 1194 4663 ipsam
1236 4596 1675 4653 constitutionem
1724 4610 1960 4656 nostram
1982 4644 1997 4667 ,

417 4693 473 4739 et
499 4683 797 4739 videbimus
822 4700 985 4739 unam
1019 4686 1327 4755 particulam
1356 4687 1407 4742 in
1452 4689 1605 4743 nobis
1634 4690 1771 4746 hanc
1802 4691 2000 4750 habere

416 4779 804 4847 operationem.
837 4776 911 4833 Os
954 4779 1095 4833 enim
1130 4788 1369 4833 nostrum
1400 4787 1455 4834 et
1478 4780 1652 4852 lingua
1680 4784 1744 4837 ad
1775 4784 2002 4854 hymnos

416 4874 665 4941 deputata
696 4881 850 4928 sunt.
882 4870 1062 4927 fauces
1082 4871 1146 4926 ad
1174 4888 1381 4927 vocem.
1414 4873 1539 4929 Ideo
1569 4878 1860 4930 necessitas
1905 4895 2001 4932 na-

417 4977 552 5020 tura:
583 4981 680 5021 nos
707 4964 915 5037 ligavit,
947 4978 1002 5020 ut
1030 4982 1097 5020 tte
1125 4965 1271 5020 inviti
1298 4966 1511 5037 quidem
1535 4968 1586 5020 in
1614 4968 1830 5022 multam
1858 4968 2000 5024 difﬁ-

416 5061 668 5115 cultatem
712 5059 1029 5115 incidamus.
1061 5059 1117 5114 Si
1160 5076 1390 5130 namque
1413 5061 1657 5130 voluptas
1700 5063 1915 5118 morbos
1946 5075 2000 5119 et

418 5151 759 5219 :rgritudines
790 5167 893 5207 non
922 5152 1161 5215 haberet,
1192 5153 1484 5208 tolerabilis
1516 5168 1600 5208 res
1639 5162 1782 5209 esset
1814 5171 1830 5208 :
1860 5171 2001 5210 nunc

417 5255 596 5298 autem
646 5252 854 5301 natura)
902 5245 993 5299 tibi
1038 5246 1297 5300 terminos
1343 5245 1552 5315 posuit,
1598 5255 1656 5300 ut
1692 5261 1760 5301 ne
1808 5248 1997 5302 volens

415 5338 629 5407 quidem
658 5338 1086 5407 transgrediaris.
1132 5338 1318 5393 Nonne
1356 5339 1713 5409 voluptatem,
1763 5338 1959 5395 dilecte
1982 5383 1997 5404 ,

415 5432 612 5503 qutcris
630 5429 656 5483 ?
694 5429 840 5483 lianc
866 5445 895 5481 a
926 5428 1223 5498 frugalitate
1256 5430 1505 5498 parabis:
1533 5446 1710 5486 nonne
1736 5431 1969 5487 valetudi
1994 5466 1995 5469 η

416 5521 580 5578 nem?
622 5521 687 5576 Et
716 5520 853 5574 hanc
878 5535 1129 5589 quoque:
1175 5535 1351 5575 nonne
1398 5523 1696 5578 libertatem
1737 5539 1765 5576 a
1812 5526 2000 5579 curis?

415 5614 563 5671 lianc
607 5612 829 5669 itidem:
864 5627 1041 5667 nonne
1101 5612 1435 5679 libertatem,
1490 5616 1651 5669 rolmr
1700 5628 1753 5671 et
1805 5617 1997 5672 bonam

413 5706 852 5764 constitutionem
879 5707 1140 5776 corporis,
1165 5707 1359 5761 anima:
1384 5707 1747 5773 sobrietatem,
1776 5710 1996 5779 vigilan-

416 5798 584 5853 tiam?
612 5798 757 5856 Bona
782 5799 958 5857 omnia
982 5798 1067 5856 hic
1086 5807 1210 5855 sunt
1240 5816 1253 5853 :
1291 5799 1339 5853 iu
1367 5801 1585 5869 crapula
1624 5816 1751 5856 vero
1777 5813 1991 5858 contra-

1140 330 1197 384 S.
1236 327 1512 383 JO.\.\'NIS
1548 321 2019 382 CllllYSOSTOMl
2059 321 2374 378 ARCIIIEP.
2412 322 2944 381 CONSTANTINOP.

3599 329 3715 386 908

2124 440 2201 492 in
2229 479 2245 505 ,
2279 439 2588 506 insuavitas,
2624 441 2760 496 mala
2792 442 3058 510 valetudo,
3084 444 3321 510 morbus,
3350 444 3707 516 illiberalitas,

2116 543 2378 602 sumptus.
2406 534 2557 591 Unde
2579 536 2759 606 igitur,
2785 538 3012 607 inquies,
3033 539 3098 594 ad
3125 539 3266 593 illam
3288 541 3559 597 currimus
3584 557 3707 596 om-

2117 623 2256 679 ιιιεεῖ
2292 625 2370 680 Ab
2401 626 2730 683 inﬁrmitate.
2763 630 2855 684 Dic
2883 632 3026 685 enim
3056 630 3181 685 mihi
3207 674 3223 699 ,
3255 647 3352 688 cur
3376 649 3520 703 aeger
3545 638 3699 692 noxia

2115 720 2339 788 quaerit?
2364 737 2541 776 annon
2592 721 2692 776 hoc
2738 723 2910 792 ipsum
2953 724 3162 795 signum
3208 736 3290 781 est
3337 727 3555 782 morbi?
3591 727 3700 784 Cur

2114 811 2334 867 claudus
2358 829 2463 868 non
2488 824 2634 870 recte
2666 816 2899 871 incedit?
2935 833 3113 872 nonne
3142 834 3207 873 ex
3239 820 3443 889 ignavia
3477 830 3531 876 et
3555 824 3697 891 quod

2114 904 2249 957 nolit
2267 906 2522 961 accedere
2546 907 2612 961 ad
2643 908 2950 964 medicum?
2975 910 3081 965 Res
3109 912 3252 966 enim
3277 911 3397 966 alia:
3428 922 3702 981 tempora-

2115 1012 2267 1050 neam
2300 998 2498 1053 habent
2523 1000 2851 1069 voluptatem
2883 1013 3307 1072 perpetuumque
3345 1006 3699 1074 supplicium;

2111 1088 2232 1142 aliae
2265 1103 2296 1144 e
2335 1092 2608 1147 contrario
2632 1101 3030 1162 temporaneam
3062 1096 3371 1169 patientiam
3410 1109 3465 1152 et
3504 1114 3702 1169 perpe-

2115 1188 2262 1232 tuutn
2288 1180 2559 1250 gaudium.
2588 1182 2688 1249 Qui
2713 1184 2874 1253 igitur
2893 1185 2972 1239 sic
3000 1183 3172 1240 mellis
3195 1195 3251 1241 et
3272 1187 3493 1257 ignavus
3510 1199 3614 1253 est,
3646 1199 3707 1245 ut

2113 1286 2218 1324 non
2246 1281 2554 1328 contemnat
2595 1285 2891 1345 prwsentes
2921 1276 3142 1333 delicias
3182 1293 3277 1346 pro
3307 1279 3498 1334 futuris
3518 1321 3536 1345 ,
3592 1282 3707 1335 cito

2110 1364 2337 1433 capitur.
2369 1366 2462 1420 llic
2484 1366 2632 1433 mihi,
2661 1367 2799 1422 Esau
2824 1368 2964 1424 unde
2984 1379 3169 1437 captus
3190 1379 3306 1435 est;
3334 1370 3475 1425 unde
3502 1371 3703 1427 laetum

2113 1468 2167 1511 ut
2194 1466 2509 1526 prtrsentem
2538 1460 2860 1527 voluptatem
2910 1460 3086 1515 futuro
3133 1461 3321 1515 honori
3364 1460 3697 1532 praeler‘rct?

2112 1546 2187 1601 Ex
2219 1549 2462 1604 mollitie.
2487 1550 2600 1607 Hoc
2625 1551 2796 1622 ipsum
2825 1568 2954 1608 vero
2975 1554 3136 1619 unde,
3166 1555 3411 1625 inquies?
3434 1557 3508 1611 Ex
3545 1558 3707 1613 nobis

2111 1641 2274 1709 ipsis;
2303 1642 2445 1712 quod
2476 1643 2596 1698 hinc
2628 1646 2968 1701 manifestum
2998 1659 3099 1701 est.
3132 1648 3358 1713 Quando
3405 1651 3661 1706 volumus
3684 1693 3701 1715 .

2110 1748 2208 1787 nos
2237 1736 2550 1798 excitamus,
2578 1746 2632 1791 et
2661 1738 2922 1806 patientes
2947 1738 3230 1793 ellieimur.
3260 1740 3315 1795 Si
3345 1741 3505 1811 igitur
3525 1759 3708 1812 quan-

2108 1825 2285 1895 doque
2318 1826 2593 1882 advenerit
2627 1830 2952 1896 necessitas,
2998 1847 3143 1900 stepe
3168 1832 3546 1888 contendendo
3576 1845 3706 1889 tan-

2111 1924 2243 1981 tum,
2266 1918 2391 1986 quid
2426 1920 2561 1974 utile
2585 1921 2654 1973 sit
2683 1922 3067 1990 conspicimus.

2180 2007 2326 2063 Gula:
2351 2011 2506 2065 mala.
2535 2041 2606 2051 ——
2628 2010 2764 2067 Cum
2798 2027 2928 2082 ergo
2964 2014 3169 2068 deliciis
3211 2024 3263 2070 te
3290 2014 3568 2070 dediturus
3595 2033 3662 2072 es
3689 2060 3703 2085 ,

2108 2111 2507 2173 temporaneam
2545 2119 2667 2160 esse
2702 2105 3028 2175 voluptatem
3076 2108 3247 2178 cogita
3276 2149 3290 2173 ,
3331 2108 3706 2181 damnumque

2108 2193 2233 2249 hinc
2275 2196 2596 2265 provenieus
2633 2198 2652 2267 (
2677 2199 2926 2252 damnum
2958 2199 3100 2254 enim
3136 2216 3257 2256 vere
3292 2210 3375 2256 est
3399 2243 3414 2268 ,
3447 2218 3569 2256 cum
3602 2219 3704 2257 sua

2107 2286 2343 2356 pernicie
2372 2295 2445 2341 tot
2475 2302 2607 2357 opes
2638 2288 2948 2359 insumere),
2985 2291 3219 2352 morbos,
3255 2292 3613 2357 inﬁrmitates,
3644 2306 3706 2350 et

2106 2380 2429 2451 voluptatem
2457 2391 2759 2436 contemne.
2788 2383 2931 2448 Quot
2960 2385 3037 2437 vis
3078 2384 3171 2438 tibi
3201 2383 3444 2439 homines
3472 2402 3702 2442 enume-

2106 2488 2220 2527 rem
2246 2472 2380 2526 mala
2412 2487 2598 2542 passos
2625 2487 2654 2525 a
2683 2473 3056 2529 deliciis?Noe
3088 2475 3377 2530 inebriatus
3402 2487 3481 2531 est
3507 2493 3572 2533 ac
3598 2495 3700 2532 nu-

2105 2564 2296 2630 datus;
2329 2576 2382 2620 et
2408 2565 2527 2621 vide
2558 2576 2688 2634 quot
2721 2567 2844 2622 hinc
2875 2568 3010 2620 mala
3038 2569 3317 2623 evenerint
3348 2588 3359 2622 :
3394 2586 3490 2639 per
3513 2572 3694 2640 gulam

2105 2656 2246 2711 Esau
2291 2658 2640 2728 primogenita
2681 2658 2949 2727 perdidit,
2982 2668 3037 2713 et
3070 2658 3135 2713 atl
3181 2660 3357 2714 fratris
3397 2661 3595 2716 czedem
3632 2678 3695 2715 se

2104 2748 2354 2802 accinxit.
2389 2747 2621 2818 Papulas
2649 2748 2817 2803 Israel
2852 2751 2979 2803 sedit
3012 2752 3318 2804 manducare
3344 2762 3389 2805 et
3412 2752 3573 2805 bibere
3596 2795 3610 2817 ,
3643 2764 3691 2805 et

2104 2848 2425 2893 surrexerunt
2471 2840 2646 2893 ludere
2684 2839 2701 2907 (
2733 2838 2903 2893 Exod.
2937 2839 3024 2894 52.
3055 2842 3153 2910 6).
3218 2840 3338 2896 Ideo
3390 2844 3489 2907 ait,
3532 2842 3689 2898 Cont-

2104 2931 2257 2985 edens
2284 2940 2333 2985 et
2359 2931 2529 2985 bibens
2553 2931 2821 2985 recordare
2846 2931 3053 2985 Domini
3081 2932 3174 2986 Dei
3200 2936 3274 2986 tui
3294 2933 3467 3002 (Deut.
3496 2936 3549 2991 ϐ.
3579 2937 3693 3008 12).

2106 3024 2164 3080 In
2193 3024 2540 3094 prtecipitium
2580 3025 2722 3080 enim
2754 3034 3012 3092 ruerunt,
3046 3027 3131 3095 qui
3166 3028 3215 3080 in
3244 3027 3464 3083 delicias
3496 3030 3699 3085 incide-

2104 3126 2247 3171 runt.
2289 3116 2475 3183 Vidua,
2509 3116 2699 3187 inquit,
2730 3134 2842 3188 qut:
2868 3119 2922 3171 in
2951 3118 3147 3173 deliciis
3174 3130 3267 3185 est,
3299 3121 3469 3174 virens
3496 3134 3699 3175 mortua

2104 3220 2178 3265 est
2202 3210 2278 3283 (l.
2307 3208 2442 3265 Tim.
2473 3210 2525 3265 5.
2557 3209 2647 3282 6);
2679 3226 2743 3266 ac
2772 3227 3005 3275 rursum,
3037 3210 3411 3282 lmpinguatus.
3443 3214 3692 3268 incrassa-

2105 3313 2185 3357 tus
2208 3313 2301 3369 est,
2329 3311 2376 3357 et
2400 3303 2733 3357 recalcitravit
2754 3303 2965 3358 dilectus
2987 3302 3161 3375 (Deut.
3188 3305 3276 3361 52.
3307 3306 3421 3375 15);
3455 3322 3694 3361 rursum-

2104 3412 2207 3464 quc
2226 3395 2509 3464 Apostolus
2531 3430 2547 3454 ,
2577 3394 2757 3449 Carnis
2787 3412 2961 3448 curam
2991 3413 3057 3450 ne
3090 3398 3304 3466 feceritis
3340 3397 3392 3450 in
3434 3397 3694 3451 desideriis

2106 3489 2125 3557 (
2148 3485 2299 3541 Rom.
2333 3487 2421 3542 l5.
2459 3486 2581 3554 l4).
2622 3486 2736 3541 Non
2786 3488 2956 3557 legem
3004 3503 3144 3557 pono
3179 3488 3446 3558 jejunium
3476 3490 3494 3558 (
3524 3505 3697 3559 neque

2104 3580 2248 3634 enim
2278 3588 2362 3636 est
2386 3579 2477 3649 qui
2504 3579 2749 3647 audiat),
2783 3580 2876 3634 sed
2912 3580 3235 3651 voluptatem
3275 3582 3491 3635 nimiam
3523 3583 3653 3635 tollo
3678 3624 3696 3647 ,

2105 3672 2324 3728 delicias
2361 3672 2616 3727 exscinde
2656 3673 2720 3727 ad
2755 3673 3036 3726 utilitatem
3079 3684 3348 3727 vestram:
3381 3676 3525 3729 velut
3550 3676 3698 3728 enim

2108 3775 2337 3830 torrens,
2360 3763 2440 3819 sic
2464 3766 2641 3818 omnia
2668 3767 2987 3820 subvertunt
3010 3765 3215 3820 deliciae
3238 3785 3251 3830 ;
3286 3766 3415 3820 nihil
3446 3778 3528 3821 est
3551 3769 3698 3837 quod

2107 3856 2364 3925 impediat
2402 3857 2552 3921 illas;
2592 3872 2623 3910 e
2665 3873 2828 3926 regno
2869 3858 3109 3925 ejiciunl.
3138 3857 3272 3923 Quid
3303 3859 3571 3928 amplius?
3607 3860 3702 3915 Vis

2108 3945 2382 4001 deliciari?
2415 3946 2494 4000 Da
2536 3948 2858 4015 pauperibus
2882 3988 2897 4008 .
2928 3963 3057 4001 voca
3101 3946 3411 4011 Christum,
3451 3951 3699 4004 utetiam

2107 4038 2315 4092 sublata
2358 4052 2541 4092 mensa
2580 4038 2867 4093 delicieris.
2901 4038 3051 4094 Nunc
3080 4041 3222 4094 enim
3255 4056 3361 4094 non
3394 4041 3595 4105 habes;
3626 4044 3700 4096 ita

2108 4128 2323 4199 expedit
2348 4146 2363 4183 :
2392 4144 2568 4199 neque
2611 4129 2753 4183 enim
2808 4139 2953 4184 stant
3000 4132 3280 4201 praesentia
3310 4150 3324 4186 :
3357 4143 3482 4187 tunc
3516 4145 3700 4188 autem

2109 4222 2352 4277 habebis.
2405 4221 2494 4276 Vis
2537 4222 2821 4277 deliciari?
2871 4224 2967 4279 Ale
3009 4226 3242 4280 animam
3273 4242 3289 4281 :
3317 4227 3381 4281 da
3429 4228 3505 4282 illi
3546 4228 3702 4283 cibos

2108 4316 2303 4385 quibus
2331 4314 2571 4369 assuevit
2597 4331 2611 4369 :
2641 4332 2707 4370 ne
2740 4315 2879 4371 fame
2909 4317 3122 4372 occidas
3154 4319 3317 4372 illam.
3351 4319 3586 4389 Tempus
3617 4334 3701 4374 est

2109 4408 2232 4463 belli
2275 4417 2327 4462 et
2374 4422 2583 4477 pugna,
2613 4416 2669 4463 tu
2698 4424 2823 4464 vero
2861 4410 3019 4465 sedes
3060 4412 3112 4464 in
3132 4410 3378 4466 deliciis?
3407 4411 3523 4467 Non
3548 4414 3701 4467 vides

2108 4514 2203 4554 eos
2231 4498 2323 4569 qui
2362 4508 2568 4568 sceptra
2603 4508 2825 4565 tenent,
2857 4501 2909 4554 in
2940 4503 3176 4555 exercitu
3220 4502 3491 4573 frugaliter
3518 4504 3704 4558 \iven-

2110 4600 2208 4645 tes.
2245 4589 2368 4644 Non
2404 4600 2476 4644 est
2504 4592 2647 4645 nobis
2678 4591 2812 4645 lucta
2838 4592 3077 4646 adversus
3103 4595 3398 4662 sanguinem
3425 4604 3470 4647 et
3495 4611 3701 4649 carnem

2109 4684 2128 4751 (
2156 4682 2346 4753 Ephes.
2388 4682 2442 4738 6.
2483 4683 2548 4737 12
2570 4681 2628 4752 );
2665 4693 2717 4737 ttt
2749 4699 2879 4737 vero
2911 4694 2965 4737 te
2996 4684 3296 4756 impinguas
3325 4687 3698 4756 pugnaturus?

2113 4777 2369 4831 Dentibus
2411 4776 2646 4830 stridens
2687 4785 2795 4831 stat
2838 4778 3212 4843 advenat-ius;
3259 4788 3312 4832 tu
3344 4794 3470 4833 vero
3498 4780 3701 4833 effusus

2108 4887 2168 4924 cs
2196 4878 2248 4923 et
2278 4883 2476 4924 mensa:
2505 4868 2766 4924 addictus.
2804 4870 2929 4924 Scio
2970 4885 3055 4926 me
3095 4870 3211 4926 lucc
3253 4870 3446 4926 frustra
3475 4871 3658 4926 dicere
3682 4914 3696 4930 .

2109 4962 2204 5017 sed
2245 4976 2350 5015 non
2389 4962 2658 5018 omnibus.
2702 4962 2801 5030 Qui
2837 4963 2981 5016 habet
3015 4980 3165 5017 aures
3198 4964 3479 5028 audiendi,
3521 4965 3700 5018 audiat

2111 5056 2257 5125 (Luc.
2286 5060 2339 5114 8.
2368 5058 2443 5130 8).
2473 5056 2717 5111 Christus
2746 5057 2885 5111 fame
2914 5058 3134 5112 tabescit
3156 5074 3171 5122 ;
3194 5067 3248 5111 et
3273 5068 3326 5110 tu
3351 5074 3457 5126 pra:
3478 5060 3697 5126 crapula

2109 5150 2432 5220 dirumperis
2455 5166 2468 5202 :
2494 5149 2602 5203 duo
2630 5149 2745 5203 sine
2772 5164 3020 5202 mensura
3050 5159 3193 5202 sunt.
3226 5148 3362 5215 Quid
3395 5149 3537 5204 enim
3572 5150 3696 5202 mali

2112 5258 2216 5295 non
2236 5242 2446 5311 pariunt
2466 5240 2672 5295 deliciae
2694 5241 2718 5294 ’ἒ
2736 5241 2811 5310 (tt)
2834 5238 2969 5313 [Sibi
2990 5241 3118 5310 ipsis
3135 5241 3484 5295 adversantur
3504 5240 3543 5311 :]
3558 5240 3698 5294 ttude

2110 5337 2291 5389 nescio
2319 5334 2586 5403 quomodo
2622 5334 2722 5387 hoc
2758 5348 2950 5388 nomen
2978 5334 3181 5388 sortitae
3208 5334 3312 5388 sint
3335 5350 3350 5399 ;
3378 5334 3472 5388 sed
3500 5350 3690 5403 quem.

2109 5429 2394 5484 admodum
2425 5439 2478 5483 et
2506 5428 2670 5500 gloria
2711 5444 2829 5497 qua:
2860 5438 2942 5483 est
2978 5428 3193 5484 infamia
3220 5471 3232 5492 ,
3265 5440 3319 5483 et
3348 5427 3547 5482 divitia:
3577 5445 3696 5496 qua:

2108 5532 2233 5577 sunt
2273 5530 2555 5591 paupertas
2577 5560 2593 5586 ,
2631 5520 2702 5574 ita
2737 5519 2894 5574 dicta:
2929 5529 3054 5575 sunt
3084 5539 3096 5575 :
3128 5521 3204 5576 sic
3238 5532 3290 5576 et
3330 5520 3537 5575 delicia:
3575 5536 3695 5591 qua:

2109 5623 2234 5669 sunt
2276 5612 2552 5667 molestie.
2582 5609 2723 5667 Num
2764 5610 3070 5666 immolandi
3110 5626 3294 5666 smnus
3318 5652 3332 5675 ,
3362 5613 3453 5681 qui
3488 5625 3586 5667 nos
3625 5613 3693 5667 ita

2170 5748 2243 5809 (τι)
2267 5756 2378 5810 Quae
2413 5743 2601 5810 uncinis
2622 5741 2913 5795 clauduntur
2940 5759 3035 5796 non
3071 5745 3189 5807 legit
3228 5744 3405 5807 Metilii,
3435 5750 3691 5810 posuitque

2109 5812 2156 5860 in
2182 5804 2409 5870 margine
2432 5804 2646 5856 savilius.
