3950 6208
209 296 297 351 209
1116 294 1183 350 IN
1222 295 1400 351 ACTA
1442 296 1957 359 APOSTULUBUM.
2001 305 2231 361 HOMlL.
2275 308 2512 365 XXVIII.

215 409 626 480 impinguamns?
645 412 758 467 Car
780 408 946 462 vermi
978 409 1173 464 lautam
1202 426 1357 480 paras
1383 410 1666 466 mensam?
1693 429 1785 467 cur

214 504 445 573 majorem
476 502 607 556 facis
626 502 833 557 saniem
849 502 875 556 ?
894 519 990 557 cur
1016 502 1192 558 fontes
1214 504 1465 558 sudorum
1488 516 1542 559 et
1569 506 1783 561 fartores

213 595 450 662 deponis?
479 610 577 647 cur
615 602 667 647 te
697 594 764 647 ad
793 594 971 647 omnia
1017 594 1257 648 inutilem
1299 595 1517 649 reddis?
1548 596 1637 650 Vis
1664 613 1782 652 esse

214 691 371 741 lortem
397 686 659 740 oculum?
678 684 886 754 Corpus
908 685 989 739 l'ac
1010 686 1307 740 robustum.
1337 686 1465 740 Nam
1492 688 1541 739 in
1565 687 1781 742 chordis

213 795 302 846 que
329 792 513 831 crassa
555 786 612 831 et
642 777 869 845 impura,
908 775 974 829 ad
997 776 1277 831 melodiam
1307 777 1503 831 inu'ilis
1538 787 1637 841 est,
1662 794 1778 847 qua:

216 888 309 924 vero
338 869 581 938 undique
609 884 738 937 pura
765 877 821 922 et
851 876 998 921 tensa
1028 909 1043 933 ,
1073 867 1140 921 ad
1170 882 1333 921 sonos
1362 870 1580 922 otnnino
1611 869 1772 923 utilis.

213 962 289 1012 (Zur
307 960 522 1014 defodis
548 958 825 1012 animam?
853 974 951 1013 cur
979 960 1233 1028 parietem
1260 960 1577 1013 crassiorem
1609 959 1776 1013 lacis?

212 1068 281 1105 cur
301 1066 557 1120 magnum
587 1050 793 1103 fumum
818 1058 873 1103 et
898 1049 1133 1103 nubem?
1159 1048 1587 1119 quandoquidem
1616 1065 1777 1118 vapo-

212 1160 273 1199 res
293 1155 345 1196 ut
375 1143 574 1198 nebula
602 1144 846 1212 qumdam
873 1141 1105 1211 undique
1130 1142 1494 1196 ell'unduntnr.
1530 1144 1583 1196 Si
1618 1159 1775 1195 nemo

209 1238 350 1299 aluus,
378 1236 576 1289 Saltem
620 1234 835 1288 athleta:
876 1234 1107 1288 doceant
1151 1242 1239 1300 te,
1285 1250 1479 1302 corpus
1523 1236 1772 1304 gracilius

208 1344 296 1383 esse
332 1328 632 1381 robustius.
662 1326 752 1380 Sic
790 1338 843 1379 et
884 1326 1058 1379 anima
1091 1325 1442 1395 pblIOSttpllltB
1471 1327 1646 1380 dedita
1680 1328 1771 1380 lir-

208 1422 349 1481 tnior;
380 1418 579 1471 similis
606 1432 836 1487 namque
871 1428 953 1471 est
989 1418 1185 1487 auriga:
1221 1427 1275 1470 et
1304 1433 1461 1485 equo.
1498 1419 1562 1470 Et
1590 1419 1770 1471 videre

207 1514 301 1567 hcet
321 1553 337 1575 ,
363 1514 501 1565 sicut
526 1510 777 1563 homines
800 1509 1010 1563 delicati
1039 1518 1089 1563 et
1118 1509 1393 1563 obesiores
1413 1551 1428 1571 ,
1457 1510 1533 1566 si:
1565 1520 1617 1563 et
1643 1512 1770 1565 obe-

208 1607 351 1658 siores
380 1604 500 1673 equi
538 1602 810 1655 difﬁcilius
848 1602 1146 1655 excitantur
1169 1641 1186 1667 ,
1214 1612 1267 1655 et
1308 1603 1532 1655 multum
1572 1605 1770 1673 aurigae

212 1696 383 1764 negotii
416 1694 704 1748 facessunt.
746 1691 1046 1761 Optandum
1088 1701 1255 1759 certe,
1290 1702 1346 1747 ut
1384 1692 1767 1763 obsequentem

3364 323 3472 382 ξω

1885 427 1939 471 et
1986 419 2195 473 ﬁrmum
2238 437 2431 492 equum
2482 424 2685 479 habens
2733 428 2899 496 possit
2947 427 3185 486 bravium
3234 440 3470 508 assequi.

1886 510 2110 575 Quando
2137 523 2312 568 autem
2343 517 2548 585 cogitur
2572 520 2750 589 auriga
2783 521 2995 579 trahere
3020 524 3190 594 ipsum
3213 568 3229 591 ,
3263 538 3318 583 et
3346 532 3470 584 mil-

1884 602 1980 657 lies
2009 604 2210 672 lapsum
2235 622 2301 661 ne
2328 608 2611 679 pungendo
2636 614 2847 679 quidem
2874 616 3031 685 erigit
3055 619 3290 674 :etiamsi
3314 623 3468 676 valde

1882 694 1951 745 sit
1994 695 2191 762 peritus
2215 739 2229 761 ,
2261 713 2290 750 a
2318 698 2542 753 victoria
2581 703 2807 756 excidet.
2850 704 2925 757 Ne
2959 706 3318 774 deSpiciamus
3346 718 3462 765 alti-

1883 799 2020 836 mam
2053 795 2308 854 nOstram,
2339 803 2368 841 a
2398 804 2621 860 corpore
2649 793 2862 858 la-satn;
2897 796 3003 847 imo
3031 797 3169 857 illam
3201 804 3467 870 perspica-

1880 876 2077 928 ciorem
2108 875 2407 933 efficiamus
2437 900 2449 934 :
2479 882 2613 935 alam
2642 884 2757 950 ejus
2786 885 2952 940 levem
2986 888 3268 943 reddamus
3287 932 3301 953 ,
3335 894 3465 945 mol-

1879 965 2009 1020 liora
2030 969 2234 1023 vincula
2262 974 2634 1027 :sermonibus
2657 976 2795 1028 illam
2822 991 3121 1045 pascamus,
3143 980 3460 1049 frugalitate,

1878 1068 1937 1112 ut
1979 1076 2164 1114 sanum
2197 1063 2266 1115 sit
2297 1079 2491 1133 corpus
2516 1106 2531 1129 ,
2572 1076 2628 1119 ut
2658 1068 2973 1135 robustum,
3019 1081 3075 1124 ut
3109 1073 3338 1142 gaudeat
3366 1091 3465 1128 nec

1877 1154 2051 1209 doleat
2081 1174 2093 1210 :
2128 1166 2184 1211 ut
2230 1169 2411 1213 nostra
2453 1160 2531 1214 sic
2576 1172 2721 1215 recte
2767 1166 3155 1219 constituentes
3197 1167 3463 1235 possimus

1875 1262 2133 1300 summam
2164 1250 2413 1303 virtutem
2452 1251 2714 1321 attingere
2741 1295 2754 1316 ,
2791 1264 2949 1323 atque
2980 1268 3176 1310 adorna
3208 1259 3460 1327 consequi

1876 1346 2033 1400 inuia,
2056 1342 2222 1408 gratia
2245 1352 2297 1394 et
2322 1342 2646 1412 benignitate
2673 1346 2877 1399 Domini
2906 1350 3071 1401 nostri
3093 1348 3216 1402 Jesu
3238 1349 3459 1410 Christi,

1873 1432 2083 1499 quicum
2133 1434 2274 1488 Patri
2318 1452 2528 1506 unaque
2572 1438 2789 1507 Spiritui
2829 1450 3016 1497 sancto
3044 1442 3211 1511 gloria
3236 1484 3250 1505 ,
3287 1444 3458 1513 impe-

1873 1524 2030 1584 rium,
2052 1524 2241 1590 honor,
2267 1542 2406 1581 nunc
2428 1537 2482 1581 et
2506 1542 2738 1599 semper,
2759 1541 2811 1585 et
2833 1532 2884 1585 in
2904 1533 3095 1587 szecula
3117 1532 3458 1589 saeculorum.

1873 1616 2064 1667 Amen.

2142 1837 3445 1862 Ἢ

1464 1900 1807 1963 HOMlLlA
1852 1905 2143 1969 XXVIII.

196 2053 301 2107 Cu.
346 2053 428 2105 13.
462 2065 517 2103 v.
549 2050 605 2102 4.
638 2048 707 2102 Et
749 2046 850 2118 ipsi
894 2048 1091 2117 quidem
1137 2048 1277 2101 missi
1305 2064 1337 2099 a
1364 2047 1564 2114 Spiritu
1593 2058 1768 2099 sancto

249 2144 469 2195 abierunt
498 2140 829 2203 Seleuciam;
851 2151 898 2194 et
925 2141 1041 2193 inde
1061 2141 1419 2209 navigaverunt
1439 2141 1490 2192 in
1517 2138 1761 2209 Cyprum.

250 2237 291 2291 5.
324 2235 389 2288 Et
415 2252 531 2287 cum
565 2236 810 2287 venissem
836 2233 1173 2296 Salaminam,
1200 2233 1543 2301 pra’dicabant
1563 2232 1765 2285 verbum

248 2328 333 2381 Dei
354 2332 406 2378 in
428 2324 1030 2396 synagogisludworum.
1060 2323 1323 2378 Habebunt
1342 2334 1509 2376 autem
1530 2334 1576 2377 et
1597 2323 1763 2376 Joan-

248 2438 351 2471 nem
377 2421 687 2471 ministrum.

250 2514 296 2566 l.
335 2510 581 2565 Ordinati
618 2509 775 2563 simul
806 2509 1050 2563 exierunt
1075 2549 1089 2571 ,
1120 2517 1174 2563 et
1204 2509 1255 2561 in
1286 2508 1515 2579 Cyprum
1550 2507 1763 2575 naviga-

190 2618 326 2670 runt,
355 2620 425 2657 eo
463 2602 606 2672 quod
636 2601 740 2655 illic
782 2601 941 2675 nulla:
975 2610 1153 2655 essent
1196 2600 1421 2662 insidiae,
1445 2609 1499 2654 et
1540 2600 1757 2653 verbum

190 2698 265 2750 Dei
313 2698 419 2766 jam
452 2697 858 2750 disseminatum
893 2707 1057 2749 esset.
1090 2694 1386 2750 Antiocbim
1414 2695 1623 2766 quidem
1650 2696 1754 2761 jam

188 2789 318 2841 neubi
349 2799 498 2842 erant
520 2808 533 2842 :
558 2788 825 2843 l‘hmnicia
862 2804 1023 2856 prope
1047 2786 1382 2842 Palaestinam
1403 2787 1757 2858 erat,Cyprns

186 2900 277 2934 non
300 2885 445 2935 item.
470 2882 736 2935 (Ia-terum
761 2899 825 2933 ne
844 2896 1071 2950 qumras,
1100 2894 1296 2948 quare;
1318 2880 1528 2947 quando
1549 2879 1749 2948 Spiritu

183 2986 491 3029 moventur:
524 2991 630 3029 non
678 2975 851 3028 solum
891 2975 1031 3028 enim
1075 2974 1275 3044 Spiritu
1318 2985 1441 3026 sunt
1479 2974 1749 3039 ordinati,

181 3068 263 3119 scd
294 3069 446 3121 etiam
481 3068 650 3119 missi.
688 3065 753 3119 Et
781 3084 893 3118 cum
920 3067 1162 3119 venissent
1190 3064 1505 3120 Salaminam
1527 3106 1539 3122 ,
1570 3066 1754 3133 pra'di-

180 3160 345 3211 tabam
375 3161 573 3212 rerbnm
600 3157 697 3211 Dei
720 3158 773 3209 in
803 3158 1068 3228 sgnagogis
1096 3156 1411 3210 Judwomm.
1448 3157 1605 3210 Vides
1634 3158 1752 3211 illos

180 3266 293 3302 cum
321 3251 462 3303 onttti
494 3250 766 3319 diligentia
798 3252 1012 3302 verbum
1046 3252 1288 3302 nuntiare
1321 3250 1502 3317 primis
1534 3248 1656 3309 illis,
1685 3265 1752 3303 ne

181 3340 293 3391 illos
321 3341 762 3394 etnitentiosioms
799 3340 1115 3394 redderent?
1146 3340 1207 3393 Et
1230 3341 1301 3392 illi
1328 3340 1533 3392 nonnisi
1556 3339 1752 3393 Jnda'is

186 3432 521 3499 hauebantnr
547 3475 559 3495 ,
589 3444 643 3487 et
672 3434 722 3485 hi
750 3433 815 3486 ad
852 3448 1145 3504 synagogas
1175 3434 1437 3487 abierunt.
1464 3435 1514 3488 ti.
1545 3433 1609 3487 Et
1636 3451 1751 3487 cum

178 3525 590 3589 perambulassent
602 3525 1108 3578 universaminsulum
1121 3541 1272 3593 usque
1291 3523 1543 3593 Paphum,
1560 3542 1751 3579 iurene-

174 3626 286 3666 τηε
304 3618 454 3667 ritum
464 3615 731 3684 quemdam
753 3632 953 3683 magum
975 3616 1462 3684 pseudOpropltetam
1484 3616 1514 3668 J
1524 3617 1745 3680 udamm,

173 3707 251 3755 cui
287 3722 453 3759 nomen
484 3705 725 3776 Barjesu,
762 3707 814 3759 7.
836 3709 917 3775 qui
953 3717 1058 3759 erat
1091 3723 1203 3759 cum
1233 3709 1529 3771 proconsule
1568 3707 1747 3776 Sergio

176 3796 353 3860 Ριηιεο,
380 3802 484 3852 viro
513 3802 759 3866 prudente
784 3815 803 3852 :
828 3800 913 3867 qui
940 3802 1194 3853 accersitis
1220 3799 1455 3853 Barnaba
1481 3811 1528 3853 et
1558 3802 1741 3867 Saulo,

170 3891 471 3942 daiderabat
501 3892 680 3943 audire
703 3891 902 3943 verbum
930 3890 1043 3943 Dei.
1072 3892 1124 3946 8.
1160 3890 1430 3945 Resistebat
1455 3906 1617 3946 autem
1643 3895 1745 3950 illis

176 3980 373 4049 Elymus
412 4001 587 4053 magus
614 3984 729 4051 (sic
769 3984 902 4036 enim
942 3985 1294 4053 interpretatur
1336 4002 1514 4037 nomen
1557 3986 1740 4055 eius),

168 4090 385 4131 θυι-τευ
420 4086 643 4128 arertere
682 4076 1027 4144 proconsulem
1061 4094 1091 4128 a
1121 4077 1240 4143 ﬁde.
1287 4075 1514 4130 Rursum
1556 4093 1741 4147 magus

166 4161 373 4217 Iuda-us
402 4170 539 4220 sicut
578 4168 785 4221 Simon.
826 4168 888 4220 Et
916 4167 1196 4221 considera
1230 4169 1398 4236 ipsum
1426 4211 1439 4230 ,
1470 4169 1593 4222 dum
1622 4171 1740 4223 aliis

163 4260 533 4321 pra-dicabant,
562 4276 664 4312 non
694 4261 916 4313 multum
942 4259 1322 4328 indignantem,
1346 4261 1440 4314 sed
1468 4277 1587 4314 cum
1617 4276 1739 4329 pro-

155 4356 424 4405 omnem
446 4353 725 4406 adiissent.
756 4351 906 4418 Quod
928 4361 1105 4403 autent
1131 4353 1180 4404 in
1206 4352 1521 4419 proconsule
1545 4353 1735 4406 mirum

153 4454 263 4505 est,
291 4446 602 4514 qnodjllins
628 4445 795 4513 magia
828 4456 1244 4513 prmoecupatus,
1278 4445 1502 4499 voluerit
1525 4455 1737 4514 aposto-

150 4536 233 4588 lus
262 4539 459 4591 audire.
491 4538 580 4591 Sic
609 4548 661 4591 et
692 4534 1006 4590 Samaritani
1039 4535 1311 4599 leuerunt;
1338 4546 1390 4590 et
1418 4552 1481 4591 ex
1512 4552 1733 4605 compa-

148 4630 353 4683 ratione
385 4631 603 4683 victoria
643 4641 901 4697 apparet,
941 4638 993 4679 et
1033 4628 1198 4695 magia
1241 4627 1493 4681 vincitur.
1528 4625 1732 4696 Ubique

144 4734 281 4770 una
308 4723 471 4788 gloria
497 4731 551 4773 et
576 4737 726 4772 amor
754 4719 1076 4787 principatus
1103 4732 1276 4770 causre
1303 4718 1559 4771 malorum
1584 4730 1727 4771 sunt.

138 4808 193 4860 9.
226 4814 414 4865 Saulus
440 4826 629 4875 autem,
652 4815 737 4881 qui
763 4821 809 4863 et
840 4810 1050 4875 Paulus,
1075 4810 1294 4878 repletus
1321 4810 1513 4880 Spiritu
1533 4823 1725 4875 sancto,

136 4904 339 4958 intuens
378 4910 428 4958 in
469 4924 583 4956 eum
605 4946 617 4967 ,
656 4906 740 4958 10.
779 4905 907 4956 dixit
931 4920 948 4955 :
972 4903 1016 4955 0
1042 4905 1188 4971 plene
1215 4904 1349 4955 omni
1378 4903 1494 4956 dolo
1519 4913 1565 4955 et
1594 4906 1729 4957 omni

136 4998 371 5057 fallacia,
400 4998 477 5063 [ili
507 4998 715 5049 diaboli.
746 4996 943 5047 inimice
968 4995 1130 5047 ontnis
1157 4994 1383 5061 iustitiae,
1414 5010 1513 5046 non
1542 4994 1728 5047 desinis

132 5088 421 5140 ubi-atere
448 5093 552 5142 vius
586 5088 787 5141 Domini
818 5086 1019 5140 rectus?
1046 5087 1131 5141 ll.
1167 5085 1231 5138 Et
1257 5102 1389 5139 nunc
1412 5102 1522 5139 ecce
1549 5104 1725 5139 manus

136 5176 349 5230 Donasti
379 5197 535 5248 super
562 5192 626 5241 te,
657 5190 703 5232 et
729 5180 825 5232 eris
847 5196 1008 5232 ca'cus
1026 5219 1042 5242 ,
1072 5194 1172 5230 non
1201 5177 1368 5229 videns
1393 5177 1546 5230 solem
1575 5194 1726 5246 usque

128 5274 195 5317 ut
224 5284 447 5335 tempus.
485 5273 579 5325 llic
612 5288 803 5326 nomen
844 5273 984 5324 illius
1015 5282 1247 5323 nmtatnr
1292 5279 1407 5339 post
1436 5271 1722 5323 ordinatio-

126 5380 251 5416 nnn
272 5406 288 5425 ,
320 5367 373 5418 id
400 5365 542 5433 quod
575 5366 731 5416 etiam
765 5363 920 5417 Petro
949 5363 1157 5414 accidit.
1192 5361 1257 5414 Et
1284 5361 1423 5425 vide,
1456 5376 1557 5413 non
1588 5376 1720 5413 con-

126 5456 354 5509 nutrita
379 5467 485 5518 est,
518 5455 607 5508 sed
638 5454 946 5521 increpatio.
981 5452 1282 5507 Petulantes
1306 5450 1447 5505 enim
1474 5461 1526 5503 et
1554 5451 1721 5519 impu-

122 5544 326 5602 (ιαμ-ι
348 5549 423 5601 sic
446 5558 659 5616 oportet
680 5548 973 5615 increpare.
998 5544 1041 5598 Ο
1060 5547 1203 5614 plene
1218 5545 1354 5599 omni
1369 5544 1506 5608 dolo,
1529 5544 1717 5612 inquit,

123 5655 167 5691 es
192 5659 345 5695 omni
365 5640 598 5711 fallacia,
622 5640 698 5709 ﬁli
724 5638 910 5691 diaboli
930 5680 945 5703 ,
968 5638 1164 5693 inimice
1188 5638 1350 5692 omnis
1366 5637 1598 5707 justitiw.
1624 5636 1719 5693 llic

126 5734 343 5787 revelat
383 5750 446 5788 ea
473 5777 487 5797 ,
518 5749 637 5801 qua:
678 5732 730 5786 in
760 5739 938 5785 mente
968 5730 1058 5786 ille
1086 5731 1343 5796 habebat.
1376 5730 1502 5786 dum
1533 5731 1716 5786 salutis

1873 2051 2090 2107 obtentu
2126 2058 2493 2122 proc0nsulem
2530 2059 2793 2125 perderet.
2828 2059 2947 2113 Non
2976 2060 3163 2116 desinis
3186 2102 3203 2127 ,
3238 2064 3447 2133 inquit,

1870 2144 2150 2198 subvertere
2175 2148 2280 2200 vias
2313 2147 2550 2202 Domini?
2571 2150 2634 2204 Et
2662 2165 2782 2204 cum
2827 2152 2929 2204 tide
2954 2194 2968 2217 ,
2998 2152 3111 2206 Non
3143 2166 3324 2207 contra
3355 2171 3451 2210 nos

1869 2234 2112 2289 decet-tas
2136 2248 2189 2290 et
2219 2253 2419 2308 pugnas
2438 2281 2454 2305 ,
2486 2240 2592 2303 ait,
2623 2242 2715 2295 sed
2742 2243 2852 2296 vias
2883 2245 3086 2297 Domini
3118 2255 3290 2300 ret-tas
3319 2248 3449 2299 suh-

1868 2327 2052 2391 vertis,
2078 2337 2131 2381 et
2160 2343 2279 2383 eum
2309 2332 2551 2385 encomio
2575 2331 2687 2386 lnec
2712 2334 2857 2387 dicit.
2892 2333 2955 2387 Et
2982 2351 3113 2388 nunc
3140 2352 3251 2389 ecce
3271 2353 3448 2390 manus

1868 2417 2073 2483 Domini
2100 2436 2252 2487 super
2277 2430 2325 2474 te
2346 2461 2360 2484 ,
2386 2434 2434 2475 et
2460 2425 2557 2477 eris
2581 2441 2761 2477 cwcns.
2794 2426 2909 2492 Quo
2944 2426 3055 2493 ipse
3090 2426 3339 2480 reductus
3366 2437 3450 2480 est

1867 2512 2039 2581 signo,
2070 2511 2170 2566 hoc
2200 2522 2253 2567 et
2281 2513 2428 2567 illum
2457 2516 2565 2567 vult
2594 2515 2869 2570 reducere.
2901 2516 2966 2569 Et
2995 2516 3118 2570 illud
3139 2558 3154 2579 ,
3187 2516 3354 2585 Usque
3381 2519 3447 2569 ait

1867 2610 2061 2670 tempus
2084 2644 2100 2665 ,
2130 2618 2232 2657 non
2266 2606 2528 2671 punienti.»
2559 2606 2755 2659 dictum
2788 2619 2869 2661 est
2892 2649 2905 2673 ,
2940 2608 3031 2661 sed
3063 2611 3441 2663 eottvertentis.

1866 2692 1994 2745 Nam
2025 2694 2067 2746 si
2103 2696 2367 2762 pttnicntis
2408 2708 2586 2763 esset,
2619 2699 2764 2751 illutn
2796 2700 2844 2751 in
2886 2709 3199 2768 perpetuum
3234 2700 3447 2757 fecisset

1864 2802 2061 2839 czecum
2092 2804 2105 2839 :
2137 2803 2276 2841 nunc
2304 2804 2430 2841 vero
2462 2805 2563 2842 non
2592 2789 2693 2844 hoc
2718 2792 2853 2859 agit,
2888 2792 2981 2845 ενι]
3008 2792 3071 2844 ad
3103 2801 3310 2862 tempus
3334 2833 3349 2856 ,
3385 2803 3441 2847 nt

1863 2878 2233 2946 proconsulem
2265 2878 2515 2933 lucretur.
2549 2878 2614 2932 Et
2643 2882 2902 2951 confestim
2929 2883 3105 2935 cecidit
3133 2883 3183 2934 in
3212 2900 3326 2936 eum
3351 2900 3439 2935 cu-

1862 2968 1962 3038 ligo
2001 2979 2048 3023 et
2091 2970 2302 3023 tenebra:
2323 3010 2338 3035 ,
2382 2981 2426 3023 et
2463 2972 2704 3025 circuiens
2742 2972 2987 3041 quwrebat
3025 2974 3113 3042 qui
3154 2974 3198 3026 ei
3238 2991 3441 3027 manum

1860 3063 2022 3115 daret.
2056 3061 2139 3115 1‘2.
2171 3060 2313 3115 Tunc
2339 3064 2609 3132 proconsul
2632 3081 2743 3117 cum
2770 3064 2971 3116 vidisset
2996 3067 3205 3132 factum,
3229 3065 3439 3117 credidit

1859 3155 2117 3207 admirans
2136 3171 2289 3223 super
2308 3155 2536 3208 doctrina
2560 3155 2779 3209 Domini.
2803 3155 2928 3209 Jure
2947 3164 3091 3209 certe
3114 3172 3129 3209 :
3150 3171 3269 3209 nam
3291 3173 3434 3220 ettm,

1858 3248 1944 3317 qui
1976 3248 2143 3315 magia
2175 3258 2573 3316 praeoccupatus
2612 3258 2725 3300 erat
2750 3290 2764 3311 ,
2806 3248 2903 3301 hac
2949 3264 3101 3316 patum
3130 3248 3309 3303 doceri
3344 3265 3437 3317 par

1856 3350 1990 3392 erat.
2034 3340 2124 3393 Sic
2164 3338 2396 3411 Egyptii
2432 3340 2565 3407 magi
2599 3340 2723 3391 olim
2755 3356 2781 3390 a
2818 3340 3037 3405 pustulis
3066 3340 3255 3393 eruditi
3288 3350 3432 3394 sunt.

1856 3430 2130 3499 Perpende
2165 3441 2339 3485 autem
2382 3430 2499 3485 illus
2539 3447 2642 3484 non
2686 3430 2839 3485 isthic
2880 3446 3082 3484 moram
3123 3432 3390 3487 trahentes
3415 3474 3430 3497 ,

1856 3533 2035 3594 utpote
2060 3527 2378 3595 proconsule
2401 3525 2511 3595 jam
2539 3525 2789 3581 credente
2810 3566 2822 3590 ,
2854 3542 3029 3597 neque
3054 3528 3354 3580 adulatione
3380 3538 3434 3581 et

1855 3616 2058 3670 ltOnore
2084 3617 2301 3670 emolliti
2331 3624 2475 3681 sunt,
2504 3616 2597 3670 sed
2625 3618 2799 3670 statim
2831 3617 2978 3687 Operi
3006 3633 3065 3672 se
3091 3618 3428 3676 dediderunt,

1851 3719 1904 3765 et
1936 3709 1985 3763 in
2029 3709 2434 3762 transmarinam
2472 3710 2741 3776 regionem
2770 3725 2828 3764 se
2856 3711 3211 3764 contulerunt.
3247 3711 3331 3764 15.
3366 3709 3429 3762 lit

1849 3817 1963 3853 cum
1995 3818 2021 3853 e
2048 3798 2214 3869 Cypro
2245 3802 2558 3869 navigassent
2584 3798 2783 3854 Paulus
2817 3811 2864 3853 et
2892 3803 2979 3870 qui
3005 3819 3117 3853 cum
3153 3819 3211 3855 eo
3250 3813 3387 3854 erant
3410 3845 3424 3863 ,

1849 3904 2086 3945 venerunt
2121 3890 2313 3962 Pergcn
2345 3891 2683 3962 Pamp/tylite.
2721 3891 2947 3945 Joannes
2974 3904 3138 3945 autent
3170 3893 3426 3945 discedens

1848 3985 1909 4037 ab
1949 3986 2019 4037 eis
2046 4026 2060 4046 ,
2101 4001 2323 4037 reversus
2358 3994 2426 4037 est
2454 3981 2843 4052 Jerosolymam.
2881 3986 2965 4037 14.
2998 3984 3089 4037 Illi
3115 3996 3277 4038 autent
3306 4004 3419 4052 per-

1846 4087 2155 4130 transeuntes
2198 4074 2394 4147 Pergen
2419 4116 2435 4141 ,
2476 4084 2714 4128 venerunt
2752 4075 3066 4129 Antiochiam
3097 4076 3304 4131 Pisidia:
3335 4093 3352 4130 :
3378 4088 3423 4129 et

1845 4169 2056 4237 ingressi
2091 4184 2399 4238 synagogam
2439 4167 2520 4219 die
2558 4166 2873 4221 sabbatorum
2909 4171 3159 4220 sederunt.
3193 4166 3417 4222 Itnrsum

1847 4262 1897 4314 in
1926 4276 2222 4333 synagogas
2252 4261 2430 4314 habitu
2456 4259 2757 4314 Judarorutn
2790 4259 3012 4330 ingressi
3044 4270 3160 4314 sunt
3180 4304 3195 4325 ,
3227 4280 3292 4316 ne
3322 4263 3421 4316 int-

1846 4363 2203 4421 pugnarentnr
2220 4353 2299 4406 vel
2326 4352 2680 4421 pellerentur:
2700 4360 2753 4405 et
2776 4354 2841 4405 ita
2866 4363 3029 4405 totum
3055 4354 3415 4421 perﬁciebant.

1844 4442 1931 4498 15.
1962 4441 2087 4496 Post
2124 4443 2379 4495 lectionem
2406 4454 2569 4496 autem
2608 4442 2731 4511 legis
2758 4451 2803 4495 et
2833 4444 3191 4513 praphetarum
3215 4486 3228 4509 ,
3268 4448 3373 4497 mist
3392 4477 3416 4486 -

1840 4546 1955 4589 runt
1987 4535 2234 4604 principes
2268 4550 2538 4604 synagoga
2573 4534 2639 4585 ad
2664 4550 2747 4587 eos
2771 4574 2784 4595 ,
2814 4534 3033 4587 dicentes
3058 4550 3076 4587 :
3099 4532 3306 4589 Fratres
3325 4575 3339 4597 .
3374 4538 3415 4587 .st'

1839 4639 1909 4681 cst
1939 4630 1989 4680 in
2016 4628 2151 4680 vobis
2180 4644 2341 4679 sermo
2366 4628 2726 4680 exhortationis
2752 4626 2819 4677 ad
2844 4627 3033 4697 plebem
3056 4670 3069 4690 ,
3100 4628 3268 4681 dicite.
3296 4629 3412 4682 Jant

1839 4721 1961 4774 hinc
1988 4736 2105 4789 qua:
2135 4720 2351 4773 Paulum
2390 4728 2630 4786 spectant
2660 4717 2913 4770 discimus
2933 4759 2947 4783 ,
2976 4734 3093 4771 cum
3126 4729 3277 4772 antea
3306 4738 3410 4772 non

1838 4828 2000 4881 pauca
2032 4812 2098 4863 de
2128 4811 2281 4862 Petro
2311 4809 2670 4861 didicerimus.
2703 4806 2805 4861 Sed
2835 4824 2953 4876 qum
2994 4810 3236 4875 superius
3270 4808 3408 4861 dicta

1836 4915 1955 4956 sunt
1983 4901 2342 4970 exploremus.
2373 4899 2438 4952 Et
2472 4916 2585 4952 cum
2624 4898 2865 4951 venissent
2894 4898 3239 4961 Salaminam,
3272 4916 3406 4966 prte-

1834 4993 2065 5046 dicabant
2095 4993 2296 5044 verbum
2329 4989 2421 5042 Dei
2451 4990 2502 5042 in
2535 4989 2812 5057 metropoli
2855 4988 3033 5057 Cypri.
3079 4990 3181 5041 Per
3209 5006 3404 5041 anunm

1832 5091 2140 5139 manserunt
2169 5081 2481 5136 Antiochite.
2511 5062 2797 5149 Oportebat
2828 5080 2918 5132 illo
2944 5080 3107 5143 abire,
3142 5097 3238 5134 nec
3265 5097 3404 5136 svm-

1833 5194 1927 5247 per
1952 5176 2035 5229 hic
2058 5174 2246 5229 sedere
2274 5190 2287 5227 :
2316 5171 2602 5241 majoribus
2626 5186 2757 5239 opus
2786 5172 3049 5225 habebant
3073 5172 3401 5227 doctoribus.

1837 5269 1983 5334 Vide,
2009 5265 2276 5337 quomodo
2299 5264 2553 5319 Seleucia:
2584 5278 2685 5317 non
2713 5279 2890 5317 tnoras
2914 5265 3145 5327 trahant,
3170 5265 3404 5321 scientes

1828 5379 1857 5417 a
1891 5362 2056 5415 vicina
2098 5358 2315 5414 civitate
2362 5358 2581 5411 multmn
2629 5356 2868 5409 utilitatis
2906 5358 3175 5426 accepisse
3218 5357 3403 5413 Seleu-

1826 5453 2031 5507 cienses
2055 5493 2070 5516 ,
2103 5450 2196 5503 sed
2241 5450 2345 5504 illic
2374 5450 2534 5503 etiam
2574 5448 2826 5503 festinant
2862 5449 2924 5501 ad
2956 5464 3016 5502 ea
3044 5492 3058 5515 ,
3088 5468 3204 5519 qum
3235 5450 3398 5515 magis

1828 5545 2104 5612 urgebant.
2144 5540 2274 5595 Nam
2320 5552 2375 5594 ut
2414 5551 2675 5595 venerunt
2716 5541 2779 5595 ad
2827 5545 3145 5610 Inetropolin
3191 5542 3393 5598 insuln',

1828 5633 2194 5703 proconsulem
2238 5630 2521 5686 emendare
2559 5632 2863 5686 studebant.
2896 5632 3048 5697 Quod
3080 5642 3251 5685 autem
3291 5638 3393 5678 non

1827 5742 1890 5780 es
1920 5723 2221 5781 adulatione
2244 5724 2471 5789 dicatur,
2507 5721 2629 5775 lirat
2657 5740 2769 5776 cum
2794 5720 3113 5790 proconsule,
3144 5722 3247 5770 viro
3277 5728 3392 5770 υτυο
