3950 6208
693 333 792 390 211

693 456 859 514 dente,
892 465 958 503 ex
989 462 1047 502 re
1074 448 1184 514 ipsa
1211 442 1361 499 disce
1388 459 1401 496 :
1427 440 1694 511 quomodo
1730 453 1833 492 non
1863 436 2039 490 multis
2066 446 2278 488 sermo-

696 544 854 598 nibus
879 555 1014 609 opus
1040 537 1306 599 habuerit,
1335 532 1605 606 quomodo
1628 531 1853 587 voluerit
1879 531 2048 598 ipsum
2074 525 2279 580 audire.

696 635 763 689 Et
789 633 1003 687 nomina
1031 631 1301 686 civitatum
1339 636 1612 690 recenset,
1641 623 1931 680 ostendens
1958 620 2121 690 quod,
2150 634 2282 687 quo—

696 728 839 780 niam
871 741 1039 794 nuper
1064 726 1282 778 verluun
1314 730 1650 790 receperant,
1674 734 1810 789 opus
1835 726 1950 770 erat
1974 712 2282 770 confirmari

696 818 818 871 illos
869 826 926 870 ut
972 817 1023 869 in
1075 816 1176 869 fide
1223 822 1503 868 manerent
1543 830 1557 866 :
1605 827 1770 882 quare
1817 810 2122 879 frequenter
2166 808 2284 862 illas

695 912 915 965 adeunt.
949 908 1221 977 Perpende
1240 950 1257 972 ,
1287 905 1556 978 quomodo
1583 905 1713 958 nihil
1746 919 1899 973 mago
1927 902 2155 967 dixerit,
2187 900 2284 955 do-

698 1020 797 1057 nec
826 1005 915 1057 ille
941 1004 1277 1056 occasionem
1306 1002 1479 1066 daret,
1502 999 1597 1055 sed
1622 1000 1845 1054 verhum
1876 998 2083 1053 Domini
2108 1000 2283 1052 solum

697 1097 1101 1150 aummtiabant.
1144 1097 1277 1164 Quia
1307 1097 1449 1150 enim
1490 1095 1624 1149 alios
1667 1094 2005 1149 attendentes
2033 1092 2283 1157 videbat,

698 1191 750 1244 id
781 1206 945 1245 unum
978 1190 1064 1244 ille
1093 1191 1142 1243 in
1171 1204 1336 1258 scopo
1366 1188 1615 1252 habebat,
1643 1205 1710 1242 ne
1738 1188 1825 1241 ille
1852 1184 2281 1255 persuaderetur.

699 1284 767 1337 Et
797 1299 894 1338 cur
920 1299 1024 1337 non
1052 1282 1193 1337 aliud
1221 1282 1428 1355 signpm
1462 1281 1626 1337 fecit?
1652 1281 1773 1351 quia
1805 1280 2007 1334 nullum
2039 1280 2163 1334 huic
2189 1293 2287 1349 par

699 1385 842 1437 crat,
875 1375 1011 1437 quod
1045 1374 1315 1427 inimicum
1344 1384 1577 1441 eapcret.

771 1466 825 1520 2.
862 1467 928 1521 Et
956 1466 1094 1531 vide,
1122 1470 1294 1536 primo
1321 1467 1585 1536 objurgat,
1614 1474 1663 1520 et
1692 1477 1815 1520 tunc
1842 1465 2013 1536 punit.
2041 1464 2288 1521 Ostendit

699 1566 877 1611 autem
909 1558 1055 1613 illum
1083 1558 1226 1625 juste
1259 1558 1363 1627 pati
1387 1575 1505 1612 cum
1531 1558 1697 1611 dicit:
1733 1556 1778 1611 0
1803 1559 1949 1629 plene
1971 1560 2109 1611 omni
2131 1556 2288 1612 dolo!

702 1650 805 1705 hoc
829 1662 910 1706 est
934 1693 950 1716 ,
983 1652 1112 1705 nihil
1155 1652 1277 1705 dolo
1314 1668 1537 1703 vacuum
1571 1651 1792 1706 habens.
1840 1652 1906 1706 Et
1935 1661 2079 1707 recte
2118 1652 2285 1717 dicit,

705 1741 856 1796 Omni
898 1744 1053 1808 dolo;
1084 1744 1365 1797 simulabat
1394 1744 1557 1799 cuitu.
1594 1743 1700 1797 Fili
1739 1744 1927 1798 diaboli
1953 1762 1971 1798 :
1996 1761 2115 1798 nam
2154 1760 2288 1815 opus

704 1834 847 1888 illius
886 1834 1094 1904 agebat.
1129 1833 1342 1887 Inimice
1369 1837 1532 1888 cumis
1571 1837 1778 1899 iustitia:
1805 1852 1824 1890 :
1853 1836 1965 1890 haec
1993 1837 2133 1891 enim
2165 1853 2288 1892 vere

702 1938 818 1981 erat
859 1928 1032 1980 omnis
1071 1927 1297 1995 justitia.
1340 1928 1463 1982 Mihi
1494 1928 1708 1984 videtur
1745 1930 1843 1981 hoc
1873 1928 2090 1992 dicens,
2127 1929 2289 1983 vitam

704 2020 843 2074 illius
873 2021 1211 2090 redarguere.
1245 2020 1311 2075 Ut
1336 2035 1511 2076 autem
1533 2023 1842 2078 ostenderet
1868 2023 1981 2078 huic
2001 2024 2159 2077 verba
2185 2040 2286 2077 non

705 2112 773 2165 ab
803 2113 874 2165 ira
908 2112 1190 2180 proficisri,
1221 2113 1363 2181 prius
1389 2114 1521 2167 dixit
1550 2132 1564 2166 :
1593 2113 1834 2182 Repletus
1861 2116 2059 2188 Spiritu
2083 2126 2291 2181 sancto;

711 2204 812 2259 hoc
840 2215 951 2269 est,
980 2208 1313 2275 operatione.
1340 2208 1404 2263 Et
1428 2226 1560 2263 nunc
1579 2226 1689 2264 ecce
1709 2227 1888 2266 manus
1911 2210 2116 2265 Domini
2142 2230 2294 2283 super

709 2305 772 2349 te.
805 2296 920 2351 Non
970 2298 1100 2371 ultio
1138 2310 1253 2354 erat
1275 2340 1292 2366 ,
1320 2302 1411 2355 sed
1446 2302 1673 2357 medela.
1708 2305 1785 2359 Ac
1820 2305 1863 2358 si
1902 2305 2105 2360 diceret
2137 2324 2149 2358 :
2176 2305 2291 2360 Non

707 2404 807 2455 ego
833 2386 989 2447 facio.
1018 2388 1111 2443 sed
1144 2391 1233 2445 Dei
1266 2406 1475 2446 manus.
1502 2393 1635 2448 Vide
1665 2402 1720 2447 ut
1749 2394 1954 2449 alienus
1977 2406 2059 2450 est
2078 2413 2107 2451 a
2130 2396 2289 2451 fastu.

710 2477 829 2531 Eri:
867 2494 1028 2533 aecus
1053 2522 1067 2543 ,
1100 2498 1200 2534 non
1238 2483 1410 2536 videns
1444 2484 1598 2538 solem
1638 2502 1793 2552 usque
1829 2488 1897 2539 ad
1934 2496 2144 2556 tempus.
2184 2488 2294 2543 lloc

709 2568 878 2636 dicit,
913 2579 968 2624 ut
995 2572 1082 2625 det
1125 2572 1197 2626 illi
1248 2576 1573 2642 pmuilcutia:
1617 2578 1815 2632 locum.
1849 2579 2118 2650 Nusquam
2150 2582 2294 2636 enim

710 2661 960 2716 volebant
987 2680 1050 2719 ex
1081 2666 1319 2721 tristibus
1349 2669 1619 2737 conspicui
1650 2686 1788 2735 esse,
1820 2676 2059 2741 quamvis
2087 2674 2185 2729 hoc
2212 2692 2297 2729 cr-

711 2769 774 2821 ga
799 2753 1037 2808 inimicos
1061 2758 1264 2810 tierent.
1287 2760 1390 2812 Sed
1408 2776 1528 2828 erga
1553 2777 1679 2816 suos
1697 2766 1817 2831 jure
1838 2764 2051 2832 quidem
2075 2767 2294 2821 merito:

711 2861 831 2898 cum
861 2862 986 2898 vero
1012 2846 1078 2899 de
1108 2848 1295 2903 alienis
1324 2864 1588 2917 agi-retur,
1620 2870 1723 2907 nou
1755 2856 1901 2920 item,
1930 2872 1994 2911 ne
2025 2867 2299 2925 putaretur

714 2953 799 2991 res
827 2954 889 2992 ex
920 2941 1231 2995 necessitate
1258 2954 1305 2996 et
1342 2946 1529 2999 timore
1559 2949 1838 3015 proficisci.
1869 2950 2136 3005 (Ia-citatis
2168 2968 2297 3007 vero

713 3029 920 3095 signum
962 3030 1096 3095 fuit,
1142 3034 1281 3101 quod
1321 3035 1569 3090 ductores
1605 3049 1889 3107 quzrrerct.
1924 3041 2125 3097 Deinde
2153 3045 2299 3100 videt

711 3124 1007 3179 carcitatem
1039 3128 1339 3192 proconsul,
1374 3140 1424 3181 cl
1451 3131 1627 3183 statim
1656 3131 1829 3186 credit
1856 3150 1868 3185 :
1900 3150 2070 3202 neque
2095 3136 2301 3206 simpli-

713 3217 864 3279 citer,
890 3220 980 3270 sed
1009 3218 1370 3289 ()bslttpt’srem
1394 3237 1411 3274 :
1431 3224 1556 3275 vidit
1577 3229 1717 3277 enim
1743 3242 1847 3278 non
1872 3224 1957 3280 hic
1978 3228 2135 3283 verba
2157 3230 2295 3297 dari,

714 3323 887 3377 neque
918 3310 1135 3363 fallaciis
1164 3327 1274 3363 rem
1303 3314 1403 3382 agi.
1438 3314 1567 3368 \‘ide
1592 3325 1844 3382 quauttnu
1872 3318 2127 3373 doctrinzc
2151 3338 2298 3375 amo-

716 3413 827 3451 rem
873 3398 1049 3452 habuit
1076 3442 1091 3459 .
1125 3401 1211 3469 qui
1258 3413 1456 3455 tantum
1501 3406 1724 3475 gerebat
1771 3409 2140 3480 principatum.
2181 3414 2296 3468 Non

714 3488 848 3540 dixit
877 3506 1029 3559 mago
1059 3492 1250 3544 Paulus
1276 3512 1288 3549 :
1315 3493 1425 3546 Non
1454 3497 1652 3551 desinis
1675 3498 1987 3557 subvertere
2009 3519 2302 3572 proconsu—

716 3579 817 3633 lem
839 3598 853 3645 ;
877 3582 991 3645 sed,
1029 3582 1143 3636 νίας
1165 3583 1390 3651 Domini,
1413 3590 1551 3657 quod
1582 3591 1751 3658 majus
1773 3603 1916 3659 erat;
1943 3612 2008 3650 ne
2029 3597 2299 3652 videretur

713 3671 940 3729 adulari.
974 3677 1082 3729 Cur
1111 3694 1236 3731 vero
1265 3680 1497 3735 Joannes
1533 3685 1732 3739 recedit
1770 3686 1837 3741 ab
1866 3690 1983 3742 eis?
2022 3706 2141 3744 nam
2181 3692 2295 3760 ait,

711 3765 939 3822 Joannes
959 3771 1192 3825 recedens
1211 3773 1274 3825 ab
1301 3774 1389 3838 eis,
1413 3790 1638 3829 reversus
1659 3787 1729 3830 est
1749 3776 2138 3851 Jerosolyinam.
2164 3783 2296 3852 Quia

713 3860 923 3931 longius
949 3862 1201 3934 deinceps
1232 3867 1332 3921 iter
1355 3867 1714 3938 suscipiebant
1742 3890 1755 3923 :
1785 3875 2027 3941 quamvis
2058 3877 2169 3944 ipse
2198 3879 2298 3931 tui-

714 3955 880 4009 ltislcr
902 3969 1075 4023 esset;
1104 3958 1173 4012 illi
1199 3974 1325 4013 vero
1351 3962 1643 4029 periculum
1666 3964 1921 4020 subirent.
1948 3967 2151 4023 Rursus
2174 3971 2300 4025 Per-

711 4063 814 4117 gcu
842 4051 1138 4115 venientes,
1172 4064 1585 4120 praetercurrunt
1615 4058 1748 4112 alias
1773 4060 2012 4113 civitates
2038 4080 2050 4113 :
2081 4078 2199 4117 nam
2232 4063 2296 4119 ad

712 4146 1030 4215 metropoliu
1077 4148 1412 4202 Antiochiam
1455 4147 1791 4205 festinabant.
1836 4153 1903 4207 Et
1947 4156 2101 4221 vide,
2138 4173 2295 4227 quam

710 4236 1028 4304 compendio
1055 4248 1236 4293 narret
1265 4239 1513 4307 scriptor.
1546 4240 1817 4309 Sederimt,
1848 4244 2036 4315 inquit,
2065 4248 2117 4300 in
2143 4264 2298 4318 syna-

711 4344 840 4395 goga
867 4328 948 4380 die
975 4327 1296 4383 sabbatorum
1322 4346 1341 4384 :
1364 4342 1420 4384 ut
1446 4335 1679 4387 sermoni
1711 4336 1847 4389 viam
1892 4352 2153 4407 pararent.
2187 4341 2298 4398 Nec

712 4418 916 4485 priores
946 4418 1253 4487 loquun'ur,
1283 4420 1375 4475 sed
1406 4422 1631 4485 invitati,
1654 4435 1708 4479 et
1731 4429 1878 4496 quasi
1912 4429 2147 4499 hospites
2174 4449 2296 4503 pro-

711 4513 900 4564 vocati.
931 4512 983 4566 Si
1014 4522 1189 4567 autem
1223 4530 1324 4568 non
1357 4515 1425 4570 ibi
1458 4518 1812 4585 mansissent,
1855 4538 2032 4577 sermo
2064 4542 2164 4579 non
2196 4527 2293 4582 ha-

713 4603 854 4658 bitus
883 4603 1085 4660 fuisset.
1112 4606 1205 4661 llic
1230 4608 1401 4678 primo
1430 4610 1681 4679 praedicat
1709 4613 1916 4671 Paulus.
1948 4618 2009 4671 Et
2034 4618 2153 4673 vide
2179 4621 2294 4689 ejus

711 4696 1047 4766 prudentiam
1075 4716 1087 4748 :
1116 4701 1200 4753 ubi
1230 4716 1410 4757 serum
1436 4719 1651 4773 sparsus
1680 4710 1845 4762 fuerat
1863 4747 1878 4771 ,
1901 4718 2290 4781 przctercurrit;

710 4787 799 4841 ubi
848 4805 975 4843 vero
1023 4790 1199 4845 nullus
1246 4791 1436 4857 fuerat,
1484 4794 1683 4850 diutius
1728 4814 1940 4863 manet;
1986 4811 2041 4855 ut
2082 4814 2135 4858 et
2180 4805 2294 4874 ipse

710 4894 750 4932 si
773 4880 950 4935 riheus
979 4881 1107 4936 dicit
1137 4902 1150 4938 :
1181 4882 1270 4938 Sic
1295 4897 1460 4940 autem
1492 4889 1662 4942 studui
1692 4894 2051 4961 evangelizare,
2083 4914 2183 4951 non
2208 4900 2292 4954 ubi

710 4973 996 5026 nominatus
1026 4986 1097 5028 est
1122 4973 1349 5030 Christus
1377 4976 1396 5049 (
1424 4976 1568 5034 Rom.
1603 4982 1688 5037 15.
1717 4982 1787 5038 20
1811 4985 1849 5053 ).
1881 4985 1991 5039 Hoc
2020 5004 2146 5043 vero
2173 5008 2289 5046 ma-

706 5079 827 5131 gna:
854 5064 1178 5121 fortitudinis
1208 5078 1342 5123 erat.
1374 5071 1509 5126 Vere
1530 5090 1556 5124 a
1584 5074 1840 5146 principio
1865 5077 2191 5137 admirabilis
2213 5085 2292 5139 vir

708 5154 808 5208 fuit
836 5174 847 5209 :
876 5159 1162 5213 cruciﬁxus
1182 5203 1195 5222 ,
1225 5162 1277 5215 in
1308 5164 1423 5218 acie
1452 5167 1674 5236 positus,
1702 5170 1903 5223 sciebat
1931 5185 2123 5241 quanta
2158 5177 2291 5243 poti-

708 5256 856 5305 retur
897 5250 1107 5316 gratia;
1149 5267 1242 5319 par
1288 5254 1489 5309 induxit
1533 5257 1783 5314 studium.
1830 5260 1942 5316 Non
1988 5267 2291 5320 succensuit

707 5335 899 5393 Juauni
931 5360 943 5393 :
974 5357 1077 5394 nou
1104 5344 1243 5397 enim
1273 5345 1428 5414 hujus
1453 5361 1567 5403 erat
1593 5353 1692 5419 (a),
1720 5352 1812 5408 sed
1838 5356 1985 5424 operi
2015 5357 2285 5415 hatrehat:

709 5446 817 5488 non
866 5434 1204 5499 formidavit,
1260 5453 1363 5492 non
1415 5441 1585 5497 timuit
1634 5446 1684 5499 in
1734 5447 1904 5504 media
1951 5451 2288 5508 multitudine

776 5570 852 5644 tu)
888 5575 1072 5644 't‘extus
1095 5578 1292 5644 graecus
1314 5572 1499 5644 habet,
1535 5589 1575 5627 οὗ
1601 5591 1819 5644 tanaim
1852 5590 1907 5644 ἦν.
1934 5594 2169 5638 ῡοιιηκιιε
2207 5602 2278 5639 sic

707 5631 1000 5701 vertendum
1026 5639 1178 5701 putat,
1200 5642 1300 5683 Non
1322 5635 1459 5701 enim_
1481 5636 1570 5701 ira:
1593 5631 1911 5695 dedituserat
1935 5631 2169 5701 Fallit?
2179 5631 2279 5699 r6}:

707 5693 850 5775 iaspis
868 5690 1201 5775 explicandum
1228 5708 1239 5742 :
1269 5704 1361 5775 'ftjm
1381 5697 1507 5746 enim
1529 5700 1677 5764 ipsius
1698 5690 1845 5767 erat,"

708 5754 796 5811 sed
821 5759 980 5808 narunt
999 5770 1053 5805 as
1078 5756 1209 5807 illum
1234 5758 1519 5812 adduxerat.

1421 324 1478 379 S.
1519 320 1798 380 JOANNIS
1831 313 2311 374 CllRYSOSTOMl
2351 314 2667 373 ARCHIEP.
2698 316 3226 377 CONSTANTINOP.

2390 433 2693 488 conclusus.
2723 433 2855 489 Vide
2879 437 3148 505 quomodo
3173 437 3486 508 providetur,
3511 458 3570 495 ne
3595 443 3733 500 Pauli

2388 522 2531 578 dicet
2560 525 2610 578 in
2641 524 2932 580 Jerusalem
2963 545 2976 579 :
3004 526 3302 582 sulliciebat
3332 530 3427 584 hoc
3452 532 3642 597 audire,
3666 552 3734 605 qu.

2388 616 2647 680 didisset;
2704 620 3078 689 prmdicantem
3127 636 3252 675 vero
3302 638 3402 676 non
3455 626 3682 681 tulissent
3726 647 3734 700 ι

2388 708 2566 762 odium
2599 728 2610 759 :
2637 720 2691 764 et
2730 712 2913 780 procul
2956 713 3146 782 migrat
3176 712 3265 767 ubi
3299 726 3453 769 notus
3482 732 3580 771 non
3609 732 3731 776 erat.

2389 816 2599 872 magum
2642 803 2909 873 redarguit
2931 846 2946 871 ,
2978 816 3030 860 et
3070 807 3239 875 qualis
3268 818 3408 862 esset
3433 813 3632 876 aperuit
3663 830 3674 866 :
3702 833 3729 882 q

2390 895 2509 947 talis
2547 906 2719 959 esset,
2753 897 2956 965 signum
3000 899 3256 966 probavit.
3298 899 3407 956 Hoc
3445 903 3644 971 signum
3683 920 3734 959 er

2388 990 2580 1039 anitum
2609 988 2882 1042 caecitatis.
2914 990 2992 1042 Ad
3027 1001 3231 1059 tempus
3266 994 3476 1060 patitur,
3509 1002 3564 1047 ut
3594 997 3734 1062 pmuil

2388 1086 2526 1149 agat.
2562 1079 2702 1134 Bene
2728 1090 2902 1135 autem
2934 1082 2984 1134 in
3015 1085 3236 1137 sabbato
3267 1083 3458 1139 Patilus
3486 1085 3690 1140 intravit
3716 1090 3733 1141 i

2388 1185 2598 1241 gogam,
2641 1172 2852 1240 quando
2891 1189 3077 1228 omnes
3113 1177 3415 1245 congregati
3449 1188 3617 1232 erant.
3642 1181 3720 1232 15.

2390 1263 2671 1327 lectionem,
2704 1265 2899 1334 inquit,
2929 1267 3052 1336 legis
3074 1276 3123 1319 et
3152 1269 3529 1336 prophetarum,
3559 1272 3728 1323 misera

2388 1355 2525 1423 cipe:
2553 1371 2825 1425 synagoga:
2846 1396 2861 1421 ,
2889 1358 3107 1412 dicentes
3134 1376 3152 1412 :
3188 1359 3292 1411 Viri
3318 1363 3501 1429 fratres
3520 1402 3534 1425 ,
3565 1362 3610 1415 si
3649 1374 3712 1416 est

2389 1464 2552 1502 sermo
2578 1450 2939 1505 exhortationis
2962 1452 3030 1503 ad
3057 1454 3318 1521 populum,
3343 1455 3512 1510 dicite.
3544 1455 3668 1510 Vide
3696 1458 3734 1511 ill

2390 1539 2506 1594 sine
2537 1540 2731 1594 invidia
2762 1543 2968 1610 eopiam
3001 1545 3206 1607 facere;
3240 1558 3422 1614 p05tea
3454 1562 3579 1601 vero
3603 1564 3700 1601 non
3730 1550 3734 1601 i

2392 1631 2832 1698 hoc'voluissetis.
2852 1637 3017 1706 magis
3032 1639 3311 1705 oportebat
3329 1640 3620 1694 exhortari.
3644 1641 3734 1696 Sed

2390 1723 2597 1793 cipatus
2626 1742 2862 1782 amorem
2889 1729 2901 1781 !
2934 1744 2966 1782 ο
2992 1744 3178 1783 vanam
3209 1731 3434 1801 gloriam
3458 1733 3472 1786 !
3500 1734 3734 1802 qllOlllOtll

2393 1818 2651 1872 subvertit
2671 1829 2725 1873 et
2756 1822 2925 1888 perdit
2952 1837 2965 1876 :
2993 1832 3176 1877 contra
3209 1826 3501 1893 prOpriam,
3524 1835 3695 1880 eontra
3726 1843 3734 1878 ι

2394 1911 2617 1965 salutem
2648 1922 2790 1968 stare
2818 1914 3002 1969 suadet
3033 1933 3045 1968 :
3076 1916 3144 1969 ita
3173 1932 3349 1972 cmcos
3380 1917 3543 1972 efficit
3571 1920 3609 1983 ί,
3639 1930 3690 1973 ιιι
3716 1920 3733 1973 ι

2395 2015 2719 2070 qiurrantur.
2755 2005 2961 2061 Utinam
2993 2010 3180 2063 saltem
3224 2009 3325 2065 hoc
3351 2054 3366 2075 ,
3408 2012 3605 2065 utinam
3645 2012 3732 2066 sill

2394 2104 2569 2149 olores
2600 2109 2903 2167 quzcrercnt
2930 2116 2944 2154 :
2971 2115 3153 2154 verum
3187 2102 3286 2157 hoc
3315 2119 3427 2156 non
3459 2115 3712 2171 qua-rum,

2396 2188 2525 2255 ipsis
2557 2198 2723 2242 totum
2750 2192 3103 2247 committunt.
3146 2194 3427 2251 Neminem
3473 2198 3562 2252 ille
3593 2199 3711 2253 sinit

2397 2282 2534 2335 sicut
2556 2282 2728 2352 caligo
2755 2295 2808 2338 et
2838 2286 3027 2341 nebula
3060 2287 3269 2355 ingruit,
3306 2308 3413 2345 nee
3441 2293 3567 2346 sinit
3595 2295 3734 2360 inspii

2458 2377 2664 2456 ‘Vitium
2698 2380 2975 2448 aliquando
3003 2381 3148 2435 aliud
3171 2384 3348 2437 vitium
3381 2395 3673 2454 snperat.—-
3687 2387 3733 2453 Q1

2400 2468 2697 2524 feusionem
2740 2473 3074 2537 habebimus,
3120 2476 3209 2545 qui
3257 2492 3356 2545 per
3400 2478 3583 2531 vitium
3628 2478 3734 2531 illuc

2398 2561 2539 2615 aliud
2570 2576 2904 2631 superamus,
2933 2565 3026 2619 Sed
3057 2582 3162 2621 non
3209 2582 3305 2637 per
3360 2569 3606 2623 timorem
3652 2570 3733 2622 Dei

2396 2654 2587 2723 gratia,
2620 2656 2770 2709 multi
2813 2656 2903 2725 qui
2940 2656 3099 2712 simul
3145 2659 3327 2715 lascivi
3381 2670 3438 2716 et
3483 2664 3625 2716 avari
3669 2677 3734 2716 ert

2402 2748 2783 2814 parcimouiam
2836 2751 3103 2805 lasciviam
3147 2766 3513 2823 superarunt;
3568 2756 3649 2809 alii
3684 2770 3734 2807 ro

2399 2840 2615 2893 lascivia
2653 2844 2911 2912 pecunias
2952 2857 3425 2916 contempserunt.
3480 2848 3734 2903 Rursum:

2400 2932 2569 3002 gloria
2610 2936 2770 3004 capti,
2804 2936 2965 2991 ambo
3005 2938 3091 2992 illa
3139 2940 3261 2994 vitia
3318 2953 3685 3010 prostravere.
3730 2957 3734 3008 ι

2400 3028 2516 3080 sine
2553 3030 2713 3084 modo
2752 3031 3111 3099 insumentes,
3153 3046 3207 3089 et
3246 3034 3453 3091 frustra
3494 3039 3734 3092 contineo

2402 3127 2609 3175 rursum
2633 3139 2782 3177 vana:
2804 3124 2985 3193 gloria:
3005 3125 3289 3181 admodum
3313 3129 3527 3200 cupidi,
3549 3129 3649 3184 hoc
3667 3129 3733 3182 vit

2402 3222 2753 3283 tempserunt,
2786 3216 2952 3271 multa
2998 3216 3135 3273 foeda
3164 3220 3303 3289 passi
3339 3230 3400 3276 et
3430 3232 3653 3293 propter
3690 3237 3734 3275 at

2404 3321 2619 3380 prepter
2664 3314 2916 3380 pecunias
2964 3331 2978 3369 :
3026 3313 3116 3368 alii
3164 3331 3382 3370 rursum
3430 3326 3488 3370 ut
3537 3317 3667 3370 iram
3717 3331 3734 3370 ε

2401 3417 2574 3468 suam,
2606 3404 2882 3459 innumera
2920 3406 3113 3462 damna
3139 3407 3378 3473 subiere,
3416 3417 3475 3465 et
3503 3409 3638 3463 nihil
3670 3408 3734 3460 ali

2403 3507 2612 3557 verunt,
2646 3513 2802 3568 quam
2832 3509 2887 3553 ut
2912 3500 3232 3555 voluntatem
3264 3516 3425 3556 suam
3456 3502 3525 3557 ad
3548 3502 3734 3557 ell‘cctu

2401 3603 2608 3645 errent.
2651 3592 2715 3646 Et
2747 3592 2885 3662 quod
2919 3594 3094 3664 passio
3126 3596 3314 3663 pomit,
3366 3612 3477 3650 uou
3511 3598 3685 3667 potuit
3725 3610 3734 3646 :

2406 3683 2496 3739 Dei
2527 3688 2705 3739 timor.
2737 3685 2799 3740 Et
2824 3687 2949 3757 quid
2986 3688 3283 3756 passionem
3308 3690 3440 3744 dico
3462 3694 3487 3743 ’ί
3513 3689 3668 3757 Quod
3702 3705 3733 3759 p

2404 3790 2592 3829 manus
2623 3784 2813 3845 potest,
2848 3792 2950 3832 nou
3000 3788 3174 3846 potest
3216 3779 3306 3836 llei
3346 3783 3539 3836 timor.
3579 3779 3734 3834 lllulta

2405 3868 2626 3923 facimus
2666 3880 2721 3925 et
2766 3887 3046 3938 peccamus
3080 3889 3188 3941 pra:
3228 3873 3519 3928 hominum
3558 3874 3734 3944 plldtll‘l

2402 3976 2530 4018 vero
2558 3979 2663 4017 non
2691 3964 2955 4018 timcnms.
2981 3966 3120 4033 Quot
3147 3982 3253 4036 pra:
3277 3968 3496 4035 pudore
3518 3982 3651 4035 opes
3672 3966 3734 4020 eli

2402 4066 2529 4126 quot
2573 4058 2764 4111 frustra
2806 4058 3110 4113 ambierunt
3148 4061 3337 4115 amicis
3384 4063 3437 4115 in
3492 4063 3639 4116 malo
3670 4077 3726 4114 se

2400 4157 2530 4218 qmit
2553 4149 2601 4202 in
2631 4151 2922 4203 amicorum
2949 4151 3170 4220 gratiam
3197 4153 3508 4220 saspissime
3539 4168 3733 4222 peccav

2471 4241 2524 4296 ὅ.
2561 4240 2739 4295 Gloria
2784 4243 3003 4295 qunana
3046 4243 3333 4315 fugienda;
3387 4262 3641 4317 quantum
3683 4244 3734 4313 gl

2399 4333 2559 4386 renda
2585 4335 2668 4387 sit.
2688 4333 2826 4389 —Si
2856 4350 2983 4405 ergo
3008 4347 3062 4389 et
3095 4334 3318 4389 allectus
3361 4346 3420 4389 ct
3457 4336 3640 4404 pudor
3670 4335 3734 4386 hu

2401 4426 2465 4479 ad
2495 4436 2708 4496 peccata
2740 4437 2793 4481 et
2830 4427 2896 4481 ad
2947 4428 3082 4481 bona
3111 4446 3270 4497 opera
3304 4446 3409 4482 nos
3457 4437 3697 4498 possunt

2401 4520 2593 4575 frustra
2633 4521 2858 4575 dicimus
2904 4536 3002 4575 nos
3033 4537 3135 4576 nou
3184 4537 3385 4591 posse:
3426 4536 3729 4593 possumus

2400 4615 2642 4668 Volumus
2667 4631 2680 4679 ;
2713 4615 2847 4669 velle
2874 4624 3071 4680 autem,
3101 4630 3286 4668 omnes
3313 4624 3568 4683 oportet.
3600 4614 3699 4668 Dic
3730 4630 3734 4666 ι

2399 4722 2501 4762 neu
2547 4718 2699 4777 potes
2736 4706 2967 4775 gloriam
3005 4708 3237 4768 vincere,
3271 4723 3399 4761 eum
3453 4708 3550 4761 alii
3600 4721 3734 4762 eam

2398 4816 2537 4855 mam
2551 4842 2564 4863 ,
2589 4800 2727 4855 idem
2754 4816 2949 4871 corpus
2964 4802 3007 4866 ’,
3030 4801 3273 4855 eamdem
3294 4800 3567 4867 formam,
3586 4817 3733 4855 eauti

2398 4894 2675 4960 habentes,
2724 4894 2891 4964 ipsam
2938 4894 3410 4963 viucaut?(‘.ogita
3467 4896 3675 4959 Deum,
3722 4909 3734 4944 ι

2398 5002 2614 5056 pernam
2644 4988 2867 5057 gloriam
2902 5006 2914 5042 :
2943 4988 3128 5043 confer
3169 4988 3310 5041 illam
3343 5005 3481 5042 cum
3536 5004 3734 5058 pra-sei

2395 5082 2571 5137 statim
2598 5084 2665 5138 ab
2696 5087 2790 5139 hac
2820 5086 2983 5156 gloria
3017 5086 3243 5140 resilies.
3274 5084 3331 5138 Si
3376 5085 3627 5138 Omnino
3664 5083 3734 5152 git

2397 5179 2549 5244 petis,
2586 5195 2702 5232 eam
2726 5196 2842 5248 qua:
2870 5195 2993 5234 vere
3017 5180 3184 5249 gloria
3211 5190 3294 5234 cst
3322 5181 3701 5250 concupisce.

2393 5271 2470 5328 ria
2500 5285 2602 5340 est,
2634 5291 2753 5330 cum
2801 5276 3070 5330 infamiam
3110 5277 3320 5347 pariat?
3371 5292 3511 5346 quae
3553 5279 3733 5347 gloria

2394 5366 2704 5422 inferiorum
2735 5368 2992 5423 honorem
3029 5384 3226 5439 cupere
3268 5370 3495 5438 cogeris
3545 5381 3606 5425 et
3640 5371 3734 5425 illo

2393 5461 2557 5517 bere?
2586 5463 2768 5516 llonor
2792 5472 2873 5517 est
2901 5462 3162 5532 majorum
3193 5461 3358 5533 gloria
3395 5462 3538 5516 frui.
3573 5464 3634 5519 Si
3669 5480 3734 5518 ou

2458 5651 2474 5715 δ
2498 5650 2703 5715 Ῑέυίίίδηι
2729 5651 2929 5715 habent.
2949 5664 3057 5715 vere
3079 5664 3231 5715 crocos
3252 5649 3426 5715 e/jicat.

2455 5714 2474 5743 ²
2498 5712 2632 5776 llgec,
2656 5712 3127 5776 eamdentmiimam,
3151 5712 3497 5775 idemtorpus
3524 5752 3540 5776 ,
3571 5728 3674 5764 non
3702 5715 3733 5764 Ιι

2399 5768 2586 5839 Mundi,
2611 5768 2697 5826 Sed
2722 5787 2751 5825 ε
2774 5786 2796 5826 s
2814 5771 2943 5827 ivilio
2965 5768 3153 5837 adjecta
3169 5784 3296 5827 sunt.
