4036 6212
478 221 589 276 115

481 335 655 391 Pilato
693 343 752 386 ut
791 329 1175 398 interﬁceretur.
1209 327 1419 398 Ubique
1464 328 1563 381 hoc
1588 326 1873 381 ostendere
1918 333 2063 378 sata-

479 436 635 495 gunt,
681 424 878 478 bonum
913 422 1147 491 ipsorum
1193 421 1293 475 hoc
1323 423 1594 489 proprium
1624 433 1765 479 esse.
1814 433 1881 471 ne
1928 426 2065 469 tam‘

482 534 641 588 quam
671 516 905 570 alienum
947 512 1348 568 considerantes
1395 511 1615 580 fugiant,
1661 524 1729 563 eo
1757 507 1897 577 quod
1942 522 2064 561 cru-

484 609 779 662 rillxisseut
825 621 972 661 eum.
1025 602 1215 667 Hunc,
1267 603 1478 672 inquit,
1530 602 1840 671 ignorantes.
1884 598 2065 667 Itaque

484 700 796 769 ignorantia!
822 706 1097 767 peccatum
1126 705 1261 750 erat.
1288 694 1418 748 Vide
1442 693 1712 762 quomodo
1734 692 1854 747 illos
1875 691 2064 746 leniter

481 792 752 846 defendat.
786 791 968 861 Neque
992 790 1093 844 hoc
1114 798 1314 842 tantum
1339 804 1354 852 ;
1377 786 1470 842 sed
1492 787 1651 842 etiam
1680 787 1748 839 ita
1772 786 1883 838 ﬁeri
1905 800 2067 853 opor-

486 886 651 938 tuisse
677 885 877 954 adjicit.
901 883 978 938 Ne
1001 885 1122 953 quis
1150 897 1278 936 vero
1299 880 1518 943 diceret,
1550 877 1702 934 Unde
1727 877 2061 930 manifestum

484 983 568 1028 est
598 973 746 1028 illum
776 970 1181 1027 resurrexisse?
1207 970 1335 1025 dicit
1362 970 1545 1033 etiam,
1574 967 1742 1021 Testes
1762 967 1899 1019 illms
1923 974 2058 1018 sunt.

486 1065 688 1119 Deinde
715 1079 920 1118 rursum
937 1078 1002 1119 ex
1024 1062 1313 1131 Scripturis
1337 1076 1447 1115 rem
1472 1061 1771 1114 conﬁrmat.
1795 1056 1886 1112 29.
1911 1055 2062 1111 Cum-

484 1173 583 1226 que
606 1164 1033 1209 consummassent
1062 1155 1253 1218 omnia,
1283 1169 1395 1220 qua:
1441 1152 1504 1206 de
1549 1152 1637 1205 illo
1680 1150 1868 1220 scripta
1896 1159 2059 1214 eram,

487 1250 791 1318 deponentes
816 1249 881 1303 de
919 1250 1078 1318 ligno,
1112 1256 1384 1317 posuerunt
1414 1263 1525 1298 eum
1563 1244 1621 1298 in
1662 1253 2058 1297 monumentum.

483 1339 573 1396 50.
606 1338 741 1393 Deus
766 1356 880 1394 vero
908 1340 1164 1394 suscitavit
1192 1356 1306 1391 eum
1334 1355 1365 1390 a
1394 1337 1604 1389 mortuis
1650 1337 1797 1389 tertia
1837 1335 1941 1398 die,
1972 1334 2060 1403 qui

482 1434 615 1487 visus
640 1443 711 1488 cst
735 1450 822 1502 per
846 1435 954 1487 dies
981 1435 1164 1486 multos
1201 1433 1284 1495 iis,
1315 1432 1403 1485 51.
1431 1432 1515 1501 qui
1540 1429 1693 1483 simul
1728 1428 2062 1482 ascenderunt

480 1544 595 1579 cum
622 1544 679 1581 eo
706 1526 768 1580 de
792 1526 1005 1580 Galilaa
1028 1528 1082 1580 in
1103 1526 1410 1590 Jerusalem,
1439 1526 1524 1595 qui
1549 1535 1663 1579 sunt
1691 1533 1835 1577 testes
1861 1524 1971 1592 ejus
1991 1510 2060 1576 ad

482 1618 692 1688 plebem.
724 1618 811 1672 52.
855 1617 920 1671 Et
950 1635 1041 1672 nos
1090 1619 1225 1672 vobis
1270 1617 1627 1670 annuntiamus
1664 1632 1791 1678 eant,
1838 1629 1950 1683 qua:
1992 1613 2060 1666 ad

482 1718 648 1779 patres
672 1719 869 1763 nostros
888 1710 1209 1779 repromissio
1229 1713 1364 1779 facta
1378 1717 1459 1761 est
1480 1722 1500 1760 .‘
1518 1707 1608 1761 55.
1633 1706 1749 1776 quia
1768 1706 1899 1757 lianc
1920 1702 2060 1757 Deus

479 1799 768 1869 adimplevit
807 1798 949 1853 nobis
978 1800 1098 1865 ﬁliis
1126 1816 1314 1861 eorum,
1355 1798 1664 1851 resuscitans
1699 1796 1896 1860 Jesnm,
1931 1796 2058 1847 sicut

479 1900 526 1943 et
552 1891 605 1944 in
633 1889 845 1943 Psalmo
867 1890 1086 1944 secundo
1125 1891 1371 1958 scriptum
1403 1898 1512 1944 est:
1544 1886 1711 1941 Filius
1739 1903 1879 1940 meus
1904 1902 1956 1940 es
1978 1895 2054 1948 tu,

478 1997 571 2052 ego
597 1981 748 2036 hodie
771 1983 921 2053 genui
946 1992 993 2035 te
1020 1980 1193 2049 (Psal.
1218 1982 1273 2035 Ξ.
1305 1983 1381 2051 7).
1413 1981 1499 2035 54.
1533 1980 1680 2046 Quod
1706 1990 1869 2034 autem
1890 1980 2057 2034 susci-

480 2074 601 2126 tavit
626 2090 741 2127 eum
776 2090 809 2127 a
856 2074 1087 2138 mortuis,
1128 2090 1227 2126 non
1254 2072 1390 2125 ultra
1435 2088 1750 2126 retersnrum
1787 2071 1841 2125 in
1879 2088 2058 2124 corru-

481 2165 722 2235 ptionem,
750 2166 820 2218 ita
844 2166 993 2229 dixit,
1019 2165 1153 2230 Quia
1176 2165 1305 2219 dabo
1328 2164 1465 2219 uobis
1482 2174 1655 2218 sancta
1680 2163 1841 2216 Dauid
1882 2163 2055 2231 ﬁdelia

482 2256 633 2329 (lsai.
666 2258 755 2314 55.
802 2259 882 2320 5).
923 2259 1010 2314 55.
1043 2257 1170 2312 Ideo
1199 2267 1246 2311 et
1292 2260 1345 2311 in
1390 2257 1493 2311 alio
1537 2258 1710 2311 dicit:
1745 2254 1867 2310 Non
1913 2255 2057 2309 dabis

480 2348 725 2404 Sanctum
752 2360 892 2404 tuum
918 2351 1083 2404 videre
1105 2351 1475 2419 corruptionem
1516 2349 1686 2419 (Psal.
1714 2350 1799 2403 15.
1827 2348 1934 2415 10).
1965 2347 2054 2402 56.

479 2438 647 2493 David
675 2441 808 2494 enim
835 2443 887 2495 in
915 2458 1010 2495 sua
1034 2442 1355 2511 generatione
1391 2458 1508 2495 cum
1550 2441 1945 2494 administrasset
1971 2455 2058 2492 vo-

478 2532 660 2585 luntati
682 2531 797 2597 Dei,
831 2532 1084 2593 dormivit,
1113 2544 1159 2585 et
1181 2534 1444 2600 appositus
1465 2542 1537 2586 est
1559 2533 1627 2584 ad
1656 2541 1820 2598 patres
1846 2548 1981 2592 suos.
2010 2540 2057 2585 et

478 2624 601 2676 vidit
627 2625 999 2694 corruptionem
1028 2640 1048 2678 :
1074 2624 1162 2679 57.
1211 2640 1355 2692 quem
1394 2641 1509 2679 vero
1559 2622 1697 2678 Deus
1733 2625 1989 2678 suscitavit
2024 2641 2056 2677 a

476 2718 706 2782 mortuis,
735 2732 837 2769 non
863 2716 986 2769 vidit
1009 2716 1401 2785 corruptionem.
1436 2716 1569 2770 Vide
1598 2715 1738 2770 hunc
1766 2715 2055 2770 vehemen-

477 2809 583 2861 tius
610 2807 982 2863 disserentem.
1034 2807 1145 2865 Hoc
1192 2822 1479 2878 mtmquam
1526 2807 1718 2862 Petrus
1762 2806 1917 2861 dixit.
1962 2807 2052 2861 38.

479 2900 670 2955 Natant
693 2900 848 2970 igitur
874 2901 936 2956 sit
961 2900 1117 2961 vobis,
1139 2900 1233 2953 οἱνὲ
1262 2900 1468 2969 fratres,
1498 2900 1616 2969 quia
1642 2915 1729 2968 per
1753 2899 1886 2952 hunc
1913 2900 2056 2951 nobis

475 2992 703 3046 remissio
724 3000 1043 3061 peccatorum
1068 2992 1422 3055 annuntiatur,
1448 3001 1496 3045 et
1518 2991 1581 3043 ab
1602 2991 1852 3054 omnibus,
1882 3006 1915 3042 a
1935 2991 2054 3060 qui-

472 3082 566 3136 bus
590 3099 690 3136 non
720 3083 950 3153 potuistis
985 3084 1039 3137 in
1075 3083 1187 3153 lege
1222 3081 1414 3151 Hoysis
1437 3081 1729 3149 iustiﬁcari,
1758 3081 1847 3135 59.
1882 3081 1934 3134 in
1960 3081 2054 3134 hoc

475 3176 639 3229 omnis
656 3176 748 3245 qui
771 3176 931 3229 credit
944 3175 1276 3244 justi/icatur.
1306 3173 1506 3228 Deinde
1530 3173 1631 3227 hoc
1651 3172 1890 3229 terribile
1917 3189 1931 3227 :
1960 3172 2050 3227 40.

488 3267 660 3322 Videte
685 3285 824 3339 ergo,
864 3285 926 3322 ne
960 3268 1276 3336 superveniat
1310 3267 1449 3321 vobis
1483 3266 1619 3334 quod
1659 3266 1846 3319 dictum
1892 3275 1964 3320 est
2000 3256 2054 3319 in

475 3359 733 3429 prophetis
763 3374 783 3415 :
810 3359 901 3415 Μ.
940 3356 1132 3423 Videte,
1154 3367 1537 3426 contemptores,
1559 3365 1604 3410 et
1633 3356 1976 3420 admiremini,
2005 3366 2054 3411 et

473 3450 841 3519 disperdinrini,
886 3449 1008 3522 quia
1041 3464 1171 3517 opus
1211 3464 1393 3518 operor
1430 3464 1521 3517 ego
1548 3449 1601 3502 in
1644 3448 1815 3502 diebus
1852 3448 2050 3515 vestris,

473 3541 610 3610 quod
626 3555 726 3594 non
744 3539 975 3603 credetis,
993 3539 1036 3592 si
1052 3539 1163 3607 quis
1176 3544 1484 3592 enarraverit
1505 3538 1641 3592 vobis
1662 3536 1883 3608 (Hebae.
1904 3539 1953 3592 1.
1969 3537 2048 3608 5).

544 3631 600 3685 2.
634 3630 767 3685 Vide
794 3628 1063 3702 quomodo
1080 3628 1243 3683 nectit
1258 3644 1560 3683 sermonem
1581 3644 1646 3683 ex
1676 3630 2048 3697 prtesentibus,

472 3740 540 3777 ex
574 3722 883 3793 prophetis,
935 3738 999 3776 ex
1043 3723 1248 3775 semine
1277 3720 1568 3776 secundum
1615 3722 2046 3791 promissionem.

478 3816 672 3871 Verum
694 3830 855 3882 supra
892 3815 1031 3871 dicta
1055 3814 1420 3884 exploremus.
1469 3813 1577 3868 Viri
1605 3815 1809 3881 fratres,
1834 3816 1931 3880 [itii
1957 3833 2048 3887 ge-

475 3910 609 3964 neris
650 3908 886 3962 Abrahaz.
929 3908 968 3961 A
1013 3916 1161 3977 patre
1206 3908 1348 3976 ipsos
1391 3907 1641 3977 appellat.
1692 3905 1841 3961 Vobis
1885 3924 2048 3963 sermo

470 4001 648 4055 salutis
673 4002 823 4070 hujus
852 4002 1032 4054 missus
1058 4009 1147 4054 est.
1187 3999 1282 4054 llic
1312 3999 1461 4064 illud,
1500 3998 1667 4061 Vobis,
1700 4014 1803 4053 non
1832 3999 2049 4054 Judaeos

469 4096 757 4161 separatim
790 4093 1022 4162 respicit,
1048 4092 1141 4147 sed
1163 4093 1255 4146 dat
1285 4093 1389 4145 illis
1422 4103 1738 4161 potestatem
1778 4092 2040 4146 avellendi

470 4202 532 4239 se
559 4185 629 4239 ab
656 4187 738 4249 iis,
766 4186 856 4255 qui
882 4178 1083 4239 cardem
1111 4193 1518 4253 perpetrarunt;
1547 4182 1685 4253 quod
1716 4199 1779 4238 ex
1805 4185 2047 4254 sequenti

473 4278 647 4345 palam
679 4289 781 4330 est.
815 4275 952 4329 Nam
977 4276 1062 4344 qui
1090 4275 1413 4340 habitabant,
1458 4275 1630 4343 inquit
1653 4316 1667 4339 ,
1718 4274 2005 4328 Jerusalem
2027 4316 2045 4343 ,

471 4370 607 4419 hunc
649 4369 958 4436 ignorantes,
985 4376 1029 4419 et
1054 4381 1194 4420 uoces
1222 4367 1602 4435 praphetarum,
1630 4381 1742 4437 qua:
1773 4383 1861 4433 per
1902 4384 2049 4422 omne

470 4459 733 4511 sabbatum
761 4458 1010 4527 leguntur,
1032 4457 1322 4525 judicantes
1351 4457 1699 4527 impleverunt.
1734 4458 1921 4525 Magna
1951 4473 2047 4514 ac-

469 4551 694 4612 cusatio,
725 4550 768 4603 si
796 4549 1100 4619 frequenter
1122 4549 1399 4604 audientes
1428 4565 1530 4602 non
1552 4549 1897 4605 attenderint.
1941 4552 2046 4607 Sed

473 4642 605 4697 nihil
628 4643 818 4698 mirum
842 4661 857 4696 :
891 4659 1010 4697 nam
1032 4643 1168 4697 dicta
1193 4643 1281 4696 illa
1300 4644 1441 4698 circa
1468 4642 1751 4714 IEgyptum
1780 4656 1833 4699 et
1857 4644 2045 4701 deser-

475 4743 585 4787 tum
612 4775 626 4797 ,
666 4733 797 4789 satis
819 4743 973 4788 erant
1009 4734 1077 4788 ad
1108 4734 1371 4803 ingratum
1421 4734 1635 4789 illorum
1672 4737 1907 4791 animum
1949 4738 2045 4794 de-

475 4826 897 4880 nionstrandum.
932 4826 998 4880 Et
1023 4825 1289 4894 quomodo
1312 4828 1640 4895 ignorarunt,
1671 4827 1893 4897 inquies,
1923 4844 2043 4883 cmn

472 4918 705 4974 Joannes
732 4917 965 4973 dixerit?
993 4916 1130 4984 Quid
1154 4916 1369 4982 mirum,
1400 4931 1519 4972 cum
1545 4917 1815 4986 prophetae
1838 4934 2047 4988 quoque

474 5025 619 5081 sazpe
632 5010 1017 5065 clamaverint?
1039 5009 1173 5064 llinc
1197 5009 1300 5064 alia
1318 5011 1586 5064 accusatio
1610 5026 1624 5061 :
1648 5008 1713 5063 Et
1734 5010 1874 5063 nulla
1892 5026 2048 5065 causa

475 5102 866 5156 mortisinventa
888 5117 908 5166 ;
939 5103 989 5157 id
1029 5101 1168 5170 quod
1206 5102 1516 5172 ignorantiae
1560 5118 1663 5155 non
1712 5113 1845 5156 erat.
1875 5102 2048 5157 Pona-

474 5210 592 5247 tnns
615 5194 780 5259 enim,
808 5194 949 5265 quod
978 5210 1098 5249 cum
1132 5210 1225 5263 pro
1249 5194 1461 5249 Christo
1484 5210 1588 5248 non
1621 5194 1920 5260 habuerint,
1949 5211 2047 5250 cur

470 5284 827 5339 occiderunt?
856 5284 925 5339 Et
963 5287 1243 5353 petierunt,
1276 5286 1485 5356 inquit,
1526 5302 1558 5337 a
1601 5284 1767 5341 Pilato
1797 5296 1851 5339 ut
1892 5288 2048 5339 inter-

474 5376 727 5444 liceretur.
758 5375 980 5448 Cumque
1006 5387 1431 5431 consummassent
1456 5377 1625 5431 omnia
1647 5418 1662 5439 ,
1706 5394 1820 5449 qute
1856 5378 1921 5432 de
1957 5379 2046 5433 illo

472 5466 663 5533 scripta
686 5476 829 5520 erant
852 5507 866 5529 ,
911 5467 1211 5533 deponentes
1250 5466 1312 5519 de
1339 5468 1499 5537 ligno,
1528 5477 1802 5539 posuerunt
1843 5469 1895 5522 in
1939 5485 2047 5523 mo-

473 5565 788 5610 numentum.
816 5556 948 5612 Vide
972 5573 1133 5625 quam
1168 5557 1268 5612 boc
1311 5557 1417 5611 illis
1442 5572 1584 5612 curre
1613 5558 1788 5613 fuerit.
1833 5558 2045 5615 Modum

485 5650 676 5704 mortis
702 5649 871 5717 dixit,
902 5658 957 5705 et
983 5649 1203 5705 Pilatum
1237 5650 1288 5704 in
1319 5650 1548 5705 medium
1598 5651 1841 5717 adducit,
1876 5662 1931 5708 ut
1973 5654 2046 5709 si-

1186 211 1243 267 S.
1281 209 1557 267 JOANNIS
1590 208 2069 267 CHRYSOSTOMI
2109 206 2421 264 ARCHIEP.
2460 207 2996 265 CONSTANTINOP.

3645 206 3751 264 ξω

2175 322 2284 377 mul
2314 333 2367 378 et
2396 322 2675 377 manifesta
2706 323 2881 392 passio
2907 324 2976 378 sit
2998 337 3066 377 ex
3096 320 3378 386 tribunali,
3398 320 3663 391 simulque
3694 331 3755 376 ut

2172 413 2246 468 illi
2266 414 2481 484 gravius
2518 424 2857 477 accusentur,
2884 414 3029 485 quod
3076 415 3227 469 illum
3276 414 3592 485 alienigena:
3636 416 3756 468 viro

2170 504 2508 558 tradiderint.
2560 504 2744 575 Neque
2783 506 2950 569 dixit,
2992 504 3282 576 Conquesti
3323 513 3447 559 sunt
3491 504 3599 576 (a);
3633 506 3752 569 sed,

2174 592 2537 661 I’ostularunt,
2584 597 2727 651 nulla
2780 612 2940 651 causa
2977 597 3189 652 inventa
3233 598 3381 651 illum
3429 599 3750 666 occidendi;

2170 687 2241 741 ita
2262 698 2317 742 ut
2343 689 2515 758 palam
2538 690 2606 743 sit
2629 690 2747 744 illos
2763 690 2986 761 gratiam
3009 691 3278 760 accepisse
3300 691 3470 745 Pilato
3494 693 3704 746 uolente
3728 714 3745 749 :

2168 778 2308 847 quod
2335 780 2530 833 clarius
2556 779 2685 834 dicit
2717 781 2923 843 Petrus,
2953 781 3229 835 Judicaute
3264 780 3355 835 illo
3382 784 3569 837 dimitti
3601 785 3744 854 (Act.

2166 869 2220 923 5.
2254 868 2365 940 15).
2395 870 2613 925 ΜυΙιιιω
2640 872 2850 927 amabat
2895 872 3019 928 illos
3059 873 3275 928 Paulus.
3332 874 3400 929 Et
3442 875 3591 939 vide,
3640 894 3745 931 non

2169 973 2410 1017 moratur
2434 964 2483 1017 in
2514 964 2719 1033 ingrato
2747 977 2952 1034 patrum
2985 966 3188 1029 animo,
3215 967 3309 1021 sed
3341 968 3467 1036 ipsis
3499 970 3748 1025 timorem

2169 1055 2374 1110 incutit.
2408 1056 2712 1126 Stephanus
2736 1068 2884 1114 certe
2919 1058 3021 1113 hoc
3044 1061 3167 1128 jure
3196 1059 3322 1114 facit
3342 1102 3358 1124 ,
3389 1072 3571 1129 utpote
3598 1065 3747 1118 occi-

2165 1145 2390 1209 dendus,
2419 1164 2525 1202 non
2549 1149 2771 1215 docens,
2794 1162 2849 1205 et
2872 1151 3163 1206 ostendens
3194 1153 3364 1222 legem
3390 1152 3505 1223 jam
3548 1157 3685 1208 solvi
3729 1174 3745 1210 :

2168 1239 2254 1294 llic
2305 1256 2433 1297 vero
2484 1259 2587 1295 non
2635 1243 2796 1309 item,
2844 1243 2936 1298 sed
2969 1244 3201 1299 minatur
3241 1257 3297 1300 et
3340 1256 3506 1301 terret
3547 1249 3745 1302 solum.

2166 1331 2303 1387 Deus
2325 1343 2491 1388 autem
2534 1336 2789 1388 suscitavit
2826 1337 2973 1390 illum
2997 1355 3028 1390 a
3069 1339 3301 1392 mortuis.
3340 1338 3443 1404 Qui
3476 1341 3608 1394 visus
3630 1351 3705 1394 est
3729 1384 3744 1407 ,

2166 1425 2354 1493 inquit,
2386 1426 2553 1480 multis
2576 1426 2750 1481 diebus
2770 1428 2852 1493 iis,
2874 1429 2961 1490 qui
2983 1445 3096 1481 cum
3130 1446 3188 1483 eo
3209 1433 3540 1484 ascenderant
3579 1450 3611 1484 a
3639 1433 3746 1486 Ca-

2162 1518 2300 1571 lilaza
2323 1519 2376 1572 in
2396 1518 2707 1573 Jerusalem.
2736 1520 2867 1575 Vide
2890 1522 3029 1576 hunc
3053 1522 3121 1576 ab
3149 1523 3264 1591 ipso
3287 1522 3487 1593 Spiritu
3515 1536 3741 1590 motmn,

2164 1621 2217 1664 et
2251 1612 2548 1679 passionem
2598 1622 2651 1667 et
2681 1615 2982 1682 sepulcrum
3025 1630 3167 1683 saepe
3219 1628 3628 1672 memorantem.
3676 1617 3746 1673 Et

2163 1716 2253 1754 nos
2290 1702 2425 1755 vobis
2467 1704 2861 1767 annnntiamus,
2906 1705 3110 1775 inquit,
3157 1722 3267 1759 eam
3307 1723 3419 1776 qua:
3460 1709 3528 1760 ad
3573 1720 3745 1777 patres

2163 1802 2358 1846 nostros
2397 1795 2719 1859 repromissio
2764 1799 2900 1865 facta
2927 1807 3041 1860 est;
3085 1797 3278 1859 idest,
3328 1798 3741 1865 promissionem

2162 1892 2340 1952 patres
2368 1896 2710 1952 acceperunt,
2740 1902 2834 1941 vos
2860 1903 2971 1941 rem
2998 1888 3190 1957 ipsam.
3226 1890 3429 1945 Deinde
3455 1902 3741 1963 postquam

2164 1983 2351 2029 testem
2379 1977 2671 2032 adduxerat
2699 1978 2958 2034 Joannem
2982 2021 2996 2043 ,
3024 1996 3144 2035 cum
3173 1982 3405 2047 diceret,
3441 1982 3517 2038 De
3552 1987 3745 2042 senaine

2162 2065 2256 2119 hoc
2271 2069 2546 2121 secundum
2565 2071 2942 2137 promissionem
2958 2072 3170 2126 adduxit
3190 2071 3377 2128 lsraeli
3396 2076 3740 2145 Salvatorem,

2161 2161 2467 2228 prtedicante
2482 2161 2683 2217 Joanne
2706 2173 2823 2218 ante
2846 2166 3026 2237 faciem
3050 2167 3294 2220 adventus
3307 2172 3417 2239 ejus
3437 2172 3744 2241 baptismum

2161 2252 2463 2320 pwnitentia:
2487 2252 2695 2319 Israel;
2719 2270 2901 2311 rursus
2924 2256 3124 2313 inducit
3154 2258 3303 2313 illum
3333 2262 3524 2315 iterum
3555 2263 3743 2319 dicen-

2161 2351 2266 2398 tem
2298 2362 2313 2398 :
2346 2344 2505 2409 Quem
2525 2362 2603 2400 me
2628 2347 2940 2401 arbitramini
2964 2365 3091 2409 esse,
3123 2366 3223 2404 non
3249 2368 3359 2405 sum
3390 2369 3501 2423 ego.
3536 2353 3739 2411 Deinde

2159 2434 2429 2503 aposmlos
2454 2451 2666 2507 quoque
2712 2437 2915 2492 inducit
2942 2442 3348 2497 resurrectionis
3399 2453 3563 2499 testes
3587 2486 3603 2511 ,
3651 2448 3736 2500 di-

2159 2541 2286 2581 cens
2319 2544 2331 2580 :
2359 2528 2458 2591 Qui
2481 2538 2595 2582 sunt
2621 2539 2763 2583 testes
2791 2530 2932 2584 illius
2961 2532 3029 2585 ad
3063 2533 3255 2601 plebem
3282 2575 3298 2598 ,
3337 2535 3528 2591 deinde
3576 2539 3733 2593 Davi-

2159 2618 2279 2673 dem
2317 2619 2544 2689 idipsum
2586 2620 2955 2676 testilicantem
2984 2663 2998 2689 ,
3047 2639 3166 2678 cum
3221 2625 3385 2681 dicit:
3419 2626 3537 2681 Non
3591 2630 3736 2685 dabis

2160 2709 2404 2765 Sanctum
2434 2722 2572 2766 tuum
2608 2714 2776 2769 videre
2810 2716 3200 2784 corruptionem.
3228 2718 3412 2787 Neque
3447 2722 3585 2776 enim
3631 2737 3730 2778 ve-

2160 2812 2270 2859 tera
2305 2820 2398 2873 per
2416 2806 2590 2876 seipsa
2616 2816 2720 2862 tam
2746 2806 2896 2862 ﬁrma
2917 2825 3035 2865 esse
3059 2810 3395 2880 videbantur,
3421 2830 3589 2884 neque
3614 2815 3732 2872 lucc

2157 2896 2273 2950 sine
2300 2896 2406 2953 illis
2436 2914 2449 2951 :
2480 2914 2575 2969 per
2607 2909 2832 2971 utraque
2854 2910 3002 2956 certe
3026 2916 3329 2960 sermonem
3360 2906 3555 2962 ﬁrmat.
3597 2908 3733 2976 Quia

2155 2990 2299 3044 enim
2342 3000 2484 3047 metu
2526 2993 2861 3059 tenebantur,
2913 2995 3053 3066 quod
3098 2996 3247 3051 illum
3290 3000 3650 3066 occidissent,
3680 3014 3735 3057 et

2156 3084 2479 3139 conscientia
2506 3085 2777 3141 alienabat
2803 3088 2946 3153 illos,
2975 3104 3082 3143 non
3106 3091 3257 3160 quasi
3285 3091 3350 3146 ad
3382 3092 3732 3149 Claristicidas

2157 3174 2461 3245 loquuntur,
2497 3193 2598 3233 nec
2634 3178 2786 3249 quasi
2824 3180 3055 3236 alienum
3086 3221 3104 3249 ,
3133 3181 3227 3237 sed
3258 3185 3411 3253 quasi
3458 3187 3730 3256 proprium

2156 3267 2285 3336 ipsis
2324 3266 2519 3322 bonum
2561 3269 2848 3326 traderent.
2885 3271 3286 3341 Optatissimum
3328 3275 3431 3329 illis
3472 3286 3592 3331 erat
3640 3291 3733 3328 no-

2157 3373 2276 3412 men
2318 3359 2530 3415 Davidis
2564 3377 2579 3413 :
2613 3361 2733 3415 ideo
2762 3362 2911 3433 ponit
2947 3363 3099 3427 illud.
3131 3375 3189 3419 ut
3217 3365 3301 3420 vel
3329 3365 3410 3421 sic
3443 3366 3632 3422 saltem
3665 3366 3729 3421 il-

2155 3446 2264 3501 lum
2310 3450 2638 3519 suscipiant;
2703 3467 2767 3506 ac
2802 3453 2847 3506 si
2890 3452 3125 3522 diceret,
3170 3455 3333 3509 ﬁlium
3388 3456 3504 3527 ejus
3551 3473 3729 3527 regem

2155 3538 2284 3608 ipsis
2314 3540 2546 3595 futurum
2577 3557 2697 3597 esse
2725 3561 2739 3597 :
2786 3544 2943 3615 igitur
2968 3546 3084 3615 ejus
3116 3545 3323 3602 frenum
3354 3564 3419 3601 ne
3444 3549 3730 3616 abjiciatis.

2153 3632 2288 3697 Quid
2321 3634 2418 3688 sibi
2447 3635 2557 3690 vult
2603 3636 2729 3691 illud
2764 3654 2777 3691 :
2822 3637 2964 3693 Dabo
3004 3639 3140 3693 vobis
3181 3651 3355 3696 sancta
3382 3641 3550 3696 David
3596 3644 3731 3710 ﬁde-

2156 3724 2268 3778 lia?
2301 3724 2516 3791 Firma,
2571 3727 2773 3795 inquit,
2824 3744 2945 3799 quae
2987 3745 3275 3801 numquam
3323 3734 3554 3801 peritura
3600 3736 3729 3789 sint.

2152 3817 2334 3888 Neque
2382 3818 2436 3872 in
2488 3819 2570 3873 bis
2620 3830 2880 3887 moratur,
2928 3831 3111 3890 utpote
3160 3839 3280 3878 cum
3329 3825 3410 3878 bis
3450 3824 3560 3895 jam
3607 3842 3729 3880 cre-

2151 3910 2309 3976 dant;
2368 3910 2463 3966 sed
2512 3911 2744 3967 minatur
2789 3914 3107 3982 supplicium
3134 3955 3151 3981 ,
3200 3924 3255 3968 et
3298 3917 3489 3970 transit
3522 3917 3588 3970 ad
3635 3917 3729 3984 id,

2150 4006 2292 4073 quod
2336 4004 2414 4058 eis
2448 4004 2681 4075 optabile
2723 4014 2839 4060 erat
2861 4046 2876 4070 ,
2919 4021 3037 4059 cum
3066 4007 3394 4062 ostendisset
3419 4008 3728 4079 abrogatam

2151 4110 2271 4150 esse
2289 4097 2458 4166 legem
2481 4111 2496 4160 ;
2528 4105 2687 4167 atque
2706 4096 2757 4150 in
2782 4112 2848 4151 eo
2869 4097 3009 4167 quod
3029 4097 3159 4153 utile
3178 4109 3292 4152 erat
3310 4110 3566 4165 moratur,
3585 4102 3730 4170 quod

2150 4202 2345 4255 nempe
2390 4202 2578 4257 magna
2628 4188 3081 4257 trangressoribus
3124 4190 3261 4243 mala
3307 4188 3481 4243 lntura
3523 4202 3726 4246 essent.

2153 4277 2352 4333 Deinde
2372 4279 2562 4332 iterum
2591 4277 2841 4332 Davidem
2870 4294 2990 4333 cum
3012 4279 3167 4334 laude
3198 4291 3461 4335 memorat
3490 4298 3504 4335 :
3538 4281 3727 4346 David,

2150 4370 2341 4440 inquit,
2363 4371 2415 4424 in
2442 4387 2536 4424 sua
2565 4371 2884 4440 generatione
2908 4387 3026 4424 cum
3064 4372 3459 4426 administrasset
3485 4374 3732 4427 voluntati

2150 4461 2264 4527 Dei,
2289 4462 2548 4531 appositus
2564 4471 2635 4515 est
2659 4461 2727 4514 ad
2750 4471 2919 4530 patres
2942 4479 3081 4516 suos.
3102 4461 3251 4518 Sicut
3270 4471 3323 4517 et
3345 4463 3531 4518 Petrus
3554 4465 3728 4534 ipsum

2150 4568 2452 4608 memorans
2486 4552 2737 4607 dicebat:
2772 4553 2944 4607 Liceat
2963 4553 3128 4607 dicere
3170 4572 3283 4608 cum
3327 4556 3513 4624 ﬁducia
3542 4557 3606 4609 de
3636 4575 3731 4625 pa-

2150 4646 2371 4700 triarcha
2399 4645 2561 4699 David
2595 4646 2729 4719 (Act.
2753 4646 2810 4703 2.
2841 4647 2955 4717 29).
2994 4647 3103 4704 Nec
3132 4648 3260 4704 dicit
3280 4660 3545 4704 mortuum
3572 4667 3725 4719 esse,

2149 4738 2244 4793 sed
2263 4781 2280 4801 ,
2306 4738 2582 4810 Appositus
2602 4748 2677 4793 est
2701 4739 2770 4793 ad
2802 4750 2970 4809 patres
2998 4758 3114 4794 suos
3136 4782 3151 4806 ,
3182 4741 3231 4796 id
3262 4742 3402 4810 quod
3428 4742 3571 4796 dictu
3600 4760 3726 4798 sua-

2148 4832 2265 4885 vius
2294 4840 2426 4885 erat.
2459 4830 2525 4884 Et
2553 4830 2669 4885 vide
2699 4831 2968 4900 quomodo
3002 4848 3260 4902 nusquam
3306 4834 3441 4887 bona
3489 4835 3727 4904 ipsorum

2149 4940 2311 4993 opera
2358 4933 2551 4994 ponat,
2594 4924 2690 4978 sed
2722 4941 2841 4993 quae
2874 4924 3313 4994 reprehensibilia
3354 4937 3507 4980 erant
3542 4944 3555 4980 :
3602 4944 3728 4985 nam

2148 5016 2289 5087 quod
2316 5017 2593 5085 petiissent
2621 5024 2675 5070 et
2705 5016 3078 5084 accepissent,
3114 5032 3303 5087 magna
3331 5018 3538 5072 illorum
3564 5035 3729 5074 accu-

2149 5108 2285 5163 satio
2304 5118 2437 5162 erat.
2465 5108 2598 5161 llinc
2624 5107 2881 5162 beneﬁcia
2906 5108 2997 5162 Dei
3022 5118 3301 5163 recenset:
3335 5108 3513 5181 Elegit,
3537 5111 3723 5179 inquit,

2151 5200 2443 5265 Exaltavit,
2477 5198 2754 5252 Educavit.
2786 5198 2909 5252 ll:cc
2937 5213 3065 5254 vero
3092 5214 3195 5252 non
3241 5215 3460 5265 eorum,
3496 5200 3588 5255 sed
3634 5201 3727 5255 Dei

2214 5315 2284 5382 (ᾳ)
2312 5313 2367 5362 1n
2389 5321 2551 5382 utrzeco
2576 5311 2776 5382 legitur,
2793 5326 2970 5376 tam”,
2990 5326 3315 5382 quam_vocem
3336 5316 3729 5382 interpresprior

2150 5374 2339 5439 latinus
2374 5374 2549 5432 vertit,
2585 5374 2882 5439 obtinuerunt
2903 5374 2919 5431 ξ
2940 5374 3029 5423 sed
3054 5375 3198 5424 rnale.
3226 5386 3340 5439 ﬁant
3360 5374 3523 5439 ινιτυέον
3547 5374 3638 5424 bic'
3664 5380 3731 5425 si-

2151 5438 2637 5508 gnificauconquest‘i
2672 5444 2803 5508 sunt,
2823 5444 2990 5486 contra
3029 5450 3139 5508 eum
3163 5438 3342 5508 loquuti
3366 5438 3507 5496 sunt,
3530 5453 3727 5508 accusa-

2152 5496 2283 5547 runt.
2304 5499 2451 5559 Cujus
2470 5496 2837 5562 signiﬁcationis
2860 5496 3091 5562 exempla
3111 5496 3362 5549 attulimus
3384 5512 3479 5549 non
3502 5515 3654 5562 pauca
3681 5502 3730 5551 in

2152 5513 2283 5547 runt.
2304 5513 2451 5559 Lupis
2470 5513 2837 5546 Stt'mncalluuls
2860 5513 3006 5547 exem
3045 5513 3091 5545 Ia
3111 5513 3362 5549 attulimus
3384 5513 3479 5549 non
3502 5515 3654 5562 pauca
3681 5513 3730 5551 ιιι

2151 5562 2459 5609 ()uomastico
2479 5536 2544 5607 ad
2562 5560 2706 5608 linem
2731 5559 2968 5610 Editionis
3002 5513 3339 5611 thanssiaus
3373 5575 3403 5610 a
3426 5564 3566 5611 nobis
3586 5563 3732 5611 ador-

2153 5631 2265 5688 nata
2297 5624 2346 5670 in
2369 5635 2488 5671 voce
2513 5634 2744 5683 ιπυτιάναν.
2768 5628 2823 5688 et»
2842 5623 2889 5669 in
2912 5623 3137 5688 sequenti
3175 5636 3337 5688 musa.
3360 5630 3434 5673 Sic
3474 5632 3640 5675 autem
3662 5626 3743 5676 ία-

2158 5683 2354 5736 tellecta
2381 5696 2500 5733 voce
2524 5697 2682 5745 bisulco
2701 5686 2859 5733 omnia
2878 5683 3199 5747 quadrabuut.
