4036 6220
316 324 438 378 4217

395 437 464 504 γ’.
488 431 643 502 Εἶδες
657 415 782 501 πῶς
805 433 1108 496 σπουδαίως
1129 433 1325 499 ἔδει-ξεν
1358 437 1670 507 οἰκονομίας
1689 433 1750 490 16
1768 439 1998 505 πρᾶγμα

301 525 419 587 ’ὅνς
467 523 958 592 Ἀλλ”ἀαούσωμεν
979 522 1030 574 τί
1058 522 1152 574 καὶ
1183 522 1433 590 λέγοντες
1463 525 1514 576 οί
1539 525 1824 578 ἀπόστολοι
1852 525 1999 575 ἔπει-

300 627 450 671 έσαν,
483 612 564 663 ὅτι
597 608 950 680 ἐσταυρώθη.
985 611 1049 662 Τί
1075 609 1266 663 τούτου
1301 610 1729 682 ἀπιθανώτερον,
1758 611 1840 664 ὃτι
1869 610 1993 662 ἐτάο

302 712 404 764 ’.φη
427 697 561 765 παρ’
597 695 800 759 αὐτῶν,
833 689 914 758 οἷς
940 696 1308 767 ἐπηγγέλλετο
1341 696 1614 769 σωτηρίαν
1648 697 1886 757 ἔσεσθαι,
1914 697 1996 749 ὅτι

303 787 356 835 -ό
383 783 576 850 ταφεὶς
603 781 828 852 ἀφίησιν
857 783 1245 854 ἁμαρτήματα,
1287 785 1383 838 καὶ
1408 785 1500 837 τοῦ
1546 785 1709 854 νόμου
1762 783 1994 854 μᾶλλονς

329 869 423 922 Διὸ
460 870 554 922 καὶ
575 869 675 923 οὐκ
707 865 884 931 εἶπεν,
917 864 1017 923 Ὧν
1057 871 1158 924 οὐκ
1197 870 1558 942 ἡϐουλήθητεο
1604 871 1720 925 ἀλλ’
1752 866 1862 924 Ὧν
1887 872 1996 924 οὐκ

314 953 674 1023 ςήδυνήθητε
714 955 783 1008 ἐν
807 956 887 1022 τῷ
932 957 1096 1024 νόμῳ
1141 956 1437 1022 Μωῦσέως
1488 955 1888 1024 δικαιωθῆναι,
1930 957 2000 1009 ἐν

318 1042 522 1110 τούτῳ
547 1040 667 1108 πᾶς
689 1046 723 1097 ό
751 1045 1055 1097 πιστεύων
1072 1043 1422 1110 δικαιοῦται,
1452 1044 1512 1096 τὸ
1532 1044 1758 1106 ἀσθενὲς
1785 1043 1878 1096 τοῦ
1910 1043 1999 1095 νόε-

327 1145 441 1198 ῖμου
468 1128 700 1194 δεικνύς.
752 1130 946 1193 Καλῶς
988 1129 1044 1183 δὲ
1096 1130 1399 1201 προσέθηκε
1432 1131 1528 1183 καὶ
1579 1131 1662 1194 τὸ,
1714 1128 1862 1195 Πᾶς,
1914 1130 2000 1182 ἵνα

333 1214 483 1289 δείξῃ
522 1215 603 1268 ὅτι
635 1216 785 1280 ὅστις
833 1212 968 1290 ἂνῇ
1017 1219 1045 1270 6
1096 1216 1386 1270 πιστεύων.
1428 1217 1596 1272 Οὐδὲν
1646 1216 1756 1287 γὰρ
1810 1216 2000 1285 ὄφελος

335 1304 585 1367 ἐκείνων,
611 1304 706 1359 ἐάν
733 1306 806 1376 μή
828 1323 912 1369 τις
950 1305 1237 1376 εὐεργεσία
1347 1306 1446 1358 Διά
1468 1306 1627 1359 τοῦτο
1665 1305 1889 1376 ὕστερον
1917 1306 2001 1358 τί·

335 1392 462 1462 θησι
489 1391 589 1463 τὴν
619 1391 832 1461 ἄφεσιν,
865 1391 1114 1445 ἐντεῦθεν
1136 1392 1197 1445 16
1245 1391 1426 1463 μεῖζον
1455 1394 1725 1461 συνάγων,
1772 1393 1866 1448 καὶ
1893 1393 2003 1445 δει-

336 1480 468 1542 κνὺς
499 1479 604 1543 ὅτι,
643 1478 672 1532 6
696 1479 973 1543 ἀδυνάτως
1003 1475 1150 1548 εἶχεν
1197 1481 1226 1532 6
1253 1480 1415 1551 νόμος
1439 1479 1588 1552 [ἓὲθ]
1621 1483 1812 1546 ποιεῖν,
1843 1480 2003 1533 τοῦτο

336 1566 712 1637 ἐργασάμενος
739 1567 826 1621 διά
849 1565 943 1621 τοῦ
972 1567 1202 1622 Θανάτου
1251 1572 1279 1622 6
1314 1568 1501 1622 παθὼν
1533 1570 1804 1638 φαίνεται.
1840 1572 2001 1623 ’Ὥστε

337 1655 520 1719 καλῶς
541 1655 716 1724 ἐλεγέ
743 1656 972 1722 Οἵτινές
995 1659 1116 1710 εἰσι
1152 1656 1452 1727 μάρτυρες
1489 1657 1676 1712 αὑτοῦ
1722 1658 1872 1727 πρὸς
1900 1661 2005 1712 τὸν

337 1743 510 1808 λαὸν,
547 1744 638 1797 τὸν
689 1743 946 1799 ἀνελόντα
998 1747 1184 1814 φησὶν,
1218 1747 1317 1799 οὐκ
1370 1747 1435 1799 ἂν
1463 1746 1638 1811 ὄντες,
1693 1748 1741 1800 εί
1778 1748 1852 1818 μὴ
1884 1746 2005 1818 θείᾳ

334 1831 564 1902 δυνάμει
594 1830 958 1886 ἐϐεϐαιοῦντοο
995 1833 1095 1886 οὐκ
1127 1833 1193 1886 ἂν
1229 1836 1338 1904 γάρ
1378 1834 1516 1904 πρὸς
1546 1833 1864 1904 ἀνθρώπους
1911 1852 2003 1903 φο-

337 1916 547 1979 νῶντας
578 1916 802 1970 τοιαῦτα
826 1917 1235 1990 ἐμαρτύρησαν,
1282 1920 1382 1972 οὐκ
1408 1920 1473 1972 ἂν
1500 1921 1637 1990 πρὸς
1665 1921 1861 1983 αὐτοὺς
1880 1923 2006 1985 τοὺς

338 2002 646 2068 ἀνελόντας.
673 2003 746 2058 T6
763 2006 841 2067 δὲ,
886 2005 1032 2075 Ἐγὼ
1057 2006 1325 2075 σήμερον
1354 2007 1683 2077 γεγέννηκά
1705 2024 1797 2070 σε.
1829 2005 2002 2074 εἶπεν,

337 2092 415 2155 ὡς
448 2091 622 2162 τούτῳ
653 2091 839 2147 λοιπὸν
883 2093 1041 2157 εἰδὼς
1077 2096 1160 2148 ὅτι
1194 2097 1288 2149 καὶ
1331 2096 1400 2149 16
1460 2096 1595 2150 ἄλλα
1635 2097 1847 2151 ἐπεται.
1901 2098 2009 2150 Καὶ

338 2179 427 2234 διὰ
459 2181 516 2234 τί
537 2181 612 2252 μὴ
636 2180 878 2253 ἐπήγαγε
902 2183 1226 2255 μαρτυρίαν,
1261 2185 1328 2238 δι’
1350 2179 1419 2256 ἦς
1447 2184 1671 2255 ἔμελλον
1705 2185 2006 2250 πείθεσθαι,

339 2268 423 2320 ὅτι
446 2268 640 2337 ἄφεσις
691 2269 975 2340 ἁμαρτιῶν
1004 2271 1071 2324 δι’
1102 2272 1267 2325 αὑτοῦ
1293 2273 1541 2341 γίνεται;
1570 2272 1693 2325 Ὅτι
1720 2273 1780 2326 16
1831 2291 2009 2326 σπου-

339 2354 640 2424 δαζόμενον
672 2357 832 2410 τοῦτο
856 2353 947 2427 ἦν.
974 2357 1144 2422 δεῖξαι
1168 2360 1326 2422 τέως.
1363 2361 1445 2414 ὅτι
1489 2360 1710 2431 ἀνέστη·
1743 2360 1931 2414 τούτου
1953 2361 2009 2414 δὲ

341 2441 786 2512 ὼμολογημένου,
823 2445 1001 2497 ἐκεῖνο
1036 2445 1521 2517 ἀναμφισϐήτητον
1547 2442 1616 2518 ἦν
1665 2446 1754 2498 διά
1794 2447 2008 2512 τούτου,

340 2527 405 2580 τὸ
427 2527 522 2580 καὶ
537 2528 620 2581 ὅτι
641 2528 734 2581 ὑπ’
757 2529 923 2583 αὑτοῦ
962 2537 987 2565 ⁸
1011 2531 1204 2599 άφεσις
1233 2532 1520 2603 ἁμαρτιῶν
1541 2531 1768 2600 γίνεται.
1803 2533 2011 2597 Ἀλλως

342 2615 401 2667 δὲ
432 2613 683 2670 ἐϐούλετο
709 2616 790 2679 είς
810 2615 976 2670 πόθον
1005 2617 1204 2681 αὐτοὺς
1233 2620 1462 2686 ἀγαγεῖν
1510 2618 1603 2672 τοῦ
1632 2620 1868 2690 μεγάλου
1893 2620 2014 2673 τού-

341 2718 462 2758 106.
492 2702 608 2755 Οὐκ
636 2702 746 2772 ἄρα
786 2703 1172 2774 ἐγκατάλειψις
1201 2701 1269 2777 ἦν
1307 2707 1335 2759 6
1375 2706 1604 2772 Θάνατος
1659 2709 1847 2772 αὐτοῦ,
1878 2694 2014 2763 ἀλλά

343 2789 684 2861 προφητείας
743 2790 1039 2862 πλήρωσις.
1111 2793 1544 2865 Ἀναμιμνήσκει
1595 2796 1843 2869 ἱστοριῶν
1872 2837 1886 2861 ,
1947 2796 2014 2861 ἀς

345 2877 716 2948 ἀγνοήσαντες
750 2878 919 2950 μυρία
950 2878 1153 2934 ἔπαθον
1181 2881 1347 2936 δεινά.
1375 2883 1486 2936 Καὶ
1511 2882 1667 2937 τοῦτο
1719 2883 2014 2938 αἰνίττεται

343 2964 434 3018 διά
461 2965 554 3019 τοῦ
604 2965 790 3030 τέλους
834 2966 1029 3035 λέγων’
1079 2968 1268 3023 Ἴδετε
1314 2971 1369 3024 οί
1402 2972 1868 3041 καταφρονηταί,
1914 2972 2014 3027 καί

343 3052 727 3122 ἐπιϐλέψατε.
759 3055 869 3108 Καὶ
895 3056 995 3126 δρα
1021 3056 1138 3120 πῶς
1167 3059 1296 3110 αὐτὸ
1346 3061 1517 3129 τραχὺ
1547 3059 1606 3113 ὃν
1630 3062 2012 3130 ὑποτέμνεται.

333 3139 445 3221 ,Μὴ
475 3139 739 3205 ἐπέλθοι,
777 3142 964 3211 φησὶν,
999 3144 1092 3212 ἐφ’
1125 3144 1282 3213 ὑμᾶς
1331 3146 1396 3199 τὸ
1441 3149 1592 3214 πρὸς
1623 3148 1763 3214 τοὺς
1786 3151 2015 3216 ἄλλους

347 3226 684 3296 εἰρημένον,
706 3227 794 3282 ὅτι
815 3229 992 3298 ἔργον
1011 3230 1126 3299 ἐγὼ
1148 3231 1475 3303 ἐργάζομαι,
1512 3234 1542 3289 ὃ
1568 3238 1639 3289 οὐ
1660 3237 1746 3304 μὴ
1769 3239 2014 3291 πιστεύο

349 3329 524 3382 σητε.
562 3314 673 3369 ἐάν
712 3333 805 3382 τις
833 3316 1179 3387 ἐκδιηγῆται
1211 3320 1372 3390 ὑμῖν.
1420 3322 1513 3394 Μὴ
1550 3322 1880 3393 θαυμάζετε,
1933 3326 2015 3378 ὅτι

351 3403 581 3457 ἄπιστον
603 3402 752 3455 δοκεῖ
783 3398 940 3456 εἶναι·
978 3406 1072 3458 καὶ
1091 3405 1222 3460 αὐτὸ
1249 3409 1571 3478 προείρηται
1596 3409 1820 3464 ἀνωθεν.
1848 3412 2017 3467 Τοῦτο

354 3491 451 3545 καὶ
479 3490 616 3561 πρὸς
644 3493 791 3562 ἡμᾶς
820 3493 1043 3558 εἰκότως
1081 3495 1147 3548 ἂν
1189 3496 1430 3569 λεχθείη,
1472 3499 1706 3554 Βλέπετε
1757 3503 1806 3554 οἱ
1851 3518 2018 3556 κατα-

356 3579 644 3650 φρονηταὶ,
677 3580 804 3650 περὶ
832 3580 941 3634 τῶν
964 3583 1029 3652 τῇ
1076 3582 1371 3638 ἀναστάσει
1413 3586 1856 3642 διαπιστούντων.
1909 3590 2018 3644 Καὶ

356 3665 464 3737 γὰρ
499 3665 705 3737 σφόδρα
725 3666 911 3729 κακῶς
929 3667 1000 3721 16
1025 3671 1124 3740 τῆς
1173 3671 1497 3743 Ἑκκλησίας
1523 3674 1812 3742 διάκειται,
1839 3679 2019 3732 καίτοι

356 3770 423 3822 γε
451 3752 699 3822 νομίζετε
719 3754 777 3806 ἐν
796 3755 989 3830 εἰρήνῃ
1016 3753 1243 3811 εἶναιτὰ
1268 3760 1586 3830 πράγματα.
1618 3763 1690 3815 Τὸ
1718 3762 1828 3835 γὰρ
1848 3765 2019 3818 δεινὸν

358 3840 516 3896 τοῦτό
536 3844 705 3906 ἐστιν,
725 3843 806 3897 ὅτι
827 3845 885 3896 ἐν
907 3843 1121 3909 πολλοῖς
1169 3845 1320 3910 ὄντες
1345 3851 1555 3911 κακοῖς,
1600 3851 1706 3904 οὐδ’
1735 3852 1816 3905 ὅτι
1855 3853 2019 3922 ἐσμὲν

362 3932 422 3986 ἐν
443 3932 634 3994 κακοῖς
659 3931 841 4002 ἴσμεν.

431 4019 497 4072 Τί
529 4018 708 4088 λέγεις
737 4037 752 4084 ;
779 4020 878 4083 τὰς
913 4019 1239 4092 Ἐκκλησίας
1280 4023 1600 4093 κατέχομεν,
1628 4023 1698 4076 τά
1741 4025 2017 4094 κτήματα,

361 4106 430 4160 τὰ
454 4105 590 4160 ἄλλα
637 4105 839 4166 πάντα.
873 4108 929 4159 αἱ
989 4107 1240 4172 συνάξεις
1280 4107 1540 4175 γίνονται,
1613 4109 1734 4162 καθ’
1783 4111 2021 4180 ἑκάστην

291 4256 297 4261 _
359 4192 574 4264 ἡμέραν
611 4193 893 4264 πρόσεισιν
927 4197 953 4247 6
991 4195 1119 4260 λαός
1147 4211 1161 4224 ο
1197 4196 1291 4247 καὶ
1329 4195 1809 4265 καταφρονοῦμεν;
1883 4198 2020 4250 Ἀλλ’

357 4281 461 4333 οὐκ
505 4281 614 4334 ἀπὸ
643 4281 833 4334 τούτου
877 4283 1201 4351 Ἐκκλησίαν
1240 4282 1304 4334 ἄν
1340 4300 1422 4342 τις
1462 4285 1824 4351 δοκιμάσειεν.
1865 4286 2022 4338 Ἀλλά

360 4365 544 4428 πόθεν,
581 4368 772 4434 φησίν;
803 4368 866 4419 Εἰ
893 4367 1150 4420 εὐλάϐειά
1179 4369 1345 4430 ἐστιν,
1381 4370 1430 4420 εί
1467 4369 1840 4439 κερδαίνοντες
1888 4373 2018 4424 ἀνα-

360 4452 640 4522 χωροῦμεν
663 4453 842 4506 οἶκαδε
874 4453 994 4506 καθ’
1025 4455 1258 4525 ἑκάστην
1286 4455 1518 4525 ἡμέραν,
1557 4458 1606 4508 εἰ
1656 4457 2023 4527 καρπούμενοι

367 4538 509 4605 μέγα
531 4538 634 4608 τιῆ
666 4540 880 4610 μικρὸν,
907 4542 956 4592 εί
991 4540 1066 4611 μὴ
1111 4541 1272 4612 νόμον
1327 4542 1510 4606 ἁπλῶς
1548 4542 1878 4612 πληροῦντες
1927 4547 2022 4598 καὶ

363 4625 767 4697 ἀφοσιούμενοι.
793 4627 888 4691 Τίς
918 4627 1139 4697 βελτίων
1165 4628 1385 4696 γέγονεν
1423 4627 1702 4700 ὁλοκλήρῳ
1737 4632 1869 4702 μηνὶ
1896 4632 2024 4685 συλ-

365 4713 686 4778 λεγόμενοςε
724 4716 893 4767 Τοῦτό
922 4717 1038 4768 ἐστι
1089 4715 1149 4767 τὸ
1190 4713 1520 4785 ζητούμενον
1548 4735 1559 4744 ·
1592 4719 1714 4769 ἐπεὶ
1752 4719 1843 4772 καὶ
1893 4719 2026 4772 αὐτὸ

362 4795 540 4861 τοῦτο,
565 4796 594 4850 6
623 4795 771 4851 δοκεῖ
792 4798 1095 4869 εὐπραγίας
1128 4795 1286 4866 εἶναι,
1311 4801 1469 4854 τοῦτο
1501 4803 1812 4874 δυσπραγία
1853 4807 2020 4869 ἐστὶν,

362 4885 489 4939 ὅταν
512 4883 715 4938 τούτων
749 4887 1046 4957 γινομένων
1083 4887 1250 4958 μηδὲν
1287 4887 1449 4942 πλέον
1476 4891 1709 4959 γίνηται.
1754 4891 1876 4944 Εἴθε
1927 4893 2025 4960 μὲν

360 4969 454 5025 οὖν
479 4971 644 5042 μηδὲν
672 4973 835 5026 πλέον
861 4991 874 5004 ·
904 4973 999 5028 νῦν
1023 4974 1078 5028 δὲ
1107 4975 1200 5028 καὶ
1228 4975 1319 5027 ἐπὶ
1350 4976 1411 5028 τὸ
1438 4981 1639 5048 χεῖρον.
1671 4979 1734 5030 Τί
1780 4980 2024 5050 καρποῦο

365 5057 457 5108 σθε
485 5057 591 5110 ἀπὸ
624 5059 732 5113 τῶν
780 5060 1094 5126 συνάξεωνς
1138 5062 1329 5116 Καίτοι
1362 5062 1416 5114 εί
1458 5063 1523 5132 γέ
1563 5082 1614 5117 τι
1659 5065 1848 5134 ὄφελος
1898 5068 2026 5137 ὑμῖν

363 5143 591 5211 ἐγίνετο,
620 5147 788 5200 πάλαι
807 5148 1013 5213 πάντας
1044 5149 1151 5203 ἔδει
1183 5151 1274 5202 16v
1291 5151 1387 5220 τῆς
1422 5151 1737 5222 φιλοσοφίας
1763 5153 1873 5222 βίον
1903 5155 2022 5226 ζῇν,

362 5231 630 5282 τοσούτων
660 5233 756 5301 μὲν
797 5236 1089 5307 προφητῶν
1131 5236 1382 5309 δεύτερον
1417 5242 1516 5311 τῆς
1559 5241 1850 5312 ἑϐδομάδος
1899 5244 2026 5312 ὑμῖν

362 5316 779 5387 διαλεγομένων,
800 5323 1067 5376 τοσούτων
1108 5325 1166 5376 δὲ
1217 5325 1552 5387 ἀποστόλων,
1602 5330 2023 5397 εὐαγγελιστῶν,

366 5403 581 5456 πάντων
609 5404 679 5458 τὰ
705 5408 946 5477 σωτήρια
971 5409 1215 5479 δόγματα
1247 5413 1628 5479 προτιθέντων,
1671 5418 1761 5468 καὶ
1806 5416 1876 5468 τά
1933 5417 2025 5470 δυ-

365 5495 570 5563 νάμενα
583 5487 713 5563 ἦθος
743 5495 1000 5565 ῥυθμίσαι
1027 5498 1160 5565 μετά
1183 5498 1384 5568 πολλῆς
1413 5502 1698 5572 ἀκριϐείας
1722 5520 2026 5574 παριστων-

365 5597 470 5631 των
509 5582 634 5651 ὑμῖν
657 5582 707 5636 ι’.
747 5582 805 5635 '0
828 5584 1162 5653 στρατιώτης
1192 5587 1282 5637 ἐπὶ
1304 5587 1364 5638 16
1383 5592 1681 5658 γυμνάσιον
1720 5590 1832 5654 ἰὼν,
1872 5593 1999 5664 άκρι

321 5719 327 5730 ,
370 5668 626 5739 ϐἐστερος
649 5669 855 5738 γίνεται
897 5671 1020 5741 περὶ
1044 5671 1108 5722 τὰ
1132 5675 1364 5726 τακτικά
1400 5678 1465 5726 '6
1515 5677 1749 5746 ἀθλητὴς
1808 5680 1887 5738 εἰς
1925 5697 2026 5731 πα-

430 5919 454 5982 _'
497 5917 591 5967 Alii
628 5922 704 5969 διὰ
742 5921 934 5970 τούτουο
983 5925 1064 5968 καί
1105 5921 1194 5982 μὴν
1227 5920 1305 5966 ὑπ’
1337 5917 1497 5972 αὐτοῖ,

1570 5926 1596 5964 ι»
1638 5922 1672 5969 Α
1685 5922 1732 5968 lii
1787 5923 2024 5982 ἀκριϐείας

370 5976 588 6028 τιθέντων
617 5983 743 6043 ἡμῖν.

1151 319 1210 375 S.
1249 319 1537 376 JOANNIS
1573 317 2063 378 CHRYSOSTOMI
2104 315 2423 372 ARCillEP.
2459 315 3006 371 CONSTANTINOP.

3655 311 3762 368 2|8

2102 431 2360 502 λαίστραν
2383 433 2631 502 βαδίζων,
2652 432 3036 502 ἐμπειρότερος
3060 431 3264 498 γίνεται
3294 432 3418 501 ἰτερί⁵
3439 432 3535 500 τὴν
3563 433 3762 504 πάληνο

2100 521 2129 571 6
2161 521 2340 591 ἰατρὸς
2370 521 2508 591 πρὸς
2537 519 2628 572 τὸν
2653 519 2969 572 διδάσκαλον
3017 519 3327 588 ἐρχόμενος,
3371 520 3763 592 ἀκριϐέστερος

2102 609 2329 677 γίνεται,
2349 610 2444 662 καὶ
2478 607 2698 660 πλείονα
2726 603 2854 668 οἶδε,
2883 605 2978 658 καὶ
3008 605 3227 658 πλείονα
3268 607 3527 675 μανθάνει
3552 624 3566 636 ⁸
3617 609 3681 660 σὺ
3711 609 3767 661 τί

2098 696 2474 766 κεκέρδηκας;
2510 695 2571 748 οὐ
2600 693 2742 763 λέγω
2771 693 2905 762 πρὸς
2931 693 3057 754 τοὺς
3080 693 3321 745 ἐνιαυτὸν
3359 693 3601 763 ἔχοντας,
3630 694 3769 748 ἀλλὰ

2097 783 2234 850 πρὸς
2257 783 2383 844 τοὺς
2407 783 2469 833 ἐκ
2501 779 2723 850 πρώτης
2779 779 2994 850 ἡλικίας
3028 780 3445 848 συναγομένους.
3505 783 3575 834 Ἢ
3607 781 3769 836 τοῦτο

2097 870 2345 940 νομίζετε
2381 869 2666 922 εὐλάϐειαν
2707 864 2865 932 εἶναι,
2900 867 2960 920 τὸ
2995 867 3234 936 συνεχῶς
3277 869 3647 938 παραϐάλλειν
3696 873 3767 942 τῇ

2099 955 2312 1020 συνάξει
2332 973 2345 1021 ;
2368 957 2536 1008 Τοῦτο
2560 955 2709 1008 οὐδέν
2734 958 2900 1018 ἐστιν,
2939 955 3002 1007 ἀν
3042 955 3114 1025 μή
3142 971 3194 1006 τι
3219 956 3670 1025 καρπωσώμεθα’
3701 958 3769 1011 ἂν

2103 1045 2174 1113 μή
2204 1061 2257 1096 τι
2291 1043 2634 1112 συνάγωμεν,
2656 1043 2861 1111 βέλτιον
2885 1040 3032 1113 [250]
3061 1042 3198 1093 οἴκοι
3232 1043 3432 1111 μένειν.
3467 1044 3574 1095 Καὶ
3590 1044 3697 1114 γάρ
3717 1047 3769 1098 οί

2099 1131 2352 1202 πρόγονοι
2394 1130 2491 1192 τὰς
2517 1129 2810 1199 ἐκκλησίας
2837 1132 2969 1200 ἡμῖν
2998 1129 3375 1200 ᾠκοδόμησαν,
3415 1130 3512 1200 οὐχ
3558 1125 3656 1183 ἵνα
3695 1134 3762 1184 ἐκ

2098 1218 2205 1272 τῶν
2235 1219 2376 1271 ἰδίων
2397 1219 2559 1270 οἴκων
2584 1218 2974 1284 συναγαγόντες
3008 1218 3155 1287 ἡμᾶς
3179 1217 3432 1284 ἀλλήλοις
3453 1217 3766 1271 δεικνύωσι·

2098 1305 2256 1360 τοῦτο
2274 1305 2382 1375 γάρ
2406 1306 2499 1358 καὶ
2524 1306 2580 1356 ἐν
2611 1305 2784 1375 ἀγορᾷ
2817 1305 2908 1356 καὶ
2936 1306 2994 1356 ἐν
3028 1303 3329 1373 βαλανείοις
3354 1305 3448 1356 καὶ
3489 1306 3544 1356 ἐν
3575 1309 3766 1377 πομπῇ

2098 1395 2309 1464 γένοιτο
2329 1394 2411 1448 ἄν·
2437 1392 2549 1445 ἀλλ’
2579 1393 2664 1445 ἵνα
2700 1393 2943 1462 μαθητὰς
2971 1392 3104 1460 ὁμοῦ
3127 1393 3219 1445 καὶ
3252 1391 3610 1455 διδασκάλους
3633 1411 3766 1445 συν-

2101 1481 2424 1548 αγαγόντες,
2489 1478 2732 1548 βελτίους
2758 1480 2981 1541 τούτους
3013 1478 3082 1531 δι’
3121 1479 3342 1532 ἐκείνων
3404 1480 3765 1550 ἐργάσωνται.

2102 1569 2284 1638 Νόμος
2310 1567 2496 1630 ἁπλῶς
2525 1568 2620 1620 καὶ
2648 1566 2944 1634 ἀφοσίωσις
2971 1567 3160 1635 γέγονε
3214 1567 3282 1620 τά
3321 1567 3567 1638 ἡμέτερα
3589 1583 3603 1597 °
3646 1583 3770 1621 συν-

2102 1655 2259 1726 ήθεια
2283 1656 2344 1707 16
2357 1657 2593 1726 πρᾶγμα
2629 1654 2813 1708 λοιπόν
2838 1649 3196 1708 ἐστιν.Ἧλθε
3227 1654 3287 1707 16
3314 1654 3528 1724 Πάσχα,
3559 1653 3726 1716 πολὺς
3746 1656 3774 1706 6

2104 1743 2350 1815 θόρυϐος,
2376 1742 2542 1811 πολλὴ
2581 1743 2845 1814 ήταραχή
2878 1759 2892 1772 ·
2917 1741 2977 1794 οὐ
3013 1741 3119 1812 γάρ
3148 1741 3213 1794 ἂν
3242 1742 3452 1812 εἴποιμι
3491 1741 3680 1794 πολλοὶ
3723 1743 3771 1794 οἱ

2104 1829 2377 1900 ἄνθρωποι
2402 1845 2414 1857 ·
2444 1827 2600 1888 τοῦτο
2615 1830 2722 1899 γάρ
2741 1830 2842 1881 οὐκ
2870 1829 2966 1882 ἀνθ
2977 1832 3193 1896 ρώπων,
3227 1830 3492 1898 Ἀπῆλθεν
3517 1832 3550 1900 ή
3588 1831 3773 1901 ἑορτὴ,

2104 1916 2132 1967 6
2163 1914 2260 1984 μὲν
2291 1912 2518 1984 θόρυϐος
2549 1914 2933 1984 ὑποτέμνεται,
2961 1915 3160 1986 ἠσυχία
3201 1915 3256 1967 δὲ
3293 1915 3454 1967 πάλιν
3501 1916 3775 1986 ἄκαρπος.

2107 2001 2432 2072 Παννυχίδες
2453 2002 2617 2054 πόσαι
2640 2012 2662 2038 σι
2680 2001 3044 2072 καὶύμνῳδίαι
3067 2001 3208 2072 ἱεραί
3232 2019 3248 2066 ;
3277 2003 3384 2055 Καὶ
3410 2003 3462 2055 τί
3488 2003 3549 2055 16
3578 2003 3778 2067 πλέον;

2105 2090 2301 2159 Χείρον
2335 2088 2435 2157 μὲν
2463 2085 2554 2141 06v
2581 2105 2594 2117 ·
2625 2088 2809 2141 πολλοί
2844 2090 2935 2142 καὶ
2959 2089 3044 2142 διά
3076 2090 3380 2156 κενοδοξίαν
3413 2091 3576 2143 τοῦτο
3612 2092 3781 2161 ἐργά-

2108 2177 2310 2238 ζονται.
2344 2174 2468 2238 Πῶς
2496 2175 2670 2228 οἴεσθε
2699 2175 2968 2246 κόπτομαι
2991 2176 3058 2228 16
3088 2177 3390 2248 σπλάγχνα.
3413 2177 3667 2248 καθάπερ
3699 2181 3780 2241 εἰς

2109 2262 2264 2318 πίθον
2311 2262 2642 2332 τετρημένον
2707 2263 2884 2316 πάντα
2939 2264 3325 2335 προχωροῦντα
3383 2265 3568 2332 όρῶν;
3619 2265 3784 2318 Ἀλλά

2109 2352 2325 2414 πάντως
2341 2351 2515 2420 ἐρεῖτέ
2547 2366 2656 2418 μοι,
2685 2351 2773 2403 ὅτε
2795 2352 2892 2412 τάς
2921 2351 3138 2422 Γραφάς
3165 2353 3340 2420 ῐσμεν.
3375 2354 3483 2406 Καὶ
3515 2353 3567 2404 τί
3596 2352 3777 2414 10610;

2112 2440 2208 2492 Ἂν
2228 2438 2316 2491 διὰ
2340 2439 2447 2492 τῶν
2473 2438 2651 2508 ἔργων
2697 2439 2865 2496 αὐτάς
2904 2439 3298 2509 ἐπιδεικνύητε,
3352 2441 3508 2494 τοῦτό
3552 2443 3666 2494 ἐστι
3716 2443 3781 2493 16

2109 2527 2322 2598 κέρδος,
2355 2525 2492 2594 αῦτη
2517 2529 2550 2595 ἡ
2581 2526 2838 2594 ὠφέλεια.
2872 2527 3100 2595 Βαφεῖον
3127 2529 3158 2598 ή
3182 2528 3446 2598 ἐκκλησία
3475 2531 3623 2582 ἐστίν
3652 2545 3664 2558 ·
3713 2531 3781 2582 ἂν

2110 2615 2400 2678 διαπαντὸς
2422 2616 2617 2685 ἀπίητε
2652 2615 2922 2685 μηδεμίαν
2946 2615 3223 2685 δεχόμενοι
3252 2615 3447 2687 βαφὴν,
3477 2617 3529 2669 τί
3559 2617 3620 2669 16
3650 2616 3783 2684 ὕφε-

2110 2704 2200 2766 λος
2244 2703 2336 2756 τοῦ
2395 2701 2634 2772 συνεχῶς
2699 2702 2927 2755 ἐνταῦθα
2993 2703 3164 2767 ἰέναι;
3203 2703 3417 2766 Μείζων
3473 2704 3568 2775 μὲν
3603 2705 3777 2776 γάρή

2114 2791 2306 2863 βλάϐη.
2340 2791 2436 2852 Τίς
2465 2793 2578 2853 τοῖς
2606 2790 2787 2860 νόμοις
2816 2790 3175 2861 προσέθηκεν,
3211 2785 3290 2854 οἷς
3318 2793 3422 2844 6116
3458 2792 3564 2844 τῶν
3605 2793 3777 2846 πατέο

2116 2899 2223 2952 ρων
2252 2879 2470 2943 ἐδέξατο
2500 2895 2516 2943 ;
2549 2873 2672 2930 Οἷόν
2691 2897 2744 2931 τι
2779 2880 2920 2947 λέγω
2950 2895 2962 2906 ·
3015 2879 3134 2943 ἔθος
3161 2882 3190 2933 6
3249 2880 3392 2932 δεῖνα
3445 2879 3555 2950 ἔχει
3591 2884 3772 2934 ποιεῖν

2113 2967 2209 3038 τὴν
2233 2967 2534 3037 ἀνάμνησιν
2565 2966 2666 3036 τῆς
2707 2968 2932 3038 μητρὸς,
2965 2967 2995 3037 ἢ
3031 2969 3130 3038 τῆς
3157 2968 3434 3035 γυναικὸς,
3463 2967 3498 3038 ἦ
3524 2966 3621 3021 106
3647 2985 3781 3022 παιο

2113 3055 2225 3109 δίου
2263 3054 2453 3108 ’τοῦτο
2483 3057 2627 3108 ποιεῖ
2659 3055 2760 3106 κάν
2785 3071 2844 3105 τε
2878 3055 3070 3124 ἀκούῃ,
3108 3057 3206 3109 κάν
3230 3072 3289 3107 τε
3337 3055 3410 3125 μὴ
3437 3055 3611 3128 ἀκούῃ
3650 3057 3782 3128 παρ’

2114 3143 2289 3215 ήμῶν,
2319 3142 2423 3194 6116
2453 3143 2547 3213 τῆς
2581 3142 2866 3220 συνηθείας
2892 3143 2983 3196 καὶ
3014 3143 3104 3197 τοῦ
3143 3145 3443 3208 συνειδότος
3467 3145 3774 3215 ἑλκόμενος.

2114 3232 2212 3285 Διά
2242 3230 2398 3284 τοῦτο
2425 3227 2515 3284 οὖν
2537 3232 2883 3298 ἀγανακτεῖς,
2915 3232 3082 3302 φησί;
3113 3232 3201 3302 Μὴ
3232 3233 3465 3300 γένοιτο,
3500 3232 3636 3286 ἀλλά
3683 3233 3778 3285 καὶ

2114 3321 2254 3374 πάνυ
2286 3319 2460 3390 χαίρω
2493 3336 2505 3348 ·
2543 3319 2846 3388 ἐϐουλόμην
2878 3319 2934 3371 δὲ
2962 3320 3124 3372 αὐτόν
3149 3337 3200 3372 τι
3235 3321 3329 3373 καὶ
3361 3322 3472 3373 6116
3493 3322 3591 3390 τῆς
3637 3323 3666 3388 ἡ
3677 3336 3767 3388 με-

2113 3407 2275 3479 τέρας
2304 3405 2696 3477 καρπώσασθαι
2742 3405 3048 3469 διαλέξεως,
3093 3409 3188 3460 καὶ
3241 3409 3380 3480 ὅπερ
3423 3411 3456 3479 ἡ
3522 3407 3772 3476 συνήθεια.

2116 3493 2355 3564 ἐποίησε,
2384 3493 2540 3546 τοῦτο
2589 3494 2681 3546 καὶ
2709 3494 2801 3562 ἀφ’
2847 3494 3004 3564 ὴμῶν
3037 3493 3064 3532 ἀ
3108 3495 3383 3562 γενέσθαι,
3433 3497 3529 3548 καὶ
3589 3497 3784 3567 ἑτέραν

2116 3581 2506 3651 ἐπεισαχθῆναι
2562 3581 2849 3652 συνήθειαν
2884 3597 2897 3610 ·
2946 3583 3066 3634 ἐπεὶ
3109 3581 3160 3633 τί
3213 3581 3488 3653 κόπτομαι
3526 3583 3647 3650 εἰκῆ
3687 3583 3784 3634 καὶ

2115 3669 2286 3741 ληρῶ.
2321 3670 2370 3722 εἰ
2420 3669 2662 3739 μέλλοιτε
2712 3670 2803 3722 ἐπὶ
2849 3669 2956 3722 τῶν
2990 3669 3171 3723 αὐτῶν
3217 3669 3424 3740 μένειν,
3449 3672 3499 3724 εἰ
3531 3669 3696 3741 μηδὲν
3727 3669 3786 3722 αἱ

2120 3757 2366 3822 συνάξεις
2387 3757 2466 3819 είς
2500 3757 2643 3827 ὑμᾶς
2671 3756 2989 3827 ἐργάζονται
3014 3756 3217 3824 ἀγαθόν
3248 3774 3262 3820 ;

2187 3843 2249 3898 δ’.
2281 3845 2416 3906 Ναὶ,
2449 3845 2631 3914 φησὶν,
2676 3843 2968 3914 εὐχόμεθα.
3011 3845 3118 3896 Καὶ¹
3160 3845 3211 3897 τί
3246 3843 3421 3910 τοῦτο,
3454 3841 3582 3916 ἂνῇ
3617 3844 3791 3914 χωρὶς

2118 3932 2293 4001 ἔργων
2321 3949 2336 3998 ;
2381 3933 2581 3984 Ἀκουε
2608 3930 2699 3983 106
2726 3930 2963 4002 Χριστοῦ
2997 3931 3249 4000 λέγοντος
3270 3948 3286 3964 ·
3317 3934 3399 3985 Οὐ
3439 3927 3559 3997 πᾶς
3607 3935 3642 3984 ό
3691 3930 3794 3986 λέ-

2119 4037 2240 4088 γων
2261 4036 2384 4088 μοι,
2404 4019 2599 4084 Κύριε,
2625 4020 2821 4085 Κύριε,
2860 4019 3271 4072 εἰσελεύσεται
3328 4021 3415 4084 εἱς
3452 4019 3569 4086 τὴν
3591 4018 3788 4083 ,ϐασι-

2119 4104 2294 4156 λείαν
2323 4100 2439 4154 τῶν
2459 4099 2748 4168 οὐρανῶν,
2772 4101 2908 4154 ἀλλ’
2930 4104 2963 4154 ὁ
2983 4101 3170 4153 ποιῶν
3189 4102 3253 4154 τὸ
3278 4101 3503 4168 θέλημα
3533 4100 3639 4154 τοῦ
3682 4105 3796 4155 Πα-

2120 4190 2262 4257 τρός
2279 4205 2400 4258 μου
2426 4187 2532 4240 τοῦ
2559 4188 2628 4240 ἐν
2654 4187 2776 4253 τοῖς
2813 4187 3112 4262 οὐραγοῖς.
3144 4189 3409 4260 Πολλάκις
3449 4187 3622 4256 ἔγνων
3677 4189 3793 4256 ἐγὼ

2123 4277 2365 4345 σιγῆσαι,
2403 4275 2674 4346 μηδεμίαν
2712 4277 2819 4328 ἀπὸ
2850 4276 2957 4327 τῶν
2988 4277 3270 4346 ἡμετέρων
3310 4276 3483 4344 λόγων
3540 4275 3792 4348 προσθήο

2125 4382 2225 4434 κην
2258 4365 2383 4431 ὑμῖν
2413 4363 2768 4434 ἐγγινομένην
2799 4363 2940 4435 ὁρῶν
2961 4380 2975 4394 ·
3009 4365 3040 4434 ἢ
3078 4364 3220 4434 τάχα
3255 4364 3464 4429 γίνεται
3500 4363 3620 4434 μὲν,
3683 4364 3798 4434 ἐγὼ

2123 4452 2178 4505 δὲ
2205 4453 2308 4504 ὑπὸ
2337 4450 2638 4522 ἀπληστίας
2660 4453 2754 4505 καὶ
2785 4452 2983 4522 πολλῆς
3011 4452 3309 4522 ἐπιθυμίας
3343 4452 3539 4505 ταύτὸν
3587 4453 3793 4524 πάσχω

2125 4543 2236 4602 τοῖς
2273 4541 2399 4608 περὶ
2419 4539 2485 4591 16
2506 4539 2768 4609 χρήματα
2800 4541 3166 4609 μαινομένοις.
3200 4539 3470 4610 Καθάπερ
3504 4538 3616 4609 γάρ
3651 4542 3802 4592 ἐκεῖ-

2126 4644 2226 4689 νοι,
2260 4627 2360 4680 ὅσα
2395 4625 2460 4680 ἀν
2495 4625 2920 4696 περιϐάλωνται,
2953 4626 3106 4679 οὐδὲν
3138 4626 3397 4696 ἡγοῦνται
3427 4626 3570 4695 ἔχειν
3598 4643 3612 4656 ’
3651 4625 3803 4680 οὕτω

2128 4715 2221 4767 καὶ
2246 4713 2431 4776 αὐτὸς,
2470 4713 2657 4784 ἐπειδὴ
2684 4713 2888 4784 σφόδρα
2929 4713 3028 4782 τῆς
3054 4713 3327 4783 ὑμετέρας
3355 4713 3576 4782 ἐφίεμαι
3613 4731 3802 4785 σωτη-

2129 4801 2269 4870 ρίας,
2307 4801 2411 4864 ἕως
2439 4799 2504 4854 ἂν
2533 4799 2628 4852 ίδω
2669 4801 3082 4871 προκεκοφότας
3126 4801 3290 4871 ὑμᾶς,
3351 4801 3504 4854 οὐδὲν
3550 4802 3802 4873 ἡγοῦμαι

2126 4888 2433 4959 εἰργάσθαι,
2504 4886 2592 4938 διά
2637 4887 2697 4939 16
2754 4887 2957 4957 σφόδρα
2998 4887 3283 4956 ἐπιθυμεῖν
3327 4888 3462 4958 πρὸς
3491 4888 3663 4959 αὐτὴν
3697 4889 3804 4959 τὴν

2129 4974 2368 5046 κορυφὴν
2424 4975 2566 5044 ὑμᾶς
2627 4973 2820 5025 ἐλθεῖν.
2863 4975 3161 5044 Βουλοίμην
3209 4974 3274 5028 ἂν
3307 4975 3466 5028 10610
3506 4970 3672 5036 εἶναι,
3704 4980 3804 5030 καὶ

2125 5062 2219 5115 τοῦ
2243 5061 2377 5132 ἐμοῦ
2418 5061 2620 5124 πάθους
2660 5056 2796 5113 εἶναι
2849 5062 3027 5125 τοῦτο,
3059 5061 3195 5114 ἀλλά
3247 5062 3320 5132 μὴ
3367 5063 3466 5131 τῆς
3516 5064 3800 5134 ὑμετέρας

2129 5149 2401 5218 ρνθυμίας
2429 5167 2442 5180 ο
2469 5149 2682 5202 δέδοικα
2702 5148 2758 5200 δέ
2793 5150 3000 5220 μήποτε
3031 5148 3213 5212 καλῶς
3247 5149 3618 5220 στοχάζωμαι.
3683 5152 3800 5203 Περ

2129 5236 2346 5289 πείσθαι
2405 5237 2512 5308 γάρ
2567 5236 2832 5304 ὀφείλετε.
2886 5237 2968 5289 ὃτι
3010 5236 3064 5288 εί
3092 5253 3174 5300 τις
3208 5237 3425 5305 ἐγένετο
3453 5237 3692 5306 ὠφέλεια
3741 5241 3802 5292 ἐν

2127 5323 2362 5394 τοσούτῳ
2392 5325 2584 5393 χρόνῳ,
2618 5322 2924 5376 παύσασθαι
2967 5323 3150 5376 λοιπὸν
3182 5326 3330 5395 ήμᾶς
3363 5325 3619 5393 λέγοντας
3662 5326 3798 5382 ἔδει.

2129 5409 2313 5472 υῦτως
2339 5413 2437 5462 οὐκ
2464 5411 2568 5462 ἔδει
2602 5409 2860 5480 ῥημάτιον
2888 5410 3034 5479 ὑμῖν,
3064 5411 3171 5463 τῶν
3220 5412 3320 5481 ἤδη
3361 5411 3657 5481 λεχθέντων
3702 5411 3802 5464 οῦ-

2127 5514 2234 5559 τως
2262 5499 2460 5561 ἱκανῶς
2499 5498 2824 5567 εἰρημένων,
2849 5497 2923 5560 ῶς
2955 5500 3045 5550 καὶ
3065 5498 3256 5562 ἄλλους
3289 5499 3549 5552 δύνασθαι
3598 5499 3804 5569 ρυθμίο

2129 5585 2262 5647 ζειν,
2294 5585 2346 5638 εί
2380 5603 2442 5654 γε
2469 5585 2714 5638 ἀπόντων
2735 5584 2973 5652 ὠφέλειά
3004 5602 3086 5648 τις
3128 5587 3256 5655 ὑμῖν
3298 5587 3667 5656 προσεγίνετο.
3725 5589 3805 5639 T6

2126 5676 2178 5725 δὲ
2208 5674 2448 5742 ἀνάγκην
2470 5673 2614 5742 ἡμᾶς
2641 5670 2779 5740 ἔχειν
2807 5673 3063 5742 συνεχοῦς
3084 5671 3230 5743 [251]
3261 5673 3805 5740 δεαλέξεως,οὐδενος

2194 5923 2217 5949 ε
2246 5919 2402 5965 Πόσαι
2429 5917 2568 5962 does!
2613 5920 2658 5964 in
2684 5929 2779 5963 uno
2805 5916 2908 5961 cod.
2977 5915 3002 5952 ά
3043 5916 3192 5964 Savil.
3227 5918 3306 5964 καὶ
3343 5917 3412 5976 ἐφ’
3439 5919 3573 5977 ἡμῶν
3616 5916 3799 5969 Morel.

2130 5996 2252 6030 vero
2299 5980 2374 6026 de”
2419 5981 2570 6036 ἡμῶν.
