4036 6220
374 327 475 380 Ri?

374 438 556 494 laudes
584 447 730 493 sunt.
762 437 1021 493 Davidem
1048 446 1223 493 autem
1250 439 1422 495 solum
1450 440 1710 505 celebrat,
1740 440 1859 510 quia
1892 455 1957 493 ex

373 533 486 601 ipso
508 528 778 586 Christus.
808 528 1111 599 Ingressum
1139 546 1268 585 vero
1292 530 1527 587 Joannes
1548 542 1719 595 vocat,
1750 531 1952 593 dicens,

372 624 501 677 Ante
529 623 717 694 faciem
742 622 1001 692 ingressus
1031 624 1162 694 ejus,
1192 622 1611 678 incarnationem
1641 624 1871 687 Christi,
1905 634 1958 676 et

371 720 484 788 ejus
511 734 633 772 cum
666 733 829 771 carne
865 717 1176 773 adventum.
1216 716 1305 772 Sic
1345 716 1580 771 Joannes
1612 717 1954 785 Evangelium

373 811 613 867 scribens
636 850 654 875 ,
684 810 752 865 ad
781 810 932 865 illum
964 826 1107 879 satpe
1132 810 1405 878 confugit:
1436 827 1684 879 magnum
1709 813 1848 864 enim
1881 810 1956 863 illi

373 919 563 959 nomen
596 913 713 957 erat
739 904 792 957 in
818 912 934 957 toto
954 903 1107 958 orbe.
1142 903 1205 956 Et
1237 903 1393 957 vide:
1439 920 1544 957 non
1570 905 1699 957 dicit
1726 903 1854 957 illud
1889 919 1954 957 ex

372 998 567 1066 διείρεο.
599 996 694 1051 sed
727 996 871 1050 illius
900 996 1052 1049 allert
1082 996 1463 1049 testimonium.

439 1091 492 1143 3.
544 1089 756 1153 Viden‘,
806 1086 1075 1158 quomodo
1128 1089 1413 1144 ostendere
1469 1090 1680 1144 studeat
1726 1106 1838 1144 rem
1891 1105 1954 1144 ex

370 1185 666 1240 oeconomia
704 1183 930 1254 quadam
967 1184 1101 1253 geri.
1131 1183 1234 1237 Sed
1264 1184 1541 1238 audiamus
1566 1184 1691 1254 quid
1728 1185 1954 1252 apostoli

369 1278 609 1331 dicentes
633 1276 1002 1347 persuaserint
1024 1317 1036 1336 ,
1062 1274 1204 1343 quod
1239 1275 1526 1328 cruciﬁxus
1558 1285 1659 1328 est.
1692 1274 1827 1341 Quid
1856 1275 1957 1330 hoc

370 1369 759 1433 incredibilius,
787 1367 929 1438 quod
964 1368 1205 1435 sepultus
1238 1366 1393 1421 sitah
1421 1368 1546 1432 illis,
1579 1368 1771 1435 quibus
1810 1369 1955 1420 salu-

372 1471 476 1516 tcm
509 1461 775 1531 promisit,
804 1461 944 1529 quod
967 1459 1211 1527 sepultus
1241 1470 1454 1529 peccata
1485 1461 1653 1530 magis
1679 1476 1835 1528 quam
1870 1460 1953 1514 lex

372 1558 481 1625 ipsa
501 1555 775 1612 remittat?
801 1555 924 1609 ldeo
951 1571 1054 1607 non
1072 1555 1205 1608 dixit
1223 1572 1237 1606 :
1254 1554 1296 1606 A
1319 1555 1509 1622 quibus
1532 1554 1811 1618 uoluistis;
1837 1553 1951 1620 sed,

370 1650 617 1719 Aquibus
664 1665 766 1701 non
811 1648 1041 1716 potuistis
1070 1648 1122 1699 in
1165 1648 1270 1717 iege
1317 1645 1511 1717 Moysis
1546 1647 1821 1716 justi/icari
1843 1661 1862 1709 ;
1904 1646 1956 1698 in

369 1740 465 1793 hoc
514 1738 680 1792 omnis
725 1738 932 1792 credens
974 1738 1287 1806 iusti/icutur
1335 1754 1354 1791 :
1400 1736 1761 1792 infirmitatem
1826 1738 1955 1806 legis

368 1830 680 1885 ostendens.
715 1831 881 1885 Recte
908 1840 1085 1884 autem
1116 1831 1319 1884 addidit
1351 1831 1499 1895 illud,
1535 1829 1749 1892 Omnis;
1778 1842 1832 1884 ut
1861 1832 1954 1885 de-

363 1921 597 1977 clararet
624 1921 868 1991 quisquis
894 1922 963 1975 sit
990 1922 1237 1975 credens.
1260 1920 1413 1976 Nulla
1448 1922 1591 1976 enim
1617 1938 1680 1976 ex
1710 1922 1815 1975 illis
1848 1925 1953 1975 uti-

364 2012 525 2077 litas,
570 2013 672 2067 nisi
720 2012 935 2082 aliquod
994 2013 1133 2066 adsit
1183 2012 1520 2067 beneﬁcium.
1571 2013 1693 2067 Ideo
1738 2014 1952 2068 demam

360 2105 518 2173 ponit
545 2105 916 2159 remissionem
939 2146 954 2167 ,
1001 2104 1125 2160 hinc
1151 2104 1289 2175 quod
1342 2106 1509 2175 majus
1538 2115 1621 2159 est
1662 2105 1950 2175 colligens,

356 2204 421 2251 et
448 2195 740 2250 ostendens
765 2237 779 2260 ,
814 2195 864 2250 id
894 2196 1033 2265 quod
1075 2213 1179 2250 non
1226 2206 1436 2264 poterat
1485 2198 1567 2251 lex
1612 2196 1820 2257 facere,
1855 2196 1954 2250 hoc

357 2290 511 2345 clare
540 2306 633 2358 per
660 2299 889 2343 mortem
928 2289 1117 2344 fecisse
1149 2305 1271 2344 eum
1304 2291 1391 2358 qui
1424 2305 1610 2359 passus
1637 2302 1739 2344 est.
1776 2290 1953 2360 itaque

360 2381 503 2436 bene
520 2382 736 2436 dicebat
762 2399 776 2434 :
806 2380 905 2445 Qui
926 2391 1041 2435 sunt
1068 2391 1211 2435 testes
1236 2383 1344 2451 ejus
1363 2382 1431 2433 ad
1454 2382 1665 2450 plebem,
1691 2380 1836 2434 illum
1863 2382 1950 2449 qui

356 2474 578 2537 occidit,
612 2475 783 2545 inquit
811 2490 827 2530 :
863 2489 1036 2545 neque
1063 2475 1197 2530 tales
1227 2484 1408 2529 essent
1433 2515 1447 2538 ,
1500 2475 1598 2528 nisi
1641 2474 1818 2529 divina
1847 2478 1953 2527 vir-

358 2577 476 2622 tute
526 2569 900 2632 ﬁrmarcntur;
953 2582 1123 2636 neque
1158 2568 1299 2622 enim
1349 2567 1414 2621 ad
1462 2566 1707 2621 homines
1751 2566 1950 2621 eaedem

354 2662 630 2729 spirantes
660 2660 786 2714 talia
816 2660 1080 2714 testificati
1110 2669 1311 2722 essent,
1344 2675 1448 2713 non
1476 2659 1539 2712 ad
1569 2660 1709 2729 ipsos
1738 2660 1824 2729 qui
1856 2675 1949 2713 oc-

353 2753 633 2807 ciderunt.
660 2750 796 2806 lllttd
824 2764 971 2816 vero,
1003 2751 1111 2823 Ego
1140 2752 1289 2804 hodie
1315 2752 1465 2821 genui
1490 2762 1536 2805 le
1559 2793 1574 2816 ,
1606 2751 1737 2804 dixit
1760 2793 1774 2814 ,
1809 2751 1947 2820 quod

354 2844 418 2900 ad
448 2845 561 2898 hoc
582 2846 742 2899 etiam
770 2844 872 2897 alia
901 2854 1213 2912 sequantur.
1243 2843 1308 2896 Et
1328 2859 1425 2896 cur
1444 2857 1547 2895 non
1573 2841 1775 2896 addidit
1804 2842 1952 2896 testi-

353 2937 601 2992 monium
622 2976 638 3002 ,
666 2951 774 3005 quo
805 2936 1276 3004 persnaderentur,
1311 2950 1403 3003 per
1428 2950 1548 2988 eum
1577 2934 1946 2988 remissionem

354 3043 705 3100 peccatorum
734 3029 961 3083 futuram
994 3030 1149 3084 esse?
1177 3028 1306 3096 Quia
1333 3028 1456 3081 illud
1491 3028 1699 3082 interim
1730 3028 1950 3081 curabat

354 3124 667 3187 ostendere,
696 3123 837 3193 quod
871 3120 1251 3177 resurrexisset
1277 3138 1290 3174 :
1326 3121 1426 3174 hoc
1455 3130 1631 3175 autem
1659 3121 1703 3174 si
1734 3121 1784 3172 in
1815 3135 1947 3197 con-

358 3216 496 3271 fesso
529 3224 717 3276 esset,
766 3213 894 3267 illud
921 3212 1045 3266 hinc
1072 3212 1425 3266 indubitatum
1458 3211 1586 3277 fuit,
1621 3227 1812 3280 nempe
1853 3226 1950 3279 per

354 3309 502 3366 illum
530 3306 905 3360 remissionem
929 3315 1268 3374 peccatorum
1300 3303 1433 3358 ﬁeri.
1462 3303 1708 3373 Alioquin
1738 3303 1949 3358 volebat

354 3402 473 3455 illos
508 3401 567 3454 in
616 3398 741 3453 boni
793 3397 933 3452 illius
980 3397 1303 3452 desiderium
1340 3397 1610 3451 inducere.
1656 3394 1772 3449 Non
1821 3411 1949 3464 ergo

355 3492 644 3549 derelictio
692 3501 809 3546 erat
831 3506 976 3545 mors
1015 3491 1160 3560 ejus,
1208 3490 1300 3544 sed
1344 3488 1636 3559 prophetia:
1688 3489 1945 3559 impletin.

355 3588 623 3644 llistorias
666 3594 1088 3649 commemorat,
1137 3598 1268 3653 quas
1320 3584 1626 3653 ignorantes
1668 3583 1944 3637 innumera

352 3685 490 3753 passi
518 3692 653 3736 sunt
679 3681 837 3735 mala.
872 3681 937 3735 Et
967 3681 1069 3734 hoc
1106 3680 1406 3734 subindicat
1447 3679 1499 3732 in
1547 3678 1650 3732 line
1672 3719 1685 3741 ,
1714 3678 1897 3733 dicens
1932 3697 1943 3730 :

362 3775 561 3840 Videte,
584 3782 971 3842 contemptores,
1004 3784 1049 3826 et
1079 3773 1330 3840 respicite.
1356 3772 1420 3824 Et
1444 3770 1563 3825 vide
1585 3770 1850 3839 quomodo
1880 3771 1943 3821 il-

352 3867 440 3922 lud
471 3876 663 3938 utpote
686 3880 939 3936 asperum
969 3865 1227 3919 succidat.
1278 3862 1362 3917 Ne
1405 3863 1543 3916 vobis
1583 3863 1941 3931 superveniat,

354 3960 554 4031 inquit,
582 3958 723 4030 quod
747 3959 861 4010 aliis
900 3958 1089 4010 dictum
1113 3968 1186 4011 est
1214 3972 1233 4010 :
1264 3956 1397 4024 Quia
1439 3972 1563 4026 Opus
1603 3972 1693 4026 ego
1740 3972 1941 4025 aperor,

356 4055 487 4121 quod
514 4069 622 4106 non
639 4050 872 4114 credetis,
890 4051 933 4102 si
947 4050 1057 4120 quis
1071 4051 1352 4103 narraverit
1374 4049 1527 4103 vobis.
1551 4048 1625 4103 Ne
1646 4048 1936 4115 miremini,

354 4145 493 4213 quod
518 4141 835 4198 incredibile
855 4140 1099 4195 videatur
1115 4155 1235 4195 esse
1260 4159 1273 4195 :
1293 4140 1462 4195 ethoc
1482 4141 1728 4209 superius
1748 4139 1947 4194 dictum

356 4244 454 4288 est.
475 4235 591 4289 Hoc
611 4235 774 4288 etiam
784 4233 902 4302 jure
923 4233 1074 4287 nobis
1096 4233 1333 4286 dicatur:
1364 4231 1945 4301 Videte,contemptores,

356 4325 420 4379 iis
440 4327 531 4396 qui
549 4324 999 4378 resurrectionem
1028 4340 1132 4377 non
1150 4324 1392 4378 credunt.
1414 4324 1627 4379 Etenim
1651 4340 1740 4380 res
1764 4325 1952 4380 Eccle-

356 4419 448 4473 siae
460 4419 697 4488 pessime
715 4416 931 4479 habent,
942 4417 1065 4471 licet
1079 4418 1275 4485 putetis
1292 4418 1343 4470 in
1365 4432 1494 4484 pace
1509 4432 1648 4472 esse.
1670 4417 1782 4471 Hoc
1796 4417 1952 4486 quip-

360 4527 422 4580 pe
450 4528 618 4581 grave
641 4521 745 4574 est,
768 4511 906 4579 quod
938 4512 988 4564 in
1020 4511 1174 4564 malis
1194 4524 1312 4564 cum
1337 4510 1521 4573 simus,
1551 4510 1601 4565 id
1621 4512 1945 4581 ignoremus.

430 4602 607 4658 Pietas
630 4603 740 4658 sola
771 4602 1048 4656 Ecclesium
1069 4602 1628 4669 commendat.—Qnid
1653 4604 1821 4656 dicis?
1849 4604 1948 4658 Ec-

358 4696 549 4752 clesias
581 4708 842 4759 tenemus,
875 4696 1263 4763 possessiones.
1309 4696 1408 4749 alia
1453 4698 1629 4750 omnia
1652 4738 1665 4760 ,
1710 4698 1948 4751 collecta:

362 4792 529 4856 fiunt,
558 4791 797 4860 quotidie
836 4789 985 4843 adest
1033 4790 1281 4858 populus,
1320 4799 1373 4843 et
1410 4790 1845 4844 contemnimus?
1878 4794 1948 4844 At

361 4897 463 4937 non
497 4882 625 4935 inde
652 4880 941 4935 Ecclesiam
972 4881 1302 4949 probaveris.
1333 4880 1437 4934 Sed
1472 4881 1611 4935 unde
1638 4923 1650 4944 ,
1697 4880 1947 4949 inquies?

358 4974 410 5026 Si
438 4974 616 5042 pietas
646 4981 748 5038 est,
781 4973 824 5026 si
864 4988 983 5027 cum
1028 4974 1176 5026 lucro
1202 4973 1416 5025 domum
1464 4973 1699 5041 quotidie
1740 4973 1949 5028 recedi-

359 5078 498 5128 mus,
530 5066 575 5118 si
604 5079 724 5118 cum
752 5064 925 5119 fructu
958 5065 1040 5117 vel
1064 5064 1275 5117 modico
1302 5063 1384 5116 vel
1422 5080 1613 5134 magno
1633 5107 1648 5129 ,
1682 5064 1723 5118 si
1776 5065 1944 5133 legem

361 5172 463 5209 non
494 5167 785 5225 utcumque
815 5168 867 5210 et
890 5155 1254 5224 perfunctorie
1284 5155 1634 5223 implevimus.
1678 5155 1807 5221 Quis
1835 5172 1947 5211 iue-

360 5248 457 5302 lior
477 5250 701 5303 effectus
728 5260 808 5302 est
830 5264 892 5303 ex
920 5249 1271 5303 conventibus
1290 5247 1489 5301 mensis
1509 5247 1703 5301 unius?
1733 5248 1843 5304 Hoc
1865 5257 1946 5302 est

361 5343 499 5410 quod
531 5358 642 5410 qua
662 5341 792 5394 ritur
821 5359 834 5395 ε
871 5356 991 5395 nam
1048 5343 1148 5395 hoc
1178 5342 1389 5409 ipsum,
1441 5340 1581 5409 quod
1614 5340 1943 5394 benefactum

364 5444 603 5501 |-utatur,
637 5434 917 5487 infeliciter
945 5435 1139 5487 factum
1192 5441 1305 5496 est,
1352 5446 1471 5485 cum
1524 5432 1605 5485 his
1648 5433 1715 5484 ita
1748 5436 1944 5501 gestis,

365 5530 489 5580 nihil
537 5527 770 5595 amplius
817 5528 1100 5581 lucramur.
1153 5530 1325 5596 Atque
1381 5528 1580 5580 utinam
1638 5527 1769 5581 nihil
1832 5543 1949 5581 am-

365 5620 535 5687 plius,
569 5635 715 5675 nunc
760 5622 897 5675 enim
939 5624 1095 5676 etiam
1130 5622 1181 5674 in
1220 5622 1455 5675 deterius
1491 5622 1775 5689 vcrgimns.
1807 5619 1943 5687 Quid

365 5714 565 5766 fructus
619 5727 689 5765 ex
736 5712 971 5768 collectis
998 5713 1251 5781 carpitis?
1295 5712 1351 5767 Si
1395 5713 1519 5782 quid
1561 5722 1709 5765 certe
1739 5710 1943 5765 fructus

364 5803 662 5872 carperetis
686 5844 704 5862 .
740 5802 847 5867 iam
888 5806 1011 5871 olim
1061 5818 1249 5859 omnes
1288 5812 1557 5874 oporteret
1606 5801 1937 5870 philosophi-

1330 324 1394 381 lN
1432 325 1613 382 ACTA
1652 323 2171 381 APOSTOLORUM.
2216 324 2447 381 HOMIL.
2492 325 2683 381 XXIX.

3540 331 3643 385 ΞΗ

2062 454 2127 493 ce
2178 438 2379 506 vivere,
2408 457 2525 494 cum
2566 442 2644 495 bis
2694 457 2787 511 per
2816 444 3205 501 hebdomadam
3250 456 3326 501 tot
3374 446 3645 517 propheta:

2063 547 2158 586 vos
2188 532 2545 599 alloquantnr,
2578 548 2700 587 cum
2734 545 2810 589 tot
2837 538 3085 604 apostoli,
3118 539 3481 608 evangelista;
3530 558 3646 593 uni-

2065 624 2219 675 nibus
2250 624 2502 677 salutaria
2534 626 2779 694 dogmata
2820 632 3261 697 proponentibns,
3295 649 3412 700 qua:
3443 634 3648 703 possint

2065 732 2239 772 mores
2267 727 2473 773 vestros
2515 732 2763 775 accurate
2796 736 3138 790 componere.
3175 728 3326 780 Miles
3370 726 3435 780 ad
3471 728 3653 782 lil'Ot'i-‘

2064 811 2210 864 nium
2232 814 2451 865 veniens
2476 812 2524 862 in
2550 811 2753 865 bellicis
2778 817 2832 865 lit
2856 817 3100 881 peritior;
3126 819 3322 872 athleta
3349 820 3646 888 palaestram

2063 904 2248 957 adiens
2278 903 2334 956 lit
2361 904 2702 958 exercitatior
2730 906 2797 957 ad
2853 922 3118 975 pugnam;
3157 912 3397 964 medicus
3435 914 3502 965 ad
3550 913 3649 965 do-

2061 1007 2263 1050 ctorem
2285 997 2543 1052 accedens
2562 999 2614 1051 ﬁt
2643 1000 2937 1065 expertior,
2960 1001 3111 1069 plura
3138 1005 3257 1060 scit.
3288 1004 3435 1071 plura
3458 1006 3645 1061 discit:

2064 1087 2264 1156 tuquid
2294 1088 2527 1143 lucratus
2557 1092 2658 1144 es?
2690 1106 2791 1143 non
2822 1090 3012 1160 loquor
3039 1092 3101 1145 iis
3126 1134 3140 1153 ,
3170 1094 3255 1162 qui
3288 1110 3381 1162 per
3419 1110 3612 1149 annum
3632 1139 3645 1157 .

2062 1178 2155 1232 sed
2180 1180 2261 1244 iis,
2292 1181 2378 1249 qui
2404 1196 2434 1234 a
2465 1181 2631 1248 prima
2659 1190 2819 1236 aetate
2850 1184 3205 1238 conventibus
3234 1184 3539 1240 adfuerunt.
3568 1192 3646 1241 An

2063 1269 2164 1324 hoc
2186 1273 2381 1339 putatis
2406 1287 2526 1325 esse
2552 1273 2800 1340 pietatem
2828 1316 2843 1338 ,
2871 1275 3012 1343 quod
3042 1274 3352 1345 frequenter
3387 1278 3451 1331 ad
3485 1294 3648 1349 syna-

2063 1365 2149 1417 xin
2178 1366 2490 1420 accedatis?
2535 1367 2645 1421 lloc
2686 1369 2817 1421 nihil
2844 1380 2958 1433 est,
2992 1371 3089 1424 nisi
3147 1373 3273 1441 quid
3320 1373 3521 1428 fruetus
3562 1392 3649 1427 re-

2063 1458 2339 1512 feramus:
2382 1459 2480 1512 nisi
2534 1461 2657 1529 quid
2700 1462 3035 1532 colligamus.
3064 1465 3255 1518 melius
3308 1478 3450 1520 esset
3503 1467 3647 1522 domi

2062 1565 2295 1604 manere.
2321 1550 2527 1604 Etenim
2557 1553 2786 1621 majores
2810 1556 2976 1607 nostri
2994 1557 3248 1609 ecclesias
3274 1558 3427 1613 nobis
3445 1559 3646 1613 exmdi-

2063 1642 2309 1707 ﬁcarunt,
2342 1660 2445 1698 non
2477 1655 2532 1697 ut
2580 1661 2643 1698 ex
2677 1647 2923 1701 domibus
2951 1660 3299 1717 congregatos
3351 1668 3446 1706 vos
3490 1655 3646 1707 simul

2061 1735 2344 1789 ostendant
2372 1754 2384 1788 :
2420 1736 2522 1791 hoc
2552 1737 2694 1791 enim
2725 1748 2778 1791 et
2812 1738 2860 1791 in
2894 1738 3010 1792 foro
3037 1750 3089 1793 et
3135 1741 3185 1793 in
3218 1740 3458 1807 balneis,
3500 1755 3556 1797 et
3598 1745 3646 1797 in

2064 1844 2253 1897 pompa
2287 1828 2505 1897 perinde
2535 1831 2625 1889 ﬁt;
2660 1830 2752 1884 sed
2787 1843 2841 1884 ut
2870 1831 3159 1901 discipulos
3185 1843 3239 1887 et
3269 1834 3519 1891 doctores
3544 1854 3647 1891 una

2059 1928 2464 1989 congregantes,
2496 1921 2616 1974 illos
2646 1923 2833 1974 horum
2857 1937 2958 1990 ope
2980 1924 3233 1978 meliores
3260 1925 3510 1981 efﬁciant.
3540 1928 3647 1984 Lex

2058 2012 2373 2079 simpliciter
2400 2021 2455 2067 et
2482 2012 2693 2066 decnris
2720 2016 2928 2081 species
2958 2016 3108 2069 facta:
3139 2027 3266 2071 sunt
3291 2035 3378 2073 res
3412 2033 3609 2074 nostra-
3629 2064 3643 2086 ,

2057 2102 2386 2157 consuetudo
2439 2118 2582 2157 mera
2633 2120 2772 2159 nunc
2814 2114 2913 2159 est.
2950 2107 3106 2161 Venit
3155 2109 3367 2177 pascha,
3423 2127 3643 2182 magnus

2060 2194 2330 2259 tumultus,
2383 2210 2587 2265 magna:
2634 2194 2801 2249 turbae
2830 2214 2843 2249 :
2877 2211 2979 2249 non
3024 2198 3166 2252 enim
3218 2199 3462 2264 dixerint,
3494 2202 3642 2255 inulti

2060 2286 2339 2340 homines:
2371 2286 2492 2340 illud
2524 2287 2667 2341 enim
2710 2304 2811 2341 non
2867 2304 2992 2341 vere
3035 2289 3307 2344 hominum
3355 2301 3438 2345 est
3483 2307 3641 2361 opus.

2057 2376 2290 2432 Transiit
2328 2377 2521 2433 festum
2548 2420 2562 2441 ,
2596 2380 2853 2434 tumultus
2896 2392 2977 2435 est
3029 2383 3222 2443 minor,
3267 2384 3420 2453 quies
3463 2394 3641 2439 tamen

2058 2469 2402 2526 infructuosa.
2432 2472 2570 2538 Quot
2597 2483 2721 2526 sunt
2749 2474 3018 2543 pervigilia
3044 2517 3058 2540 ,
3090 2485 3223 2544 quot
3245 2477 3382 2530 sacri
3409 2480 3642 2531 cantus?

2056 2565 2121 2619 Et
2148 2566 2271 2633 quid
2299 2566 2423 2621 hinc
2449 2568 2715 2635 amplius?
2742 2568 2852 2622 lmo
2876 2569 3027 2639 pejus
3054 2570 3247 2625 accidit
3278 2589 3291 2625 :
3325 2572 3474 2625 multi
3498 2572 3639 2625 enim

2058 2668 2273 2726 pr0pter
2299 2674 2485 2712 vanam
2518 2660 2740 2729 gloriam
2775 2662 2875 2715 hoc
2904 2662 3122 2715 faciunt.
3146 2662 3413 2729 Quantum
3445 2666 3642 2733 putatis

2056 2765 2141 2803 me
2168 2751 2217 2803 in
2248 2751 2542 2805 visceribus
2569 2752 2880 2806 discruciari
2908 2795 2919 2814 ,
2967 2754 3092 2807 duttt
3119 2754 3276 2809 video
3317 2756 3493 2807 omnia
3541 2758 3636 2807 do.

2056 2841 2184 2895 lium
2214 2842 2264 2895 in
2301 2852 2572 2911 pertusum
2602 2844 2843 2897 effundi?
2874 2845 2978 2899 Sed
3010 2846 3230 2898 omnino
3255 2846 3443 2901 dicetis
3471 2847 3599 2901 mihi
3623 2890 3637 2911 ,

2054 2933 2357 3004 Scripturas
2395 2936 2612 2990 scimus.
2662 2937 2726 2989 Et
2766 2937 2889 3004 quid
2935 2937 3078 2991 hoc?
3121 2938 3175 2992 Si
3223 2940 3341 2991 illas
3387 2940 3640 3008 operibus

2052 3028 2371 3093 exhibeatis,
2400 3029 2499 3083 hoc
2530 3030 2732 3083 lucrum
2756 3039 2856 3091 est,
2893 3030 2993 3083 hoc
3026 3031 3173 3087 utile.
3193 3031 3415 3085 Ofﬁcina
3449 3036 3641 3085 tincto-

2052 3124 2129 3175 ria
2158 3130 2241 3175 est
2283 3122 2507 3175 ecclesia
2555 3140 2567 3173 :
2625 3124 2667 3175 si
2716 3137 2929 3190 semper
2963 3123 3166 3177 abeatis
3220 3124 3365 3178 nulla
3418 3135 3634 3194 accepta

2053 3216 2300 3280 tinctura,
2335 3232 2450 3285 qua:
2477 3216 2674 3269 utilitas
2708 3217 2808 3269 huc
2838 3218 3147 3286 frequenter
3173 3219 3499 3274 convenire?
3525 3219 3637 3273 Ma-

2049 3309 2136 3377 jus
2164 3310 2359 3379 quippe
2380 3310 2630 3363 damnum
2657 3319 2757 3362 est.
2781 3309 2910 3377 Quis
2944 3311 3007 3362 iis
3034 3310 3238 3380 legibus
3269 3311 3390 3381 quid
3421 3311 3634 3381 adjecit,

2052 3417 2183 3472 quas
2209 3419 2238 3456 a
2271 3403 2509 3472 patribus
2539 3403 2786 3469 accepit?
2819 3402 3061 3471 Exempli
3090 3417 3248 3456 causa
3284 3421 3297 3457 :
3328 3402 3467 3456 solet
3493 3404 3641 3473 quis»

2055 3497 2192 3563 piam
2222 3496 2530 3565 memoriam
2566 3494 2740 3549 facere
2768 3496 2986 3560 matris,
3018 3495 3102 3549 vel
3138 3496 3318 3549 uxoris
3338 3537 3353 3560 ,
3386 3497 3468 3550 vel
3499 3496 3592 3551 lilii
3619 3512 3637 3551 :

2054 3588 2154 3642 hoc
2175 3586 2299 3641 facit
2319 3588 2431 3640 sive
2458 3587 2658 3650 audiat,
2689 3586 2805 3640 sive
2838 3602 2941 3639 non
2970 3585 3153 3640 audiat
3180 3604 3209 3640 a
3240 3587 3417 3652 nobis,
3443 3603 3473 3640 a
3499 3602 3633 3641 con-

2052 3678 2334 3732 suetudine
2362 3689 2416 3731 et
2436 3694 2462 3730 a
2482 3679 2807 3733 conscientia
2830 3680 3074 3733 allectus.
3101 3678 3293 3734 ldenne
3319 3680 3636 3750 indignaris,

2055 3771 2298 3840 inquies?
2322 3770 2501 3835 Absit;
2527 3770 2631 3822 imo
2655 3771 2875 3823 multum
2895 3771 3130 3839 gaudeo;
3158 3771 3251 3825 sed
3274 3771 3465 3826 vellem
3489 3772 3638 3824 illutn

2053 3863 2320 3934 quidpiam
2340 3878 2405 3915 ex
2436 3864 2695 3916 concione
2718 3872 2898 3916 nostra
2925 3864 3116 3917 lucrari
3144 3881 3157 3915 :
3182 3872 3235 3916 ct
3252 3863 3393 3931 quod
3412 3878 3642 3917 consuc-

2055 3957 2182 4012 tudo
2208 3956 2352 4019 fecit,
2378 3955 2426 4007 id
2457 3957 2616 4008 etiam
2644 3971 2672 4007 a
2704 3956 2856 4009 nobis
2881 3955 3015 4020 ﬁeri,
3040 3965 3094 4007 et
3121 3957 3277 4009 aliam
3302 3955 3641 4009 consuetudi-

2055 4065 2177 4103 nem
2205 4048 2404 4103 induci.
2424 4048 2670 4114 Alioquin
2688 4047 2811 4116 quid
2843 4047 3037 4100 frustra
3063 4048 3266 4107 laboro,
3295 4048 3339 4100 si
3365 4048 3415 4100 in
3450 4047 3636 4099 iisdem

2054 4141 2290 4195 mansuri
2329 4139 2498 4193 estis?
2529 4140 2574 4192 si
2607 4138 2736 4192 nihil
2769 4138 2919 4193 vobis
2952 4153 3181 4209 synaxes
3207 4137 3429 4191 afferant
3469 4138 3639 4191 boni?

2124 4235 2178 4287 4.
2205 4233 2375 4287 Etiam
2402 4274 2417 4296 ,
2469 4232 2708 4300 inquies,
2741 4245 3042 4301 precamur.
3092 4230 3159 4283 Et
3196 4228 3323 4295 quid
3378 4229 3481 4282 hoc
3522 4230 3640 4282 sine

2052 4327 2341 4398 operibus?
2365 4326 2498 4380 Audi
2527 4325 2800 4379 Christum
2842 4324 3110 4379 dicentem
3138 4341 3153 4379 :
3194 4322 3318 4376 Non
3363 4323 3525 4376 omnis
3553 4323 3640 4391 qui

2053 4422 2175 4473 dicit
2204 4419 2327 4471 milii
2347 4461 2361 4482 ,
2398 4419 2630 4479 Domine,
2664 4416 2897 4480 Domine,
2928 4417 3132 4469 intrabit
3153 4416 3204 4469 in
3247 4431 3461 4484 regnum
3488 4414 3643 4468 celo-

2052 4530 2193 4576 rum,
2241 4511 2327 4565 sed
2367 4512 2453 4578 qui
2490 4513 2609 4581 facit
2639 4517 2945 4563 voluntatem
2985 4508 3159 4563 Patris
3185 4511 3280 4563 mei
3309 4550 3322 4573 ,
3368 4508 3456 4569 qui
3485 4508 3639 4562 estin

2053 4606 2190 4660 cie/is
2223 4604 2432 4675 (Matth.
2465 4604 2515 4657 '7.
2539 4605 2656 4673 21).
2686 4604 2843 4673 Swpe
2887 4604 3045 4657 statui
3077 4620 3176 4673 ego
3206 4604 3366 4657 silere
3393 4644 3408 4668 ,
3450 4603 3638 4657 videns

2055 4698 2181 4751 nihil
2210 4714 2272 4750 ex
2306 4695 2643 4749 sermonibus
2670 4697 2870 4750 nostris
2897 4696 3047 4749 vobis
3070 4696 3200 4749 lucri
3225 4695 3480 4750 accedere
3510 4713 3522 4747 :
3552 4696 3637 4749 vel

2054 4792 2188 4843 forte
2214 4788 2455 4849 accedit,
2487 4804 2586 4856 ego
2628 4804 2755 4842 vero
2798 4787 2941 4857 quod
2984 4789 3300 4842 insatiabilis
3328 4797 3381 4842 et
3410 4788 3637 4856 cupidus

2052 4882 2174 4945 sim,
2202 4881 2431 4948 idipsnm
2466 4881 2642 4948 patior
2662 4880 2802 4949 quod
2835 4881 2888 4943 ii,
2920 4882 3007 4948 qui
3041 4880 3182 4933 circa
3212 4880 3462 4948 pecunias
3492 4880 3637 4932 insa-

2054 4974 2226 5028 niunt.
2255 4971 2385 5025 Nam
2416 4973 2555 5025 sicut
2585 4972 2695 5036 illi,
2724 4971 3064 5039 quantumvis
3103 4970 3472 5031 accumulent,
3507 4970 3636 5026 nihil

2050 5080 2109 5117 se
2142 5074 2325 5132 putant
2354 5063 2552 5118 habere
2581 5080 2594 5115 :
2624 5064 2701 5116 sic
2728 5072 2784 5116 et
2822 5077 2942 5129 ego,
2972 5064 3095 5130 quia
3145 5061 3371 5115 salutem
3404 5072 3636 5117 vestram

2051 5156 2336 5210 admodum
2372 5156 2563 5224 cupio,
2588 5154 2760 5207 donec
2792 5152 2976 5205 videro
3008 5169 3103 5206 vos
3145 5153 3459 5221 profecisse,
3506 5155 3637 5211 nihil

2051 5263 2137 5302 me
2159 5248 2348 5302 fecisse
2368 5256 2513 5314 puto,
2538 5245 2677 5315 quod
2704 5244 2926 5298 multum
2948 5245 3269 5308 desiderem,
3298 5255 3356 5298 ut
3380 5247 3444 5299 ad
3464 5247 3636 5316 ipsum

2049 5342 2262 5395 culmen
2305 5339 2628 5392 ascendatis.
2667 5338 2864 5391 Vellem
2908 5338 2978 5391 ita
3020 5354 3078 5392 se
3110 5338 3336 5399 habere;
3385 5340 3542 5409 idque
3571 5356 3637 5394 ex

2049 5432 2239 5487 affectu
2287 5447 2441 5494 meo,
2474 5446 2580 5483 non
2625 5446 2689 5484 ex
2718 5440 2892 5484 vestra
2940 5432 3143 5500 ignavia
3191 5432 3491 5500 proﬁcisci;
3541 5432 3633 5483 sed

2051 5526 2230 5587 timeo,
2278 5540 2344 5577 ne
2394 5523 2529 5577 forte
2576 5524 2712 5577 bene
2764 5523 3084 5593 conjectem.
3136 5524 3451 5579 Persuasum
3491 5522 3643 5575 enim

2051 5616 2288 5671 habeatis
2334 5626 2583 5682 oportet,
2627 5617 2671 5670 si
2714 5632 2815 5686 qua
2871 5619 2920 5671 in
2952 5627 3099 5671 tanto
3143 5626 3384 5684 tempore
3430 5611 3633 5666 utilitas

2048 5711 2404 5780 provenisset,
2435 5709 2587 5764 nobis
2606 5709 2715 5779 jam
2737 5708 2951 5763 dicendi
2978 5710 3133 5761 linem
3162 5705 3457 5761 faciendum
3495 5702 3627 5755 fore.

2050 5803 2138 5857 Sic
2170 5802 2320 5858 vobis
2356 5817 2460 5857 non
2509 5816 2644 5870 opus
2669 5811 2815 5857 esset
2838 5801 3015 5857 verbis
3036 5837 3053 5852 .
3103 5812 3225 5851 cum
3252 5810 3314 5850 ea
3335 5836 3348 5857 ,
3379 5810 3497 5862 quas
3521 5794 3625 5862 jam
