4036 6220
394 329 507 386 210

394 447 540 502 dicta
568 454 731 510 sunt,
785 446 855 501 ita
888 442 1152 502 sulficiant
1178 486 1193 508 ,
1225 454 1361 497 utet
1390 444 1525 497 alios
1556 441 1820 495 moderari
1863 455 1985 508 pos-

400 542 541 603 sint;
572 540 618 594 si
646 539 859 610 quidem
891 539 999 594 illis
1027 538 1336 593 absentibus
1359 535 1602 606 qumdam
1636 535 1787 588 vobis
1839 534 1982 586 utili-

401 642 484 687 tas
510 633 812 688 accederet.
845 632 995 700 Quod
1019 646 1147 687 vero
1184 639 1443 699 perpetuo
1468 628 1684 682 monitis
1731 642 1865 694 opus
1894 626 1981 678 ha-

403 728 590 783 beatis.
618 727 667 780 id
696 735 845 782 certe
867 725 999 780 nihil
1023 724 1167 780 aliud
1194 724 1409 787 indicat,
1450 738 1609 793 quam
1629 721 1768 791 quod
1811 734 1981 773 vestra

390 834 502 871 non
530 828 673 872 recte
701 833 760 872 se
787 818 1035 873 habeant.

470 910 714 964 Remedia
737 920 911 964 contra
937 910 1056 962 vitia
1079 925 1140 962 ea:
1167 908 1449 977 Scripturis
1473 908 1738 961 sumenda.
1758 938 1825 947 --
1843 906 1977 973 Quid

397 1017 526 1071 ergo
555 1002 889 1057 faciendum?
918 1017 1023 1056 non
1053 1004 1195 1056 enim
1220 1001 1606 1071 objurgandum
1639 1009 1722 1054 est
1754 1012 1976 1054 tantum.

386 1095 630 1149 Obsecro
665 1104 718 1148 et
747 1109 843 1147 oro
866 1134 880 1157 ,
916 1110 982 1148 ne
1011 1094 1062 1148 id
1095 1093 1267 1145 solum
1309 1093 1565 1155 spectetis
1589 1134 1603 1154 ,
1640 1101 1696 1144 ut
1727 1093 1779 1146 itt
1806 1092 1976 1146 eetzle-

386 1190 529 1241 siam
580 1187 846 1251 veniatis;
877 1188 971 1242 sed
1027 1196 1083 1241 ut
1132 1187 1292 1240 etiam
1325 1186 1540 1238 domum
1575 1184 1803 1253 regressi
1832 1226 1847 1249 ,
1880 1199 1973 1237 ac-

388 1289 547 1349 cepto
566 1290 750 1334 contra
781 1281 906 1334 vitia
937 1282 1225 1349 pharmace
1251 1321 1267 1343 ,
1299 1280 1340 1332 si
1374 1296 1477 1331 non
1504 1294 1531 1331 a
1561 1279 1715 1331 nobis
1741 1320 1755 1341 ,
1781 1278 1970 1331 saltem

392 1389 418 1421 a
449 1372 742 1443 Seripturis
784 1372 1130 1441 congruentia
1166 1371 1405 1423 habeatis
1446 1369 1703 1423 remedia.
1732 1368 1973 1435 Exempli

382 1477 549 1517 causa
576 1480 588 1515 :
621 1471 704 1517 est
724 1462 845 1532 quis
872 1462 1193 1517 iracundus?
1220 1461 1471 1515 Attendat
1500 1461 1813 1516 lectionibus
1833 1460 1973 1515 Seri-

382 1562 688 1621 tpturarum,
715 1565 768 1607 et
796 1553 1017 1607 omnino
1040 1552 1165 1622 quid
1194 1553 1424 1622 reperiet
1451 1552 1533 1606 Vel
1566 1553 1616 1605 itt
1646 1553 1864 1605 historia
1891 1552 1972 1606 vel

388 1647 442 1698 in
466 1646 687 1700 monitis
713 1664 726 1699 :
753 1648 805 1700 in
836 1646 1052 1700 monitis
1078 1687 1093 1709 ,
1124 1660 1245 1699 cum
1271 1646 1469 1699 dicitur
1501 1663 1513 1697 :
1548 1645 1858 1698 Momentum
1886 1650 1969 1714 fu-

381 1742 521 1791 roris
542 1738 650 1808 ejus
672 1738 822 1790 ruina
846 1738 971 1806 ipsis
1000 1738 1017 1803 (
1031 1736 1187 1790 Ecclt.
1221 1739 1269 1791 l.
1293 1736 1385 1808 28)
1410 1754 1422 1800 ;
1456 1747 1509 1791 et
1531 1779 1546 1802 ,
1579 1736 1667 1790 Vir
1694 1738 1971 1791 iracundus

378 1844 491 1881 non
517 1828 771 1882 modestus
799 1828 982 1897 (Prov.
1017 1829 1102 1883 Η.
1122 1828 1238 1898 25),
1273 1840 1325 1882 et
1346 1829 1537 1881 similia
1566 1847 1580 1893 ;
1604 1830 1793 1883 iterum
1819 1845 1966 1895 vero,

388 1918 485 1972 Vir
513 1921 773 1989 linguosus
798 1938 897 1973 non
926 1921 1166 1989 dirigetur
1204 1920 1372 1991 (l’sal.
1409 1920 1529 1974 159.
1562 1920 1647 1990 1⁸2)
1680 1939 1694 1983 ;
1727 1937 1967 1975 rursum-

385 2028 487 2079 que
506 2012 770 2077 Christus,
797 2012 901 2077 Qui
923 2013 1157 2065 irascitur
1178 2013 1327 2082 fratri
1349 2028 1440 2064 suo
1456 2013 1563 2065 sine
1578 2029 1729 2064 causa
1751 2011 1965 2079 (Matth.

385 2104 439 2158 5.
462 2102 579 2172 22);
611 2104 909 2173 iterumque
936 2103 1195 2172 propheta
1220 2144 1233 2167 ,
1261 2101 1568 2164 Irascimini,
1602 2113 1648 2155 et
1672 2102 1826 2155 nolite
1855 2118 1967 2170 pec-

373 2213 498 2250 -rarc
517 2194 687 2269 (Psal.
711 2196 765 2251 4.
792 2196 887 2267 5);
914 2207 989 2260 et,
1019 2195 1326 2249 Maledictus
1348 2200 1491 2265 furor
1505 2212 1695 2258 eorum,
1719 2197 1837 2265 quia
1858 2214 1970 2265 per-

374 2289 526 2343 tinaa:
570 2288 589 2361 (
620 2287 747 2342 Ceu.
768 2288 859 2344 49.
892 2289 921 2341 7
953 2287 993 2359 ).
1030 2287 1085 2342 1η
1120 2288 1355 2342 historiis
1384 2304 1515 2343 vero
1536 2330 1549 2350 ,
1584 2297 1641 2341 ut
1664 2303 1785 2341 cum
1816 2288 1968 2341 audis

388 2380 718 2435 Pharaonem
748 2381 823 2435 ira
855 2395 1044 2449 magna
1075 2382 1371 2444 incensum,
1402 2381 1633 2449 itcmqtte
1663 2382 1962 2450 Assyrium,

379 2472 471 2541 qui
501 2472 599 2525 hac
619 2472 686 2525 de
704 2486 870 2525 causa
898 2472 1193 2540 perierunt.
1220 2470 1447 2524 llursum
1475 2472 1561 2539 qui
1592 2486 1775 2525 amore
1804 2485 1965 2539 pecu-

374 2564 484 2616 uite
525 2572 711 2631 captus
759 2570 841 2616 est
873 2602 888 2625 ,
960 2560 1183 2616 audiat:
1216 2561 1365 2615 Nihil
1402 2579 1555 2615 avaro
1594 2563 1815 2632 iniquius
1842 2579 1860 2617 :
1885 2563 1965 2617 hic

373 2655 521 2708 enim
546 2665 600 2708 et
626 2654 848 2706 animam
876 2669 1020 2707 suam
1051 2655 1276 2708 venalem
1298 2653 1494 2708 exhibet
1526 2654 1710 2723 (Eccli.
1744 2655 1831 2709 lO.
1864 2654 1917 2724 9)
1947 2671 1960 2720 ;

374 2744 667 2799 ethristo
695 2744 949 2800 dicente:
984 2743 1107 2798 Non
1155 2747 1359 2815 potestis
1399 2744 1509 2799 Deo
1536 2747 1721 2800 servire
1763 2757 1807 2799 et
1856 2764 1965 2799 ma-

378 2853 545 2890 monae
582 2838 599 2905 (
633 2836 817 2890 Matth.
864 2838 917 2891 6.
955 2836 1057 2907 ἑά)
1084 2852 1097 2900 ;
1126 2848 1178 2890 et
1196 2838 1446 2905 Apostolo
1476 2880 1491 2904 ,
1533 2838 1705 2892 Radix
1741 2842 1963 2893 omnium

382 2928 627 2982 malorum
650 2938 722 2983 est
748 2929 960 2982 avaritia
984 2930 1028 2995 (l
1045 2968 1058 2981 .
1081 2928 1212 2982 Tim.
1234 2927 1287 2982 ὃ.
1311 2929 1420 2999 10);
1450 2939 1496 2984 et
1523 2930 1798 2999 propheta,
1820 2930 1964 2985 Divi-

380 3022 466 3075 tite
484 3022 525 3075 si
548 3020 751 3089 afﬂuant
768 3063 782 3085 ,
806 3021 961 3075 nolite
981 3038 1067 3074 cor
1083 3020 1520 3093 apponereU’sal.
1545 3022 1605 3077 (il
1621 3062 1633 3073 .
1656 3022 1746 3093 lO)
1773 3065 1787 3087 ,
1813 3025 1956 3077 mul-

381 3124 539 3183 taque
559 3112 660 3166 alia
686 3112 900 3166 similia.
920 3113 997 3167 Ex
1033 3113 1287 3175 historiis,
1310 3112 1514 3167 habetis
1535 3113 1677 3168 Giczi
1703 3156 1715 3176 ,
1747 3114 1957 3179 ludam,

382 3206 647 3276 principes
680 3206 971 3260 scribarum
1004 3249 1017 3267 ,
1048 3215 1101 3259 et
1149 3206 1287 3275 quod
1333 3205 1476 3259 Dona
1511 3218 1760 3260 exca'cant
1790 3208 1961 3261 oculos

377 3300 683 3370 sapientius:
723 3298 915 3372 (Exod.
944 3300 1034 3353 25.
1057 3303 1109 3355 8.
1140 3299 1291 3353 Deut.
1316 3300 1520 3369 16.19).
1569 3300 1721 3353 Alius
1767 3311 1848 3353 est
1873 3316 1961 3353 sn-

385 3392 579 3461 perbus
600 3392 623 3447 ‘l
648 3392 838 3447 Audiat
867 3392 995 3447 illud
1019 3435 1032 3455 ,
1070 3392 1204 3446 Deus
1230 3394 1458 3462 superbis
1478 3394 1662 3447 resistit
1694 3392 1874 3464 (Prov.
1904 3396 1956 3449 5.

372 3486 467 3553 56)
489 3501 504 3551 ;
525 3496 599 3551 et,
633 3483 953 3555 Principium
974 3486 1222 3553 superbia:
1237 3497 1492 3553 peccatum
1516 3485 1701 3556 (Eccli.
1730 3488 1813 3541 lO.
1848 3487 1956 3554 H);

374 3586 453 3645 et,
477 3577 653 3633 Omnis
668 3578 896 3632 sublimis
912 3578 1061 3631 corde
1081 3579 1309 3645 impurus
1330 3578 1467 3646 apud
1488 3576 1759 3631 Dominum
1780 3578 1957 3647 (Prov.

376 3668 555 3739 ηδ).
580 3669 643 3724 Ει
661 3670 712 3724 itt
730 3669 964 3724 historiis
989 3712 1004 3736 ,
1037 3669 1283 3741 respicite
1300 3669 1567 3724 diabolum
1584 3671 1821 3741 aliosque
1847 3687 1960 3724 ont-

374 3775 492 3815 nes.
511 3759 565 3815 ln
583 3776 789 3816 summa
807 3760 935 3834 (non
959 3762 1101 3817 enim
1125 3776 1405 3830 possumus
1431 3763 1604 3817 omnia
1632 3764 1954 3836 recensere),

371 3854 566 3924 singuli
585 3869 803 3908 suorum
821 3853 1094 3909 vulnerum
1120 3855 1402 3925 pharmace
1424 3871 1489 3911 ex
1512 3855 1801 3928 Scripturis
1824 3858 1959 3911 divi-

374 3948 457 4002 nis
472 3947 729 4016 deligant:
747 3958 801 4003 et
819 3949 860 4002 si
882 3963 984 4004 neu
1002 3958 1169 4004 totum
1187 3951 1364 4012 simul,
1383 3960 1582 4020 partem
1602 3968 1762 4006 unam
1780 3952 1955 4020 hodie,

376 4048 576 4106 partem
592 4040 821 4095 crastina
840 4040 1003 4107 die,et
1024 4042 1100 4096 sic
1116 4044 1289 4096 omnia
1308 4043 1526 4101 abluite.
1552 4044 1619 4098 Et
1633 4046 1769 4099 circa
1792 4048 1958 4116 paeni-

373 4130 674 4197 tentiam,et
688 4133 827 4187 circa
849 4132 1405 4198 confessionem,circa
1422 4135 1839 4207 eleemosynam,
1857 4138 1959 4190 cir-

371 4240 433 4278 ca
450 4225 1074 4295 mquitatem,castitatem
1095 4237 1394 4295 czeteraque
1413 4227 1856 4296 omnia,exempla
1878 4242 1960 4282 rc-

375 4317 571 4385 peries.
597 4316 724 4370 1]th
750 4318 944 4387 quippe
969 4318 1137 4370 omnia
1164 4319 1353 4384 scripta
1372 4328 1488 4370 sunt
1510 4317 1578 4369 ad
1600 4318 1957 4371 institutionem

385 4418 613 4461 nostram
648 4405 844 4475 (Rom.
875 4408 964 4461 15.
990 4408 1025 4462 4
1048 4408 1089 4477 ),
1122 4409 1312 4476 inquit.
1339 4408 1394 4461 Si
1427 4408 1605 4477 itaque
1635 4410 1684 4463 in
1714 4410 1956 4463 admoni-

375 4502 571 4553 tionem
600 4509 835 4553 nostram
867 4501 1005 4553 circa
1047 4501 1223 4553 omnia
1254 4500 1469 4555 disserit
1498 4543 1510 4560 .
1536 4503 1874 4556 attendamus
1903 4514 1958 4558 ut

380 4606 474 4658 par
500 4599 599 4644 est.
632 4589 766 4656 Quid
800 4588 996 4644 frustra
1046 4606 1143 4644 nos
1175 4591 1318 4659 ipsos
1347 4592 1645 4661 decipimus
1671 4594 1694 4646 ἲ
1726 4594 1909 4649 Timeo
1939 4637 1953 4661 ,

375 4695 443 4735 ne
465 4679 534 4736 de
564 4681 715 4735 nobis
744 4680 949 4735 dicatur
984 4698 997 4734 :
1026 4679 1332 4751 IIe/‘ecerunt
1377 4683 1429 4736 in
1459 4685 1679 4738 vanitate
1723 4686 1828 4739 dies
1859 4704 1955 4739 no-

373 4772 467 4825 stri
484 4814 498 4836 ,
527 4782 573 4826 et
620 4772 743 4826 anni
785 4773 943 4827 nostri
992 4788 1105 4826 cum
1135 4774 1491 4844 festinatione(
1522 4773 1665 4829 Psal.
1703 4777 1791 4830 (i7.
1817 4778 1884 4831 55
1910 4779 1952 4846 ).

376 4864 505 4931 Quis
535 4879 630 4918 nos
651 4864 876 4919 audiens
901 4865 1157 4919 abscessit
1185 4880 1212 4917 a
1244 4864 1466 4920 theatris
1494 4868 1516 4920 ?
1544 4868 1661 4936 quis
1689 4869 1755 4920 ab
1776 4870 1949 4923 avari-

378 4960 449 5013 tia
479 4958 684 5014 destitit
710 4959 733 5012 ?
761 4960 881 5029 quis
908 4960 1197 5015 ferventior
1228 4957 1399 5013 factus
1428 4970 1511 5014 est
1550 4959 1614 5013 ad
1659 4961 1955 5033 eleemosy-

376 5052 542 5105 nam?
572 5052 773 5107 Vellem
804 5054 942 5108 scire
962 5094 976 5116 ,
1011 5069 1114 5106 non
1144 5067 1294 5106 vana:
1320 5053 1505 5123 gloriae
1532 5069 1696 5108 causa
1726 5096 1739 5115 ,
1773 5056 1865 5109 sed
1900 5065 1955 5109 ut

373 5140 602 5195 alacrior
627 5144 806 5198 fierem
839 5185 854 5208 ,
884 5143 1071 5198 videns
1096 5144 1366 5214 egregium
1415 5144 1658 5199 laborum
1703 5144 1953 5200 fructum.

384 5233 534 5287 Nunc
577 5245 753 5291 autem
790 5238 1060 5305 quomodo
1086 5238 1235 5309 operi
1264 5254 1478 5292 manum
1507 5238 1802 5293 admovebo
1832 5281 1846 5302 ,
1882 5250 1956 5292 int

379 5324 636 5379 doctrina:
678 5326 874 5381 imbres
902 5328 1165 5382 demissos
1205 5329 1393 5383 videns
1416 5372 1429 5392 ,
1464 5338 1517 5383 et
1545 5340 1754 5399 segetes
1784 5332 1833 5382 in
1864 5349 1955 5381 (ιιι-

377 5420 497 5473 dem
525 5432 773 5472 mensura
807 5418 959 5473 nobis
979 5430 1280 5482 manentes,
1316 5436 1414 5475 nec
1436 5421 1667 5490 majores
1696 5436 1815 5474 es-~e
1845 5424 1925 5474 fru
1943 5449 1956 5465 σ

377 5508 544 5565 ctus?
572 5508 790 5563 Domum
841 5524 979 5563 arcte
1023 5518 1233 5577 tempus
1273 5510 1473 5575 adest,
1515 5527 1623 5581 quo
1673 5513 1957 5566 adbibi-tor

377 5601 756 5657 ventilahrum.
782 5600 987 5662 Timeo,
1014 5616 1079 5655 ne
1106 5611 1272 5655 totum
1304 5602 1373 5655 sit
1401 5602 1599 5655 luenti-:1
1634 5620 1647 5655 :
1680 5607 1860 5663 linteo,
1891 5619 1956 5658 ne

379 5711 571 5750 omnes
596 5695 647 5749 in
675 5695 941 5749 caminum
972 5693 1339 5763 conjiciamur.
1372 5694 1634 5750 l‘rmeriit
1658 5710 1840 5760 matus,
1864 5710 1952 5749 vev

381 5788 456 5843 nit
505 5786 717 5853 hiems;
747 5786 993 5843 sedemus
1024 5786 1248 5857 juvenes
1280 5794 1331 5840 et
1372 5800 1529 5840 senes
1556 5786 1784 5856 propriis
1813 5786 1951 5857 capti

1120 329 1175 384 S.
1217 325 1495 383 JOANNIS
1532 320 2006 379 CllRYSOSTOMI
2044 322 2359 379 ARCllIEP.
2401 326 2927 386 CONSTANTINOP.

3572 332 3677 386 220

2101 438 2261 494 vitiis.
2293 441 2371 497 Ne
2401 444 2528 498 mihi
2555 444 2721 505 dicas.
2739 445 2854 501 Non
2879 456 3102 502 seortor.
3126 447 3254 516 Qua:
3283 450 3426 505 enim
3452 449 3671 510 utilitas.

2098 534 2141 583 si
2172 548 2275 585 non
2307 537 2559 590 scortaris
2588 538 2803 606 quidem
2833 579 2849 604 ,
2878 540 2971 594 sed
2998 557 3191 595 avarus
3220 546 3320 597 es?
3347 544 3538 598 Passer
3563 547 3669 599 etsi

2096 637 2201 676 non
2233 640 2297 677 ex
2328 628 2472 680 omni
2506 639 2654 695 parte
2674 671 2688 693 ,
2724 630 2818 683 sed
2844 646 2874 683 a
2906 633 3038 699 pede
3065 642 3267 687 tantum
3303 644 3545 689 teneatur
3570 677 3586 701 ,
3612 648 3667 690 et

2095 714 2161 765 ita
2196 716 2366 782 perit,
2401 718 2451 770 in
2478 718 2665 789 laqueo
2694 721 2935 777 irretitus
2954 764 2969 787 ,
3006 742 3104 779 nec
3131 738 3352 794 prosunt
3387 728 3487 781 alte
3514 738 3667 796 capto

2093 805 2242 869 pede.
2290 807 2375 860 Sic
2413 819 2465 861 et
2507 820 2559 862 tu
2589 850 2604 874 ,
2640 827 2745 865 non
2777 826 2965 882 captus
2993 832 3051 869 es
3085 832 3180 885 per
3208 816 3614 873 fornicationem
3648 863 3665 887 ,

2088 897 2179 949 sed
2202 909 2389 966 captus
2408 904 2630 956 avaritia
2658 924 2670 958 :
2700 916 2886 975 captus
2907 920 3052 962 certe
3073 925 3132 964 es
3157 928 3171 974 ;
3198 926 3367 981 neque
3388 914 3662 981 quatritur,

2087 991 2358 1057 quomodo
2393 1003 2581 1061 captus
2617 997 2691 1049 sis
2711 1037 2726 1059 ,
2756 999 2849 1051 sed
2898 1001 3038 1068 quod
3070 1012 3257 1070 captus
3288 1004 3382 1057 sis.
3412 1003 3487 1059 Ne
3525 1004 3666 1059 dicat

2079 1079 2292 1145 juvenis
2323 1100 2337 1137 :
2368 1099 2471 1137 non
2522 1101 2638 1140 sum
2671 1104 2863 1142 avarus
2902 1109 2914 1155 ;
2958 1093 3049 1145 sed
3093 1092 3229 1149 forte
3270 1094 3569 1151 fornicaris.
3599 1099 3663 1153 Et

2084 1184 2202 1238 qua:
2247 1173 2491 1229 utilitas?
2520 1176 2633 1230 Non
2679 1190 2899 1246 possunt
2929 1184 3068 1235 enim
3107 1187 3284 1239 omma
3318 1190 3443 1240 vitia
3478 1188 3528 1241 in
3560 1206 3658 1242 una

2082 1273 2237 1317 :etate
2255 1268 2474 1335 reperiri
2504 1309 2517 1330 ,
2557 1270 2651 1323 sed
2681 1271 2910 1327 discreta
2948 1275 3035 1328 illa
3074 1288 3229 1341 sunt,
3264 1278 3422 1349 idque
3447 1298 3540 1347 per
3573 1282 3659 1335 Dei

2084 1354 2484 1425 benignitatem,
2516 1378 2582 1416 ne
2603 1364 2645 1415 si
2665 1364 2823 1418 simul
2848 1366 3123 1435 invadant,
3140 1374 3377 1439 superari
3399 1387 3662 1443 nequeant

2080 1458 2133 1501 et
2162 1451 2376 1519 gravius
2406 1455 2558 1508 nobis
2590 1466 2856 1512 certamen
2890 1462 3223 1516 exhibentur.
3254 1463 3479 1530 Quanta:
3509 1468 3659 1536 igna~

2078 1543 2178 1596 vise
2204 1560 2307 1598 non
2350 1546 2521 1609 fuerit,
2558 1564 2623 1604 ne
2652 1562 2896 1618 separata
2936 1554 3150 1623 quidem
3196 1558 3320 1610 vitia
3355 1574 3510 1626 posse
3541 1562 3656 1613 vin-

2076 1648 2219 1697 cere,
2252 1636 2343 1689 sed
2376 1654 2469 1705 per
2494 1639 2729 1709 singulas
2758 1652 2945 1698 anates
2975 1646 3112 1699 vinci
3136 1689 3149 1708 ,
3177 1659 3335 1717 atque
3362 1651 3531 1704 altum
3565 1669 3655 1705 sa-

2078 1742 2203 1795 pere
2234 1728 2284 1781 in
2314 1729 2377 1781 iis
2404 1772 2419 1793 ,
2454 1747 2569 1799 qua:
2604 1748 2707 1786 non
2747 1751 2811 1788 ex
2855 1747 3038 1791 nostro
3068 1739 3277 1801 studio,
3312 1741 3404 1794 sed
3439 1758 3501 1796 es
3538 1744 3648 1811 ipsa

2074 1827 2228 1872 tetate
2250 1822 2525 1889 sapiuntur
2546 1824 2568 1875 ?
2592 1824 2705 1879 Non
2735 1826 2925 1881 videtis
2946 1831 3179 1898 aurigas,
3204 1842 3398 1900 quanta
3426 1833 3649 1903 diligen-

2077 1910 2143 1962 tia
2168 1922 2219 1965 et
2246 1916 2627 1971 exercitatione
2654 1960 2667 1980 ,
2690 1924 2903 1987 quantis
2935 1921 3207 1977 laboribus
3234 1935 3455 1979 utuutttr
3479 1969 3491 1990 ,
3524 1940 3652 1995 quot

2072 2001 2205 2055 cibis
2244 2004 2469 2074 aliisque
2509 2010 2759 2063 omnibus
2783 2051 2796 2071 ,
2831 2023 2889 2065 ut
2920 2028 2985 2066 ne
3014 2012 3329 2081 dejiciantur
3355 2017 3423 2072 de
3451 2022 3652 2073 curru?

2074 2092 2205 2149 Vide
2230 2108 2425 2166 quanta
2455 2100 2524 2153 sit
2551 2117 2658 2154 ars.
2684 2101 2816 2157 Nam
2850 2106 2929 2158 vir
2966 2108 3215 2161 robustus
3247 2127 3311 2163 ne
3341 2127 3502 2164 llttlllll
3532 2116 3648 2181 qui-

2071 2186 2192 2241 dem
2214 2204 2406 2259 equum
2436 2205 2578 2260 Saepe
2607 2193 2872 2249 moderari
2905 2198 3105 2265 possit;
3133 2199 3256 2253 dum
3280 2202 3650 2258 adolescentu-

2073 2277 2155 2331 lus
2192 2290 2306 2334 arte
2337 2292 2494 2334 utens
2519 2325 2532 2344 ,
2576 2283 2709 2337 duos
2755 2284 2912 2340 facile
2957 2288 3269 2343 moderatur
3301 2302 3353 2345 et
3383 2292 3550 2349 ducit.
3585 2296 3650 2350 Et

2070 2371 2209 2437 apud
2239 2370 2395 2426 ludos
2423 2372 2610 2440 ingens
2634 2375 2720 2428 illa
2742 2387 2794 2430 et
2816 2376 3165 2434 formidabilis
3192 2382 3364 2435 bellua
3393 2385 3648 2453 elephan-

2072 2470 2155 2515 tus
2182 2478 2350 2532 puero
2376 2467 2676 2533 quindecim
2708 2485 2966 2523 annorum
2999 2488 3120 2525 eum
3155 2490 3341 2542 magna
3370 2477 3647 2532 alacritate

2068 2554 2263 2609 cedere
2289 2555 2502 2610 dicitur.
2527 2556 2634 2611 Cur
2660 2559 2773 2613 ha-c
2802 2576 2831 2613 a
2856 2578 2940 2615 me
2960 2561 3098 2617 dicta
3131 2566 3291 2618 sunt?
3318 2566 3450 2633 Quia
3475 2569 3517 2622 si
3540 2573 3647 2623 ele-

2070 2644 2294 2715 phantas
2341 2658 2394 2702 ct
2441 2665 2609 2719 equos
2659 2652 2799 2706 feros
2848 2654 3026 2707 studio
3073 2666 3129 2710 et
3171 2667 3287 2710 arte
3331 2658 3639 2724 domamus;

2069 2738 2233 2790 tnulto
2262 2741 2429 2809 magis
2459 2740 2683 2796 allectus
2713 2756 2946 2809 nostros,
2968 2746 3057 2814 qui
3092 2747 3142 2799 in
3173 2749 3326 2802 nobis
3352 2760 3503 2815 sunt,
3529 2751 3641 2805 vin-

2067 2846 2268 2886 cemus.
2304 2833 2583 2890 Undenam
2613 2837 2931 2891 resolvimur
2957 2855 3050 2907 per
3073 2850 3233 2894 totam
3256 2846 3413 2896 vitam
3435 2844 3457 2896 ?
3478 2844 3639 2898 Num-

2067 2938 2222 2991 quam
2246 2935 2412 2980 artem
2436 2926 2577 2980 illam
2600 2929 2933 2983 curavimus:
2956 2946 3240 2999 numquam
3264 2935 3356 2988 otii
3380 2946 3636 3003 tempore,

2066 3028 2095 3065 a
2119 3018 2408 3071 certamine
2430 3029 2701 3085 vacantes,
2730 3021 2868 3089 apud
2896 3037 2994 3077 nos
3016 3022 3365 3081 disseruimus
3387 3029 3639 3096 quidnam

2067 3106 2196 3161 utile
2223 3108 2310 3162 sit.
2342 3109 2489 3164 Tunc
2515 3126 2611 3165 nos
2642 3113 2692 3165 in
2723 3128 2883 3168 curru
2913 3124 3117 3171 stantes
3144 3119 3264 3187 quis
3284 3120 3490 3183 videat,
3520 3136 3639 3176 cum

2064 3210 2331 3254 certamen
2373 3202 2580 3258 instat:
2616 3204 2735 3259 ideo
2785 3206 2989 3263 ridiculi
3018 3225 3219 3263 sumus.
3268 3214 3458 3267 Annon
3501 3231 3641 3284 sa-pe

2065 3289 2170 3344 dixi
2206 3310 2218 3345 :
2254 3292 2615 3349 Exerceamur
2634 3311 2752 3350 cmn
2775 3298 3086 3354 domesticis
3107 3310 3232 3356 ante
3255 3306 3639 3361 tentationem?

2064 3383 2336 3440 Adversus
2366 3403 2558 3457 pueros
2584 3404 2726 3459 szepe
2753 3390 2896 3445 domi
2920 3407 3304 3462 exasperamur
3334 3415 3346 3450 :
3379 3398 3484 3452 illic
3511 3401 3631 3452 iram

2064 3476 2312 3532 sedemus
2332 3519 2345 3543 ,
2376 3488 2434 3533 ut
2466 3480 2550 3533 illa
2582 3482 2718 3551 apud
2746 3482 2946 3538 amicos
2973 3483 3228 3541 facilitate
3269 3490 3348 3542 usi
3381 3505 3634 3558 apparea-

2064 3582 2204 3623 tnus.
2248 3569 2304 3623 In
2334 3571 2453 3625 aliis
2492 3587 2704 3643 quoque
2734 3576 2981 3631 omnibus
3011 3579 3054 3631 si
3086 3594 3466 3638 exercerentur
3488 3623 3502 3645 ,
3535 3600 3636 3636 non

2067 3663 2248 3732 utique
2279 3664 2330 3717 in
2363 3667 2746 3721 certaminibus
2777 3668 2984 3725 ridiculi
3006 3684 3271 3727 essemus.
3294 3672 3444 3728 Nunc
3463 3686 3638 3729 autem

2065 3770 2211 3808 arma
2243 3756 2455 3825 quidem
2483 3769 2643 3823 sunt,
2677 3760 2932 3815 exercitia
2969 3771 3021 3815 et
3060 3764 3233 3816 studia
3269 3765 3318 3817 in
3350 3767 3554 3820 artibus
3581 3778 3635 3821 et

2064 3847 2442 3901 certaminibus
2467 3865 2482 3912 ;
2515 3848 2565 3903 itt
2595 3850 2789 3904 virtute
2821 3852 3059 3906 minime.
3102 3851 3217 3907 Non
3245 3854 3463 3910 auderet
3489 3859 3635 3927 agri-

2064 3936 2179 3991 cola
2210 3938 2416 3992 vineam
2439 3940 2673 4009 aggredi,
2704 3943 2803 3995 nisi
2830 3944 2973 4009 prius
2996 3952 3140 3998 recte
3169 3947 3221 3998 in
3246 3947 3451 4001 cultura
3480 3964 3641 4002 exer-

2064 4028 2292 4093 citatus;
2324 4045 2493 4099 neque
2526 4032 2847 4099 gubernator
2887 4034 2951 4088 ad
2998 4036 3358 4104 gubernacula
3402 4040 3592 4095 sedere
3620 4083 3636 4104 ,

2065 4137 2169 4174 non
2198 4132 2322 4176 ante
2349 4123 2512 4191 probe
2533 4125 2854 4179 exercitatus
2888 4144 2899 4177 :
2935 4144 3039 4179 non
3067 4145 3193 4183 vero
3236 4131 3492 4200 inexperti
3517 4150 3643 4187 cum

2064 4213 2269 4278 simus,
2314 4215 2513 4283 primas
2551 4224 2733 4269 tenere
2776 4218 3040 4271 volumus.
3093 4220 3372 4289 Oporlct'Cl
3417 4234 3593 4278 tacere
3622 4266 3639 4288 ,

2064 4316 2337 4374 oporteret
2381 4322 2499 4360 cum
2542 4308 2687 4360 nullo
2727 4313 3127 4367 communicare
3170 4314 3250 4366 vel
3295 4316 3507 4383 negotio
3557 4317 3639 4369 vel

2062 4415 2313 4455 sermooc
2336 4443 2349 4465 ,
2375 4400 2547 4454 donec
2580 4416 2860 4469 possemus
2888 4402 3053 4458 feram
3082 4448 3097 4469 ,
3123 4422 3242 4475 qua:
3270 4407 3320 4460 in
3355 4408 3505 4461 nobis
3534 4420 3639 4470 ρει,

2062 4498 2320 4550 cicurarc.
2366 4496 2560 4550 Annon
2608 4495 2717 4549 fera
2756 4498 2899 4550 omni
2949 4497 3177 4553 ferocior
3221 4499 3500 4555 adversum
3542 4518 3643 4555 nws

2063 4596 2300 4657 pugnant
2342 4596 2393 4640 et
2438 4586 2583 4640 furor
2626 4596 2680 4642 et
2723 4590 3200 4658 cuneupiscentia?
3246 4590 3322 4645 Ne
3370 4593 3418 4645 in
3465 4593 3640 4646 forum

2066 4695 2256 4750 pergas
2290 4694 2408 4733 cum
2444 4680 2591 4733 hisce
2634 4678 2792 4742 feris,
2826 4680 2998 4736 donec
3028 4682 3130 4735 illis
3157 4681 3362 4737 frenum
3394 4697 3514 4752 apte
3543 4685 3645 4737 im-

2065 4771 2295 4827 miseris.
2319 4770 2490 4823 donec
2532 4770 2648 4822 illas
2688 4771 3030 4825 cicuraveris.
3066 4772 3176 4826 Non
3209 4774 3355 4827 vides
3386 4775 3513 4827 istos
3547 4775 3644 4826 lto-

2063 4863 2257 4925 minus,
2278 4861 2364 4930 qui
2389 4870 2694 4915 mansuetos
2717 4862 2897 4916 leones
2917 4878 3007 4930 per
3024 4864 3190 4917 furum
3214 4865 3640 4932 circutttducunt,

2064 4967 2319 5024 quantum
2347 4956 2619 5009 lucrentur
2646 4965 2699 5009 et
2729 4955 2779 5008 in
2809 4956 3156 5009 admiratione
3178 4958 3285 5011 sint
3311 5000 3323 5021 ,
3354 4960 3474 5027 quia
3509 4960 3642 5012 irra-

2065 5048 2301 5103 tiouabili
2349 5047 2474 5102 fera:
2523 5057 2721 5100 tantam
2769 5047 3230 5101 mansuetudinem
3278 5049 3562 5103 indidere?
3592 5053 3640 5106 si

2064 5156 2190 5193 vero
2221 5148 2440 5207 repente
2482 5138 2707 5192 ferocial
2739 5137 2823 5192 leo
2853 5178 2868 5201 ,
2912 5153 3100 5193 omnes
3129 5139 3217 5208 qui
3263 5140 3312 5192 in
3360 5139 3479 5193 foro
3518 5153 3642 5195 sunt

2063 5234 2247 5299 abigit,
2281 5240 2334 5284 et
2364 5230 2551 5285 ductor
2581 5228 2697 5295 ejus
2726 5229 3057 5297 periclitatur
3086 5270 3100 5293 ,
3132 5229 3355 5299 aliisque
3384 5232 3639 5300 perniciei

2062 5339 2217 5375 caiisa
2248 5338 2348 5377 est.
2382 5321 2447 5374 Et
2489 5331 2541 5373 tu
2569 5336 2697 5389 ergo
2727 5321 2933 5374 leonem
2968 5320 3113 5388 prius
3142 5321 3320 5375 cicura
3355 5363 3368 5383 ,
3406 5333 3644 5391 tuncque

2062 5415 2368 5469 circumduc
2396 5416 2542 5468 illum
2570 5431 2583 5478 ;
2615 5430 2718 5468 non
2752 5423 2808 5467 ut
2849 5414 3124 5482 pecuniam
3157 5416 3387 5482 accipias
3412 5458 3426 5479 ,
3460 5418 3554 5472 sed
3584 5430 3641 5472 ut

2064 5508 2264 5563 lucrum
2296 5505 2504 5561 releras
2529 5548 2542 5571 ,
2571 5507 2655 5560 cui
2689 5520 2783 5574 par
2813 5506 3016 5558 nullmn
3048 5516 3151 5560 cst.
3195 5506 3337 5560 Nihil
3372 5510 3512 5561 enim
3547 5526 3641 5577 par

2064 5610 2144 5653 est
2174 5598 2588 5661 mansuetudini,
2622 5614 2738 5666 qua!
2768 5605 2823 5650 et
2854 5596 3248 5667 possidentibus
3280 5609 3333 5652 et
3364 5600 3640 5654 utentibus

2064 5691 2351 5745 admodum
2381 5690 2524 5743 utilis
2554 5698 2655 5743 est.
2687 5688 2835 5743 lianc.
2862 5687 3017 5754 igitur
3038 5698 3308 5743 sectemur
3334 5730 3348 5752 ,
3384 5700 3439 5743 ut
3470 5693 3638 5759 possi-

2072 5797 2189 5838 mus
2217 5790 2425 5836 vtrtutis
2454 5780 2588 5834 viam
2617 5790 2861 5834 accurate
2891 5778 3092 5833 emensi
3114 5819 3129 5845 ,
3157 5790 3354 5834 acterna
3380 5782 3634 5852 consequi
