4036 6212
244 316 356 369 910

145 423 152 432 ’
237 433 404 485 ἄλλου
433 435 736 505 τεκμήριόν
761 435 996 507 ἐστιν,ῆ
1043 436 1136 490 τοῦ
1183 437 1250 489 τΞι
1284 437 1526 510 ὑμέτερα
1579 437 1655 509 μή
1708 437 1913 507 σφόδρα

236 519 548 573 διακεῖσθαι
577 522 847 591 ἀκριϐῶς.

307 608 378 660 Τί
402 603 500 662 οὗν
533 610 600 663 ἂν
625 611 870 678 γένοιτο;
900 613 960 664 οὐ
991 612 1100 684 γὰρ
1127 613 1378 681 ἐγκαλεῖν
1403 612 1485 665 δεῖ
1507 613 1687 684 μόνον.
1730 613 1915 680 Παραο

238 696 393 748 καλῶ
424 697 520 750 καὶ
548 697 739 767 δέομαι
771 699 845 770 μὴ
867 700 1022 753 τοῦτο
1055 700 1216 770 μόνον
1243 699 1398 772 ὁρᾷν,
1435 701 1583 764 ὅπως
1605 704 1684 763 εἰς
1711 698 1910 767 ἐκκλη·

241 785 361 836 σΞαν
388 785 724 855 ὲμϐάλλητε,
759 787 873 840 ἀλλ’
907 789 1055 851 ὅπως
1082 805 1138 840 τι
1155 790 1250 842 καὶ
1276 789 1533 852 λαϐόντες
1569 787 1753 841 οἴκαδε
1785 787 1921 839 ἀνα·

239 873 460 941 χωρῆτε
512 872 622 925 τῶν
660 873 877 926 οἰκείων
916 876 1207 944 φάρμακον
1258 875 1483 939 παθῶν,
1537 875 1649 929 κᾶν
1692 874 1775 946 μὴ,
1793 873 1922 944 παρ’

239 958 420 1028 ἡμῶν,
457 959 599 1012 άλλά
627 960 778 1031 παρά
822 960 932 1013 τῶν
985 963 1218 1032 Γραφῶν
1281 963 1439 1034 ἔχητε
1490 963 1560 1016 τὰ
1611 962 1923 1032 κατάλληλα

246 1048 540 1116 φάρμακα.
570 1041 718 1110 Οίον,
744 1048 860 1101 ἐστι
889 1066 973 1112 τις
1003 1049 1264 1119 θυμικός;
1301 1049 1626 1121 Προσεχέτω
1651 1052 1772 1112 ταῖς
1816 1049 1925 1101 τῶν

244 1135 281 1186 Γ
287 1135 483 1204 ραςιῖΝ
513 1134 878 1203 ἀναγνώσεσι,
914 1137 1008 1188 καὶ
1035 1135 1251 1199 πάντως
1293 1138 1516 1207 εὐρήσει
1546 1137 1578 1206 ἦ
1629 1139 1686 1189 ἐν
1716 1135 1926 1208 ἱστορίᾳ

243 1223 273 1290 ἦ
306 1223 640 1292 παραινέσει
670 1237 685 1252 ο
710 1225 768 1274 ἐν
794 1224 1116 1293 παραινέσει
1140 1223 1262 1292 μὲν.
1290 1225 1417 1277 ὅταν
1447 1225 1694 1294 λέγηται,
1728 1223 1799 1276 Ἠ
1815 1223 1925 1291 ῥο-

243 1307 325 1374 πὴ
349 1307 460 1361 τοῦ
494 1307 689 1376 θυμοῦ
715 1309 901 1362 αὐτοῦ
927 1308 1155 1374 πτῶσις
1181 1308 1342 1374 αὐτῷ
1367 1326 1382 1341 °
1435 1312 1549 1373 καὶ,
1602 1310 1778 1377 Ἀνὴρ
1822 1313 1925 1363 0v-

238 1396 444 1463 μώδης
461 1398 577 1448 οὐκ
601 1395 1068 1464 εὐσχήμων,καὶ
1125 1399 1224 1449 ὃσα
1272 1397 1496 1450 τοιαῦτα
1524 1416 1540 1429 ο
1596 1398 1690 1449 καὶ
1741 1395 1924 1459 πάλιν,

257 1483 434 1552 Ἀνὴρ
465 1483 840 1551 γλωσσώδης
882 1487 954 1538 οὐ
984 1484 1534 1552 κατευθυνθήσεται
1555 1503 1569 1514 ·
1614 1485 1708 1536 καί
1731 1485 1760 1536 6
1797 1484 1926 1554 Χρι-

247 1571 369 1633 στὸς
400 1570 594 1627 πάλιν.
629 1570 692 1622 Ὀ
715 1570 1085 1640 ὀργιζόμενος
1113 1570 1191 1635 τῷ
1223 1567 1462 1640 ἀδελρῷ
1499 1572 1684 1625 αὑτοῦ
1741 1569 1874 1637 εἰκῆ
1909 1587 1923 1600 ⁸

247 1660 340 1712 καὶ
359 1659 526 1712 πάλιν
554 1661 585 1712 ὀ
615 1662 921 1729 προφήτης,
945 1659 1289 1728 Ὀργίζεσθε,
1315 1659 1416 1713 καί
1433 1659 1517 1728 μὴ
1535 1656 1920 1727 ἀμαρτὰνετέο

247 1748 362 1809 καὶ,
400 1746 867 1814 Ἐπικατάρατος
888 1749 920 1800 ό
947 1746 1131 1815 θυμὸς
1153 1746 1370 1811 αὐτῶν,
1407 1747 1498 1800 ὅτι
1529 1745 1812 1812 αὐθάδης.
1835 1746 1926 1797 Ἐν

253 1833 313 1888 δὲ
349 1834 634 1904 ἱστορίαις,
667 1829 782 1886 οἷον
820 1835 949 1888 ὅταν
978 1833 1183 1905 ἀκούῃς
1215 1835 1307 1886 τὸν
1334 1835 1534 1904 Φαραὼ
1577 1834 1776 1904 πολλῆς
1827 1835 1926 1902 ἐμ-

257 1922 642 1991 πεπλησμένον
671 1921 866 1992 ὀργῆς,
897 1923 991 1975 καλ⁴
1031 1922 1121 1974 τὸν
1153 1922 1468 1992 Ἀσσύριον,
1505 1927 1598 1975 καὶ
1630 1922 1718 1974 διὰ
1771 1921 1927 1973 τοῦτο

253 2010 680 2079 ἀπολλυμένους.
735 2010 903 2062 Πάλιν
931 2009 1046 2062 ἐστι
1107 2027 1190 2072 τις
1226 2008 1534 2080 ἡττώμενος
1583 2008 1921 2078 χρημάτων;

250 2097 620 2162 ἀκουέτω,ὃτι
651 2099 1025 2166 Φιλαργύρου
1066 2096 1249 2151 οὐδὲν
1281 2097 1654 2166 ἀνομώτερον
1680 2114 1694 2126 ο
1752 2092 1931 2161 οὗτος

245 2187 354 2257 γὰρ
383 2187 486 2240 καὶ
522 2187 643 2253 τὴν
672 2186 887 2256 ψυχὴν
917 2187 1105 2240 αὐτοῦ
1147 2199 1171 2226 α
1205 2186 1548 2254 ἔκπριικτον
1580 2185 1740 2238 ποιεῖ
1761 2203 1775 2215 ⁸
1835 2187 1928 2238 καὶ

242 2275 337 2327 τοῦ
370 2275 618 2346 Χριστοῦ
649 2274 916 2342 λέγοντος,
940 2277 1022 2326 Οὐ
1045 2273 1310 2327 δύνασθε
1345 2272 1466 2338 Θεῷ
1495 2273 1812 2327 δουλεύειν
1831 2273 1928 2326 καὶ

241 2357 501 2426 μαμωνᾷ
528 2376 542 2389 ο
582 2359 676 2410 καὶ
703 2357 796 2410 τοῦ
838 2357 1188 2419 Ἀποστόλου,
1221 2358 1349 2409 Ὀτι
1374 2356 1506 2424 ῥίζα
1539 2357 1779 2408 πάντων
1813 2354 1932 2408 τῶν

244 2439 457 2492 κακῶν
483 2441 660 2493 ἐστιν
678 2441 716 2507 ἠ
745 2441 1105 2510 φιλαργυρία
1125 2458 1137 2470 ·
1168 2440 1262 2493 καλ⁵
1283 2438 1378 2491 τοῦ
1415 2440 1712 2508 προφήτου,
1741 2438 1931 2492 Πλοῦ-

245 2541 348 2588 τος
411 2523 530 2576 ἐὰν
572 2522 704 2590 ῥέῃ,
755 2522 841 2590 μὴ
899 2523 1297 2592 προστίθεσθε
1329 2522 1606 2588 καρδίαν,
1635 2521 1729 2573 καὶ
1758 2521 1931 2573 πολλὰ

245 2612 413 2682 ἕτερα
443 2610 695 2666 τοιαῦτα.
727 2613 834 2664 Καὶ
868 2612 974 2664 ἀπὸ
1001 2611 1250 2682 ἱστοριῶν
1273 2612 1364 2664 τὸν
1384 2610 1566 2680 Γιεζῆ,
1598 2611 1689 2662 τὸν
1707 2609 1929 2672 Ἰούδαν,

247 2701 374 2760 τοὺς
413 2700 691 2767 ἄρχοντας
712 2697 821 2750 τῶν
855 2697 1258 2769 Γραμματέων,
1290 2697 1384 2750 καὶ
1429 2698 1511 2750 ὅτι
1561 2695 1723 2764 Δῶρα
1764 2697 1932 2750 ἐκτυ-

251 2784 397 2852 5:10?
424 2785 782 2854 ὀφθαλμοὺς
814 2784 1045 2854 σοφῶν.
1081 2784 1275 2848 Ἄλλος
1339 2785 1490 2837 ἐστὶν
1547 2783 1930 2854 ὐπερήφανος;

263 2873 566 2933 ’Λκουέ-τω,
610 2874 692 2925 ὅτι
731 2873 1170 2941 ’Υπερηφάνοις
1220 2871 1642 2926 ἀντιτάσσεται
1679 2875 1710 2925 ό
1745 2871 1930 2936 Θεόι,”⁸

252 2960 367 3017 καὶ,
391 2955 583 3024 Ἀρχὴ
617 2958 1035 3025 ὑπερηφανίας
1063 2957 1317 3025 ἁμαρτία
1336 2973 1351 2986 ο
1380 2955 1496 3018 καὶ,
1543 2953 1670 3020 Πᾶς
1713 2957 1935 3022 ὑψηλοο

255 3044 507 3112 κάρδιος
534 3042 872 3111 ἀκάθαρτος
900 3045 1058 3112 παρὰ
1089 3044 1298 3111 Κυρίῳ.
1330 3043 1440 3098 Καὶ
1470 3045 1525 3095 ἐν
1549 3042 1812 3114 ἱστορίαις
1843 3041 1934 3095 τὸν

255 3132 526 3196 διάϐολον,
557 3133 650 3185 καὶ
684 3133 810 3194 τοὺς
841 3133 1033 3195 ἄλλους
1062 3132 1327 3194 ἅπαντας.
1383 3131 1489 3183 Καὶ
1531 3131 1666 3193 ὅλως
1711 3130 1793 3200 (οὐ
1827 3132 1935 3202 γάρ

257 3221 336 3274 Ξνι
360 3221 544 3275 πάντα
573 3220 914 3289 καταλέγειν)
945 3219 1177 3285 ἕκαστος
1210 3220 1319 3274 τῶν
1352 3219 1568 3274 οἰκείων
1611 3219 1936 3292 τραυμάτων

257 3311 326 3362 τὰ
355 3311 633 3381 φάρμακα
658 3311 765 3362 ἀπὸ
784 3310 892 3362 τῶν
919 3309 1078 3362 θείων
1114 3308 1345 3380 Γραφῶν
1372 3309 1644 3377 ἐκλεγέτω
1665 3327 1678 3339 ·
1712 3308 1812 3362 κᾶν
1861 3309 1936 3380 μὴ

258 3398 320 3451 τὸ
349 3400 497 3461 ὅλον,
525 3398 692 3467 μέρος
715 3397 843 3466 γοῦν
866 3398 1126 3468 τήμερον,
1153 3398 1242 3450 καὶ
1268 3396 1433 3466 μέρος
1459 3395 1671 3467 αὔριον,
1713 3391 1832 3450 εἶτα
1879 3398 1938 3450 τὸ

261 3487 379 3545 ὅλον
398 3483 766 3554 ἀπονίψασθε.
795 3485 906 3537 Καὶ
939 3484 1071 3556 περὶ
1109 3483 1398 3554 μετανοίας
1421 3483 1496 3542 δὲ,
1521 3483 1615 3537 καὶ
1645 3484 1773 3554 περὶ
1819 3485 1938 3548 ἐξο-

269 3573 639 3641 μολογήσεως,
698 3571 791 3624 καὶ
822 3572 950 3642 περὶ
1002 3571 1388 3640 ἐλεημοσύνης,
1442 3571 1542 3622 καὶ
1593 3570 1723 3642 περὶ
1771 3571 1941 3622 ἐπιει-

263 3666 438 3728 κείας,
505 3661 759 3732 καὶπερὶ
822 3660 1194 3731 σωφροσύνης,
1244 3660 1339 3713 καὶ
1388 3661 1516 3733 περὶ
1574 3661 1791 3714 πάντων
1847 3651 1938 3712 ἐύ-

265 3755 421 3822 ρήσει
453 3749 630 3802 πολλά
658 3749 1095 3819 παραδείγματα.
1160 3747 1350 3802 Ταῦτα
1382 3748 1491 3817 γὰρ
1515 3747 1712 3800 πάντα
1765 3746 1939 3818 ὲγράα

263 3857 346 3906 gn
369 3839 525 3905 πρὸς
544 3840 871 3890 νουθεσίαν
898 3835 1084 3904 ἡμῶν,
1119 3835 1304 3904 φησίν.
1355 3836 1418 3888 Εἰ
1446 3835 1628 3887 τοίνυν
1655 3835 1790 3905 πρὸς
1821 3852 1943 3888 νου-

266 3925 455 3977 θεσίαν
481 3923 643 3993 ἡμῶν
668 3923 798 3994 περὶ
840 3921 1057 3976 πάντων
1091 3921 1420 3989 διαλέγεται,
1460 3921 1818 3992 προσέχωμεν
1867 3922 1942 3986 ὠς

265 4011 346 4063 δεῖ
376 4011 698 4081 προσέχειν.
740 4008 806 4061 Τί
861 4009 1038 4078 μάτην
1087 4009 1311 4071 έαυτούς
1354 4007 1690 4078 ἀπατῶμεν;
1741 4008 1943 4062 Φοϐοῦ-

271 4115 369 4167 μαι
406 4098 458 4160 δ,
494 4099 572 4166 μὴ
607 4095 702 4149 καὶ
738 4095 867 4166 περὶ
889 4095 1046 4165 ήμῶν
1071 4095 1199 4167 εἴπῃ
1233 4111 1338 4158 τις,
1371 4094 1458 4147 ὅτι
1526 4095 1843 4160 Ἐξέλιπον
1875 4097 1946 4150 ἐν

265 4185 615 4253 ματαιότητι
644 4185 703 4235 αι
727 4183 937 4252 ἡμέραι
976 4181 1162 4251 ἡμῶν,
1210 4181 1307 4234 καὶ
1344 4181 1424 4235 τὰ
1443 4183 1546 4249 ἐτη
1581 4181 1754 4249 ἡμῶν
1792 4184 1944 4251 μετὰ

269 4269 578 4336 σπουδῆς.
600 4269 697 4331 Τίς
726 4268 938 4321 ἀκούων
971 4267 1131 4338 ἡμῶν
1159 4268 1370 4338 ἀπέστη
1396 4266 1673 4337 θεάτρων;
1701 4268 1784 4330 τίς
1811 4269 1946 4322 ἀπέ-

273 4375 375 4428 στη
387 4356 729 4420 πλεονεξίας
747 4357 829 4418 τίς
853 4356 1024 4426 προθυ
1032 4357 1158 4426 μότε
1168 4372 1257 4426 ρος
1292 4355 1482 4424 γέγονε
1500 4373 1561 4408 πε
1570 4355 1625 4426 ρὶ
1644 4355 1770 4425 ἐλεη
1778 4357 1946 4426 μοσύ-

273 4463 368 4515 νην
395 4463 411 4510 ;
453 4444 789 4512 Ἐϐουλόμην
809 4443 1021 4512 μαθεῖν.
1053 4442 1176 4512 οὐχὶ
1226 4441 1530 4507 κενοδοξίας
1557 4441 1766 4507 ἕνεκεν,
1829 4442 1946 4496 ἀλλ’

272 4534 416 4587 ὥστε
440 4531 699 4600 γενέσθαι
731 4530 1157 4602 προθυμότερος,
1186 4529 1437 4600 λαμπρὸν
1459 4529 1586 4582 ὄντα
1614 4529 1707 4582 τὸν
1740 4530 1948 4600 καρπὸν

272 4623 385 4674 τῶν
408 4621 593 4673 πόνων
621 4617 786 4690 ὁρῶν.
826 4617 938 4671 Νῦν
963 4618 1019 4670 δέ
1043 4618 1159 4682 πῶς
1182 4617 1390 4687 ἅψομαι
1413 4617 1513 4686 τῆς
1542 4617 1825 4687 ἐργασίας,
1854 4634 1946 4670 το-

277 4711 505 4771 σούτους
529 4707 632 4776 μὲν
655 4705 844 4770 ὑετοὺς
868 4706 1010 4779 ὁρῶν
1033 4707 1512 4777 καταφερομένους
1552 4707 1652 4777 τῆς
1696 4706 1950 4760 διδασκαο

277 4797 418 4859 λξας,
455 4794 528 4847 τά
544 4794 602 4846 δὲ
635 4793 762 4864 λήῖα
791 4796 923 4863 ἡμῖν
955 4794 1051 4847 ἐπὶ
1082 4792 1176 4846 τοῦ
1224 4792 1388 4846 αὐτοῦ
1441 4791 1640 4862 μέτρου
1701 4793 1947 4863 μένοντα,

278 4885 370 4937 καὶ
402 4883 564 4935 οὐδὲν
601 4881 935 4952 ὑψηλότερον
965 4881 1034 4934 τὰ
1055 4881 1372 4952 γεννήματα
1404 4880 1704 4950 γενόμενα;
1751 4881 1952 4934 Λοιπὸν

275 4974 304 5023 6
328 4970 432 5040 τῆς
451 4968 569 5021 άλω
602 4968 795 5038 καιρὸς
821 4967 1140 5038 ἐφέστηκεν,
1174 4969 1202 5020 6
1229 4967 1290 5019 τὸ
1315 4966 1482 5021 πτύον
1504 4965 1663 5037 έχων.
1704 4965 1948 5032 Δέδοικα,

281 5058 354 5128 μὴ
407 5057 474 5109 τὺ
527 5057 637 5109 πᾶν
674 5051 928 5129 χόρτος
962 5071 976 5086 ·
1007 5054 1242 5118 δέδοικα,
1281 5053 1355 5126 μὴ
1403 5054 1540 5124 πρὸς
1577 5053 1676 5124 τὴν
1721 5055 1952 5125 κάμινον

278 5143 679 5214 ἀπενεχθῶμεν
719 5144 976 5206 ἅπαντες.
1017 5142 1267 5213 Παρῆλθε
1309 5142 1486 5214 Θέρος,
1531 5138 1662 5214 ἦλθε
1699 5143 1948 5214 χειμών-⁸

278 5235 573 5302 καθήμεθα
598 5230 693 5283 καὶ
716 5231 826 5284 νέοι
852 5231 943 5284 καὶ
972 5230 1228 5302 γέροντες
1247 5233 1357 5294 τοῖς
1375 5229 1593 5291 οἰκείοις
1607 5232 1952 5302 ἁλισκόμενοι

279 5319 665 5395 [ἰδῇπάθεσι.
687 5319 778 5389 Μή
797 5335 888 5389 μοι
920 5319 1101 5391 εἴπῃς,
1134 5319 1305 5372 ὅτιού
1332 5319 1599 5389 πορνεύω.
1616 5320 1680 5372 Τί
1703 5319 1812 5392 γὰρ
1827 5321 1955 5388 όφε..

279 5413 390 5475 λος,
451 5409 520 5462 ἂν
583 5407 658 5476 μὴ
719 5405 990 5479 πορνεύῃς
1045 5407 1164 5477 μὲν,
1219 5406 1624 5477 φιλοχρήματος
1663 5407 1719 5461 δέ
1753 5404 1856 5480 ᾖς;
1893 5409 1953 5463 '0

279 5493 548 5566 στρουθὸς
574 5492 680 5546 κᾶν
713 5491 789 5562 μὴ
813 5492 1091 5555 ἐκπαντὸς
1123 5491 1346 5562 μέρους,
1378 5491 1494 5545 ἀλλ’
1523 5491 1631 5545 ἀπδ
1661 5492 1758 5545 τοῦ
1795 5494 1954 5558 ποδὸς

275 5581 590 5652 κατέχηται
625 5579 807 5650 μόνον,
833 5579 926 5634 καὶ
950 5577 1124 5641 οὕτως
1147 5578 1417 5640 ἀπόλωλε,
1451 5577 1544 5631 καὶ
1575 5580 1633 5630 ἐν
1664 5581 1728 5650 τῇ
1769 5580 1953 5650 παγίδι

277 5669 510 5737 ἕστηκε,
549 5668 644 5720 καὶ
672 5667 780 5720 τῶν
802 5664 1016 5738 πτερῶν
1045 5665 1234 5736 ὄφελος
1259 5666 1434 5732 οὐδὲν,
1459 5665 1554 5719 τοῦ
1584 5667 1744 5732 ποδὸς
1785 5685 1951 5722 κατε-

279 5757 543 5830 χομένου.
573 5756 732 5810 Οὕτω
749 5757 841 5810 καὶ
876 5757 964 5822 σὺ,
1011 5755 1113 5826 οὐχ
1151 5755 1324 5820 ἑάλως
1374 5755 1462 5808 διὰ
1509 5756 1793 5828 πορνείας,
1836 5757 1952 5810 ἀλλ’

346 5911 373 5939 ⁸
433 5910 680 5971 διονιτεε.
733 5921 876 5971 mm,
926 5906 1096 5957 Moutf.
1127 5906 1576 5971 imputo-“male.
1605 5906 1739 5957 Εοιτ.
1804 5907 1952 5955 ιιΦοο

288 5973 467 6028 ln‘pau
511 5970 656 6016 (Ιρρςι
695 5972 742 6017 in
781 5969 1069 6032 quihusdam
1102 5981 1218 6018 mss.

1373 320 1435 374 IN
1475 319 1654 381 ACTA
1687 316 2217 374 APOSTOLOBUH.
2263 320 2492 379 IIOMIL.
2534 324 2725 379 XXIX.

2019 436 2731 529 éé).w;-6:.’1_<9L7109709£a;'
2765 442 2938 507 ἑάλως
2975 446 3156 514 μέντοι
3180 462 3201 476 ⁸·
3223 448 3281 501 τὸ
3317 450 3372 505 δὲ
3414 452 3687 529 ζητούμε-

2016 542 2132 588 νον,
2160 526 2218 579 οὐ
2244 527 2359 590 πῶς
2386 527 2579 590 ἑάλως,
2602 529 2718 582 ἀλλ’
2739 530 2820 584 ὅτι
2851 531 3040 596 ἐάλως.
3069 533 3377 604 Μήλεγέτω
3397 541 3424 593 6
3445 526 3687 609 vé0;,V6n

2027 613 2141 666 Οὐκ
2171 614 2291 683 εἰμὶ·
2322 609 2730 686 φιλοχρήματος
2756 633 2771 649 ο
2828 618 2942 672 ἀλλ’
2979 621 3107 684 ἴσως
3147 623 3446 694 πορνεύεις.
3481 630 3592 684 Καὶ
3636 629 3689 682 τί

2021 700 2081 752 τὸ
2105 700 2295 770 ὄφελος
2327 703 2488 756 πάλιν
2513 721 2528 769 ;
2559 705 2680 758 οὐδὲ
2703 706 2814 778 γὰρ
2833 707 3056 761 δυνατὸν
3078 711 3256 765 πάντα
3276 714 3347 767 τά
3375 716 3524 786 πάθη
3548 720 3690 772 κατά

2026 787 2156 858 μίαν
2175 793 2308 861 ἡμῖν
2338 791 2554 862 ἡλικίαν
2578 793 2887 863 ἐπιστῆναι.
2923 795 3055 848 ἀλλά
3090 797 3392 870 διώρισται,
3417 805 3510 857 καὶ
3533 805 3690 859 τοῦτο

2021 876 2109 929 διὰ
2132 877 2231 947 τὴν
2258 877 2351 930 τοῦ
2386 877 2521 931 Θεοῦ
2549 879 2976 951 φιλανθρωπίαν,
2996 883 3135 936 ὥστε
3163 887 3238 954 μὴ
3255 887 3466 959 ἀθρόως
3516 893 3692 947 ἐπιτε-

2026 966 2186 1020 θέντα
2239 969 2514 1039 ἁχείρωτα
2556 970 2832 1038 γενέσθαι,
2881 973 2976 1025 καὶ
3032 974 3414 1048 χαλεπωτέραν
3432 982 3562 1051 ἡμῖν
3592 983 3692 1054 τήν

2025 1057 2161 1128 πρὸς
2178 1058 2316 1110 αὐτά
2344 1057 2520 1128 πάλην
2547 1060 2902 1130 καταστῆναι.
2922 1061 3102 1132 Πόσης
3122 1063 3220 1115 οὐκ
3245 1064 3310 1117 ἂν
3333 1067 3417 1135 εἴη
3441 1068 3704 1134 νωθείαςμ

2029 1144 2163 1214 μηδὲ
2191 1144 2536 1217 διῃρημένων
2561 1146 2822 1201 δύνασθαι
2873 1152 3097 1220 κρατεῖν
3138 1150 3247 1204 τῶν
3307 1154 3520 1218 παθῶν,
3553 1158 3695 1212 ἀλλὰ

2025 1231 2146 1285 καθ’
2180 1233 2406 1286 ’ἑκαστον
2434 1235 2696 1303 ἡττᾶσθαι
2718 1236 2926 1306 καιρὸν,
2947 1239 3038 1291 καὶ
3070 1239 3214 1307 μέγα
3239 1244 3558 1311 φρονεῖνὲπὶ
3581 1245 3697 1298 τούς-

2024 1337 2138 1384 τοις
2157 1325 2268 1385 τοῖς
2289 1324 2389 1376 οὐκ
2409 1325 2472 1376 ἐκ
2503 1323 2600 1392 τῆς
2622 1324 2791 1393 ήμετέ
2801 1343 2897 1394 ρας
2917 1325 3173 1397 σπουδῆς,
3193 1327 3307 1380 ἀλλ’
3331 1329 3390 1396 ἐξ
3418 1331 3585 1402 αὐτῆς
3598 1335 3697 1403 τῆς

2027 1403 2240 1474 ήλικίας
2266 1406 2704 1477 κοιμιζομένοιςς
2752 1409 2866 1478 Οὐχ
2891 1411 3055 1480 ὁρᾶτε
3086 1411 3212 1474 τοὺς
3241 1413 3511 1484 ἡνιόχους,
3552 1416 3694 1487 πόσῃ

2028 1491 2282 1563 ἀκριϐείᾳ
2299 1493 2393 1544 καὶ
2413 1493 2689 1563 γυμνασίᾳ
2705 1495 2798 1545 καὶ
2829 1493 3011 1557 πόνοις
3027 1496 3352 1566 κέχρηνται,
3372 1501 3697 1565 καὶσιτίοις,

2028 1581 2121 1632 καὶ
2142 1582 2252 1642 τοῖς
2276 1581 2454 1644 ἀλλοις
2480 1581 2702 1646 ἅπασιν,
2737 1583 2880 1636 ὥστε
2904 1585 2978 1652 μὴ
2994 1585 3437 1656 καταϐληθέντας
3465 1588 3573 1642 ἀπὸ
3587 1591 3698 1642 τῶν

2026 1667 2289 1737 ἁρμάτων
2323 1667 2582 1739 σύρεσθαι
2609 1686 2625 1734 ;
2665 1669 2813 1738 ’Ὅρα
2845 1671 2970 1723 ὅσον
3001 1672 3123 1724 ἐστὶ
3148 1674 3334 1744 τέχνη.
3386 1675 3550 1746 ’Δνὴρ
3594 1677 3699 1747 μὲν

2027 1754 2135 1826 γὰρ
2157 1755 2399 1826 ἀνδρεῖος
2424 1756 2524 1808 οὐκ
2566 1755 2631 1810 ἂν
2658 1758 2776 1821 ἐνὸς
2818 1759 2985 1812 ἵππου
3026 1759 3284 1824 πολλάκις
3323 1763 3698 1834 περιγένοιτο.ο

2032 1842 2385 1913 μειρακίσκος
2411 1843 2467 1896 δὲ
2497 1847 2562 1914 τῇ
2605 1845 2772 1916 τέχνῃ
2825 1845 3088 1909 πολλάκις
3131 1848 3257 1912 τοὺς
3302 1849 3394 1902 δύο
3437 1851 3697 1917 ἀναδεξά-

2033 1947 2210 2000 μενος,
2239 1930 2359 1998 ἄγει
2388 1931 2624 1995 εὐκόλως
2645 1933 2935 2003 καὶφέρει.
2961 1935 3072 1988 Καὶ
3092 1935 3150 1988 ἐν
3177 1935 3358 2000 Ἰνδοῖς
3388 1937 3444 1990 δὲ
3470 1937 3530 1991 τὸ
3557 1941 3708 2009 μέγα

2030 2017 2216 2088 θηρίον
2247 2017 2338 2070 καὶ
2368 2017 2594 2089 φοϐερὸν
2623 2019 2732 2072 τῶν
2773 2020 3079 2090 ἐλεφάντων
3123 2022 3336 2090 λέγεται
3386 2026 3479 2076 καὶ
3539 2025 3702 2078 δέκα·

2031 2101 2316 2152 πενταέτει
2349 2100 2499 2153 παιδλ⁸
2529 2104 2770 2170 γεγονότι
2797 2103 2934 2172 μετά
2959 2103 3159 2174 πολλῆς
3186 2105 3356 2158 εἴκειν
3375 2109 3474 2175 τῆς
3493 2106 3700 2179 προθυ-

2033 2188 2180 2256 μίας.
2213 2188 2276 2240 Τί
2303 2187 2367 2256 δὴ
2389 2187 2565 2241 ταῦτά
2605 2205 2693 2259 μοι
2721 2188 2974 2261 εἴρηται;
3016 2190 3137 2242 Ὅτι
3171 2193 3220 2244 εἰ
3265 2191 3562 2261 ἐλέφαντας
3608 2194 3702 2256 καὶ

2030 2276 2228 2336 ἵππους
2252 2275 2474 2345 ἀγρίους
2525 2276 2766 2347 ἄγχομεν
2821 2277 3230 2341 σπουδάζοντες,
3281 2280 3456 2350 πολλῷ
3501 2279 3712 2350 μᾶλλον

2029 2361 2098 2414 τά
2129 2361 2275 2432 πάθη
2316 2363 2382 2416 τά
2409 2365 2465 2415 ἐν
2502 2363 2654 2433 ἡμῖν.
2716 2363 2884 2416 Πόθεν
2925 2363 3232 2434 ἐκλυόμεθα
3273 2365 3562 2430 διαπαντὸς
3606 2367 3703 2422 τοῦ

2032 2452 2146 2522 βίου
2175 2471 2189 2518 ;
2215 2453 2480 2507 Οὐδέποτε
2512 2453 2609 2524 τὴν
2640 2453 2836 2525 τέχνην
2884 2455 3294 2525 ἐμελετήσαμεν
3331 2455 3536 2527 ταύτην
3557 2473 3570 2486 ·
3613 2458 3705 2510 οὐν

2029 2541 2218 2594 δέποτε
2242 2543 2301 2594 ἐν
2331 2542 2506 2614 καιρῷ
2541 2542 2736 2612 σχολῆς
2765 2543 2866 2596 οὐκ
2887 2543 3038 2607 ὄντος
3061 2541 3156 2595 τοῦ
3190 2544 3400 2610 ἀγῶνος
3429 2544 3705 2615 διελέχθη-

2034 2647 2133 2700 μεν
2163 2631 2296 2702 πρὸς
2319 2631 2542 2694 ἑαυτούς
2569 2648 2622 2683 τι
2643 2631 2752 2684 τῶν
2783 2631 3088 2703 χρησίμων.
3115 2631 3249 2685 Τότε
3280 2634 3426 2703 ἡμᾶς
3468 2633 3562 2686 ἐπὶ
3608 2632 3702 2686 τοῦ

2031 2717 2278 2790 ἅρματος
2311 2719 2551 2783 ἑστῶτας
2585 2729 2607 2757 ο
2645 2718 2744 2772 ἴδοι
2777 2737 2859 2783 τις
2884 2719 2968 2782 ἂν,
3001 2721 3090 2772 ὅτε
3139 2722 3167 2773 6
3209 2719 3358 2788 ἀγὼν
3390 2720 3707 2790 παραγένη-

2032 2823 2141 2858 ται.
2167 2807 2265 2859 Διά
2295 2823 2376 2858 τοι
2391 2807 2552 2859 τοῦτο
2575 2807 2970 2875 καταγέλαστοί
3003 2809 3192 2878 ἐσμεν.
3219 2810 3331 2862 Οὐκ
3360 2804 3512 2861 εἶπον
3570 2809 3705 2861 πολ-

2033 2893 2210 2957 λάκις,
2240 2892 2647 2964 γυμναζώμεθα
2666 2895 2800 2965 πρὸς
2828 2897 2954 2957 τοὺς
2981 2896 3214 2959 οἰκείους
3249 2896 3356 2966 πρὸ
3388 2896 3481 2948 τοῦ
3513 2914 3707 2966 πειραρ

2036 2979 2208 3049 σμοῦ;
2241 2981 2384 3051 Πρὸς
2407 2982 2533 3044 τοὺς
2557 2981 2750 3044 παῖδας
2772 2982 2863 3033 ἐπί
2890 2981 2990 3050 τῆς
3019 2981 3196 3044 οἰκίας
3242 2983 3501 3046 πολλάκις
3535 2999 3706 3054 παροδ

2035 3068 2300 3138 ξυνόμεθα
2318 3087 2331 3100 ο
2367 3069 2684 3139 κατέχωμεν
2707 3070 2822 3122 ἐκεῖ
2848 3069 2937 3121 τὸν
2959 3069 3146 3140 θυμὸν,
3172 3071 3261 3124 ἴνα
3291 3070 3528 3134 εὐκόλως
3545 3071 3710 3140 αὐτῷ

2034 3156 2125 3209 ἐπὶ
2179 3157 2286 3208 τῶν
2343 3157 2508 3223 φίλων
2550 3157 2879 3229 κεχρημένοι
2927 3158 3266 3229 φαινώμεθα.
3305 3159 3412 3212 Καὶ
3452 3160 3543 3212 ἐπὶ
3595 3158 3711 3212 τῶν

2035 3244 2209 3301 ἄλλων
2235 3244 2488 3300 ἁπάντων
2517 3248 2565 3298 εἰ
2588 3246 3030 3316 ἐγυμναςόμεθα,
3056 3247 3154 3299 οὐκ
3182 3247 3248 3300 ἂν
3276 3249 3334 3300 ἐν
3361 3249 3472 3310 τοῖς
3498 3247 3705 3315 ἀγῶσιν

2034 3332 2178 3407 ἦμεν
2223 3335 2638 3403 καταγέλαστοι.
2688 3334 2802 3387 Νῦν
2856 3335 2913 3387 δέ
2949 3335 3089 3388 ὅπλα
3133 3336 3232 3405 μὲν
3254 3335 3363 3388 τῶν
3395 3334 3566 3389 ἄλλων
3605 3335 3702 3388 καὶ

2037 3419 2312 3489 γυμνάσια
2338 3419 2433 3471 καὶ
2471 3418 2691 3487 μελέται
2717 3419 2844 3483 εἰσὶ,
2871 3419 2965 3472 καὶ
3005 3418 3212 3488 τεχνῶν
3264 3419 3360 3472 καλ¹
3401 3416 3712 3487 παλαισμά-

2036 3524 2145 3559 των
2173 3521 2188 3536 ’
2221 3506 2422 3577 ἀρετῆς
2452 3505 2510 3558 δὲ
2537 3504 2794 3574 οὐδαμοῦ.
2829 3507 2944 3558 Οὐκ
2964 3505 3030 3560 ἂν
3060 3505 3384 3577 τολμήσειεν
3414 3505 3442 3558 6
3463 3503 3708 3576 γεωργός

2038 3594 2283 3665 ἀμπέλου
2319 3593 2580 3662 ἅψασθαι,
2625 3594 2700 3665 μὴ
2747 3595 3012 3665 πρότερον
3053 3593 3234 3656 καλῶς
3266 3593 3599 3661 γυμνασθεϊς
3638 3593 3726 3646 τὰς.

2039 3679 2322 3749 γεωργικά
2350 3695 2363 3708 ⁸
2395 3679 2516 3732 οὐδὲ⁹
2537 3681 2565 3732 6
2597 3678 2936 3749 κυϐερνήτης
2961 3681 3052 3732 ἐπὶ
3087 3678 3198 3732 τῶν
3219 3678 3420 3731 οἰάκων
3463 3675 3704 3736 καθίσαις

2043 3767 2119 3838 μὴ
2142 3765 2410 3837 πρότερον
2431 3767 2915 3837 ἐγγυμνασάμενος
2953 3765 3136 3829 καλῶς
3164 3782 3178 3795 ·
3211 3767 3374 3836 ἡμεῖς
3400 3765 3459 3818 δὲ
3507 3764 3711 3835 ἀμελέο

2039 3871 2193 3924 τητοι
2227 3853 2405 3927 πάντῃ
2435 3853 2814 3924 τυγχάνοντες,
2839 3852 2909 3906 τά
2934 3857 3176 3924 πρωτεῖα
3209 3853 3354 3924 ἔχειν
3386 3851 3705 3922 βουλόμεθα.

2055 3941 2250 4012 Ἐχρῆν
2277 3943 2453 4012 σιγᾷν,
2477 3941 2642 4010 ἐχρῆν
2673 3940 2860 4010 μηδενὶ
2887 3943 3162 3994 κοινωνεῖν
3187 3940 3528 4010 πραγμάτων
3574 3936 3709 4007 μηδέ

2043 4029 2323 4102 ῥημάτων,
2353 4028 2456 4088 ἕως
2487 4026 2552 4080 ἂν
2585 4027 2928 4096 ἠδυνήθημεν
2957 4027 3016 4079 τὸ
3038 4026 3222 4098 θηρίον
3249 4025 3536 4096 ἡμερῶσαι
3567 4023 3628 4076 τὸ
3650 4026 3712 4077 ἐν

2043 4120 2192 4188 ἡμῖν.
2265 4116 2334 4167 ’Ἡ
2385 4114 2503 4184 οὐχὶ
2557 4113 2743 4184 θηρίου
2791 4113 2987 4175 παντὸς
3021 4111 3396 4182 χαλεπώτερον
3451 4113 3715 4180 ἐπιστρα-

2043 4206 2258 4258 τεύεται
2289 4204 2419 4274 ἡμῖν
2445 4203 2536 4254 καὶ
2561 4201 2732 4271 θυμὸς
2760 4202 2852 4254 καὶ
2878 4200 3142 4270 ἐπιθυμία
3166 4216 3181 4263 ;
3223 4199 3313 4270 Μὴ
3355 4197 3597 4271 ἐμϐάλῃς
3630 4199 3710 4260 εἰς

2043 4290 2249 4363 ἀγοράν
2283 4290 2421 4360 μετὰ
2445 4290 2651 4342 τούτων
2670 4289 2778 4340 τῶν
2805 4287 3027 4358 θηρίων,
3054 4287 3157 4350 ἕως
3178 4285 3242 4340 ἂν
3269 4287 3451 4348 αὐτοῖς
3481 4284 3714 4358 περιθῇς

2045 4379 2224 4442 καλῶς
2251 4378 2343 4431 τὸν
2376 4377 2612 4448 χαλινὸν,
2645 4377 2751 4440 ἕως
2788 4375 2852 4429 ἂν
2875 4376 3016 4428 αὐτά
3042 4374 3423 4444 τιθασσεύσῃς,
3455 4373 3550 4426 καὶ
3594 4389 3710 4443 χειι-

2051 4469 2216 4541 ροήΟη
2250 4469 2686 4538 κατασκευάσῃς.
2713 4468 2824 4537 Οὐχ
2850 4467 2983 4537 ὁρᾷς
3012 4464 3233 4529 τούτους
3260 4466 3386 4527 τοὺς
3423 4462 3712 4534 περιάγον-⁹

2045 4577 2143 4621 τας
2168 4559 2292 4620 τοὺς
2317 4554 2712 4628 ήμέρουςβόὅ]
2735 4555 2951 4617 λέοντας
2978 4555 3070 4606 ἐπί
3097 4555 3197 4624 τῆς
3224 4554 3451 4624 ἀγορᾶς,
3479 4551 3594 4616 πῶς
3620 4551 3712 4604 καὶ

2049 4645 2388 4716 κερδαίνουσι
2433 4644 2527 4697 καὶ
2573 4643 2963 4713 θαυμάζονται,
3009 4641 3089 4694 ὅτι
3123 4643 3179 4693 ἐν
3209 4640 3286 4712 τῷ
3315 4639 3495 4708 ἀλόγῳ
3543 4637 3714 4708 θηρίῳ

2047 4729 2303 4800 τοιαύτην
2331 4729 2647 4800 ἡμερότητα
2680 4725 3078 4796 κατώρθωσαν;
3111 4725 3174 4778 ἂν
3205 4725 3262 4777 δὲ
3286 4722 3540 4794 ἐξαίφνης
3566 4723 3715 4790 ἀγριι

2048 4823 2162 4894 ωθῇ
2213 4825 2436 4884 ἐκεῖνος,
2488 4820 2692 4882 πάντας
2742 4819 2891 4870 σοϐεῖ
2935 4818 3060 4879 τούς
3091 4816 3182 4868 ἐπὶ
3212 4816 3309 4884 τῆς
3357 4815 3582 4884 ἀγορᾶς,
3618 4811 3713 4900 καὶ

2050 4911 2390 4966 ἐκινδύνευσε
2417 4908 2603 4962 λοιπὸν
2619 4909 2647 4961 6
2674 4906 2952 4977 περιάγων
2978 4904 3138 4956 αὐτὸν
3161 4902 3256 4956 ἄνθ
3267 4917 3465 4971 ρωπος.
3490 4900 3583 4951 καὶ
3614 4897 3712 4965 τῆς

2051 5001 2160 5054 τῶν
2187 5000 2360 5055 ἄλλων
2397 4996 2669 5057 ἀπωλείας
2695 4995 2916 5062 γέγονεν
2956 4994 3150 5054 αἴτιος.
3183 4989 3292 5043 Καὶ
3324 4989 3388 5040 σὺ
3420 4986 3597 5039 τοίνυν
3623 4985 3738 5037 τὸν.

2051 5088 2240 5142 λέοντα
2274 5087 2533 5157 πρότερον
2565 5081 2871 5154 ήμέρωσον,
2897 5081 2992 5132 καὶ
3014 5079 3137 5130 τότε
3168 5076 3420 5147 περίαγε,
3450 5074 3546 5143 οὐχ
3573 5073 3712 5126 ὥστε

2053 5174 2315 5248 ἀργύριον
2353 5173 2559 5236 λαϐεῖν,
2591 5169 2706 5223 ἀλλ’
2738 5168 2878 5220 ὣστε
2907 5165 3162 5237 κερδᾶναι
3196 5165 3407 5235 κέρδος,
3448 5157 3509 5216 οῦ
3550 5159 3713 5232 μηδέν

2053 5265 2201 5316 ἐστιν
2229 5263 2360 5315 ἴσον.
2398 5260 2564 5313 Οὐδὲν
2590 5257 2698 5328 γὰρ
2720 5257 2831 5309 ἴσον
2860 5253 3234 5325 ἐπιεικείας,ἢ
3267 5252 3360 5305 καὶ
3385 5255 3712 5318 τοῖςδκειπη-

2005 5390 2013 5395 -
2059 5352 2260 5424 μένοις,
2285 5349 2379 5402 καὶ
2410 5348 2523 5408 τοῖς
2546 5344 2849 5416 χρωμένοις
2879 5341 3082 5412 σφόδρα
3111 5341 3227 5394 ἐστὶ⁵
3255 5340 3519 5411 χρησίμη.
3572 5335 3715 5424 Ταύ-

2053 5421 2154 5511 την
2181 5435 2272 5491 οῦν
2301 5435 2602 5504 διώκωμεν,
2635 5433 2722 5484 ἵνα
2752 5429 3070 5502 δυνηθῶμεν
3095 5431 3193 5499 τῆς
3224 5428 3426 5501 ἀρετῆς
3457 5426 3557 5496 τήν
3596 5421 3715 5511 όδὸν

2058 5510 2196 5599 μετὰ
2228 5523 2512 5596 ἀκριϐείας
2537 5519 2905 5582 διανύσαντες,
2932 5517 3042 5570 τῶν
3072 5517 3306 5570 αἰωνίων
3338 5512 3558 5582 ἀγαθῶν
3596 5510 3716 5599 ἐπεῖ

2053 5594 2254 5686 τυχεῖν,
2283 5594 2466 5683 χάριτι
2484 5610 2578 5662 καὶ
2602 5605 2979 5678 φιλανθρωπίᾳ
2998 5603 3092 5658 τοῦ
3124 5603 3327 5674 Κυρίου
3350 5599 3505 5686 ἡμῶν
3539 5594 3714 5686 Ἰησοῦ

2053 5682 2313 5775 Χριστοῦ,
2346 5697 2466 5770 μεθ’
2494 5688 2555 5749 οὗ
2585 5695 2664 5766 τῷ
2683 5694 2857 5762 Πατρὶ
2877 5691 2992 5762 ἅμα
3010 5690 3089 5760 τῷ
3107 5689 3249 5758 ἁγίῳ
3269 5685 3542 5775 ΙΤνεύματι
3566 5682 3706 5775 δόξα,

2053 5768 2273 5864 κράτος,
2297 5788 2450 5860 τιμὴ,
2481 5787 2576 5840 νῦν
2602 5785 2693 5838 καὶ
2712 5784 2819 5848 ἀεὶ,
2845 5784 2938 5836 καὶ
2966 5782 3044 5844 εἰς
3073 5777 3196 5839 τούς
3225 5772 3424 5836 αἰῶνας
3455 5770 3562 5825 τῶν
3585 5768 3738 5826 αἰτία--

2053 5899 2179 5936 νων.
2225 5878 2418 5949 Ἀμήν.

2121 5971 2144 5999 ⁸
2179 5967 2422 6021 Ἶίοτῶτας
2468 5963 2513 6014 in
2559 5977 2654 6012 uno
2690 5961 2852 6009 ἀθεεὶ.
