3950 6208
295 184 374 237 ω
1216 180 1282 236 ΙΝ
1320 181 1499 237 ACTA
1537 182 1790 239 APOSTC

1897 184 2060 241 RUM.
2102 184 2332 243 liOMlL.
2376 188 2545 245 XXX.

293 304 430 358 Datis,
452 294 606 364 gratia
630 301 679 348 et
708 293 1033 364 benignitate
1064 293 1272 349 Domini
1300 297 1466 350 nostri
1500 295 1627 351 Jesu
1657 296 1820 351 Chri-

288 389 366 450 sti,
390 389 582 457 quicum
608 384 747 440 Patri
778 401 987 455 unaque
1019 385 1240 456 Spiritui
1269 396 1455 441 sancto
1480 387 1669 458 gloria,
1703 389 1820 443 im—

3414 206 3521 260 2:22

1931 302 2159 367 perium,
2193 299 2385 366 honor,
2427 318 2569 359 nunc
2597 313 2651 359 et
2679 319 2927 378 semper,
2955 319 3011 365 et
3049 313 3102 366 in
3124 314 3319 371 sarcula
3340 332 3516 376 sucu-

1931 391 2124 446 lorum.
2158 394 2349 446 Amen.

1965 536 3503 573 __________________________

1586 611 1925 675 manus
1974 582 2187 679 XXX.

279 762 379 814 ω.
401 758 481 812 15.
512 773 562 809 v.
601 756 691 811 Β.
735 753 1046 811 Exeuntibus
1085 765 1256 808 autem
1293 756 1399 810 illis
1421 798 1435 821 ,
1483 758 1727 827 ragabant
1757 767 1811 811 ut

332 850 530 918 sequenti
553 850 758 903 sabbato
776 851 1096 910 loquerentur
1121 850 1217 902 sibi
1242 849 1390 902 verba
1422 852 1548 903 lucc.

333 934 629 997 LVidistin’
658 942 806 995 Pauli
856 941 1235 1010 prudentiain?
1271 940 1391 995 Non
1437 954 1561 995 tunc
1604 951 1810 995 tantum

276 1036 318 1089 ia
341 1034 670 1087 admiratione
696 1034 813 1098 fuit,
844 1033 937 1087 sed
978 1033 1138 1087 etiam
1169 1034 1361 1088 iterum
1388 1033 1637 1088 audiendi
1670 1035 1813 1089 desi-

271 1126 444 1179 derium
471 1125 692 1178 immisit
719 1124 843 1189 illis,
878 1140 997 1179 cum
1026 1125 1229 1178 semina
1260 1124 1503 1193 quietiam
1537 1124 1813 1193 injecisset

270 1236 320 1275 ac
340 1219 548 1273 nondum
566 1219 888 1273 absolvisset
912 1260 927 1282 ,
963 1233 1136 1287 neque
1167 1218 1346 1271 verbis
1363 1217 1521 1270 linem
1554 1219 1765 1271 fecisset
1792 1258 1809 1282 ,

272 1323 315 1365 ut
330 1314 428 1367 illos
450 1313 542 1366 sibi
572 1312 886 1365 conciliaret
915 1326 977 1364 ac
1006 1311 1296 1364 benevolos
1327 1310 1603 1373 redderet,
1638 1326 1811 1379 neque

269 1405 411 1457 υηιιιίε
446 1404 597 1457 simul
631 1403 926 1473 ingerendo
972 1417 1224 1456 nauseam
1273 1411 1506 1470 pareret.
1544 1401 1759 1455 Dixerat
1793 1420 1804 1454 :

274 1500 471 1552 [latussic
490 1508 814 1567 peccatorum
845 1515 933 1565 per
959 1496 1093 1549 hunc
1118 1497 1254 1548 vobis
1282 1496 1611 1547 annuntiatur
1634 1512 1649 1556 ;
1677 1510 1809 1564 quo-

275 1591 397 1643 modo
431 1601 639 1652 autem,
678 1604 781 1642 non
814 1588 1123 1641 declaravit.
1167 1588 1293 1640 Post
1325 1587 1440 1639 inec
1489 1587 1677 1639 iterum
1724 1586 1805 1639 sui

280 1684 405 1751 ip~ins
432 1682 755 1735 mentionem
789 1680 914 1734 facit
957 1682 1206 1751 primum.
1258 1680 1445 1733 Viden’
1473 1688 1667 1749 quanta
1696 1679 1807 1732 ala-

282 1774 436 1827 critas?
469 1774 829 1843 Sequebantur
860 1774 978 1827 illos
999 1814 1013 1834 ,
1047 1772 1235 1841 inquit.
1270 1770 1378 1826 Cur
1409 1772 1529 1825 illos
1561 1786 1664 1825 nou
1692 1780 1804 1825 sta-

278 1868 347 1918 tim
369 1866 676 1934 baptizavit?
700 1865 817 1919 Non
853 1876 963 1919 erat
992 1874 1201 1932 tempus
1242 1882 1255 1917 :
1291 1864 1616 1933 persuadere
1646 1880 1805 1933 opor-

272 1958 406 2021 tebat,
434 1972 485 2011 ut
519 1958 669 2011 ﬁniti
703 1967 1004 2011 manerent.
1034 1957 1122 2010 45.
1162 1955 1386 2023 Cumque
1433 1956 1641 2008 dimissa
1679 1965 1805 2009 esset

262 2065 502 2119 synagoga,
557 2050 766 2118 sequuti
804 2058 920 2101 sunt
956 2049 1102 2101 multi
1134 2046 1432 2100 Iudaeorum
1464 2057 1508 2100 et
1528 2048 1802 2103 colentium

258 2141 515 2194 advenarum
562 2140 798 2194 Paulum
829 2152 872 2195 et
902 2140 1190 2193 Barnabam
1214 2156 1232 2193 :
1253 2142 1339 2209 qui
1383 2141 1641 2201 loquentes
1680 2156 1799 2192 sna-

253 2236 401 2287 delumt
434 2237 498 2288 eis
527 2278 541 2299 ,
579 2246 639 2289 ut
670 2245 926 2287 manerent
970 2235 1022 2287 in
1070 2235 1235 2304 gratia
1274 2232 1391 2285 Dei.
1418 2234 1507 2286 44.
1554 2233 1799 2300 Sequenti

251 2340 341 2377 vero
368 2326 562 2379 sabbato
592 2343 729 2396 pene
769 2327 1003 2379 universa
1026 2326 1201 2378 civitas
1224 2325 1453 2377 convenit
1482 2324 1661 2375 audire
1689 2339 1799 2376 ver-

244 2420 339 2469 bunt
354 2416 458 2471 Dei.
490 2420 576 2473 45.
625 2416 864 2471 Videntes
882 2428 1050 2470 autem
1075 2416 1245 2469 turbas
1270 2414 1462 2480 Judaei,
1483 2415 1661 2483 repleti
1681 2422 1797 2474 sunt

246 2508 333 2559 sele
352 2549 365 2569 ,
400 2519 442 2561 et
468 2508 885 2561 contradicebant
912 2508 976 2559 iis
1010 2546 1025 2567 ,
1062 2523 1175 2575 quae
1198 2524 1230 2558 a
1263 2504 1429 2558 Paulo
1456 2504 1750 2557 dicebantur
1776 2544 1792 2567 ,

241 2599 607 2654 contradicentes
631 2612 680 2652 et
709 2600 1137 2669 blaspltemantes.
1174 2598 1304 2652 Vide
1347 2599 1635 2667 nequitiam
1670 2613 1792 2666 per-

241 2709 443 2757 russam,
468 2694 595 2747 dum
629 2694 769 2748 alios
796 2693 1044 2762 percutit.
1076 2691 1188 2745 lloc
1214 2691 1357 2760 ipsos
1382 2691 1642 2743 clariores
1672 2689 1791 2744 red-

240 2786 411 2851 debat,
453 2787 593 2855 quod
652 2785 725 2838 illi
775 2782 1223 2838 contradicerent.
1258 2782 1438 2836 Primo
1478 2782 1656 2850 itaque
1696 2795 1791 2835 Sua

238 2889 398 2945 sponte
426 2880 716 2947 rogabant.
744 2873 1155 2931 Contradicentes
1183 2914 1199 2939 ,
1229 2873 1401 2943 inquit
1431 2914 1443 2937 ,
1474 2883 1521 2926 et
1547 2872 1788 2942 blasphe-

237 2982 413 3025 orantes.
454 2971 498 3026 Ο
532 2970 926 3041 petulantiam!
962 2978 1178 3037 propter
1202 2983 1319 3038 qua:
1342 2967 1463 3019 illos
1493 2968 1790 3035 approbare

236 3065 527 3131 oportebat,
585 3072 807 3133 prepter
858 3078 918 3116 ea
974 3062 1044 3116 illi
1099 3060 1604 3115 contradicunt.4li.
1646 3060 1788 3113 Tunc

234 3168 482 3212 constanter
516 3157 721 3210 Paulus
759 3166 805 3209 et
844 3153 1107 3209 Barnabas
1135 3154 1403 3207 dixerunt:
1442 3150 1589 3206 Vobis
1640 3169 1789 3220 opor-

234 3248 340 3301 lebat
376 3250 593 3317 primum
652 3247 789 3316 loqui
848 3246 1050 3299 verbum
1108 3244 1243 3307 Dei;
1279 3244 1367 3298 sed
1421 3244 1663 3314 quoniam
1708 3259 1788 3296 re-

232 3339 391 3407 pellitis
416 3342 547 3394 illud
583 3382 600 3405 ,
633 3350 681 3392 et
731 3340 964 3410 indignos
1006 3353 1093 3390 vos
1122 3338 1367 3404 judicatis
1414 3346 1604 3390 (eterna
1645 3338 1784 3398 vita,

229 3449 320 3486 erce
344 3435 685 3487 convertimur
708 3434 775 3484 ad
805 3440 992 3501 gentes.
1022 3428 1227 3492 Viden‘,
1255 3428 1523 3497 quomodo
1550 3443 1643 3496 per
1666 3442 1788 3481 cou-

230 3526 492 3579 tentiouem
550 3524 728 3591 magis
780 3521 1133 3577 extenderunt
1201 3519 1631 3589 praediuitioncm
1662 3558 1677 3580 ,
1730 3528 1787 3573 et

230 3618 371 3684 magis
397 3617 471 3671 illi
495 3630 556 3670 se
584 3614 931 3668 contulerunt
951 3612 1015 3665 ad
1032 3620 1241 3681 gentes,
1268 3618 1547 3680 postquam
1575 3611 1785 3665 ratione

232 3706 409 3758 reddita
437 3706 579 3775 apud
613 3718 946 3772 congeneres
996 3716 1123 3755 suos
1172 3714 1293 3754 sese
1321 3701 1478 3769 culpa
1520 3700 1784 3754 immunes

226 3795 666 3865 comprobarunt?
696 3792 804 3847 Nec
829 3791 983 3856 dixit,
1019 3790 1221 3859 lndigni
1247 3790 1380 3844 estis
1412 3806 1426 3854 ;
1459 3788 1554 3843 sed
1575 3829 1591 3854 ,
1623 3787 1777 3841 Indi-

226 3903 330 3955 gnas
354 3904 437 3942 vos
452 3887 730 3958 judicatis,
764 3894 822 3938 ut
848 3899 954 3938 non
980 3897 1240 3937 onerosus
1262 3896 1439 3936 sermo
1463 3889 1625 3935 esset.
1653 3880 1784 3934 Ecce

224 3983 529 4033 convertimur
548 3982 620 4031 ad
649 3988 834 4048 gentes.
860 3977 949 4031 47.
979 3975 1070 4030 Sic
1100 3976 1231 4028 enim
1258 3974 1492 4044 pracepit
1519 3973 1661 4026 nobis
1676 3972 1780 4026 Do-

224 4072 366 4125 nn'nus
390 4089 406 4125 :
430 4072 597 4126 Posui
646 4082 692 4123 te
720 4070 773 4122 in
812 4070 972 4122 lucem
1010 4068 1232 4137 gentium
1260 4107 1275 4131 ,
1306 4076 1361 4118 ut
1390 4067 1459 4118 sis
1486 4067 1538 4118 in
1567 4064 1781 4118 salutem

224 4179 356 4232 atque
378 4167 445 4216 ad
471 4175 756 4217 extremum
788 4171 933 4215 terra:
962 4158 1113 4229 (lsai.
1135 4157 1224 4213 49.
1257 4158 1335 4227 fi).
1381 4155 1450 4212 Ut
1476 4158 1623 4211 enim
1651 4173 1781 4226 geu-

224 4262 290 4307 tcs
314 4254 422 4309 haec
443 4256 730 4309 audientes
753 4266 861 4308 non
893 4251 1358 4313 contristarentur,
1390 4250 1542 4320 quasi
1569 4266 1633 4305 ex
1658 4250 1777 4303 illo-

223 4362 320 4399 rum
362 4350 539 4403 studio
580 4348 720 4401 bona
752 4347 883 4415 ipsa:
927 4360 1033 4399 non
1077 4354 1494 4411 assequerentur
1522 4384 1536 4405 ,
1564 4342 1781 4398 adducit

226 4442 562 4509 prophetiam,
599 4440 787 4494 dicens
816 4458 828 4492 :
863 4438 988 4492 Dedi
1014 4449 1061 4490 te
1086 4439 1136 4491 in
1165 4438 1324 4491 lucem
1351 4438 1595 4507 gentium,
1627 4448 1682 4488 ut
1711 4437 1780 4490 sis

220 4534 263 4583 in
284 4540 487 4588 salutem
539 4549 697 4603 usque
725 4533 794 4585 ad
841 4541 1121 4586 extremum
1166 4540 1331 4583 terrte.
1374 4529 1465 4584 48.
1506 4528 1780 4583 Audientes

220 4640 363 4682 litem
387 4640 578 4701 gentes.
612 4629 723 4683 lloc
751 4627 870 4681 illos
908 4627 1196 4680 alacriores
1223 4624 1515 4688 reddebat,
1547 4624 1686 4693 quod
1715 4624 1779 4677 iis

221 4719 281 4772 illi
308 4720 836 4789 frnerentur,quibus
862 4720 952 4773 alii
982 4718 1081 4772 frui
1112 4716 1377 4772 debebant
1404 4734 1418 4781 ;
1445 4715 1658 4771 Judaeos
1683 4732 1777 4768 au-

223 4821 312 4863 tem
337 4811 434 4867 hoc
460 4813 633 4882 magis
663 4810 964 4865 mordebat.
1012 4809 1286 4861 Audientes
1311 4818 1478 4860 autem
1505 4848 1521 4871 ,
1552 4806 1723 4876 inquit
1754 4846 1775 4872 ,

218 4913 365 4970 gentes
404 4906 595 4975 gavisi:
631 4913 767 4970 sunt,
808 4911 856 4956 et
884 4901 1236 4973 glorificabant
1276 4898 1475 4952 verbum
1518 4896 1727 4951 Domini
1757 4914 1777 4950 :

224 4991 276 5044 Et
315 4999 635 5049 crediderunt
689 5003 932 5064 quotquot
977 5001 1119 5046 erant
1161 4990 1491 5061 prteordinati
1529 4989 1581 5041 in
1625 4990 1777 5041 vitam

218 5095 477 5151 uanam;
509 5087 615 5142 hoc
667 5096 768 5152 est,
812 5083 1058 5155 praeliniai
1108 5098 1140 5137 a
1174 5082 1302 5136 Deo.
1349 5080 1482 5135 Vide
1506 5080 1776 5149 quomodo

220 5178 435 5232 tetendit
453 5179 698 5233 utilitatis
713 5178 1069 5232 celeritatem.
1101 5174 1189 5229 b9.
1218 5172 1655 5227 Disseminabatur
1680 5190 1777 5225 au-

220 5277 303 5320 tem
329 5270 531 5323 verbum
561 5270 765 5325 Domini
812 5285 902 5339 per
949 5269 1231 5322 universam
1274 5266 1564 5335 regionem;
1589 5262 1639 5316 id
1667 5274 1772 5327 est,

217 5358 585 5431 divulgabatur.
619 5364 695 5416 Ac
721 5362 766 5416 si
794 5361 1017 5425 diceret,
1046 5358 1161 5415 Non
1188 5356 1420 5412 contenti
1450 5357 1586 5421 zelo,
1615 5369 1774 5425 opera

217 5452 358 5506 etiam
406 5454 741 5509 addiderunt.
798 5453 930 5508 Vide
969 5450 1239 5522 quomodo
1297 5449 1433 5518 pulsi
1464 5456 1519 5502 et
1547 5446 1767 5501 zeloiu-

217 5544 485 5609 acusi,alia
514 5561 702 5615 magna
727 5544 973 5601 efﬁciunt
998 5557 1014 5597 '.
1040 5557 1159 5599 sese
1174 5556 1404 5610 namque
1426 5547 1771 5610 appararunt,

224 5643 270 5688 ι
312 5637 529 5694 liberius
562 5648 771 5708 agerent
799 5679 815 5705 ,
844 5648 897 5692 ct
923 5638 987 5691 ad
1012 5648 1200 5708 gentes
1236 5633 1478 5691 venirent
1506 5650 1520 5699 ;
1554 5640 1609 5687 et
1651 5630 1779 5686 audi

1924 761 2216 826 quomodo.
2263 761 2562 820 Constanter
2594 779 2797 838 agentes
2829 770 3025 832 Paulus
3049 790 3097 831 et
3124 778 3392 839 Barnabas
3423 787 3507 839 di-

1921 863 2103 905 xerunt
2129 869 2147 907 :
2184 853 2333 910 Vobis
2355 859 2611 925 oportebat
2637 863 2854 929 primum
2874 865 3011 936 loqui
3038 873 3238 926 verbum
3262 875 3359 931 Dei
3379 894 3399 940 ;
3424 880 3512 932 sed

1921 943 2041 1035 quia
2078 947 2335 1035 repellitis
2380 949 2509 1003 illud
2530 993 2544 1016 ,
2579 968 2691 1005 ecce
2734 959 3071 1013 convertimur
3095 964 3163 1015 ad
3187 978 3376 1035 gentes.
3400 969 3508 1025 Sed

1925 1033 2043 1125 vide
2072 1034 2123 1088 in
2152 1034 2251 1091 hac
2280 1037 2468 1093 ﬁducia
2491 1052 2759 1097 servatum
2785 1047 3023 1117 modum;
3054 1033 3241 1122 etjui-c
3270 1059 3507 1125 quidem.

1919 1122 2049 1177 Nam
2070 1127 2114 1179 si
2133 1127 2324 1183 Petrus
2344 1145 2462 1185 sese
2488 1132 2831 1203 defendebat,
2855 1142 3025 1196 multo
3049 1147 3219 1216 magis
3250 1122 3304 1203 hi
3326 1150 3511 1207 defen-

1918 1218 2070 1273 sione
2101 1236 2237 1288 opus
2268 1222 2538 1278 habebant
2564 1269 2578 1292 ,
2633 1230 2846 1284 nemine
2876 1233 3021 1302 ipsos
3049 1236 3226 1295 islhuc
3256 1257 3503 1301 vocante.

1918 1309 2047 1363 Cum
2076 1311 2213 1366 dixit
2240 1324 2441 1380 autem,
2491 1316 2743 1383 Primum,
2774 1327 3009 1381 ostendit
3040 1329 3147 1383 illis
3175 1333 3335 1388 etiam
3367 1352 3507 1406 prac-

1916 1404 2080 1456 dicari
2111 1408 2417 1473 eptirtttisse
2448 1427 2462 1476 ;
2493 1420 2547 1464 et
2588 1427 2709 1466 cum
2756 1414 2889 1470 dixit
2919 1458 2934 1481 ,
2966 1417 3324 1479 Necessarium
3354 1404 3379 1489 ,γ
3413 1442 3504 1481 ar-

1914 1496 2027 1562 guit
2050 1497 2152 1551 illis
2175 1499 2337 1553 etiam
2362 1505 2723 1559 necessarium
2750 1506 2933 1565 fuisse.
2958 1511 3065 1566 Sed
3084 1518 3319 1584 quoniam
3341 1522 3497 1589 repel.

1915 1589 2055 1679 litis;
2086 1607 2188 1647 non
2213 1592 2372 1661 dixit,
2407 1595 2495 1649 Va:
2523 1598 2674 1653 vobis
2702 1642 2717 1664 ,
2748 1617 2919 1672 neque
2944 1644 2960 1670 ,
2987 1606 3289 1665 Puniemini
3314 1630 3329 1678 ;
3357 1614 3450 1669 sed
3478 1658 3492 1679 ,

1913 1678 2262 1736 Convertimur
2308 1686 2376 1738 ad
2417 1697 2607 1757 gentes.
2668 1690 2854 1747 Viden'
2882 1706 3079 1765 quanta
3130 1702 3501 1762 moderatione

1913 1769 2067 1838 plena
2101 1774 2171 1826 sit
2198 1774 2389 1830 fiducia
2423 1778 2510 1832 illa
2535 1783 2559 1833 Υ
2586 1781 2677 1836 50.
2709 1780 2881 1839 Ιαάωὶ
2924 1798 3089 1844 autem
3117 1794 3497 1852 concitaverunt

1914 1867 2151 1920 mlieres
2172 1868 2433 1938 religiosas
2457 1882 2503 1925 et
2521 1874 2777 1940 honestas,
2804 1888 2851 1931 et
2878 1881 3070 1949 primos
3096 1885 3332 1954 civitatis,
3359 1900 3404 1944 et
3420 1907 3503 1945 ex.

1908 1956 2177 2012 citaverunt
2204 1965 2635 2030 persequutionem
2673 1968 2727 2020 in
2776 1967 2998 2024 Paulum
3024 1984 3070 2027 et
3092 1973 3381 2032 Barnabam
3398 2020 3417 2047 ,
3435 1993 3486 2036 et

1907 2050 2160 2116 ejecerunt
2189 2067 2274 2104 eos
2301 2052 2364 2106 de
2387 2054 2569 2121 ﬁnibus
2588 2058 2716 2111 suis.
2745 2059 2932 2115 Viden’
2958 2076 3213 2132 quantum
3243 2070 3489 2137 profece-

1908 2142 2011 2192 rint
2055 2142 2143 2210 qui
2191 2144 2615 2202 adversabantur
2665 2151 3031 2219 praedicationi
3068 2174 3081 2210 :
3125 2157 3177 2212 in
3227 2170 3484 2230 quautam

1906 2230 2286 2298 impudentiam
2318 2237 2438 2291 illas
2467 2238 2837 2297 adduxerim?
2881 2245 2970 2301 51.
3004 2247 3071 2300 At
3107 2250 3186 2303 illi
3217 2292 3235 2317 ,
3273 2270 3489 2311 excusso

1904 2324 2105 2389 pulvere
2131 2327 2314 2395 pedum
2344 2330 2396 2382 in
2422 2346 2505 2384 eos
2528 2370 2543 2396 ,
2576 2346 2815 2388 venerunt
2845 2333 3100 2393 Iconium.
3126 2340 3223 2397 Hie
3247 2348 3486 2403 terribile

1904 2412 2030 2466 illud
2076 2414 2321 2472 fecerunt
2350 2421 2492 2489 quod
2522 2422 2759 2491 jusserat
2787 2425 3033 2483 Christus
3065 2430 3255 2489 dicens
3286 2452 3299 2487 :
3335 2414 3405 2490 El
3445 2440 3491 2493 si

1899 2506 2010 2575 quis
2038 2524 2124 2561 vos
2150 2526 2251 2563 non
2280 2516 2543 2582 receperit,
2572 2517 2758 2585 egressi
2778 2519 2994 2573 excutite
3015 2523 3268 2589 pulverem
3289 2529 3484 2595 pedum

1899 2607 2175 2652 vestrorum
2205 2600 2418 2669 (Matth.
2457 2604 2541 2658 10.
2570 2606 2657 2660 14.
2692 2606 2861 2662 Marc.
2891 2610 2944 2664 6.
2978 2612 3087 2682 11).
3113 2614 3191 2668 Illi
3223 2632 3353 2672 vero
3376 2634 3496 2675 non

1900 2696 2099 2744 temere
2121 2692 2222 2746 hoc
2250 2691 2492 2749 fecerunt
2512 2737 2527 2760 ,
2559 2697 2653 2751 sed
2678 2708 2963 2770 postquam
2992 2703 3150 2773 ejecti
3180 2717 3305 2763 sunt
3326 2709 3395 2764 ab
3423 2712 3488 2766 il,

1898 2780 1982 2833 lis.
2016 2781 2277 2838 Casterum
2308 2800 2482 2855 neque
2512 2787 2612 2842 hoc
2644 2790 2918 2860 discipulis
2946 2797 3150 2862 nocuit,
3190 2799 3284 2854 sed
3311 2805 3491 2872 magis

1898 2884 2307 2939 perseverarunt
2336 2878 2386 2929 in
2426 2878 2611 2932 verbo.
2645 2879 2766 2933 Ideo
2796 2881 2895 2936 boc
2934 2883 3214 2943 declarans
3242 2890 3426 2958 adjicit
3458 2912 3472 2947 :

1897 2962 1987 3017 52.
2013 2962 2266 3035 Discipuli
2285 2977 2456 3021 autem
2477 2971 2801 3040 replebantur
2818 2975 3006 3045 gaudio
3034 3017 3049 3040 ,
3072 2988 3119 3031 et
3142 2978 3347 3050 Spiritu
3365 3000 3479 3038 san-

1893 3068 1993 3111 cto.
2034 3058 2271 3130 Magistri
2303 3076 2533 3132 namque
2555 3078 2792 3119 aerumna
2823 3066 3068 3139 discipuli
3099 3070 3342 3129 fiduciam
3369 3090 3483 3132 non.

1894 3149 2048 3215 tollit,
2061 3150 2154 3205 sed
2180 3151 2497 3207 alacriorem
2528 3154 2675 3210 illum
2703 3157 2897 3212 reddit.
2951 3160 3119 3232 (Cap.
3144 3163 3249 3235 14.)
3278 3166 3329 3220 1.
3359 3165 3472 3221 Fa-

1892 3251 2024 3294 ctum
2045 3254 2117 3297 est
2137 3255 2303 3298 autem
2329 3244 2514 3313 Iconii,
2546 3258 2598 3300 ut
2624 3250 2777 3303 simul
2804 3252 3136 3309 introirentin
3158 3273 3479 3330 synagoganv

1891 3332 2192 3388 Judtvorum
2216 3377 2231 3400 ,
2261 3346 2306 3389 et
2332 3338 2654 3410 loquerentur
2679 3384 2694 3404 ,
2723 3343 2795 3395 ita
2817 3354 2869 3397 ut
2894 3346 3149 3401 crederent
3174 3347 3479 3408 Judteoruns

1890 3438 1935 3481 et
1964 3428 2255 3483 Grecorum
2280 3432 2485 3503 copiosa
2511 3435 2804 3490 multitudo.
2827 3436 3061 3493 Rursum
3089 3442 3143 3495 in
3170 3456 3470 3516 synagogas

1890 3521 2178 3577 introeunt.
2207 3523 2339 3580 Vide
2358 3527 2631 3595 quomodo
2655 3544 2759 3582 non
2792 3530 3087 3587 timidiores
3116 3532 3292 3590 elfecti
3317 3536 3473 3605 sint,

1891 3628 2010 3666 cum
2037 3614 2299 3669 dixissent
2321 3658 2336 3681 ,
2368 3615 2714 3672 Convertimur
2739 3622 2806 3673 ad
2843 3631 3032 3692 gentes.
3076 3623 3151 3678 Ex
3182 3626 3478 3683 abundanti

1894 3716 2072 3761 tamen
2107 3707 2213 3761 illis
2241 3710 2645 3765 excusationem
2677 3712 2888 3767 tollunt.
2940 3713 3030 3769 Ita
3076 3727 3129 3771 ut
3171 3719 3430 3777 crederent
3454 3765 3470 3789 ,

1890 3799 2083 3867 inquit,
2109 3798 2411 3854 Judworum
2435 3811 2481 3857 et
2507 3801 2800 3858 ercorum
2827 3808 3031 3878 copiosa
3046 3811 3336 3867 multitudo.
3372 3815 3471 3870 Ve-

1892 3891 2113 3945 risimile
2150 3905 2231 3946 est
2259 3893 2401 3947 enim
2433 3894 2555 3950 illos
2598 3896 2758 3951 etiam
2812 3897 3015 3955 Graecis
3041 3903 3383 3972 praedicasse.
3410 3908 3465 3963 2.

1890 3982 1989 4048 Qui
2031 3999 2145 4037 vero
2183 3985 2429 4039 increduli
2468 3985 2671 4056 fuerunt
2706 3988 2879 4043 Judrei
2915 3995 3282 4051 suscitaverunt
3318 4009 3366 4051 et
3402 4002 3477 4054 ad

1880 4073 2194 4128 iracundiam
2221 4076 2595 4130 concitaverunt
2620 4079 2817 4133 animas
2841 4082 3063 4151 gentium
3081 4086 3321 4141 adversus
3351 4092 3475 4159 ira»

1881 4175 1998 4219 tres.
2025 4167 2195 4223 Simul
2222 4181 2352 4238 ergo
2393 4168 2555 4224 etiam
2581 4179 2769 4237 gentes
2796 4173 3127 4240 excitarunt,
3159 4177 3313 4246 quasi
3345 4194 3453 4235 non

1880 4258 2011 4313 satis
2044 4268 2227 4315 essent
2272 4260 2393 4332 ipsi.
2428 4261 2537 4317 Cur
2584 4263 2741 4333 igitur
2788 4265 2984 4323 istbinc
3026 4282 3133 4325 non
3170 4271 3468 4330 exierunt?

1880 4352 2012 4419 Quia
2036 4368 2140 4407 non
2170 4354 2529 4423 pellebantur,
2558 4356 2653 4412 sed
2678 4364 2884 4413 tantum
2917 4358 3384 4432 impugnabantur.
3407 4368 3462 4422 5.

1881 4444 2053 4499 Multo
2071 4446 2224 4516 igitur
2255 4456 2480 4515 tempore
2506 4447 2753 4521 demorati
2778 4461 2895 4506 sunt
2930 4493 2945 4519 ,
2974 4454 3283 4523 ﬁducialiter
3301 4476 3465 4530 agen—

1880 4546 1953 4589 tes
1985 4538 2038 4590 in
2079 4536 2299 4591 Domino
2323 4579 2338 4604 ,
2382 4539 2720 4594 testimonium
2757 4542 3045 4611 perbibente
3090 4548 3239 4601 verba
3283 4551 3467 4620 gratia

1878 4628 2039 4697 ipsius
2070 4669 2085 4693 ,
2125 4629 2278 4683 dante
2303 4630 2450 4701 signa
2473 4642 2520 4685 et
2549 4634 2781 4705 prodigia
2817 4636 2930 4703 ﬁeri
2950 4654 3041 4705 per
3067 4655 3247 4694 manus
3266 4659 3461 4699 eorum.

1880 4719 1991 4774 lloc
2013 4719 2257 4775 ﬁduciam
2278 4721 2509 4776 addebat
2532 4739 2549 4788 ;
2573 4724 2679 4776 imo
2700 4723 2951 4780 ﬁduciam
2978 4727 3210 4784 addebat
3225 4732 3463 4799 ipsorum

1879 4809 2144 4865 alacritas.
2177 4809 2303 4864 Ideo
2333 4827 2562 4881 namque
2588 4817 2761 4868 rarius
2790 4816 2942 4886 signa
2967 4816 3238 4875 faciebant
3266 4838 3281 4886 ;
3312 4826 3459 4893 quod

1878 4910 2055 4955 autem
2087 4900 2358 4956 auditores
2385 4902 2707 4971 crederent,
2740 4904 2881 4960 inter
2904 4906 3055 4976 signa
3078 4914 3457 4978 repntandum.

1878 4994 2092 5063 Aliquid
2127 4995 2290 5065 igitur
2331 4995 2653 5064 operabatur
2677 4996 2888 5053 dicendi
2920 4999 3162 5056 libertas.
3188 5004 3243 5059 4.
3278 5004 3466 5063 Divisa:

1877 5095 1948 5138 est
1976 5096 2145 5139 autem
2174 5086 2447 5139 multitudo
2486 5086 2704 5141 civitatis
2739 5103 2759 5142 :
2784 5090 2994 5159 quidam
3023 5104 3166 5148 erant
3187 5098 3317 5153 ‘cum
3351 5100 3461 5155 Ju-

1876 5177 1999 5231 dteis
2020 5216 2041 5242 ,
2062 5178 2268 5245 quidam
2296 5194 2410 5230 cum
2433 5178 2695 5247 apostolis.
2726 5179 2846 5236 Non
2872 5197 3061 5253 parum
3092 5186 3239 5243 addit
3262 5189 3330 5246 ad
3359 5206 3463 5247 ac-

1876 5266 2205 5321 cusationem
2250 5266 2392 5337 quod
2423 5268 2751 5326 scindantur.
2787 5272 2899 5330 Hoc
2926 5286 3045 5331 erat
3070 5278 3213 5349 quod
3239 5281 3451 5337 dicebat

1876 5358 2119 5413 Cbrisws
2143 5376 2156 5412 :
2184 5357 2302 5412 Non
2326 5361 2437 5413 veni
2458 5377 2632 5429 pacem
2654 5365 2867 5429 mittere,
2887 5368 2977 5422 sed
2997 5370 3225 5440 gladium
3240 5371 3449 5446 (Matth.

1881 5448 1964 5504 10.
1990 5449 2103 5521 54).
2127 5450 2180 5505 5.
2202 5449 2327 5504 Cum
2347 5460 2514 5505 autem
2545 5455 2713 5524 factus
2734 5468 2861 5511 esset
2882 5460 3099 5527 impetus
3124 5462 3381 5535 gentilium
3404 5469 3450 5509 et

1875 5542 2175 5596 Judteorum
2199 5558 2314 5595 cum
2339 5544 2650 5614 principibus
2688 5548 2793 5602 suis
2822 5590 2837 5614 ,
2871 5561 2925 5603 ut
2949 5554 3261 5608 contumeliis
3284 5548 3459 5614 alii“-

1878 5645 1988 5693 rent
2011 5645 2056 5689 et
2086 5635 2371 5706 lapidarcnt
2390 5651 2491 5703 eos,
2516 5634 2569 5693 6.
2594 5636 2934 5709 [nte/ligentes
2954 5646 3285 5715 confugerunt
3300 5633 3457 5685 (κιών
