4036 6212
412 240 515 291 gos

410 354 594 407 vitatas
606 367 721 423 quin
731 350 1079 405 circumerant
1091 350 1367 421 Lycaonia:
1377 348 1610 420 Lgstram
1632 360 1679 403 et
1701 346 1895 402 Derben
1920 390 1936 409 ,
1953 360 2000 403 et

413 443 697 496 uniuersam
738 446 789 495 in
832 443 1046 513 circuitu
1081 442 1335 511 regionem
1368 482 1383 507 ,
1412 450 1461 494 et
1497 441 1565 493 ibi
1605 440 2002 510 euangelizante:

411 545 575 590 erant.

480 629 535 683 2.
572 627 805 681 Rursum
844 626 993 697 quasi
1033 626 1155 680 data
1212 640 1375 694 opera
1411 624 1701 680 extendere
1750 623 1995 677 volentes

413 718 847 789 praedicationem
874 760 889 783 ,
924 729 1202 789 postquam
1231 726 1575 787 augmentum
1605 716 1809 785 accepit
1834 758 1849 781 ,
1900 716 2000 769 ite-

412 830 527 868 rum
553 813 673 866 illus
698 812 914 882 pellunt.
950 812 1081 866 Vide
1105 812 1301 881 ubique
1330 809 1775 880 persequutiones
1804 824 1996 878 magna

408 906 620 977 operari
666 908 801 961 bona
829 948 842 966 .
878 916 931 960 et
983 914 1367 975 persequentes
1418 904 1558 957 vinci
1591 945 1603 967 ,
1641 902 1823 971 pulsos
1865 918 1993 955 vero

406 997 716 1066 splendidos
744 997 901 1051 efﬁci.
934 996 1063 1049 Nam
1102 1005 1158 1049 ut
1182 996 1326 1049 venit
1358 997 1603 1065 Lystram
1625 1034 1639 1057 ,
1680 994 1995 1046 miraculum

410 1105 656 1160 magnum
696 1088 957 1157 patravit,
998 1096 1179 1140 erecto
1212 1086 1402 1140 claudo
1432 1127 1446 1150 ,
1497 1095 1552 1139 et
1594 1100 1785 1154 magna
1818 1100 1992 1138 voce:

408 1181 680 1251 quomodo
708 1192 907 1247 autem,
938 1180 1081 1233 audi.
1114 1178 1181 1233 Et
1210 1180 1414 1251 quidam
1439 1180 1513 1232 uir
1536 1178 1734 1248 Lystris
1762 1178 1997 1243 infirmus

408 1274 616 1342 pedibus
636 1274 856 1337 sedebat,
883 1273 1093 1327 claudus
1119 1289 1181 1326 ea:
1206 1284 1346 1326 utero
1375 1272 1550 1325 matris
1577 1287 1702 1335 suat,
1733 1259 1825 1341 qui
1847 1287 1997 1322 num-

407 1382 555 1433 quam
580 1365 944 1419 ambulaverat.
975 1365 1024 1419 8.
1070 1364 1169 1418 Hic
1193 1366 1384 1417 audivit
1416 1364 1639 1417 Paulum
1685 1364 1988 1432 loquentem.

410 1458 507 1522 Qui
537 1457 750 1510 intuitus
775 1472 909 1522 eum,
937 1465 984 1510 et
1012 1456 1182 1510 bidens
1205 1457 1321 1525 quia
1350 1455 1499 1522 ﬁdem
1527 1456 1728 1508 haberet
1752 1464 1805 1506 ut
1825 1454 1995 1508 salvus

407 1550 580 1615 ﬁeret,
627 1549 682 1604 9.
715 1549 844 1603 dixit
889 1565 1075 1619 magna
1122 1564 1282 1601 voce:
1314 1548 1481 1619 Surge
1524 1564 1676 1616 super
1701 1547 1851 1617 pedes
1882 1556 1994 1599 tuos

408 1652 586 1696 rectus.
630 1642 696 1697 Et
736 1642 949 1696 exsilivit
974 1685 987 1703 ,
1020 1652 1065 1695 et
1108 1642 1416 1696 ambulabat.
1447 1640 1554 1696 Cur
1595 1657 1783 1711 magna
1817 1641 1994 1694 voce?

409 1737 470 1793 Ut
504 1737 673 1790 turbae
704 1736 1007 1790 crederent.
1056 1735 1191 1790 Vide
1234 1744 1412 1789 autem
1440 1752 1455 1789 :
1487 1735 1772 1805 diligenter
1815 1746 1992 1791 atten-

405 1829 562 1881 debat
591 1827 749 1880 dictis
777 1826 921 1880 Pauli
954 1842 968 1890 ;
1008 1827 1107 1880 hoc
1131 1827 1272 1879 enim
1301 1826 1399 1879 sibi
1434 1826 1548 1879 vult
1583 1825 1732 1890 illud,
1765 1826 1988 1879 Audiuit.

408 1920 591 1974 ‘t’iden’
637 1920 1068 1989 phiIOSOpbiam?
1114 1919 1253 1973 Nihil
1295 1936 1358 1973 ex
1402 1919 1791 1974 claudicatione
1832 1920 1992 1974 ltesus

407 2013 459 2066 in
481 2010 732 2065 audiendi
754 2011 951 2065 studio.
974 2010 1074 2075 Qui
1096 2010 1306 2064 intuitus
1327 2027 1457 2075 eum,
1487 2011 1658 2064 videns
1682 2010 1817 2080 quod
1839 2010 1992 2077 ﬁdem

403 2102 605 2156 haberet
631 2113 685 2156 ut
707 2104 874 2156 salvus
900 2103 1060 2171 ﬁeret.
1085 2100 1201 2155 Jam
1230 2101 1656 2171 praeelectionem
1685 2104 1734 2155 iu
1767 2101 1992 2156 familia-

409 2195 617 2248 ritatem
650 2203 1011 2263 assumpserat
1038 2211 1051 2245 :
1086 2193 1185 2247 etsi
1210 2193 1259 2245 in
1284 2191 1402 2246 aliis
1428 2193 1749 2246 contrarium
1795 2192 1988 2247 factum

402 2287 492 2341 sit.
520 2284 654 2342 Cum
689 2286 830 2341 enim
874 2284 1022 2355 prius
1061 2299 1284 2353 corpora
1330 2293 1685 2349 curaverant,
1716 2294 1841 2339 tunc
1877 2284 1992 2337 ani-

406 2394 518 2432 mas
541 2378 801 2433 curabant
825 2394 839 2431 :
868 2378 954 2431 hic
982 2392 1110 2432 vero
1140 2392 1243 2431 non
1272 2377 1350 2431 sic
1373 2385 1588 2431 curatus
1621 2386 1722 2431 est.
1770 2375 1991 2431 Videtur

407 2471 536 2524 mihi
565 2470 760 2524 Paulus
787 2468 852 2521 ad
881 2469 1112 2521 animam
1142 2469 1463 2537 respexisse.
1498 2467 1562 2520 Et
1593 2468 1807 2522 exsiliuit
1839 2510 1855 2535 ,
1904 2470 1987 2522 in-

403 2566 548 2636 quit,
581 2573 630 2617 et
669 2562 980 2616 ambulabat.
1027 2561 1282 2616 Perfecta:
1329 2562 1574 2615 sanitatis
1622 2562 1830 2630 signum
1874 2573 1989 2615 erat

401 2658 543 2727 quod
574 2655 887 2711 ambularet.
920 2654 1008 2709 10.
1041 2653 1225 2708 Turbae
1255 2663 1423 2707 autem
1453 2670 1566 2707 cum
1593 2654 1827 2708 vidissent
1852 2655 1987 2724 quod

404 2753 591 2819 fecerat
622 2745 823 2799 Paulus
843 2786 859 2810 ,
893 2746 1179 2799 levaverunt
1202 2760 1373 2798 vocem
1401 2761 1565 2810 suam,
1597 2744 1880 2815 Lycaonice
1909 2746 1989 2799 di-

400 2850 563 2894 centes
585 2854 603 2891 :
630 2837 717 2891 Dii
763 2838 951 2890 similes
991 2838 1115 2908 facti
1160 2836 1445 2891 hominibus
1469 2878 1483 2897 ,
1516 2838 1877 2892 descenderunt
1921 2838 1989 2891 ad

403 2949 512 2985 nos.
546 2932 633 2985 11.
676 2929 740 2982 Et
765 2929 1007 2982 vocabant
1046 2926 1337 2981 Barnabam
1362 2927 1574 2990 Jovem,
1607 2927 1831 2982 Paulum
1871 2946 1987 2983 vero

404 3024 712 3078 Mercurium
739 3037 759 3076 :
782 3022 1020 3092 quoniam
1044 3023 1154 3092 ipse
1178 3032 1284 3074 erat
1311 3021 1417 3074 dux
1437 3021 1589 3074 verbi.
1622 3020 1709 3076 12.
1734 3022 1987 3076 Sacerdos

401 3132 595 3185 quoque
618 3114 781 3179 Jovis,
811 3113 897 3177 qui
923 3123 1028 3167 erat
1055 3122 1170 3165 ante
1196 3113 1447 3164 civitatem
1486 3112 1710 3176 illorum,
1743 3122 1915 3166 tauros
1941 3124 1987 3166 et

402 3226 612 3264 coronas
638 3220 753 3262 ante
786 3209 977 3280 januas
1019 3206 1237 3274 aﬂ'erens
1260 3247 1275 3271 ,
1307 3222 1421 3259 cum
1453 3208 1655 3275 populis
1687 3208 1878 3261 volebat
1905 3226 1989 3261 sa-

405 3303 667 3371 criﬁcare.
714 3300 819 3354 Sed
869 3298 971 3352 hoc
1021 3297 1254 3352 nondum
1303 3308 1418 3352 erat
1464 3299 1847 3353 manifestum:
1892 3316 1985 3354 sua

403 3397 545 3450 enim
576 3407 705 3446 voce
730 3391 1084 3459 loquebantur
1109 3390 1388 3444 dicentes:
1422 3388 1508 3443 Dii
1533 3391 1719 3446 similes
1748 3394 1869 3463 facti
1895 3394 1986 3446 ho-

406 3485 641 3547 minibus,
667 3483 1031 3537 descenderunt
1052 3483 1119 3534 ad
1144 3498 1267 3545 nos;
1295 3481 1416 3536 ideo
1439 3481 1568 3535 nihil
1594 3482 1696 3537 illis
1718 3483 1983 3538 dicebant.

404 3578 534 3631 Cum
560 3586 737 3629 autem
764 3589 993 3628 coronas
1016 3573 1292 3636 viderunt,
1327 3582 1452 3627 tunc
1482 3575 1681 3644 egressi
1712 3576 1987 3630 sciderunt

406 3669 719 3723 vestimenta
749 3681 865 3720 sua.
896 3668 983 3721 15.
1019 3666 1169 3733 Quod
1199 3666 1281 3719 ubi
1320 3667 1589 3720 audierunt
1614 3669 1829 3739 apostoli
1851 3667 1986 3723 Bar-

406 3760 562 3814 nabas
591 3768 638 3813 et
672 3757 894 3824 Paulus,
923 3758 1187 3812 conscissis
1211 3759 1427 3811 vestibus
1453 3758 1578 3825 suis,
1608 3757 1898 3813 easilierunt
1934 3761 1987 3815 in

406 3854 621 3914 turbam,
648 3850 922 3904 clamantes
950 3850 1037 3904 14.
1069 3861 1115 3904 et
1143 3849 1363 3903 dicentes
1386 3865 1407 3904 :
1442 3848 1571 3916 Viri,
1600 3851 1723 3921 quid
1745 3852 1840 3905 hoc
1855 3853 1985 3925 faci-

407 3944 583 3997 tis?et
630 3960 721 3995 nos
748 3942 979 3995 similiter
1006 3951 1061 3993 ut
1100 3957 1186 3994 vos
1225 3941 1485 4010 passibiles
1528 3959 1701 3996 sumus
1740 3944 1984 3998 homines.

410 4037 538 4092 Vide
567 4037 685 4091 illos
711 4037 909 4106 ubique
934 4050 963 4089 a
990 4035 1175 4106 gloriae
1197 4036 1374 4089 studio
1397 4037 1624 4091 mundos
1652 4055 1666 4091 :
1692 4054 1795 4092 non
1828 4039 1987 4093 modo

406 4146 509 4183 nun
554 4129 961 4190 desiderantes.
1011 4127 1106 4183 sed
1148 4128 1379 4181 oblatam
1426 4128 1757 4197 depellentes
1787 4149 1800 4184 :
1834 4140 1889 4183 ut
1934 4141 1989 4184 et

406 4224 595 4276 Petrus
637 4222 885 4275 dicebat:
914 4220 1050 4286 Quid
1094 4235 1185 4271 nos
1232 4219 1539 4283 intuemini,
1584 4222 1730 4288 quasi
1779 4224 1987 4291 pr0pria

406 4317 584 4367 uirtute
602 4313 677 4366 uel
703 4313 884 4381 pietate
905 4312 1171 4379 fecerimus
1192 4311 1323 4362 hunc
1340 4311 1598 4364 ambulare
1615 4311 1750 4382 (Act.
1774 4314 1829 4367 '5.
1855 4314 1941 4384 12)
1963 4317 1985 4368 ?

409 4409 470 4461 lli
507 4420 720 4475 quoque
764 4404 994 4472 idipsum
1024 4402 1227 4455 dicunt.
1252 4402 1449 4471 .Iosepli
1477 4404 1638 4457 etiam
1668 4405 1879 4460 dicebat
1918 4408 1986 4463 de

406 4497 630 4553 somniis
658 4513 670 4548 :
706 4494 891 4548 Nonne
924 4511 959 4548 a
994 4494 1103 4547 Deo
1129 4495 1471 4565 ntauifestatio
1508 4512 1681 4550 eorum
1710 4496 1859 4569 (Gen.
1893 4500 1981 4554 40.

406 4590 505 4661 8)?
530 4600 583 4644 et
609 4587 830 4659 perinde
861 4586 1043 4640 Daniel
1071 4604 1084 4640 :
1122 4584 1186 4637 Et
1215 4585 1339 4638 mihi
1369 4587 1543 4640 nonin
1567 4590 1813 4656 sapientia
1835 4632 1848 4651 ,
1874 4608 1987 4656 qua:

404 4686 457 4737 in
504 4699 583 4737 me
609 4692 710 4747 est,
739 4678 1011 4734 revelatum
1037 4689 1109 4733 est
1137 4678 1299 4745 (Dan.
1330 4679 1385 4732 2.
1419 4680 1528 4750 50).
1567 4681 1632 4734 Et
1663 4682 1855 4737 Paulus
1886 4685 1985 4739 hoc

406 4777 600 4847 ubique
628 4775 795 4838 dicit,
844 4784 901 4828 ut
939 4779 1039 4828 hoc
1078 4774 1195 4826 loco
1228 4791 1241 4827 :
1277 4771 1344 4825 Et
1383 4774 1453 4826 ad
1480 4778 1591 4827 hwc
1618 4777 1729 4844 quis
1753 4778 1930 4847 suﬁicit
1959 4778 1985 4832 .’

403 4880 457 4923 ct
484 4884 692 4922 rursum
723 4884 736 4921 :
768 4865 887 4920 Non
913 4865 1045 4935 quod
1072 4865 1368 4935 sufﬁcientes
1408 4866 1565 4919 simus
1605 4884 1637 4920 a
1675 4870 1815 4922 nobis
1859 4870 1984 4938 ipsis

403 4963 642 5029 cogitare,
675 4958 820 5029 quasi
852 4974 914 5012 ex
939 4958 1082 5011 nobis
1104 4972 1123 5021 ;
1151 4957 1239 5010 sed
1264 4957 1558 5027 sufﬁcientia
1584 4970 1762 5013 nostra
1788 4978 1851 5014 ea:
1874 4960 1982 5015 Deo

402 5065 469 5103 est
504 5052 582 5120 (Ξ.
611 5051 731 5106 Cor.
758 5052 813 5104 εὶ.
847 5054 934 5106 16.
964 5062 1009 5103 et
1035 5051 1091 5105 5.
1122 5051 1199 5119 5).
1230 5050 1335 5103 Sed
1361 5051 1633 5120 superiora
1657 5064 1978 5121 repetamus.

401 5143 515 5197 Non
544 5149 660 5198 sine
682 5161 841 5199 causa
867 5145 1036 5199 turba:
1066 5144 1196 5212 ipsis
1219 5144 1490 5197 hauserunt
1514 5160 1529 5209 ;
1559 5146 1650 5197 sed
1674 5147 1981 5214 quomodo?

406 5237 681 5306 llogabant
709 5278 724 5300 ,
758 5247 815 5289 ut
865 5237 994 5306 ipsis
1040 5236 1228 5291 eadem
1272 5238 1465 5291 iterum
1514 5238 1895 5305 loquerentur,
1928 5252 1981 5294 et

400 5330 651 5399 operibus
676 5328 911 5383 studium
938 5328 1303 5383 declarabant.
1337 5328 1468 5383 Vide
1492 5329 1684 5400 ubique
1711 5341 1974 5400 rogantes,

402 5438 499 5478 nec
529 5422 840 5492 simpliciter
864 5422 1183 5491 recipientes
1203 5464 1218 5486 ,
1250 5423 1334 5476 vel
1358 5423 1655 5477 adulantes.
1686 5423 1808 5477 Ideo
1837 5424 1982 5477 dice-

402 5518 490 5570 bat
512 5534 527 5570 :
559 5515 657 5583 Qui
677 5514 1014 5584 colloquentes
1034 5530 1149 5566 cum
1174 5514 1265 5579 eis,
1292 5514 1660 5582 persuadebant
1689 5515 1759 5568 eis
1780 5532 1978 5583 perma-

400 5627 515 5663 nere
545 5610 599 5663 in
646 5607 811 5678 gratia
850 5604 968 5660 Dei.
1011 5606 1118 5660 Cur
1146 5622 1250 5659 non
1298 5617 1453 5659 antea
1499 5606 1979 5661 contradicebant?

399 5704 526 5769 Quia
571 5703 781 5758 interim
823 5701 1116 5756 mouitores
1156 5699 1526 5770 quiescebant.
1561 5700 1751 5755 Viden‘
1780 5701 1976 5772 ubique

1153 240 1206 293 S.
1253 236 1525 294 JOANNIS
1564 234 2034 294 CHRYSOSTOMI
2076 233 2390 289 ARCIIIEP.
2432 234 2961 293 CONSTANTINOP.

3591 246 3692 302 ’ἐξῆ

2110 345 2228 400 illos
2252 361 2317 399 ex
2347 345 2593 414 passione
2621 350 2827 402 moveri
2855 351 2878 402 ἱ)
2906 350 3015 405 Nec.
3044 351 3203 406 modo
3230 355 3691 422 contradicebant,

2108 435 2203 490 sed
2250 438 2410 490 etiam
2457 437 2900 507 blaSphemabaut
2944 460 2958 496 :
3003 444 3202 497 iustitia
3242 446 3386 500 enim
3436 464 3700 518 nusquam

2104 528 2327 597 gradum
2359 530 2521 585 sistit.
2568 532 2671 587 Sed
2700 532 2823 587 vide
2858 535 3069 590 dicendi
3116 536 3413 593 libertatein
3444 559 3456 592 :
3506 540 3653 595 Vobis
3676 587 3696 610 ,

2106 621 2311 690 inquit,
2343 623 2602 691 oportebat
2629 626 2845 693 primunt
2886 626 3022 694 loqui
3049 628 3249 682 verbum
3274 646 3292 694 ;
3319 633 3437 701 quia
3466 648 3581 687 vero
3603 651 3689 688 re-

2108 712 2296 779 pellitis
2322 713 2474 769 illud.
2508 714 2647 769 Nihil
2674 719 3061 772 contumeliose
3090 720 3309 774 dictum.
3338 722 3489 787 Quod
3529 725 3685 780 etiam

2106 805 2155 858 in
2189 806 2461 875 prophetis
2494 808 2647 861 [iebat
2680 828 2694 863 :
2728 808 2810 862 Ne
2852 811 3164 879 loquamini,
3216 814 3422 883 inquit,
3471 816 3687 887 loquela.

2107 897 2239 963 Quia
2265 916 2380 952 vero
2408 899 2664 969 repulistis
2694 902 2844 967 illud,
2879 904 3067 971 inquit,
3100 922 3205 959 non
3235 922 3331 960 nos
3366 926 3380 962 :
3411 926 3516 962 non
3544 912 3688 965 enim

2104 992 2155 1043 in
2203 1007 2300 1045 nos
2348 994 2667 1047 contumelia
2709 1006 2883 1049 vestra
2914 1000 3159 1053 vertitur.
3203 999 3279 1054 Ne
3306 1004 3426 1070 quis
3453 1004 3593 1057 enim
3623 1023 3690 1059 ex

2102 1085 2297 1153 pietate
2330 1096 2476 1152 putet
2515 1087 2637 1140 illud
2669 1103 2817 1151 esse,
2854 1088 3102 1161 Indignas
3130 1108 3215 1145 uos
3239 1094 3523 1162 iudicatis;
3567 1096 3689 1151 ideo

2104 1177 2251 1247 prius
2280 1178 2409 1231 dixit
2437 1220 2451 1242 ,
2482 1177 2746 1249 Repellitis
2773 1182 2943 1245 illud;
2973 1193 3027 1237 et
3056 1193 3181 1237 tunc
3207 1185 3353 1239 addit
3378 1228 3392 1251 ,
3427 1186 3689 1243 Converti—

2100 1285 2213 1320 mur
2241 1269 2309 1319 ad
2333 1281 2519 1339 gentes.
2570 1272 2727 1325 Multa
2766 1273 2979 1340 plenum
3019 1277 3427 1331 mansuetudine
3452 1279 3685 1335 dictum.

2100 1359 2213 1414 Non
2236 1360 2389 1423 dixit,
2428 1362 2854 1433 Derelinquimus
2882 1380 2975 1418 vos
2996 1409 3010 1430 ,
3052 1368 3344 1422 ostendens
3364 1411 3378 1435 ,
3410 1386 3569 1439 posse
3595 1374 3695 1427 ad-

2100 1449 2203 1505 huc
2229 1452 2348 1505 illos
2377 1454 2613 1507 converti
2645 1471 2659 1519 ;
2690 1464 2743 1508 et
2771 1455 2870 1510 hoc
2902 1472 3005 1509 non
3036 1466 3254 1525 pr0pter
3289 1472 3524 1514 vestram
3556 1478 3690 1518 eon-

2101 1544 2368 1597 tmneliam
2398 1545 2588 1599 factum
2627 1554 2746 1600 est:
2778 1547 2848 1600 ita
2877 1552 3017 1601 enim
3045 1559 3367 1617 prmceptum
3396 1561 3479 1605 est
3507 1554 3683 1607 nobis.

2097 1633 2383 1705 Oportebat
2432 1637 2646 1702 quidem
2689 1648 2878 1708 gentes
2902 1639 3126 1701 audire;
3161 1656 3349 1695 verum
3381 1641 3480 1696 hoc
3522 1660 3625 1697 non
3653 1661 3688 1699 ει

2099 1730 2248 1783 nobis
2275 1772 2289 1792 ,
2338 1730 2429 1783 sed
2460 1747 2488 1783 a
2530 1732 2680 1785 vobis
2727 1734 2921 1785 factum
2950 1743 3071 1798 est,
3103 1735 3242 1803 quod
3290 1752 3317 1787 a
3366 1736 3520 1789 nobis
3569 1737 3685 1792 ﬁeri

2096 1823 2393 1890 oportebat.
2424 1823 2512 1877 Sic
2535 1824 2691 1889 enim,
2719 1824 2921 1893 inquit,
2951 1826 3188 1893 pracepit
3216 1828 3357 1879 nobis
3389 1827 3636 1882 Dominus
3665 1846 3691 1884 :

2096 1911 2257 1966 Posui
2284 1924 2330 1965 te
2358 1914 2407 1965 in
2436 1913 2598 1967 lucem
2625 1915 2845 1984 gentium
2870 1956 2884 1977 ,
2915 1926 2969 1967 ut
3000 1917 3069 1968 sis
3097 1918 3148 1969 in
3178 1918 3390 1969 salutem
3418 1936 3435 1981 ;
3467 1919 3515 1971 id
3556 1930 3645 1975 est
3666 1961 3686 1985 ,

2096 2007 2149 2060 in
2176 2007 2535 2076 cognitionem
2568 2024 2685 2077 qtt;e
2715 2008 2786 2061 sit
2825 2008 2888 2060 ad
2922 2010 3145 2062 salutem
3172 2050 3185 2071 ,
3231 2026 3336 2063 non
3364 2012 3685 2079 simpliciter

2095 2099 2352 2168 gentium,
2386 2098 2481 2152 sed
2506 2100 2742 2153 omnium
2774 2100 3031 2168 gentium.
3065 2100 3175 2153 Hoc
3202 2101 3343 2154 enim
3374 2103 3642 2171 signiﬁcat
3666 2146 3685 2167 ,

2094 2206 2214 2245 cum
2243 2191 2375 2245 dixit
2400 2208 2413 2243 :
2447 2192 2698 2261 Quotquot
2729 2202 2871 2244 erant
2908 2193 3237 2261 praeordinati
3267 2194 3319 2247 in
3349 2196 3503 2248 vitam
3530 2206 3687 2250 cter-

2095 2301 2231 2336 nam.
2283 2284 2350 2338 Et
2397 2285 2499 2339 hoc
2545 2285 2794 2338 iudicium
2827 2296 2909 2338 est
2940 2285 3060 2339 illos
3092 2286 3387 2340 secundum
3435 2288 3689 2341 volunta-

2095 2384 2199 2430 tem
2232 2376 2322 2430 Dei
2351 2377 2571 2429 assnmi.
2596 2375 2943 2429 Prazordinati
2965 2377 3111 2435 dicit.
3143 2389 3197 2429 ut
3223 2377 3473 2432 ostendat
3500 2379 3547 2430 id
3573 2396 3683 2434 non

2096 2484 2187 2537 per
2218 2469 2586 2522 necessitatem
2619 2467 2755 2521 ﬁeri.
2789 2467 2927 2533 Quos
2972 2470 3104 2521 enim
3135 2469 3382 2535 prwscivit
3403 2510 3417 2532 ,
3468 2469 3638 2539 inquit
3662 2511 3681 2531 .

2092 2570 2137 2614 et
2170 2559 2536 2628 pra'destinauit
2580 2559 2757 2629 (Rom.
2803 2558 2857 2613 8.
2887 2558 3005 2627 29).
3050 2558 3166 2612 Non
3209 2559 3319 2628 jam
3370 2561 3419 2613 in
3463 2560 3681 2617 civitate

2092 2652 2316 2721 dispersi
2346 2660 2515 2716 erant,
2546 2650 2637 2705 sed
2666 2651 2829 2705 etiam
2859 2652 2908 2703 in
2936 2651 3176 2720 regione.
3209 2652 3501 2706 Audientes
3527 2654 3675 2707 enim

2091 2745 2317 2815 gentiles
2343 2787 2355 2805 ,
2386 2753 2441 2797 et
2475 2744 2573 2813 ipsi
2618 2743 2772 2812 paulo
2804 2752 2923 2811 post
2958 2754 3322 2799 accesserunt.
3352 2745 3518 2799 Iudici
3552 2763 3671 2801 vero

2091 2841 2405 2891 concitarunt
2436 2836 2667 2891 mulieres
2704 2838 2988 2907 religiosas,
3022 2848 3068 2890 et
3090 2839 3514 2909 persequutionem
3535 2839 3675 2891 exci-

2091 2941 2273 2986 tavere.
2317 2931 2596 3001 Perpende
2639 2946 2733 2985 eos
2777 2946 2954 2984 rerum
2997 2946 3027 2985 a
3058 2931 3376 2985 mulieribus
3405 2942 3674 3002 gestarum

2091 3032 2338 3076 auctores
2368 3038 2505 3076 esse.
2543 3020 2605 3073 Et
2631 3022 2881 3091 ejecerunt
2911 3038 2994 3075 eos
3023 3038 3053 3073 a
3080 3021 3264 3091 ﬁnibus
3293 3024 3398 3076 suis
3422 3038 3443 3087 ,'
3472 3038 3577 3077 non
3607 3025 3681 3077 ab

2090 3116 2219 3169 urbe
2252 3124 2454 3169 tantum
2481 3155 2496 3179 ,
2525 3114 2618 3169 sed
2650 3125 2702 3169 et
2728 3131 2755 3166 a
2787 3115 3002 3183 regione
3034 3123 3163 3168 tota.
3204 3115 3401 3169 Deinde
3431 3114 3533 3170 hoc
3563 3126 3680 3171 ter-

2092 3206 2296 3260 ribilius
2322 3216 2404 3260 est
2429 3223 2441 3259 :
2475 3205 2723 3275 Discipuli
2753 3216 2918 3258 autem
2944 3247 2957 3265 ,
2990 3206 3180 3275 inquit,
3206 3208 3384 3275 repleti
3407 3218 3525 3261 sunt
3551 3225 3681 3278 gau-

2090 3298 2174 3350 dio
2218 3307 2264 3350 et
2300 3296 2500 3365 Spiritu
2550 3306 2743 3350 sancto.
2789 3296 3133 3350 Pcllebantur
3177 3296 3424 3352 doctores
3452 3340 3467 3361 ,
3511 3308 3567 3353 et
3600 3299 3673 3353 iiii

2090 3389 2411 3459 gattdebant.
2451 3389 2695 3442 Vidistin'
2724 3399 2964 3442 naturam
2992 3388 3255 3457 Evangelii
3294 3389 3546 3444 virtutem
3580 3391 3675 3444 ha-

2089 3484 2303 3539 bentem
2330 3483 2548 3536 multam
2571 3481 2595 3534 ?
2618 3482 2697 3535 Ad
2720 3483 3039 3535 iracundiam
3058 3492 3452 3547 concitaverunt,
3483 3484 3675 3552 inquit,

2091 3580 2285 3631 animas
2325 3576 2548 3646 gentium
2592 3575 2832 3628 adversus
2872 3577 3103 3647 fratres;
3135 3575 3186 3628 id
3230 3585 3335 3640 est,
3364 3576 3677 3630 calumniati

2090 3678 2215 3722 sunt
2259 3669 2553 3737 apostolos,
2583 3666 2649 3721 de
2695 3667 2928 3721 millibus
2957 3680 3052 3720 eos
3078 3675 3399 3720 accusarunt
3424 3708 3439 3731 ,
3469 3677 3525 3721 et
3555 3668 3681 3723 illos

2090 3761 2361 3831 simplices
2388 3761 2617 3830 maligne
2645 3760 2961 3813 affecerunt.

2162 3854 2215 3908 5.
2258 3846 2505 3915 Etvide,
2534 3851 2808 3923 quomodo
2839 3852 3035 3920 ubique
3080 3860 3246 3904 totum
3296 3851 3407 3906 Deo
3453 3850 3680 3906 referat.

2092 3942 2258 3997 Multo
2306 3954 2563 4013 tempore,
2610 3943 2823 4012 inquit,
2869 3942 3114 3995 demorati
3159 3952 3312 4005 sunt,
3370 3942 3683 4012 [iducialiter

2090 4046 2292 4108 agentes
2317 4038 2368 4089 in
2396 4035 2634 4100 Domino,
2663 4036 3001 4088 testimonium
3025 4034 3313 4103 perhibente
3332 4034 3475 4087 verba
3495 4037 3685 4105 gratiis

2089 4130 2287 4201 ipsius.
2336 4128 2413 4183 Ne
2453 4129 2578 4197 quid
2629 4128 2716 4181 hic
2763 4127 3102 4181 imminutum
3154 4139 3329 4195 putes.
3360 4126 3494 4182 Cum
3525 4129 3678 4183 enim

2090 4223 2349 4287 dicerent,
2378 4221 2475 4287 Qui
2506 4221 2843 4274 testimonium
2868 4220 3004 4273 dedit
3035 4220 3125 4274 sub
3168 4218 3355 4274 Pontio
3392 4220 3562 4274 Pilato
3589 4223 3639 4289 (1
3658 4261 3678 4276 .

2093 4315 2224 4370 Tim.
2252 4316 2304 4370 6.
2334 4316 2444 4384 l5),
2477 4322 2599 4367 tunc
2627 4314 2813 4368 ﬁducia
2841 4314 3257 4377 ostendebatur;
3292 4312 3377 4368 hic
3400 4324 3575 4367 autem
3602 4315 3683 4370 de

2091 4406 2284 4477 populo
2310 4406 2565 4476 loquitur.
2596 4404 2711 4459 Non
2747 4414 3123 4473 exspectaram
3164 4405 3323 4473 igitur
3349 4445 3365 4469 ,
3408 4403 3500 4458 sed
3526 4404 3681 4459 vide-

2090 4508 2215 4553 runt
2246 4499 2522 4566 impetum.
2556 4497 2619 4551 Et
2650 4501 2983 4568 confugerunt
3012 4498 3078 4550 ad
3103 4498 3327 4551 civitates
3354 4495 3629 4568 Lycaoniae
3648 4539 3669 4563 ,

2088 4590 2322 4662 Lgstram
2350 4600 2395 4644 et
2422 4588 2694 4649 Derben,et
2737 4591 3021 4643 universam
3056 4589 3109 4642 in
3139 4590 3355 4643 circuitu
3394 4590 3673 4658 regionem.

2094 4684 2188 4740 Ubi
2212 4683 2430 4738 minime
2460 4683 2695 4737 furorem
2714 4697 2869 4735 suum
2891 4697 3146 4737 exercere
3174 4681 3369 4736 licebat
3398 4681 3498 4736 illis
3527 4700 3540 4736 :
3571 4683 3678 4736 ita-

2087 4793 2192 4848 que
2232 4779 2282 4829 in
2326 4776 2570 4845 regiones
2616 4776 2949 4844 pergebant,
2990 4789 3091 4830 nec
3120 4784 3322 4828 tantum
3364 4776 3415 4828 in
3447 4774 3679 4830 urbibus

2088 4870 2455 4925 versabantur.
2486 4867 2616 4921 Vide
2646 4882 2855 4937 quoque
2874 4869 3112 4936 gentium
3144 4866 3538 4935 simplicitatem
3567 4908 3582 4928 ,
3612 4877 3677 4921 et

2086 4961 2390 5017 Judaaorum
2419 4959 2729 5028 nequitiam.
2770 4959 3033 5027 Operibus
3058 4956 3403 5012 declarabant
3441 4957 3675 5027 gentiles

2086 5070 2145 5109 se
2165 5054 2356 5123 dignos
2396 5068 2517 5107 eSse
2547 5053 2636 5122 qui
2676 5052 2923 5105 audirent
2950 5069 2965 5105 :
2995 5052 3177 5120 sicque
3208 5052 3324 5103 illos
3346 5050 3417 5103 ob
3441 5051 3552 5104 sola
3595 5050 3670 5103 si-

2086 5163 2185 5216 gna
2212 5145 2565 5199 honorabant.
2599 5145 2700 5197 Alii
2734 5154 2790 5197 ut
2828 5143 2955 5197 deos
2982 5143 3252 5207 colebant,
3284 5143 3372 5196 alii
3407 5154 3463 5196 ut
3493 5160 3674 5212 perni-

2083 5242 2259 5293 ciosos
2289 5236 2594 5306 pellebant:
2619 5245 2674 5291 et.
2714 5235 2803 5289 alii
2830 5234 3044 5304 quidem
3075 5250 3181 5289 non
3210 5235 3369 5288 modo
3408 5234 3671 5305 praedica-

2085 5332 2215 5385 tioni
2246 5345 2352 5385 non
2381 5329 2735 5392 obsistebant,
2767 5328 2861 5382 sed
2889 5328 3048 5382 etiam
3070 5327 3319 5382 dicebant
3342 5370 3357 5394 ,
3383 5327 3471 5381 Dii
3497 5328 3667 5381 homi-

2084 5422 2230 5476 nibus
2271 5423 2458 5476 similes
2484 5422 2605 5492 facti
2630 5463 2644 5487 ,
2674 5421 3032 5474 descenderunt
3060 5420 3128 5473 ad
3170 5438 3262 5474 nos
3289 5436 3307 5484 ,'
3334 5420 3503 5475 δηιιωὶ
3533 5436 3667 5475 vero

2083 5512 2598 5566 smndalizabantur.
2656 5509 2725 5564 Et
2773 5511 3015 5565 vocabant
3052 5553 3068 5577 ,
3118 5511 3329 5581 inquit,
3374 5510 3663 5565 Basnubam

2081 5603 2279 5669 Jovem,
2310 5602 2530 5657 Paulum
2550 5619 2664 5657 vero
2688 5602 3016 5657 Mercurium.
3040 5602 3243 5673 Opinor
3263 5604 3423 5658 etiam
3444 5613 3663 5673 aSpccttt

2083 5697 2441 5755 venerabilem
2470 5695 2634 5753 fuisse
2662 5697 2978 5752 Barnabam.
3010 5697 3124 5753 Non
3156 5713 3317 5769 parva
3350 5698 3466 5754 haec
3487 5706 3659 5752 tenta-
