4036 6220
141 299 225 354 3‘23
1159 305 1220 358 IN
1261 304 1438 357 Ai-VITA
1485 300 1999 356 A-POSTOIDHUM
2044 301 2275 356 HOMIL.
2314 302 2480 356 XXX.

148 416 400 483 Λύστραν
461 420 569 470 καὶ
625 418 876 486 Δέρϐην,
927 421 1020 474 καί
1065 417 1177 487 τὴν
1225 420 1578 487 περίχωρον,
1631 417 1804 472 κάκεῖ

152 500 284 572 ἦσαν
313 505 869 574 εὐαγγελιζόμενοι.

209 589 268 658 β’.
290 590 460 642 Πάλιν
496 590 700 663 ὥσπερ
727 593 972 662 ἐπίτηδες
999 593 1232 644 ἐκτεῖναι
1263 591 1569 662 βουλόμενοι
1607 590 1665 643 τὸ
1698 591 1798 660 κή-

162 693 336 746 ρνγμα,
374 679 517 745 μετὰ
569 679 637 732 τὸ
688 680 1010 751 αὐξηθῆναι,
1053 680 1214 734 πάλιν
1246 680 1442 742 αὐτοὺς
1492 678 1795 746 ἐξάγουσιν.

162 766 279 836 Ὅρα
316 766 597 836 πανταχοῦ
652 769 782 831 τοὺς
827 769 1096 838 διωγμοὺς
1135 768 1344 838 μεγάλα
1400 768 1794 838 ἐργαζομένους

163 854 332 920 ἀγαθὰ,
363 855 619 918 καὶτοὺς
673 857 772 925 μὲν
811 855 1102 920 διώκοντας
1155 855 1518 926 ἡττωμένους,
1567 857 1695 917 τοὺς
1741 854 1795 906 δέ

161 942 494 1010 δυωκομένους
537 943 830 1014 λαμπροὺς
866 945 1284 1011 ἀποφαίνοντας.
1334 943 1534 996 Ἐλθὼν
1585 943 1694 1012 γὰρ
1739 944 1796 993 ἐν

163 1029 414 1099 Λύστροις,
449 1033 693 1084 ποιεῖται
719 1031 904 1102 θαῦμα
944 1033 1106 1102 μέγα,
1153 1031 1244 1084 τὸν
1268 1031 1436 1101 χωλὸν
1465 1032 1792 1099 ἀναστήσας,

163 1117 239 1167 καὶ
259 1116 456 1187 μεγάλῃ
480 1119 546 1186 τῇ
582 1121 731 1188 φωνῇ
753 1135 766 1147 ο
800 1120 893 1171 καὶ
923 1118 1059 1180 πῶς,
1103 1118 1286 1172 ἄκουε.
1323 1120 1430 1172 Καί
1460 1136 1571 1184 τις,
1609 1118 1790 1187 φησὶν,

163 1203 293 1270 ἀνὴρ
336 1205 404 1255 ἐν
450 1206 748 1270 Λύστροις
790 1206 1084 1272 ἀδύνατος
1127 1206 1252 1272 τοῖς
1292 1207 1478 1258 ποσὶν
1517 1206 1791 1270 ἐκάθητο,

161 1292 328 1356 llaec
352 1291 416 1343 ἐκ
442 1294 679 1356 κοιλίιῐς
707 1294 930 1360 μητρὸς
969 1294 1155 1347 αὑτοῦ
1189 1293 1495 1361 ὑπάρχων,
1531 1292 1598 1357 ὃς
1625 1291 1794 1345 οὐδέ-

161 1394 282 1428 ποτε
342 1380 824 1444 περιπεπατήκει.
868 1376 1056 1445 Οὗτος
1112 1380 1343 1448 ἤκουσε
1401 1380 1506 1434 τοῦ
1552 1380 1793 1432 Παύλου

160 1462 482 1530 λαλοῦντος.
514 1467 616 1530 ’ος
640 1467 924 1543 ἀτενίσας
947 1466 1126 1532 αὐτῷ,
1153 1467 1251 1520 καὶ
1280 1467 1423 1521 ἰδὼν
1465 1468 1554 1520 ὅτι
1583 1467 1793 1520 πίστιν

160 1550 377 1616 ἔχειτοῦ
399 1550 688 1620 σωθῆναι,
718 1554 845 1606 εἷπε
869 1553 1102 1623 μεγάλῃ
1142 1553 1216 1621 τῇ
1243 1553 1414 1623 φωνῇ
1437 1572 1450 1586 ·
1481 1554 1788 1622 Ἀνάστηθι

156 1637 390 1704 intrata;
426 1639 617 1704 πόδας
667 1657 784 1693 σου
831 1644 1023 1710 ὀρθός.
1077 1642 1185 1695 Kal
1221 1641 1409 1708 ἥλατο
1451 1641 1548 1695 καὶ
1599 1659 1787 1710 περιε·

157 1725 326 1777 πιὶτει.
356 1727 448 1778 Διὰ
475 1728 528 1779 τί
561 1729 776 1801 μεγάλη
805 1732 869 1800 τῇ
903 1734 1089 1800 cgnovi};
1127 1731 1289 1783 Ὥστε
1324 1731 1452 1793 τοὺς
1483 1729 1671 1800 ὄχλους
1702 1749 1790 1783 πι-

156 1813 368 1868 στεῦσαι.
408 1817 548 1887 Ὅρα
587 1817 662 1881 δέ,
701 1821 984 1888 προσεῖχεν
1030 1819 1271 1890 ἀκριϐῶς
1323 1822 1434 1881 τοῖς
1475 1819 1784 1891 λεγομένοις

156 1899 242 1950 ὑπὸ
267 1901 355 1954 τοῦ
391 1903 633 1956 Παύλου·
684 1904 840 1956 τοῦτο
869 1907 976 1975 γάρ
1026 1907 1142 1959 ἐστι
1178 1907 1240 1960 τὸ
1278 1909 1596 1962 ἽΙκουσεν.
1633 1901 1787 1970 Εἶδες

157 1987 476 2056 ’ξελοσοςίαεη
507 1989 677 2043 Οὐδὲν
725 1991 828 2043 ὑπὸ
857 1993 953 2062 τῆς
985 1994 1213 2063 χωλείας
1253 1995 1386 2065 πρὸς
1419 1995 1516 2066 τὴν
1553 1994 1785 2064 σπουδὴν

156 2073 237 2138 τῆς
264 2076 568 2143 ἀρκοάτεως
609 2079 946 2149 παρεϐλάϐη.
991 2083 1096 2147 ’ος
1124 2083 1412 2147 ἀτενίσας
1451 2080 1610 2146 αὐτῷ
1634 2124 1649 2147 ,
1684 2083 1780 2136 καί

156 2160 277 2212 ιη’ὼι·
301 2164 380 2216 δτι
408 2167 619 2217 πίστιν
645 2167 768 2234 ἕχει
797 2166 903 2219 τοῦ
936 2168 1220 2236 σωθῆναι.
1249 2169 1388 2238 Ἤδη
1419 2168 1660 2239 ᾠκείωτο
1686 2169 1782 2240 τὴν

155 2251 446 2318 πωαίρεσιν
473 2269 488 2282 ο
519 2254 697 2307 καίτοι
742 2255 833 2306 ἐπὶ
867 2254 975 2307 τῶν
1017 2254 1191 2308 ἀλλων
1218 2255 1522 2308 τούναντίον
1556 2255 1780 2322 ἐγίνετο.

155 2336 394 2409 Πρότερον
431 2341 540 2412 γὰρ
590 2341 806 2412 ἰώμενοι
842 2357 864 2382 υ
900 2343 969 2396 τὰ
1018 2343 1244 2414 σώματα
1268 2383 1283 2407 ,
1323 2345 1443 2396 τότε
1474 2344 1573 2406 τὰς
1606 2343 1783 2412 ψυχὰς

154 2424 518 2493 ἐθεραπεύοντο
542 2445 556 2457 ’
590 2423 744 2489 οὗτος
786 2430 840 2482 δέ
868 2431 963 2498 ούχ
992 2430 1181 2494 οὕτως.
1227 2432 1379 2502 Ἐμοὶ
1406 2432 1551 2484 δοκεῖ
1577 2431 1654 2494 εἰς
1683 2431 1782 2500 τὴν

151 2513 307 2582 ψυχὴν
333 2516 454 2569 ξδεῑν
483 2519 584 2589 τὴν
609 2517 774 2571 αὑτοῦ
801 2517 891 2570 τὸν
925 2518 1156 2574 Παῦλον.
1190 2521 1296 2572 Kal
1335 2519 1528 2587 ἥλατο
1553 2561 1566 2581 ,
1625 2518 1779 2587 φησὶ.

152 2602 232 2650 καὶ
263 2605 612 2671 περιεπάτει.
662 2606 976 2675 Τεκμήριον
1014 2607 1111 2674 τῆς
1159 2607 1348 2675 ὑγείας
1389 2607 1487 2675 τῆς
1521 2604 1781 2676 ἀκριϐοῦς

151 2688 202 2739 τὸ
233 2689 495 2746 ἅλλεσθαι.
521 2696 588 2746 Ol
611 2693 679 2745 δὲ
708 2694 899 2762 ὄχλοι,
932 2695 1158 2759 ίδόντες
1181 2695 1212 2747 ὃ
1241 2695 1492 2761 ἐποίησε
1519 2693 1777 2758 Παῦλος,

151 2774 354 2842 ἐπῆραν
378 2779 578 2832 αὐτῶν
609 2781 723 2848 τὴν
753 2780 984 2849 φωνὴν,
1005 2783 1358 2834 λυκαονιστί
1391 2780 1691 2849 λέγοντες·
1712 2781 1779 2832 Ol

151 2866 276 2925 θεοί,
296 2867 664 2934 ὁμοιωθέντες
687 2867 1038 2934 ἀνθρώποις,
1060 2869 1401 2935 κατέϐησαν
1421 2871 1570 2935 πρὸς
1599 2866 1775 2936 ἡμᾶς.

158 2947 428 3006 Ἐκάλουν
447 2954 514 3006 δέ
537 2953 646 3007 τὸν
662 2954 778 3022 μέν
806 2954 1118 3026 Βαρνάϐαν
1143 2957 1268 3017 Δία,
1304 2959 1410 3008 τὸν
1428 2955 1497 3008 δὲ
1535 2955 1778 3010 Παῦλον

156 3035 373 3106 Ἐρμῆν,
402 3041 610 3109 ἐπειδὴ
641 3043 822 3106 αὐτὸς
841 3038 919 3112 ἦν
941 3045 973 3096 ὁ
991 3042 1322 3112 ἡγούμενος
1348 3043 1454 3094 τοῦ
1491 3044 1776 3112 λόγου.⁸’0

146 3139 198 3175 τε
214 3127 387 3192 ἱερεὺς
409 3129 517 3183 τοῦ
535 3130 668 3194 Διὸς
687 3170 702 3193 ,
722 3130 828 3183 τοῦ
851 3129 1024 3194 ὄντος
1039 3130 1150 3198 πρὸ
1170 3129 1281 3198 τῆς
1301 3131 1532 3197 πόλεως
1554 3130 1772 3197 αὐτῶν,

144 3214 373 3280 ταύρους
420 3216 518 3268 καὶ
561 3217 866 3286 στέμματα
896 3218 994 3271 ἐπὶ
1037 3217 1178 3283 τοὺς
1200 3216 1484 3283 πυλῶνας
1503 3217 1770 3288 ἐνέγκας,

143 3299 248 3350 σὺν
290 3302 407 3368 τοῖς
463 3303 669 3372 ὄχλοις
713 3303 892 3372 ἤθελε
928 3307 1113 3359 θύειν.
1166 3305 1304 3357 Ἀλλ’
1355 3306 1454 3358 οὐκ
1499 3301 1566 3377 ἦν
1616 3304 1775 3359 τοῦτο

145 3385 329 3439 οὐδέπω
361 3389 516 3460 δῆλον
537 3405 554 3422 ο
590 3393 656 3460 τῇ
687 3392 795 3462 γάρ
820 3393 996 3462 οἰκείᾳ
1043 3395 1192 3463 φωνῇ
1233 3391 1381 3465 [⁵356]
1428 3392 1770 3461 ἐφθέγγοντο,

144 3471 382 3539 λέγοντες,
415 3478 495 3530 δτι
531 3481 595 3531 Ol
626 3479 768 3542 θεοὶ,
796 3481 1174 3549 ὁμοιωθέντες
1206 3480 1558 3548 ἀνθρώποις,
1603 3479 1772 3534 κατέ-

143 3561 311 3623 δησαν
345 3565 494 3631 πρὸς
531 3563 686 3634 ἡμᾶς
729 3585 743 3599 ο
789 3567 876 3622 δια
917 3567 1073 3620 τοῦτο
1121 3568 1272 3620 οὐδὲν
1327 3568 1509 3631 αὐτοῖς
1564 3567 1767 3636 ἔλεγον.

151 3646 340 3723 Ἐπειδὴ
369 3652 423 3704 δὲ
447 3650 585 3705 εἶδον
611 3656 676 3706 τὰ
706 3654 1014 3723 στέμματα,
1045 3655 1164 3708 τότε
1196 3654 1520 3719 ἐξελθόντες,
1549 3655 1770 3727 διέρρη-

141 3731 220 3795 ξαν
251 3738 312 3790 τὰ
358 3741 549 3809 ἱμάτια
587 3742 784 3799 αὐτῶν.
827 3743 1224 3809 Ἀκούσαντες
1259 3743 1324 3796 δὲ
1362 3746 1413 3796 οἱ
1443 3744 1771 3798 ἀπόστολοι

143 3823 418 3893 Βαρνάϐας
443 3828 541 3881 καὶ
577 3829 816 3895 Παῦλος
837 3869 852 3893 ,
879 3829 1309 3898 διαρρήξαντες
1349 3829 1545 3901 ἱμάτια
1574 3831 1770 3885 αὐτῶν

141 3912 524 3983 εἰσεπήδησαν
545 3921 633 3984 είς
658 3917 764 3971 τὸν
784 3918 993 3986 ὄχλον,
1015 3919 1327 3988 κράζοντες
1349 3920 1444 3973 καί
1465 3919 1764 3988 λέγοντες-ο

143 3999 378 4070 Ἄνδρες,
440 4005 497 4058 τί
543 4006 718 4059 τοῦτο
745 4005 1002 4070 ποιεῖτε;
1048 4007 1144 4060 καὶ
1184 4007 1356 4077 ἡμεῖς
1392 4009 1768 4077 ὁμοιοπαθεῖς

139 4083 296 4155 ἐσμεν
329 4092 471 4161 ὑμῖν
499 4093 816 4162 ἄνθρωποι.
856 4096 996 4165 Ὅρα
1037 4095 1236 4158 αὐτοὺς
1283 4095 1557 4166 πανταχοῦ
1610 4095 1767 4166 δόξης

142 4178 400 4246 κιθαροῦς,
431 4181 493 4233 ού
528 4182 689 4250 μόνον
709 4183 807 4234 οὐκ
834 4183 1170 4252 ἐφιεμένους,
1195 4183 1331 4236 ἀλλά
1364 4184 1460 4236 καὶ
1484 4185 1765 4256 διδομένην

138 4261 556 4338 διακῳυομένους
585 4286 598 4298 ·
641 4269 831 4341 ῶσπερ
883 4272 975 4323 καὶ
1029 4270 1234 4342 Πέτρος
1287 4271 1440 4341 ἐλεγέ
1472 4288 1487 4303 ·
1531 4273 1592 4327 Τί
1621 4273 1766 4342 ημῖν

137 4350 411 4417 ἀτενίζετε,
453 4357 536 4422 ὡς
583 4356 702 4423 ἰδίᾳ
738 4356 984 4426 δυνάμει
1021 4357 1059 4424 ἢ
1095 4359 1369 4427 εὐσεϐείᾳ
1405 4361 1764 4427 πεποιηκόσι

136 4436 223 4489 τοῦ
255 4439 596 4506 περιπατεῖν
623 4442 843 4503 αὺτὸν;
880 4443 988 4494 Kal
1023 4434 1170 4495 οῦτοι
1199 4442 1260 4494 τὸ
1293 4443 1428 4495 αὐτό
1460 4460 1616 4512 φασι.
1655 4445 1762 4496 Kal

145 4523 314 4595 Ἰωσὴφ
334 4529 386 4581 δέ
403 4528 589 4596 ἔλεγεν
621 4528 713 4582 ἐπὶ
739 4528 846 4581 τῶν
870 4529 1134 4583 ἐνυπνίων
1157 4547 1172 4560 ’
1200 4531 1343 4598 Οὐχὶ
1365 4531 1462 4585 διὰ
1482 4531 1588 4585 τοῦ
1612 4531 1762 4586 Θεοῦ

135 4611 166 4674 ἡ
187 4611 538 4684 διασάςεησις
555 4613 792 4679 αὺτῶν;
829 4618 924 4669 xal
955 4619 984 4670 ὁ
1005 4618 1200 4688 Δανιὴλ
1228 4619 1424 4689 ὁμοίως
1446 4636 1460 4650 ⁸
1485 4619 1596 4674 Kal
1631 4620 1760 4688 ἐμοὶ

133 4697 187 4749 δὲ
205 4703 304 4756 οὐκ
337 4705 403 4758 ἐν
436 4705 627 4774 σοφίᾳ
653 4702 728 4771 τῇ
757 4706 911 4772 οὔσῃ
938 4705 1006 4758 ἐν
1041 4706 1169 4775 ἐμοὶ
1197 4707 1612 4776 ἀπεκαλύφθη.
1650 4709 1761 4762 Καὶ

139 4785 315 4855 Παῦλος
340 4794 617 4864 πανταχοῦ
649 4793 808 4846 τοῦτό
837 4810 990 4862 φησι,
1021 4793 1096 4857 ὼς
1125 4795 1253 4848 δταν
1277 4794 1412 4866 λέγῃ
1431 4813 1445 4825 ·
1480 4796 1588 4850 Kal
1613 4795 1761 4864 πρὸς

134 4879 288 4932 ταῦτα
310 4883 401 4946 τίς
428 4883 637 4946 ἱκανός
660 4898 679 4942 ;
707 4881 813 4934 Ka‘:
839 4880 998 4934 πάλιν
1018 4923 1031 4944 ,
1072 4885 1193 4951 Οὐχ
1221 4883 1309 4936 ὅτι
1334 4884 1530 4937 ίκανοί
1572 4885 1761 4952 ἐσμεν

132 4963 212 5014 ἀρ’
230 4967 448 5021 ἑαυτῶν
484 4970 871 5037 λογίσασθαι,
901 4969 981 5033 ὡς
1009 4969 1078 5032 ἐξ
1113 4970 1362 5035 ἑαυτῶν,
1394 4971 1533 5024 ἀλλ’
1568 4972 1605 5038 ἡ
1635 4974 1758 5024 ίκα-

135 5054 282 5119 νέτης
316 5055 481 5124 ήμῶν
505 5056 573 5108 ἐκ
603 5055 710 5109 τοῦ
747 5055 917 5110 Θεοῦ.
955 5057 1091 5109 Ἀλλ’
1127 5058 1326 5128 ἴδωμεν
1353 5059 1558 5111 ἀνωθεν
1583 5058 1650 5112 τὰ
1677 5061 1755 5111 εξ·-

136 5144 331 5208 ρημένα.
363 5145 475 5214 Ούχ
501 5144 690 5206 ἀτελῶς
713 5145 894 5208 αὐτοῖς
921 5146 1330 5216 προσετέθησαν
1351 5148 1400 5199 οἱ
1424 5147 1570 5216 ὄχλοι
1591 5163 1602 5175 ·
1621 5148 1758 5200 ἀλλὰ

137 5230 257 5292 πώςε
305 5232 518 5298 Ἦξίουν
556 5232 859 5302 λαληθῆναι
895 5235 1078 5296 αὐτοῖς
1112 5233 1181 5286 τὰ
1237 5233 1377 5286 αὐτά
1426 5234 1586 5288 πάλιν
1610 5276 1624 5295 .
1666 5239 1757 5290 καὶ

134 5313 199 5369 διὰ
224 5319 319 5372 τῶν
341 5323 517 5391 ἔργων
543 5320 888 5384 ἐπεδείξαντο
912 5321 1012 5392 τὴν
1039 5321 1294 5391 σπουδήν.
1321 5321 1461 5392 Ὅρα
1484 5324 1754 5394 πανταχοῦ

138 5407 582 5473 παρακαλοῦντας,
607 5410 707 5462 οὐκ
738 5408 1164 5478 ἀποδεχομένους
1199 5409 1384 5472 ἁπλῶς
1402 5449 1418 5471 ,
1447 5409 1564 5462 οὐδὲ
1597 5411 1755 5464 κολα-

412 5497 512 5550 Ad
553 5495 712 5549 τοῦτο
749 5495 968 5564 ἔλεγεν·
1001 5496 1227 5562 Οἶτινες
1267 5498 1756 5567 προσλαλοῦντες

138 5580 322 5648 αὐτοῖς,
375 5584 619 5638 ἔπειθον
667 5582 1030 5652 προσμένειν
1083 5583 1159 5650 τῇ
1212 5583 1403 5653 χάριτι
1447 5586 1553 5640 τοῦ
1585 5587 1754 5646 Θεοῦ.

141 5667 211 5719 Διά
228 5672 272 5722 τί
301 5674 403 5745 πρὸ
436 5672 627 5726 τούτου
663 5671 738 5741 μὴ
765 5671 1083 5739 ἀντέλεγον;
1118 5671 1237 5724 ’Ότι
1268 5671 1405 5736 τέως
1447 5675 1497 5725 οἱ
1532 5674 1755 5728 ἀναπεί-
1832 5706 1862 5749 ι,

141 5749 282 5821 0mm;
306 5760 598 5831 ἡσύχαζον.
632 5760 797 5829 Ὁρᾷς
827 5761 908 5812 δτι
939 5758 1210 5828 πανταχοῦ
1249 5759 1410 5814 πάθει
1440 5761 1750 5825 ἐκινοῦντο;

144 5841 226 5894 Καὶ
243 5848 330 5899 οὐκ
353 5848 643 5916 ἀντέλεγον
678 5847 854 5917 μόνον,
899 5846 1034 5900 ἀλλὰ
1068 5848 1160 5900 καὶ
1197 5848 1582 5920 ἐϐλασφήμουν
1615 5867 1629 5881 ο
1662 5854 1754 5905 καὶ

176 5942 463 5998 Ἰού-ιαντίον
507 5954 689 6011 γέγονε.
741 5952 975 6012 Πρότερον
1028 5953 1242 6012 ἰώμενος,
1292 5956 1362 6003 sit:
1409 5955 1580 6005 Morel.

3461 309 3568 353 κει

1905 417 2078 487 γὰρὴ
2118 417 2285 470 κακία
2327 415 2565 485 οὐδαμοῦ
2608 417 2840 468 ἵσταται.
2893 414 3030 466 Ἀλ)“
3075 417 3178 485 δρα
3233 417 3569 487 παρρησίαν.

1916 501 2077 570 Ὑμῖν
2094 498 2192 572 ἦν,
2217 503 2400 572 φησὶν,
2441 501 2768 570 ἀναγκαῖον
2802 501 3038 568 πρῶτον
3081 501 3424 569 λαληθῆναι
3464 503 3571 554 τὸν

1908 590 2131 658 λόγον·
2153 589 2279 642 ἐπεὶ
2325 589 2394 641 δὲ
2430 589 2760 642 ἀπωθεῖσθε
2795 591 2996 643 αὐτόν.
3040 590 3204 642 υύδέν
3233 589 3566 659 ὑϐριστικόν.

1914 677 1978 729 Ὀ
2017 678 2079 748 δὴ
2123 679 2217 731 καὶ
2258 678 2350 731 ἐπὶ
2401 677 2507 731 τῶν
2561 676 2854 746 προφητῶν
2899 677 3134 730 ἐποίουν.
3185 677 3280 744 Μὴ
3329 677 3570 731 λαλεῖτε

1907 764 2068 832 ἡμῖν,
2102 765 2256 836 φησὶ,
2285 763 2489 830 λαλιᾷ.
2530 764 2691 817 Ἐπεὶ
2730 763 2797 815 δέ
2835 764 3163 818 ἀπωθεῖσθε
3201 765 3424 829 αὐτὸν,
3462 781 3567 834 φη-

1907 851 2011 913 σὶν,
2045 853 2141 921 οὐχ
2178 853 2323 922 ἡμᾶς
2352 867 2366 880 ·
2401 852 2462 904 ού
2491 851 2600 922 γὰρ
2631 851 2712 914 είς
2736 851 2883 920 ἡμᾶς
2913 853 2946 920 ἡ
2979 850 3134 919 ὕϐρις
3169 853 3202 921 ὴ
3237 854 3366 922 παρ’
3389 851 3562 920 ὑμῶν.

1908 937 2025 989 Ἵνα
2054 939 2162 1005 γὰρ
2197 939 2270 1007 μή
2302 955 2386 994 τις
2415 937 2700 1000 εὐλαϐείας
2728 933 2864 990 εἷναι
2889 938 3084 1010 νομίσῃ
3107 938 3185 997 τὸ,
3215 941 3335 992 Οὐκ
3356 939 3566 1004 ἀξίους

1905 1025 2136 1090 κρίνετε
2168 1024 2440 1090 ἑαυτοὺς,
2471 1024 2558 1078 διά
2587 1024 2742 1076 τοῦτο
2771 1023 2984 1091 πρῶτον
3011 1019 3162 1075 εἶπεν
3184 1039 3196 1051 ’
3221 1024 3564 1079 Ἄπωθεῖσθε

1903 1113 2125 1164 αὐτόν·
2156 1114 2248 1164 καὶ
2274 1113 2416 1177 τότε,
2458 1113 2833 1180 Στρερόμεθα
2886 1114 2972 1175 είς
3021 1112 3092 1162 τὰ
3141 1111 3308 1176 ἔθνη.
3361 1111 3566 1182 Πολλῆς

1903 1198 2206 1261 ἐπιεικείας
2233 1202 2393 1268 γέμει
2423 1200 2484 1252 τὸ
2513 1201 2684 1269 ῥῆμα.
2712 1199 2826 1250 υὺκ
2847 1195 3019 1262 εἶπεν,
3064 1197 3566 1268 Ἐγκαταλιμπάνο·

1906 1302 2006 1355 μεν
2039 1288 2204 1355 ὑμᾶς,
2237 1287 2468 1351 δεικνὺς,
2491 1289 2570 1340 δτι
2590 1285 2812 1338 δυνατὸν
2839 1285 2934 1338 καὶ
2956 1285 3188 1337 ἐνταῦθα
3212 1285 3372 1340 πάλιν
3401 1303 3566 1357 στρα-

1902 1375 2096 1444 φῆναι·
2116 1374 2208 1426 καὶ
2234 1375 2390 1428 τοῦτο
2405 1375 2504 1426 οὐκ
2523 1374 2629 1426 ἀπὸ
2649 1374 2747 1444 τῆς
2769 1373 3038 1444 ὑμετέρας
3071 1373 3279 1443 ὕϐρεως
3305 1374 3529 1442 γέγονεν
3547 1389 3562 1403 ⁶

1900 1461 2043 1514 οὕτω
2073 1461 2180 1531 γὰρ
2213 1462 2520 1515 ἐντέταλται
2563 1463 2712 1531 ἡμῖν.
2753 1461 2902 1513 Ἔδει
2955 1461 3053 1530 μὲν
3096 1457 3190 1513 οὖν
3231 1460 3460 1514 ἀκοῦσαι
3495 1461 3566 1515 τὰ

1900 1549 2025 1620 ἔθνη
2053 1566 2070 1580 ο
2091 1550 2228 1618 πλὴν
2255 1551 2412 1602 τοῦτο
2451 1549 2509 1601 οὑ
2537 1537 2683 1618 ’παρ’
2713 1549 2902 1619 ἡμῶν,
2939 1547 3070 1619 παρ’
3100 1548 3253 1618 ὑμῶν
3285 1547 3341 1601 δέ
3377 1548 3564 1616 γέγονε

1898 1635 1959 1688 τὸ
1988 1636 2093 1706 πρὸ
2121 1636 2274 1705 ὑμῶν
2299 1637 2510 1704 ὀφεῖλον
2539 1636 2586 1690 δ.
2615 1635 2778 1688 Οὕτω
2818 1635 2927 1704 γὰρ
2968 1633 3314 1688 ἐντέταλται
3349 1633 3494 1703 ἡμῖν
3528 1637 3564 1688 ό

1896 1724 2111 1791 Κύριος
2137 1740 2152 1755 ·
2191 1723 2425 1778 Τέθεικά
2455 1739 2528 1777 σε
2551 1726 2640 1787 εἰς
2665 1722 2790 1791 φῶς
2812 1721 3025 1786 ἐθνῶν,
3052 1722 3159 1776 τοῦ
3181 1719 3336 1776 εἷναί
3366 1738 3441 1776 σε
3473 1723 3563 1788 εις

1895 1812 2198 1878 σωτηρίαν
2223 1830 2236 1842 ·
2255 1812 2553 1876 τουτέστιν,
2583 1814 2662 1874 εἰς
2689 1811 2888 1878 γνῶσιν
2911 1811 3011 1880 τήν
3041 1811 3134 1863 ἐπὶ
3162 1810 3406 1881 σωτηρίᾳ
3426 1825 3440 1839 ⁶
3460 1810 3559 1862 καὶ

1895 1897 1992 1967 οὐχ
2028 1898 2212 1960 ἁπλῶς
2239 1899 2407 1951 ἐθνῶν
2433 1937 2447 1961 ,
2479 1899 2612 1952 ἀλλά
2642 1899 2879 1954 πάντων.
2935 1895 3107 1950 Τοῦτο
3145 1896 3252 1966 γὰρ
3298 1894 3448 1966 δηλοῖ
3483 1893 3562 1965 τῷ

1893 1987 2086 2048 εἰπεῖν,
2121 1987 2292 2038 Ὅσοι
2319 1982 2482 2056 ἦσαν
2507 1985 2850 2054 τεταγμένοι
2872 1987 2960 2051 είς
2981 1983 3134 2052 ζωὴν
3153 1983 3413 2037 αἰώνιον.
3450 1982 3562 2037 Καὶ

1891 2072 2050 2125 τοῦτο
2071 2075 2368 2143 τεκμήριον
2394 2071 2486 2125 τοῦ
2509 2073 2655 2124 κατά
2681 2072 2814 2124 Θεοῦ
2846 2071 3073 2141 γνώμην
3101 2071 3297 2134 αὐτοὺς
3323 2069 3562 2140 προσλα-

1894 2157 2100 2210 ϐέσθαι.
2153 2158 2498 2227 Τεταγμένοι
2540 2159 2596 2211 δὲ
2615 2198 2630 2222 ,
2673 2153 2848 2221 εἶπεν,
2880 2158 2964 2210 ἵνα
2993 2157 3144 2230 δείξῃ
3159 2168 3206 2222 ο,
3241 2156 3316 2220 ὼς
3344 2159 3405 2208 οὺ
3437 2157 3560 2209 κατ’

1890 2245 2154 2313 ἀνάγκην.
2196 2243 2314 2308 Οὓς
2358 2248 2468 2313 γὰρ
2513 2243 2805 2312 προέγνω,
2855 2244 3026 2314 φησὶ,
3065 2245 3166 2297 καὶ
3203 2243 3556 2311 προώρισεν.

1891 2331 2004 2383 Ούκ
2039 2331 2118 2382 ἔτι
2145 2332 2203 2382 ἐν
2233 2333 2296 2402 τῇ
2329 2331 2480 2384 πόλει
2513 2331 2907 2402 διεσπάρησαν,
2931 2329 3066 2384 ἀλλά
3091 2330 3185 2383 καὶ
3208 2331 3264 2381 ἐν
3288 2332 3356 2399 τῇ
3380 2328 3554 2400 χώρᾳ.

1903 2418 2255 2482 Ἀκούσαντες
2275 2419 2380 2490 γὰρ
2401 2420 2450 2472 οί
2471 2419 2529 2486 ἐξ
2564 2419 2756 2482 ἐθνῶν,
2779 2419 2874 2473 καὶ
2897 2419 3051 2472 αὐτοὶ
3077 2419 3191 2488 μετ’
3205 2415 3384 2484 ὀλίγον
3403 2413 3554 2488 [25η

1889 2503 2217 2574 προσῄεσαν.
2242 2509 2305 2558 Ol
2320 2505 2388 2558 δὲ
2403 2504 2678 2560 Ἰουδαῖοι
2698 2504 3086 2573 παρώτρυναν
3102 2503 3205 2568 τὰς
3227 2503 3555 2572 σεϐομένας

1889 2592 2197 2660 γυναῖκας,
2228 2594 2326 2646 καὶ
2351 2594 2672 2663 ἐπήγειραν
2688 2593 3137 2664 διωγμόν.”ορα,
3163 2588 3384 2644 καὶτῶν
3407 2590 3556 2660 παρὰ

1888 2677 1996 2731 τῶν
2030 2682 2304 2747 γυναικῶν
2334 2682 2633 2751 γινομένων
2670 2682 2823 2734 αὐτοὶ
2856 2679 3040 2734 λοιπὸν
3071 2681 3233 2732 αἴτιοι
3266 2677 3556 2731 καθίσταν-

1887 2783 1999 2820 ται.
2029 2769 2137 2820 Kal
2165 2769 2456 2832 ἐξέϐαλον
2483 2769 2724 2836 αὐτοὺς,
2749 2771 2935 2840 φησὶν,
2965 2767 3084 2824 ἀπὸ
3113 2765 3234 2820 τῶν
3256 2767 3430 2834 ὁρίων
3449 2767 3556 2820 αὐ-

1886 2853 2005 2907 τῶν
2023 2871 2037 2884 ο
2058 2856 2178 2925 οὐχὶ
2207 2859 2305 2925 τῆς
2334 2857 2541 2919 πόλεως
2568 2857 2756 2926 μόνης,
2791 2855 2928 2909 ἀλλά
2959 2856 3062 2925 τῆς
3094 2853 3280 2925 χώρας
3311 2852 3550 2922 ἀπάσης.

1887 2936 2022 2993 Εἶτα
2048 2942 2107 2993 τὸ
2139 2941 2510 3014 φοϐερώτερον
2540 2960 2553 2974 ⁸
2590 2947 2653 2996 Ol
2681 2942 2750 2996 δὲ
2767 2942 3064 3013 μαθηταὶ,
3112 2942 3276 3010 φησὶν
3303 2982 3317 3004 ,
3363 2941 3551 3007 ἐπλη-

1877 3029 2099 3095 ροῦντο
2145 3029 2334 3098 χαρᾶς
2379 3031 2478 3084 καὶ
2532 3033 2881 3100 Πνεύματος
2916 3030 3108 3100 ἁγίου.
3156 3027 3467 3082 Ἐδιώκοντο
3501 3029 3551 3082 οἱ

1883 3116 2221 3182 διδάσκαλοι,
2252 3119 2345 3171 καὶ
2377 3119 2530 3172 αὐτοὶ
2561 3118 2796 3190 ἔχαιρον.
2823 3113 2976 3181 Εἶδες
3021 3116 3183 3188 φύσιν
3214 3115 3550 3184 Εὐαγγελίου

1883 3201 2112 3272 δύναμιν
2151 3203 2367 3274 ἔχοντος
2404 3203 2634 3276 πολλήν;
2682 3203 3054 3266 Ἐκάκωσαν,
3098 3203 3252 3273 φησὶ,
3287 3202 3393 3268 τὰς
3430 3203 3550 3270 ψυ-

1882 3289 1993 3356 χὰς
2017 3289 2135 3342 τῶν
2160 3291 2350 3345 ἐθνῶν
2366 3291 2515 3345 κατὰ
2541 3289 2664 3344 τῶν
2683 3290 2983 3360 ἀδελφῶν.
3005 3289 3282 3352 Τουτέστι,
3305 3287 3548 3341 διέϐαλον

1882 3376 2010 3438 τοὺς
2026 3377 2378 3442 ἀποστόλους,
2404 3380 2574 3449 μυρία
2600 3377 2779 3431 αὐτῶν
2807 3377 3212 3449 κατηγόρησαν,
3239 3375 3548 3438 ἀπλάστους

1881 3459 2042 3524 ὄντας
2065 3463 2390 3535 κακούργως
2417 3464 2700 3535 διέθηκαν.

1950 3553 2018 3614 γ’.
2044 3549 2154 3602 Kal
2179 3551 2298 3621 δρα,
2331 3551 2448 3616 πῶς
2468 3551 2738 3622 πανταχοῦ
2766 3549 2843 3622 τῷ
2871 3549 2988 3622 Θεῷ
3014 3548 3300 3621 ἀνατίθησι
3327 3549 3388 3602 τὸ
3413 3551 3544 3604 πᾶν.

1891 3631 2128 3687 Ἱκανὸν
2157 3637 2398 3703 χρόνον,
2429 3639 2579 3708 φησὶ,
2615 3637 2928 3706 διέτριψαν
2947 3677 2963 3700 ,
3006 3633 3546 3705 παρρησιαζόμενοι

1877 3719 1974 3772 ἐπὶ
2004 3719 2082 3784 τῷ
2103 3723 2315 3788 Κυρίῳ,
2347 3722 2425 3787 τῷ
2446 3724 2847 3792 μαρτυροῦντι
2879 3721 2958 3788 τῷ
2989 3723 3147 3793 λόγῳ
3169 3720 3280 3789 τῆς
3302 3720 3544 3789 χάριτος

1877 3808 2082 3861 αὐτοῦ.
2134 3809 2224 3879 Μὴ
2265 3810 2422 3862 τοῦτο
2451 3810 2799 3871 ἐλαττώσεως
2829 3805 2969 3862 εἶναι
3001 3810 3248 3879 νομίσῃς.
3273 3809 3401 3861 Ὅτε
3435 3807 3544 3877 γὰρ

1877 3894 2085 3961 ἔλεγον,
2113 3896 2222 3949 Τοῦ
2236 3897 2754 3965 μαρτυρήσαντος,
2789 3898 2976 3967 φησὶν,
3005 3897 3103 3950 ἐπὶ
3141 3896 3399 3950 Ποντίου
3439 3897 3540 3948 Πι-

1875 3987 2097 4049 λάτου.
2141 3990 2261 4042 τότε
2306 3992 2339 4062 ἡ
2383 3989 2667 4060 παρρησία
2705 3989 2980 4042 ἐδείκνυτο
3007 4005 3022 4020 ο
3063 3987 3296 4040 ἐνταῦθα
3327 3987 3384 4039 δέ
3413 3989 3542 4056 περὶ

1873 4077 1969 4129 τοῦ
1999 4077 2126 4130 λαοῦ
2157 4097 2339 4150 φησιν.
2390 4080 2464 4132 Οὐ
2503 4079 2856 4150 περιέμειναν
2889 4077 3092 4136 τοίνυν.
3127 4075 3242 4128 ἀλλ’
3271 4072 3410 4128 εἶδον
3440 4073 3540 4144 τὴν

1873 4167 2070 4236 ὁρμήν.
2086 4167 2194 4220 Kal
2224 4165 2559 4235 κατέφυγον
2577 4165 2784 4232 εἰςτὰς
2810 4164 3018 4228 πόλεις
3044 4160 3154 4230 τῆς
3177 4161 3537 4226 Λυκαονίας,

1874 4255 2156 4320 Λύστραν
2183 4255 2281 4307 καὶ
2319 4254 2565 4321 Δέρϐην,
2596 4253 2693 4306 καί
2722 4250 2839 4320 τὴν
2869 4250 3220 4319 περίχωρον.
3255 4245 3423 4300 Ἐνθα
3450 4246 3540 4300 οὐ·

1871 4339 2042 4410 δαμοῦ
2072 4341 2162 4394 τὸν
2205 4341 2376 4411 θυμὸν
2415 4340 2595 4394 αὐτῶν
2641 4340 2883 4394 ἐκκαίειν
2910 4335 2980 4410 ῆν
3005 4353 3018 4366 ’
3043 4336 3185 4390 ὥστε
3212 4336 3306 4389 καὶ
3331 4336 3388 4388 ἐν
3419 4336 3538 4398 ταῖς

1872 4427 2076 4499 χώραις
2103 4429 2368 4500 ἀπῄεσαν,
2404 4429 2504 4482 οὐκ
2528 4429 2586 4481 ἐν
2611 4428 2801 4481 πόλεσι
2830 4427 3008 4499 μόνον.
3031 4426 3172 4494 Ὅρα
3197 4424 3292 4477 καὶ
3315 4421 3423 4475 τῶν
3450 4421 3540 4475 ἐθ-

1872 4516 1979 4567 νῶν
2006 4515 2104 4587 τὴν
2146 4516 2402 4584 ἀφέλειαν
2422 4558 2437 4582 ,
2479 4516 2571 4569 καὶ
2611 4515 2718 4569 τῶν
2750 4513 3014 4570 Ἰουδαίων
3046 4511 3144 4583 τὴν
3179 4509 3534 4580 κακουργίαν.

1871 4603 1946 4655 Δι’
1983 4602 2159 4673 ἔργων
2195 4603 2570 4656 ἐπεδείκνυντο
2589 4644 2605 4670 ,
2637 4603 2720 4655 δτι
2749 4602 2888 4668 ἄξιοι
2911 4597 3050 4672 ἦσαν
3081 4599 3300 4652 ἀκούειν
3326 4615 3338 4627 ’
3362 4595 3537 4660 οῦτως

1871 4691 2074 4760 ἐτίμων
2129 4691 2325 4755 αὐτοὺς
2379 4692 2486 4745 ἀπὸ
2535 4691 2778 4762 σημείων
2827 4689 3012 4761 μόνον.
3061 4689 3122 4741 Οἱ
3155 4687 3251 4758 μὲν
3277 4685 3351 4748 ὡς
3380 4684 3536 4746 θεοὺς

1869 4780 2094 4850 ἐτίμων,
2124 4781 2173 4833 οἱ
2200 4780 2256 4833 δέ
2281 4781 2356 4844 ὼς
2381 4779 2663 4850 λυμεῶνας
2687 4779 2907 4832 ἐδίωκον
2936 4795 2950 4809 ·
2978 4778 3072 4831 καὶ
3099 4778 3146 4829 οἱ
3170 4777 3266 4846 μέν
3292 4774 3352 4827 οὐ
3377 4776 3534 4844 μόνον

1867 4868 1928 4920 οὐ
1946 4867 2316 4937 προσέκοπτον
2337 4867 2413 4936 τῷ
2428 4867 2762 4937 κηρύγματι,
2780 4864 2918 4919 ἀλλά
2937 4863 3033 4918 καὶ
3059 4864 3242 4930 ἐλεγον
3258 4879 3270 4891 ·
3296 4863 3359 4913 Ol
3382 4861 3529 4923 θεοὶ,

1867 4957 2199 5022 ἀνθρώποις
2262 4955 2676 5025 ὁμοιωθέντες,
2734 4953 3077 5018 κατέϐησαν
3140 4949 3288 5018 πρὸς
3350 4946 3528 5015 ἡμᾶς.

1880 5045 2207 5098 Ἰουδαῖοιδέ
2239 5043 2700 5107 ἐσκανδαλίζοντο.
2745 5040 3038 5094 Ἑκάλουν
3089 5055 3174 5101 τε,
3222 5036 3376 5106 φησὶ,
3422 5036 3531 5088 τὸν

1860 5132 1978 5200 μὲν
2013 5131 2326 5197 Βαρνάϐαν
2363 5131 2504 5196 Δία,
2547 5130 2654 5182 τὸν
2696 5126 2765 5180 δέ
2811 5125 3060 5180 Παῦλον
3101 5121 3334 5192 Ἑρμῆν.
3375 5121 3531 5192 Ἐμοὶ

1865 5219 2126 5272 δοκεῖκαὶ
2148 5218 2254 5270 ἀπὸ
2292 5217 2388 5286 τῆς
2421 5216 2595 5286 ὅψεως
2623 5215 2958 5285 ἀξιοπρεπὴς
2991 5209 3133 5265 εἶναι
3162 5213 3190 5263 ὁ
3221 5208 3524 5281 Βαρνάϐας.

1867 5311 1941 5363 Ού
1971 5306 2165 5378 μικρὸς
2201 5308 2294 5360 καὶ
2326 5302 2477 5368 οὗτος
2509 5303 2813 5374 πειρασμὸς
2836 5303 2896 5367 ἐξ
2921 5301 3187 5374 ἀμετρίας
3221 5299 3360 5370 ἐφύη
3398 5297 3529 5352 πολι

1864 5397 1989 5468 λῆς·
2019 5394 2155 5448 ἀλλὰ
2186 5395 2280 5447 καὶ
2309 5392 2556 5446 ἐντεῦθεν
2583 5391 2691 5444 τῶν
2721 5390 3030 5445 ἀποστόλων
3062 5391 3095 5459 ὴ
3129 5388 3296 5461 ἀρετὴ
3313 5387 3526 5440 δείκνυ-

1863 5503 1972 5539 ται.
2005 5485 2234 5553 Καὶδρα
2261 5481 2377 5545 πῶς
2412 5480 2686 5550 πανταχοῦ
2715 5480 2893 5534 πάντα
2929 5479 3242 5533 ἀνατιθέασι
3273 5477 3350 5546 τῷ
3383 5474 3523 5545 Θεῷ.

1864 5571 2102 5632 Τούτους
2140 5570 2233 5623 καὶ
2279 5569 2437 5638 ἡμεῖς
2475 5567 2808 5638 ζηλώσωμεν
2837 5582 2853 5598 ⁶
2887 5567 3054 5637 μηδὲν
3094 5565 3360 5635 ἡμέτερον
3387 5556 3526 5614 εἶναι

1863 5659 2210 5731 νομίζωμεν,
2244 5657 2376 5710 ὅπου
2415 5673 2481 5726 γε
2513 5657 2606 5709 καὶ
2639 5655 2778 5726 αὐτὴ
2815 5656 2848 5724 ἡ
2884 5654 3066 5717 πίστις
3099 5653 3195 5720 οὐχ
3233 5649 3519 5718 ἡμέτερον.

1927 5836 1956 5874 ι’
1981 5837 2236 5898 Inlerpres
2262 5839 2445 5899 legigse
2468 5837 2661 5885 videtur
2684 5837 2743 5899 τδ
2762 5835 2872 5899 παρ’
2891 5832 3046 5899 ἠμῷνο
3071 5828 3328 5899 θουξ¹ἱ¹ζ¹¹³,
3346 5819 3522 5899 Ῐῗξεῖω

1863 5882 2770 5961 dum-Mm};'éé'ﬁﬁéwrobéhﬁopiy
2817 5882 3113 5961 ὀφείλὸμέθον
3177 5884 3255 5932 τοι
3309 5882 3515 5943 ὀφεῖλον.

1865 5965 1885 5991 τ
1917 5955 2079 6022 Εἶπεν,
2119 5955 2194 6010 ἵνα
2232 5955 2358 6023 δείξη
2376 5963 2518 6010 deest
2570 5963 2619 6009 in
2663 5955 2965 6018 quibusdam.
