4036 6220
456 270 559 323 Ξὲἳ

462 388 584 439 Ὀτι
621 384 678 437 δὲ
721 385 819 453 οὐχ
846 384 1110 453 ἡμέτερον
1135 420 1148 442 ,
1177 379 1315 432 ἀλλὰ
1345 379 1405 431 τὸ
1432 379 1592 432 πλέον
1619 379 1713 432 τοῦ
1745 378 1880 431 Θεοῦ
1905 420 1918 440 ,
1954 379 2116 430 ἄκουε

457 473 670 526 Παύλου
713 472 963 537 λέγοντος
986 483 1000 498 ·
1041 469 1148 522 Καὶ
1192 469 1369 522 τοῦτο
1396 471 1507 522 οὐκ
1535 469 1602 532 ἐξ
1629 467 1797 537 ἡμῶν
1816 508 1830 530 ,
1869 467 2016 521 Θεοῦ
2049 469 2115 519 τὸ

458 559 670 628 δῶρον.
717 558 808 629 Μὴ
845 558 1024 610 τοίνυν
1065 557 1206 626 μέγα
1256 556 1565 626 φρονῶμεν,
1596 555 1728 626 μηδέ
1762 554 2076 624 φυσιώμεθα
2101 594 2115 616 ,

459 649 755 718 ἄνθρωποι,
789 646 861 715 γῆ
894 647 988 698 καὶ
1022 645 1212 707 σποδὸς
1237 645 1408 708 ὄντες,
1439 644 1643 707 καπνὸς
1669 644 1762 696 καὶ
1795 644 1939 696 σκιά.
1987 643 2120 694 Εἰπέ

458 736 568 805 γάρ
596 751 705 805 μοι,
736 733 823 786 διά
849 733 902 785 τί
932 733 1074 801 μέγα
1099 734 1350 803 φρονεῖςς
1380 729 1772 801 ’ωεήμοσύνην
1802 730 2006 791 ἔδωκας
2028 730 2122 782 καὶ

458 822 530 874 τὰ
565 821 824 892 χρήματα
849 821 1154 883 ἐκένωσαςς
1186 820 1296 872 Καὶ
1323 819 1377 871 τί
1403 818 1589 883 τοῦτο;
1624 818 1923 888 Ἐννόησον,
1962 819 2008 870 εἰ
2047 817 2121 887 μὴ

462 910 694 980 ἠθέλησέ
725 927 783 962 σε
814 910 1034 978 ποιῆσαι
1061 910 1090 960 6
1115 908 1247 970 Θεὸς
1277 907 1528 960 πλούσιον
1552 921 1566 936 ⁶
1589 907 1840 976 ἐννόησον
1867 907 1992 968 τοὺς
2022 922 2122 958 πε-

465 997 725 1068 νομένους
747 1038 760 1056 ,
805 997 1002 1067 μᾶλλον
1029 996 1086 1048 δὲ
1119 996 1369 1065 ἐννόησον
1394 995 1508 1047 ὅσοι
1531 995 1625 1047 καὶ¹
1650 995 1717 1047 τά
1746 992 1970 1063 σώματα
1992 992 2122 1044 ἐπέ-

459 1085 666 1144 δωκαν,
699 1086 790 1137 καὶ
822 1085 958 1154 μετά
986 1083 1045 1135 τὴ
1076 1082 1347 1135 ἐπιδοῦναι
1393 1082 1561 1150 μυρία
1584 1121 1596 1139 .
1624 1082 1848 1141 ἐαυτούς
1877 1079 2122 1132 ὲταλάνι-

465 1190 587 1226 σαν.
619 1175 690 1225 Σύ
723 1171 812 1224 διὰ
852 1171 1043 1224 σαυτὸν
1073 1171 1299 1232 ἔδωκας,
1328 1171 1356 1221 6
1384 1168 1616 1238 Χριστὸς
1637 1167 1724 1220 διὰ
1751 1168 1810 1220 σέ
1838 1186 1850 1196 ο
1887 1168 1950 1220 σὺ
1983 1167 2122 1219 ἀπέ-

465 1265 647 1327 δωκας
670 1264 730 1316 τὸ
756 1263 1130 1332 ὀφειλόμενον,
1166 1263 1194 1312 6
1217 1260 1448 1331 Χριστὸς
1485 1260 1584 1311 οὐκ
1613 1257 1808 1326 ὤφειλέ
1855 1274 1955 1310 σοι.
1981 1257 2123 1326 Ὅρα

465 1353 558 1406 τοῦ
593 1353 876 1421 μέλλοντος
901 1351 961 1404 τὸ
987 1349 1198 1419 ἄδηλον,
1233 1349 1326 1402 καὶ
1349 1347 1422 1417 μὴ
1445 1347 1801 1416 ὑψηλοφρόνει
1820 1385 1834 1405 ,
1868 1344 2000 1397 ἀλλά
2030 1362 2124 1411 φο-

465 1440 561 1492 ϐοῦ
587 1457 601 1472 ο
631 1440 703 1510 μὴ
753 1438 1064 1507 ἐλαττώσῃς
1106 1437 1204 1506 τὴν
1253 1436 1454 1506 ἀρετὴν
1495 1437 1562 1504 τῇ
1602 1433 1905 1502 ἀλαζονείᾳ.
1936 1432 2121 1484 Βούλει

465 1528 632 1588 ὅντως
662 1525 804 1595 μέγα
840 1543 892 1577 τι
926 1523 1297 1594 ἐργάσασθαι;
1352 1520 1632 1590 Μηδέποτε
1669 1519 2011 1591 ὑποπτεύσῃς
2047 1518 2123 1580 ὡς

465 1614 595 1682 περὶ
627 1612 875 1682 μεγάλων
912 1611 1021 1663 τῶν
1062 1608 1516 1678 κατορθωμάτων.
1552 1606 1708 1658 Ἀλλά
1734 1605 1998 1676 παρθένος
2031 1601 2120 1670 εἷ;

477 1700 638 1753 Ἀλλά
675 1703 922 1754 κάκεῖναι
965 1699 1220 1768 παρθένοι
1261 1691 1432 1766 ἦσαν,
1480 1694 1594 1747 ἀλλ’
1641 1695 1790 1747 οὐδὲν
1841 1692 2124 1746 ἀπώναντο

466 1789 565 1856 τῆς
603 1786 898 1857 παρθενίας
945 1784 1032 1838 διά
1085 1783 1184 1854 τὴν
1233 1783 1490 1852 ὠμότητα
1549 1783 1644 1834 καὶ
1691 1782 1790 1851 τὴν
1837 1780 2124 1850 ἀπανθρωο

468 1891 618 1928 πιαν.

540 1959 706 2011 Οὐδὲν
749 1959 1247 2030 ταπεινοφροσύνης
1292 1959 1442 2012 ἴσον·
1468 1959 1604 2028 αὐτη
1650 1960 1831 2028 μήτηρ
1873 1957 1964 2010 καλ⁵
1999 1955 2123 2025 ῥίζα

467 2050 562 2102 καὶ
578 2046 726 2120 [258]
749 2048 942 2118 τροφὸς
965 2048 1055 2100 καὶ
1073 2047 1324 2110 ὑπόθεσις
1347 2046 1440 2100 καὶ
1455 2047 1744 2115 σύνδεσμος
1755 2046 1861 2097 τῶν
1882 2044 2122 2113 ἀγαθῶψ

466 2136 671 2202 ταύτης
696 2136 820 2187 ἄνευ
855 2135 1129 2194 βδελυκτοὶ
1155 2138 1246 2188 καὶ
1274 2135 1456 2206 μιαροὶ
1487 2135 1580 2188 καὶ
1613 2134 1909 2203 ἀκάθαρτοι
1936 2136 2121 2203 ἐσμεν.

472 2225 654 2277 Ἔστω
681 2227 790 2296 γάρ
818 2243 919 2288 τις,
950 2227 998 2277 εἰ
1027 2225 1227 2294 βούλει,
1260 2225 1485 2296 νεκροὺς
1514 2225 1768 2287 ἀνιστῶν,
1800 2224 1895 2277 καὶ
1919 2224 2126 2294 χωλοὺς

472 2317 718 2386 ἰώμενος,
762 2315 855 2366 καὶ
894 2313 1127 2383 λεπροὺς
1162 2312 1436 2385 καθαίρων
1479 2312 1616 2382 μετά
1654 2311 1906 2375 ἀπονοίας
1932 2328 1946 2341 ο
1973 2312 2126 2364 οὐδὲν

468 2404 657 2457 τούτου
691 2400 1046 2472 μιαρώτερον,
1077 2402 1228 2453 οὐδὲν
1257 2401 1634 2469 ἀσεϐέστερον,
1657 2399 1806 2453 οὐδὲν
1830 2400 2124 2467 ἀναγέστε-

472 2509 582 2561 ρον.
615 2490 795 2560 Μηδὲν
822 2486 957 2542 εἶναι
980 2490 1210 2558 νομίσῃς
1236 2489 1455 2541 σαυτοῦ.
1497 2488 1667 2554 Λόγον
1693 2487 1834 2557 ἔχεις
1856 2487 1950 2540 καὶ
1980 2487 2125 2540 διδα-

472 2577 732 2648 σκαλικὴν
762 2577 953 2647 χάριν;
995 2577 1086 2646 Μὴ
1128 2575 1214 2628 διά
1255 2575 1412 2628 τοῦτο
1455 2576 1682 2648 νομίσῃς
1721 2575 1881 2628 πλέον
1916 2593 1969 2627 τι
2017 2575 2126 2628 τῶν

470 2668 645 2722 ἄλλων
681 2669 844 2737 ἔχειν.
869 2669 967 2720 Διά
997 2666 1154 2720 τοῦτο
1188 2667 1421 2736 μάλιστα
1446 2664 1830 2718 ταπεινοῦσθαι
1855 2665 2088 2733 ὀφείλεις
2108 2703 2123 2726 ,

468 2763 551 2814 ὅτι
593 2760 848 2813 πλειόνων
887 2758 1127 2829 ἡξιώθης
1179 2758 1415 2828 δωρεῶν.
1439 2753 1510 2829 ’ῼ
1556 2758 1666 2828 γὰρ
1709 2757 1890 2809 πλεῖον
1929 2755 2129 2825 ἀφέθη,

470 2850 652 2902 πλεῖον
705 2849 999 2917 ἀγαπήσει.
1048 2847 1256 2900 Οὐκοῦν
1312 2847 1404 2900 καὶ
1450 2845 1832 2899 ταπεινοῦσθαι
1878 2845 2004 2917 χρὴ,
2045 2846 2128 2900 ὅτι

468 2939 596 2998 τοὺς
626 2937 814 3000 ἀλλους
842 2935 1156 3006 παρελθὼν,
1193 2939 1270 2998 εἰς
1301 2936 1356 2988 σὲ
1384 2935 1676 2989 ἐπένευσεν
1711 2937 1739 2988 6
1768 2934 1918 2996 Θεός.
1958 2933 2126 2986 Φοϐοῦ

471 3025 558 3079 διά
575 3025 732 3078 τοῦτο
762 3041 776 3057 ο
800 3024 1057 3087 πολλάκις
1082 3025 1189 3094 γάρ
1216 3040 1295 3076 σοι
1325 3025 1417 3076 καὶ
1447 3023 1720 3086 ἀπωλείας
1740 3023 1898 3075 τοῦτο
1921 3023 2128 3090 γίνεται

471 3115 666 3176 αἴτιον,
706 3113 770 3165 ἀν
805 3112 876 3182 μὴ
910 3113 1106 3182 νὴφῃς.

543 3203 607 3253 Τί
663 3202 802 3270 μέγα
856 3202 1102 3268 φρονεῖς;
1157 3199 1237 3250 ὄτι
1285 3198 1553 3261 διδάσκεις
1608 3199 1694 3250 διά
1741 3197 1946 3265 λόγων;
1991 3198 2128 3250 Ἀλλ’

473 3288 693 3342 εὐκολον
721 3287 877 3340 τοῦτο
901 3286 962 3338 τὸ
996 3287 1301 3354 φιλοσοφεῖν
1336 3287 1392 3338 ἐν
1429 3287 1665 3354 ῥήμασι·
1707 3285 1913 3348 δίδαξόν
1944 3302 2008 3353 με
2042 3283 2130 3338 διά

473 3375 567 3430 τοῦ
605 3375 717 3444 βίου
752 3374 846 3427 τοῦ
879 3375 972 3426 σοῦ
1000 3391 1012 3403 ·
1041 3372 1180 3442 αὐτη
1225 3374 1258 3443 ἡ
1304 3372 1620 3425 διδασκαλία
1650 3373 1865 3442 ἀρίστη.
1915 3372 2128 3439 Λέγεις,

461 3465 557 3516 ’ὅτι
582 3463 660 3516 δεῖ
691 3461 1019 3532 μετριάζειν,
1051 3462 1145 3512 καὶ
1175 3459 1384 3530 μακρὸν
1411 3459 1551 3527 ὑπὲρ
1589 3457 1775 3511 τούτου
1813 3458 1968 3527 λόγον
1995 3461 2130 3512 ἀπο-

451 3550 692 3612 .τείνεις,
724 3549 818 3602 καὶ
846 3547 1158 3620 ῥητορεύεις
1184 3548 1319 3615 ῥέων
1346 3546 1638 3609 ἀκωλύτως
1662 3563 1676 3610 ;
1709 3546 1866 3599 Ἀλλά
1893 3547 1986 3600 σοῦ
2013 3547 2132 3616 βελ-

475 3636 605 3688 τίων
639 3637 843 3699 ἐκεῖνος
868 3675 882 3699 ,
925 3633 1090 3703 φησὶν
1112 3674 1126 3694 ,
1158 3637 1186 3686 6
1232 3633 1296 3686 δι’
1323 3633 1497 3703 ἔργων
1526 3632 1682 3685 τοῦτο
1711 3633 1977 3687 παιδεύων
2009 3636 2129 3705 ἐμέ.

478 3726 550 3777 Οὐ
582 3725 689 3796 γὰρ
720 3726 890 3788 οὕτως
918 3725 1105 3778 εἴωθεν
1139 3725 1438 3778 ἐντίθεσθαι
1465 3728 1530 3796 τῇ
1563 3725 1706 3795 ψυχῇ
1735 3727 1801 3799 τά
1835 3727 2132 3799 μαθήματα

481 3813 589 3866 ἀπὸ
615 3812 895 3883 ῥημάτων.
924 3815 998 3876 ὡς
1031 3811 1138 3865 ἀπὸ
1170 3812 1514 3881 πραγμάτων
1537 3829 1550 3842 ·
1579 3813 1701 3864 ἐπεὶ
1722 3797 1815 3865 ἐάν
1858 3813 1931 3885 μὴ
1961 3797 2022 3867 τὸ
2044 3815 2134 3886 ἕρ-

477 3917 572 3968 γον
605 3900 750 3972 ἔχῃς.
784 3901 843 3954 οὐ
879 3901 1036 3971 μόνον
1065 3901 1164 3953 οὐκ
1196 3899 1483 3971 ὠφέλησας
1506 3899 1694 3963 εἰπὼν,
1725 3901 1860 3954 ἀλλά
1888 3903 1982 3954 καὶ
2013 3920 2132 3972 μει-

480 3987 648 4052 ζόνως
681 3989 934 4057 ἔϐλαψας.
983 3989 1196 4042 Βέλτιον
1230 3992 1404 4060 σιγᾷν.
1455 3990 1554 4042 Διά
1584 3990 1673 4055 τίς
1707 3988 1832 4044 ’Ότι
1877 3989 2134 4044 ἀδύνατόν

481 4094 570 4148 μοι
588 4078 646 4130 τὸ
666 4079 896 4148 πρᾶγμα
913 4077 1194 4148 καθιστᾷς.
1230 4077 1422 4129 Ἐννοῶ
1445 4078 1571 4146 γὰρ,
1598 4078 1677 4130 ὅτι
1703 4080 1750 4130 εί
1771 4078 1833 4129 σύ
1853 4079 1882 4128 6
1902 4078 2134 4131 τοσαῦτα

476 4165 649 4233 λέγων
671 4167 729 4218 οὐ
749 4165 1051 4234 κατορθοῖς,
1078 4164 1255 4234 πολλῷ
1274 4165 1470 4234 μᾶλλον
1491 4163 1600 4231 ἐγὼ
1619 4163 1942 4234 συγγνώμης
1963 4165 2130 4228 ἄξιος,

473 4253 647 4322 λέγων
695 4253 918 4323 μηδένα.
967 4252 1064 4304 Διά
1113 4251 1270 4305 τοῦτό
1309 4269 1470 4320 φησιν
1513 4253 1541 4304 6
1587 4254 1906 4322 προφήτης·
1960 4251 2041 4317 Τῷ
2066 4253 2135 4306 δὲ

471 4339 798 4409 ἁμαρτωλῷ
843 4341 1013 4392 εἶπεν
1056 4342 1087 4391 ὀ
1117 4341 1261 4403 Θεός
1289 4357 1304 4370 ο
1332 4339 1456 4392 Ἵνα
1491 4340 1546 4390 τί
1575 4339 1655 4392 σὺ
1684 4339 1932 4408 ἐκδιηγῇ
1959 4341 2030 4394 τὰ
2057 4340 2136 4394 δι-

474 4425 774 4494 καιώματά
791 4443 946 4494 pou;
981 4425 1198 4489 Μείζων
1224 4426 1330 4496 γὰρ
1359 4425 1495 4496 αὐτη
1521 4428 1552 4496 ἡ
1585 4426 1775 4496 βλάϐη,
1803 4429 1930 4480 ὅταν
1955 4429 2135 4493 καλῶς

473 4513 736 4566 διδάσκων
779 4530 860 4573 τις
895 4512 981 4564 διά
1019 4513 1306 4582 ῥημάτων,
1342 4513 1428 4566 διὰ
1457 4513 1563 4566 τῶν
1592 4513 1765 4586 ἔργων
1799 4515 2008 4586 πολεμῇ
2061 4520 2128 4588 τῇ

471 4598 800 4669 διδασκαλίᾳ.
841 4600 1011 4652 Τοῦτο
1046 4599 1254 4652 πολλῶν
1291 4601 1460 4653 αίτιον
1491 4601 1677 4668 γέγονε
1714 4602 1897 4655 κακῶν
1925 4605 1984 4656 ἐν
2013 4609 2133 4670 ταῖς

485 4686 851 4757 Ἐκκλησίαις.
887 4689 982 4740 Διά
1010 4687 1164 4740 τοῦτο
1197 4688 1289 4740 καὶ
1322 4689 1596 4757 σύγγνωτε
1617 4732 1630 4753 ,
1667 4691 1970 4762 παρακαλῶ
1995 4734 2008 4750 .
2037 4694 2130 4747 τοῦ

470 4773 632 4841 λόγου
660 4773 1001 4843 χρονίζοντος
1027 4775 1156 4842 ἡμῖν
1186 4777 1244 4827 ἐν
1271 4775 1442 4845 τούτῳ
1467 4777 1544 4846 τῷ
1577 4778 1760 4832 πάθει.
1793 4779 1970 4832 Πολλά
2004 4781 2133 4833 πολ-

471 4864 555 4917 λοὶ
579 4865 907 4934 πράττουσιν
933 4864 1074 4935 ὑπὲρ
1099 4865 1192 4918 τοῦ
1219 4868 1298 4928 εἰς
1319 4867 1482 4937 μέσον
1513 4869 1734 4933 στάντες
1761 4871 1968 4941 μακρὸν
1997 4873 2132 4925 ἀπο-

469 4952 662 5004 τείνειν
687 4953 868 5019 λόγον·
891 4953 991 5006 κᾶν
1023 4953 1120 5022 μὲν
1153 4957 1359 5025 κρότων
1383 4956 1586 5026 τύχωσι
1611 4957 1716 5010 τῶν
1741 4959 1848 5011 ἀπὸ
1878 4959 1970 5012 τοῦ
1994 4961 2131 5032 πλή-

473 5038 598 5102 θους
620 5080 634 5102 ,
664 5041 885 5108 γέγονεν
915 5041 1095 5105 αὐτοῖς
1124 5042 1278 5096 τοῦτο
1319 5043 1590 5113 βασιλείας
1627 5046 1739 5099 ἴσον
1762 5062 1776 5076 ·
1810 5047 1876 5100 ἂν
1902 5047 1956 5102 δέ
1997 5048 2133 5118 μετά

473 5125 629 5194 σιγῆς
661 5125 752 5178 τὸν
791 5127 948 5195 λόγον
983 5131 1396 5193 καταπαύσωσι,
1432 5132 1652 5202 γεέννης
1685 5133 1746 5203 δή
1787 5151 1891 5187 που
1934 5135 2131 5204 μᾶλλον

469 5210 656 5272 αὐτοῖς
681 5213 1035 5284 χαλεπωτέρα
1071 5216 1303 5286 κατέστη
1333 5217 1433 5286 τῆς
1468 5219 1625 5288 σιγῆς
1649 5220 1679 5289 ἡ
1707 5220 1935 5291 ἀθυμία.
1963 5220 2131 5273 Τοῦτο

469 5297 568 5358 τάς
596 5299 918 5370 Ἑκκλησίας
947 5303 1238 5372 ἀνέτρεψεν
1260 5344 1274 5368 ,
1302 5306 1382 5358 ὅτι
1410 5307 1501 5359 καὶ
1529 5307 1683 5376 ὑμεῖς
1708 5308 1766 5360 οὐ
1805 5307 2013 5378 ζητεῖτε
2041 5307 2128 5360 λό-

470 5401 566 5452 γον
595 5385 820 5439 ἀκοῦσαι
852 5392 1249 5443 κατανυκτικδν
1276 5433 1290 5456 ,
1322 5393 1459 5447 ἀλλά
1481 5394 1677 5465 τέρψαι
1703 5395 1996 5465 δυνάμενον
2036 5397 2129 5449 καὶ

469 5472 546 5543 τῷ
568 5471 724 5544 ψόφῳ
747 5476 838 5526 καὶ
867 5479 932 5545 τῇ
965 5476 1208 5530 συνθέσει
1233 5479 1340 5533 τῶν
1369 5483 1645 5552 ῥημάτων,
1679 5483 1925 5552 καθάπερ
1953 5483 2129 5552 μελῳ-

470 5560 576 5614 δῶν
599 5563 692 5614 καὶ
724 5562 1052 5631 κιθαριστῶν
1077 5565 1362 5629 ἀκούοντες
1387 5584 1400 5597 ·
1431 5569 1524 5622 καὶ
1549 5571 1710 5641 ἡμεῖς
1729 5570 1948 5640 ψυχρῶς
1972 5583 1998 5610 α
2032 5572 2127 5623 καὶ

469 5649 830 5721 ταλαιπώρως
863 5653 1140 5714 ποιοῦντες
1164 5695 1175 5712 .
1211 5655 1292 5707 ὅτι
1327 5658 1445 5718 ταῖς
1486 5658 1778 5726 ὑμετέραις
1809 5658 2127 5728 ἐπιθυμίαις

472 5738 734 5808 ἑπόμεθα,
771 5738 886 5790 δέον
926 5741 1213 5793 ἐκκόπτειν
1244 5743 1462 5805 ταύτας.

535 5898 551 5920 ⁸
593 5901 762 5955 Morel.
809 5905 886 5952 καὶ
928 5907 1050 5967 ἡμᾶς
1090 5908 1294 5969 ψυχρῶς.

1227 266 1282 319 S.
1316 264 1598 318 ,ιυλΝΝΙδ
1631 261 2120 318 CHRYSOSTOMI
2163 261 2478 319 ARCHIEP.
2509 264 3058 321 CONSTANIINOP.

3769 264 3884 321 29.6

2294 378 2356 432 δ’.
2387 380 2496 432 Καὶ
2526 381 2720 434 ταύτὸν
2753 382 2980 448 γίνεται,
3001 377 3109 434 οἷον
3137 381 3200 434 ἂν
3219 382 3271 433 εί
3297 398 3380 443 τις
3408 377 3589 451 πατὴρ
3618 379 3763 445 πέρα
3785 378 3886 433 τοῦ

2220 465 2429 530 δέοντος
2461 467 2740 536 μαλθακοῦ
2773 469 2982 522 παιδίου
3002 509 3016 530 ,
3048 468 3222 522 καίτοι
3265 468 3672 540 ἀῤῥωστοῦντος
3693 508 3708 532 ,
3739 468 3884 522 πλα-

2224 553 2423 606 κοῦντα
2450 555 2618 626 ἐπιδῷ
2654 557 2748 610 καὶ
2787 557 2991 628 ψυχρὸν
3017 558 3110 610 καὶ
3133 557 3231 610 ὅσα
3255 559 3446 628 τέρπει
3469 557 3650 627 μόνον,
3680 555 3790 608 τῶν
3819 555 3882 609 δὲ

2222 642 2509 711 χρησίμων
2541 643 2808 713 μηδεμίαν
2841 644 3158 711 ἐπιμέλειαν
3191 648 3393 696 ποιοῖτο
3419 661 3434 674 ο
3462 639 3581 696 εἶτα
3613 642 3880 710 ἐγκαλού-

2225 745 2384 797 μενος
2411 747 2485 782 πα
2495 729 2561 800 ρά
2590 731 2699 783 τῶν
2733 732 2933 801 ἰατρῶν
2959 773 2973 795 ,
3007 732 3324 799 ἀπολογοῖτο
3350 731 3520 799 λέγων
3541 748 3557 761 ·
3582 732 3648 783 Τί
3683 730 3872 795 πάθω;

2220 815 2319 866 οὐκ
2357 817 2617 886 ἀνέχομαι
2647 818 2830 872 κλαῖον
2855 819 2916 871 τὸ
2942 819 3149 872 παιδίον
3179 819 3324 873 ἰδεῖν.
3357 819 3540 872 Ἀθλιε
3565 820 3660 872 καὶ
3689 819 3873 871 ταλαί-

2223 918 2373 972 πωρε
2415 904 2508 956 κα).
2538 905 2772 976 προδότα
2797 922 2812 936 ο
2839 907 2900 960 οὐ
2930 906 3038 977 γάρ
3073 906 3139 959 ἀν
3165 907 3375 977 πατέρα
3405 921 3495 958 τον
3522 905 3760 958 τοιοῦτον
3801 908 3876 958 εί·-

2222 1006 2380 1059 ποιμι
2399 1005 2413 1019 ’
2444 991 2538 1044 καὶ
2566 993 2718 1063 πόσῳ
2743 992 2948 1063 βέλτιον
2977 995 3034 1046 ἐν
3059 994 3250 1064 βραχεῖ
3283 995 3424 1064 λυπὴ
3436 1010 3621 1055 σαντα,
3650 992 3876 1046 διαπαν-

2219 1075 2309 1137 τὸς
2333 1077 2510 1149 ὑγιείᾳ
2532 1081 2881 1149 παραδοῦναι,
2913 1081 2945 1151 ἡ
2973 1081 3070 1152 τὴν
3094 1083 3425 1152 πρόσκαιρον
3452 1080 3654 1150 ταύτην
3678 1081 3838 1150 χάριν
3858 1123 3876 1145 ,

2220 1161 2500 1232 διηνεκοῦς
2529 1164 2765 1235 ἀθυμίας
2794 1167 3050 1220 ὑπόθεσιν
3080 1167 3440 1238 ποιὴσασθαι;
3482 1165 3652 1219 Τοῦτο
3674 1167 3879 1236 πάσχο-

2225 1265 2324 1316 μεν
2358 1251 2451 1303 καὶ
2474 1253 2654 1321 ἡμεῖς,
2684 1254 2856 1325 κάλλη
2883 1255 3077 1321 λέξεων
3117 1253 3600 1326 περιεργαζόμενοι
3629 1257 3727 1307 καὶ
3756 1272 3880 1307 συνο

2224 1333 2398 1404 θήκας
2425 1336 2571 1409 [259]
2598 1339 2692 1392 καὶ
2717 1341 2981 1411 ἁρμονίαν
3001 1343 3147 1404 ὅπως
3167 1343 3410 1412 ἡσωμεν,
3431 1344 3528 1412 οὐχ
3559 1343 3707 1404 ὅπως
3735 1341 3880 1409 ώφεο

2221 1424 2469 1495 λήσωμεν
2493 1443 2506 1456 ·
2530 1428 2677 1491 ὅπως
2705 1428 3105 1500 θαυμασθῶμεν
3139 1431 3188 1495 h,
3215 1432 3312 1502 οὐχ
3349 1433 3496 1494 ὅπως
3529 1430 3831 1499 διδάξωμεν
3859 1446 3877 1461 ’

2223 1508 2368 1573 ὅπως
2387 1511 2692 1582 τέρψωμεν,
2711 1515 2808 1585 οὐχ
2831 1517 2978 1579 ὅπως
2999 1517 3382 1587 κατανύξωμεν
3397 1534 3410 1546 ·
3436 1519 3580 1581 ὅπως
3600 1515 3882 1586 κροτηθῶ-

2225 1614 2322 1666 μεν
2356 1600 2450 1651 καὶ
2479 1601 2702 1654 ἐπαίνου
2731 1603 2983 1672 τυχόντες
3015 1603 3359 1674 ἀπέλθωμεν,
3382 1607 3480 1676 οὐχ
3498 1605 3644 1669 ὅπως
3669 1604 3741 1657 τά
3773 1603 3880 1675 ἢθη

2225 1687 2593 1760 ῥυθμίσωμεν.

2293 1778 2626 1832 Πιστεύσατέ
2661 1798 2772 1850 μοι,
2803 1783 2904 1836 οὐκ
2929 1781 3101 1847 ἄλλως
3132 1782 3294 1852 λέγω,
3323 1783 3542 1836 ἐπειδάν
3560 1781 3736 1851 λέγων
3755 1800 3886 1853 κρο-

2221 1865 2421 1936 τῶμαι,
2453 1868 2582 1937 παρ’
2611 1869 2769 1922 αὐτόν
2801 1870 2899 1940 μὲν
2924 1871 3013 1924 τὸν
3039 1871 3227 1940 καιρὸν
3257 1869 3592 1941 ἀνθρώπινόν
3615 1887 3670 1923 τι
3687 1870 3886 1938 πάσχω

2225 1954 2298 2017 (τί
2332 1955 2439 2025 γὰρ
2469 1957 2568 2008 οὐκ
2602 1956 2665 2009 ἄν
2691 1975 2772 2019 τις
2797 1959 2939 2010 είποι
2967 1958 3027 2011 τὸ
3053 1958 3298 2028 ἀληθές);
3331 1958 3426 2011 καὶ
3457 1957 3754 2026 γάννυμαι,
3787 1958 3889 2008 καὶ

2224 2039 2544 2111 διαχέομαι·
2591 2043 2810 2097 ἐπειδάν
2854 2045 2910 2098 δὲ
2939 2044 3187 2098 ἀπελθὼν
3235 2044 3416 2098 οἴκαδε
3467 2045 3707 2115 ἐννοὴσω
3757 2044 3891 2106 τοὺς

2226 2129 2597 2198 κρατήσαντας
2626 2131 2776 2183 οὐδὲν
2805 2131 3183 2202 ὠφεληθέντας
3205 2170 3220 2196 ,
3250 2131 3362 2184 ἀλλ’
3386 2131 3438 2184 εἰ
3475 2148 3526 2182 τι
3551 2133 3647 2184 καὶ
3674 2130 3890 2200 ὠφελησ-

2227 2213 2388 2283 θῆναι
2421 2214 2548 2278 ἔδει,
2590 2216 2692 2268 ὑπὸ
2723 2216 2813 2269 τοῦ
2849 2219 3041 2289 κρότου
3074 2218 3167 2272 καὶ
3191 2217 3299 2271 τῶν
3332 2218 3570 2270 ἐπαίνων
3602 2215 3886 2270 ἀπολωλε-

2225 2303 2385 2365 κότας
2410 2342 2425 2367 ,
2461 2303 2730 2373 ὀδυνῶμαι
2760 2304 2853 2356 καὶ
2895 2305 3061 2359 στένω
3100 2305 3193 2357 καὶ
3220 2305 3440 2376 δακρύω
3460 2347 3476 2371 ,
3524 2305 3618 2357 καὶ
3647 2305 3724 2366 ὡς
3758 2305 3887 2374 είκῆ

2226 2390 2404 2443 πάντα
2425 2388 2681 2460 εἰρηκὼς,
2707 2389 2848 2442 οὑτω
2864 2391 3166 2461 διάκειμαι,
3189 2393 3281 2444 καὶ
3304 2391 3440 2462 πρὸς
3455 2390 3694 2462 ἐμαυτὸν
3715 2390 3885 2458 λέγω

2225 2478 2290 2531 Τί
2325 2481 2414 2548 μοὶ
2442 2479 2502 2532 τὸ
2527 2479 2717 2548 ὄφελος
2750 2481 2856 2534 τῶν
2884 2479 3141 2552 ἱδρώτων,
3172 2482 3278 2536 τῶν
3301 2483 3605 2536 ἀκουόντων
3632 2484 3734 2536 οὐκ
3767 2482 3892 2535 ἐθε-

2225 2565 2424 2619 λόντων
2448 2567 2785 2638 καρποῦσθαι
2811 2585 2864 2621 τι
2890 2569 3042 2641 παρά
3069 2569 3175 2622 τῶν
3205 2570 3376 2638 λόγων
3395 2569 3500 2623 τῶν
3527 2572 3656 2639 παρ’
3686 2569 3853 2640 ἡμῶν
3874 2587 3889 2631 ;

2227 2655 2319 2708 καὶ
2350 2655 2608 2719 πολλάκις
2648 2657 2904 2727 ἐνενόησα
2944 2657 3114 2711 θεῖναι
3146 2658 3307 2728 νόμον
3329 2658 3420 2711 τὸν
3445 2657 3724 2712 κωλύοντα
3752 2659 3892 2721 τοὺς

2225 2743 2452 2813 κρότους
2473 2786 2488 2810 ,
2521 2745 2613 2796 καὶ
2639 2743 2893 2797 πείθοντα
2921 2746 3058 2815 μετά
3095 2747 3252 2816 σιγῆς
3279 2747 3416 2816 ὑμᾶς
3443 2744 3747 2816 ἀκροᾶσθαι
3790 2747 3891 2799 καὶ

2225 2829 2326 2899 τῆς
2342 2833 2724 2902 προσηκούσης
2745 2831 3012 2897 εὐταξίας.
3031 2833 3189 2887 Ἀλλά
3215 2832 3525 2903 ἀνάσχεσθε,
3550 2832 3891 2902 παρακαλῶ,

2227 2920 2323 2970 καὶ
2345 2919 2600 2989 πείσθητέ
2635 2939 2726 2989 μοι
2753 2960 2767 2983 ,
2802 2921 2896 2973 καὶ
2925 2922 2973 2972 εί
3001 2920 3184 2988 δοκεῖ,
3211 2919 3396 2974 τοῦτον
3417 2918 3760 2990 κυρώσωμεν
3795 2920 3893 2973 τδν

2226 3006 2389 3076 νόμον
2411 3007 2533 3076 ἤδη,
2563 3007 2750 3077 μηδενὶ
2771 3007 2877 3060 τῶν
2899 3007 3202 3061 ἀκουόντων
3219 3008 3416 3073 ἐξεῖναι
3439 3009 3654 3078 κροτεῖν
3681 3007 3888 3076 μεταξύ

2228 3093 2474 3160 λέγοντός
2495 3109 2640 3156 τινος
2659 3133 2674 3156 ,
2699 3093 2812 3146 ἀλλ’
2842 3096 2890 3146 εἰ
2920 3093 3156 3163 βούλοιτο
3193 3093 3510 3165 θαυμάζειν,
3555 3093 3887 3164 θαυμαζέτω

2231 3181 2354 3249 σιγῇ
2375 3194 2387 3206 '
2407 3179 2576 3244 οὐδεὶς
2601 3183 2628 3232 ὁ
2644 3179 2888 3243 κωλύων,
2913 3183 3061 3235 πᾶσα
3077 3181 3132 3234 δὲ
3155 3181 3186 3252 ἡ
3214 3182 3417 3251 σπουδὴ
3433 3183 3528 3234 καὶ
3549 3184 3583 3252 ἡ
3608 3180 3888 3252 προθυμία

2231 3266 2358 3335 περὶ
2402 3264 2461 3318 τὸ
2495 3265 2743 3334 δέχεσθαι
2778 3265 2844 3318 τὰ
2870 3266 3135 3337 λεγόμενα
3170 3266 3426 3336 γινέσθω.
3460 3266 3556 3319 Διά
3577 3267 3629 3318 τί
3652 3267 3882 3335 ἐκροτὴ-

2231 3368 2391 3416 σατε;
2442 3352 2578 3422 Περί
2619 3351 2808 3405 τούτου
2849 3352 2940 3406 τὸν
2979 3353 3140 3424 νόμον
3182 3353 3372 3426 τίθημι
3406 3370 3420 3385 ⁸
3467 3356 3619 3425 ὑμεῖς
3657 3354 3714 3406 δὲ
3759 3352 3882 3405 οὐδὲ

2229 3438 2454 3493 ἀκοῦσαι
2486 3439 2741 3510 ἀνέχεσθε
2764 3452 2812 3492 ο.
2844 3440 3060 3494 Πολλῶν
3089 3441 3244 3494 τοῦτο
3267 3441 3486 3509 ἀγαθῶν
3508 3441 3671 3494 αἴτιον
3705 3438 3881 3504 ἔσται,

2232 3527 2325 3581 καὶ
2350 3527 2723 3580 διδασκάλειον
2758 3528 3096 3597 φιλοσοφίας.
3128 3529 3236 3584 Καὶ
3264 3531 3314 3582 οί
3341 3528 3449 3582 τῶν
3479 3528 3582 3594 ἔξω
3606 3527 3890 3596 φιλόσοφοι

2231 3613 2553 3683 διελέγοντο,
2576 3616 2669 3669 καὶ
2684 3615 2858 3679 οὐδεὶς
2883 3616 3115 3687 οὐδαμοῦ
3144 3617 3337 3688 κρότος
3362 3617 3544 3680 αὐτοῖς
3569 3616 3755 3669 εἵπετο
3771 3615 3895 3668 ’καὶ

2231 3703 2280 3755 οἱ
2299 3703 2581 3756 ἀπόστολοι
2602 3703 2692 3773 ἐδη
2703 3704 2996 3775 μηγόρουν,
3014 3705 3109 3758 καὶ
3129 3704 3362 3776 οὐδαμοῦ
3373 3703 3533 3757 τοῦτο
3545 3703 3892 3777 πρόσκειται,

2232 3791 2313 3844 ὅτι
2339 3791 2542 3861 μεταξὺ
2574 3791 2838 3860 λεγόντων
2870 3794 3096 3846 ἐκείνων
3133 3796 3244 3857 τοῖς
3287 3793 3499 3864 κρότοις
3526 3793 3816 3847 διέκοπτον
3846 3795 3896 3846 οί

2233 3879 2524 3944 ἀκούοντες
2547 3880 2646 3950 ,τὸν
2675 3881 2919 3949 λέγοντα.
2962 3881 3120 3950 Μέγα
3140 3882 3299 3935 τοῦτο
3318 3881 3505 3952 κέρδος
3527 3883 3686 3952 ἡμῖν.
3734 3880 3899 3936 Ἀλλά

2233 3969 2571 4040 κυρώσωμεν
2594 3970 2750 4023 τοῦτο
2769 3986 2783 4000 ’
2815 3968 2934 4040 μεθ’
2964 3969 3194 4040 ἡσυχίας
3222 3969 3422 4032 πάντες
3442 3969 3764 4040 ἀκούωμεν,
3804 3971 3898 4023 καὶ

2233 4056 2482 4126 λέγωμεν
2508 4057 2741 4110 ἅπαντα.
2789 4058 2850 4109 Εἰ
2883 4057 2980 4126 μὲν
3003 4058 3112 4126 γάρ
3144 4057 3282 4128 μετὰ
3305 4057 3432 4120 τοὺς
3457 4057 3690 4127 κρότους
3711 4059 3902 4130 ἀπῄει-

2239 4161 2338 4214 μεν
2385 4144 2598 4214 ἐχοντες
2645 4144 2786 4216 άπερ
2817 4144 3162 4215 ἠκούσαμεν,
3195 4145 3428 4216 μάλιστα
3463 4145 3562 4214 μὲν
3588 4145 3717 4198 οὐδέ
3755 4145 3900 4199 οὕτω

2233 4232 2500 4302 χρήσιμος
2528 4234 2556 4284 ό
2588 4231 2801 4297 ἔπαινος
2834 4233 2969 4302 (ἀλλ’
3004 4233 3103 4286 οὐκ
3128 4232 3194 4286 ἂν
3221 4232 3742 4304 ἡκριϐολογησάμην
3775 4249 3790 4261 ο
3827 4235 3901 4305 μὴ

2239 4318 2306 4388 μέ
2343 4335 2427 4383 τις
2465 4319 2756 4390 ἀγροικίας
2794 4320 3073 4392 γραφέτω)
3099 4337 3112 4353 ο
3131 4320 3318 4392 ἐπειδὴ
3344 4320 3404 4373 δὲ
3433 4320 3600 4392 μηδὲν
3624 4321 3688 4373 τὸ
3710 4321 3900 4385 πλέον,

2236 4405 2372 4460 ἀλλά
2402 4408 2496 4461 καὶ
2530 4407 2700 4478 βλάϐη
2723 4449 2739 4474 ,
2785 4408 3034 4480 λύσωμεν
3076 4409 3138 4462 τὸ
3185 4408 3410 4480 κώλυμα
3431 4450 3448 4477 ,
3497 4409 3787 4481 ἀνέλωμεν
3836 4411 3904 4463 τά

2237 4496 2620 4566 σκιρτήματα,
2659 4497 2981 4568 ἐκκόψωμεν
3020 4497 3092 4551 τά
3136 4497 3428 4569 πηδήματα
3464 4498 3563 4568 τῆς
3589 4498 3802 4570 ψυχῆς.
3845 4499 3905 4552 ’0

2234 4583 2465 4654 Χριστὸς
2500 4585 2911 4655 ἐδημηγόρησεν
2938 4585 3029 4638 ἐπὶ
3052 4583 3144 4638 τοῦ
3173 4586 3331 4656 δρους
3349 4599 3364 4614 ’
3394 4585 3508 4638 ἀλλ’
3534 4586 3713 4649 οὐδεὶς
3743 4587 3906 4640 οὐδὲν

2232 4666 2411 4737 εἶπεν,
2438 4672 2540 4735 ἓως
2570 4673 2659 4725 ὅτε
2684 4673 2776 4725 τὸν
2807 4672 2962 4742 λόγον
3002 4672 3267 4726 ἐτέλεσεν.
3309 4673 3424 4726 Οὐκ
3445 4673 3743 4744 ἀποστερῶ
3778 4677 3907 4737 τούς

2236 4757 2589 4828 βουλομένους
2620 4759 2947 4829 κροτεῖσθαι,
2968 4759 3101 4812 ἀλλά
3121 4759 3318 4830 μᾶλλον
3335 4760 3711 4829 θαυμάζεσθαι
3739 4761 3904 4814 ποιῶ.

2237 4847 2422 4918 [Ιολλῷ
2449 4847 2655 4919 βέλτιον
2684 4849 2822 4919 μετὰ
2849 4849 3009 4919 σιγῆς
3029 4849 3368 4912 ἀκούσαντα,
3402 4849 3491 4902 διὰ
3528 4849 3629 4919 τῆς
3671 4851 3907 4920 μνήμης

2233 4935 2292 4985 ἐν
2333 4935 2494 4988 παντὶ
2525 4934 2603 5005 τῷ
2635 4935 2808 5006 χρόνῳ
2838 4937 3074 5006 κροτεῖν,
3101 4937 3194 4988 καὶ
3225 4939 3282 4990 ἐν
3305 4935 3452 5006 οἰκίᾳ
3479 4935 3572 4988 καὶ
3605 4936 3665 4989 ἐν
3697 4937 3907 5008 ἀγορᾷ,

2233 5020 2265 5090 ἢ
2314 5021 2490 5073 πάντα
2533 5021 2873 5074 ἀπολέσαντα
2915 5022 3254 5092 ἀπέρχεσθαι
3304 5021 3490 5076 οἴκαδε
3539 5022 3698 5074 κενὸν
3725 5065 3742 5089 ,
3807 5025 3910 5077 οὐκ

2233 5106 2425 5177 ἔχοντα
2451 5105 2560 5159 τῶν
2591 5110 2801 5178 κρότων
2829 5108 2927 5179 τὴν
2966 5108 3238 5165 ὑπόθεσιν.
3265 5109 3390 5172 Πῶς
3418 5108 3524 5180 γάρ
3560 5108 3622 5162 οὐ
3661 5110 3911 5178 καταγέ-

2231 5195 2427 5258 λαστος
2455 5197 2482 5248 6
2508 5196 2816 5267 άκροατής;
2848 5197 2964 5260 πῶς
2989 5196 3048 5248 οὐ
3073 5196 3238 5261 κόλαξ
3267 5197 3363 5250 καὶ
3401 5197 3564 5267 εἴρων
3583 5196 3611 5235 ἀ
3635 5198 3906 5268 νομισθή-

2234 5299 2384 5336 σεται
2409 5283 2628 5354 μιῖιλλον⁹
2648 5285 2729 5336 ὅτι
2763 5285 2859 5353 μὲν
2887 5285 3066 5348 καλῶς
3092 5281 3246 5338 εἶπεν
3270 5287 3298 5339 6
3321 5285 3636 5349 διδάσκαλος
3667 5287 3913 5356 ἀποφαι-

2231 5371 2453 5440 νόμενος
2472 5411 2488 5437 ,
2519 5371 2571 5423 τί
2594 5371 2650 5424 δὲ
2677 5367 2830 5425 εἶπεν
2861 5372 2959 5424 οὐκ
2984 5371 3123 5442 ἔχων
3150 5372 3318 5438 δεῖξαι
3347 5391 3361 5440 ;
3391 5373 3566 5426 Τοῦτο
3601 5373 3909 5438 κολακείας

2229 5460 2396 5512 ἐστίν.
2413 5459 2472 5511 Ὀ
2517 5459 2614 5528 μὲν
2651 5457 2760 5530 γὰρ
2805 5459 3116 5531 κιθαρῳδῶν
3159 5461 3397 5524 ἀκούσας
3435 5462 3529 5514 καὶ
3577 5463 3912 5532 τραγῳδῶν,

2229 5547 2453 5609 εἰκότως
2480 5546 2549 5599 ἂν
2573 5546 2729 5598 τοῦτο
2751 5546 2934 5610 πάθοι,
2967 5548 3062 5601 ἀτε
3089 5549 3188 5601 οὐκ
3207 5549 3366 5610 εἰδὼς
3389 5549 3590 5618 ὁμοίως
3617 5549 3719 5620 τὴν
3744 5551 3916 5621 ῥῆσιν

2227 5637 2579 5690 εἰπεῖνοὲνθα
2605 5636 2662 5688 δὲ
2707 5635 2767 5686 οὐ
2821 5635 3013 5704 μέλους
3061 5638 3317 5704 ἐπίδειξίς
3355 5641 3500 5691 ἐστιν
3539 5639 3663 5692 οὐδέ
3689 5644 3916 5710 φωνῆς,

2289 5790 2318 5817 ι
2360 5777 2457 5854 Α]ἰὶ
2482 5780 2608 5854 ὅπως
2619 5779 2940 5850 ξύφράνωμεν,
2963 5781 3050 5841 οὐχ
3080 5781 3209 5854 ξπως
3241 5779 3917 5854 ὠφελήσωμενῖσκοποῦντες,

2225 5842 2354 5894 ὅπως
2393 5842 2749 5901 θαυμάσωμεν.
2816 5845 2841 5870 ⁸
2864 5843 3006 5890 Alius
3046 5842 3220 5896 τίθημι,
3267 5842 3346 5887 καὶ
3385 5841 3517 5899 ὑμεῖς
3559 5841 3778 5892 ἀκοῦσαι
3825 5846 3921 5893 οὐκ

2226 5900 2489 5964 ἀνέχεοθερ
2527 5900 2550 5940 ἀ
2584 5901 2675 5950 Alii
2708 5903 2956 5964 ἀκροατής,
2989 5904 3063 5948 καὶ
3092 5904 3250 5961 κόλαξ,
3283 5903 3358 5949 καὶ
3397 5903 3552 5962 εἴρων.
