3950 6208
208 329 287 381 εὖ
1043 318 1107 373 IN
1149 319 1326 373 ACTA
1368 321 1884 379 Al‘OS'I'OLORUM.
1926 324 2149 378 llOMlL.
2202 324 2367 377 XXX.

208 446 262 492 tio
281 454 334 491 ex
360 433 668 489 immoderato
696 433 872 485 studio
900 432 1093 501 prodiit
1123 450 1137 496 ;
1167 448 1347 485 verum
1380 434 1538 488 etiam
1571 436 1691 487 hinc

204 528 493 597 apostatarum
518 525 671 577 virtus
693 522 1006 576 ostenditur.
1040 521 1107 575 Et
1136 522 1257 577 vide
1286 525 1559 592 quomodo
1580 539 1693 576 ont-

203 621 265 671 uia
287 619 448 685 ubique
476 616 575 669 Deo
602 615 846 667 referant.
879 613 987 666 llos
1016 623 1071 667 et
1102 629 1198 665 nos
1224 615 1493 667 imitemur
1520 633 1531 667 :
1564 615 1692 669 nihil

201 721 386 762 intstrnm
412 723 519 761 esse
562 717 818 774 putemus,
851 707 1278 775 quandoquidem
1321 723 1386 760 ne
1432 708 1544 777 ipsa
1572 708 1691 777 qui~

199 800 289 853 dent
314 801 421 851 lides
438 808 607 851 nostra
628 808 724 851 est.
748 797 899 863 Quod
929 808 1106 851 autem
1138 809 1318 852 nostra
1349 816 1451 852 non
1478 801 1569 864 sit,
1598 800 1689 852 sed

201 894 325 961 magis
344 891 435 954 Dei,
462 889 578 942 andi
601 889 816 943 Paulum
844 889 1107 943 dicentem
1139 908 1152 944 :
1183 888 1248 942 Et
1274 891 1367 943 Itoc
1395 909 1491 943 non
1517 908 1579 943 ea:
1604 908 1696 942 no-

200 983 265 1041 bis.
288 980 362 1034 Dei
382 984 551 1033 donum
579 978 789 1051 (Ep/tes.
822 980 875 1033 2.
911 981 987 1049 8).
1017 980 1093 1035 Ne
1122 982 1298 1052 itaque
1328 985 1492 1037 altum
1519 984 1691 1052 sapia-

199 1091 282 1128 mus
299 1090 376 1128 nec
396 1075 643 1138 inflentur,
671 1088 791 1127 cum
822 1075 1066 1128 homines
1090 1075 1277 1137 simus,
1299 1085 1434 1129 terra
1458 1087 1510 1130 et
1534 1075 1688 1141 cinis,

198 1167 327 1219 fumus
351 1176 397 1220 et
440 1165 636 1219 umbra.
678 1166 769 1219 [tie
795 1148 933 1218 enim
969 1166 1095 1219 mitti
1123 1208 1136 1223 .
1176 1183 1272 1219 cur
1308 1168 1475 1221 altum
1504 1169 1691 1236 sapis?

197 1256 528 1326 Elecumsynam
557 1256 749 1311 dedisti
777 1268 829 1311 et
871 1259 1120 1325 pecunias
1151 1258 1425 1312 eﬂ‘udisti?
1463 1258 1528 1312 Et
1566 1260 1689 1328 quid

196 1349 265 1400 hoc
284 1348 301 1399 ?
320 1347 473 1415 COgita
504 1348 545 1400 si
575 1347 837 1401 noluisset
868 1358 917 1402 te
946 1348 1083 1401 Deus
1110 1349 1328 1402 divitem
1361 1347 1534 1403 facere
1563 1369 1575 1401 :
1602 1366 1692 1403 eo-

194 1439 269 1506 gita
293 1454 365 1490 eos
399 1438 474 1507 qui
502 1438 675 1508 inopia
706 1449 1020 1507 premuntur
1046 1456 1060 1503 ;
1095 1442 1201 1493 imo
1227 1442 1396 1509 cogita
1423 1452 1552 1510 quot
1579 1442 1689 1509 ipsa

193 1546 359 1598 corpora
387 1532 781 1598 impenderunt,
809 1543 861 1585 et
889 1544 1168 1602 postquam
1200 1535 1476 1589 innumera
1506 1552 1691 1605 eroga-

197 1634 349 1682 rerant,
369 1624 545 1689 seipsos-
571 1625 803 1677 miseros
824 1624 1090 1677 dixerunt.
1114 1624 1191 1678 Tu
1222 1636 1439 1693 propter
1466 1627 1689 1694 teipsum

197 1714 360 1776 dedisti,
380 1716 593 1769 Christus
624 1727 846 1783 propter
877 1731 926 1770 te
956 1734 969 1767 :
1007 1730 1057 1769 tu
1087 1718 1227 1784 quod
1257 1717 1487 1773 debebas
1516 1720 1693 1773 reddi-

202 1807 295 1858 disti
314 1849 324 1867 ,
349 1804 548 1861 Christus
592 1809 731 1861 ttiltil
778 1809 869 1861 tibi
896 1809 1139 1865 debebat.
1180 1808 1309 1863 Vide
1330 1826 1487 1879 quam
1518 1813 1692 1864 incer-

208 1913 287 1950 tum
311 1900 361 1951 sit
390 1899 591 1953 futurum
615 1942 632 1963 ,
671 1910 726 1955 et
753 1918 817 1954 ne
854 1900 1016 1953 altum
1055 1902 1229 1968 sapias
1253 1942 1265 1962 ,
1296 1901 1388 1955 sed
1425 1901 1551 1956 time
1580 1922 1594 1955 :
1625 1920 1689 1957 ne

206 1992 379 2043 virtutem
415 2008 467 2043 ex
513 1994 819 2060 arrogantia
870 1992 1095 2045 minuas.
1143 1992 1230 2045 V’is
1274 2007 1397 2047 vere
1440 2008 1687 2063 magnum

197 2080 391 2148 quodpiam
432 2082 642 2136 facere?
675 2082 751 2137 Ne
798 2098 1045 2152 umquam
1090 2098 1383 2152 prmsumas
1423 2094 1688 2153 tamquam

188 2176 237 2225 de
260 2177 416 2240 magnis
435 2178 704 2246 operibus.
737 2179 803 2229 At
828 2179 974 2246 virgo
998 2193 1056 2231 es
1079 2176 1101 2229 ?
1133 2177 1323 2231 Verum
1354 2178 1454 2231 illm
1478 2194 1689 2248 quoque

189 2270 359 2335 virgines
384 2282 539 2335 erant,
571 2282 628 2325 et
665 2282 881 2339 propter
909 2271 1279 2325 crudelitatem
1309 2283 1363 2327 et
1391 2272 1687 2327 inhumani-

187 2368 301 2410 tat-nt
328 2361 436 2413 nihil
464 2364 657 2430 profuit
706 2362 834 2430 ipsis
867 2362 1158 2430 virginitas.

235 2448 1088 2507 Humilitascommendatur.——Ni|til
1110 2452 1391 2507 humilitati
1422 2470 1513 2523 par
1539 2472 1550 2505 :
1578 2455 1689 2509 ha:c

185 2554 305 2596 mater
324 2556 423 2610 est,
453 2548 595 2601 radix
621 2590 636 2611 ,
676 2547 848 2600 nutrix
872 2586 887 2611 ,
921 2547 1303 2609 fulcimentum,
1339 2557 1391 2602 et
1421 2550 1684 2603 vinculum

186 2640 384 2691 bonorum
411 2655 425 2693 :
456 2641 565 2695 sine
592 2642 685 2694 illa
718 2640 1094 2705 abominandi,
1140 2640 1451 2694 exsecrandi
1493 2651 1545 2693 ct
1587 2642 1687 2693 itit-

185 2730 263 2793 puri
281 2745 461 2783 sumus.
493 2731 617 2784 Esto
638 2731 782 2785 enim
811 2734 927 2800 quis
947 2773 962 2794 ,
989 2733 1034 2784 si
1067 2732 1271 2799 placet,
1308 2732 1409 2801 .qui
1453 2744 1690 2786 mortuos

184 2821 374 2887 suscitet,
403 2822 616 2876 claudos
647 2824 846 2891 erigat,
892 2824 1132 2891 leprosos
1181 2830 1397 2877 ntundet
1436 2840 1556 2876 cum
1600 2840 1689 2877 ar-

183 2915 397 2979 rogantia:
429 2916 554 2967 nihil
587 2916 695 2969 hoc
725 2915 981 2983 impurius
1005 2955 1019 2978 ,
1053 2914 1184 2967 nihil
1227 2917 1393 2984 magis
1432 2915 1686 2983 impium,

183 3003 272 3057 nihil
295 3007 568 3061 scelestius.
600 3006 744 3061 Nihil
778 3008 849 3061 tui
879 3008 1043 3075 ipsius
1068 3022 1187 3061 esse
1213 3016 1415 3075 reputa.
1446 3008 1689 3061 Faculta-

182 3108 254 3149 teat
290 3100 416 3153 verbi
460 3111 515 3155 et
561 3102 824 3154 doctrina:
867 3099 1088 3167 gratiam
1140 3099 1345 3153 habes?
1387 3099 1462 3154 Ne
1491 3100 1609 3154 idco
1641 3111 1689 3154 te

183 3197 291 3251 platea
315 3192 417 3257 plus
440 3207 597 3261 quam
628 3190 766 3243 alios
794 3190 1010 3244 habere.
1043 3189 1163 3244 ldeo
1192 3192 1422 3245 maxime
1450 3203 1501 3245 te
1531 3192 1691 3244 humi-

182 3282 257 3331 ἤδη
278 3294 496 3351 oportet,
527 3286 656 3352 quia
701 3283 939 3352 pluribus
981 3284 1226 3353 dignatus
1269 3300 1331 3337 es
1370 3284 1545 3336 donis.
1596 3283 1689 3337 (iui

182 3376 277 3426 aint
319 3376 424 3443 plus
466 3376 784 3440 dimittitur,
838 3375 955 3443 plus
1000 3374 1182 3445 diliget
1232 3374 1397 3445 (Luc.
1444 3377 1495 3428 7.
1549 3375 1686 3445 47).

186 3462 309 3531 hique
332 3468 583 3520 humiliari
616 3477 672 3521 te
697 3476 943 3535 oportet,
978 3468 1095 3536 quia
1126 3467 1244 3521 aliis
1275 3468 1645 3536 prwtermiSsis
1672 3510 1687 3534 ,

183 3554 239 3606 tibi
274 3562 436 3612 annuit
482 3559 647 3613 Deus.
702 3559 810 3612 llac
855 3558 925 3613 de
975 3573 1132 3613 causa
1165 3559 1292 3613 time
1326 3576 1337 3611 :
1370 3575 1515 3631 saepe
1544 3560 1686 3615 enim

176 3648 243 3699 hoc
262 3648 335 3702 tibi
359 3652 606 3719 perniciei
641 3664 803 3704 causa
829 3659 945 3716 est,
975 3651 1073 3703 nisi
1100 3652 1422 3721 vigitaveris.

223 3735 353 3805 0pm
374 3742 527 3811 magis
552 3758 714 3807 quam
738 3741 882 3794 verba
906 3742 1190 3795 insinuatur
1215 3743 1689 3812 disciplina.—Cur

172 3832 287 3885 altum
313 3836 480 3903 sapis?
506 3838 633 3905 quia
670 3835 846 3888 verbis
868 3833 1065 3889 doces?
1099 3833 1203 3889 Sed
1238 3834 1387 3889 facile
1414 3844 1495 3890 est
1513 3836 1685 3904 philo-

170 3922 327 3987 sophari
355 3926 528 3980 verbis
558 3945 569 3981 :
603 3926 741 3979 doce
772 3942 855 3979 me
899 3942 991 3994 per
1023 3927 1179 3980 vitam
1235 3936 1375 3981 luant
1408 3943 1421 3979 :
1452 3928 1568 3981 haec
1606 3938 1689 3983 est

168 4013 315 4077 optim
335 4016 596 4071 doctrina.
636 4017 812 4081 Dicis,
846 4017 1102 4071 modestia
1141 4033 1275 4085 opus
1305 4033 1423 4071 esse
1449 4060 1464 4081 ,
1495 4028 1549 4072 et
1591 4018 1688 4072 hac

168 4102 495 4177 derelougum
525 4111 670 4163 texis
712 4124 1050 4174 sermonem,
1097 4118 1256 4179 atque
1297 4111 1526 4163 oratoria
1571 4112 1686 4164 sine

167 4194 275 4251 Obice
300 4201 446 4255 verba
476 4200 806 4271 profundis?
839 4204 905 4255 At
932 4202 1118 4256 melior
1161 4210 1211 4255 te
1254 4212 1336 4255 est
1377 4203 1465 4256 ille
1488 4241 1503 4267 ,
1546 4203 1685 4257 dicet

166 4288 401 4352 impiam,
430 4293 519 4361 qui
553 4293 659 4345 hoc
684 4291 936 4362 operibus
966 4308 1052 4347 me
1085 4293 1257 4347 docet.
1292 4291 1408 4348 Non
1439 4294 1581 4347 enim
1615 4295 1682 4347 ita

165 4383 364 4434 manuari
392 4386 566 4438 solent
595 4386 789 4437 animis
816 4384 1110 4453 disciplina:
1135 4386 1311 4439 verbis
1332 4424 1348 4449 ,
1398 4395 1455 4440 ut
1505 4387 1683 4454 Operi-

165 4470 236 4521 ιω
260 4489 271 4522 :
299 4489 408 4527 nam
439 4478 541 4529 nisi
572 4492 736 4545 Opera
766 4476 965 4531 habeas
987 4518 1001 4543 ,
1036 4494 1138 4531 non
1172 4479 1329 4531 modo
1361 4494 1462 4532 non
1492 4480 1683 4547 prodes

164 4563 327 4627 καλε.
358 4568 447 4621 sed
474 4570 642 4621 etiam
683 4570 849 4638 magis
897 4584 1076 4635 noces.
1122 4569 1309 4623 Melius
1356 4580 1438 4623 est
1486 4581 1680 4625 tacere.

161 4656 322 4711 Quare?
349 4661 475 4723 Quia
504 4674 621 4711 rem
654 4659 778 4711 mihi
802 4659 1180 4727 intpossibilem
1200 4660 1473 4729 proponis.
1496 4660 1683 4731 Cogito

161 4754 296 4806 tanta,
320 4750 359 4799 si
386 4759 439 4800 tu
465 4752 555 4817 qui
588 4760 731 4803 tanta
757 4750 1011 4817 loqueris,
1041 4766 1146 4803 non
1176 4749 1343 4813 facis;
1378 4752 1543 4806 multo
1573 4770 1683 4805 ma-

160 4846 217 4896 ςιι
238 4852 310 4889 tlte
330 4843 474 4892 teuia
504 4842 723 4911 dignum
750 4856 867 4895 esse
889 4880 904 4899 .
936 4842 1023 4910 qui
1066 4842 1199 4895 nihil
1242 4842 1383 4896 dico.
1436 4843 1559 4897 Ideo
1610 4845 1685 4897 ait

162 4928 368 4993 Mpheta
401 4948 413 4981 :
449 4930 712 4985 Peccatori
782 4944 950 4984 autent
997 4934 1126 4985 dixit
1175 4932 1351 4999 Deus,
1416 4934 1585 5000 Quare
1631 4944 1684 4987 tu

159 5032 321 5074 Mm
358 5027 587 5094 jwitiaa
639 5042 772 5079 utea:
820 5024 1010 5094 (Ptol.
1054 5026 1143 5080 49.
1180 5026 1513 5096 l6)?Majus
1540 5029 1682 5081 enim

164 5108 235 5163 hoc
257 5130 618 5173 uocumeutum
649 5130 750 5186 est,
782 5135 903 5173 cum
934 5120 1052 5188 quis
1079 5129 1227 5176 recte
1256 5120 1455 5175 docens
1484 5123 1679 5187 verbis,

160 5202 405 5263 doctrinam
433 5210 589 5265 factis
618 5213 906 5283 impugnat.
940 5214 1048 5267 lloc
1076 5215 1362 5266 multorum
1392 5215 1442 5267 in
1497 5214 1682 5268 Eccle-

161 5296 229 5345 sia
247 5296 332 5352 fuit
355 5316 511 5355 causa
544 5304 821 5359 malorutn.
857 5306 1142 5373 Propterea
1178 5304 1450 5372 ignoscite,
1476 5320 1679 5373 quazso,

160 5390 264 5449 ‘luod
283 5408 449 5448 sermo
481 5396 580 5449 hac
605 5398 653 5449 in
687 5415 744 5451 re
766 5398 973 5467 longius
1003 5407 1268 5451 excurrat.
1319 5398 1465 5449 Multi
1518 5398 1681 5450 nmlta

161 5482 349 5545 lactant,
382 5496 439 5538 ut
466 5487 518 5538 in
547 5489 716 5541 medio
744 5499 946 5543 stantes
984 5489 1198 5558 longum
1253 5489 1522 5557 proferant
1570 5501 1683 5539 ser-

160 5586 332 5629 monem
368 5594 379 5629 :
409 5587 462 5630 et
506 5580 551 5630 si
598 5582 838 5649 plausum
891 5582 1240 5635 multitudinis
1286 5588 1678 5648 assequamur,

160 5664 337 5719 Winde
364 5670 591 5735 gaudent
617 5689 676 5726 ac
703 5674 746 5725 si
780 5690 994 5742 regnum
1034 5676 1423 5734 obtinuissent;
1469 5672 1516 5725 si
1554 5684 1681 5723 vero

160 5764 251 5805 (ιιι
275 5755 478 5813 silentio
520 5760 721 5817 dicendi
768 5766 923 5819 tinem
974 5764 1203 5835 faciant,
1249 5764 1495 5838 gehenna
1546 5760 1679 5829 ipsis

3267 339 3371 392 226

1806 437 2017 502 gravius
2042 445 2093 488 et
2119 437 2395 490 onerosins
2421 448 2501 490 est
2538 440 2638 494 tale
2688 443 2975 496 silentium.
3027 444 3136 501 Hoc
3187 448 3375 505 Eccle-

1803 525 1910 577 sias
1944 526 2242 591 subvertit,
2274 530 2412 597 quod
2455 547 2546 584 vos
2586 548 2688 585 non
2731 539 2982 603 quaeratis
3020 539 3177 594 \erba
3221 558 3373 599 com-

1804 619 2104 683 punctionis
2126 663 2138 684 ,
2173 621 2263 674 sed
2292 638 2408 690 qua:
2438 623 2703 678 oblectent
2730 638 2781 681 et
2809 644 2942 683 sono
2987 641 3038 685 et
3087 636 3373 693 verborum

1800 712 2206 778 eonipositiaue,
2239 731 2301 767 ac
2322 716 2364 767 si
2396 728 2643 771 cantores
2668 731 2721 773 et
2745 722 3063 779 citharoedos
3078 728 3369 797 audiretis;

1800 812 1851 854 et
1884 818 1978 855 nos
2010 803 2193 871 frigide
2222 821 2283 859 ae
2318 808 2510 861 misvre
2551 821 2759 865 vestros
2799 814 3017 870 allectus
3063 835 3368 889 sequantur,

1798 909 1931 962 quos
1960 896 2275 950 exscindere
2303 910 2593 965 oporteret.

1866 984 2289 1055 4.1dipsmnque
2330 989 2581 1053 facimus,
2628 1007 2692 1047 ac
2741 993 2785 1046 si
2835 1004 2983 1061 pater
3019 999 3174 1053 nimis
3225 1005 3369 1058 molli

1801 1090 1998 1141 puero,
2031 1079 2129 1129 etsi
2166 1079 2482 1144 infirntanti,
2514 1082 2756 1152 frigidam
2788 1086 3118 1157 placentam,
3161 1104 3214 1147 et
3252 1113 3369 1165 quae

1797 1167 1968 1218 solum
2001 1168 2269 1222 oblectant
2302 1174 2566 1242 porrigat;
2610 1175 2815 1229 utilium
2866 1194 2994 1234 vero
3032 1184 3229 1237 nullam
3277 1201 3371 1239 cu-

1802 1272 1913 1309 ram
1945 1257 2135 1311 habeat
2167 1277 2180 1311 :
2212 1260 2404 1315 deinde
2429 1278 2458 1315 a
2488 1264 2707 1319 medicis
2737 1267 3043 1338 objurgatus
3065 1311 3082 1339 ,
3112 1274 3177 1326 ad
3206 1290 3369 1329 excu-

1797 1347 2056 1400 sationem
2090 1348 2261 1415 dicat,
2290 1352 2423 1417 Quid
2456 1351 2681 1407 faciam?
2707 1355 2921 1411 ﬂentem
2967 1377 3184 1429 puerum
3231 1365 3371 1420 ferre

1799 1452 2023 1505 nequeo.
2054 1439 2232 1503 Miser,
2257 1442 2440 1495 infelix
2462 1453 2514 1497 et
2544 1445 2783 1512 proditor
2814 1466 2825 1500 :
2862 1466 3033 1519 neque
3057 1453 3198 1508 enim
3228 1455 3367 1511 hunc

1799 1540 1998 1596 patrem
2039 1532 2305 1586 dixerim:
2342 1551 2497 1602 quant
2548 1538 2738 1593 melius
2787 1551 2962 1606 esset,
3014 1544 3161 1599 illum
3206 1562 3367 1616 parvo

1800 1632 2039 1691 tempore
2060 1626 2266 1679 tristitia
2293 1628 2537 1682 affectum
2558 1632 2802 1698 perfectae
2828 1635 3037 1688 sanitati
3062 1640 3363 1710 restituere,

1798 1728 1953 1781 quam
1988 1724 2383 1782 temperant-ant
2414 1720 2635 1788 gratiam
2670 1727 2902 1791 perpetui
2952 1732 3197 1782 ntwroris
3243 1748 3368 1785 cau-

1796 1819 1908 1858 sam
1956 1808 2165 1863 facere!
2218 1810 2323 1865 lloc
2370 1822 2423 1867 et
2470 1830 2566 1868 nos
2620 1815 2871 1884 facimus,
2917 1819 3042 1873 dum
3070 1824 3365 1893 elegantem

1796 1901 2089 1954 orationem
2146 1904 2407 1959 curiosius
2464 1908 2751 1975 qrnerimus
2806 1921 2859 1964 et
2928 1917 3365 1983 compositionem

1799 1990 2233 2062 harmoniamque
2258 2035 2273 2056 ,
2308 2006 2363 2049 ut
2395 1996 2723 2065 placeamus,
2757 2018 2859 2054 non
2888 2014 2943 2057 ut
2974 2009 3274 2073 prosimus;
3307 2020 3365 2062 ut

1795 2080 2129 2136 admiratiooi
2159 2085 2479 2151 habeantur,
2515 2105 2617 2143 non
2648 2099 2701 2143 ut
2746 2093 3069 2161 doceamus;
3122 2110 3177 2151 ut
3216 2101 3367 2155 oble-

1795 2181 2021 2239 ctemns,
2043 2190 2144 2229 non
2175 2185 2230 2228 ut
2255 2191 2703 2247 compungamus;
2730 2192 2785 2234 ut
2812 2200 2929 2235 cum
2956 2186 3140 2253 plausu
3165 2200 3217 2243 et
3243 2191 3361 2245 lau-

1794 2263 1951 2317 dibus
1976 2266 2314 2320 discedamus
2334 2310 2347 2333 ,
2384 2286 2489 2321 non
2516 2280 2572 2323 ut
2600 2287 2775 2325 mores
2805 2290 3209 2345 componamus.

1870 2352 2088 2410 Plausus
2102 2361 2350 2427 quomodo
2378 2361 2651 2431 excipiebat
2676 2362 3365 2434 Cltrgsostontus.-Credite

1796 2445 1922 2499 mihi
1948 2462 2050 2501 non
2074 2449 2168 2501 abs
2191 2465 2247 2503 re
2273 2449 2504 2515 dicenti,
2528 2468 2647 2505 cum
2674 2456 2967 2522 praedicans
2994 2460 3235 2515 laudibus
3267 2479 3363 2517 ex-

1793 2540 1961 2608 cipior
1983 2581 1999 2607 ,
2030 2541 2122 2594 illo
2159 2543 2371 2611 quidem
2400 2554 2636 2613 tempore
2678 2546 2964 2601 humamnn
3003 2551 3126 2619 quid
3167 2563 3254 2621 pat
3275 2571 3359 2619 or,

1796 2632 1931 2703 (cur
1958 2635 2097 2686 enim
2126 2650 2246 2688 vera
2294 2652 2397 2689 non
2438 2638 2662 2690 dixerim
2684 2639 2748 2707 ἲ)
2780 2640 2931 2694 betur
2972 2653 3025 2697 et
3069 2646 3313 2700 effuttdor
3344 2666 3357 2701 :

1795 2722 1882 2775 ubi
1922 2736 2044 2777 vero
2069 2725 2283 2778 domum
2316 2742 2579 2794 reversus,
2607 2732 2783 2798 Cogito
2812 2732 3121 2799 plaudentes
3160 2738 3364 2794 nullum

1794 2829 2072 2884 excepisse
2101 2810 2361 2882 fructum;
2398 2820 2490 2872 sed
2520 2821 2562 2871 si
2589 2822 2711 2887 quid
2741 2824 2975 2877 utilitatis
3003 2826 3363 2896 accipiendum

1796 2914 1944 2969 erat,
1976 2906 2103 2959 illud
2130 2922 2194 2960 ex
2224 2909 2409 2976 plausu
2438 2919 2488 2963 et
2520 2906 2763 2964 laudibus
2791 2914 3045 2981 periisse,
3075 2918 3365 2976 discrucior

1794 3004 1850 3049 et
1881 2997 2197 3066 ingemisco,
2228 3000 2511 3071 lacryntor,
2539 3016 2601 3055 ac
2625 3004 2669 3056 si
2696 3007 2871 3059 omnia
2899 3008 3089 3060 frustra
3113 3010 3359 3080 dixerim,

1794 3086 1864 3139 ita
1895 3087 2147 3152 affectus,
2180 3091 2415 3160 mihique
2438 3092 2535 3160 ipsi
2564 3092 2683 3147 dico
2713 3111 2724 3145 :
2759 3099 2887 3161 Qua:
2914 3098 3040 3150 tnilti
3085 3114 3156 3154 ex
3200 3102 3361 3157 sudo-

1794 3179 1937 3232 ribus
1965 3180 2199 3247 utilitas,
2248 3198 2368 3235 cum
2410 3184 2678 3239 auditores
2716 3186 2845 3239 nilnl
2886 3203 2955 3241 ex
3005 3189 3183 3246 vi'rbis
3232 3196 3365 3248 meis

1797 3273 2035 3328 utilitatis
2052 3277 2324 3345 percipere
2350 3278 2645 3332 voluerint?
2673 3296 2919 3350 sa'pcque
2944 3285 3169 3353 cogitari
3196 3288 3364 3357 legem

1796 3366 2033 3432 proferre
2061 3368 2275 3436 plausus
2305 3368 2671 3436 prohibentem
2694 3414 2707 3435 ,
2742 3383 2795 3425 et
2825 3377 3145 3441 persuadere
3172 3380 3322 3433 Vobis
3344 3420 3363 3449 ,

1799 3467 1855 3510 ut
1884 3473 2003 3511 cunt
2035 3461 2245 3514 silentio
2293 3462 2520 3516 audiatis
2568 3473 2622 3517 et
2667 3480 2787 3517 cum
2830 3466 3038 3520 decenti
3083 3473 3362 3527 modestia.

1794 3548 1899 3603 Sed
1938 3550 2199 3605 sustinete
2223 3592 2239 3615 ,
2269 3569 2484 3622 quaeso,
2516 3564 2569 3609 et
2591 3554 2794 3610 credite
2820 3556 2982 3620 mihi;
3025 3573 3118 3624 ac,
3158 3562 3201 3614 si
3246 3562 3364 3631 pla-

1792 3652 1876 3695 cet
1895 3682 1911 3707 ,
1944 3641 2081 3696 hanc
2110 3640 2384 3698 ﬁrmemus
2413 3645 2581 3713 legem
2614 3664 2627 3699 :
2655 3661 2723 3701 ne
2750 3646 2836 3702 cui
2859 3649 3159 3704 auditorum
3205 3652 3365 3708 liceat

1794 3735 2095 3804 loquentem
2143 3736 2411 3803 plausibus
2457 3738 2830 3807 interpellare;
2880 3739 2975 3794 sed
3019 3741 3063 3795 si
3111 3742 3363 3798 admirari

1791 3826 2041 3889 voluerit,
2073 3826 2239 3881 silens
2264 3828 2556 3882 admiretur
2588 3846 2601 3883 :
2634 3845 2792 3883 nemo
2821 3833 3159 3898 prohibebit:
3191 3838 3364 3891 omnis

1790 3932 1914 3969 cura
1940 3956 1956 3982 ,
1984 3932 2143 3971 omne
2168 3918 2401 3971 studium
2428 3920 2532 3982 sit,
2560 3928 2617 3973 ut
2640 3920 2777 3973 dicta
2804 3922 3154 3990 excipiantur.
3186 3925 3362 3993 Quare

1790 4010 2168 4080 applausistis?
2194 4010 2304 4065 [lac
2345 4011 2412 4065 de
2457 4025 2515 4065 re
2559 4011 2727 4082 legem
2757 4028 2896 4081 pono
2932 4032 2945 4067 :
2976 4030 3069 4069 vos
3119 4031 3246 4072 vero
3295 4034 3362 4073 tte

1790 4104 1974 4156 audire
2003 4103 2217 4171 quidem
2257 4103 2553 4157 sustinetis.
2584 4103 2637 4157 ld
2668 4104 2953 4158 multorum
2994 4121 3152 4159 causa
3191 4108 3362 4163 bono-

1790 4210 1908 4249 rum
1934 4194 2071 4258 erit,
2102 4194 2553 4263 philosophiaque
2578 4194 2877 4263 disciplina.
2932 4196 3145 4251 Externi
3191 4198 3362 4267 philo-

1789 4286 1942 4354 50plti
1981 4286 2347 4351 disserebant,
2397 4288 2606 4341 nemine
2646 4302 2895 4355 umquam
2946 4292 3264 4358 piaudente;
3306 4302 3365 4346 et

1788 4380 2012 4447 apostoli
2042 4379 2515 4441 concionabantur,
2546 4394 2721 4449 neque
2742 4382 2947 4450 uspiam
2976 4380 3186 4451 legitur,
3218 4384 3362 4453 ipsos

1791 4474 2072 4543 loquentes
2100 4473 2167 4526 ab
2196 4472 2533 4528 auditoribus
2559 4471 2723 4527 fuisse
2753 4472 2939 4543 plausu
2977 4476 3358 4545 interpellatos.

1786 4565 2028 4635 Magnum
2055 4565 2153 4618 hoc
2180 4564 2333 4619 nobis
2352 4565 2556 4618 lucrum
2575 4567 2696 4619 erit.
2716 4564 2820 4619 Sed
2841 4566 3175 4620 stabiliantus
3193 4568 3319 4623 illud
3341 4585 3357 4623 :

1787 4672 1906 4710 cum
1937 4656 2150 4710 silentio
2178 4670 2365 4710 omnes
2408 4656 2717 4719 audiamus,
2767 4656 3051 4724 omniaque
3095 4658 3356 4713 dicamus.

1789 4747 2008 4801 Etiamsi
2038 4759 2156 4816 post
2186 4749 2426 4817 plausum
2452 4747 2884 4811 discederemus,
2916 4764 3034 4817 qua:
3062 4749 3361 4803 addiximus

1789 4841 2077 4895 retinentes
2106 4882 2121 4905 ,
2160 4856 2329 4909 neque
2361 4842 2437 4894 sic
2465 4843 2623 4894 etiam
2656 4840 2799 4893 utilis
2825 4838 2944 4895 laus
2968 4851 3110 4896 esset
3140 4841 3159 4910 (
3175 4856 3357 4896 verum

1788 4946 1892 4983 non
1946 4932 2167 4984 ulterius
2215 4930 2563 4999 disquirercm
2600 4948 2612 4983 :
2647 4946 2713 4983 ne
2759 4932 2879 4999 quis
2920 4946 3006 4986 me
3053 4933 3358 4988 rusticitatis

1786 5024 2030 5092 accuset)
2073 5040 2085 5075 :
2132 5024 2253 5091 quia
2307 5038 2433 5075 vero
2479 5022 2608 5075 nihil
2650 5020 2777 5077 hinc
2817 5022 2983 5087 lucri,
3038 5023 3143 5076 imo
3188 5027 3361 5093 potius

1786 5116 2077 5180 damnum,
2128 5114 2401 5168 solvamus
2432 5112 2869 5180 impedimentum
2894 5152 2912 5177 ,
2954 5114 3147 5169 animrc
3194 5118 3363 5173 saltus

1788 5208 1907 5260 illos
1951 5205 2199 5260 tollamus
2243 5204 2741 5271 cxscindamusque.
2783 5204 3027 5258 Christus
3071 5206 3123 5259 in
3179 5220 3361 5266 monte

1785 5298 2129 5351 conciouatus
2154 5304 2261 5360 est;
2291 5306 2344 5349 et
2375 5310 2532 5349 nemo
2560 5292 2831 5363 quidpiam
2872 5295 3041 5358 dixit,
3082 5295 3253 5354 donec
3301 5307 3361 5353 ti-

1786 5406 1907 5443 nettt
1936 5387 2143 5441 dicendi
2167 5386 2313 5440 fecit.
2344 5385 2482 5439 Nihil
2512 5384 2694 5439 damni
2737 5384 2875 5440 facio
2910 5386 3006 5452 iis,
3047 5390 3136 5459 qui
3184 5391 3360 5459 plaudi

1786 5482 2130 5545 desiderant;
2175 5480 2281 5535 imo
2327 5478 2378 5533 id
2420 5476 2636 5543 eflicio,
2689 5487 2748 5532 ut
2792 5478 2962 5548 magis
3009 5479 3357 5535 admirentur.

1786 5574 1947 5629 Multo
1977 5572 2165 5626 melius
2190 5580 2272 5627 est
2300 5586 2420 5625 cum
2452 5569 2667 5626 silentio
2711 5569 3053 5637 audientem,
3093 5573 3144 5625 in
3186 5578 3359 5624 mente

1784 5677 1838 5721 et
1866 5665 2118 5719 memoria
2145 5664 2292 5720 omni
2324 5673 2568 5731 tempore
2599 5659 2882 5731 plaudere,
2912 5660 3095 5728 domi,
3133 5662 3185 5713 in
3208 5658 3357 5714 foro;

1792 5775 1949 5829 quam
1971 5759 2187 5815 amissis
2211 5756 2459 5813 omnibus
2484 5754 2703 5811 domum
2728 5753 2901 5809 redire
2940 5765 3198 5819 vacuum,
3242 5741 3357 5798 nul-
