3950 6208
743 292 848 345 2:27

746 406 850 459 lam
879 402 1157 457 habentem
1191 399 1464 467 plausuum
1490 411 1726 451 causam.
1754 394 2033 463 Quomodo
2056 395 2196 449 enim
2215 408 2318 447 non

744 495 1002 550 ridiculus
1021 492 1122 546 erit
1150 490 1400 545 auditor?
1430 488 1696 559 quomodo
1727 504 1831 541 non
1860 487 2104 542 adulator
2130 498 2183 541 et
2212 488 2321 541 irri-

744 601 835 641 sor
861 585 1131 651 putabitur
1150 625 1164 647 ,
1194 584 1281 653 qui
1308 589 1451 636 recte
1478 581 1751 650 loquututn
1779 596 1899 634 esse
1926 578 2197 634 doctorem
2228 580 2319 633 de-

743 679 940 742 clarat,
974 694 1069 730 nec
1096 676 1222 745 quid
1253 674 1443 727 dixerit
1473 671 1714 742 proferre
1741 668 1953 740 patest?
1990 671 2100 725 lloc
2132 670 2316 724 adula-

730 773 902 825 tionis
923 782 1021 824 est.
1048 770 1176 823 Nam
1205 769 1272 830 ei,
1305 767 1394 834 qui
1422 766 1743 820 citharoedos
1770 774 1821 819 et
1852 764 2120 831 tragmdos
2150 763 2315 828 audit,

744 866 794 919 id
821 866 940 934 jure
972 862 1162 915 accidit
1185 904 1199 923 ,
1232 872 1412 928 utpote
1443 860 1530 929 qui
1562 860 1767 912 neseiat
1796 858 1986 911 similia
2029 858 2269 927 proferre
2301 873 2314 909 :

744 959 827 1013 tibi
859 966 1033 1009 autem
1062 971 1159 1009 nec
1185 965 1372 1008 cantus
1403 968 1499 1005 nec
1529 949 1817 1005 modulatio
1846 950 2026 1014 adest,
2058 947 2152 1002 sed
2197 963 2319 1001 sen-

741 1049 919 1104 tentia:
948 1048 1120 1101 Solum
1152 1056 1204 1099 et
1233 1043 1582 1114 philosophice
1617 1041 1788 1095 virtus
1812 1082 1826 1103 .
1867 1056 1985 1110 quin
2024 1040 2190 1094 cuivis
2233 1039 2316 1092 di-

738 1157 860 1195 cere
889 1149 942 1193 et
990 1140 1272 1191 enuntiare
1317 1137 1469 1189 facile
1511 1144 1634 1199 est;
1675 1134 1940 1203 quomodo
1984 1149 2086 1184 non
2130 1130 2318 1200 dignus

736 1231 1106 1301 objurgatione
1135 1239 1216 1283 est
1242 1268 1256 1293 ,
1284 1228 1372 1297 qui
1402 1242 1469 1279 ne
1495 1240 1707 1279 causam
1753 1222 1967 1292 quidem
2008 1221 2187 1276 dicere
2218 1238 2315 1286 po-

738 1334 878 1388 test,
910 1337 1005 1375 cur
1028 1324 1436 1376 concionantetn
1482 1316 1824 1371 laudaverit?
1868 1313 2009 1369 Nihil
2054 1313 2121 1365 ita
2164 1312 2317 1366 decet

736 1414 1048 1474 ecclesiam.
1094 1423 1151 1465 ut
1200 1410 1467 1465 silentium
1518 1420 1571 1462 et
1618 1407 1897 1461 modestia.
1929 1405 2213 1459 Tumultus
2242 1404 2308 1457 ad

738 1507 939 1560 theatra
971 1504 1233 1573 pertinet,
1265 1504 1330 1555 ad
1358 1501 1544 1554 balnea
1565 1542 1577 1563 ,
1604 1498 1669 1553 ad
1700 1514 1921 1567 pompas
1942 1540 1955 1560 ,
2000 1498 2065 1550 ad
2099 1496 2269 1551 forum
2295 1512 2311 1548 :

735 1598 823 1650 ubi
849 1612 975 1650 vero
1004 1595 1182 1649 talium
1212 1594 1518 1662 dogmatnm
1546 1589 1785 1644 doctrina
1813 1597 1928 1652 est,
1955 1588 2022 1642 ibi
2057 1587 2312 1657 tranquil-

737 1688 890 1754 litas,
946 1688 1133 1755 quies,
1180 1683 1555 1755 philosophia,
1602 1690 1657 1736 et
1698 1690 1882 1749 portus
1929 1693 2149 1749 magnus
2196 1693 2313 1731 esse

733 1781 910 1835 debet.
942 1779 1096 1838 Haec.
1131 1794 1228 1832 oro
1252 1786 1306 1829 et
1333 1776 1587 1839 obsecro,
1639 1788 1826 1827 onmes
1867 1772 2067 1825 sciatis.
2113 1768 2313 1823 Omnes

731 1873 929 1926 circum
964 1870 1151 1923 modos
1179 1868 1421 1937 exploro,
1450 1865 1603 1936 queis
1630 1874 1816 1932 potero
1842 1863 2034 1917 vestris
2064 1860 2313 1931 prodesse

733 1964 1035 2017 animabus.
1075 1960 1188 2015 Non
1220 1961 1440 2029 exiguus
1471 1958 1558 2011 ille
1586 1956 1711 2010 mihi
1742 1955 1931 2009 modus
1959 1954 2195 2017 videtur,
2222 1952 2309 2021 qui

733 2072 836 2110 non
870 2054 1019 2108 vobis
1053 2062 1251 2106 tantum
1275 2093 1290 2118 ,
1322 2050 1413 2105 sed
1440 2049 1600 2104 etiam
1634 2047 1760 2102 mihi
1792 2046 2045 2115 proderit.
2087 2044 2201 2098 Non
2235 2045 2310 2096 si-

732 2160 822 2204 net
848 2165 943 2202 nos
972 2146 1237 2216 prosterni
1264 2187 1280 2209 ,
1313 2158 1486 2212 neque
1515 2140 1699 2195 laudes
1728 2150 1782 2193 et
1820 2138 2046 2208 gloriam
2090 2150 2269 2190 amare
2291 2176 2305 2200 ,

734 2256 904 2311 neque
933 2238 1255 2293 oblectantia
1288 2236 1465 2305 loqui,
1500 2233 1592 2288 sed
1621 2232 1769 2286 utilia
1803 2247 1816 2283 :
1853 2245 2024 2298 neque
2071 2228 2123 2281 in
2161 2243 2309 2283 com-

733 2334 995 2403 positione
1019 2342 1073 2385 et
1096 2328 1353 2399 elegantia
1385 2326 1677 2388 dictorum,
1721 2321 1813 2376 sed
1866 2321 1917 2374 iu
1964 2322 2011 2373 vi
2058 2334 2305 2373 sensuum

730 2426 874 2479 onmi
908 2424 1163 2491 temporis
1193 2427 1461 2473 momento
1488 2419 1703 2470 versari.
1735 2413 2019 2484 Ingredere
2048 2413 2099 2465 in
2134 2416 2306 2480 picto-

1415 284 1470 340 S.
1509 282 1784 339 JOANNIS
1821 282 2291 336 CllRYSOSTOMl
2333 282 2646 335 ARCHIEP.
2688 283 3216 341 CONSTANTINOP.

2430 396 2503 448 ris
2533 396 2803 450 officinam
2829 438 2847 464 ,
2875 408 2929 452 et
2959 399 3068 453 illic
3098 401 3320 454 multum
3359 402 3649 461 obserVabis
3686 412 3764 465 sile

2427 488 2491 541 Et
2522 488 2606 541 hic
2636 491 2794 543 etiam
2822 501 2939 545 esto
2970 508 2982 543 :
3018 508 3136 545 nam
3170 492 3256 546 hic
3282 509 3489 562 quoque
3528 498 3675 566 regias
3703 505 3759 569 pii

2427 580 2683 650 imagines
2707 624 2721 647 ,
2752 592 2807 636 et
2837 584 3033 637 nullam
3064 586 3251 649 privati
3287 586 3512 639 hominis
3534 630 3546 649 ,
3576 591 3635 642 ob
3658 594 3763 645 CUIOl

2425 681 2609 725 tutem.
2642 671 2776 739 Quid
2808 673 2908 729 hoc
2932 676 3052 729 est?
3083 691 3293 730 rursum
3340 678 3602 746 plauditis?
3649 680 3747 736 Non

2424 780 2508 820 res
2539 766 2744 820 videtur
2767 810 2783 835 ,
2818 767 3023 839 hocque
3049 785 3155 823 non
3184 785 3247 825 ex
3278 780 3460 824 natura
3486 813 3501 837 ,
3533 773 3619 827 sed
3651 790 3707 828 ex
3743 792 3764 829 ρ

2425 856 2604 910 tudine
2628 899 2641 922 ,
2674 857 2907 913 nondum
2938 859 3225 914 emendare
3254 861 3521 917 didicisse.
3547 862 3694 919 Stilus
3716 883 3764 920 er

2424 945 2505 999 bis
2533 956 2615 1000 est
2638 948 2809 1017 lingua
2828 990 2844 1016 ,
2871 949 3065 1006 artifex
3097 951 3324 1022 Spiritus
3354 965 3580 1009 sanctus.
3611 957 3693 1011 Dic
3720 976 3761 1011 tn

2424 1041 2691 1110 mysteriis
2720 1057 2786 1095 an
2830 1045 3086 1099 tumultus
3110 1088 3125 1109 ,
3154 1061 3218 1098 an
3248 1046 3479 1102 turbatio
3503 1050 3608 1102 est?
3645 1052 3758 1104 Cum

2422 1145 2642 1197 zamur,
2683 1149 2804 1186 cum
2832 1134 2932 1187 alia
2960 1135 3135 1188 omnia
3170 1136 3425 1198 facimus.
3460 1154 3632 1194 annon
3665 1143 3764 1210 quia

2420 1220 2643 1276 lentium
2670 1225 2846 1277 omnia
2874 1225 3115 1281 detinent
3138 1228 3149 1257 '
3176 1228 3197 1280 ?
3226 1228 3352 1283 Ηεηο
3380 1230 3432 1284 in
3488 1232 3613 1287 cado
3655 1235 3759 1302 pulc

2419 1312 2659 1383 dispersa
2682 1327 2786 1369 est.
2815 1316 2942 1371 Ideo
2963 1317 3101 1386 apud
3129 1320 3358 1389 gentiles
3385 1321 3524 1375 male
3548 1323 3764 1378 audimus

2419 1403 2487 1457 ad
2514 1408 2923 1461 ostentationem
2954 1419 3007 1462 et
3033 1409 3286 1464 ambitum
3318 1413 3497 1465 omnia
3526 1412 3763 1469 faciamus

2420 1495 2521 1551 hoc
2538 1498 2868 1565 cohibeatur,
2897 1504 3055 1556 etiam
3081 1503 3369 1572 primarum
3393 1506 3599 1561 Sedinm
3618 1522 3756 1562 amor

2417 1600 2626 1659 guetur.
2658 1592 2901 1660 Sufficit,
2940 1596 2983 1649 si
3033 1596 3153 1665 quis
3188 1596 3371 1651 laudes
3410 1608 3587 1663 amat,
3619 1601 3659 1653 si
3699 1616 3758 1669 po

2418 1685 2624 1739 cionem
2650 1684 2767 1740 illas
2789 1700 3136 1771 assequatur,
3170 1706 3290 1744 cum
3332 1691 3540 1745 fructus
3577 1694 3764 1763 colliget

2419 1773 2558 1829 hanc
2592 1778 2865 1832 firmemus
2898 1779 3105 1850 legem;
3134 1791 3191 1835 ut
3211 1797 3331 1837 cum
3357 1784 3537 1837 omnia
3568 1786 3764 1839 εεοιιιιιίι

2416 1866 2669 1937 placitum
2695 1868 2981 1925 fecerimus
3003 1914 3016 1936 ,
3051 1872 3166 1942 ejus
3194 1873 3478 1929 clementia
3506 1876 3764 1946 dignemur

2416 1969 2470 2013 et
2496 1961 2928 2019 miserationibus
2955 1963 3220 2035 Unigeniti
3249 1967 3366 2033 ejus
3386 2007 3403 2031 ,
3436 1967 3645 2022 Domini
3676 1986 3764 2023 nos

2415 2051 2647 2119 Christi,
2676 2056 2890 2124 quicum
2918 2057 3058 2111 Patri
3087 2068 3141 2112 et
3167 2060 3388 2128 Spiritui
3427 2072 3613 2115 sancto
3650 2062 3758 2132 glor

2417 2148 2619 2214 perium
2645 2190 2660 2214 ,
2695 2149 2895 2215 honor,
2926 2167 3063 2206 nunc
3090 2163 3144 2206 et
3168 2168 3381 2222 semper
3403 2196 3421 2221 ,
3457 2166 3512 2209 et
3533 2156 3583 2209 in
3614 2157 3763 2211 smcul

2416 2238 2610 2294 lorum.
2643 2245 2833 2296 Amen.

2479 2423 2496 2454 ¹
2532 2422 2629 2472 Alii
2654 2423 2853 2482 habent,
2872 2437 3022 2474 nonne
3037 2424 3194 2487 quiete
3214 2432 3259 2476 et
3282 2425 3479 2476 silentio
3500 2425 3654 2476 onutin
3673 2425 3764 2474 hont

726 2529 3764 2557 Μ

2010 2593 2356 2655 HOMILIA
2398 2593 2640 2655 XXXI.

723 2756 848 2812 CAP.
874 2755 962 2810 Μ.
988 2768 1042 2807 v.
1078 2753 1164 2806 l5.
1198 2748 1293 2802 His
1321 2747 1505 2801 auditis
1536 2744 1750 2813 apostoli
1776 2740 2037 2795 Barnabas
2071 2748 2117 2793 et
2165 2737 2306 2790 Pau-

795 2844 1169 2913 lus,conscissis
1200 2842 1411 2896 vestibus
1437 2839 1541 2891 suis
1566 2835 1861 2891 exsilierunt
1888 2833 1941 2884 in
1961 2832 2180 2895 turbam,
2198 2830 2304 2883 cla-

794 2950 986 2994 mantes
1016 2938 1102 2993 l4.
1131 2945 1175 2988 et
1203 2936 1419 2987 dicentes
1447 2947 1465 2985 :
1502 2928 1644 2991 Viri,
1673 2928 1795 2999 quid
1824 2927 1928 2980 hwc
1951 2924 2159 2994 facitis?
2190 2921 2303 2978 Nos

791 3035 976 3089 similes
1002 3032 1135 3085 vobis
1168 3027 1424 3098 passibiles
1452 3040 1624 3077 sumus
1647 3021 1892 3080 homines,
1938 3015 2296 3069 annuntiantes

791 3127 927 3181 vobis
954 3124 1014 3176 ab
1039 3123 1115 3175 his
1142 3120 1282 3172 vanis
1311 3115 1526 3170 converti
1547 3113 1613 3165 ad
1636 3110 1802 3163 Deum
1841 3109 2005 3160 vivum
2024 3147 2040 3172 ,
2069 3105 2154 3174 qui
2184 3104 2300 3174 fecit

791 3220 969 3272 cretum
991 3223 1037 3268 et
1065 3225 1248 3266 terram
1280 3223 1323 3262 et
1350 3222 1505 3271 mare,
1539 3215 1581 3258 et
1609 3202 1778 3256 omnia
1800 3214 1911 3269 quia
1938 3199 1989 3250 in
2017 3197 2087 3249 eis
2107 3205 2243 3249 sunt.

797 3313 847 3364 t.
866 3308 995 3363 Vide
1012 3304 1284 3375 apostolos
1312 3300 1488 3354 omnia
1512 3312 1633 3350 cum
1657 3292 1994 3348 vehementia
2018 3289 2294 3343 facientes.

722 3404 1005 3460 Scideruut
1027 3407 1223 3461 vestes,
1252 3395 1583 3455 exsilierunt,
1615 3389 1946 3449 clamaruut;
1976 3399 2094 3454 qum
2116 3380 2295 3436 omnia

718 3516 785 3555 ex
814 3496 1093 3551 affectione
1136 3490 1297 3545 animi
1340 3486 1626 3548 faciebant,
1670 3489 2013 3541 aversantes,
2041 3486 2096 3529 et
2124 3475 2296 3528 luctus

719 3591 867 3661 signa
911 3586 1119 3640 dantes.
1167 3582 1364 3636 Luctus
1408 3579 1603 3648 quippe
1644 3588 1769 3628 vere
1810 3580 1945 3635 erat,
1978 3571 2147 3622 luctus
2188 3580 2293 3619 non

718 3659 1080 3741 consolabilis,
1107 3675 1151 3729 si
1181 3671 1393 3744 quidem
1417 3669 1709 3722 voluissent
1735 3680 1830 3734 pro
1860 3662 1960 3716 diis
1998 3659 2209 3722 haberi,
2241 3667 2295 3710 et

718 3770 1066 3827 idololatriam
1109 3763 1554 3830 inducere,qu'.nn
1592 3756 1821 3810 solutqu
1848 3757 2120 3807 venerant.
2159 3745 2293 3801 Illud

718 3878 876 3935 porro
904 3870 1018 3915 erat
1046 3856 1238 3912 diaboli
1269 3853 1769 3907 machinamentum.
1819 3849 1886 3899 At
1911 3842 1983 3896 illi
2013 3859 2116 3895 non
2144 3840 2294 3909 quie-

715 3966 889 4022 scunt,
918 3952 1011 4009 sed
1042 3949 1207 4023 quid?
1252 3945 1364 4001 Nos
1395 3943 1582 3998 similes
1632 3939 1768 3994 vobis
1812 3935 2071 4006 passibiles
2120 3947 2293 3985 sunms

716 4051 940 4106 homines
960 4090 974 4112 ,
1006 4044 1264 4113 inquiunt.
1300 4039 1490 4094 Statim
1512 4036 1579 4088 ab
1611 4034 1761 4087 initio
1784 4030 1978 4084 malum
2010 4026 2291 4080 subverte-

716 4154 838 4200 runt
868 4161 880 4196 :
918 4158 1020 4195 non
1049 4138 1297 4193 dixerunt
1323 4130 1654 4200 simpliciter,
1690 4123 1969 4185 Homines;
1995 4118 2109 4183 sed,
2146 4117 2290 4170 Sicut

716 4256 819 4293 vos.
856 4233 1074 4294 Deinde,
1100 4246 1166 4284 ne
1196 4227 1504 4281 viderentur
1542 4222 1671 4274 deos
1704 4214 1964 4279 venerari,
1995 4211 2118 4265 audi
2162 4208 2288 4279 qttid

713 4329 965 4399 adjiciant
993 4341 1007 4378 :
1039 4319 1405 4375 Annuntiantes
1444 4313 1579 4366 vobis
1607 4311 1669 4363 ab
1694 4309 1771 4361 his
1795 4306 1934 4359 vanis
1979 4301 2196 4356 converti
2221 4300 2289 4354 ad

715 4426 877 4477 Deum
905 4420 1090 4477 vivum,
1118 4414 1202 4479 qui
1224 4411 1340 4479 fecit
1366 4408 1543 4461 malum
1567 4415 1612 4458 et
1641 4413 1825 4456 terram
1853 4409 1899 4452 et
1927 4415 2082 4458 mare,
2108 4405 2153 4449 et
2181 4411 2287 4448 om-

714 4519 798 4569 nia
825 4528 938 4585 quw
961 4512 1013 4563 in
1038 4509 1107 4561 eis
1137 4515 1251 4559 sunt
1276 4502 1447 4571 (Psal.
1481 4500 1601 4553 145.
1627 4498 1703 4566 6).
1732 4496 1974 4549 Observa
1992 4491 2111 4545 illos
2134 4503 2287 4543 num-

713 4582 868 4679 quam
918 4617 1217 4660 memorare
1262 4597 1583 4668 prophetas,
1626 4605 1799 4660 neque
1841 4587 2039 4653 dicere,
2091 4599 2192 4653 qua
2220 4582 2286 4636 de

712 4719 870 4759 causa
912 4715 1035 4756 cum
1057 4699 1121 4751 sit
1149 4695 1383 4749 ninnium
1430 4689 1672 4751 Creator,
1701 4694 1887 4767 gentes
1934 4682 2149 4751 reliquit
2175 4679 2284 4733 suis

713 4798 810 4852 frui
840 4792 1082 4866 legibus?
1114 4792 1198 4846 15.
1224 4788 1321 4855 Qui
1349 4786 1399 4838 in
1414 4783 1675 4853 praeteritis
1704 4774 2102 4850 generationibus
2131 4772 2284 4825 dimi-

709 4892 772 4946 sit
803 4865 970 4943 omnes
1010 4892 1177 4957 gentes
1200 4882 1271 4934 ire
1301 4878 1406 4931 vias
1444 4892 1583 4929 snas.
1609 4871 1761 4941 Quod
1805 4868 2088 4930 dimiserit,
2120 4865 2280 4929 dicit;

709 5000 803 5038 cur
842 4993 1018 5035 autem
1057 4973 1337 5036 dimiserit,
1372 4984 1474 5024 non
1514 4966 1693 5029 addit;
1739 4963 1949 5017 interim
1977 4959 2030 5013 in
2052 4974 2116 5013 eo
2142 4956 2281 5026 quod

712 5075 928 5147 urgebat
975 5068 1238 5129 subsistit,
1274 5063 1473 5120 Christi
1519 5073 1711 5114 nomen
1753 5067 2011 5123 nusquam
2057 5062 2279 5119 ponens.

715 5144 796 5220 l6;
822 5167 884 5218 Et
910 5168 1110 5233 quidem
1141 5179 1239 5215 non
1266 5161 1374 5213 sine
1402 5155 1682 5209 testimonio
1708 5152 2028 5218 semetipsum
2056 5144 2280 5213 reliquit,

710 5256 1019 5324 benefaciens
1048 5255 1110 5306 de
1130 5254 1280 5316 uelo,
1315 5248 1455 5303 nobis
1486 5247 1613 5299 dans
1634 5242 1825 5314 pluvias
1850 5251 1895 5293 et
1922 5249 2144 5307 tempora
2166 5238 2282 5307 fru-

706 5347 907 5416 ctifera,
931 5345 1144 5412 impleas
1168 5344 1276 5396 cibo
1305 5350 1349 5394 et
1376 5340 1550 5394 laetitia
1572 5335 1725 5391 corda
1763 5343 1957 5386 nostra.
1984 5330 2136 5393 Vide,
2174 5341 2279 5380 non

709 5437 820 5491 vult
857 5434 1249 5490 accusationem
1301 5445 1486 5485 eorum
1531 5442 1742 5497 augere,
1783 5424 1874 5479 sed
1915 5422 2088 5492 potius
2125 5420 2282 5474 docet

708 5531 851 5595 illos,
876 5538 933 5582 ut
962 5525 1137 5580 omnia
1178 5523 1245 5578 ad
1289 5523 1456 5576 Deum
1493 5519 1747 5574 referant.
1793 5516 2097 5571 Didiceraut
2136 5510 2279 5565 enim

707 5641 813 5680 non
840 5622 911 5678 ita
937 5618 1255 5676 studendum
1283 5632 1402 5671 esse
1425 5613 1619 5685 aliquid
1640 5613 1747 5666 Deo
1766 5610 1984 5679 dignum
2002 5607 2201 5667 dicere,
2220 5612 2282 5657 ut

707 5714 1036 5773 auditoribus
1062 5712 1189 5767 utile
1215 5708 1339 5781 quid
1369 5706 1627 5778 proferre.
1659 5703 1792 5758 Vide
1816 5698 2085 5772 quomodo
2105 5697 2278 5750 laten-

711 5820 791 5867 ter
829 5806 1219 5865 accusationem
1265 5804 1485 5876 ingerat.
1534 5797 1766 5867 Etenim,
1795 5796 1838 5852 si
1887 5795 1987 5850 hoc
2029 5787 2275 5858 faciebat,

2413 2737 2695 2808 oportebat
2738 2737 2897 2807 plecti
2934 2752 3048 2804 eos,
3094 2738 3181 2808 qui
3211 2747 3287 2793 tot
3330 2738 3498 2795 bonis
3539 2740 3764 2801 fruentes,

2408 2845 2513 2882 non
2557 2840 2611 2882 ut
2656 2829 2972 2884 nntritorem
3013 2830 3372 2900 agnoscebant
3412 2849 3427 2885 :
3465 2849 3645 2887 verum
3690 2846 3764 2884 non

2408 2921 2558 2986 dicit,
2607 2922 2700 2976 sed
2723 2921 3044 2986 subindicat,
3080 2921 3159 2975 De
3190 2925 3314 2977 caelo
3352 2926 3532 2990 nobis,
3565 2925 3764 2995 inquieti

2406 3013 2627 3083 pluvias.
2659 3013 2747 3069 Sic
2771 3026 2824 3068 et
2848 3015 3010 3069 David
3032 3015 3241 3071 dicebat
3272 3035 3285 3069 :
3319 3017 3363 3069 Α
3397 3017 3575 3089 fructi:
3616 3019 3764 3087 frame

2404 3118 2451 3160 et
2481 3107 2579 3160 olei
2625 3108 2707 3161 sui
2749 3108 3071 3178 multiplicati
3111 3118 3226 3162 sunt
3255 3109 3441 3179 (Psal.
3470 3111 3526 3165 4.
3558 3111 3639 3182 8);
3674 3118 3725 3163 et

2403 3200 2672 3254 creatione
2717 3199 3006 3265 disserens,
3056 3201 3236 3255 hoc'in
3278 3202 3527 3256 medium
3571 3202 3763 3256 adducit

2403 3290 2538 3343 inias
2566 3300 2741 3344 autem
2775 3291 2946 3360 primo
2974 3292 3333 3357 creationem,
3362 3293 3576 3349 deinde
3614 3293 3764 3363 ιιι-ιιγίι

2402 3382 2693 3451 pluviarum
2719 3382 2848 3436 dicit
2878 3382 3011 3451 (Jer.
3042 3385 3098 3438 5.
3120 3384 3235 3454 24).
3268 3385 3467 3452 Itaque
3498 3385 3619 3439 inde
3646 3384 3764 3438 θύω(

2400 3474 2630 3544 lntplens
2653 3476 2761 3530 cibo
2791 3487 2836 3531 et
2867 3478 3061 3531 latitia.
3108 3476 3240 3532 Cum
3286 3476 3628 3533 liberalitate
3667 3475 3764 3530 alin

2401 3584 2500 3622 nec
2521 3570 2680 3622 modo
2704 3569 2771 3624 ad
2796 3570 3149 3640 frugalitatem
3175 3580 3229 3624 et
3251 3584 3439 3623 usuin.
3478 3570 3565 3625 17.
3601 3568 3666 3621 Et
3688 3569 3763 3620 ha-

2399 3668 2489 3725 tes,
2521 3662 2605 3714 via:
2649 3662 2946 3715 sedaverunt
2995 3663 3186 3726 turbas,
3231 3678 3293 3713 ne
3336 3663 3437 3715 sibi
3483 3661 3764 3714 immolaret

2401 3751 2502 3806 hoc
2543 3753 2771 3808 maxime
2816 3754 3151 3807 adiitirationi
3193 3752 3441 3808 fuerunt.
3498 3752 3687 3808 Viden’
3732 3768 3761 3806 e

2398 3843 2667 3909 habuisse,
2692 3844 2831 3914 quod
2872 3846 3129 3898 insaniam
3178 3844 3323 3898 illam
3375 3845 3747 3899 avertissent?

2397 3950 2724 4009 pervenerunt
2766 3950 2929 3993 autem
2971 3940 3034 3991 ab
3072 3938 3342 3992 Antiochia
3383 3950 3434 3992 et
3483 3939 3671 3994 Iconio
3713 3938 3764 3990 Jt

2397 4032 2648 4098 persuasis
2682 4032 2856 4096 turbis,
2906 4032 3285 4101 lapidantesque
3325 4031 3592 4097 Paulum,
3624 4043 3764 4085 traxe

2394 4131 2473 4175 tra
2514 4123 2792 4187 civitatem,
2831 4123 3168 4176 existimantes
3208 4139 3325 4175 eum
3376 4136 3647 4176 mortuum
3685 4141 3761 4175 ess

2393 4212 2587 4267 diaboli
2643 4214 2731 4266 lilii
2777 4228 2792 4268 :
2841 4230 2945 4266 non
3002 4214 3053 4266 in
3101 4212 3417 4268 civitatibus
3489 4214 3659 4268 modo
3703 4229 3764 4269 su

2393 4315 2541 4359 extra
2581 4304 2695 4357 illas
2742 4304 2841 4358 hoc
2885 4304 3167 4370 faciebant,
3208 4314 3263 4359 et
3304 4315 3462 4361 tanto
3513 4306 3697 4360 studio
3743 4320 3764 4358 ε

2393 4396 2817 4466 pnedicatiouem
2844 4398 2909 4450 de
2927 4398 3100 4451 medio
3126 4397 3332 4461 tollere,
3350 4408 3568 4467 quanto
3596 4407 3764 4467 apostt

2392 4490 2603 4544 firmare
2633 4490 2978 4544 cenabantur.
3011 4488 3074 4542 Et
3103 4491 3383 4560 persuasis,
3418 4492 3625 4560 inquit,
3654 4490 3764 4543 turb

2390 4586 2563 4635 datum
2586 4581 2807 4634 Paulum
2850 4591 3110 4634 traxerunt
3139 4592 3280 4634 extra
3305 4582 3600 4635 civitatem.
3631 4581 3764 4635 llici

2389 4675 2512 4727 illttd
2549 4690 2559 4725 :
2591 4674 2785 4742 Sit/ﬁcit
2811 4673 2897 4726 tibi
2924 4674 3088 4742 gratia
3109 4688 3253 4733 mea;
3282 4689 3408 4725 nam
3439 4675 3608 4726 virtus
3638 4690 3749 4725 mea

2389 4768 2558 4821 mitnte
2583 4767 2931 4836 per/icitur(2.
2951 4764 3069 4819 Cor.
3100 4764 3184 4819 12.
3209 4765 3288 4835 9).
3306 4766 3493 4835 Majas
3523 4767 3630 4820 hoc
3657 4774 3764 4819 erat

2388 4862 2634 4915 claudum
2658 4861 2880 4930 erigere.
2914 4858 3151 4914 Gentiles
3171 4858 3393 4928 quidem
3423 4870 3485 4913 ut
3514 4861 3655 4914 deos
3698 4859 3764 4913 ha

2389 4954 2439 5007 hi
2469 4970 2593 5007 vero
2617 4953 2991 5022 persuadentes
3022 4951 3219 5015 turbis,
3246 4960 3556 5006 traxerunt
3585 4952 3764 5012 illum;

2387 5049 2528 5101 enim
2574 5044 2867 5099 verisimile
2937 5055 3020 5099 est
3061 5058 3249 5097 omnes
3275 5043 3327 5096 in
3383 5059 3590 5098 eorum
3642 5042 3764 5097 adm

2389 5139 2569 5194 fuisse.
2619 5138 2685 5191 Et
2709 5137 2849 5202 vide,
2886 5139 2938 5190 in
2966 5135 3151 5190 eadem
3173 5136 3282 5203 ipsa
3310 5136 3573 5196 civitate.
3606 5136 3663 5188 in
3694 5150 3763 5203 qu

2386 5232 2735 5286 admiratione
2760 5230 2991 5295 fuerunt,
3018 5230 3196 5299 gravia
3226 5229 3541 5298 patiuntur.
3570 5229 3642 5283 Et
3669 5229 3764 5282 hoc

2388 5325 2685 5379 videntibus
2733 5324 2995 5394 proderat.
3046 5322 3196 5390 Quod
3238 5329 3430 5376 autem
3477 5322 3585 5376 hac
3615 5321 3685 5375 de
3707 5336 3764 5374 Ca

2389 5417 2818 5487 permitteretur,
2851 5414 2973 5468 audi
3016 5415 3161 5467 illum
3190 5412 3289 5465 hoc
3342 5413 3535 5481 ipsum
3580 5411 3764 5467 declar

2389 5507 2473 5562 Ne
2508 5509 2619 5578 quis
2659 5524 2738 5560 me
2773 5506 3017 5560 existimet
3038 5521 3191 5573 supra
3230 5503 3305 5568 id,
3339 5506 3491 5573 quod
3532 5506 3673 5559 videt
3700 5505 3752 5555 in

2383 5601 2578 5671 aliquid
2598 5600 2737 5654 audit
2759 5615 2821 5653 ex
2845 5615 2923 5653 me
2945 5599 3018 5669 (9.
3043 5595 3160 5653 Cor.
3192 5597 3279 5651 1‘2.
3314 5598 3405 5664 (ἱ).

2460 5696 2613 5749 Pauli
2649 5696 2834 5765 fervor.
2862 5723 2933 5733 -—
2963 5693 3048 5749 19.
3073 5689 3534 5747 Circumdantibus
3578 5700 3752 5742 autem

2386 5787 2611 5861 scipulis,
2642 5804 2850 5860 surgens
2872 5786 3072 5843 intravit
3101 5785 3377 5840 civitatem.
3399 5782 3605 5841 Videu'
3629 5784 3764 5838 alact
