4036 6220
503 331 613 390 229

507 463 613 518 ρει.
645 444 732 498 διὰ
752 442 814 496 τὸ
843 441 932 495 τὸν
965 439 1124 508 λόγον
1162 434 1444 509 βούλεσθαι
1478 435 1718 503 σπεῖραι,
1753 431 1850 485 καὶ
1873 429 1964 518 διά
1989 429 2052 482 τὸ
2096 428 2171 498 μὴ

503 517 616 586 δεῖν
649 529 890 584 ἐκκαίειν
914 527 1094 581 αὐτῶν
1117 526 1206 579 τὸν
1237 523 1426 593 θυμόν.
1453 521 1637 573 Ταῦτα
1661 520 1770 572 τῶν
1803 517 2043 588 σημείων
2075 520 2172 585 οὐχ

502 619 665 694 ἦττον
718 619 810 672 καὶ
847 615 1260 688 λαμπροτέρους
1318 610 1509 674 ἐποίει,
1550 610 1644 662 καὶ
1701 608 1925 694 μᾶλλον,
1962 606 2172 675 χαίρειν

507 691 936 778 παρεσκεύαζεν.
1010 700 1260 772 Οὐδαμοῦ
1313 700 1370 751 δέ
1426 698 1609 764 λέγει,
1679 697 1766 748 ὅτι
1827 691 2173 761 ὑπέστρεψαν

505 795 808 866 χαίροντες,
835 795 918 846 ὅτι
952 794 1152 862 σημεῖα
1188 787 1470 855 ἐποίησαν,
1504 783 1617 838 ἀλλ’
1640 784 1722 836 ὅτι
1760 779 2174 852 κατηξιώθησαν

508 884 647 952 ὑπὲρ
677 880 772 934 τοῦ
807 881 1069 950 ὀνόματος
1103 875 1265 930 αὑτοῦ
1306 873 1695 945 ἀτιμασθῆναι.
1739 871 1848 923 Καὶ
1876 869 2031 920 τοῦτο
2068 866 2176 936 γάρ

510 971 662 1039 παρὰ
682 968 776 1021 τοῦ
808 966 1040 1038 Χριστοῦ
1077 963 1428 1032 ἐδιδάχθησαν
1453 960 1700 1028 λέγοντος
1719 975 1733 988 ·
1791 955 1887 1023 Μὴ
1922 955 2174 1024 χαίρετε,

509 1057 602 1110 ὅτι
653 1057 726 1111 τὰ
760 1055 1034 1123 δαιμόνια
1066 1051 1208 1120 ὑμῖν
1251 1048 1680 1104 ὑποτάσσεται.
1721 1045 1788 1098 Ἦ
1845 1045 1952 1114 γάρ
2009 1043 2178 1104 ὅντως

511 1143 657 1215 χαρά
707 1144 801 1196 καὶ
852 1139 1148 1210 εἰλικρινὴς
1214 1135 1351 1207 αῦτη
1398 1136 1547 1196 ἐστὶ,
1606 1135 1667 1185 τὸ
1733 1134 1960 1202 πάσχειν
1995 1147 2046 1182 τι
2091 1129 2179 1181 διὰ

513 1231 767 1303 Χριστόν.
813 1225 946 1282 Εἶτα
980 1228 1076 1291 τὰς
1104 1227 1286 1288 πόλεις
1315 1223 1497 1286 πάσας
1534 1220 1794 1292 ἐπῄεσαν,
1825 1221 1882 1272 ἐν
1904 1215 1993 1282 αἷς
2037 1220 2180 1284 ἐκιν-

513 1321 792 1374 δύνευσαν.
828 1318 935 1371 Καὶ
957 1314 1038 1383 τῇ
1064 1315 1347 1379 ἐπαύριον
1371 1310 1591 1380 ἐξῆλθε
1628 1308 1750 1362 σὺν
1780 1307 1860 1373 τῷ
1904 1303 2179 1374 Βαρνάϐᾳ

514 1410 601 1473 εἰς
650 1406 894 1473 Δέρϐην,
950 1401 1480 1471 εὐαγγελισάμενοί
1533 1414 1596 1451 τε
1653 1396 1766 1464 τὴν
1809 1394 1989 1448 πόλιν
2027 1392 2177 1445 ὲκεί-

515 1510 667 1561 νην,
738 1491 836 1546 καί
909 1490 1398 1560 μαθητεύσαντες
1453 1485 1736 1548 ἱκανοὺς,
1791 1482 2182 1549 ὑπέστρεψαν

515 1579 604 1641 εἰς
677 1575 957 1640 Λύστραν
1000 1572 1100 1625 καί
1161 1572 1411 1624 Ἰκόνιον
1471 1569 1568 1621 καὶ
1619 1568 2001 1635 Ἀντιόχειαν,
2053 1566 2181 1618 ἐπι-

517 1663 893 1732 στηρίζοντες
952 1659 1057 1726 τὰς
1126 1659 1328 1727 Ψυχὰς
1364 1656 1486 1709 τῶν.
1544 1653 1853 1724 μαθητῶν,
1911 1668 2183 1721 παρακα-

518 1752 769 1816 λοῦντες
805 1748 1084 1818 ἐμμένειν
1121 1746 1192 1814 τῇ
1247 1747 1470 1806 πίστει,
1517 1744 1613 1797 καί
1669 1743 1756 1796 ὅτι
1808 1743 1904 1796 διὰ
1939 1741 2184 1796 πολλῶν

521 1839 788 1905 θλίψεων
811 1835 905 1890 δεῖ
936 1833 1091 1904 ἡμᾶς
1116 1832 1415 1888 εἰσελθεῖν
1448 1833 1534 1897 εἰς
1576 1831 1689 1898 τὴν
1715 1830 2041 1894 βασιλείαν
2075 1825 2183 1880 τοῦ

528 1924 697 1977 Θεοῦ.

594 2011 659 2082 β’.
690 2011 859 2064 Τοῦτο
897 2009 1078 2078 ἔλεγον
1099 2047 1114 2071 ,
1139 2007 1297 2061 τοῦτο
1338 2006 1624 2060 ἐδείκνυον.
1658 2001 2182 2070 Ἐπιστηρίζοντες,

522 2099 676 2169 φησὶ,
709 2098 814 2163 τὰς
839 2098 1041 2166 ψυχὰς
1063 2095 1182 2149 τῶν
1225 2093 1527 2164 μαθητῶν.
1580 2093 1742 2144 Ὥστε
1806 2087 2185 2160 ἐστηριγμένοι

519 2183 692 2258 ἦσαν·
738 2186 936 2256 μᾶλλον
974 2184 1030 2237 δὲ
1068 2182 1465 2254 προσετίθεντο.
1505 2177 1809 2247 Προῦλεγον
1855 2175 2056 2236 τοίνυν,
2101 2173 2186 2224 ἵνα

525 2275 600 2346 μὴ
635 2272 1112 2327 σκανδαλισθῶσιν.
1143 2271 1354 2341 Ὥσπερ
1393 2267 1642 2337 ἐπίτηδες
1673 2265 1732 2318 δὲ
1768 2265 1830 2316 τὸ
1865 2260 1997 2315 αὐτὸ
2040 2259 2188 2329 γίνε-

521 2381 634 2425 ται,
669 2363 729 2416 o6
784 2361 872 2414 διά
917 2359 1026 2412 τῶν
1084 2359 1396 2412 ἀποστόλων
1429 2357 1606 2426 μόνον,
1647 2353 1780 2406 ἀλλά
1812 2352 1908 2405 καὶ
1945 2350 2033 2403 διά
2081 2348 2188 2401 τῶν

527 2449 817 2521 μαθητῶν·
867 2448 954 2499 ἵνα
1000 2445 1244 2515 μάθωσιν
1274 2445 1339 2496 ἐκ
1380 2442 1679 2514 προοιμίων
1723 2438 1923 2501 εὐθέως
1969 2434 2188 2490 καὶτοῦ

525 2535 882 2606 κηρύγματος
910 2532 1008 2603 τὴν
1037 2531 1286 2600 δύναμιν,
1323 2531 1418 2583 καὶ
1462 2530 1544 2582 ὅτι
1586 2529 1680 2580 καὶ
1727 2525 1922 2586 αὐτοὺς
1960 2524 2041 2576 δεῖ
2079 2539 2190 2574 τοι-

526 2625 666 2677 αῦτα
713 2622 974 2690 πάσχειν,
1027 2620 1120 2672 καὶ
1193 2619 1276 2671 ἵνα
1322 2616 1582 2686 γενναίως
1634 2613 1821 2674 στῶσι,
1896 2611 1970 2682 μὴ
2032 2609 2190 2679 μόνον

526 2711 662 2780 πρὸς
702 2710 770 2761 τὰ
813 2709 1010 2777 σημεῖα
1053 2705 1366 2776 κεχηνότες,
1409 2703 1541 2756 ἁλλά
1590 2699 1769 2770 πολλῷ
1820 2698 2018 2769 μᾶλλον
2056 2696 2191 2768 πρὸς

525 2800 649 2861 τοὺς
673 2796 1026 2867 πειρασμούς.
1058 2795 1156 2846 Διά
1184 2795 1338 2846 τοῦτο
1360 2793 1453 2846 καὶ⁸
1482 2790 1642 2853 αὐτὸς
1665 2789 1838 2857 ἔλεγεο
1878 2787 1986 2841 Τὸν
2004 2785 2192 2840 αὑτὸν

523 2882 728 2957 ἀγῶνα
760 2886 1024 2952 ἔχοντες,
1063 2877 1192 2936 οἷον
1211 2881 1397 2935 εἴδετε
1447 2879 1518 2932 ἐν
1555 2878 1684 2946 ἐμοὶ
1725 2876 1821 2930 καί
1871 2875 2190 2943 ἠκούσατε.

525 2973 765 3043 Διωγμοὶ
799 2970 1072 3041 διωγμοὺς
1113 2969 1441 3039 διεδέχοντο’
1492 2965 1768 3035 πανταχοῦ
1813 2963 2058 3032 πόλεμοι,
2093 2965 2195 3032 μά-

525 3079 640 3131 χαι,
679 3060 988 3113 λιθοϐολίαι.
1039 3057 1172 3112 Ποία
1212 3055 1536 3128 προτροπή;
1574 3053 1690 3116 πῶς
1729 3051 1942 3104 ἔπειθον
1972 3051 2029 3103 ἐν
2071 3066 2196 3120 προ-

525 3149 722 3218 οιμίοις
777 3147 985 3216 θλίψεις
1015 3145 1293 3213 λέγοντες;
1334 3138 1466 3196 Εἶτα
1517 3141 1611 3194 καὶ
1670 3139 1802 3209 ἄλλη
1854 3137 2190 3208 παραμυθία.

526 3232 1068 3302 Χειροτονήσαντες
1123 3230 1191 3282 δὲ
1259 3227 1462 3292 αὐτοῖς
1549 3224 1990 3292 πρεσϐυτέρους
2057 3223 2196 3275 κατ’

540 3321 926 3386 Ἐκκλησίαν,
975 3314 1452 3385 προσευξάμενοι
1486 3313 1635 3380 μετὰ
1685 3308 1998 3375 νηστειῶν,
2048 3322 2196 3377 παρ-

527 3407 731 3462 έθεντο
774 3405 1000 3470 αὐτοὺς
1030 3402 1109 3469 τῷ
1153 3403 1366 3470 Κυρίῳ,
1413 3404 1497 3465 εἰς
1553 3399 1625 3452 ὃν
1670 3399 2192 3452 πεπιστεύκεισαν.

530 3491 685 3557 Εἶδες
749 3493 1063 3564 θερμότητα
1126 3489 1371 3553 Παύλου;
1445 3485 1962 3554 Προσευξὰμενοι,
2033 3483 2194 3554 φησὶ,

525 3582 676 3653 μετὰ
750 3578 1048 3646 νηστειῶν
1135 3575 1458 3644 παρέθεντο
1528 3574 1751 3639 αὐτοὺς
1827 3572 1908 3638 τῷ
1985 3573 2193 3640 Κυρίῳ.

533 3668 696 3739 Ὅρα,
737 3665 876 3736 μετά
905 3664 1167 3734 νηστειῶν
1206 3663 1263 3716 αἱ
1300 3662 1642 3733 χειροτονίαι.
1675 3660 1842 3714 Πάλιν
1865 3660 2104 3731 νηστεία,
2138 3660 2198 3714 τὸ

531 3755 828 3825 καθάρσιον
867 3752 976 3804 τῶν
1015 3750 1296 3822 ἡμετέρων
1323 3749 1530 3819 ψυχῶν.
1565 3748 1676 3803 Καὶ
1713 3748 2049 3812 διελθόντες
2083 3746 2200 3814 τὴν

530 3841 833 3904 Πισιδίαν,
867 3837 1058 3910 ἦλθον
1099 3841 1186 3904 εἰς
1225 3837 1588 3905 Παμφυλίαν
1609 3851 1624 3866 ο
1685 3835 1782 3889 καί
1816 3834 2200 3904 λαλήσαντες

529 3928 602 3982 ἐν
639 3927 832 3996 Πέργῃ
877 3929 984 3979 τὸν
1028 3927 1235 3994 λόγον,
1281 3923 1674 3992 κατήντησαν
1716 3925 1802 3988 εἰς
1843 3921 2198 3978 Ἀττάλειαν.

533 4015 653 4068 Ἰνα
696 4015 805 4085 γάρ
857 4014 930 4084 μὴ
976 4011 1260 4084 καταπέσῃ
1307 4010 1375 4063 τὰ
1448 4011 1772 4081 φρονήματα
1831 4009 1977 4061 τῶνα
2028 4009 2196 4079 μαθηο

532 4101 662 4166 τῶν,
693 4103 774 4154 ὅτι
813 4101 860 4153 οἱ
900 4099 1247 4169 νομιζόμενοι
1279 4098 1392 4150 θεοὶ
1416 4096 1641 4150 τοιαῦτα
1667 4097 1988 4165 πάσχουσιν,
2024 4096 2202 4165 εἰσῆλ-

535 4191 625 4242 θον
678 4189 813 4260 πρὸς
851 4188 1070 4254 αὐτοὺς,
1131 4186 1223 4238 καὶ
1254 4183 1624 4253 διελέχθησαν.
1676 4184 1784 4237 Καὶ
1805 4183 1940 4252 ὅρα·
1989 4183 2201 4252 πρῶτον

533 4279 614 4340 εἰς
661 4277 868 4348 Δέρϐην
917 4276 1215 4345 ἐξέρχεται,
1267 4272 1442 4334 διδοὺς
1487 4273 1668 4333 αὐτοῖς
1720 4269 2050 4323 ἀναπνεῦσαι
2107 4271 2201 4324 τοῦ

539 4363 732 4432 θυμοῦ,
781 4361 878 4414 καὶ
927 4362 1048 4414 τότε
1106 4359 1269 4411 πάλιν
1299 4360 1378 4420 εἰς
1434 4357 1684 4428 Λύστραν
1727 4358 1821 4409 καὶ
1848 4357 2064 4410 Ἰκόνιον
2109 4359 2202 4410 καὶ

536 4449 890 4517 Ἀντιόχειαν,
925 4446 1283 4517 θυμουμένοις
1306 4447 1402 4516 μὲν
1424 4447 1606 4509 αὐτοῖς
1626 4445 1810 4510 εἴκων,
1833 4447 2204 4516 πεπαυμένοις

537 4537 594 4588 δὲ
619 4535 1012 4605 ἐπιτιθέμενος.
1040 4533 1189 4607 [245]
1233 4534 1510 4603 Ὀρᾷς,ὃτι
1539 4533 1598 4586 06
1624 4534 1796 4586 πάντα
1832 4533 2036 4605 χάριτι,
2070 4535 2204 4588 ἀλλά

541 4627 636 4677 καὶ
661 4623 838 4694 οἰκείᾳ
876 4622 1076 4692 σπουδῇ
1109 4607 1336 4691 διῴκουν
1360 4625 1412 4686 ‘;
1473 4621 1756 4675 Κάκεῖθεν
1807 4622 2206 4676 ἀπέπλευσαν

539 4715 627 4777 εἰς
655 4711 1030 4780 Ἀντιόχειαν,
1059 4709 1199 4764 ὅθεν
1219 4705 1380 4778 ἦσαν
1419 4708 1885 4777 παραδεδομένοι
1909 4708 1983 4778 τῇ
2013 4709 2205 4778 χάριτι

538 4798 645 4853 τοῦ
683 4797 830 4852 Θεοῦ
869 4799 956 4863 εἰς
988 4797 1052 4850 τὸ
1094 4796 1289 4864 ἔργον,
1321 4795 1351 4848 ὂ
1385 4795 1764 4864 ἐπλήρωσαν.
1816 4799 1912 4851 Διά
1952 4799 2004 4851 τί
2044 4799 2206 4851 πάλιν

541 4886 790 4956 ἔρχονται
826 4887 904 4948 εἰς
933 4883 1292 4954 Ἀντιόχειαν;
1328 4884 1444 4936 ’Ἰνα
1473 4883 1846 4952 ἀπαγγείλωσι
1884 4886 1950 4939 τὰ
1977 4889 2092 4942 ἐκεῖ
2113 4903 2213 4944 γε..

540 4973 762 5044 νόμενα.
795 4972 1002 5036 Ἀλλως
1033 4971 1090 5024 δέ
1127 4972 1219 5024 καὶ
1261 4974 1624 5042 οἰκονομεῖται
1677 4973 1817 5042 μέγα
1863 4976 2094 5045 πρᾶγμα
2124 4977 2182 5029 ὲν

541 5059 760 5114 τεῦθεν’
814 5059 921 5113 ἔδει
966 5057 1075 5129 γὰρ
1119 5058 1303 5112 λοιπὸν
1335 5060 1474 5130 μετά
1528 5061 1840 5131 παρρησίας
1883 5064 1995 5124 τοῖς
2032 5061 2207 5114 ἔθνεσι

544 5152 853 5224 κηρύττειν.
899 5153 1189 5222 Ἔρχονται
1233 5146 1325 5204 οῦν
1373 5150 1547 5205 ταῦτα
1606 5151 2070 5220 ἀπαγγέλλοντες,
2120 5153 2206 5205 ἵνα

543 5239 740 5293 εἰδέναι
772 5241 956 5310 ἔχωσι.
1000 5241 1111 5292 Καὶ
1158 5242 1519 5310 οἰκονομεῖται
1574 5239 1695 5293 τότε
1763 5241 2041 5294 κατελθεῖν
2080 5243 2206 5305 τοὺς

544 5326 852 5389 κωλύοντας
891 5329 1004 5389 τοῖς
1039 5327 1247 5381 ἔθνεσιν
1276 5328 1503 5397 ὁμιλεῖν.
1551 5329 1639 5381 ἵνα
1672 5328 1859 5381 λοιπὸν
1905 5329 2012 5382 ἀπὸ
2039 5330 2206 5400 Ἱεροσ-

544 5412 791 5482 σολύμων
823 5413 1018 5482 πολλὴν
1053 5413 1303 5478 λαϐόντες
1334 5415 1537 5477 ἄδειαν,
1570 5417 1707 5486 μετὰ
1739 5417 2052 5486 παρρησίας
2081 5417 2209 5470 ἀπί-

543 5519 696 5555 ωσιν.
724 5501 797 5554 ’Ἡ
825 5501 919 5554 καὶ
961 5500 1156 5564 ἄλλως,
1193 5502 1460 5556 δείκνυσιν
1491 5503 1668 5556 αὐτῶν
1699 5503 1761 5558 τὸ
1806 5500 1938 5574 ἦθος
1970 5504 2070 5556 οὐκ
2107 5503 2206 5557 αὕ-

545 5588 723 5650 θαδες.
754 5588 1044 5659 Ἐρχονται
1074 5588 1184 5658 γὰρ
1221 5591 1320 5658 τήν
1351 5606 1409 5641 τε
1451 5591 1760 5661 παρρησίαν
1791 5591 2206 5661 ἐνδεικνύμενοι,

545 5679 626 5733 ὅτι
668 5676 760 5731 καὶ
797 5675 964 5747 χωρὶς
1011 5676 1233 5729 ἐκείνων
1263 5680 1376 5740 τοῖς
1403 5678 1610 5732 ἔθνεσιν
1656 5679 1950 5751 ἐκήρυξαν,
1989 5684 2081 5734 καὶ
2112 5681 2208 5752 τὴν

610 5909 629 5932 ⁸
646 5910 876 5982 ,ρους-τὰ
898 5911 1110 5982 νοήματα
1131 5913 1242 5959 τῶν.
1290 5911 1431 5982 :Sic
1442 5911 1537 5961 duo
1558 5909 1698 5959 codd.
1723 5911 1927 5970 optimc.
1951 5909 2206 5976 Commel.,

544 5973 697 6023 Savil.
721 5980 774 6021 el.
798 5971 966 6021 Monlf.
1004 5973 1248 6024 ὶδιώκουν.
1289 5974 1431 6025 Enrr.

1297 319 1357 375 S.
1397 314 1683 373 JOANNIS
1725 309 2218 370 CHRYSOSTOMI
2259 307 2579 364 ARCII‘IEP.
2617 303 3162 363 CONSTANTINOP.

3845 297 3882 350 Ξ
3896 300 3966 351 ξ’ιο

2281 425 2545 497 ὁπακοὴν,
2587 427 2670 479 ὅτι
2710 425 2892 481 αὐτοῖς
2926 422 3319 491 ἀναφέρουσιν
3364 419 3422 472 06
3450 419 3558 486 γὰρ
3597 417 3677 480 ὡς
3713 417 3962 471 τοσαῦτα

2276 513 2680 583 κατορθωκότες
2724 509 3121 580 ἀπενοήθησαν.
3162 507 3341 560 Ὅθεν
3396 502 3559 575 ἦσαν
3604 503 3956 572 παραδεδο-

2270 597 2470 667 μένοι,
2505 599 2658 668 φησὶ,
2701 595 2775 666 τῇ
2806 597 3000 665 χάριτι
3031 594 3134 648 τοῦ
3165 593 3332 646 Θεοῦ.
3366 592 3473 645 Καὶ
3495 591 3601 661 μὴν
3627 591 3690 643 τὸ
3725 590 3954 660 Πνεῦμα

2277 683 2461 739 εἶπεν·
2499 687 2633 739 ἀλλὰ
2664 686 2731 738 τὰ
2763 685 2857 739 τοῦ
2913 683 3232 752 -Πνεύματος
3287 677 3424 734 οἶδεν
3469 680 3599 732 ὄντα
3644 678 3740 731 τοῦ
3788 679 3944 730 Υἰοῦ⁶

2279 773 2375 842 μία
2403 774 2510 844 γὰρ
2537 773 2771 837 ἐξουσία,
2796 772 2983 841 ῶσπερ
3035 773 3068 840 ἡ
3123 769 3280 839 φύσις
3319 768 3414 820 καὶ
3467 766 3598 819 Υίοῦ
3642 766 3738 818 καὶ
3780 764 3955 817 Πνεῦ-

2281 845 2442 931 ματος
2466 859 2581 929 μία.
2613 860 3083 929 Παραγενόμενοι
3111 857 3180 910 δὲ
3217 856 3316 909 καί
3354 854 3809 922 συναγαγόντες
3837 853 3953 918 τὴν

2289 947 2672 1013 Ἐκκλησίαν,
2705 948 3081 1015 ἀπήγγειλαν
3115 944 3230 997 ὅσα
3248 943 3538 1008 ἐποίησεν
3573 943 3607 994 ό
3644 940 3792 1005 Θεὸς
3822 942 3950 1007 μετ’

2277 1034 2490 1093 αὐτῶν.
2539 1038 2636 1088 καὶ
2679 1033 2767 1088 ὅτι
2809 1034 3056 1103 ἤνοιξεν
3094 1035 3127 1086 ὀ
3180 1031 3322 1096 Θεὸς
3363 1029 3489 1096 τοῖς
3521 1029 3727 1084 ἔθνεσι
3765 1030 3951 1096 θύραν

2279 1125 2553 1190 πίστεως.
2583 1124 2876 1191 Διέτριϐον
2914 1122 2982 1175 δὲ
3028 1121 3157 1176 ἐκεῖ
3181 1121 3404 1190 χρόνον
3438 1120 3549 1172 οὐκ
3579 1118 3791 1187 ὀλίγον
3831 1117 3950 1169 σὺν

2279 1212 2404 1276 τοῖς
2438 1211 2748 1280 μαθηταῖς.
2790 1211 3061 1272 Εἰκότωςο
3110 1209 3321 1279 μεγάλη
3372 1207 3481 1276 γάρ
3518 1202 3651 1258 οὖσα
3693 1209 3728 1275 ή
3775 1205 3944 1266 πόλις.

2280 1299 2448 1352 ἐδεῖτο
2479 1299 2829 1353 διδασκάλων.
2855 1298 3080 1366 Ἶδωμεν
3108 1296 3293 1349 λοιπὸν
3319 1295 3525 1348 ἀνωθεν
3551 1293 3618 1346 τὰ
3652 1292 3944 1363 εἰρημένα.

2281 1386 2428 1456 Αύτῇ
2452 1388 2517 1455 τῇ
2544 1384 2664 1455 όψει
2683 1385 2710 1424 δ
2735 1384 3077 1452 κατέπληξαν
3105 1385 3300 1445 αὐτοὺς
3323 1381 3713 1454 διαρρήξαντες
3739 1379 3812 1432 τὰ
3831 1380 3946 1450 ἱμά-

2282 1490 2388 1526 τια.
2423 1472 2591 1525 Τοῦτο
2638 1473 2732 1526 καὶ
2776 1470 2979 1541 Ἰησοῦς
3011 1473 3039 1523 ό
3069 1471 3159 1523 τοῦ
3189 1469 3344 1540 Ναυὴ
3374 1469 3546 1521 ἐποίει
3588 1467 3682 1519 ἐπὶ
3715 1469 3782 1537 τῇ
3813 1469 3946 1540 ἥττῃ

2283 1557 2375 1612 τοῦ
2402 1558 2552 1612 λαοῦ.
2576 1558 2667 1628 Μὴ
2693 1559 2870 1612 τοίνυν
2893 1557 3118 1628 νομίσῃς
3154 1557 3371 1622 ἀνάξιον
3400 1555 3582 1608 αὐτῶν
3604 1551 3741 1607 εἶναι
3769 1555 3943 1613 τοῦτο,

2284 1647 2492 1718 καὶτῆς
2524 1647 2841 1710 εὐσταθείας
2875 1644 3084 1700 αῦτῶψ
3127 1645 3227 1697 οὐκ
3266 1643 3332 1697 ἂν
3364 1644 3473 1714 γὰρ
3511 1643 3687 1705 ἄλλως
3726 1642 3947 1713 ἐπέσχον

2283 1736 2381 1805 τὴν
2411 1733 2680 1806 τοσαύτην
2707 1735 2905 1806 ὁρμὴν,
2933 1734 3032 1785 οὐκ
3060 1731 3124 1785 ἂν
3152 1731 3331 1793 ἄλλως
3358 1731 3454 1800 τὴν
3483 1732 3663 1800 πυράν
3699 1730 3943 1784 ἔσϐεσαν.

2286 1823 2453 1876 Ὅταν
2477 1819 2570 1876 οὖν
2611 1840 2662 1875 τι
2711 1823 2804 1893 δέῃ
2844 1820 2954 1873 τῶν
3011 1821 3238 1874 δεόντων
3283 1817 3556 1888 γενέσθαι,
3615 1818 3752 1888 μηδὲ
3792 1821 3947 1888 ἡμεῖς

2287 1909 2700 1981 παραιτώμεθα.
2731 1911 2792 1963 Ei
2813 1909 2990 1962 τοίνυν
3019 1911 3112 1962 καὶ
3149 1906 3287 1978 μετά
3321 1907 3494 1959 ταῦτα
3528 1906 3680 1977 μόλις
3700 1905 3941 1972 ἔπεισαν,

2286 1999 2334 2050 εἰ
2369 1999 2444 2068 μὴ
2476 1997 2649 2060 οὕτως
2676 1999 3019 2068 εἰργάσαντο,
3045 1996 3096 2049 τί
3123 1996 3222 2048 οῦκ
3251 1995 3316 2048 ἂν
3348 1996 3565 2063 ἐγένετο
3591 2013 3606 2060 ;
3650 1996 3713 2049 Εἰ
3741 1994 3845 2066 γὰρ
3877 1995 3947 2066 μὴ

2286 2087 2457 2150 οὕτως
2505 2087 2784 2156 ἐποίησαν,
2835 2085 3196 2157 ἐνομίσθησαν
3247 2084 3313 2136 ἂν
3375 2101 3491 2146 πως
3540 2083 3945 2154 ὑψηλοφρονεῖν,

2288 2175 2382 2227 καὶ
2423 2175 2622 2245 μᾶλλον
2651 2173 2895 2242 ἐφίεσθαι
2927 2173 3024 2242 τῆς
3051 2174 3236 2242 τιμῆς.
3285 2173 3393 2224 Καὶ
3419 2173 3520 2243 ὅρα
3552 2171 3643 2224 τὸν
3673 2171 3820 2238 λόγον
3848 2189 3947 2239 με·

2293 2261 2628 2332 μετρημένον
2671 2262 2728 2312 ἐν
2763 2263 2830 2330 τῇ
2878 2256 3185 2329 ἐπιπλήξει,
3239 2259 3332 2310 καὶ
3370 2258 3648 2328 θαύματος
3689 2258 3818 2328 ὁμοῦ
3858 2260 3947 2326 γέ-

2293 2366 2460 2419 μοντα
2486 2351 2577 2402 καὶ
2606 2348 2964 2419 ἐπιπλήξεως.
3004 2345 3173 2400 Τοῦτο
3197 2346 3435 2417 μάλιστα
3459 2347 3656 2407 αὐτοὺς
3696 2345 3947 2408 ἐκώλυσε,

2290 2437 2349 2489 τὸ
2366 2439 2558 2500 εἰπεῖν,
2584 2437 2691 2490 Καὶ
2727 2435 2895 2504 ἡμεῖς
2917 2434 3290 2499 ὁμοιοπαθεῖς
3326 2435 3516 2503 ἐσμεν
3552 2433 3695 2503 ὑμῖν
3739 2435 3953 2502 ἀνθρωο

2291 2539 2412 2591 ποι,
2432 2522 2935 2595 εὐαγγελιζόμενοι
2959 2521 3113 2591 ὑμᾶς
3138 2522 3257 2577 ἀπὸ
3291 2520 3410 2575 τῶν
3433 2522 3702 2590 ματαίων
3734 2524 3953 2576 τούτων

2292 2611 2670 2679 ἐπιστρέφειν
2703 2609 2802 2663 ἐπί
2837 2609 2944 2662 τὸν
2983 2610 3150 2662 Θεόν.
3198 2609 3342 2660 Ὠσεὶ
3382 2607 3616 2676 ἔλεγονο,
3645 2609 3954 2678 Ἄνθρωποι

2297 2698 2394 2768 μέν
2423 2700 2609 2768 ἐσμεν,
2643 2699 2792 2767 φησὶ,
2824 2699 3029 2750 τούτων
3057 2697 3114 2750 δὲ
3144 2696 3392 2767 μείζους·
3424 2697 3592 2750 ταῦτα
3625 2696 3737 2764 γάρ
3765 2698 3953 2763 νεκρά.

2298 2783 2434 2854 Ὅρα
2473 2785 2667 2846 αὐτοὺς
2703 2786 2802 2838 οὐκ
2850 2784 3253 2854 ἀνατρέποντας
3303 2783 3475 2852 μόνον,
3517 2781 3654 2834 ἀλλὰ
3691 2783 3788 2834 καὶ
3817 2783 3958 2835 διδά-

2297 2889 2540 2936 σκοντας,
2582 2873 2675 2924 καὶ
2707 2872 2860 2925 οὐδὲν
2909 2872 3034 2942 περὶ
3087 2871 3329 2942 ἀοράτων
3383 2869 3811 2939 φθεγγομένους.
3857 2873 3958 2935 Ὃς

2293 2961 2564 3028 ἐποίησε,
2613 2961 2776 3030 φησὶ,
2810 2960 2917 3012 τὸν
2955 2957 3349 3027 οὐρανὸν-’καὶ
3393 2957 3506 3022 τὴν
3540 2957 3660 3026 γῆν
3702 2959 3803 3011 καί
3845 2960 3958 3024 τὴν

2296 3049 2632 3111 θάλασσαν,
2658 3046 2755 3100 καί
2786 3046 2981 3100 πάντα
3009 3048 3078 3100 τὰ
3104 3049 3174 3100 ἐν
3203 3044 3426 3111 αὐτοῖς.
3448 3047 3748 3115 Μάρτυρας
3768 3047 3955 3109 αὐτοὺς

2296 3135 2441 3204 λέγει
2466 3135 2589 3198 τοὺς
2619 3136 2914 3198 ἐνιαυτούς.
2949 3136 3012 3188 Ὢ
3039 3138 3137 3203 τῆς
3173 3134 3366 3205 μανίας
3393 3135 3491 3203 τῆς
3515 3134 3843 3204 Ίουδαῖκῆςε
3871 3139 3955 3197 εἰς

2295 3224 2464 3293 δῆμον
2520 3222 2662 3276 οὕτω
2707 3225 3014 3293 τιμήσαντα
3066 3224 3194 3286 τοὺς
3261 3223 3594 3286 ἀποστόλους
3660 3223 3953 3293 ἐτόλμησαν

2297 3313 2528 3382 ἐμϐῆναι
2565 3312 2659 3365 καὶ
2686 3312 2904 3367 λιθάσαι
2943 3312 3174 3365 Παῦλον.
3215 3312 3360 3375 Ἕξω
3389 3312 3448 3364 δὲ
3478 3311 3577 3380 τῆς
3606 3311 3803 3373 πόλεως
3831 3312 3950 3363 ἔσυ-

2301 3415 2418 3469 ραν,
2482 3399 2625 3469 τάχα
2675 3399 2972 3464 δεδοικότες
3015 3402 3240 3455 ἐκεῖνον.
3301 3399 3412 3456 Καὶ
3463 3399 3944 3468 προσευξάμενοι,

2299 3487 2451 3556 φησὶ,
2486 3487 2631 3553 μετὰ
2657 3488 2970 3556 νηστειῶν,
3009 3489 3332 3559 παρέθεντο
3364 3489 3584 3554 αὐτοὺς
3614 3485 3694 3552 τῷ
3742 3487 3948 3554 Κυρίῳ.

2299 3575 2409 3629 Καὶ
2430 3575 2710 3644 νηστεύειν
2731 3578 3006 3632 ἐδίδασκον
3037 3581 3095 3630 ὲν
3117 3581 3228 3641 τοῖς
3258 3579 3606 3647 πειρασμοῖς.
3657 3577 3772 3628 υὺκ
3801 3573 3954 3629 εἶπαν

2299 3663 2398 3717 ὅσα
2432 3666 2584 3719 αὐτοὶ
2607 3668 2890 3737 ἐποίησαν,
2925 3665 3037 3719 ἀλλ’
3076 3667 3178 3718 ὅσα
3203 3668 3231 3718 ὁ
3262 3665 3395 3728 Θεὸς
3425 3664 3542 3735 μετ’
3571 3664 3768 3718 αὐτῶν.
3813 3664 3957 3732 Ἐμοὶ

2300 3745 2514 3802 δοκοῦσι
2543 3751 2667 3812 τοὺς
2693 3749 3030 3820 πειρασμοὺς
3074 3747 3276 3816 λέγειν.
3315 3750 3427 3816 Οὐχ
3471 3747 3658 3811 ἁπλῶς
3688 3744 3850 3816 ἦλθον
3874 3751 3958 3798 εν-

2301 3833 2494 3899 ταῦθα,
2511 3835 2630 3888 οὐδὲ
2653 3835 3161 3904 διαναπαυσόμενοι,
3183 3833 3332 3906 [ιιι]
3347 3834 3461 3887 ἀλλ’
3477 3833 3834 3902 οἰκονομικῶς
3861 3834 3958 3884 ὑπὸ

2301 3922 2441 3977 τοῦο
2473 3925 2787 3992 Πνεύματος
2819 3921 3190 3990 ὁδηγούμενοι,
3244 3920 3384 3973 ὥστε
3430 3921 3492 3974 τὸ
3549 3921 3811 3990 κήρυγμα
3856 3918 3956 3970 τῶν

2303 4012 2470 4065 ἐθνῶν
2501 4009 2881 4081 βεδαιωθῆναι.
2918 4010 3029 4062 Καὶ
3063 4007 3152 4060 διὰ
3195 4009 3270 4072 τί,
3310 4008 3494 4076 φησὶν,
3529 4009 3587 4060 ἐν
3622 4008 3834 4077 Κύπρῳ
3865 4008 3955 4058 οὐκ

2304 4101 2564 4171 ἐποίησαν
2591 4098 2988 4170 πρεσϐυτέρους
3012 4096 3132 4150 οὐδὲ
3153 4099 3212 4150 ἐν
3244 4096 3526 4166 Σαμαρείᾳ
3547 4094 3571 4134 ἀ
3599 4112 3612 4159 ;
3642 4095 3764 4148 Ὅτι
3788 4096 3955 4162 ἐκείνη

2307 4187 2404 4258 μέν
2437 4188 2600 4256 ἐγγὺς
2629 4183 2696 4258 ἦν
2723 4184 2830 4236 τῶν
2861 4185 3195 4249 ἀποστόλων,
3233 4184 3370 4254 αῦτη
3399 4183 3456 4236 δὲ
3481 4183 3582 4250 τῆς
3621 4184 3956 4251 ’Δντιοχείας,

2305 4276 2398 4330 καὶ
2428 4277 2457 4328 ὁ
2481 4275 2637 4342 λόγος
2665 4273 2885 4345 ἐκράτει
2905 4291 2917 4303 ·
2954 4273 3187 4327 ἐνταῦθα
3220 4273 3278 4325 δὲ
3313 4272 3511 4342 πολλῆς
3549 4271 3759 4324 ἐδέοντο
3793 4288 3959 4342 napa-

2308 4363 2525 4433 μυθίας,
2564 4363 2658 4415 καὶ
2705 4362 2937 4432 μάλιστα
2978 4363 3027 4415 οἱ
3083 4363 3142 4426 ἐξ
3188 4361 3390 4425 ἐθνῶν,
3447 4362 3754 4430 ὀφείλοντες
3800 4358 3962 4414 πολλά

2305 4448 2667 4504 διδάσκεσθαι.
2700 4444 2905 4504 Ἦλθον
2940 4449 3300 4513 διδάσκοντες,
3331 4450 3410 4502 ὅτι
3439 4448 3664 4511 εἰκότως
3699 4449 3960 4518 ἐχειροτοο

2305 4538 2547 4609 νήθησαν
2567 4537 2670 4592 ὑπὸ
2693 4536 2785 4590 τοῦ
2817 4538 3156 4609 Πνεῦματος.
3195 4538 3305 4591 Καὶ
3345 4538 3448 4607 ὅρα
3478 4536 3539 4589 τὸ
3570 4535 3772 4606 θερμὸν
3824 4537 3963 4589 Παύο

2304 4625 2417 4680 λου.
2459 4626 2531 4678 O6
2565 4625 2890 4678 πυνθάνεται
2927 4628 2974 4679 εἰ
3001 4627 3080 4678 δεῖ
3107 4625 3335 4695 λαλῆσαι
3369 4625 3600 4687 ἔθνεσιν,
3626 4623 3744 4676 ἀλλ’
3772 4623 3964 4683 εὐθέως

2306 4715 2488 4767 λαλεῖο
2549 4713 2638 4766 διὰ
2687 4713 2844 4767 τοῦτο
2906 4713 3111 4782 ἔλεγεν,
3159 4711 3241 4770 Οὐ
3287 4712 3747 4782 προσανεθέμην
3793 4710 3962 4780 σαρκὶ

2307 4803 2404 4854 καί
2429 4803 2645 4870 αἵματι.

2377 4895 2445 4955 γ’.
2482 4888 2641 4956 Μέγα
2667 4889 2834 4951 ὅντως
2866 4887 3069 4956 ἀγαθὸν
3090 4890 3124 4959 ἡ
3160 4888 3353 4959 θλῖψις,
3387 4889 3482 4943 καὶ
3519 4888 3766 4958 μεγάλης
3794 4885 3964 4958 ψυχῆς

2309 4980 2446 5040 ἐστι,
2479 4981 2574 5030 καὶ
2605 4978 2859 5045 γενναίας
2891 4977 3243 5048 κατόρθωμα.
3303 4977 3462 5031 Πόσοι
3502 4976 3643 5046 μετά
3670 4975 3837 5029 τοῦτο
3864 4973 3963 5027 ἐπί-

2309 5082 2558 5128 στευσαν,
2591 5067 2687 5119 καὶ
2713 5067 2886 5128 οὐδεὶς
2909 5066 3080 5126 οὕτως
3118 5065 3391 5136 ἔλαμψεν;
3449 5064 3608 5117 υῦτω
3666 5063 3964 5135 προθυμίας

2306 5155 2440 5224 ἡμῖν
2463 5153 2544 5206 δεῖ
2571 5155 2870 5224 πανταχοῦ,
2903 5153 3204 5224 πυρώσεως
3237 5165 3260 5193 ο
3314 5153 3536 5223 πολλῆς,
3600 5151 3784 5222 ψυχῆς
3846 5150 3965 5220 πρὸς

2308 5243 2536 5296 θάνατον
2591 5243 3079 5313 παρατεταγμένης
3104 5258 3119 5272 ·
3177 5243 3355 5306 ἄλλως
3402 5242 3512 5313 γάρ
3565 5243 3666 5294 οὐκ
3730 5241 3814 5293 ἔνι
3881 5237 3966 5305 τῆς

2310 5329 2587 5398 βασιλείας
2649 5333 2866 5399 τυχεῖν,
2925 5328 3001 5400 μὴ
3052 5331 3452 5402 σταυρωθέντα.
3515 5329 3609 5401 Μὴ
3673 5327 3968 5394 ἀπαιτῶμεν

2308 5416 2554 5480 ἑαυτούς.
2595 5419 2658 5470 Εἰ
2708 5418 2817 5488 γὰρ
2856 5419 2932 5470 ’ἐν
2990 5419 3209 5490 πολέμῳ
3240 5418 3478 5488 σωθῆναι
3503 5419 3565 5471 06
3593 5417 3825 5470 δυνατὸν
3852 5430 3970 5482 τρυ-

2309 5505 2496 5574 φῶντα
2520 5506 2614 5559 καὶ
2646 5506 3114 5577 χρηματιζόμενον
3146 5509 3239 5560 καὶ
3270 5506 3652 5576 καπηλεύοντα
3681 5505 3776 5559 καὶ
3812 5502 3972 5575 ῥᾳθυ-

2312 5593 2513 5663 μοῦντα
2535 5611 2548 5624 ·
2581 5593 2761 5663 πολλῷ
2784 5595 2982 5664 μᾶλλον
3035 5598 3092 5647 ἐν
3141 5596 3218 5665 τῷ
3270 5595 3492 5666 πολέμῳ
3542 5594 3740 5663 τούτῳ.
3779 5594 3852 5645 Ἥ
3882 5589 3975 5642 οὑν.

2307 5683 2484 5737 οἴεσθε
2523 5683 2757 5754 πόλεμον
2787 5679 3042 5738 εἶναινῦν
3078 5685 3299 5738 πάντων
3327 5755 3329 5760 ι
3353 5684 3608 5754 πολέμων
3661 5680 3976 5752 χαλεπώτα-

2368 5785 2394 5823 b
2417 5790 2516 5840 Alii
2540 5792 2759 5854 εἰρημένα
2787 5793 2950 5853 πρώτῃ
2976 5797 3032 5854 τῇ
3062 5793 3182 5854 ὄψει.
3252 5795 3274 5822 ο
3291 5761 3623 5854 όῖκονομικῶς
3654 5792 3738 5838 ἆτε
3757 5789 3852 5854 ῦπὸ
3874 5780 3975 5854 ξοδ.

2308 5855 2378 5901 sic
2426 5847 2661 5919 u_nus.'_d
2703 5855 2785 5903 Sic
2822 5847 3174 5919 fluidantm'ss,
3208 5863 3362 5919 rogo.
3385 5915 3396 5919 Δ
3427 5847 3552 5919 mni
3601 5852 3815 5919 mro}!
3874 5847 3976 5919 ’ῥῖ-

2307 5914 2505 5988 τιοχείᾳ,
2530 5914 2673 5963 male.
2746 5920 2768 5945 ⁸
2841 5910 2972 5964 Lnus
3024 5916 3222 5978 ἔλαμψε.
3275 5915 3547 5977 Ιίροθυμίας
3597 5915 3685 5977 γάρ
3727 5911 3842 5974 ὑμῖν
3889 5910 3975 5961 δύο

2309 5991 2580 6042 πνρωσεως.
