3950 6208
158 278 258 331 ses

163 392 330 446 Μεθ’
354 392 683 448 desiderium
718 392 931 448 fervens
960 402 1015 448 et
1040 391 1368 448 accensum?
1412 392 1467 446 In
1506 389 1750 445 eamdem

159 500 338 539 rursus
386 486 610 539 intravit
664 486 977 552 civitatem,
1024 496 1083 540 ut
1122 486 1496 540 ostenderetur
1538 484 1751 552 ipsum,

158 578 320 630 sicubi
362 579 614 643 recessit,
648 578 703 634 id
733 580 945 641 fecisse,
988 579 1131 649 quod
1158 580 1319 633 vellet
1360 577 1584 632 verbum
1613 575 1755 628 inse-

160 685 291 730 rere.
322 671 546 741 etquod
576 688 683 725 non
706 683 979 741 oporteret
1012 672 1248 727 furorem
1277 672 1489 725 illorum
1532 684 1754 724 succen-

158 764 299 817 dere.
331 763 463 817 "rec
504 779 613 818 non
653 765 832 819 minus
871 782 1030 836 quam
1079 764 1229 836 signa
1272 764 1592 833 consyicuos
1636 764 1755 815 illos

161 855 490 921 reddebant,
534 866 589 910 et
631 856 804 925 majus
849 857 1100 927 gaudium
1136 858 1432 927 pariebant.
1481 855 1752 924 Nusquam

162 962 285 1001 vero
320 947 459 1001 dicit
487 949 638 1017 ipsos
664 967 911 1006 reversos
948 967 1089 1018 esse,
1120 951 1414 1023 gaudentes
1436 950 1576 1020 quod
1606 951 1754 1018 signa

162 1039 434 1108 fecissent,
464 1042 565 1097 sed
596 1044 739 1113 quod
784 1044 930 1114 digni
958 1044 1122 1098 habili
1168 1044 1394 1099 fuissent
1419 1059 1516 1113 pro
1542 1045 1755 1097 nomine

160 1131 263 1200 ejus
301 1135 697 1189 contumeliam
746 1137 853 1205 pati
886 1156 898 1192 :
930 1153 1048 1190 nam
1078 1148 1133 1193 et
1156 1137 1259 1192 hoc
1284 1152 1315 1191 a
1345 1137 1556 1191 (lhristo
1579 1136 1752 1190 edocti

161 1226 365 1279 fuerant
390 1225 616 1281 dicente
647 1245 660 1280 :
696 1227 869 1282 Nolite
893 1229 1114 1300 gaudere
1133 1272 1148 1296 ,
1180 1232 1301 1298 quia
1333 1229 1589 1282 dwmonia
1620 1228 1756 1281 vobis

160 1317 496 1386 subjiciuntur
517 1319 670 1390 (Luc.
692 1320 779 1375 {0.
812 1320 925 1389 20).
944 1320 1139 1376 Verum
1176 1322 1318 1376 enim
1341 1322 1606 1375 sincerum
1630 1336 1758 1389 gau-

159 1410 297 1462 dium
343 1410 453 1465 hoc
499 1421 616 1474 est,
662 1412 861 1482 aliquid
902 1415 1009 1483 pati
1051 1429 1147 1484 pro
1180 1413 1415 1467 Christo.
1459 1414 1659 1467 Deinde
1704 1414 1754 1465 in

160 1506 399 1559 (Μυίας
426 1506 550 1559 illas
590 1521 785 1561 omnes
828 1518 1108 1571 venerunt,
1151 1509 1204 1563 in
1237 1509 1432 1579 quibus
1472 1510 1755 1579 periclitati

164 1596 384 1650 inerant.
416 1596 489 1649 Et
521 1609 726 1663 postera
753 1600 836 1650 die
880 1603 1133 1669 profectus
1176 1609 1249 1653 est
1283 1616 1398 1653 cum
1439 1598 1675 1653 Barnabu
1704 1601 1757 1653 in

169 1686 389 1745 Derbea.
400 1689 494 1747 ει).
510 1689 736 1759 Cumque
751 1693 1371 1762 evangelisassentcivitati
1386 1693 1482 1759 illi,
1500 1704 1546 1747 et
1559 1695 1706 1746 docui
1712 1713 1758 1746 s—

174 1794 281 1835 sent
311 1785 509 1847 multos,
544 1785 734 1838 reversi
757 1795 877 1838 sunt
905 1784 1143 1855 Lystram
1170 1795 1217 1839 et
1242 1784 1476 1839 Iconium
1499 1796 1545 1839 et
1576 1786 1756 1839 Antio-

178 1874 361 1939 chiam,
383 1874 470 1929 2f.
496 1877 858 1943 conﬁrmantes
894 1879 1091 1931 animas
1134 1878 1522 1946 discipulorum,
1568 1880 1754 1932 exhor-

178 1974 427 2035 lutesque
470 1978 524 2020 tu
569 1978 921 2033 permanerent
955 1970 1007 2021 in
1037 1969 1160 2036 ﬁde,
1187 1980 1233 2022 et
1278 1969 1415 2038 quod
1443 1986 1532 2039 per
1570 1972 1756 2022 multas

172 2060 517 2114 nibalotiones
542 2071 741 2130 oportet
768 2078 859 2115 nos
886 2063 1142 2116 intrarein
1170 2080 1377 2133 regnum
1403 2064 1516 2117 Dei.

230 2151 285 2205 2.
328 2152 440 2207 Hoc
467 2152 751 2217 dicebant,
788 2154 889 2209 hoc
919 2155 1307 2208 monstrabant.
1359 2154 1751 2224 Conﬁrmanles,

166 2245 353 2313 inquit,
383 2245 587 2299 animos
616 2246 1003 2312 discipulorum.
1053 2245 1235 2315 Itaque
1265 2247 1565 2301 confirmati
1595 2259 1715 2299 sunt
1738 2289 1751 2308 ,

167 2337 269 2387 imo
294 2345 424 2389 sunt
450 2338 705 2406 appositi.
738 2336 1107 2391 Prtedicabant
1135 2352 1294 2407 ergo,
1349 2352 1415 2390 ne
1447 2340 1499 2391 in
1527 2337 1755 2390 offendi-

167 2429 341 2480 culuin
389 2429 669 2482 caderent.
723 2429 791 2482 Et
820 2429 969 2498 quasi
1014 2428 1081 2483 de
1122 2429 1380 2483 industria
1414 2429 1513 2482 hoc
1544 2431 1619 2493 lit,
1650 2444 1754 2482 nou

170 2530 367 2572 tantum
407 2535 512 2589 per
558 2521 849 2588 apostolos,
888 2520 979 2574 sed
1008 2523 1165 2573 etiam
1200 2536 1295 2589 per
1323 2520 1651 2587 discipulos;
1702 2529 1759 2573 ut

169 2610 375 2663 discant
405 2614 590 2663 statim
622 2611 688 2663 ab
720 2612 870 2663 initio
898 2622 951 2663 et
974 2610 1366 2679 pra-dicationis
1388 2611 1516 2670 vim.
1541 2618 1595 2664 et
1615 2611 1758 2679 ipsos

170 2704 323 2755 etiam
353 2712 617 2771 oportere
644 2703 763 2756 talia
806 2704 947 2772 pati;
981 2713 1143 2770 utque
1194 2704 1399 2756 fortiter
1442 2712 1602 2766 stent,
1653 2717 1760 2756 non

171 2798 327 2849 ιιξυάο
357 2797 427 2849 ad
458 2798 608 2866 signa
641 2797 921 2860 inhiantes,
955 2797 1047 2851 sed
1080 2798 1248 2850 multo
1274 2796 1444 2866 magis
1472 2795 1537 2849 ad
1578 2805 1754 2850 tenta-

172 2890 365 2941 tiones.
402 2888 529 2942 Ideo
555 2898 611 2943 et
638 2889 749 2957 ipse
777 2888 992 2943 dicebat
1014 2907 1027 2943 :
1056 2886 1200 2941 Idem
1221 2899 1470 2941 certamen
1497 2888 1756 2953 habentes,

169 2983 315 3045 quale
360 2992 410 3034 et
456 2981 655 3035 vidistis
693 2982 746 3033 in
781 2997 860 3034 me
886 2991 932 3034 et
960 2981 1234 3035 exaudistis
1275 2981 1531 3054 (Philipp.
1564 2983 1613 3034 1.
1645 2981 1757 3050 50).

172 3072 625 3142 Persequutioues
666 3071 971 3138 frequentes
1001 3082 1155 3127 erant
1184 3091 1197 3126 :
1232 3072 1429 3141 ubique
1462 3072 1631 3138 bella,
1668 3089 1762 3142 pu-

170 3180 310 3231 gna.
348 3164 730 3231 Iapidationcs.
761 3164 945 3231 Qualis
969 3164 1311 3219 adhortatio?
1342 3163 1609 3233 quomodo
1641 3181 1764 3233 pcr-

168 3256 496 3318 suadebant,
528 3256 654 3309 dum
684 3257 735 3309 in
771 3257 1033 3326 principio
1074 3256 1448 3309 tribulatioues
1487 3256 1766 3310 dicerent?

180 3349 384 3402 Deinde
407 3358 462 3402 et
482 3349 584 3401 alia
613 3350 907 3403 consolatio
934 3367 946 3401 :
975 3349 1063 3403 22.
1092 3348 1291 3402 Etcum
1318 3348 1633 3402 ordinauent
1663 3349 1766 3404 illis

188 3459 267 3507 per
284 3442 521 3512 singulas
549 3439 801 3494 Ecclesia:
828 3442 1159 3511 presbyteros,
1190 3450 1233 3493 et
1254 3450 1481 3493 orassent
1500 3457 1612 3492 cum
1633 3441 1765 3511 jeju-

180 3535 292 3595 πῆς,
314 3538 793 3587 commendaverunt
821 3550 903 3586 eos
925 3533 1163 3591 Domino.
1187 3532 1239 3585 in
1261 3548 1407 3598 quem
1426 3531 1765 3585 crediderunt.

174 3624 431 3679 Vidistin‘
462 3624 726 3679 fervorem
750 3625 940 3678 Pauli?
980 3621 1106 3678 Cum
1134 3631 1381 3685 orassent,
1413 3622 1579 3691 inquit
1606 3663 1620 3685 ,
1656 3640 1768 3674 cum

174 3719 411 3786 jejunis,
444 3718 918 3771 commcndaverunt
947 3734 1028 3770 eos
1059 3716 1295 3769 Domino.
1340 3714 1492 3780 Vide,
1528 3731 1646 3769 cum
1682 3716 1767 3785 je-

178 3812 341 3871 inniis
384 3812 778 3865 ordinationes.
814 3810 1018 3863 Ilursus
1059 3808 1343 3878 jejunium,
1384 3809 1626 3877 purgatio
1652 3808 1769 3861 aui-

178 3919 392 3956 marum
420 3912 747 3956 nostrarum.
772 3903 862 3957 25.
887 3900 1321 3969 Transeuntesque
1347 3897 1613 3962 Pisidiam,
1638 3916 1775 3953 vene-

178 4006 296 4047 runt
322 3997 379 4047 in
407 3994 764 4063 Pamphyliam
788 4009 805 4056 ;
828 3992 919 4046 24.
942 4004 987 4045 et
1013 3992 1264 4061 loquentes
1284 3992 1484 4043 verbum
1506 3991 1558 4042 in
1589 3988 1769 4061 Perge,

182 4090 557 4142 descenderunt
588 4088 641 4140 in
666 4087 927 4140 Attalium.
956 4084 1089 4139 Nam
1114 4101 1180 4139 ne
1201 4084 1579 4152 discipulorum
1613 4084 1770 4136 animi

180 4184 555 4246 micidcrent,
588 4181 727 4249 quod
758 4181 855 4239 illi.
889 4181 978 4249 qui
1006 4179 1078 4231 dii
1108 4178 1392 4232 existimati
1426 4176 1655 4239 fuerant,
1698 4189 1775 4230 ta.

181 4278 256 4327 lia
300 4284 636 4343 paterentur,
690 4273 911 4341 ingressi
962 4279 1087 4325 sunt
1130 4269 1198 4322 ad
1239 4270 1380 4331 illos,
1428 4280 1483 4323 et
1517 4269 1774 4338 alloquuti

182 4382 315 4422 sunt
341 4384 462 4421 em.
498 4369 561 4421 Et
595 4367 744 4429 vide;
772 4367 917 4435 prius
957 4365 1009 4418 in
1059 4364 1266 4417 Derbctt
1311 4364 1439 4422 exit.
1494 4362 1626 4415 dans
1674 4363 1779 4415 illis

184 4458 493 4527 respirandi
536 4460 710 4513 locum
739 4475 765 4511 a
799 4457 980 4512 furore
1000 4498 1015 4520 ,
1051 4467 1105 4510 et
1135 4466 1260 4509 tunc
1290 4470 1474 4509 rursus
1507 4456 1651 4509 venit
1678 4455 1781 4526 Ly-

185 4564 383 4613 stram,
408 4552 639 4606 Iconium
657 4561 709 4604 et
729 4550 1060 4603 Antiochiam
1088 4568 1099 4602 :
1126 4546 1423 4600 furentibus
1441 4547 1540 4600 illis
1562 4547 1776 4611 cedens,

186 4647 413 4699 sedatos
438 4658 566 4699 vero
593 4644 800 4698 adiens.
834 4642 996 4697 Vides
1039 4657 1133 4695 eos
1178 4656 1285 4693 non
1327 4640 1502 4691 onuiia
1537 4655 1630 4708 per
1662 4655 1783 4708 gra—

191 4742 349 4797 liam,
374 4738 468 4791 sed
498 4738 657 4789 etiam
680 4752 773 4804 per
797 4735 1071 4803 proprium
1099 4732 1334 4787 studiqu
1358 4731 1781 4786 administrasse.

190 4831 279 4882 εδ.
318 4828 387 4881 Et
416 4830 534 4881 inde
561 4829 915 4898 navigaverunt
950 4825 1290 4884 Antiochiam,
1338 4822 1470 4875 unde
1504 4832 1644 4875 erant
1676 4833 1782 4874 tra-

196 4925 289 4973 diti
316 4926 497 4991 gratia:
523 4919 639 4983 Dei,
662 4922 713 4972 in
738 4936 864 4987 opus
886 4919 1019 4988 quod
1046 4917 1439 4985 compleverunt.
1470 4913 1576 4968 Cur
1602 4932 1787 4969 rursus

202 5014 540 5067 Antiochiam
572 5012 827 5066 veniunt?
852 5010 922 5066 Ut
946 5011 1263 5063 annuntient
1285 5024 1345 5063 ca
1374 5024 1491 5078 qua:
1519 5008 1624 5061 illic
1653 5008 1785 5061 facta

202 5118 346 5158 sunt.
383 5105 630 5173 Alioquin
661 5120 794 5157 vero
841 5104 966 5155 hinc
997 5115 1190 5170 magna
1223 5116 1307 5153 res
1333 5099 1738 5153 adtniniSIratur
1770 5117 1783 5153 :

204 5198 486 5266 oportebat
514 5199 655 5250 enim
680 5198 788 5267 jam
818 5212 936 5251 cum
972 5196 1161 5247 fiducia
1200 5193 1489 5261 przt'dicare
1522 5193 1786 5261 gentibus.

212 5292 443 5345 Veniunt
487 5307 617 5360 ergo
660 5292 773 5344 Iure
817 5288 1137 5351 nuntiaturi,
1192 5297 1248 5340 ut
1289 5287 1427 5339 scire
1462 5286 1681 5354 possint.
1728 5286 1793 5339 Et

208 5386 534 5451 pmvidetur,
567 5394 625 5437 ut
663 5395 788 5438 tunc
818 5384 1031 5437 veniant
1070 5383 1102 5435 ii
1132 5382 1221 5450 qui
1273 5379 1622 5448 prohibebant
1667 5395 1788 5432 cum

210 5480 454 5545 gentibus
481 5479 715 5536 versari;
750 5489 805 5530 ut
833 5477 1025 5530 deinde
1054 5491 1297 5545 magnam
1335 5489 1400 5528 ex
1443 5473 1791 5541 Jerosolyniis

216 5572 459 5624 ﬁduciam
494 5570 692 5637 adepti,
726 5568 951 5622 fidenter
977 5568 1202 5622 abirent.
1240 5566 1332 5620 Vel
1379 5566 1535 5619 aliter
1613 5574 1791 5617 osten-

220 5660 287 5709 τ’.ξῆ
314 5676 504 5713 eorum
537 5675 716 5713 mores
758 5676 862 5711 non
906 5659 1259 5727 arrogantiam
1306 5673 1516 5726 sapere.
1563 5653 1796 5708 Veniunt

222 5750 379 5811 (nlui,
412 5762 465 5803 nt
498 5760 552 5805 ct
586 5749 833 5803 fiduciam
872 5766 1017 5803 suam
1064 5750 1369 5815 exhibeant,
1407 5747 1547 5821 quod
1592 5749 1794 5817 absque

1126 274 1192 330 IN
1234 273 1412 329 ACTA
1455 271 1975 329 AI’OSTOIDRUM.
2019 274 2250 330 HOMIL.
2291 272 2484 332 XXXI.

3329 284 3437 339 231)

1862 388 1965 442 illis
1989 390 2368 456 prtedicassent
2399 394 2664 461 gentibus,
2710 406 2762 451 et
2793 400 3170 471 obedientiam,
3198 410 3339 476 quod
3371 414 3436 465 ad

1860 484 1978 536 illos
2008 502 2117 539 rem
2147 486 2380 540 referant
2414 507 2425 541 :
2459 505 2629 559 neque
2659 493 2822 557 enim,
2851 498 2990 563 quod
3016 499 3133 551 talia
3167 503 3437 570 fecissent,

1858 589 2171 647 arroganter
2200 590 2445 648 egerunt.
2482 581 2628 636 Unde
2653 595 2794 638 erant
2819 590 3013 650 traditi,
3044 592 3230 662 inquit,
3263 609 3441 665 gratia!

1860 669 1975 724 Dei.
2011 672 2290 741 Etiamque
2322 676 2549 742 Spiritus
2592 678 2839 743 dixerat;
2883 683 2975 736 St‘d
3021 700 3112 749 ea,
3156 703 3274 756 qua:
3317 703 3442 745 sunt

1861 764 2110 832 Spiritus,
2158 767 2355 819 sciebat
2385 784 2505 822 esse
2537 768 2652 823 Filii
2688 789 2701 823 :
2734 789 2831 823 una
2863 775 3002 827 enim
3038 788 3293 845 potestas,
3336 784 3439 836 sic-

1861 867 1919 910 ut
1961 868 2149 912 natura
2182 860 2299 913 Filii
2341 861 2655 930 et‘Spiritus
2697 878 2779 918 eSt
2816 882 2938 919 una.
2992 867 3079 922 26.
3125 870 3248 925 Cum
3275 884 3440 929 autem

1860 949 2106 1002 venissent
2134 958 2179 1002 et
2204 963 2586 1021 congregassent
2611 953 2907 1019 Ecclesium,
2935 960 3213 1014 retulerunt
3253 976 3443 1033 quanta

1863 1041 2056 1109 fecisset
2074 1040 2210 1095 Deus
2232 1058 2343 1095 cum
2370 1044 2489 1105 illis,
2520 1056 2564 1097 et
2581 1048 2701 1115 quia
2722 1049 2998 1115 aperuisset
3018 1054 3244 1120 gentibus
3260 1048 3443 1111 ostium

1861 1133 1999 1200 ﬁdei.
2032 1133 2121 1186 27.
2168 1132 2477 1189 Commorati
2515 1148 2632 1191 sunt
2674 1150 2843 1194 autem
2868 1143 2976 1195 illic
3003 1162 3103 1198 non
3130 1164 3285 1215 parvo
3316 1160 3443 1204 tem-

1863 1242 1984 1293 pore
2007 1243 2122 1279 cum
2149 1228 2430 1298 discipulis.
2465 1230 2592 1285 Jure
2622 1234 2838 1301 quidem
2866 1253 2881 1289 :
2909 1253 3033 1291 cum
3071 1255 3254 1310 magna
3301 1245 3443 1298 enim

1860 1316 2047 1370 civitas
2073 1328 2234 1380 esset,
2265 1320 2573 1375 doctoribus
2594 1339 2727 1390 opus
2752 1325 2997 1381 habebat.
3024 1329 3139 1383 Jam
3170 1336 3443 1402 superiora

1860 1418 2184 1475 repetamus.
2220 1410 2340 1479 Ipso
2366 1415 2670 1481 spectaculo
2700 1426 3001 1473 terruerunt
3034 1423 3171 1485 illos,
3196 1428 3443 1481 scinden-

1864 1507 1941 1552 tes
1972 1502 2282 1555 vestimenta
2308 1519 2421 1559 sua.
2451 1505 2558 1559 Hoc
2584 1518 2633 1562 et
2652 1508 2804 1563 Jesus
2830 1511 2974 1567 Nave
3011 1515 3153 1579 fecit,
3181 1516 3230 1572 in
3265 1524 3445 1590 populi

1862 1591 2033 1645 clade.
2083 1592 2159 1647 Ne
2198 1610 2326 1663 ergo
2364 1607 2519 1664 putes
2549 1598 2647 1653 hoc
2676 1600 2780 1655 illis
2809 1613 2861 1657 et
2892 1605 3100 1660 illorum
3129 1618 3269 1663 statu
3304 1612 3443 1666 indi-

1860 1698 2020 1752 gnum
2050 1701 2167 1740 esse
2200 1706 2214 1739 :
2242 1704 2412 1756 neque
2453 1691 2595 1745 enim
2641 1694 2795 1748 aliter
2840 1698 3201 1755 cohibuissem
3243 1712 3442 1758 tantum

1866 1776 2140 1845 impetum,
2192 1794 2294 1833 non
2336 1780 2490 1836 aliter
2523 1783 2824 1839 incendium
2856 1791 3260 1849 esstinxissent.
3311 1794 3441 1849 Cum

1863 1883 1992 1937 ergo
2016 1883 2148 1937 opus
2171 1870 2327 1925 fuerit
2350 1874 2562 1939 talibus,
2590 1892 2659 1931 ne
2687 1894 2998 1935 recusemus
3027 1899 3207 1953 agere.
3234 1887 3289 1941 Si
3318 1906 3444 1957 ergo

1861 1959 1940 2012 sic
1964 1971 2182 2028 agentes
2212 1964 2297 2016 vix
2328 1978 2612 2019 suaserunt
2642 1968 2767 2033 illis,
2812 1973 2856 2026 si
2899 1988 3005 2027 non
3040 1975 3138 2029 hoc
3165 1975 3441 2044 fecissent,

1809 2052 1985 2119 ,qnid
2016 2068 2118 2105 non
2150 2053 2380 2107 futurum
2412 2058 2568 2109 erat?
2616 2058 2746 2112 Nam
2793 2062 2836 2114 si
2887 2062 2987 2117 hoc
3028 2081 3130 2119 non
3170 2068 3443 2133 fecissent,

1862 2153 2098 2210 putatum
2147 2144 2333 2199 fuisset
2380 2148 2496 2202 illos
2532 2149 2696 2203 altum
2728 2166 2920 2221 sapere
2954 2166 3007 2209 et
3037 2157 3295 2214 honorem
3324 2180 3439 2216 aui-

1862 2236 1995 2291 bire.
2023 2238 2091 2291 Et
2114 2241 2383 2309 perpende
2404 2256 2708 2298 SCI‘ﬂIOllenl
2735 2246 2784 2299 in
2816 2248 2903 2301 tali
2935 2249 3296 2318 increpatione
3326 2272 3443 2309 nio-

1864 2326 2131 2393 deratum,
2156 2331 2512 2388 admiratione
2547 2336 2705 2388 simul
2738 2348 2791 2391 et
2812 2349 3030 2406 stupore
3061 2342 3296 2409 plenum.
3332 2348 3441 2401 Iloe

1863 2421 2095 2476 maxime
2128 2422 2247 2475 illos
2278 2424 2535 2489 cohibuit,
2566 2428 2706 2495 quod
2730 2428 2972 2485 dicerent
3001 2449 3014 2488 :
3041 2433 3107 2486 Et
3134 2452 3224 2488 nos
3256 2439 3443 2491 similes

1863 2514 1998 2567 vobis
2025 2514 2249 2569 homines
2276 2518 2536 2587 passibilcs
2564 2537 2760 2587 sumus,
2803 2527 3159 2581 annuntiantes
3202 2531 3338 2585 vobis
3382 2536 3443 2585 ab

1865 2604 1942 2657 his
1964 2608 2104 2659 vanis
2138 2610 2358 2661 converti
2385 2610 2451 2662 ad
2477 2609 2638 2664 Deum
2662 2630 2681 2676 ;
2708 2629 2771 2666 ac
2800 2616 2843 2667 si
2875 2616 3115 2672 dita-rent
3146 2638 3159 2672 :
3189 2620 3445 2679 Homines

1864 2698 2079 2766 quidem
2110 2715 2314 2765 sumus,
2347 2700 2430 2755 his
2450 2714 2625 2757 autem
2660 2706 2917 2773 majores;
2952 2708 3065 2763 ha-c
3085 2713 3283 2782 quippe
3310 2731 3446 2770 nmr-

1867 2796 1954 2841 tua
1980 2800 2121 2843 sunt.
2163 2791 2288 2845 Vide
2316 2793 2436 2847 illos
2461 2811 2563 2847 non
2591 2796 2925 2852 confutantes
2956 2803 3132 2865 modo,
3158 2806 3250 2859 sed
3284 2810 3442 2863 etiam

1865 2878 2141 2947 docentes,
2189 2893 2244 2936 et
2289 2884 2418 2936 nihil
2467 2884 2534 2939 de
2582 2886 2936 2944 invisibilihus
2982 2894 3279 2962 loquentes.
3346 2900 3445 2966 Qui

1868 2974 2003 3043 fecit,
2046 2974 2233 3043 inquit,
2259 2974 2439 3029 ctelmn
2465 2986 2509 3028 et
2535 2986 2719 3030 terram
2740 2989 2787 3032 et
2813 2998 2966 3044 mare,
3001 2995 3047 3036 et
3067 2988 3235 3040 omnia
3264 3006 3375 3052 quae
3393 2992 3444 3046 in

1868 3066 1939 3119 eis
1962 3076 2098 3119 sunt.
2125 3066 2309 3121 Testes
2338 3068 2482 3136 ipsos
2506 3070 2639 3123 dixit
2676 3085 2866 3126 annos.
2896 3073 2939 3128 0
2967 3075 3224 3132 insaniam
3262 3080 3446 3137 Judai—

1869 3160 2021 3212 eam!
2053 3159 2180 3212 Ausi
2204 3169 2327 3212 sunt
2350 3159 2551 3229 ingredi
2574 3162 2638 3215 ad
2669 3164 2921 3232 populum
2950 3167 3027 3219 sic
3060 3174 3328 3239 apostolos
3349 3174 3448 3227 bo-

1872 3258 2173 3313 norantem,
2222 3252 2335 3304 ausi
2381 3262 2505 3305 sunt
2549 3254 2800 3308 invadere
2847 3266 2899 3309 et
2944 3258 3177 3327 lapidare
3208 3263 3447 3318 Paulum.

1874 3339 2035 3393 Extra
2080 3341 2346 3396 civitatem
2400 3354 2577 3396 autem
2622 3354 2916 3407 traxerunt,
2972 3348 3151 3405 forsan
3204 3354 3453 3411 timentes

1874 3431 2043 3485 illum.
2066 3431 2131 3484 Et
2159 3444 2379 3495 orantes,
2406 3435 2596 3504 inquit,
2620 3454 2732 3489 cum
2746 3440 2961 3508 jejuniis
2984 3447 3457 3502 commendavernut

1871 3523 1986 3575 illos
2010 3521 2249 3577 Domino.
2286 3524 2347 3578 Et
2382 3525 3044 3597 doeueruntjejuuanduin
3083 3550 3201 3590 esse
3240 3539 3290 3592 in
3337 3551 3454 3594 ten-

1876 3616 2181 3669 tationibus.
2230 3617 2345 3671 Non
2395 3620 2680 3685 dixerunt,
2708 3634 2902 3690 quanta
2935 3628 3030 3694 ipsi
3062 3629 3314 3694 fecerant,
3362 3635 3455 3687 sed

1875 3716 2068 3776 quanta
2105 3709 2240 3760 Deus
2273 3708 2486 3763 fecisset
2509 3726 2629 3764 cum
2664 3714 2792 3769 illis.
2824 3715 3086 3774 Videntur
3117 3722 3243 3776 mihi
3278 3735 3454 3778 tenta-

1878 3800 2048 3853 tiones
2090 3801 2287 3853 dicere.
2332 3800 2444 3853 Non
2474 3803 2589 3855 sine
2613 3819 2793 3867 causa,
2843 3823 2941 3861 nec
2968 3810 3032 3862 ad
3076 3814 3453 3881 quiescendum

1877 3891 2052 3946 isthuc
2098 3901 2371 3955 venerant,
2420 3893 2513 3945 sed
2553 3894 2781 3962 Spiritus
2823 3900 3163 3965 providentia
3192 3905 3360 3973 ducti,
3404 3919 3461 3961 ut

1879 3982 2444 4051 prtediratiogentinm
2470 3983 2789 4039 firmaretur.
2842 3988 2908 4042 Et
2951 4008 3065 4055 cur,
3098 3994 3323 4063 inquies,
3363 4015 3460 4053 nec

1882 4077 1933 4129 in
1960 4076 2153 4147 Cypro,
2183 4092 2279 4130 nec
2304 4082 2353 4129 in
2378 4078 2613 4130 Samaria
2648 4080 2986 4150 presbyteros
3022 4083 3299 4141 fecerunt?
3328 4090 3458 4158 Quia

1884 4168 1997 4222 ha'c
2041 4184 2205 4237 prOpe
2251 4170 2523 4238 apOstolos
2567 4180 2700 4235 erat,
2747 4173 2953 4242 Cyprus
2991 4190 3119 4229 vero
3149 4192 3313 4249 prope
3348 4183 3462 4234 An-

1884 4259 2152 4321 tiochiam,
2201 4269 2255 4313 et
2303 4261 2523 4313 verbum
2575 4261 2973 4329 inVaIesccbat;
3027 4265 3113 4321 hic
3141 4284 3269 4323 vero
3300 4273 3461 4326 multa

1883 4352 2251 4405 Consolatione
2279 4368 2413 4420 opus
2460 4352 2745 4413 habebant,
2794 4354 3028 4411 maxime
3074 4362 3323 4429 gentiles,
3375 4367 3465 4433 qui

1886 4446 2107 4497 multum
2135 4444 2313 4498 doceri
2353 4444 2639 4499 debebant.
2690 4445 2962 4501 Venerunt
3000 4450 3293 4516 docentes,
3343 4458 3465 4525 quia

1884 4536 2001 4602 jure
2049 4536 2279 4589 ordinati
2329 4536 2537 4590 fuerant
2580 4552 2608 4589 a
2665 4537 2886 4606 Spiritu.
2936 4540 3000 4594 Et
3045 4543 3161 4597 vide
3201 4544 3467 4602 fervorem

1888 4626 2053 4679 Pauli.
2080 4626 2191 4680 Non
2223 4628 2534 4697 interrogat,
2559 4644 2625 4681 an
2649 4640 2890 4697 Oporteat
2912 4631 3053 4701 loqui
3080 4636 3347 4703 gentibus,
3378 4641 3469 4693 sed

1889 4720 2067 4772 statim
2097 4720 2329 4787 loquitur
2360 4736 2372 4770 :
2399 4720 2517 4773 ideo
2555 4720 2795 4785 dicebat,
2850 4720 2972 4775 Non
3000 4728 3223 4793 acquievi
3256 4730 3400 4782 conti
3426 4742 3473 4784 et

1887 4813 2121 4881 sanguini
2150 4812 2288 4881 (Gal.
2324 4813 2369 4865 1.
2404 4812 2515 4882 ili).

1963 4906 2015 4956 5.
2059 4903 2304 4972 Magnum
2337 4919 2461 4956 Vero
2493 4904 2689 4957 bonum
2724 4906 3015 4970 tribulatio,
3063 4925 3125 4964 ac
3174 4927 3377 4981 magnae
3425 4926 3479 4971 ct

1891 5011 2168 5061 generosa:
2198 4998 2392 5051 animae
2418 5013 2570 5065 opus.
2622 4998 2760 5064 Quot
2809 5010 2989 5066 postea
3030 5004 3391 5073 crediderunt,
3426 5020 3481 5065 ct

1897 5088 2071 5142 uultus
2098 5099 2168 5141 tta
2201 5091 2383 5143 fulsit?
2414 5090 2485 5142 Ita
2519 5092 2672 5145 nobis
2703 5093 2895 5161 ubique
2915 5096 3188 5152 alacritate
3215 5114 3349 5168 opus
3374 5113 3478 5167 cst,

1896 5182 2170 5251 multoque
2208 5183 2434 5247 fervore,
2486 5181 2660 5235 anima
2706 5183 2771 5237 ad
2814 5194 3038 5239 mortem
3088 5202 3265 5255 parata
3314 5210 3327 5247 :
3378 5194 3484 5249 alio

1897 5274 2041 5327 enim
2072 5274 2229 5325 modo
2261 5290 2366 5328 non
2398 5290 2682 5342 possumus
2712 5294 2932 5346 regnum
2961 5284 3235 5353 C(HISt‘Qlli,
3263 5287 3361 5339 nisi
3392 5302 3485 5355 per

1899 5382 2133 5421 crucem.
2164 5365 2238 5421 Ne
2264 5369 2591 5436 decipiamus
2621 5372 2993 5439 nosmetipSos.
3024 5374 3077 5427 Si
3099 5378 3240 5431 enim
3272 5380 3321 5432 in
3346 5378 3486 5431 bello

1900 5459 2104 5511 servari
2135 5461 2336 5529 nequit,
2370 5460 2457 5529 qui
2499 5460 2797 5525 deliciatur,
2830 5465 3068 5530 pecuniis
3111 5473 3309 5525 studet.
3358 5480 3480 5515 cau-

1906 5562 2132 5620 pouatur
2170 5554 2497 5623 iguavusquc
2536 5566 2620 5608 est
2654 5574 2665 5607 :
2699 5557 2865 5609 multo
2909 5557 3086 5610 minus
3114 5559 3165 5611 in
3200 5561 3297 5612 hoc
3322 5554 3483 5608 bell"-

1902 5652 2091 5701 Anuou
2125 5649 2319 5715 putatis
2348 5664 2468 5699 esse
2522 5664 2663 5701 nunc
2705 5650 2897 5702 bellum
2945 5649 3188 5702 omnium
3236 5636 3487 5718 gravissi'

1904 5740 2090 5793 Ilium?
2121 5738 2236 5793 Non
2264 5750 2333 5793 εει
2362 5739 2519 5804 nobis,
2558 5740 2756 5807 inquit,
2804 5754 2971 5809 pugna
3006 5740 3251 5791 adversus
3293 5737 3497 5797 iung!“-
