4036 6220
510 355 609 410 23!

507 484 623 521 nem
667 474 717 519 et
759 474 962 516 carnem
1007 453 1223 529 (Epiros.
1267 450 1320 506 6.
1356 449 1468 520 12).
1501 448 1570 502 Et
1597 442 1999 514 prandentibus,
2036 447 2093 493 ct

509 554 925 616 ambulantibus,
945 560 1000 605 et
1022 546 1319 602 lavantibus
1341 544 1493 597 adest
1514 540 1779 595 inimicus.
1803 539 1918 592 Non
1949 534 2095 589 novit

506 650 650 704 enim
694 656 907 715 tempus
959 640 1317 701 induciarum,
1363 635 1464 689 nisi
1513 632 1731 694 somni;
1776 629 1884 682 imo
1932 626 2093 679 etiam

508 752 636 797 tunc
661 754 805 808 smpe
836 740 1139 805 impugnat,
1168 742 1223 787 et
1255 732 1493 798 impurus
1538 724 1776 779 immittit
1819 718 2097 788 cogitatio-

483 850 630 895 -nes.
664 844 824 902 atque
852 846 881 884 a
910 828 1135 884 somniis
1185 823 1493 878 lasciviores
1536 817 1719 873 efﬁcit.
1772 813 1879 868 Nos
1918 821 2095 865 autem

510 926 665 996 quasi
700 938 859 994 parva
899 936 984 975 res
1010 920 1099 984 sit,
1133 932 1228 987 pro
1254 931 1353 984 qua
1384 914 1496 979 ipse
1526 918 1745 980 pugnat,
1788 922 1892 959 non
1932 901 2095 956 sobrii

512 1033 722 1080 sumus,
755 1029 930 1085 neque
955 1012 1244 1081 surgimus.
1288 1021 1461 1075 neque
1505 1001 1822 1070 respicimus
1862 995 2099 1050 multitu-

513 1113 693 1167 dinem
723 1109 1152 1163 adversariarum
1181 1101 1331 1155 nobis
1362 1105 1717 1166 potestatum;
1761 1106 1865 1144 non
1896 1086 2097 1155 cogita-

517 1218 641 1259 mus
685 1203 787 1256 hoc
827 1201 997 1269 ipsum
1043 1194 1290 1249 maxima:
1334 1187 1663 1244 infelicitatis
1691 1198 1851 1248 esse;
1884 1179 1979 1235 sed
2025 1185 2103 1230 tot

517 1293 759 1349 conclusi
806 1291 966 1346 bellis
989 1331 1005 1355 ,
1038 1303 1101 1342 ac
1141 1286 1185 1341 si
1214 1300 1313 1355 pax
1352 1292 1495 1338 esset
1523 1280 1858 1335 deliciamur.
1889 1274 2102 1330 Credite

519 1388 671 1448 mihi,
712 1385 959 1456 graviora
988 1395 1131 1435 nunc
1152 1380 1369 1440 adsunt,
1405 1390 1563 1445 quam
1593 1388 1711 1443 qua:
1750 1368 1948 1424 Paulus
1978 1381 2100 1436 pas-

517 1496 611 1535 sus
633 1489 735 1533 est.
767 1476 916 1529 Tunc
944 1474 1092 1527 illiilli
1118 1469 1384 1539 lapidibus
1415 1468 1796 1534 impetierunt;
1825 1475 1965 1515 nunc
1984 1473 2102 1512 ver-

520 1574 598 1628 bis
644 1568 966 1638 impetimur,
1016 1578 1135 1634 quae
1187 1560 1453 1630 lapidibus
1496 1556 1742 1627 graviora
1775 1561 1916 1608 sunt.
1967 1548 2103 1617 Quid

515 1683 643 1736 ergo
674 1663 815 1718 factu
843 1658 1019 1729 opus?
1065 1657 1118 1711 Id
1144 1654 1287 1724 quod
1312 1654 1404 1707 ille
1429 1651 1554 1705 fecit
1588 1668 1599 1702 :
1636 1647 1931 1717 lapidaiites
1962 1644 2103 1697 enim

518 1776 577 1814 se
623 1757 746 1811 odio
790 1770 893 1808 non
928 1752 1151 1813 habuit;
1185 1748 1278 1804 sed
1309 1756 1592 1817 postquam
1625 1744 1772 1796 illum
1808 1746 2101 1800 traxerant,

524 1863 801 1921 regressus
848 1855 930 1900 est
979 1845 1030 1897 in
1071 1842 1362 1900 civitatem,
1406 1835 1782 1891 benefacturus
1811 1832 1895 1893 iis,
1930 1830 2017 1898 qui
2047 1844 2107 1882 se

522 1920 603 1997 ita,
624 1942 889 1995 la-serant.
914 1938 967 1991 Si
1002 1947 1053 1989 tu
1083 1948 1294 2003 quoque
1323 1929 1768 1985 eontunieliosmn
1808 1933 1861 1976 et
1888 1931 1941 1975 te
1969 1920 2107 1988 inju-

522 2048 604 2092 ste
643 2036 924 2090 iaedentem
966 2031 1173 2094 tuleris,
1224 2026 1487 2095 lapidatus
1527 2037 1648 2076 esse
1673 2019 1775 2073 dici
1808 2028 1976 2087 potes.
2031 2013 2109 2067 Ne

523 2128 721 2183 dixeris
752 2146 766 2182 :
809 2125 1084 2180 Neminem
1116 2121 1251 2176 laesi.
1294 2119 1462 2185 Quem
1491 2117 1633 2170 enim
1664 2112 1799 2166 lzesit
1827 2110 2021 2164 Paulus
2052 2114 2110 2159 nt

525 2219 886 2292 lapidaretiir?
932 2217 1174 2285 Regnum
1218 2210 1591 2271 annuntiabat,
1625 2208 1691 2259 ab
1723 2219 1909 2259 errore
1952 2200 2110 2255 redii-

524 2317 699 2378 cebat,
733 2313 798 2367 ad
832 2313 996 2365 Deum
1027 2306 1328 2362 adducebat
1359 2322 1372 2356 :
1400 2303 1514 2355 lia-c
1542 2300 1696 2367 digna
1729 2307 1851 2350 sunt
1875 2292 2107 2355 coronis,

529 2404 970 2476 proclamatione,
1000 2397 1296 2452 innumeris
1340 2394 1515 2454 bonis,
1563 2406 1666 2443 non
1714 2385 2015 2457 lapidibus;
2059 2391 2114 2436 et

528 2475 705 2553 tamen
752 2496 843 2549 ille
880 2491 1145 2546 contraria
1179 2500 1368 2557 passus
1409 2494 1511 2537 est.
1555 2481 1678 2535 Haec
1707 2479 1901 2548 quippe
1930 2475 2112 2544 splen-

529 2590 653 2645 ilida
682 2597 764 2641 est
793 2584 1031 2640 victoria.
1088 2580 1149 2633 El
1179 2588 1435 2631 traxerunt
1472 2590 1604 2635 eum,
1649 2570 1836 2640 inquit.
1877 2567 1951 2621 Te
1981 2580 2114 2636 quo-

530 2699 634 2752 que
680 2695 822 2750 sape
868 2676 1120 2737 trahunt;
1170 2671 1263 2726 sed
1294 2684 1359 2723 ne
1392 2664 1659 2729 irascaris,
1692 2663 1801 2715 imo
1834 2668 2114 2714 mansuete

532 2775 757 2845 pra-(lica
790 2770 1030 2825 verbum.
1066 2766 1143 2822 Te
1170 2761 1491 2819 contumelia
1532 2756 1750 2813 affecit?
1779 2755 1918 2808 Tace
1946 2762 1998 2807 et
2024 2752 2117 2807 lte-

534 2868 711 2930 iiedic,
745 2865 787 2917 si
819 2873 994 2933 potes,
1043 2870 1096 2914 et
1124 2858 1201 2911 sic
1225 2866 1280 2909 tu
1308 2866 1522 2924 quoque
1551 2845 1847 2919 przedicasti
1870 2842 2115 2907 verbum,

532 2957 757 3015 docuisii
788 2953 1101 3009 modestiam
1129 2958 1185 3005 et
1222 2942 1707 3001 mansuetudinem.
1754 2938 1946 2992 Multos
1995 2933 2115 2987 novi

532 3062 637 3103 non
668 3053 773 3098 tam
806 3039 1130 3095 vulneribus,
1154 3048 1310 3104 quam
1342 3028 1624 3084 verborum
1656 3023 1824 3092 plagis
1850 3018 2073 3075 sauciari
2100 3035 2113 3071 :

534 3154 654 3192 nom
688 3133 813 3188 illud
838 3130 1049 3201 quidem
1077 3127 1266 3181 vulnus
1297 3135 1490 3191 corpus
1512 3116 1758 3185 suscipit,
1788 3113 1890 3169 hoc
1916 3110 2114 3166 anima.

535 3227 639 3282 Sed
691 3241 757 3279 ne
805 3222 1101 3282 doleamus,
1156 3218 1263 3270 imo
1304 3213 1548 3266 dolentes
1578 3210 1958 3261 sustineamus.
2002 3200 2119 3255 Non

536 3317 730 3373 videtis
760 3312 985 3384 pugiles,
1017 3322 1244 3377 quorum
1272 3304 1441 3372 capita
1477 3299 1772 3356 vulnerata,
1808 3294 1998 3348 dentes
2028 3307 2123 3346 ex-

537 3407 704 3471 cussi,
738 3415 955 3458 strenue
977 3400 1119 3454 ferre
1140 3394 1389 3451 dolores?
1433 3391 1531 3446 Hic
1574 3402 1704 3441 vero
1749 3401 1852 3440 non
1880 3399 2015 3452 opus
2040 3393 2123 3437 est

538 3498 767 3553 stridore
796 3504 853 3548 et
876 3507 1077 3546 morsu.
1108 3483 1412 3542 Recordare
1442 3481 1648 3535 Domini
1674 3479 1772 3541 tui,
1802 3486 1855 3530 et
1878 3475 2125 3545 pharma—

540 3609 658 3645 cum
687 3588 866 3643 statim
896 3584 1013 3652 ejus
1042 3578 1415 3635 reCordatione
1459 3569 1788 3642 apposuisti;
1840 3566 2124 3623 recordare

540 3682 684 3739 Pauli
717 3698 729 3733 :
762 3680 935 3748 cogita
982 3686 1052 3735 te,
1098 3671 1187 3742 qui
1240 3681 1524 3737 percussus
1567 3678 1647 3725 es,
1698 3660 1931 3723 vicisse,
1973 3658 2124 3711 illum

542 3791 691 3840 vero,
714 3773 803 3844 qui
838 3767 1117 3841 percussit,
1150 3763 1346 3817 victum
1371 3774 1509 3821 esse,
1535 3766 1589 3811 et
1612 3756 1689 3809 sic
1717 3764 1883 3807 totum
1915 3760 2123 3806 curato.

547 3870 871 3926 Momentum
910 3873 992 3917 est
1021 3879 1034 3914 :
1067 3876 1134 3915 ne
1156 3856 1402 3926 rapiaris,
1431 3864 1481 3907 et
1519 3860 1683 3905 totum
1716 3845 1983 3918 perfeciSti
2018 3863 2030 3896 :
2060 3859 2128 3897 ne

548 3960 835 4025 movearis,
878 3966 931 4011 et
989 3963 1158 4009 totum
1216 3945 1543 4003 exsﬁnxisti.
1601 3942 1785 4011 Magna
1834 3937 2129 3993 consolatio

544 4065 627 4112 est
695 4049 892 4122 aliquid
947 4057 998 4102 te
1057 4062 1152 4117 pro
1205 4041 1420 4096 Christo
1477 4037 1582 4108 pati
1634 4053 1647 4088 :
1704 4049 1809 4086 non
1873 4029 2131 4099 praedicas

546 4159 846 4204 sermonem
904 4140 1067 4205 ﬁdei,
1138 4135 1232 4191 sed
1284 4131 1542 4203 praedicas
1596 4139 1901 4181 sermonem
1954 4119 2130 4189 philo-

552 4237 776 4308 sophiae.
837 4234 939 4298 At,
998 4229 1242 4298 inquies,
1285 4232 1483 4292 quanto
1533 4221 1698 4285 magis
1750 4214 1837 4267 ille
1887 4225 2133 4264 mansue-

553 4304 662 4388 tiitn
705 4327 925 4386 videbit,
979 4332 1125 4375 tanto
1165 4317 1334 4385 magis
1378 4310 1615 4366 instabit.
1659 4309 1943 4375 Propterea
1975 4304 2133 4372 igitur

548 4423 722 4482 doles,
748 4416 889 4487 quod
919 4415 1005 4468 ille
1032 4411 1124 4464 tibi
1154 4406 1453 4461 mercedem
1492 4400 1726 4467 augeat?
1773 4402 1839 4452 At
1884 4398 2136 4450 intracta-

551 4514 674 4568 bilis
701 4523 781 4566 est
805 4550 821 4575 ,
859 4503 1099 4575 inquies?
1144 4499 1269 4555 Haec
1296 4492 1749 4567 pusillanimitatis
1777 4501 1878 4543 tua:
1905 4501 2135 4541 excusa-

550 4614 625 4665 tio
652 4619 733 4661 est
766 4623 781 4659 :
809 4604 914 4658 alio
942 4598 1100 4654 modo
1139 4592 1489 4648 intractabilis
1515 4590 1638 4650 erit,
1668 4587 1709 4640 si
1758 4595 1808 4640 te
1838 4582 2130 4637 ulciscaris.

552 4702 608 4755 Si
644 4700 806 4754 sciret
844 4697 981 4749 Deus
1002 4691 1124 4745 illos
1155 4683 1518 4742 intractabiles
1555 4681 1685 4741 fore,
1714 4678 1757 4731 si
1792 4692 1893 4729 non
1924 4684 1973 4728 te
2001 4673 2137 4726 ulci-

553 4792 743 4855 scaris,
779 4804 881 4842 non
915 4786 1015 4838 hoc
1045 4777 1408 4852 przrcepisset,
1439 4772 1530 4825 scd
1563 4770 1809 4827 dixisset,
1859 4766 1932 4819 Te
1966 4767 2132 4834 ipsum

554 4888 811 4942 ulciscere
843 4899 855 4934 :
889 4893 1074 4931 verum
1105 4873 1248 4928 novit
1277 4870 1375 4924 hoc
1404 4866 1496 4920 tibi
1530 4862 1710 4917 utilius
1742 4861 1874 4915 fore.

634 4972 968 5032 Contumelia:
1010 4963 1262 5037 quomodo
1307 4954 1734 5028 [creticae—Ne
1780 4968 1919 5022 pone
1967 4952 2135 5020 legem

555 5070 747 5124 divinae
778 5063 1100 5121 Contrarium
1135 5076 1147 5110 :
1185 5056 1257 5110 illi
1287 5056 1617 5119 obtempera.
1652 5046 1762 5099 Non
1811 5061 1871 5099 es
1916 5054 1972 5096 tu
2021 5059 2137 5096 nie-

556 5162 658 5215 lior
687 5176 753 5213 eo
779 5158 866 5225 qui
896 5155 1022 5209 fecit
1049 5166 1166 5207 nos.
1198 5147 1355 5208 Dixit,
1385 5144 1487 5199 Fer
1514 5140 1865 5197 contumelias
1890 5180 1905 5202 ,
1935 5147 1987 5191 ti.
2019 5152 2140 5189 vero

558 5251 713 5313 dicis,
759 5245 1154 5301 Contumeliam
1209 5237 1475 5307 rependo,
1524 5250 1591 5287 ne
1640 5235 1728 5286 fiat
1770 5229 2137 5285 intractabilis.

560 5339 643 5395 Tit
680 5353 806 5407 ergo
854 5336 971 5405 plus
1003 5333 1169 5401 sapis,
1217 5346 1373 5400 quam
1415 5327 1537 5380 ille?
1567 5324 1691 5378 "ire
1730 5322 1890 5376 verba
1927 5336 1990 5374 ex
2021 5334 2139 5389 pas-

561 5432 729 5492 sione,
779 5427 1089 5487 acerbitate,
1141 5432 1194 5476 et
1246 5419 1547 5489 arrogantia
1597 5415 2026 5485 proﬁciscuntur,
2078 5424 2141 5463 ac

559 5518 825 5575 contraria
857 5524 981 5570 sunt
1007 5513 1108 5582 legi
1140 5512 1251 5565 Dei.
1307 5508 1521 5563 Etiamsi
1552 5506 1694 5561 enim
1724 5505 1999 5561 lmderent,
2042 5516 2139 5553 an-

564 5629 669 5669 non
700 5604 1173 5676 obtemperandnm
1203 5602 1356 5655 erat?
1385 5599 1517 5652 Cum
1548 5597 1816 5667 quidpiam
1843 5596 1983 5647 Deus
2010 5607 2142 5657 pra:-

563 5707 709 5772 cipit,
734 5719 799 5758 ne
825 5712 1083 5772 ponamus
1116 5709 1212 5748 nos
1235 5693 1405 5761 legem
1438 5688 1782 5743 contrariam.
1836 5683 2141 5755 Responsio,

564 5801 752 5870 inquit.
787 5794 1033 5850 stibniissn
1063 5789 1239 5844 avertit
1260 5788 1386 5839 iram
1423 5780 1598 5853 (Prov.
1636 5782 1721 5836 15.
1757 5780 1829 5848 l).
1873 5779 1983 5833 Iloc
2013 5792 2140 5846 ergo

1280 335 1338 391 S.
1377 332 1653 389 JO.\NN|S
1690 320 2158 385 CllRYSOSTOMl
2198 318 2514 376 ARCHIEP.
2554 315 3085 373 CONSTANTINOP.

3685 316 3795 372 239.

2203 435 2624 499 facitsubmissa,
2649 448 2755 487 non
2777 434 3064 487 contraria.
3093 431 3148 487 Si
3168 433 3257 487 tibi
3288 433 3520 503 prodest,
3549 434 3626 488 illi
3658 453 3787 503 quo.

2203 544 2306 596 que
2334 528 2550 597 prodest
2580 545 2591 579 :
2627 529 2668 579 si
2694 542 2820 580 vero
2849 526 2939 579 tibi
2965 538 3139 590 nocet,
3164 527 3250 595 qui
3273 540 3614 583 correcturus
3639 498 3792 585 ilium

2203 633 2283 680 es,
2332 619 2499 672 multo
2554 618 2724 688 magis
2773 619 2845 671 illi
2899 617 3127 671 nocebit.
3176 617 3391 681 Medice,
3427 637 3549 673 cura
3575 623 3795 693 teipsum

2207 708 2353 778 (an.
2389 712 2436 763 4.
2468 708 2584 778 25).
2619 708 2928 763 Malcdixit?
2974 709 3051 763 Τιι
3082 709 3235 762 lauda
3266 727 3276 760 :
3309 712 3639 766 Convicialtts
3668 718 3796 768 cst?

2207 800 2284 854 Tu
2328 802 2585 856 encomiis
2624 801 2834 856 celebra
2868 820 2880 853 :
2911 801 3193 854 insidiatus
3226 802 3347 855 est?
3390 802 3533 857 Bene
3571 804 3652 859 fac
3693 818 3746 859 tu
3780 826 3795 862 :

2188 897 2469 947 contraria
2502 892 2756 960 repende,
2787 892 2830 945 si
2861 891 3074 945 tandem
3103 893 3329 945 salutem
3367 894 3483 961 ejus
3524 910 3705 957 curas,
3733 914 3798 953 ac

2212 1000 2279 1037 ne
2326 984 2458 1037 velis
2486 983 2679 1036 vulnus
2722 993 2867 1037 tuum
2904 983 3106 1036 ulcisci.
3141 985 3228 1047 At,
3265 985 3494 1050 inquies,
3530 1003 3675 1055 smpe
3706 1008 3794 1056 pa-

2211 1076 2444 1131 tienliam
2469 1092 2639 1130 meam
2658 1085 2927 1145 expertus,
2954 1075 3188 1130 deterior
3217 1077 3430 1130 evasit?
3453 1077 3563 1131 lloc
3591 1097 3693 1132 non
3724 1092 3795 1140 te.

2208 1168 2305 1222 sed
2334 1169 2483 1221 illum
2516 1176 2744 1228 spectat.
2780 1167 2871 1220 V'is
2901 1168 3038 1221 seire
3068 1179 3260 1234 quanta
3305 1184 3491 1238 passus
3520 1171 3586 1223 sit
3617 1172 3799 1226 Deus?

2212 1262 2345 1312 Aras
2386 1258 2527 1312 illius
2576 1259 2981 1321 Siibvertcrunt,
3035 1260 3320 1327 pr0phetas
3360 1261 3712 1318 occiderunt:
3746 1276 3800 1319 et

2211 1350 2389 1403 omnia
2423 1350 2655 1418 pertulit.
2676 1352 2866 1403 Annon
2894 1361 3098 1418 poterat
3124 1352 3322 1406 fulmen
3351 1353 3670 1408 demittere?
3692 1355 3798 1410 Sed

2216 1451 2491 1511 postquam
2540 1441 2831 1511 prophetas
2875 1457 3009 1509 quos
3050 1443 3272 1497 miserat
3300 1445 3637 1511 occiderunt,
3673 1457 3802 1503 tunc

2213 1532 2405 1585 Filium
2457 1547 2610 1585 suum
2664 1532 2826 1584 misit.
2877 1532 3100 1598 Quando
3137 1534 3302 1603 magis
3345 1535 3505 1604 impie
3546 1538 3799 1605 agebant,

2220 1636 2343 1678 tunc
2391 1624 2563 1690 majus
2594 1624 2909 1679 beneﬁcium
2952 1626 3195 1678 contulit.
3246 1625 3314 1679 Et
3346 1638 3399 1679 ιιι
3440 1629 3482 1681 si
3515 1646 3671 1696 quem
3702 1648 3802 1685 cx-

2213 1727 2515 1785 asperatinn
2543 1715 2762 1780 videris,
2788 1725 2913 1771 tunc
2942 1718 3111 1786 magis
3135 1718 3265 1772 cede
3294 1736 3307 1771 :
3344 1719 3433 1772 ille
3461 1737 3689 1791 namque
3719 1724 3803 1776 fti-

2216 1828 2304 1865 ror
2336 1812 2521 1881 majori
2550 1820 2671 1881 eget
2693 1811 3076 1865 consolatione.
3107 1811 3316 1879 Quanto
3343 1815 3642 1881 graviorem
3667 1832 3804 1871 con-

2217 1906 2488 1960 tumeliam
2532 1905 2729 1969 infert,
2783 1914 2930 1959 tanto
2971 1905 3160 1974 majori
3209 1909 3623 1962 mansuetudine
3666 1926 3805 1978 opus

2216 2008 2298 2051 est
2330 2015 2343 2053 :
2369 2013 2433 2052 ac
2462 1998 2600 2052 sicut
2636 1996 2797 2051 febris
2826 1998 3036 2067 quando
3067 1997 3233 2068 magis
3262 1999 3459 2061 instat,
3512 2012 3637 2056 tunc
3684 2005 3807 2073 plus

2217 2107 2349 2158 opus
2378 2090 2537 2145 habet
2564 2089 2790 2145 cedente
2814 2107 2827 2141 :
2860 2091 2936 2144 sic
2965 2098 3019 2143 et
3048 2090 3136 2143 ille
3167 2091 3253 2159 qui
3290 2090 3557 2146 irascitur.
3581 2094 3805 2161 Quando

2218 2183 2329 2239 fera
2357 2185 2524 2255 magis
2559 2192 2926 2251 exasperatur.
2962 2192 3085 2236 tunc
3114 2198 3301 2236 omnes
3345 2184 3577 2253 fugimus
3608 2203 3619 2238 :
3646 2186 3720 2240 sic
3746 2197 3802 2240 et

2219 2275 2354 2329 irato
2381 2275 2653 2330 cedamus.
2704 2274 2781 2328 Ne
2811 2284 2962 2343 putes
3004 2273 3105 2327 hoc
3148 2274 3403 2328 honorem
3453 2291 3573 2329 esse
3605 2294 3617 2328 :
3654 2278 3797 2330 Alio-

2218 2370 2343 2439 quin
2375 2368 2538 2423 feram
2567 2368 2913 2428 honoramus.
2963 2378 3017 2420 et
3047 2366 3283 2421 furentes
3311 2368 3538 2436 proinde
3571 2368 3806 2423 honora-

2220 2476 2338 2514 mus
2359 2504 2372 2525 ,
2418 2476 2538 2515 cum
2568 2459 2939 2514 declinamus?
2983 2458 3197 2513 Minime
3233 2479 3245 2512 :
3277 2460 3565 2529 ignominia
3594 2462 3695 2515 hoc
3727 2475 3811 2514 est

2219 2563 2273 2605 et
2297 2552 2649 2615 contumelia;
2674 2552 2782 2604 imo
2813 2568 2916 2604 non
2942 2550 3228 2618 ignominia
3254 2560 3306 2604 et
3336 2554 3677 2615 contumelia,
3712 2554 3808 2607 5rd

2220 2644 2585 2697 misericordia
2616 2653 2666 2695 et
2697 2642 3015 2711 benignitas.
3036 2641 3151 2695 Non
3180 2642 3329 2697 vides
3355 2655 3558 2708 nautas,
3586 2647 3810 2713 quando

2226 2736 2572 2789 vehementer
2599 2735 2687 2786 llat
2711 2747 2920 2797 ventus,
2955 2734 3238 2788 demittere
3265 2734 3399 2795 vela,
3436 2750 3499 2787 ne
3525 2738 3810 2804 demerga-

2224 2836 2306 2879 tur
2346 2826 2536 2878 iiavis?
2573 2824 2805 2894 equitem
2851 2840 2955 2877 non
3003 2824 3171 2887 vides,
3216 2838 3334 2879 cum
3368 2825 3561 2893 abripit
3586 2840 3763 2894 equus
3789 2868 3806 2891 ,

2221 2917 2497 2971 ci-deutem
2524 2932 2621 2969 nec
2652 2916 2989 2976 retinentem,
3022 2931 3086 2968 ne
3108 2926 3296 2983 Sponte
3323 2917 3459 2968 vires
3488 2915 3772 2969 absumat?

2292 3011 2345 3065 4.
2382 3010 2490 3062 lioc
2514 3021 2569 3065 et
2595 3018 2648 3061 tu
2680 3007 2854 3061 facito.
2889 3005 3060 3060 Furor
3089 3004 3220 3075 ignis
3241 3015 3351 3069 est,
3382 3005 3591 3059 flamma
3613 3007 3811 3060 ardens

2224 3101 2446 3154 materia
2475 3114 2680 3169 egens:
2715 3114 2781 3152 ne
2808 3098 2911 3166 igni
2969 3114 3143 3151 escam
3205 3098 3549 3167 suppeilites,
3602 3109 3657 3152 et
3703 3111 3808 3152 eiio

2226 3192 2421 3245 malum
2467 3190 2785 3258 exstinguis.
2832 3190 2907 3242 Ira
2957 3204 3060 3242 non
3110 3205 3203 3259 per
3233 3206 3291 3242 se
3332 3190 3434 3241 vini
3486 3190 3682 3255 habet,
3710 3190 3803 3242 nisi

2225 3283 2361 3336 alius
2411 3283 2576 3350 ipsam
2625 3282 2752 3334 alat.
2801 3279 3003 3334 Nullam
3053 3290 3108 3334 tu
3165 3283 3565 3335 exeihationem
3624 3284 3796 3334 habes.

2228 3374 2321 3427 ille
2370 3374 2549 3427 furore
2594 3371 2905 3435 detinetur,
2950 3387 3047 3426 nec
3093 3373 3343 3442 scitquid
3394 3374 3561 3437 facit;
3614 3385 3664 3427 tu
3711 3380 3794 3443 qui

2229 3467 2373 3519 illum
2423 3466 2645 3518 intueris
2670 3506 2683 3525 ,
2714 3480 2836 3519 cum
2868 3466 2919 3517 in
2953 3465 3095 3533 paria
3136 3464 3376 3519 incidens
3401 3507 3416 3529 ,
3469 3482 3638 3535 neque
3683 3467 3806 3519 hinc

2228 3559 2524 3627 sapientior
2552 3557 2734 3612 evadis
2754 3600 2768 3623 ,
2798 3575 2955 3627 quam
2986 3560 3192 3611 veniam
3224 3561 3492 3613 mereris?
3520 3562 3573 3612 Si
3610 3563 3658 3613 in
3687 3578 3812 3615 cou-

2230 3653 2424 3705 vivium
2456 3651 2574 3720 quis
2601 3651 2822 3703 veniens
2846 3692 2860 3713 ,
2897 3650 2947 3702 in
2978 3651 3241 3703 vestibulo
3278 3653 3585 3719 quempiam
3618 3654 3813 3706 videret

2232 3746 2437 3800 ebrium
2462 3743 2709 3798 indecore
2724 3753 2989 3810 agentem,
3011 3741 3309 3811 deindeqne
3328 3744 3439 3808 ipse
3458 3743 3509 3795 in
3534 3760 3568 3812 p
3588 3744 3681 3797 iria
3700 3745 3821 3797 inci-

2236 3840 2420 3902 deret,
2472 3852 2651 3891 nonne
2700 3847 2815 3903 post
2858 3837 3001 3887 illum
3033 3836 3213 3888 ebrius
3260 3836 3430 3889 factus
3460 3837 3638 3889 minus
3669 3838 3820 3890 venia

2234 3930 2422 4000 dignus
2447 3938 2589 3983 esset
2611 3929 2632 3980 ?
2656 3927 2726 3980 Ita
2748 3938 2801 3980 et
2833 3927 2914 3979 hic
2934 3926 3215 3979 dicendum
3251 3944 3265 3980 :
3302 3945 3367 3981 ne
3393 3940 3642 3995 putemus
3667 3946 3824 3998 posse

2236 4022 2301 4075 ad
2328 4021 2689 4075 defensionem
2715 4019 2816 4072 dici
2850 4037 2861 4070 :
2894 4017 3006 4071 Non
3037 4035 3136 4087 ego
3157 4021 3293 4087 cmpi
3325 4036 3337 4070 :
3372 4023 3472 4074 hoc
3502 4037 3692 4075 Contra
3727 4040 3822 4077 nos

2237 4124 2317 4168 est
2343 4155 2357 4177 ,
2387 4114 2506 4181 quia
2538 4127 2706 4180 neque
2732 4112 2877 4163 illum
2908 4112 3150 4164 videntes
3172 4152 3186 4171 ,
3220 4114 3673 4180 temperantiores
3703 4114 3825 4168 facti

2239 4222 2421 4259 sumus
2450 4226 2461 4257 :
2495 4204 2944 4274 quemadmodum
2990 4205 3032 4257 si
3077 4206 3195 4275 quis
3222 4206 3362 4259 dicat
3392 4224 3403 4256 :
3439 4206 3553 4275 Ego
3586 4224 3691 4261 non
3722 4209 3824 4277 pri-

2241 4314 2359 4354 mos
2409 4299 2598 4351 occidi.
2659 4298 2780 4351 Ideo
2828 4314 3055 4366 namque
3106 4315 3257 4367 pinna
3307 4299 3499 4369 dignus
3547 4317 3607 4354 es
3640 4343 3654 4361 ,
3701 4303 3824 4370 quia

2238 4392 2537 4458 exemplum
2570 4390 2752 4443 videns
2771 4431 2785 4453 ,
2822 4406 2924 4443 non
2951 4401 3001 4443 te
3030 4392 3339 4446 eohibuisti.

2312 4483 2555 4537 Iracundi
2576 4485 2763 4553 imago.
2781 4513 2852 4522 —
2872 4485 2926 4538 Si
2957 4485 3166 4539 videres
3194 4486 3399 4538 ebrium
3430 4502 3648 4540 vomere
3669 4529 3683 4545 ,
3717 4487 3827 4539 dis-

2244 4576 2417 4638 trahi,
2446 4575 2708 4643 dirumpi,
2738 4576 2907 4629 oculis
2949 4578 3112 4629 torvis
3150 4578 3453 4646 respicere,
3490 4579 3830 4633 iiniuunditia

2243 4684 2480 4723 mensam
2534 4668 2779 4735 replere,
2830 4684 3017 4723 omnes
3067 4670 3212 4721 illum
3264 4670 3483 4739 fugere,
3528 4671 3833 4740 deindeqne

2245 4761 2294 4812 in
2330 4759 2470 4827 paria
2520 4759 2816 4820 incidet-cs,
2870 4777 3046 4811 annon
3098 4762 3265 4829 magis
3313 4761 3609 4829 culpandus
3641 4762 3837 4816 esses?

2243 4851 2385 4905 Talis
2412 4859 2493 4903 est
2520 4851 2800 4904 iracundiis
2832 4868 2842 4902 :
2881 4852 3048 4920 magis
3072 4866 3235 4905 venas
3266 4850 3450 4918 inflat,
3483 4869 3645 4919 quain
3673 4856 3715 4907 is
3745 4856 3834 4925 qui

2247 4945 2412 4997 vomit
2442 4961 2452 4994 :
2484 4944 2669 4997 oculos
2712 4944 3038 5006 inflammat,
3068 4946 3272 4999 viscera
3319 4946 3578 5016 discerpit
3603 4990 3619 5009 ,
3670 4952 3839 5004 vomit

2249 5038 2411 5091 verba
2436 5037 2524 5091 illo
2541 5038 2661 5091 cibo
2682 5037 2987 5106 impuriora,
3013 5039 3273 5107 indigesta
3295 5039 3471 5093 omnia
3494 5041 3732 5109 loquitur
3758 5045 3839 5096 ni-

2248 5130 2427 5199 hilque
2447 5129 2736 5201 perfectum
2764 5131 2780 5199 (
2804 5146 2906 5184 non
2938 5132 3079 5185 enim
3107 5132 3232 5185 sinit
3263 5133 3336 5186 ira
3361 5135 3376 5203 )
3402 5150 3416 5196 ;
3455 5134 3548 5187 scd
3570 5135 3744 5188 sicuti
3771 5136 3839 5188 lic

2248 5238 2391 5292 sirpe
2439 5220 2772 5275 ininiodcrati
2840 5222 3092 5275 humores
3154 5226 3490 5277 stomachum
3556 5226 3837 5279 turbantes-

2249 5317 2424 5371 omnia
2479 5327 2782 5370 evacuant:
2832 5317 2899 5369 ita
2927 5325 2982 5369 et
3030 5316 3117 5371 hic
3161 5319 3311 5371 calor
3358 5319 3554 5372 nimius
3598 5319 3836 5374 animiin

2249 5410 2597 5472 concutiens,
2631 5424 2736 5461 non
2764 5408 2889 5461 sinit
2934 5418 3112 5477 tegere
3153 5425 3270 5477 quze
3314 5411 3473 5463 silere
3522 5421 3833 5479 oporteret;

2250 5500 2343 5553 sed
2369 5499 2592 5553 dicenda
2623 5508 2676 5553 et
2705 5516 2807 5552 non
2839 5498 3064 5552 dicenda
3093 5499 3318 5552 effundit
3343 5542 3357 5561 ,
3391 5518 3493 5552 non
3521 5501 3801 5553 audientes
3821 5542 3834 5565 ,

2250 5590 2343 5645 sed
2389 5590 2733 5658 semetipsum
2780 5589 3094 5658 deturpans.
3147 5592 3295 5644 Sicut
3341 5592 3499 5659 igitur
3556 5603 3841 5645 vomentes

2253 5680 2519 5752 fugimus,
2573 5681 2649 5734 sic
2694 5688 2749 5734 et
2800 5681 2963 5734 iratos
3009 5680 3293 5751 fugiamus.
3342 5684 3479 5748 Quid
3533 5683 3841 5737 faciemus?

2259 5776 2479 5829 t'nlvere
2524 5775 2778 5827 vomituzn
2811 5783 3083 5843 legamus,
3116 5775 3344 5831 tacendo
3390 5790 3553 5829 canes
3585 5792 3845 5829 vocemus
