3950 6208
227 278 318 339 253

232 412 275 452 ut
300 396 549 452 vomitum
575 396 758 451 edant.
790 393 915 449 Scio
943 408 1036 445 vos
1066 392 1180 444 huic
1200 407 1319 445 cum
1346 404 1538 443 nausea
1566 389 1752 442 audire
1779 404 1794 438 τ

232 490 307 544 sed
336 498 457 541 tunc
486 488 567 555 sic
596 500 691 541 vos
732 484 873 537 afﬁci
904 484 1094 551 veliin_
1131 498 1249 536 cum
1298 481 1382 534 illa
1428 481 1540 533 lieri
1572 479 1793 542 videtis,

232 594 311 635 nec
331 579 392 631 de
414 593 475 630 re
503 576 591 630 illa
616 576 891 631 obiectari.
914 570 1243 627 luiinundior
1267 581 1350 627 est
1376 571 1795 625 contumeliosus

234 684 339 727 cane
360 674 668 721 nevertente
689 665 755 719 ad
780 664 1034 718 vomitum
1066 678 1244 716 suum.
1274 662 1327 715 Si
1356 661 1496 715 enim
1518 668 1795 729 postquam

233 761 368 815 semel
397 759 689 824 evomuit,
740 766 1011 819 cessaret,
1061 770 1167 808 non
1213 761 1358 808 esset
1400 752 1518 805 caui
1562 748 1793 810 similis;

232 856 267 908 si
290 868 401 907 vero
431 866 653 905 rursum
685 850 872 904 eadem
905 849 1020 918 ipsa
1060 855 1309 910 evomat,
1356 845 1530 913 palam
1560 853 1643 896 est
1672 856 1793 896 eum

231 944 382 997 eadem
412 942 531 1010 ipsa
559 940 886 995 comedisse.
914 938 1051 1005 Quid
1077 937 1168 990 illo
1193 932 1647 989 aboniiuahilius?
1671 929 1795 1000 quid

226 1035 464 1101 impurius
496 1033 592 1084 illo
620 1046 749 1094 ore,
777 1031 865 1099 qui
899 1029 1034 1082 tales
1061 1025 1266 1080 mandit
1294 1023 1485 1079 escas?
1512 1021 1673 1091 Atqui
1697 1020 1799 1074 hoc

222 1138 335 1191 opus
358 1130 445 1177 est
485 1134 733 1184 naturae,
763 1118 890 1173 illud
936 1117 1194 1180 minime;
1230 1116 1337 1169 imo
1365 1124 1420 1169 et
1453 1113 1557 1168 hoc
1584 1122 1636 1166 et
1667 1109 1797 1165 illud

217 1224 380 1267 contra
414 1222 669 1265 naturam
698 1220 798 1264 est.
832 1207 1158 1275 Quomodo?
1184 1206 1298 1259 Non
1329 1203 1620 1259 secundmn
1652 1211 1800 1255 natu-

216 1322 312 1360 rata
337 1314 419 1359 est
444 1305 571 1358 sine
600 1318 763 1357 causa
791 1301 1170 1356 contumeliam
1214 1296 1413 1352 inferre
1433 1337 1448 1361 ,
1490 1295 1584 1349 sed
1612 1303 1797 1347 contra

214 1406 445 1453 naturam
475 1412 489 1447 :
522 1396 687 1464 igitur
728 1393 858 1447 nihil
891 1401 948 1446 ut
978 1391 1138 1445 homo
1185 1388 1452 1459 loquitur,
1493 1386 1585 1441 sed
1612 1385 1713 1439 alia
1742 1392 1799 1437 ut

213 1488 312 1541 fera
332 1530 348 1550 ,
373 1486 482 1539 alia
512 1496 571 1538 ut
610 1484 815 1538 furens.
850 1479 1312 1548 Quemadmodunl
1353 1491 1483 1545 ergo
1508 1488 1798 1545 corporeus

214 1579 425 1632 morbus
465 1584 670 1646 pneter
711 1585 955 1627 naturam
982 1582 1096 1634 est,
1130 1574 1207 1626 sic
1232 1579 1287 1624 et
1333 1568 1418 1622 hic
1463 1568 1697 1621 morbus.
1731 1565 1800 1618 Et

217 1669 337 1737 quia
363 1678 555 1736 prater
598 1673 845 1719 naturam
877 1673 995 1727 est,
1048 1661 1093 1716 si
1134 1661 1184 1714 in
1227 1661 1317 1714 illo
1361 1666 1631 1721 moretur,
1666 1672 1796 1724 pau-

222 1759 367 1811 latim
408 1757 574 1825 perit;
630 1755 681 1807 in
715 1768 783 1807 eo
828 1763 1008 1805 autem
1035 1750 1175 1821 quod
1205 1749 1497 1805 secundum
1551 1757 1795 1800 naturam

218 1858 299 1903 δι
344 1860 598 1909 moratis,
651 1861 758 1897 non
815 1842 1030 1913 peribit.
1086 1842 1298 1896 Mallem
1352 1839 1623 1894 convivari
1676 1854 1797 1892 cum

214 1940 426 1992 homine
475 1938 649 1990 lutum
699 1935 932 1999 edente,
984 1949 1141 2003 quam
1187 1949 1309 1988 cum
1356 1934 1477 1987 talia
1528 1933 1795 2000 loquente.

206 2033 399 2082 Annon
454 2027 655 2081 videtis
705 2040 900 2095 porcos
944 2036 1150 2079 stercus
1181 2024 1447 2077 edentes?
1478 2023 1566 2076 Sic
1595 2032 1648 2076 et
1689 2023 1794 2075 isti.

202 2122 337 2188 Quid
370 2122 513 2174 enim
546 2119 741 2173 foadius
785 2118 964 2172 verbis
985 2156 1000 2182 ,
1042 2132 1161 2186 quae
1201 2117 1490 2185 loquuntur
1517 2124 1795 2168 contume-

206 2212 371 2264 hosi?
421 2212 483 2263 lli
530 2219 728 2264 curant
773 2209 908 2265 nihil
949 2223 1136 2263 sanum
1179 2207 1358 2276 loqui,
1408 2206 1536 2259 nihil
1569 2220 1795 2276 purum,

206 2304 296 2355 sed
320 2303 367 2354 si
392 2302 520 2370 quid
554 2300 752 2354 foedum
781 2340 795 2363 ,
824 2300 867 2352 si
896 2299 1019 2368 quid
1050 2310 1203 2368 turpe
1224 2339 1239 2362 ,
1272 2296 1321 2350 id
1350 2311 1509 2366 agere
1532 2307 1585 2350 et
1606 2295 1754 2350 ell'ari
1781 2313 1793 2348 :

212 2397 466 2463 quodque
512 2394 729 2461 gravius
771 2401 886 2456 est,
914 2392 1038 2445 dum
1067 2406 1183 2445 sese
1213 2390 1496 2458 detui-pant
1523 2429 1539 2453 ,
1570 2389 1703 2443 alios
1740 2403 1799 2443 se

206 2486 498 2554 deturpare
531 2494 736 2553 putant.
769 2483 921 2550 Quod
949 2482 1089 2537 enim
1136 2497 1255 2537 sese
1303 2481 1629 2549 deturpent,
1675 2480 1799 2533 inde

212 2577 398 2643 liquet.
430 2575 507 2629 Ne
535 2574 663 2627 mihi
696 2575 836 2627 enim
870 2588 964 2628 eos
985 2614 999 2636 ,
1029 2573 1119 2642 qui
1166 2571 1443 2626 mendacia
1471 2576 1757 2640 loquuntur
1778 2610 1792 2634 ,

211 2669 455 2736 alleges;
507 2664 602 2719 sed
652 2665 723 2717 sit
775 2662 1021 2733 qtimdam
1068 2663 1293 2732 insignis
1339 2662 1628 2726 meretrix,
1685 2660 1799 2715 sive

210 2764 330 2826 quis
368 2761 500 2812 alius
524 2774 591 2812 es
622 2772 814 2821 scena,
844 2758 935 2826 qui
974 2772 1096 2813 cum
1121 2757 1227 2810 alio
1254 2771 1480 2826 pugnam
1503 2767 1747 2810 conserat
1781 2774 1793 2809 :

215 2852 340 2905 hinc
369 2854 454 2907 ille
484 2852 583 2920 ipsi
614 2853 711 2905 ista
743 2852 1022 2920 loquatur,
1058 2851 1143 2903 hic
1175 2864 1387 2904 rursum
1425 2849 1609 2904 eadem
1639 2864 1794 2919 repe-

218 2954 292 2997 tit
323 2964 337 2998 :
385 2955 494 2999 uter
524 2946 695 3013 magis
740 2943 1065 2998 contumelia
1095 2942 1369 2996 afficitur?
1395 2942 1526 2997 Nam
1557 2942 1644 2996 ille
1673 2943 1794 3013 qui—

218 3034 341 3088 dem
371 3037 505 3104 quod
554 3051 720 3105 penes
750 3052 810 3089 se
840 3035 1024 3088 habuit
1044 3075 1059 3096 ,
1089 3033 1293 3088 audivit
1322 3052 1336 3098 ;
1371 3034 1458 3088 hic
1487 3050 1613 3088 vero
1653 3035 1796 3103 quod

224 3140 325 3177 non
357 3127 535 3181 habuit
566 3142 582 3189 ;
616 3127 797 3195 itaque
845 3125 919 3179 illi
966 3124 1100 3179 nihil
1145 3125 1375 3178 accessit
1413 3125 1793 3193 turpitudinis;

223 3215 339 3271 huic
368 3234 488 3271 vero
515 3218 821 3286 plurimum.
846 3215 951 3271 Sed
981 3217 1089 3269 sint
1110 3214 1352 3285 qucedam
1386 3215 1525 3269 edita
1553 3215 1570 3246 ι
1601 3229 1794 3285 Opera,

224 3322 333 3374 qua:
364 3308 507 3362 solus
550 3309 639 3362 ille
685 3308 1111 3363 contumeliosus
1157 3308 1401 3371 noverit;
1434 3305 1661 3373 deinde,
1706 3307 1795 3375 qui

226 3409 343 3454 ante
363 3409 591 3454 tacuerat
608 3442 623 3465 ,
645 3400 1023 3454 contumeliam
1048 3398 1235 3452 efferat
1264 3415 1278 3451 :
1313 3398 1391 3453 sic
1410 3412 1623 3468 quoque
1653 3397 1792 3452 idem

226 3487 335 3556 ipse
364 3492 522 3559 magis
549 3492 875 3544 contumelia
915 3489 1135 3545 allectus
1164 3497 1266 3543 est.
1299 3489 1622 3555 Quomodo?
1654 3489 1795 3544 Prae-

226 3593 286 3632 ω
328 3583 533 3635 unlitia:
582 3582 788 3647 factus,
840 3580 1174 3636 infidelitatis
1223 3580 1419 3637 famam
1471 3582 1705 3652 accipit:
1739 3591 1795 3637 et

290 3721 305 3749 ⁸
336 3719 468 3770 Alius
488 3722 655 3780 habet,
674 3726 879 3780 secreta,
902 3733 1008 3781 pro,
1031 3717 1185 3769 edita.

1174 272 1239 329 ΙΝ
1279 271 1455 327 ACTA
1502 268 2024 326 ΑΡοετυωιιυΜ.
2069 270 2299 325 1101111..
2347 270 2560 325 XXXII.

3380 278 3483 336 Ξῖῦ

1904 401 2092 440 omnes
2133 386 2312 441 subito
2337 402 2396 440 se
2437 388 2740 440 incusantes
2786 387 3013 450 videbit,
3048 404 3111 443 ac
3142 393 3264 445 talia
3294 392 3485 462 ubique

1905 478 2228 547 loquentes:
2262 478 2318 532 Si
2360 477 2538 540 enim,
2586 478 2865 546 iuquicnt,
2916 479 3190 536 homicidii
3237 486 3505 539 conscius.

1903 582 2055 641 erat,
2088 571 2266 626 omnia
2314 570 2595 626 enuntiare
2640 572 2919 639 oportebat
2949 590 2965 627 :
2995 588 3291 645 omnesque
3334 576 3484 631 illum

1903 664 2052 733 quasi
2083 678 2150 718 ne
2182 662 2341 717 homo
2377 661 2594 731 quidem
2621 662 2691 716 sit
2720 672 3069 730 aversantur,
3099 666 3223 719 odio
3248 664 3485 734 habent,

1903 754 2070 810 feram
2098 769 2219 809 esse
2247 755 2433 808 dicunt
2463 754 2751 808 immanem
2781 772 2795 820 ;
2829 754 2953 809 huic
2980 772 3109 810 vero
3135 758 3304 829 magis
3330 759 3487 828 igno-

1902 856 2089 911 scunt,
2117 861 2274 917 quam
2308 847 2404 900 illi.
2433 845 2547 900 Non
2574 847 2714 899 enim
2745 846 2964 914 perinde
2994 863 3087 901 eos
3108 889 3121 911 ,
3148 849 3239 917 qui
3266 850 3484 904 vulnera

1906 936 2149 1004 habent,
2181 936 2305 991 odio
2337 937 2594 991 habemus
2615 978 2630 1001 ,
2661 947 2822 1005 atque
2855 937 3005 1001 illos,
3035 939 3123 1007 qui
3155 952 3219 993 ea
3247 940 3489 1001 revelare

1902 1037 2117 1099 cogunt.
2155 1029 2225 1082 lta
2254 1036 2307 1081 et
2333 1028 2417 1082 hic
2438 1027 2762 1082 contumelia
2788 1028 2967 1083 all‘ecit
2991 1043 3099 1082 non
3127 1026 3276 1084 illum
3301 1031 3483 1095 modo,

1902 1121 1995 1175 sed
2018 1121 2175 1174 etiam
2204 1121 2439 1189 seipsum
2460 1129 2514 1174 et
2537 1120 2815 1175 audientes
2841 1136 3290 1194 communemque
3316 1124 3490 1180 homi-

1903 1228 2033 1267 num
2064 1220 2303 1266 naturam
2336 1229 2350 1265 :
2384 1211 2639 1280 perculsit
2667 1212 2997 1280 auditorem,
3024 1214 3155 1269 nihil
3185 1215 3309 1270 boni
3339 1215 3486 1272 fecit.

1904 1304 2028 1359 Ideo
2056 1306 2183 1359 dicit
2210 1305 2404 1358 Paulus
2437 1319 2453 1357 :
2486 1304 2548 1358 Si
2569 1305 2681 1374 quis
2705 1304 2864 1359 bonus
2892 1322 3056 1360 sermo
3085 1308 3155 1360 ad
3178 1308 3486 1377 ludiﬁcatio-

1903 1412 2013 1450 nem
2036 1439 2050 1461 ,
2080 1406 2132 1449 ut
2153 1396 2234 1450 det
2254 1398 2469 1465 gratiam
2498 1398 2812 1453 audientibus
2840 1398 3067 1471 (Ep/tes.
3099 1403 3152 1456 4.
3178 1402 3249 1458 29
3270 1404 3308 1471 ).
3342 1403 3485 1456 Bona

1905 1488 2211 1556 loquentem
2262 1488 2551 1543 habeamus
2599 1489 2831 1559 linguam
2854 1533 2868 1556 ,
2903 1499 2961 1545 ut
2995 1492 3165 1546 simus
3206 1492 3486 1547 desidera-

1905 1579 2036 1633 biles
2074 1588 2129 1633 et
2166 1579 2441 1633 amabiles.
2487 1579 2681 1633 Verum
2719 1596 2952 1651 eousque
2978 1582 3194 1637 malitia:
3221 1599 3487 1653 pervene-

1905 1678 2028 1722 runt
2068 1670 2245 1723 omnia
2268 1711 2283 1735 ,
2311 1679 2367 1723 ut
2406 1670 2474 1724 de
2501 1671 2693 1740 quibus
2721 1672 3044 1727 erubescere
3080 1683 3388 1743 oporteret,
3421 1677 3488 1730 de

1904 1760 1967 1813 iis
2011 1760 2252 1830 plerique
2279 1761 2597 1829 glorientur.
2645 1762 2772 1815 Hch
2816 1762 3130 1834 plerumque
3176 1766 3489 1821 minitantur

1903 1851 2165 1920 quidam:
2210 1852 2325 1905 Non
2378 1854 2579 1922 poteris
2633 1854 2867 1923 linguam
2915 1871 3087 1909 meam
3142 1856 3305 1911 ferre.
3365 1859 3489 1913 [hcc

1904 1942 2145 1996 mulieris
2188 1942 2349 1995 verba
2397 1952 2559 2005 sunt,
2620 1945 2816 2013 vetula:
2868 1945 3030 1999 ebriae
3075 1956 3130 1999 et
3173 1947 3438 2001 indi-cora-
3467 1991 3483 2011 ,

1902 2046 2088 2085 eorum
2129 2033 2217 2100 qui
2250 2032 2419 2087 forum
2450 2034 2817 2102 frequentant,
2850 2034 3077 2087 lenonis.
3105 2034 3247 2089 Nihil
3279 2037 3486 2105 turpius

1906 2126 1986 2179 his
2029 2126 2235 2189 verbis,
2282 2124 2414 2177 nihil
2459 2126 2574 2178 viro
2614 2124 2912 2194 indignius,
2958 2125 3089 2179 nihil
3130 2126 3481 2191 mulieb‘rius,

1902 2232 2063 2285 quam
2089 2216 2141 2269 in
2188 2216 2369 2283 lingua
2410 2214 2575 2269 robur
2626 2214 2861 2280 habere,
2914 2216 2968 2268 iu
3016 2217 3273 2271 conviciis
3317 2219 3485 2271 altum

1903 2323 2091 2378 sapere
2115 2350 2130 2374 ,
2163 2316 2218 2361 ut
2247 2307 2281 2361 ii
2311 2309 2400 2377 qui
2442 2308 2493 2362 in
2542 2308 2754 2378 pompis
2798 2317 2997 2378 agunt,
3032 2318 3086 2363 ut
3119 2309 3300 2376 mimi,
3332 2326 3485 2379 para-

1903 2401 2029 2467 siti,
2062 2400 2385 2454 adulatores.
2418 2400 2570 2454 Porci
2616 2401 2785 2469 magis
2808 2442 2822 2467 ,
2856 2417 3014 2471 quam
3055 2400 3301 2458 homines
3326 2414 3485 2466 sunt,

1902 2493 1991 2562 qui
2040 2492 2110 2547 de
2161 2491 2354 2546 talibus
2402 2491 2715 2561 gloriantur.
2766 2492 2897 2546 Cum
2943 2502 3217 2563 Oporteret
3261 2495 3485 2563 teipsqu

1902 2582 2185 2649 defodere,
2218 2581 2340 2637 'cum
2365 2592 2677 2651 oporteret,
2727 2584 2771 2636 si
2801 2584 2922 2653 quis
2948 2600 3009 2637 ea
3039 2584 3130 2638 tibi
3166 2585 3485 2640 testificare—

1903 2687 2018 2741 tur,
2036 2675 2399 2730 testimonium
2424 2675 2604 2744 fugere
2626 2676 2775 2743 quasi
2801 2676 3074 2730 inimicum
3097 2686 3152 2730 et
3174 2692 3279 2731 non
3299 2678 3481 2733 virile:

1903 2780 1959 2824 tu
1989 2784 2115 2823 vero
2154 2782 2328 2836 prxeco
2370 2767 2810 2822 contumeliarum
2850 2783 2930 2822 es.
2964 2767 3070 2821 Sed
3114 2769 3247 2822 nihil
3288 2769 3485 2825 liedere

1903 2860 2101 2932 poteris
2149 2874 2310 2923 eum,
2363 2859 2452 2927 qui
2507 2858 2647 2912 male
2689 2858 2858 2912 audit.
2906 2858 3265 2923 Quamobrem
3317 2876 3483 2931 rogo,

1900 2952 2195 3022 cogitantes
2220 2959 2417 3020 quanta
2448 2951 2517 3003 sit
2563 2950 2797 3019 nequitia
2819 2989 2835 3012 ,
2882 2949 2949 3004 de
2974 2966 3077 3019 qua
3104 2961 3158 3004 et
3187 2952 3485 3021 gloriantur

1901 3042 2114 3114 quidam
2138 3085 2151 3107 ,
2187 3042 2565 3111 resipiscamus
2586 3082 2601 3104 ,
2626 3041 2977 3095 emendemus
2998 3057 3094 3097 eos
3123 3044 3212 3111 qui
3236 3044 3314 3097 sic
3343 3045 3486 3098 insa-

1899 3134 2054 3188 niunt
2071 3173 2089 3200 ,
2115 3132 2454 3187 eiimiuemus
2479 3146 2511 3186 e
2534 3132 2751 3185 civitate
2780 3131 2875 3185 hos
2900 3146 3189 3187 consessus
3208 3172 3224 3198 ,
3249 3132 3482 3203 linguam

1900 3239 2153 3281 ornemus
2180 3232 2417 3278 nostram
2438 3264 2452 3287 ,
2483 3232 2538 3278 et
2567 3222 2635 3277 ab
2657 3210 2803 3276 omni
2842 3221 3127 3276 maledicto
3151 3222 3438 3278 liberemus
3461 3264 3480 3290 ,

1900 3325 1958 3372 ut
2003 3317 2268 3387 possimus
2291 3330 2323 3369 a
2354 3315 2587 3385 peccatis
2618 3315 2850 3383 purgati.
2901 3330 3188 3382 supernam
3236 3320 3479 3371 benevo-

1901 3410 2117 3464 lentiam
2148 3406 2304 3462 nobis
2334 3406 2624 3459 conciliare
2643 3446 2658 3469 ,
2705 3414 2759 3459 et
2789 3405 2879 3458 Dei
2905 3404 3189 3460 clementia
3236 3406 3480 3476 dignari,

1898 3504 2068 3575 gratia
2098 3509 2152 3555 et
2180 3498 2613 3554 miserationibus
2646 3496 2910 3567 Unigeniti
2942 3498 3060 3567 ejus
3079 3540 3093 3565 ,
3135 3499 3349 3568 quicum
3376 3500 3480 3555 Pa-

1900 3599 1967 3653 tri
2018 3606 2073 3652 et
2122 3595 2343 3665 Spiritui
2409 3603 2594 3648 sancto
2643 3592 2850 3662 gloria,
2903 3592 3220 3662 imperium,
3272 3593 3481 3659 houor,

1900 3704 2039 3743 nunc
2070 3696 2122 3741 et
2150 3700 2396 3753 semper,
2428 3693 2483 3737 et
2510 3685 2559 3738 in
2587 3684 2781 3737 siccula
2811 3683 3154 3739 smculorum.
3187 3686 3379 3740 Amen.

1456 3894 1803 3955 HOMILIA
1848 3888 2122 3952 XXXII.

235 4054 282 4091 ν.
314 4042 397 4095 27.
425 4042 609 4095 Horati
636 4051 753 4095 sunt
772 4050 939 4093 autent
966 4041 1032 4092 ibi
1058 4050 1252 4109 tempus
1281 4055 1379 4091 non
1407 4037 1659 4090 modicum
1679 4053 1789 4089 cuin

294 4133 561 4200 discipulis.
600 4133 728 4187 CAP.
766 4133 849 4186 l5.
894 4132 945 4185 1.
998 4128 1065 4184 Et
1102 4129 1305 4197 quidam
1349 4128 1699 4182 descendentes
1729 4128 1793 4180 de

292 4223 488 4289 ιΙιιάπα,
518 4226 761 4278 docebant
792 4224 973 4292 fratres
1007 4239 1025 4277 :
1056 4222 1190 4288 Quia
1232 4221 1329 4274 nisi
1358 4220 1791 4293 circumcidamini

295 4318 548 4369 secundum
576 4331 767 4369 morem
797 4313 991 4383 Moysis
1012 4353 1027 4376 ,
1066 4330 1165 4366 non
1191 4313 1395 4381 potestis
1424 4312 1633 4365 salvari.

297 4408 341 4458 1.
376 4406 495 4461 Vide
538 4407 736 4474 ubique
768 4406 1047 4459 transitum
1087 4405 1151 4457 ad
1188 4413 1375 4467 gentes
1407 4403 1712 4458 necessario
1758 4417 1788 4455 a

232 4493 410 4552 ludzis
447 4497 743 4551 inductum.
787 4495 1033 4549 Antehac
1058 4505 1339 4549 accusatus
1369 4494 1631 4548 rationem
1663 4492 1787 4548 red-

231 4586 412 4651 debat,
462 4596 516 4642 et
563 4587 868 4642 excusantis
913 4602 1062 4641 more
1110 4586 1288 4639 omnia
1339 4585 1685 4655 loquebatur:
1735 4584 1788 4639 id

233 4681 353 4743 quod
393 4694 697 4734 sermonem
736 4679 903 4748 magis
947 4685 1224 4746 acceptum
1258 4676 1550 4741 reddebat;
1592 4676 1788 4731 deinde

236 4767 407 4827 ladxis
442 4773 856 4837 aversantibus,
902 4771 1046 4825 venit
1092 4770 1159 4824 ad
1205 4780 1414 4839 gentes.
1450 4768 1548 4824 Hic
1592 4770 1785 4824 iterum

234 4862 389 4918 videns
410 4864 571 4918 aliam
592 4864 992 4920 altercationem
1014 4904 1029 4927 ,
1058 4862 1228 4931 legem
1252 4862 1453 4915 statuit.
1479 4860 1614 4926 Quia
1641 4860 1784 4915 enim

236 4966 388 5025 utpote
412 4974 441 5012 a
474 4958 586 5013 Deo
618 4957 760 5012 docti
782 4996 800 5022 ,
834 4955 1294 5010 indiscriminatim
1326 4952 1574 5009 omnibus
1600 4953 1787 5021 loque—

237 5048 413 5119 bantur,
434 5053 539 5106 hoc
564 5050 781 5106 Judceos
796 5050 885 5119 qui
914 5049 1138 5103 aderant
1164 5047 1229 5101 ad
1251 5046 1422 5101 zelum
1452 5046 1779 5116 provocavit.

236 5138 319 5195 lle:
341 5144 491 5197 modo
513 5142 976 5197 circnmcisiouem
998 5140 1299 5207 docebant,
1329 5138 1421 5191 sed
1460 5139 1621 5193 etiam
1666 5138 1784 5192 sine

236 5234 300 5287 ita
324 5238 538 5293 salutem
568 5237 756 5291 haberi
797 5251 902 5291 non
931 5250 1089 5306 posse
1112 5235 1381 5290 dicebant.
1410 5234 1504 5287 Cui
1542 5233 1616 5287 rei
1648 5246 1781 5285 con-

236 5330 359 5379 traria
384 5330 581 5385 docere
611 5330 928 5398 oportebat,
973 5343 1165 5396 nempe
1194 5328 1238 5381 si
1280 5324 1734 5381 circumcidamini
1763 5365 1777 5390 ,

234 5418 417 5473 salutem
465 5421 725 5490 consequi
785 5434 892 5474 non
941 5419 1183 5486 potestis.
1236 5418 1420 5471 Viden‘
1473 5415 1779 5485 frequentes

235 5512 515 5566 Ieatationes
560 5512 704 5566 intus
749 5519 807 5566 et
852 5510 1003 5566 foris.
1038 5510 1202 5565 Recte
1232 5519 1413 5563 autem
1460 5506 1778 5576 proviiletur

235 5595 307 5652 hc
327 5599 431 5656 ﬁeri
466 5603 633 5657 Paulo
660 5610 961 5671 prasente,
1011 5610 1068 5654 ut
1097 5600 1439 5655 contradicat.
1498 5597 1611 5652 Non
1640 5596 1778 5650 dixit

233 5689 385 5750 Mus
426 5714 438 5749 :
478 5695 620 5765 Quid
668 5696 855 5751 enim?
896 5708 1073 5748 annon
1115 5709 1231 5748 sum
1276 5693 1381 5749 fide
1422 5691 1615 5762 dignus
1657 5698 1776 5753 post

1900 4042 1979 4087 tot
2021 4030 2216 4102 signa?
2257 4027 2352 4083 sed
2388 4036 2603 4097 propter
2630 4026 2751 4080 illos
2783 4040 2987 4081 morem
3015 4028 3198 4096 gessit.
3232 4029 3299 4083 Et
3334 4028 3477 4092 vide,

1896 4127 2110 4181 discunt
2135 4136 2323 4177 omnes
2352 4135 2434 4183 ea,
2467 4134 2588 4190 qua:
2616 4118 2667 4172 in
2697 4128 2884 4188 gentes
2909 4118 3046 4173 facta
3074 4128 3249 4187 erant,
3281 4122 3478 4175 etiam-

1896 4232 2000 4287 que
2030 4214 2383 4276 Samaritani,
2430 4220 2483 4265 et
2521 4210 2777 4282 gaudent.
2815 4210 2872 4263 2.
2907 4210 3069 4264 Facta
3093 4227 3210 4283 ergo
3237 4214 3476 4267 seditione

1895 4317 1941 4361 et
1985 4307 2260 4377 questions
2299 4319 2401 4356 non
2429 4303 2638 4355 minima
2678 4300 2848 4355 Paulo
2873 4312 2921 4355 et
2950 4302 3205 4357 Barnabae
3236 4305 3477 4358 adversus

1895 4398 2031 4463 illos,
2058 4404 2339 4449 statuerunt
2369 4403 2421 4445 ut
2450 4397 2773 4447 ascenderem
2808 4389 3009 4447 Paulus
3043 4405 3091 4447 et
3120 4391 3408 4459 Barnabas,
3428 4406 3479 4449 et

1853 4520 1858 4535 .
1893 4488 2099 4557 quidam
2118 4485 2209 4538 alii
2230 4500 2293 4539 ex
2316 4485 2419 4537 illis
2438 4485 2505 4535 ad
2520 4483 2777 4552 apostolos
2798 4491 2844 4535 et
2867 4485 3180 4555 presbyteros
3198 4486 3477 4540 inJerusa-

1895 4578 1991 4631 lem
2026 4593 2180 4646 super
2216 4577 2311 4629 hac
2339 4576 2631 4641 qucestione.
2660 4576 2711 4629 5.
2744 4572 2835 4628 Illi
2859 4590 2979 4646 ergo
3008 4576 3257 4645 prwmissi
3283 4578 3344 4632 ab
3373 4577 3478 4631 Ec-

1893 4669 2045 4721 clesia
2074 4665 2445 4737 pertransibunt
2479 4662 2769 4717 Pluenicent
2796 4674 2845 4719 et
2870 4664 3188 4733 Samariam,
3215 4676 3480 4722 narrantes

1892 4761 2267 4814 conversionem
2294 4761 2517 4829 gentium
2543 4773 2561 4811 :
2596 4769 2641 4810 et
2672 4758 2923 4828 faciebant
2951 4758 3198 4827 gaudium
3234 4776 3477 4830 magnum

1893 4851 2123 4905 omnibus
2166 4848 2428 4920 fratribus.
2472 4848 2529 4903 4.
2559 4846 2685 4901 Cum
2714 4856 2880 4900 autem
2919 4847 3165 4901 venissent
3208 4847 3477 4919 Jerosoly-

1892 4960 2027 4996 mam
2045 4984 2062 5011 ,
2089 4941 2309 5010 suscepti
2338 4951 2452 5007 sunt
2480 4939 2541 4990 ab
2562 4937 2789 4991 Ecclesia
2810 4945 2855 4990 et
2882 4938 2945 4990 ab
2971 4934 3217 5005 apostolis
3244 4948 3293 4991 et
3313 4940 3477 4993 senio-

1889 5039 2050 5103 ribus,
2077 5036 2431 5089 annuntiantes
2447 5042 2635 5102 quanta
2664 5030 2801 5083 Deus
2832 5030 3027 5101 fecisset
3054 5044 3168 5083 cum
3188 5029 3315 5084 illis.
3340 5030 3476 5088 Vide

1889 5147 2012 5187 cum
2053 5138 2249 5199 quanta
2294 5125 2594 5183 oeconomia
2634 5137 2720 5177 res
2757 5132 2995 5192 geratur.
3044 5121 3099 5177 5.
3128 5120 3477 5179 Surrexerunt

1888 5235 2057 5279 autem
2081 5222 2288 5292 quidam
2314 5222 2375 5273 de
2400 5219 2577 5271 Iiwresi
2599 5215 3002 5281 Pharisaeorum,
3024 5214 3108 5286 qui
3129 5215 3473 5283 crediderant,

1886 5318 2107 5371 dicentes
2131 5330 2149 5368 :
2178 5313 2310 5379 Quia
2329 5319 2523 5380 oportet
2550 5309 2906 5363 circumcidere
2924 5324 3028 5373 eos,
3059 5310 3332 5378 praecipere
3350 5328 3477 5381 quo-

1885 5424 1983 5479 que
2015 5420 2213 5460 servare
2258 5404 2416 5473 legem
2456 5399 2641 5469 Moysi.
2673 5399 2725 5454 6.
2757 5397 3208 5472 Convenerunlque
3254 5400 3473 5470 apostoli

1884 5508 1932 5552 et
1960 5496 2181 5550 seniores
2207 5491 2376 5547 videre
2418 5492 2482 5543 de
2525 5490 2673 5545 verba
2703 5491 2817 5543 hoc.
2846 5491 2899 5546 7.
2929 5490 3057 5545 Cum
3077 5501 3245 5544 autem
3285 5502 3469 5556 magna

1883 5586 2182 5660 conquisitio
2230 5587 2404 5654 ﬁeret,
2448 5600 2661 5655 surgens
2697 5582 2885 5639 Petrus
2920 5584 3048 5638 dixit
3086 5584 3155 5634 ad
3193 5595 3279 5634 eos
3302 5595 3319 5630 :
3351 5576 3468 5632 νεά

1884 5686 2066 5755 fratres
2089 5723 2103 5749 ,
2136 5697 2221 5736 vos
2256 5678 2395 5735 scitis
2421 5677 2664 5748 quoniam
2688 5678 2752 5729 ab
2784 5670 3007 5742 antiquis
3035 5673 3210 5725 diebus
3242 5668 3375 5723 Deus
3408 5682 3463 5719 m
