4036 6220
421 297 525 350 ⁸235

424 411 561 465 robis
588 409 731 477 elegit
756 422 843 476 per
874 420 932 458 es
960 416 1124 455 meum
1151 398 1331 452 audire
1366 404 1536 467 gentes
1566 391 1769 445 verbum
1790 400 2004 454 evange-

423 502 499 565 lii,
548 510 596 553 et
633 497 853 550 credere.
895 492 1027 547 Vide
1075 490 1291 544 Petrum
1334 485 1443 555 jam
1470 484 1599 537 olim
1627 488 1930 549 separatum
1983 490 2013 529 a

428 592 664 660 negotio,
697 595 751 641 et
779 585 1040 639 hactenus
1067 580 1448 651 judaizautem.
1492 574 1588 627 Vos
1627 571 1784 635 scitis,
1821 567 2011 660 inquit.

425 659 590 738 Forte
629 678 854 733 aderant
882 691 945 730 ex
996 674 1094 739 iis,
1138 672 1227 742 qui
1278 669 1405 723 olim
1446 669 1833 720 accusaverunt
1861 659 2011 712 illum

424 776 565 829 circa
594 771 923 832 Cornelium,
952 777 1007 824 et
1034 764 1259 836 ingressi
1286 770 1557 817 suntcum
1585 757 1678 811 illo
1708 771 1723 806 ε
1749 754 1869 809 ideo
1897 752 2017 806 illos

426 864 644 920 adducit
668 871 850 920 testes.
881 860 957 915 Ab
983 856 1202 929 antiquis
1242 854 1415 908 diebus
1439 849 1584 920 elegit
1605 848 1665 903 in
1692 845 1827 900 vobis
1854 843 2015 897 Deus.

429 957 568 1026 Quid
597 966 699 1019 est,
722 955 787 1011 1η
820 952 993 1007 vobis?
1015 949 1111 1004 Vel
1139 949 1189 1002 in
1218 944 1523 1004 Palaestina,
1546 939 1747 1008 inquit,
1769 934 1852 991 vel
1881 949 2019 1026 prse-

432 1025 674 1105 sentibus
700 1044 868 1100 vobis.
903 1042 1006 1096 Per
1031 1057 1087 1095 os
1114 1055 1298 1093 meum.
1326 1034 1457 1091 Vide
1478 1029 1747 1101 quomodo
1772 1025 2023 1082 ostendat

439 1142 602 1193 Deum
654 1151 751 1206 per
797 1149 861 1189 se
910 1133 1222 1201 loquutum,
1252 1136 1307 1183 et
1354 1124 1483 1180 nihil
1527 1124 1837 1177 humanum.
1869 1115 1921 1172 8.
1956 1115 2021 1169 Et

435 1230 664 1282 cordittm
687 1226 918 1296 cognitor
948 1222 1087 1276 Deus
1115 1220 1409 1289 testificatus
1439 1225 1512 1269 est
1541 1214 1688 1284 ipsis.
1733 1211 1812 1265 Ad
1860 1209 2019 1278 Spiri-

434 1319 626 1375 riluale
659 1315 1022 1372 testimonium
1051 1311 1269 1367 adducit
1296 1310 1439 1363 illos.
1472 1305 1614 1361 Dans
1637 1304 1739 1358 illis
1770 1301 2023 1371 Spiritum

433 1420 681 1473 sanctum,
716 1407 845 1460 sicut
868 1415 914 1459 et
942 1402 1103 1457 nobis.
1141 1401 1270 1455 Vide
1300 1396 1570 1468 quomodo
1598 1395 1795 1464 ubique
1834 1403 2025 1463 gentes

433 1510 697 1569 exaequat.
732 1499 787 1553 9.
841 1496 902 1550 Et
943 1495 1072 1549 nihil
1110 1491 1348 1546 discernit
1386 1490 1518 1543 inter
1544 1504 1634 1541 nos
1663 1495 1706 1541 et
1744 1484 1890 1548 illos,
1922 1483 2025 1551 ﬁde

434 1595 711 1663 puriﬁcans
756 1591 910 1644 corda
952 1604 1145 1641 eorum.
1183 1588 1222 1639 Α
1266 1583 1370 1637 lide
1416 1581 1527 1637 sola
1554 1620 1569 1641 ,
1603 1578 1807 1648 inquit,
1836 1576 2021 1631 eadem

433 1682 755 1754 consequuti
777 1690 920 1737 sunt.
948 1681 1010 1734 Et
1030 1678 1144 1732 huic
1171 1676 1273 1730 illis
1300 1674 1498 1727 monita
1522 1672 1744 1734 dantur;
1769 1670 1876 1723 imo
1897 1680 2027 1721 vero

436 1776 535 1832 hos
560 1776 755 1831 docere
794 1780 993 1843 potest,
1023 1769 1125 1823 [ide
1154 1767 1266 1821 sola
1295 1779 1417 1820 esse
1445 1778 1601 1833 Opus,
1634 1770 1687 1815 et
1713 1775 1819 1814 non
1848 1758 2028 1828 Opori-

436 1867 534 1921 Ι)ηὴ
560 1866 643 1919 vel
671 1863 1094 1919 circumcisione.
1124 1857 1310 1927 Neque
1351 1855 1495 1911 enim
1526 1853 1639 1908 lucc
1681 1851 1863 1907 dicunt
1905 1858 2026 1903 tan-

438 1969 554 2011 tum
583 1962 644 2011 ut
674 1954 913 2024 gentium
942 1965 1160 2006 causam
1189 1954 1383 2017 agant;
1413 1943 1507 1999 sed
1536 1944 1695 1998 etiam
1728 1942 1845 1996 illos
1876 1939 2029 1994 insti-

442 2056 633 2111 tuunt,
670 2055 726 2099 ut
770 2042 1054 2098 discedant
1077 2057 1105 2094 a
1139 2041 1274 2108 lege.
1304 2036 1411 2091 Sed
1440 2044 1617 2089 tamen
1652 2033 1886 2087 nondum
1915 2031 2028 2085 haec

435 2137 642 2190 dicunt.
679 2134 765 2190 10.
801 2132 953 2187 Nunc
971 2146 1089 2200 ergo
1109 2146 1199 2184 cur
1226 2128 1426 2183 tentatis
1453 2125 1618 2180 Deum
1644 2126 1899 2196 imponere
1933 2125 2027 2192 ju-

440 2245 560 2298 gum
595 2244 747 2297 super
776 2225 999 2279 cervices
1038 2219 1411 2291 discipulorum
1435 2259 1450 2282 ,
1495 2217 1631 2288 quod
1665 2232 1824 2286 neque
1865 2224 2030 2284 patres

438 2319 598 2374 nostri
624 2332 782 2387 neque
819 2333 908 2369 nos
922 2323 1131 2385 portare
1154 2309 1448 2380 potuimus?
1471 2308 1558 2362 11.
1580 2306 1686 2361 Sed
1709 2323 1795 2375 per
1813 2305 2032 2376 gratiam

440 2410 647 2464 Domini
687 2407 814 2462 Jesu
854 2406 1103 2459 credimus
1148 2402 1335 2456 salvari
1374 2398 1797 2471 quemadmodum
1839 2406 1885 2450 et
1931 2394 2029 2447 illi.

441 2501 578 2569 Quid
607 2510 690 2555 est
717 2498 847 2553 illud
871 2538 883 2561 ,
915 2495 1145 2549 Tentatis
1174 2491 1339 2547 Deum
1369 2491 1393 2543 ?
1423 2486 1530 2543 Cur
1559 2503 1662 2542 non
1691 2487 1929 2553 creditis,
1955 2486 2035 2540 in-

442 2590 721 2662 quit,l)co?
751 2605 846 2643 cur
870 2586 1088 2642 tentatis
1114 2599 1257 2647 emn,
1291 2582 1440 2652 quasi
1472 2595 1577 2634 non
1602 2579 1767 2649 possit
1787 2578 1887 2632 lide
1914 2592 2031 2630 ser-

444 2684 603 2738 vare?
645 2683 826 2751 Itaque
870 2678 1201 2733 inﬁdelitatis
1246 2686 1329 2730 est
1369 2675 1542 2744 legem
1574 2672 1795 2727 inferre.
1831 2668 2036 2724 Deinde

449 2775 687 2831 ostendit
736 2788 854 2827 eam
900 2771 1006 2825 illis
1051 2786 1156 2823 non
1212 2766 1376 2821 fuisse
1420 2766 1603 2819 utilem
1647 2773 1750 2818 :et
1787 2773 1953 2817 totum
1984 2761 2037 2815 in

444 2870 637 2938 legem,
669 2881 774 2919 non
807 2865 858 2918 in
894 2862 1017 2917 illos
1048 2861 1223 2931 rejicit
1248 2901 1263 2925 ,
1297 2868 1456 2929 atque
1486 2860 1885 2913 accusationem
1911 2870 2033 2910 suc-

446 2961 593 3015 cidit.
626 2956 774 3023 Quod
800 2972 901 3009 non
929 2955 1189 3026 potuimus
1217 2968 1325 3016 nos,
1360 2951 1563 3020 inquit,
1592 2959 1637 3004 et
1677 2958 1852 3019 patres
1881 2949 2039 3002 nostri

449 3062 671 3122 portare.
693 3047 799 3103 Sed
818 3063 906 3117 per
930 3046 1147 3117 gratiant
1163 3041 1371 3096 Domini
1396 3041 1427 3094 J
1435 3058 1521 3095 esu
1550 3041 1800 3094 credimus
1828 3039 2036 3105 salvari,

448 3139 872 3211 quemadmodum
918 3148 964 3191 et
1011 3135 1111 3190 illi.
1140 3135 1350 3200 Quanta
1377 3133 1571 3187 virtute
1596 3132 1750 3202 plena
1776 3139 1899 3185 sunt
1926 3134 2041 3185 hinc

451 3233 653 3289 verba?
683 3232 812 3298 Quae
847 3228 1044 3284 Paulus
1081 3227 1263 3281 multis
1310 3227 1363 3280 in
1407 3224 1643 3293 Epistola
1676 3223 1742 3277 ad
1773 3222 2043 3277 Romanos

452 3326 609 3390 dixit,
629 3322 815 3378 eadem
842 3330 896 3375 et
923 3320 1009 3374 hic
1028 3319 1178 3373 dicit.
1209 3316 1268 3372 Si
1293 3318 1426 3372 enin;
1452 3315 1736 3383 Abraham,
1766 3316 1954 3384 inquit,
1982 3331 2045 3370 ea:

457 3416 693 3485 operibus
706 3412 1021 3483 justi/iratus
1046 3420 1152 3474 est,
1194 3409 1339 3461 habet
1360 3408 1577 3478 gloriam
1602 3447 1618 3473 ,
1658 3405 1746 3460 sed
1781 3422 1882 3459 non
1907 3405 2045 3477 apud

461 3505 625 3559 Deum
657 3502 832 3573 (llam.
858 3503 909 3555 4.
938 3499 1017 3571 2).
1044 3498 1231 3554 Viden‘
1261 3500 1359 3552 hoc
1387 3498 1510 3552 illos
1535 3497 1703 3566 magis
1728 3496 2008 3551 instituere
2028 3540 2043 3564 ,

460 3611 619 3667 quam
652 3601 841 3663 gentes
866 3590 1197 3646 defendere?
1226 3588 1332 3644 Sed
1360 3588 1405 3644 si
1445 3586 1661 3659 quidem
1707 3588 1912 3659 absque
1941 3589 2045 3643 ulla

465 3688 750 3741 occasione
779 3685 894 3739 haec
922 3684 1182 3749 dixisset,
1213 3682 1348 3736 forte
1390 3696 1496 3737 non
1539 3691 1821 3751 suspectus
1868 3693 2045 3748 esset;

463 3780 617 3832 initio
634 3788 811 3831 autem
833 3775 957 3830 hinc
983 3784 1219 3845 sumpto,
1250 3773 1444 3828 deinde
1473 3773 1590 3829 sine
1618 3784 1766 3829 metu
1791 3773 2045 3844 loquitur.

467 3871 533 3923 Ει
560 3869 682 3923 vide
712 3867 979 3938 quomodo
1008 3866 1206 3935 ubique
1230 3864 1431 3929 omnia,
1464 3880 1586 3935 qua:
1616 3864 1819 3919 inimici
1862 3879 2044 3918 move-

466 3971 614 4023 runt,
641 3961 743 4014 illis
770 3960 994 4031 prosint.
1022 3958 1132 4012 Nisi
1160 3958 1302 4013 enim
1330 3958 1401 4011 illi
1434 3957 1746 4022 movissent,
1776 3955 1893 4010 haec
1912 3954 2051 4009 dicta

469 4073 574 4108 non
603 4056 848 4119 fuissent,
875 4066 972 4106 nec
992 4053 1151 4105 etiam
1178 4065 1297 4120 qua:
1317 4058 1632 4119 sequuntur.
1663 4046 1798 4102 Hinc
1818 4046 2051 4111 discunt,

467 4150 612 4219 quod
645 4148 854 4204 etiamsi
899 4155 1087 4216 gentes
1117 4143 1311 4199 adduci
1360 4142 1693 4208 noluissent,
1726 4156 1831 4195 non
1877 4150 2053 4195 tamen

469 4257 592 4297 os.e
620 4242 737 4295 illas
767 4236 1160 4306 deSpiciendas.
1190 4234 1297 4290 Sed
1325 4248 1485 4302 supra
1513 4233 1653 4287 dicta
1692 4233 2053 4301 exploremus.

472 4333 537 4386 In
581 4332 750 4394 vobis,
799 4329 999 4395 inquit,
1036 4327 1215 4396 elegit,
1258 4336 1306 4379 et
1349 4326 1411 4378 ab
1451 4324 1668 4393 antiquis
1696 4323 1889 4378 diebus.
1945 4324 2059 4379 Hoc

473 4424 623 4484 dicit,
643 4420 933 4476 ostendens
958 4419 1009 4473 id
1034 4418 1185 4485 olim,
1216 4432 1320 4471 non
1348 4431 1489 4472 nunc
1514 4417 1697 4471 fuisse.
1729 4416 1843 4472 Non
1871 4433 2059 4487 parum

475 4523 656 4566 autem
685 4518 786 4575 est,
823 4510 965 4580 quod
994 4510 1157 4563 etiam
1179 4506 1380 4563 Judmis
1407 4508 1751 4564 credentibus
1782 4508 1883 4564 hoc
1908 4526 2061 4565 aver-

477 4612 637 4657 tatur.
670 4601 883 4655 Duobus
928 4617 1055 4655 vero
1087 4599 1137 4655 id
1160 4642 1174 4666 ,
1207 4600 1348 4670 quod
1373 4599 1537 4665 dicit,
1570 4602 1917 4658 conlirmatur
1937 4643 1951 4669 ,
2008 4612 2063 4658 et

479 4705 719 4764 tempore
746 4704 797 4747 et
828 4693 962 4746 loco.
994 4692 1059 4747 Et
1086 4692 1228 4762 quod
1260 4690 1447 4764 Elegit,
1476 4692 1613 4748 bene
1645 4712 1658 4748 :
1692 4695 1829 4749 sicut
1855 4695 1907 4749 in
1936 4697 2062 4766 ipsis

478 4804 585 4843 non
613 4787 766 4852 dixit,
804 4784 1017 4852 Voluit,
1049 4782 1359 4857 sed,Elegit.
1393 4784 1673 4841 Undenam
1704 4786 1755 4841 id
1783 4787 1990 4857 liquet?
2019 4792 2059 4842 A

478 4880 710 4949 Spiritu,
742 4877 935 4949 inquit.
968 4876 1171 4933 Deinde
1199 4876 1432 4933 ostendit
1464 4892 1569 4931 non
1598 4879 1786 4947 gratia:
1818 4888 2022 4934 tantum
2045 4920 2060 4947 ,

480 4973 575 5027 sed
606 4973 765 5027 etiam
806 4968 1022 5024 virtutis
1055 4969 1419 5025 testimonium
1471 4970 1573 5024 hoc
1598 4970 1703 5024 illis
1730 4986 1853 5027 esse
1877 5013 1892 5037 ,
1922 4973 2064 5042 quod

486 5066 621 5118 nihil
649 5066 824 5120 minus
851 5064 981 5135 ipsis
1010 5063 1262 5133 prmheat.
1292 5062 1431 5116 Nihil
1457 5063 1623 5128 enim,
1648 5064 1837 5133 inquit,
1866 5065 2067 5120 discer-

484 5157 562 5209 nit
594 5161 731 5210 inter
778 5171 876 5209 nos
903 5164 958 5209 et
987 5155 1126 5209 illos.
1159 5153 1300 5223 Ergo
1339 5168 1434 5208 cor
1463 5154 1659 5225 ubique
1695 5158 2065 5226 quaerendum.

488 5249 551 5303 Et
582 5256 883 5318 opportune
906 5247 1041 5302 dixit
1073 5264 1086 5301 :
1120 5245 1361 5302 Cordium
1392 5250 1624 5319 cognitor
1662 5246 1802 5303 Deus
1824 5251 2066 5319 testiﬁca-

490 5352 570 5393 tus
594 5350 664 5394 est
686 5340 848 5409 ipsis;
887 5340 1024 5393 sicut
1050 5347 1103 5392 et
1130 5338 1238 5393 illic
1268 5353 1282 5392 :
1315 5338 1392 5393 Tu
1412 5380 1428 5407 ,
1459 5338 1698 5407 Domine,
1726 5342 1957 5395 cordium
1985 5360 2071 5396 co-

494 5432 664 5504 gnitor
688 5425 934 5496 vinnium,
965 5431 1170 5485 ostende
1197 5431 1350 5503 (Act.
1378 5433 1430 5487 1.
1459 5432 1530 5489 24
1549 5434 1592 5504 ).
1634 5434 1770 5502 Quia
1797 5436 1938 5490 enim
1968 5436 2071 5491 hoc

491 5524 643 5589 vult,
687 5524 812 5579 vide
835 5522 965 5594 quid
994 5521 1187 5580 inferat
1221 5540 1236 5579 :
1268 5522 1417 5578 Nihil
1457 5524 1695 5579 discernit
1738 5527 1869 5581 inter
1906 5545 1996 5582 nos
2024 5539 2071 5583 et

498 5615 811 5688 ipsos.Cum
841 5615 1056 5674 illorum
1101 5618 1464 5673 testimonium
1494 5619 1735 5686 diceret,
1786 5630 1910 5676 tunc
1960 5638 2072 5677 ma-

1131 278 1191 333 S.
1230 273 1510 333 JOANNIS
1547 263 2019 327 CHIWSOSTOMI
2059 262 2373 318 AllClllEP.
2415 261 2937 321 CONSTANTINOP.

3594 270 3703 326 236

2118 396 2280 449 gnum
2312 383 2437 436 illud
2468 384 2662 441 effatus
2682 397 2804 450 est,
2836 388 2978 457 quod
3014 388 3207 444 Paulus
3231 390 3307 445 ait
3336 410 3349 446 :
3382 390 3563 460 Neque
3603 397 3708 448 cir-

2116 475 2358 530 cumcisio
2383 478 2505 546 quid
2527 478 2676 546 valet,
2708 496 2866 549 neque
2896 482 3199 553 prwputium
3239 484 3312 553 (l.
3336 482 3457 559 Cpr.
3487 486 3539 539 7.
3568 486 3703 557 19);

2118 572 2191 629 et,
2226 564 2294 618 Ut
2313 566 2439 621 duos
2459 569 2642 623 condat
2662 571 2716 625 in
2742 573 3009 640 semeptiso
3037 570 3254 641 (Ephes.
3278 572 3332 628 2.
3364 576 3472 642 15).
3500 576 3708 634 Ilorum

2119 658 2357 712 omnium
2383 660 2587 714 semina
2617 662 2669 714 in
2704 663 2964 717 concione
2995 663 3136 718 Petri
3184 665 3465 722 habentur.
3501 668 3569 722 Et
3598 686 3709 725 non

2120 746 2271 812 dixit,
2300 747 2443 804 Inter
2468 765 2562 804 eos
2586 752 2675 821 qui
2706 769 2769 808 ex
2802 755 3245 822 circumcisione;
3276 759 3543 824 sed,lnter
3568 779 3664 816 nos
3694 805 3712 831 ,

2122 837 2173 891 id
2218 846 2303 893 est
2330 881 2344 905 ,
2389 842 2684 909 apostolos.
2719 844 2957 912 Deinde,
3006 862 3071 901 ne
3112 848 3357 903 videatur
3383 854 3712 909 contumelia

2122 945 2242 986 esse
2282 932 2450 999 illud,
2511 933 2696 1000 Nihil,
2737 936 2922 1003 adjicit
2971 954 2986 991 :
3042 938 3175 993 Fide
3222 942 3502 1009 puriﬁcans
3550 947 3715 1000 corda

2124 1038 2317 1077 eorum.
2353 1023 2419 1078 Et
2452 1024 2575 1080 hinc
2601 1028 2736 1081 tollit
2766 1030 3145 1099 suspicionem.
3180 1032 3504 1102 Expurgavit
3532 1038 3713 1105 primo

2125 1127 2428 1169 sermonem
2448 1157 2463 1180 ,
2495 1126 2549 1171 et
2580 1126 2705 1173 tunc
2749 1121 2984 1175 ostendit
3012 1137 3115 1177 non
3145 1125 3342 1179 malam
3370 1126 3539 1196 legem
3564 1170 3580 1194 ,
3614 1129 3711 1187 sed

2125 1207 2246 1261 illos
2268 1208 2510 1264 infirmos
2538 1225 2676 1265 esse.
3530 1222 3531 1227 “

2196 1298 2251 1352 2.
2281 1299 2411 1354 Vide
2438 1302 2708 1370 quomodo
2730 1306 3042 1360 terribiliter
3068 1308 3297 1363 desinat.
3323 1308 3462 1365 Nihil
3490 1327 3553 1366 es
3583 1329 3714 1382 puo-

2128 1390 2303 1459 phetis
2334 1392 2567 1462 loquitur
2590 1394 2739 1463 ipsis,
2770 1396 2863 1451 scd
2892 1412 2954 1452 ex
2983 1402 3339 1466 praesentibus
3368 1402 3547 1468 rebus,
3577 1420 3717 1473 qua-

2128 1500 2245 1538 rum
2270 1486 2367 1555 ipsi
2402 1494 2565 1542 testes
2586 1498 2762 1542 erant.
2782 1488 2913 1544 Jure
2943 1500 2997 1544 et
3027 1490 3103 1547 illi
3124 1502 3307 1561 postea
3334 1496 3710 1564 testiﬁcantur,

2128 1584 2183 1628 et
2225 1590 2529 1631 sermonem
2563 1578 2820 1633 roborant
2849 1596 2915 1634 ex
2947 1581 3011 1635 iis
3035 1622 3050 1648 ,
3095 1598 3216 1653 qua:
3252 1584 3361 1652 jam
3396 1584 3535 1640 facta
3563 1598 3710 1644 sunt.

2131 1665 2198 1719 Et
2243 1666 2363 1721 vide
2402 1683 2415 1720 :
2455 1668 2508 1723 in
2557 1669 2795 1725 Ecclesia
2842 1672 3101 1741 permittit
3143 1675 3316 1744 primo
3361 1679 3715 1747 quaestionem

2131 1758 2356 1821 moveri,
2388 1768 2443 1813 et
2473 1768 2599 1814 tunc
2626 1761 2882 1831 loquitur.
2912 1763 3045 1832 Quia
3075 1765 3233 1835 igitur
3258 1781 3365 1821 non
3398 1772 3719 1827 memoravit

2130 1849 2496 1914 cinnmcisos,
2526 1851 2620 1907 sed
2646 1863 2834 1923 gentes
2859 1855 2986 1923 (hoc
3016 1857 3157 1910 enim
3189 1858 3437 1926 paulatim
3471 1860 3716 1915 insinua-

2133 1950 2244 1994 tum
2266 1982 2279 2005 ,
2311 1941 2516 1997 firmius
2541 1944 2841 2013 evadebat;
2873 1946 3002 2001 illud
3035 1963 3162 2001 vero
3185 1951 3441 2004 tontantis
3468 1961 3618 2019 erat,
3647 1969 3716 2009 an

2135 2034 2310 2103 possit
2336 2044 2457 2103 post
2485 2036 2653 2106 legem
2684 2038 2961 2109 servare);
2994 2040 3115 2093 vide
3145 2042 3269 2110 quid
3298 2041 3454 2097 faciat
3486 2062 3501 2098 :
3532 2056 3719 2101 osten-

2133 2124 2211 2177 dit
2239 2125 2357 2178 illos
2379 2127 2429 2179 in
2459 2128 2698 2195 periculo
2723 2144 2863 2194 esse,
2893 2130 2938 2183 si
2967 2130 3184 2199 quidem
3215 2132 3285 2198 id,
3318 2135 3460 2203 quod
3494 2152 3600 2189 non
3636 2152 3720 2204 po-

2136 2217 2234 2270 tuit
2258 2218 2339 2271 lex
2364 2256 2380 2295 ,
2414 2219 2585 2287 potuit
2616 2219 2747 2273 fides
2772 2236 2787 2283 ;
2817 2220 2906 2274 illa
2940 2236 3066 2274 vero
3094 2223 3320 2278 cadente
3340 2266 3353 2289 ,
3386 2240 3615 2282 necesse
3639 2237 3722 2283 est

2137 2307 2256 2361 illos
2288 2308 2339 2361 in
2364 2309 2652 2377 perniciem
2680 2310 2774 2365 ire.
2802 2310 2908 2364 Nec
2934 2310 3087 2376 dixit,
3115 2312 3372 2369 lurreduli
3402 2317 3555 2385 estis,
3578 2317 3721 2387 quod

2137 2400 2413 2454 molestius
2460 2399 2681 2464 fuisset,
2722 2416 2841 2456 cum
2888 2403 3119 2458 maxime
3162 2419 3249 2459 res
3285 2408 3455 2462 evicta
3496 2408 3720 2464 fuisset.

2145 2490 2496 2562 Jerosolymis
2524 2492 2684 2561 igitur
2721 2508 2785 2547 ex
2815 2494 3063 2562 gentibus
3106 2496 3231 2550 nulli
3276 2509 3427 2552 erant
3458 2541 3475 2566 ,
3528 2503 3725 2558 Antio—

2136 2583 2272 2638 chia:
2318 2594 2499 2639 autem
2530 2584 2697 2640 fuisse
2741 2596 2971 2641 constat.
3020 2586 3142 2642 Ideo
3186 2591 3575 2661 commigrent,
3618 2610 3722 2650 nec

2138 2674 2349 2729 modico
2380 2684 2622 2742 tempore
2649 2677 2805 2732 isthic
2832 2688 3067 2733 manent.
3102 2680 3508 2738 lnsurrexerunt
3534 2696 3720 2742 autem

2140 2764 2353 2835 quidam
2382 2765 2450 2819 de
2476 2766 2783 2833 Pharisaais,
2813 2768 2993 2824 adhuc
3014 2771 3321 2828 ambitionis
3344 2775 3532 2830 morbo
3563 2776 3714 2831 labo-

2144 2864 2345 2922 rantes,
2388 2863 2444 2910 et
2468 2855 2709 2911 volentes
2737 2857 2838 2911 sibi
2869 2859 3074 2914 haerere
3103 2876 3198 2916 eos
3223 2904 3238 2928 ,
3266 2863 3354 2931 qui
3381 2878 3446 2918 ex
3473 2866 3741 2933 gentibus

2143 2954 2315 3000 erant.
2348 2946 2504 3016 Atqui
2553 2955 2609 3002 et
2652 2947 2847 3004 Paulus
2887 2950 2940 3004 in
2974 2949 3089 3021 lege
3117 2951 3307 3008 doctus
3348 2963 3501 3019 erat,
3552 2971 3737 3025 neque

2144 3043 2323 3091 tamen
2353 3036 2431 3091 sic
2452 3045 2569 3091 erat
2594 3036 2821 3093 allectus
2853 3057 2866 3092 :
2898 3050 3178 3109 postquam
3204 3051 3381 3096 autem
3408 3043 3535 3099 inde
3561 3061 3726 3100 vene-

2146 3136 2259 3189 rat,
2283 3127 2393 3196 jam
2422 3125 2615 3198 dogma
2644 3138 2946 3185 accuratius
2974 3141 3109 3188 erat.
3160 3132 3292 3186 Nam
3328 3134 3375 3187 si
3419 3135 3492 3200 ii,
3522 3136 3609 3205 qui
3638 3136 3735 3190 Je-

2147 3218 2434 3289 rosolymis
2463 3229 2609 3287 sunt,
2656 3221 2787 3276 nihil
2835 3224 3139 3293 hujusmodi
3183 3227 3519 3296 przecipiunt,
3560 3230 3722 3282 multo

2148 3309 2324 3365 minus
2345 3310 2420 3366 hi.
2453 3311 2640 3367 Viden’
2673 3323 2931 3385 quotquot
2958 3316 3310 3387 principatum
3332 3333 3439 3372 non
3465 3319 3720 3385 ambiunt,

2151 3402 2202 3457 in
2234 3401 2338 3457 fide
2360 3403 2638 3473 gaudere?
2676 3404 2792 3460 Non
2821 3407 3116 3461 ambitiosa
3148 3408 3306 3478 igitur
3349 3419 3503 3464 erant
3549 3426 3731 3464 narra-

2154 3498 2348 3564 tiones,
2376 3512 2551 3568 neque
2577 3497 2645 3554 ad
2673 3500 3107 3567 ostentationem,
3140 3501 3233 3555 sed
3263 3500 3331 3555 ad
3368 3501 3732 3556 defensionem

2156 3589 2554 3660 praedicationis
2617 3591 2865 3662 gentibus
2920 3591 3074 3647 facta:
3129 3610 3142 3646 :
3200 3593 3327 3648 ideo
3373 3594 3503 3647 nihil
3552 3593 3738 3647 dicunt

2154 3698 2340 3739 eorum
2368 3725 2383 3750 ,
2416 3699 2538 3754 quae
2563 3698 2686 3738 cum
2713 3683 2915 3739 Judazis
2940 3684 3040 3739 sibi
3067 3697 3386 3741 evenerant.
3413 3687 3600 3758 Magna
3623 3698 3740 3741 erat

2156 3776 2448 3844 pertinacia
2478 3775 2890 3842 Pharisaeorum,
2918 3776 3007 3846 qui
3039 3776 3198 3831 etiam
3231 3788 3345 3846 post
3376 3777 3535 3833 fidem
3566 3778 3739 3847 legrm

2158 3868 2442 3921 tuebantur
2465 3906 2480 3929 ,
2507 3880 2606 3921 nec
2630 3867 3073 3936 obtemperabant
3106 3869 3380 3937 apostolis.
3416 3869 3523 3923 Sed
3571 3868 3692 3923 vide
3719 3910 3735 3932 ,

2158 3976 2316 4028 qtlant
2376 3968 2651 4015 mansuete
2710 3975 2809 4015 nec
2855 3975 2975 4015 cum
3031 3961 3348 4017 auctoritate
3393 3963 3679 4032 loquantur
3722 3976 3738 4013 :

2162 4050 2275 4106 haec
2300 4052 2497 4121 quippe
2531 4052 2777 4107 amabilia
2805 4062 2964 4120 sunt,
3001 4056 3275 4125 magisque
3301 4057 3480 4109 animo
3508 4058 3743 4126 infigun-

2163 4153 2267 4198 tur.
2296 4143 2486 4200 Viden’
2507 4158 2769 4215 nusquam
2801 4159 2923 4200 esse
2968 4149 3253 4201 verborum
3280 4150 3697 4203 ostentationem
3726 4190 3742 4214 ,

2162 4238 2254 4291 sed
2280 4252 2375 4305 per
2399 4251 2487 4291 res
2517 4237 2658 4306 ipsas
2685 4239 2767 4308 agi
2794 4247 2849 4293 et
2879 4252 2974 4309 per
2993 4238 3250 4308 Spiritum
3276 4250 3518 4295 sanctum
3542 4242 3565 4295 ?
3590 4244 3743 4296 Atta-

2165 4345 2285 4384 men
2316 4344 2437 4384 cum
2469 4339 2549 4384 tot
2570 4329 2763 4385 indicia
2792 4328 3055 4386 haberent
3079 4373 3094 4394 ,
3138 4331 3313 4386 adlmc
3341 4346 3623 4387 mansuete
3669 4336 3748 4387 lo-

2164 4431 2419 4491 quuntur.
2456 4422 2522 4476 Et
2548 4422 2671 4477 vide
2691 4463 2707 4488 ,
2751 4436 2858 4477 non
2890 4423 3139 4486 veniunt,
3168 4425 3465 4477 accusaturi
3495 4438 3624 4489 eos,
3656 4424 3750 4494 qui

2169 4512 2469 4569 Antiochiae
2517 4522 2709 4579 erant;
2754 4514 2849 4568 sed
2880 4514 3025 4568 illinc
3056 4515 3248 4569 iterum
3278 4516 3616 4569 occasionem
3656 4530 3748 4568 su-

2168 4616 2337 4661 munt.
2366 4606 2453 4662 Sic
2479 4605 2876 4662 meditabantur
2903 4605 3023 4659 aliis
3052 4620 3284 4675 prmesse
3307 4647 3321 4669 ,
3351 4606 3440 4675 qui
3491 4607 3751 4676 apostolis

2168 4698 2531 4754 nescientibus
2563 4697 2878 4767 reprehensi
2907 4710 3050 4751 sunt.
3093 4699 3343 4752 Attamen
3392 4698 3526 4752 nihil
3556 4698 3747 4754 horum

2170 4792 2242 4845 illi
2270 4790 2643 4861 protulerunt;
2675 4800 2731 4846 at
2759 4791 2849 4846 ubi
2881 4791 3193 4861 probarunt,
3224 4800 3349 4845 tunc
3380 4791 3753 4847 vehementius

2168 4885 2430 4941 scribunt.
2486 4884 2732 4955 Magnum
2786 4893 2935 4940 certe
2995 4882 3191 4953 ubique
3237 4884 3434 4937 bonum
3482 4885 3752 4954 mquitas:

2170 4978 2473 5047 aequitatem
2520 4977 2643 5031 dico
2663 5019 2680 5044 ,
2726 4991 2831 5031 non
2862 4975 3241 5046 frigiditatem;
3269 4976 3577 5043 :equitatem
3604 5015 3621 5041 ,
3651 4992 3755 5030 non

2172 5069 2530 5124 adulationem
2567 5088 2579 5121 :
2611 5069 2726 5123 haec
2769 5070 2911 5123 enim
2958 5066 3186 5120 multum
3230 5067 3369 5121 inter
3420 5082 3478 5121 se
3533 5052 3788 5121 distam.’

2247 5159 2339 5213 Ira
2370 5160 2641 5232 frenanda.
2670 5190 2740 5201 —
2766 5159 2909 5214 Nihil
2940 5158 3160 5213 Paulum
3206 5157 3561 5228 exasperabat
3587 5200 3602 5222 ,
3629 5158 3757 5211 nihil
3790 5160 3793 5163 ’

2176 5252 2419 5308 Petrum.
2448 5254 2581 5308 Cum
2615 5252 2781 5307 habes
2801 5250 3311 5315 demonstrationes,
3337 5266 3435 5305 cur
3464 5250 3761 5305 irasceris?

2176 5360 2242 5398 an
2288 5354 2345 5399 ut
2370 5345 2491 5399 illas
2520 5343 2789 5399 enerves?
2814 5343 2928 5398 Non
2956 5350 3131 5413 potest
3160 5357 3413 5412 umquam
3437 5341 3605 5395 iratus
3636 5356 3760 5411 per-

2176 5436 2412 5491 suaderi.
2459 5436 2629 5489 Etiam
2658 5434 2771 5489 heri
2801 5433 2869 5488 de
2898 5435 2973 5487 ira
3019 5432 3407 5499 disseruimus;
3438 5431 3570 5486 nihil
3617 5439 3764 5486 vetat

2177 5530 2462 5599 quominus
2512 5527 2674 5582 etiam
2726 5524 2885 5579 hodie
2941 5542 2955 5578 :
3019 5522 3274 5594 frequens
3339 5522 3478 5578 forte
3531 5520 3765 5576 hortatio

2177 5622 2447 5695 quidpiam
2490 5620 2705 5677 efﬁciet.
2739 5616 2870 5673 Nam
2894 5617 3244 5689 pharmacum
3279 5617 3388 5672 vim
3421 5613 3626 5671 habens
3665 5625 3761 5666 cu-
