4036 6220
139 317 242 382 235

146 445 312 512 λόφου
337 438 578 494 τούτου.
643 436 888 505 Πολλῆς
918 435 982 489 δὲ
1027 434 1410 504 συζητήσεως
1451 432 1801 504 γενομένης,

151 527 397 593 ἀναστὰς
421 525 654 593 Πέτρος
676 520 805 578 εἷπε
826 525 972 592 πρὸς
986 523 1206 590 αὐτούς
1225 535 1240 551 ⁶
1263 523 1505 590 Ἄνδρες
1525 519 1801 590 ἀδελφοὶ,

149 618 297 686 ὑμεῖς
321 615 681 678 ἐπίστασθε,
712 613 800 666 ὔτι
823 613 904 681 ἀφ
920 613 934 633 ’
958 609 1192 682 ἡμερῶν
1213 611 1477 680 ἀρχαίων
1501 613 1534 665 ό
1564 609 1708 675 Θεὸς
1735 609 1804 662 ἐν

150 701 274 772 ὑμῖν
312 701 641 767 ἐξελέξατο
681 698 778 755 διὰ
817 700 924 754 τοῦ
972 699 1266 768 στόματός
1289 715 1410 769 μου
1442 697 1702 754 ἀκοῦσαι
1734 697 1808 752 τὰ

151 789 279 859 ἔθνη
300 789 404 844 τὸν
420 792 618 858 λόγον
639 787 744 842 τοῦ
776 787 1146 857 εὐαγγελίου,
1177 786 1275 839 καί
1301 784 1645 841 πιστεῦσαι.
1667 785 1810 857 Ὅρα

151 876 230 931 τὸν
255 877 451 948 Πέτρον
497 875 711 931 ἄνωθεν
751 875 1154 947 κεχωρισμένον
1183 875 1279 928 τοῦ
1331 874 1678 946 πράγματος,
1713 874 1808 927 καὶ

159 965 301 1036 μέχρι
331 963 421 1018 τοῦ
470 963 571 1019 νῦν
636 963 988 1028 ίουδαῖζοντα.
1032 962 1231 1031 Ὑμεῖς
1264 962 1614 1028 ἐπίστασθε,
1651 963 1804 1032 φησί.

157 1051 288 1123 [⁸249]
310 1053 570 1125 Παρῆσαν
593 1053 730 1116 ἴσως
759 1053 854 1106 καὶ
887 1051 933 1105 οἱ
961 1050 1352 1119 ἐγκαλέσαντες
1379 1049 1527 1122 αὐτῷ
1551 1051 1644 1103 ἐπὶ
1669 1052 1810 1120 Κορ-

159 1143 316 1214 νηλίου
356 1143 545 1208 πάλαι,
603 1143 700 1197 καὶ
753 1140 1083 1205 εἰσελθόντες
1127 1142 1244 1212 μετ’
1288 1139 1493 1193 αὑτοῦ·
1530 1139 1619 1193 διὰ
1653 1139 1810 1192 τοῦτο

160 1230 328 1294 αὐτοὺς
375 1231 616 1303 παράγει
664 1229 970 1301 μάρτυρας.
1023 1229 1150 1298 Ἀφ’
1179 1224 1418 1296 ἡμερῶν
1439 1227 1705 1296 ἀρχαίων
1740 1227 1811 1282 ἐν

158 1319 278 1389 ὑμῖν
307 1324 336 1375 ό
365 1321 502 1388 Θεὸς
526 1320 876 1387 ἐξελέξατο.
914 1319 978 1371 Τί
1008 1320 1177 1381 ἐστιν,
1219 1319 1322 1371 Ἐν
1350 1317 1525 1386 ὺμῗν;
1567 1318 1724 1370 Ἤτοι
1753 1319 1810 1370 ἐν

160 1407 457 1481 Παλαιστίνῃ
483 1450 498 1473 ,
538 1410 742 1480 φησιν,
773 1407 808 1478 ἢ
845 1406 1131 1478 παρόντων
1166 1405 1343 1475 ὑμῶν.
1375 1407 1478 1459 Διά
1528 1405 1633 1458 τοῦ
1667 1406 1810 1458 στό-

152 1496 316 1562 ματός
333 1513 468 1564 μου.
503 1497 652 1566 Ὅρα
681 1494 801 1558 πῶς
820 1494 1059 1546 δείκνυσι
1081 1493 1171 1546 τὸν
1202 1492 1332 1545 Θεὸν
1359 1491 1424 1544 δι’
1451 1491 1614 1546 αὐτοῦ
1643 1492 1807 1560 φθεγ-

156 1583 370 1652 γόμενον,
401 1585 492 1637 καὶ
517 1584 675 1636 οὐδὲν
701 1581 1060 1653 ἀνθρώπινον.
1120 1580 1228 1634 Καὶ
1264 1583 1296 1634 ό
1326 1578 1805 1656 καρδιογνώστης

155 1671 282 1737 Θεὸς
303 1672 707 1740 ἐμαρτύρησεν
727 1669 950 1736 αὐτοῖς.
997 1669 1118 1722 Ἐπὶ
1146 1669 1245 1738 τὴν
1275 1668 1650 1739 πνευματικὴν
1677 1668 1806 1720 ἀνά-

153 1775 230 1827 γει
281 1760 560 1831 μαρτυρίαν
620 1758 843 1821 αὐτούς.
877 1756 1028 1823 Δοὺς
1073 1755 1278 1822 αὐτοῖς
1335 1756 1401 1808 τὸ
1458 1755 1700 1824 Πνεῦμα
1739 1755 1804 1806 τὸ

153 1841 327 1910 ἅγιον,
376 1847 554 1913 καθὼς
587 1845 691 1897 καί
735 1841 900 1912 ἡμῖν.
931 1841 1072 1912 Ὅρα
1123 1840 1235 1902 πῶς
1264 1852 1287 1878 8
1328 1839 1606 1909 πανταχοῦ
1637 1837 1808 1903 ἐξισοῖ

152 1928 213 1983 τά
239 1930 374 2001 ἔθνη.
411 1933 513 1985 Καὶ
568 1930 760 1984 οὐδὲν
806 1929 1066 1997 διέκρινε
1113 1927 1338 1998 μεταξὺ
1372 1925 1543 1996 ἡμῶν
1586 1945 1649 1981 τε
1708 1927 1805 1980 καὶ

150 2015 342 2080 αὐτῶν,
388 2018 460 2088 τῇ
517 2020 730 2072 πίστει
780 2016 1114 2084 καθαρίσας
1150 2015 1251 2081 τὰς
1286 2015 1536 2084 καρδίας
1583 2014 1802 2069 αὐτῶν.

161 2106 273 2160 Ἀπὸ
311 2107 402 2179 τῆς
452 2108 698 2171 πίστεως
759 2107 949 2179 μόνης,
1005 2106 1160 2176 φησὶ,
1197 2104 1306 2157 τῶν
1355 2104 1535 2158 αὐτῶν
1593 2105 1801 2176 ἔτυχον.

154 2194 396 2250 Κάκείνων
446 2195 632 2250 ταῦτα
666 2195 1026 2265 ἐντρεπτικά·
1063 2193 1263 2264 μᾶλλον
1300 2191 1356 2246 δὲ
1390 2193 1483 2248 καὶ
1511 2192 1752 2257 ἐκείνους
1777 2194 1804 2233 δ

152 2280 322 2347 διδάξαι
345 2283 599 2346 δύναται,
629 2283 712 2336 ὅτι
738 2281 975 2346 πίστεως
1011 2281 1091 2333 δεἰ
1121 2281 1326 2351 μόνης,
1365 2280 1462 2334 καὶ
1491 2279 1591 2332 οὐκ
1627 2279 1806 2351 ἔργων

154 2370 250 2422 οὐδὲ
289 2372 616 2444 περιτομῆς.
673 2371 749 2423 Οὐ
800 2369 907 2440 γὰρ
942 2368 1006 2439 δὴ
1040 2369 1178 2440 ὑπὲρ
1233 2367 1342 2421 τῶν
1391 2367 1560 2421 ἐθνῶν
1608 2367 1806 2422 ἀπολο-

155 2457 365 2529 γούμενοι
411 2461 602 2515 ταῦτα
640 2459 863 2528 λέγουσι
911 2457 1094 2527 μόνον,
1147 2455 1287 2509 ἀλλά
1332 2455 1620 2520 κάκείνους
1675 2473 1804 2509 παι-

154 2546 352 2613 δεύοντες
388 2547 710 2617 ἀποστῆναι
755 2546 849 2601 τοῦ
895 2546 1083 2616 νόμου.
1127 2544 1290 2598 Ἀλλά
1334 2545 1474 2608 τέως
1513 2542 1666 2598 οὔπω
1719 2543 1806 2597 λέ-

155 2651 277 2702 γουσι
301 2637 467 2692 τοῦτο.
509 2635 641 2690 [νῦν
672 2631 788 2690 οὖν
830 2633 890 2687 τί
935 2631 1236 2702 πειράζετε
1270 2633 1376 2686 τὸν
1407 2631 1558 2686 Θεὸν
1593 2629 1806 2684 ἐπιθεῖ-

152 2739 228 2775 ναι
254 2722 416 2794 ζυγὸν
451 2723 567 2777 ἐπὶ
607 2721 716 2776 τὸν
745 2720 1053 2790 τράχηλον
1096 2719 1214 2773 τῶν
1239 2718 1523 2789 μαθητῶν
1568 2718 1640 2773 ὃν
1669 2719 1806 2772 οὔτε

153 2814 194 2862 οἰ
223 2816 447 2881 πατέρες
495 2809 695 2880 ἡμῶν,
724 2811 862 2863 οὔτε
894 2808 1064 2878 ἡμεῖς
1088 2808 1430 2877 ἰσχύσαμεν
1454 2805 1767 2872 βαστάσαι
1784 2821 1805 2871 ;

162 2898 313 2955 Ἀλλά
336 2902 428 2956 διὰ
468 2899 590 2968 τῆς
621 2898 862 2968 χάριτος
888 2897 993 2951 τοῦ
1021 2897 1243 2965 Κυρίου
1279 2894 1483 2962 Ἰησοῦ
1525 2896 1806 2950 πιστεύο-

149 3002 239 3053 μεν
279 2989 594 3058 σωθῆναι,
654 2986 785 3040 καθ’
819 2985 893 3039 ὃν
949 2985 1172 3051 τρόπον
1223 2983 1508 3040 κάκεῖνοι.
1554 2983 1619 3035 Τί
1665 2985 1803 3050 ἐστι,

153 3074 410 3144 Πειρὰζετε
448 3075 571 3129 τὸν
613 3073 800 3135 Θεόν;
837 3071 902 3126 Τί
940 3072 1244 3136 ἀπιστεῖτε,
1277 3069 1431 3140 φησὶ,
1468 3069 1545 3140 τῷ
1574 3069 1722 3141 Θεῷ;
1752 3071 1804 3124 τί

153 3163 394 3232 πειράζετε
426 3162 605 3216 αὺτὸν
628 3161 704 3224 ὡς
730 3160 828 3212 οὐκ
865 3157 1116 3230 ἰσχύοντα
1137 3157 1309 3211 σῶσαι
1329 3159 1395 3227 τῇ
1417 3156 1595 3210 πίστει
1617 3174 1632 3222 ;
1661 3159 1804 3228 ’Ἄρα

150 3250 362 3315 ἀπιστίας
423 3249 550 3303 ἐστὶ
580 3248 641 3302 τὸ
664 3247 754 3300 τὸν
778 3247 940 3318 νόμον
974 3247 1265 3317 εἰσφέρειν.
1302 3240 1433 3298 Εἶτα
1449 3245 1687 3298 δείκνυσι
1709 3245 1804 3298 καὶ

149 3337 306 3402 αὐτοὺς
335 3338 504 3392 οὐδὲν
549 3333 988 3405 ὠφελουμένους,
1030 3333 1124 3386 καὶ
1148 3333 1209 3385 τὸ
1251 3331 1361 3384 πᾶν
1404 3331 1495 3385 ἐπὶ
1528 3331 1618 3384 τὸν
1642 3331 1804 3403 νόμον

151 3427 350 3496 στρέφει,
376 3427 496 3480 οὐκ
531 3425 619 3477 ἐπ’
653 3423 871 3486 αὐτοὺς,
907 3420 1000 3476 καὶ
1022 3420 1119 3490 τὴν
1146 3419 1480 3490 κατηγορίαν
1507 3420 1804 3489 ὑποτέμνε-

147 3529 232 3567 ται.
267 3519 362 3571 ’ον
383 3517 510 3570 οὐκ
540 3512 884 3582 ἰσχύσαμεν
905 3504 1070 3579 ἡμεῖς
1101 3507 1201 3562 καὶ
1229 3510 1281 3561 οἰ
1326 3509 1581 3578 πατέρες
1610 3508 1802 3578 ἡμῶν,

149 3605 270 3670 φησὶ,
292 3603 647 3670 βαστάσαι·
693 3599 857 3655 ἀλλὰ
879 3599 977 3654 διὰ
1007 3598 1114 3668 τῆς
1163 3598 1405 3668 χάριτος
1435 3597 1540 3653 τοῦ
1578 3600 1802 3665 Κυρίου

161 3687 328 3757 Ἰησοῦ
347 3691 728 3760 πιστεύομεν
742 3686 1008 3756 σωθῆναι
1025 3688 1154 3741 καθ’
1175 3684 1248 3740 δν
1270 3685 1494 3754 τρόπον
1515 3684 1798 3739 κάκεῖνοι.

149 3775 293 3849 Πύθης
335 3779 636 3849 δυνάμεως
674 3776 837 3848 γέμει
879 3771 1053 3828 ταῦτα
1108 3772 1178 3827 τά
1233 3774 1481 3844 ῥήματαί
1547 3772 1728 3842 "Amp
1774 3773 1803 3825 δ

150 3863 322 3932 Παῦλος
344 3866 440 3921 διὰ
481 3865 698 3920 πολλῶν
732 3865 791 3916 ἐν
832 3864 899 3934 τῇ
931 3863 1065 3933 πρὸς
1108 3861 1414 3932 Ῥωμαίους
1442 3855 1562 3913 εἶπε
1583 3901 1596 3924 ,
1627 3857 1802 3914 ταῦτα

149 3954 221 4005 καὶ
246 3951 414 4019 οὗτος.
435 3955 479 4006 Ε
485 3955 504 4006 ἰ
520 3952 634 4022 γὰρ
675 3948 945 4020 Ἀϐραὰμ,
967 3949 1153 4022 φησὶν,
1173 3949 1241 4014 ἐξ
1257 3949 1446 4019 ἔργων
1465 3945 1798 4016 ἐδικαιώθη,

152 4039 246 4106 ἔχει
285 4045 592 4112 καύχημα,
648 4038 788 4095 ἀλλ’
847 4039 919 4093 οὐ
972 4037 1122 4106 πρὸς
1151 4037 1258 4090 τὸν
1293 4037 1459 4091 Θεόν.
1499 4036 1680 4108 Ὁρᾷς,
1720 4035 1800 4089 ὅτι

148 4131 317 4186 τούτων
347 4131 552 4204 μᾶλλόν
580 4131 697 4182 ἐστι
731 4125 891 4180 τοῦτο
916 4123 1280 4189 παιδευτικὸν,
1311 4124 1344 4195 ἢ
1368 4123 1632 4192 ἀπολογία
1661 4122 1799 4196 ὑπὲρ

150 4218 235 4273 τῶν
257 4222 453 4288 ἐθνῶνς
516 4219 660 4273 Ἀλλ’
699 4218 748 4271 εἰ
777 4215 876 4289 μὲν
907 4216 1078 4288 χωρὶς
1113 4216 1440 4288 προφάσεως
1483 4214 1660 4269 ταῦτα
1687 4214 1800 4268 ἕλε·

147 4323 242 4374 γεν,
295 4310 423 4374 ἴσως
455 4305 711 4379 οὐδαμῶς
766 4304 1008 4368 ὕποπτος
1052 4299 1156 4375 ἦν⁹
1202 4303 1379 4374 ἀρχῆς
1420 4303 1475 4357 δὲ
1504 4301 1800 4374 λαϐόμενος

149 4395 388 4462 ἐντεῦθεν,
417 4397 614 4450 λοιπὸν
645 4393 816 4456 ἀδεῶς
860 4391 1177 4461 φθέγγεται.
1218 4389 1332 4444 Καὶ
1369 4390 1474 4461 δρα
1520 4390 1798 4460 πανταχοῦ

148 4484 202 4537 τὰ
221 4488 358 4557 παρὰ
383 4486 494 4538 τῶν
526 4483 738 4555 ἐχθρῶν
769 4481 888 4553 μετ’
921 4479 1102 4534 αὐτῶν
1143 4479 1422 4550 γινόμενα.
1465 4481 1528 4532 Εἰ
1575 4480 1650 4550 μὴ
1690 4478 1799 4551 γάρ

148 4571 376 4642 ἐκίνησαν
407 4575 631 4638 ἐκεῖνοι,
657 4570 758 4624 οὐκ
778 4569 842 4622 ἂν
875 4567 1048 4621 ταῦτα
1074 4567 1290 4636 ἐλέχθη,
1329 4565 1436 4619 οὐδ’
1471 4567 1536 4621 ἂν
1567 4567 1635 4620 τὰ
1662 4567 1800 4637 μετὰ

147 4658 313 4715 ταῦτα.
355 4659 642 4714 Ἐντεῦθεν
684 4655 1081 4728 μανθάνουσιν,
1133 4655 1215 4708 ὅτι
1263 4656 1314 4707 εἰ
1347 4655 1441 4707 καὶ
1495 4655 1569 4726 μὴ
1627 4672 1798 4726 προσ-

147 4745 348 4811 άγεσθαι
378 4749 574 4821 ἤθελον
607 4745 674 4800 τά
701 4743 826 4815 ἐθνη
848 4784 862 4810 ,
897 4743 957 4796 οὐ
992 4743 1072 4796 δεῖ
1099 4742 1300 4804 αὐτοὺς
1344 4744 1609 4814 παρορᾷν.
1660 4743 1797 4796 Ἀλλ’

150 4831 319 4900 ἴδωμεν
365 4837 574 4891 ἀνωθεν
615 4833 684 4888 τὰ
719 4831 1004 4904 εἰρημένα.
1048 4831 1150 4885 Ἐν
1184 4829 1342 4898 ὑμῖν,
1385 4830 1568 4900 φησὶν,
1601 4829 1802 4894 ἐξελέ-

150 4915 288 4984 ξατο,
330 4924 425 4978 καὶ
458 4924 562 4992 ἀφ’
596 4918 834 4991 ἡμερῶν
857 4918 1141 4988 ἀρχαίων.
1185 4915 1357 4970 Τοῦτο
1399 4911 1542 4983 εἷπε,
1585 4916 1801 4979 δεικνὺς

151 5004 227 5057 ὅτι
253 5012 432 5076 παλαι,
461 5013 524 5064 οὐ
565 5010 681 5065 νῦν.
715 5009 789 5062 Οὐ
821 5007 1012 5081 μικρὸν
1054 5007 1112 5060 δὲ
1151 5005 1213 5059 τὸ
1259 5006 1351 5060 καὶ
1399 5004 1670 5059 Ἰουδαίων
1711 5022 1802 5058 πια

155 5100 418 5155 πεώντων
438 5099 602 5154 τοῦτο
631 5096 1071 5169 ἀποστραφῆναι.
1102 5094 1206 5150 Δύο
1231 5093 1440 5158 τούτοις
1477 5093 1506 5146 ὃ
1537 5093 1686 5162 λέγει
1711 5111 1802 5147 πι-

157 5184 366 5256 στοῦται,
394 5188 473 5260 τῷ
501 5185 680 5259 καιρῷ
706 5187 801 5240 καὶ
825 5182 1094 5260 τῷρτόπῳ.
1128 5183 1237 5238 Καὶ
1282 5183 1363 5246 τὸ,
1409 5180 1763 5246 Ἑξελέξατο
1784 5221 1799 5247 ,

160 5272 335 5338 καλῶς·
378 5277 569 5348 ῶσπερ
611 5275 699 5328 ἐπ’
743 5273 924 5329 αὐτῶν
950 5273 1050 5326 οὐκ
1101 5267 1278 5334 εἶπεν,
1318 5269 1633 5340 Ἦθὲλησεν,
1663 5269 1799 5333 ἀλλ’,

171 5353 508 5428 Ἓξελέξατο.
545 5363 720 5417 Πόθεν
752 5360 912 5414 τοῦτο
934 5359 1129 5429 δῆλον;
1178 5357 1310 5412 Ἀπὸ
1336 5355 1431 5410 τοῦ
1463 5356 1800 5427 Πνεύματος,

166 5448 320 5513 φηςίν.
342 5449 472 5506 εἶτα
506 5450 784 5507 δείκνυσιν
811 5449 932 5518 οὐχὶ
958 5447 1181 5518 χάριτος
1213 5446 1312 5501 ἀπ)
1324 5446 1419 5510 ῶς,
1447 5444 1563 5498 ἀλλ’
1599 5444 1802 5515 ἀρετῆς

171 5536 422 5611 μαρτύριον
464 5540 651 5601 αὑτοῖς
689 5535 850 5592 τοῦτο
894 5534 1179 5604 γινόμενον
1201 5575 1215 5599 ,
1261 5532 1358 5587 καὶ
1383 5533 1536 5586 οὐδὲν
1579 5531 1800 5587 ἔλαττον

171 5617 314 5686 “hic
354 5626 659 5699 παρασχόν.
711 5623 879 5677 Οὐδὲν
927 5623 1060 5693 γὰρ,
1108 5623 1261 5692 φησὶ,
1305 5620 1540 5690 διέκρινε
1596 5619 1800 5690 μεταξὺ

171 5700 292 5770 ἡμῶν
315 5728 369 5764 τε
392 5715 485 5767 καὶ
513 5711 716 5767 αὐτῶν.
747 5711 892 5781 Ἀρα
922 5708 1148 5780 καρδίας
1186 5708 1266 5760 δεῖ
1291 5705 1568 5777 πανταχοῦ
1599 5706 1801 5775 ζητεῖν.

169 5786 253 5845 Καὶ
279 5799 533 5874 εὐκαίρως
575 5797 768 5854 εἶπεν·
813 5799 876 5851 '0
915 5795 1399 5865 καρδιογνώστης
1440 5795 1584 5860 Θεὸς
1623 5795 1804 5862 ἐμιιρο

213 5908 372 5977 ξ”ορα
388 5918 486 5972 πῶς
507 5917 653 5966 deest
683 5917 734 5966 in
762 5911 1067 5977 quibusdam.
1137 5911 1168 5952 δ
1203 5907 1296 5957 Alii
1321 5907 1468 5958 ταῦτα
1496 5909 1799 5957 παιδευτικά.

162 5979 288 6021 τίνι-α
309 5978 379 6024 καὶ
402 5978 619 6036 ἐκείνους-

1081 326 1084 328 ⁷
1151 321 1218 376 ΙΝ
1248 320 1427 377 ACTA
1463 316 2271 400 APOSTOI.0RUM.:HOMIL.
2317 319 2530 374 XXXII:

3481 317 3587 372 236

1907 432 2173 500 τύρησεν
2201 434 2407 500 αὐτοῖς
2433 450 2446 464 ·
2478 433 2552 497 ὼς
2587 434 2681 488 καὶ
2706 437 2840 499 ἐκεῖ,
2865 436 2970 501 Σὺ,
3006 439 3203 504 Κύριε,
3235 437 3586 512 καρδιογνῶο

1911 533 2028 574 οντα
2054 521 2316 587 πάντων,
2345 521 2686 587 ἀνάδειξον.
2716 523 2838 577 Ὅτι
2871 523 2979 595 γὰρ
3007 525 3166 578 τοῦτο
3189 523 3456 594 βούλεται,
3484 531 3604 600 ὅρα-ι

1913 609 1967 662 ’τί
2003 609 2156 683 [250]
2192 612 2420 681 ἐπάγει·
2451 613 2535 666 ὅτι
2559 612 2752 666 Οὐδὲν
2781 612 3038 682 διέκρινε
3067 617 3298 685 μεταξὺ
3326 619 3494 688 ἡμῶν
3522 637 3594 675 τοι

1912 698 2013 755 καί
2039 699 2257 754 αὐτῶν.
2296 700 2426 754 Ὅτε
2470 694 2625 755 εἶπεν
2652 701 2832 754 αύτῶν
2861 703 2960 771 τὴν
3000 705 3308 776 μαρτυρίαν
3327 746 3340 770 ,
3374 707 3494 760 τότε
3522 707 3599 761 τὸν

1913 786 2058 857 μέγα
2090 787 2248 841 τοῦτο
2269 788 2591 858 ἐφθέγξατο,
2618 789 2756 858 ὅπερ
2787 788 2996 853 Παῦλός
3022 808 3185 858 φησιν
3204 810 3217 824 ·
3253 794 3399 848 Οὔτε
3429 812 3588 862 περι⁸

1909 874 2059 944 τομή
2112 893 2167 929 τι
2216 877 2448 945 ἰσχύει,
2493 878 2634 931 οὔτε
2665 878 3072 945 ἀκροϐυστία·
3130 880 3245 943 καὶ,
3274 881 3396 934 Ἵνα
3442 883 3588 949 τοὺς

1910 961 2019 1018 δύο
2047 965 2227 1034 κτίσῃ
2253 966 2322 1018 ἐν
2351 966 2564 1032 ἑαυτῷ.
2596 966 2821 1022 Πάντων
2861 967 3068 1020 τούτων
3097 969 3166 1021 τὰ
3209 970 3499 1040 σπέρματα
3529 975 3588 1025 ἐν

1909 1053 1976 1123 τῇ
2024 1051 2231 1123 Πέτρου
2269 1052 2583 1125 δημηγορίᾳ
2635 1057 2833 1108 κεῖται.
2883 1055 2994 1108 Καὶ
3038 1056 3139 1108 οὐκ
3161 1051 3304 1118 εἶπε,
3359 1058 3484 1110 Τῶν
3524 1061 3594 1113 ἐκ

1911 1139 2248 1210 περιτομῆς,
2287 1139 2456 1205 ἀλλὰ,
2488 1141 2952 1210 Μεταξὺιήμῶν,
2989 1143 3266 1208 τουτέστι,
3305 1145 3412 1198 τῶν
3455 1148 3594 1200 ἀπο-

1911 1227 2134 1280 στόλων.
2168 1224 2322 1292 Εἷτα,
2360 1227 2449 1282 ἵνα
2485 1227 2560 1298 μὴ
2595 1228 2722 1300 δόξῃ
2753 1227 2912 1300 ὕϐρις
2945 1224 3086 1284 εἷναι
3125 1231 3187 1284 τὸ
3230 1232 3456 1298 Οὐδὲν,
3488 1237 3595 1287 ἐπ-

1911 1314 2067 1382 άγει·
2129 1316 2336 1369 Πίστει
2373 1318 2706 1384 καθαρίσας
2769 1318 2878 1384 τὰς
2925 1319 3180 1388 καρδίας
3220 1320 3439 1376 αὐτῶν.
3480 1324 3594 1380 Καὶ

1910 1405 2124 1474 ἀναιρεῖ
2153 1404 2252 1476 τὴν
2295 1403 2549 1458 ὑπόνοιαν
2589 1404 2675 1458 διὰ
2711 1405 2924 1460 τούτου.
2968 1407 3298 1479 Ἐξεκὰθαρε
3325 1411 3594 1481 πρότερον

1908 1490 1999 1543 τὸν
2045 1492 2220 1560 λόγον,
2253 1492 2348 1546 καὶ
2384 1493 2505 1546 τότε
2547 1493 2819 1548 δείκνυσιν
2847 1495 2967 1565 οὐχὶ
3001 1496 3236 1567 πονηρὸν
3266 1497 3356 1550 τὸν
3398 1498 3588 1569 νόμον,

1909 1579 2024 1632 ἀλλ’
2053 1580 2250 1644 αὐτοὺς
2281 1580 2550 1645 ἀσθενεῖς.

1981 1667 2046 1736 β’.
2083 1668 2228 1739 Ὅρα
2268 1668 2383 1732 πῶς
2426 1672 2506 1734 είς
2547 1671 2776 1742 φοϐερὸν
2809 1671 3122 1740 κατέληξεν.
3152 1672 3318 1726 Οὐδὲν
3349 1674 3455 1728 ἀπὸ
3478 1675 3586 1730 τῶν

1911 1755 2204 1825 προφητῶν
2258 1757 2440 1820 αὐτοῖς
2491 1758 2818 1826 διαλέγεται,
2866 1759 2982 1812 ἀλλ’
3011 1758 3118 1812 ἀπὸ
3152 1761 3260 1812 τῶν
3301 1761 3590 1830 παρόντων

1909 1843 2272 1913 πραγμάτων,
2297 1838 2372 1899 ὧν
2397 1846 2549 1899 αὐτοὶ
2577 1847 2856 1918 μάρτυρες
2877 1843 3037 1918 ἦσαν.
3064 1847 3303 1910 Εἰκότως
3321 1849 3414 1902 καὶ
3433 1849 3592 1903 αὐτοὶ

1907 1929 2092 1983 λοιπὸν
2144 1933 2638 2007 ἐπιμαρτυροῦσι,
2705 1935 2797 1987 καὶ
2855 1934 2948 1987 τὸν
3011 1934 3169 2002 λόγον
3237 1936 3590 2006 ἰσχυρότερον

1909 2019 2121 2071 ποιοῦσι
2145 2023 2257 2083 τοῖς
2297 2020 2394 2092 ἥδη
2422 2023 2754 2091 γενομένοις.
2793 2023 2901 2075 Καὶ
2927 2023 3051 2093 ὅρα,
3081 2024 3138 2075 ἐν
3183 2026 3255 2094 τῇ
3288 2023 3590 2096 Ἐκκλησία

1910 2109 2186 2176 συγχωρεί
2229 2107 2444 2178 πρῶτον
2495 2108 2725 2178 ζήτησιν
2776 2109 3069 2176 γενέσθαι,
3106 2110 3199 2162 καὶ
3243 2109 3363 2162 τότε
3411 2109 3584 2177 λέγει.

1921 2194 2074 2247 Ἐπεὶ
2115 2189 2210 2248 οῦν
2261 2195 2362 2248 οὐκ
2398 2191 2538 2263 εἶπε,
2595 2197 2714 2249 Τῶν
2770 2197 2834 2250 ἐκ
2883 2197 3209 2267 περιτομῆς,
3268 2198 3426 2264 ἀλλὰ,
3467 2197 3589 2252 Τῶν

1909 2280 2077 2334 ἐθνῶν
2130 2281 2327 2348 (τοῦτο
2360 2283 2469 2355 γὰρ
2531 2283 2674 2338 κατά
2731 2285 2926 2355 μικρὸν
2981 2286 3322 2353 ἐπαγόμενον
3377 2285 3594 2353 ἐγίνετο.

1913 2369 2279 2442 ἰσχυρότερον,
2328 2373 2504 2426 ἐκεῖνο
2538 2373 2596 2427 δὲ
2637 2369 2704 2444 ἦν
2735 2374 3107 2444 πειράζοντος,
3152 2375 3201 2426 εἰ
3242 2373 3466 2427 δύναται
3493 2374 3588 2427 καὶ

1911 2459 2050 2529 μετὰ
2074 2459 2238 2530 νόμον
2268 2461 2515 2529 σῶσαι),
2550 2461 2653 2530 δρα
2697 2460 2749 2513 τί
2783 2463 2960 2515 ποιεῖ·
2989 2461 3260 2514 δείκνυσιν
3291 2461 3487 2526 αὐτοὺς
3529 2464 3590 2515 ἐν

1908 2546 2159 2618 κινδύνῳ,
2212 2548 2266 2600 εἴ
2293 2565 2353 2617 γε
2387 2549 2525 2620 ὅπερ
2555 2549 2658 2604 οὐκ
2717 2549 2936 2620 ἴσχυσεν
2963 2551 2991 2602 ὁ
3040 2551 3239 2620 νόμος,
3292 2551 3511 2620 ἴσχυσεν
3551 2551 3586 2622 ἡ

1909 2633 2123 2697 πίστις·
2172 2635 2377 2704 ταύτης
2419 2635 2476 2688 δὲ
2530 2636 2937 2707 ἐκπιπτούσης,
2984 2637 3199 2707 ἀνάγκη
3252 2637 3493 2700 αὐτοὺς⁸
3529 2639 3590 2692 ἐν

1907 2719 2152 2791 ἀπωλείᾳ
2190 2717 2350 2775 εἶναι.
2379 2721 2490 2776 Καὶ
2543 2723 2643 2776 οὐκ
2689 2719 2878 2788 εἶπεν,
2931 2723 3274 2787 ’Λπιστεῐτε,
3327 2724 3467 2796 ὅπερ
3517 2720 3588 2796 ἦν

1908 2807 2330 2893 φορτικώτερον,
2364 2810 2458 2864 καὶ
2488 2810 2664 2865 ταῦτα
2679 2811 3055 2893 ,ἐληλεγμένου
3089 2810 3183 2863 τοῦ
3237 2811 3585 2882 πράγματος.

1920 2895 2008 2950 Ἐν
2037 2895 2138 2966 μὲν
2192 2892 2287 2950 οὖν
2341 2900 2453 2961 τοῖς
2511 2892 2911 2970 Ἱεροσολύμοις
2968 2899 3069 2952 οὐκ
3116 2894 3257 2968 ⁴ἦσαν
3307 2898 3367 2962 ἐξ
3412 2899 3587 2955 ἐθνῶν

1905 2999 2069 3048 τινες,
2101 2987 2159 3038 ἐν
2185 2984 2240 3037 δὲ
2285 2985 2584 3057 Ἀντιοχείᾳ
2613 2985 2757 3048 είκὺς
2781 2981 2944 3041 εἶναι.
2981 2986 3080 3040 Διὰ
3115 2985 3273 3038 τοῦτο
3295 2985 3390 3039 καὶ
3421 2985 3586 3058 ἀπέρ-

1906 3089 2109 3142 χονται,
2142 3072 2235 3125 καὶ
2259 3072 2593 3144 διατρίϐουσι
2635 3072 2826 3143 χρόνον
2867 3073 2966 3126 οὐκ
3019 3072 3198 3140 ὀλίγον
3236 3075 3369 3125 ἐκεῖ.
3409 3073 3587 3137 Ἐξαν-

1907 3159 2144 3229 έστησαν
2199 3159 2257 3212 δέ
2309 3175 2456 3222 τινες
2490 3159 2601 3212 τῶν
2655 3161 2990 3232 Φαρισαίων,
3051 3160 3130 3213 ἔτι
3160 3159 3444 3225 νοσοῦντες
3482 3162 3584 3233 τὴν

1907 3246 2222 3318 φιλαρχίαν,
2266 3246 2362 3301 καὶ¹
2414 3247 2730 3317 βουλόμενοι
2768 3247 2904 3318 πρὸς
2938 3249 3134 3312 αὐτοὺς
3164 3249 3309 3318 ἐχειν
3357 3250 3484 3313 τοὺς
3523 3250 3583 3316 ἐξ

1905 3334 2096 3390 ἐθνῶν.
2156 3336 2349 3390 Καίτοι
2407 3337 2502 3390 καὶ
2537 3335 2748 3400 Παῦλος
2795 3337 3114 3408 νομομαθὴς
3166 3336 3255 3410 ἦν,
3312 3337 3427 3391 ἀλλ’
3482 3340 3584 3392 οὐκ

1904 3421 2109 3493 ἔπασχε
2141 3422 2328 3477 τοῦτο·
2380 3423 2569 3494 ἐπειδὴ
2611 3423 2669 3477 δὲ
2705 3424 2919 3478 ἐκεῖθεν
2959 3420 3124 3495 ἦλθε,
3166 3426 3259 3478 καὶ
3308 3425 3368 3478 τὸ
3405 3425 3601 3497 δόγμα.

1904 3510 2295 3582 ἀκριϐέστερον
2326 3511 2564 3580 ἐγένετο.
2597 3512 2661 3564 Εἰ
2685 3511 2793 3582 γάρ
2841 3513 2890 3566 οἰ
2914 3514 2973 3566 ἐν
3013 3513 3405 3583 Ἰεροσολύμοις
3430 3513 3587 3580 ὄντες

1903 3598 2054 3651 οὐδὲν
2085 3598 2326 3655 τοιοῦτον
2352 3600 2722 3664 ἐπιτάττουσι,
2769 3600 2948 3671 πολλῷ
2986 3601 3184 3671 μᾶλλον
3214 3593 3380 3655 οὗτοι.
3418 3602 3597 3674 Ὁρᾷς,

1902 3683 2017 3738 ὅσοι
2050 3683 2126 3755 μὴ
2181 3685 2526 3757 φιλαρχοῦσι,
2567 3687 2853 3758 χαίρουσιν
2891 3689 2950 3742 ἐν
2985 3691 3051 3759 τῇ
3089 3688 3306 3756 πίστει;
3337 3689 3411 3743 Οὐ
3440 3689 3587 3759 φιλο-

1901 3773 2092 3842 τιμίας
2127 3773 2306 3826 τοίνυν
2332 3778 2400 3827 τά
2439 3774 2758 3844 διηγήματα
2791 3775 2911 3828 οὐδὲ
2956 3776 3266 3842 ἐπιδείξεως
3304 3773 3375 3847 ἦν
3396 3817 3412 3843 ,
3445 3776 3597 3830 ἀλλὰ.

1903 3861 2200 3930 ἀπολογίας
2227 3860 2321 3914 τοῦ
2351 3862 2431 3925 εἰς
2469 3861 2538 3915 τὰ
2575 3861 2703 3930 ἐθνη
2743 3863 3134 3932 κηρύγματος·
3171 3863 3254 3916 διὸ
3300 3866 3396 3918 καὶ
3427 3864 3603 3920 οὐδὲν-

1901 3948 2118 4018 λέγουσι
2140 3949 2249 4002 τῶν
2274 3950 2354 4013 εἰς
2375 3949 2506 4012 τοὺς
2547 3948 2834 4013 Ἰουδαίους
2857 3950 3306 4020 συμϐεϐηκότων.
3337 3951 3514 4022 Πολλὴ
3543 3954 3578 4023 ἡ

1902 4035 2204 4108 ἐπιτριϐὴδ
2244 4034 2354 4090 τῶν
2403 4035 2749 4108 Φαρισαίων,
2793 4035 2890 4089 καὶ
2947 4036 3084 4106 μετά
3130 4035 3230 4108 τὴν
3268 4036 3450 4090 πίστιν
3497 4037 3580 4090 ἐτι

1901 4121 2335 4195 νομοθετούντων
2358 4165 2374 4192 ,
2432 4123 2526 4178 καὶ
2574 4123 2634 4178 οὐ
2691 4123 3029 4194 πειθομένων
3074 4126 3187 4188 τοῖς
3236 4122 3576 4189 ἀποστόλοις.

1914 4212 2054 4266 Ἀλλ’
2090 4212 2193 4283 ὅρα
2223 4210 2498 4280 ἐκείνους,
2534 4210 2652 4276 πῶς
2685 4211 2946 4274 ἐπιεικῶς
2975 4210 3072 4265 καὶ
3111 4213 3174 4264 οὑ
3203 4211 3342 4283 μετά
3384 4211 3580 4266 αὐθεν-

1899 4300 2051 4364 τείας
2101 4299 2480 4368 διαλέγονται·
2524 4299 2594 4353 τὰ
2647 4299 2757 4370 γὰρ
2812 4296 3039 4353 τοιαῦτα
3082 4297 3428 4370 ἐπιθυμητὰ,
3485 4301 3580 4354 καὶ

1903 4387 2120 4460 πέπηγε
2156 4388 2379 4458 μᾶλλον.
2436 4387 2600 4459 Ὁρᾷς
2641 4386 2878 4457 οὐδαμοῦ
2907 4386 3080 4456 λόγων
3116 4385 3378 4454 ἐπίδειξιν
3399 4427 3414 4454 ,
3443 4386 3579 4442 ἀλλὰ

1900 4475 1998 4548 τὴν
2032 4476 2121 4530 διὰ
2159 4475 2267 4529 τῶν
2307 4474 2668 4546 πραγμάτων,
2698 4474 2795 4546 τὴν
2821 4475 2909 4530 διὰ
2938 4473 3029 4528 τοῦ
3053 4474 3404 4545 Πνεύματος;
3439 4474 3577 4530 Ἀλλ’

1899 4565 2050 4635 ὅμως
2083 4565 2173 4617 καὶ
2201 4563 2426 4617 τοιαῦτα
2465 4561 2680 4634 ἔχοντες
2708 4565 3003 4634 τεκμήρια,
3047 4561 3126 4616 ἐτι
3157 4563 3417 4626 ἐπιεικῶς
3463 4562 3580 4618 δια-

1900 4651 2166 4722 λέγονται.
2207 4651 2315 4704 Καὶ
2359 4651 2494 4722 ὅρα·
2528 4649 2629 4703 οὐκ
2677 4649 3009 4721 ἀπέρχονται
3036 4649 3416 4714 διαϐάλλοντες
3451 4651 3580 4714 τοὺς

1903 4740 1961 4792 ἐν
2001 4739 2320 4810 Ἀντιοχείᾳ,
2340 4738 2453 4793 ἀλλ’
2481 4738 2690 4792 ἐκεῖθεν
2711 4738 2871 4792 πάλιν
2900 4738 3270 4808 λαμϐάνουσιν
3297 4739 3574 4808 ἀφορμήν.

1903 4827 2090 4892 Οῦτως
2121 4828 2393 4900 ἐμελέτων
2419 4827 2480 4880 τὸ
2518 4827 2828 4899 φιλαρχεῖν,
2855 4827 2904 4880 οἳ
2946 4826 3040 4880 καὶ
3085 4827 3186 4880 οὐκ
3216 4828 3432 4880 εἰδότων
3465 4827 3577 4882 τῶν

1903 4917 2218 4972 ἀποστόλων
2240 4917 2622 4989 ἐμέμφθησαν.
2661 4915 2802 4969 Ἀλλ’
2831 4916 2979 4985 ὅμως
3010 4913 3162 4968 οὐδὲν
3185 4913 3389 4968 τούτων
3427 4908 3576 4970 οὗτοι

1903 5006 2252 5076 προήνεγκαν
2286 5021 2299 5035 ·
2357 5005 2471 5058 ἀλλ’
2515 5006 2604 5058 ὅτε
2657 5000 2983 5068 ἀπέδειξαν,
3027 5001 3151 5055 τότε
3220 5001 3600 5074 σφοδρότερον.

1903 5093 2194 5164 γράφουσι.
2235 5091 2395 5161 Μέγα
2446 5091 2557 5163 γὰρ
2615 5092 2646 5161 ὴ
2702 5090 2971 5144 ἐπιείκεια
3040 5088 3317 5162 πανταχοῦ
3378 5091 3572 5146 καλόν·

1903 5180 2174 5234 ἐπιείκεια
2217 5179 2381 5250 λέγω,
2413 5180 2474 5233 ού
2506 5178 2816 5250 ψυχρότης·
2855 5176 3148 5243 ἐπιείκεια,
3191 5178 3252 5230 οὐ
3283 5178 3572 5233 κολακεία·

1903 5268 2038 5322 πολὺ
2063 5267 2173 5340 γὰρ
2200 5268 2371 5322 ταῦτα
2394 5267 2679 5339 διέστηκεν
2699 5267 2794 5320 ἀπ’
2821 5265 3087 5336 ἀλλήλων.

1974 5351 2140 5405 Οὐδὲν
2171 5349 2322 5424 [251]
2355 5352 2626 5422 ἐτράχυνε
2659 5348 2890 5415 Παῦλον,
2929 5349 3082 5403 οὐδὲν
3130 5348 3357 5421 Πέτρον.
3398 5351 3569 5404 Ὅταν

1905 5441 2033 5512 ἔχῃς
2069 5439 2397 5506 ἀποδείξεις,
2431 5441 2485 5494 τί
2521 5438 2716 5511 ὀργίζῃ
2745 5455 2760 5506 ;
2796 5438 2829 5510 ἢ
2870 5438 2958 5492 ἴνα
2988 5438 3081 5491 καὶ
3101 5436 3306 5500 ταύτας
3336 5437 3606 5506 ἀκύρους

1908 5511 2170 5601 ποιήσῃςς
2217 5529 2332 5582 Οὐκ
2379 5528 2494 5582 ἐστι
2529 5531 2620 5582 τὸν
2669 5526 3024 5600 ὀργιζόμενον
3053 5525 3238 5596 πεῖσαί
3267 5540 3416 5576 ποτε.
3466 5524 3574 5574 Καὶ

1906 5617 2030 5688 χθὲς
2062 5617 2191 5688 περὶ
2220 5616 2392 5688 ὀργῆς
2425 5616 2775 5688 διελέχθημεν
2798 5632 2812 5646 ⁸
2846 5614 2999 5669 οὐδὲν
3026 5613 3083 5666 δὲ
3113 5610 3309 5666 κωλύει
3347 5611 3439 5659 καὶ
3477 5609 3571 5676 τήο

1910 5723 2114 5778 μίμν’
2167 5705 2338 5776 ἡγάρ
2398 5705 2648 5777 συνέχεια
2699 5706 2828 5768 ἴσως
2863 5698 3159 5775 ἐργάσεταί
3191 5713 3265 5749 τι.
3307 5695 3415 5746 Καὶ
3465 5693 3573 5764 γὰρ

1910 5777 2198 5862 φάρμακον
2248 5795 2310 5847 τδ
2369 5793 2597 5865 δύναμιν
2623 5792 2744 5864 ἔχον
2793 5790 3054 5862 ἀφανίσαι
3106 5781 3346 5853 τραῦμα,
3391 5777 3457 5830 ἂν
3499 5780 3606 5850 μὴ

2941 5906 2970 5948 b
2998 5903 3200 5963 Quidam
3223 5896 3373 5955 πολλή
3401 5896 3448 5945 δὲ
3469 5896 3603 5949 ἐτειις.

1974 5907 2160 5990 'pl'dcm
2187 5911 2522 5975 ἐκπιπτούσης,
2569 5914 2656 5978 δρα
2679 5909 2867 5967 αὐτούς.

1917 5987 1941 6018 τ
1952 5981 1966 6028 ξ
1981 5981 2073 6030 mea.
