3950 6208
197 325 281 381 257
918 310 919 317 ‘
1113 322 1177 375 rs
1222 320 1396 376 ACTA
1439 318 1964 376 suosromnvn.
2013 318 2238 375 nomn.
2284 320 2497 376 xxx";

198 433 320 487 randi
351 431 545 486 vulnus
564 473 577 497 ,
606 432 707 486 nisi
742 431 1054 501 frequenter
1081 441 1399 502 apponatur,
1431 442 1598 486 totum
1630 447 1751 501 pcr-

197 523 272 575 dit.
314 520 392 576 Ne
419 522 615 590 putetis
645 536 741 576 vos
769 521 1117 577 condemnari
1164 538 1227 577 ex
1267 523 1530 592 frequenti
1573 524 1753 592 hiqus-

199 613 311 668 modi
356 615 605 671 oratione
651 633 667 669 :
708 616 754 670 si
802 617 944 671 enim
994 631 1091 671 vos
1137 616 1587 681 condemnarem,
1648 631 1753 668 non

199 707 520 761 concionarer
554 725 569 762 :
601 724 746 762 nunc
774 724 902 763 vero
927 718 1207 778 sperantes
1234 723 1330 763 vos
1358 709 1584 762 multum
1629 708 1755 761 hine

198 798 465 853 iuraturos
490 815 648 866 esse,
679 800 795 856 hcce
825 801 1113 870 loquimur.
1148 800 1358 856 Utinam
1392 808 1647 869 perpetuo
1689 800 1756 853 de

198 888 350 943 iisdem
380 890 732 959 loqueremur
762 906 776 943 :
813 894 1013 945 utinam
1052 892 1193 946 nulla
1224 900 1367 946 esset
1404 892 1507 945 alia
1534 892 1749 945 concio-

199 980 322 1034 nandi
348 981 568 1037 occasio
592 981 679 1036 vel
708 996 836 1037 cura
862 1022 877 1045 ,
911 997 1070 1051 quam
1098 982 1372 1051 quomodo
1399 982 1525 1035 vitia
1571 991 1753 1035 nostra

196 1085 498 1140 saperemus.
546 1073 831 1140 Quomodo
875 1076 1019 1129 enim
1063 1090 1168 1129 non
1215 1075 1508 1129 absurdum
1556 1075 1751 1139 fuerit,

196 1162 375 1232 regibus
406 1164 460 1217 in
493 1163 705 1220 deliciis
737 1165 1067 1231 viventibus,
1099 1174 1153 1220 et
1184 1173 1331 1219 tanto
1353 1165 1556 1220 honore
1576 1207 1591 1229 ,
1622 1164 1753 1219 nihil

191 1252 299 1306 aliud
348 1268 497 1308 cura:
532 1269 656 1310 esse
686 1257 767 1309 vel
800 1256 852 1309 in
883 1271 1065 1311 mensa
1088 1297 1102 1323 ,
1135 1257 1218 1310 vel
1249 1257 1356 1311 alio
1384 1259 1575 1326 quovis
1616 1265 1753 1311 tem-
1782 1302 1789 1309 .

190 1356 323 1410 pore,
347 1360 517 1413 quam
562 1347 836 1415 quomodo
870 1347 1112 1402 inimicos
1138 1348 1351 1403 vincere
1381 1356 1657 1417 oporteat,
1700 1358 1753 1403 et

190 1447 235 1485 ea
258 1432 314 1488 de
337 1449 504 1490 causa
536 1437 775 1506 quatidie
798 1447 1097 1493 conventus
1124 1453 1285 1509 agere
1306 1482 1320 1505 ,
1352 1439 1516 1495 duces
1554 1455 1616 1495 ac
1655 1441 1755 1494 mi-

189 1522 283 1577 lites
303 1526 580 1597 adlegere,
600 1527 810 1582 tributa
852 1528 1102 1598 exigere;
1143 1538 1197 1583 et
1226 1530 1279 1583 in
1307 1530 1555 1584 civilibus
1594 1531 1753 1585 rebus

194 1614 270 1668 has
292 1616 426 1671 duas
457 1627 668 1673 tantum
699 1634 787 1674 res
815 1619 1148 1675 necessarias
1176 1635 1296 1676 esse
1318 1632 1508 1691 putare
1532 1663 1545 1686 ,
1573 1630 1630 1676 ut
1654 1622 1752 1675 ini-

191 1708 290 1762 laici
333 1710 652 1777 vincantur,
683 1719 741 1766 et
778 1714 861 1766 sui
892 1713 943 1767 in
972 1728 1101 1781 pace
1128 1713 1321 1783 degant
1347 1731 1360 1766 :
1390 1728 1489 1769 nos
1518 1729 1645 1769 vero
1684 1730 1751 1769 ne

193 1815 273 1868 per
305 1803 567 1857 somnium
594 1805 815 1874 quidem
842 1805 909 1860 de
937 1806 1021 1859 bis
1052 1815 1279 1861 tractare
1303 1849 1316 1866 .
1356 1807 1451 1862 sed
1479 1808 1749 1877 quomodo

194 1905 353 1960 agrum
398 1908 671 1960 eruamus,
719 1896 989 1965 quomodo
1029 1911 1245 1962 servos,
1303 1897 1574 1967 quomodo
1620 1912 1750 1967 Opes

188 1999 450 2053 augeamus
472 2028 488 2051 ,
522 1988 767 2057 quotidie
794 1988 912 2043 sine
939 2002 1136 2043 nausea
1166 2004 1449 2053 curemus;
1490 1989 1557 2043 de
1587 1989 1749 2043 rebus

182 2086 334 2128 autem
366 2078 571 2131 nostris
600 2087 653 2131 et
686 2092 812 2132 vere
838 2079 1035 2133 nostris
1061 2094 1160 2134 nec
1186 2079 1361 2149 loqui,
1394 2094 1568 2150 neque
1615 2080 1748 2134 alios

183 2165 395 2221 dicentes
424 2168 617 2223 audire
648 2168 910 2224 velimus?
940 2170 1052 2239 Qua
1083 2170 1148 2225 de
1178 2187 1237 2224 re
1261 2186 1389 2241 ergo
1417 2171 1494 2224 vis
1515 2172 1749 2226 dissera-

184 2258 281 2310 tur?
299 2273 366 2311 an
396 2260 468 2313 de
500 2260 764 2329 prandio?
792 2260 897 2316 Sed
928 2261 1043 2316 bmc
1068 2261 1135 2317 ad
1161 2276 1361 2331 coquos
1396 2262 1549 2317 verba
1585 2263 1748 2332 perti»

182 2359 303 2402 nent.
335 2351 421 2403 An
451 2350 521 2405 de
550 2352 827 2421 pecuniis?
855 2351 958 2408 Sed
988 2351 1102 2407 haec
1128 2354 1511 2422 negotiantium
1546 2367 1670 2407 sunt
1693 2364 1746 2408 et

181 2451 540 2497 mercatorum.
568 2446 648 2497 An
671 2443 737 2498 de
756 2444 1033 2499 aediﬁciis?
1056 2444 1161 2499 Sed
1192 2444 1308 2497 haec
1328 2444 1742 2499 architectorum

182 2542 222 2582 et
245 2532 558 2586 latomorum
591 2543 734 2588 sunt.
763 2536 841 2587 An
863 2535 930 2589 de
958 2535 1143 2591 terra?
1171 2535 1274 2590 Sed
1306 2535 1419 2589 haec
1449 2536 1515 2590 ad
1544 2536 1745 2605 agrico-

181 2622 260 2676 las.
280 2622 446 2678 Nobis
470 2640 600 2680 vero
620 2626 824 2681 nullum
846 2627 988 2681 aliud
1011 2636 1094 2682 est
1114 2642 1266 2696 opus,
1297 2644 1452 2696 quam
1476 2627 1745 2697 quomodo

183 2712 368 2769 divitias
398 2732 653 2783 paremus
690 2720 903 2773 animae.
958 2718 1035 2773 Ne
1074 2733 1201 2788 ergo
1243 2718 1546 2773 fastidiosus
1590 2718 1744 2772 vobis

182 2817 335 2859 mo
366 2808 459 2860 sit.
490 2805 603 2861 Cur
629 2809 770 2863 enim
800 2809 979 2863 nullus
1017 2818 1233 2864 accusat
1267 2794 1530 2863 medicum
1557 2851 1569 2873 ,
1600 2809 1741 2879 quod

182 2909 368 2966 semper
389 2899 461 2955 de
490 2901 754 2956 medicina
781 2902 1059 2971 loquatur,
1086 2918 1259 2972 neque
1288 2902 1425 2957 alios
1466 2904 1700 2957 artiﬁces
1722 2946 1736 2970 ,

179 2991 299 3056 quod
332 2992 399 3046 de
439 3001 560 3048 arte
590 3008 685 3048 sua
712 2994 1015 3050 disserant?
1038 2995 1093 3051 Si
1124 3011 1352 3065 namque
1393 2996 1516 3050 vitia
1561 3012 1631 3051 no
1663 3006 1740 3051 tra

179 3079 243 3134 sic
276 3082 474 3137 domita
503 3093 691 3139 essent
711 3126 727 3151 ,
762 3096 821 3141 ut
850 3102 957 3142 non
986 3088 1121 3141 ultra
1150 3089 1367 3142 monitis
1411 3104 1548 3158 opus
1579 3088 1743 3143 habe-

180 3183 311 3239 rent,
335 3174 458 3242 jure
485 3176 610 3244 quis
632 3192 731 3232 nos
756 3178 1047 3243 incusaret,
1074 3179 1214 3248 quod
1239 3180 1306 3233 ad
1332 3181 1739 3234 ostentationem

181 3261 304 3330 loqui
332 3266 595 3323 vellemus
620 3285 634 3331 ;
683 3269 789 3324 imo
819 3285 991 3339 neque
1019 3270 1119 3326 sic.
1148 3269 1278 3325 Nam
1318 3272 1527 3326 etiamsi
1555 3287 1742 3328 emen-

177 3354 281 3409 data
306 3369 511 3426 essent,
539 3362 620 3416 sic
647 3377 861 3432 quoque
889 3363 1211 3419 monendum
1239 3375 1414 3431 esset,
1439 3379 1507 3419 ne
1537 3365 1745 3420 recide-

181 3459 356 3503 remus.
388 3451 603 3505 Etenim
631 3454 821 3508 medici
855 3469 958 3508 non
985 3470 1157 3524 mgros
1186 3463 1388 3508 tantum
1412 3494 1426 3517 ,
1455 3454 1550 3509 sed
1580 3456 1740 3510 etiam

182 3536 293 3595 bene
312 3543 551 3599 valentes
579 3546 945 3615 alloquuntur,
973 3546 1243 3616 librosque
1271 3546 1471 3601 habent
1494 3561 1657 3616 super
1678 3563 1741 3603 ea

179 3646 257 3695 re.
300 3647 356 3688 ut
395 3646 449 3690 et
496 3638 715 3692 morbos
760 3647 980 3699 curent.
1023 3648 1077 3693 et
1119 3638 1475 3694 valetudinem
1505 3648 1741 3695 servent.

180 3718 339 3790 Itaque
364 3729 461 3781 etsi
502 3730 619 3781 sani
661 3744 934 3795 essemus,
970 3744 1141 3799 neque
1171 3731 1249 3784 sic
1288 3731 1550 3785 absistere
1585 3744 1745 3799 opor-

178 3825 293 3869 teret
312 3858 329 3882 ,
361 3821 456 3873 sed
487 3821 666 3874 omnia
698 3821 873 3875 facere
904 3830 960 3874 ut
988 3822 1347 3876 valetudinem
1377 3836 1741 3876 servaremus.

234 3907 283 3960 3.
302 3909 611 3980 Arrogantia
625 3912 876 3981 quomodo
890 3912 1118 3965 curanda
1142 3914 1226 3976 sit,
1243 3922 1289 3965 et
1306 3912 1440 3965 unde
1454 3902 1744 3966 oriatur.—

173 3995 292 4052 ϐω
317 4010 495 4056 autem
524 4011 843 4073 (egrotenins
864 4046 878 4067 ,
908 4003 1102 4072 duplex
1130 4012 1214 4057 est
1239 4002 1524 4083 verborum
1554 4019 1744 4061 neces-

176 4093 322 4160 sitas,
355 4105 466 4150 tum
496 4107 551 4150 ut
577 4112 607 4150 a
638 4098 825 4151 morbo
851 4098 1164 4163 liberemur,
1194 4108 1303 4151 tum
1327 4106 1384 4151 ut
1410 4097 1644 4162 liberati,
1671 4114 1738 4152 ne

172 4199 370 4242 m'smn
417 4189 735 4245 incidamus.
784 4189 924 4259 Ergo
975 4188 1194 4245 curandi
1246 4189 1555 4243 metbodum
1602 4206 1744 4245 nunc

172 4284 471 4347 tractamus,
503 4294 605 4335 nec
624 4280 692 4337 de
711 4283 939 4336 sanitate
963 4282 1157 4351 agitur.
1182 4281 1462 4347 Quomodo
1482 4282 1603 4352 quis
1630 4297 1741 4335 ma-

171 4364 273 4421 lum
316 4370 418 4427 hoc
464 4372 649 4426 vitium
696 4373 1014 4427 exscindat?
1056 4372 1325 4443 quomodo
1368 4373 1741 4429 vehementem

167 4459 309 4514 sedet
344 4462 587 4517 febrem?
627 4463 915 4519 Videamus
950 4464 1093 4520 unde
1133 4474 1247 4519 orta
1294 4466 1397 4529 sit,
1430 4473 1484 4520 et
1525 4480 1740 4519 causam

168 4549 428 4607 tollamus.
461 4552 614 4609 Unde
637 4555 764 4609 oriri
792 4556 971 4609 solet?
1002 4556 1080 4609 Ex
1111 4556 1413 4625 arrogantia
1442 4566 1497 4610 et
1534 4565 1743 4612 tumore

168 4640 349 4693 ιυιιιω.
386 4643 533 4699 lianc
561 4659 695 4714 ergo
727 4660 943 4700 causam
986 4647 1268 4711 tollamus,
1302 4648 1627 4717 morbusque
1652 4663 1744 4703 sn-

169 4729 332 4788 blatus
362 4738 483 4790 erit.
510 4736 646 4803 Quid
672 4747 755 4792 est
774 4739 1112 4807 arrogantia?
1145 4739 1284 4793 unde
1314 4740 1582 4794 nascitur?
1604 4740 1740 4795 forte

167 4835 389 4895 namque
406 4827 518 4894 jam
546 4828 691 4883 aliud
717 4830 1036 4899 principium
1059 4830 1207 4884 adire
1233 4830 1616 4900 periclitamur.
1646 4830 1745 4902 lgi-

167 4922 247 4968 tlr
266 4932 427 4986 quam
453 4934 634 4974 sermo
660 4921 913 4975 indicabit
944 4922 1081 4975 viam
1110 4964 1124 4988 ,
1157 4922 1299 4976 illam
1331 4938 1639 4993 sequemur,
1685 4932 1745 4977 ut

164 5010 359 5064 Ialm
387 5011 643 5069 radicitus
680 5014 991 5068 evellamus.
1032 5013 1187 5070 Unde
1215 5030 1345 5085 ergo
1385 5016 1556 5071 oritur
1590 5032 1741 5070 arro-

164 5101 370 5164 gantia?
398 5103 478 5158 ει
508 5118 608 5167 eo,
634 5105 777 5174 quod
803 5115 985 5159 nostra
1008 5120 1114 5160 non
1146 5106 1486 5175 exploremus
1511 5123 1526 5170 ;
1555 5106 1648 5162 sed
1677 5106 1744 5161 de

164 5200 349 5247 natura
376 5196 590 5265 quidem
621 5205 778 5251 terra:
798 5238 815 5263 ,
860 5197 961 5252 etsi
991 5197 1241 5267 agricolae
1273 5212 1376 5252 non
1406 5198 1574 5252 simus
1593 5241 1609 5264 ,
1652 5214 1744 5253 cu-

164 5282 297 5341 riose
326 5288 687 5357 inquiramus,
714 5298 769 5344 et
796 5288 865 5344 de
892 5299 1078 5343 natura
1110 5289 1429 5358 plantarum,
1457 5290 1525 5345 de
1556 5302 1743 5344 natura

161 5379 266 5429 auri
294 5419 310 5437 .
342 5379 445 5441 etsi
486 5389 816 5434 mercatores
848 5394 953 5435 non
991 5382 1159 5436 simus
1184 5423 1198 5445 ,
1248 5382 1315 5437 de
1363 5382 1697 5436 vestimentis
1723 5422 1738 5447 ,

158 5465 331 5535 deque
371 5470 654 5535 omnibus;
686 5470 756 5526 de
787 5471 941 5525 nobis
969 5481 1148 5527 autem
1169 5514 1185 5541 ,
1215 5472 1387 5542 deque
1417 5482 1604 5527 natura
1646 5487 1744 5529 no-

159 5568 283 5629 stra,
316 5576 386 5618 ne
412 5563 693 5618 minimum
718 5562 933 5633 quidem
962 5578 1232 5624 curamus.
1260 5563 1327 5622 Et
1354 5565 1493 5636 quis,
1515 5564 1740 5638 inquies,

3347 330 3456 388 938

1865 431 2075 501 ignorat
2100 441 2343 488 naturam
2384 435 2581 488 suam?
2615 436 2761 490 Multi
2789 479 2803 503 ,
2852 446 2906 493 et
2935 438 3106 507 forte,
3146 443 3330 512 paucis
3349 461 3448 499 ex.

1864 524 2031 591 ecptis
2056 565 2072 587 ,
2101 538 2288 579 omnes
2318 543 2330 577 :
2363 534 2443 591 et,
2477 528 2519 580 si
2549 527 2754 595 placet,
2788 529 2912 585 hinc
2938 532 3127 587 ducam
3157 549 3443 604 argumen-

1864 625 1995 669 tum.
2040 618 2131 671 Dic
2155 618 2296 672 enim
2325 619 2474 682 mihi,
2503 619 2629 689 quid
2660 630 2742 675 est
2772 620 2973 678 homo?
3019 624 3076 679 Si
3114 624 3235 695 quis
3266 628 3437 682 inter-

1864 715 2036 776 roget,
2066 707 2177 774 Qua
2211 708 2263 761 in
2292 723 2351 763 re
2374 708 2553 763 diﬁ‘ert
2581 725 2608 763 a
2641 711 2854 766 brutis?
2880 716 3149 783 quomodo
3188 728 3445 787 cognatus

1864 808 1945 853 cst
1972 799 2312 855 etelestibus?
2356 802 2479 871 quid
2528 812 2700 871 potest
2727 821 2790 858 ex
2822 807 3034 861 homine
3064 810 3175 864 ﬁeri
3198 812 3221 865 ?
3248 827 3313 865 an
3345 828 3443 881 pn-

1862 890 1991 943 teris
2016 901 2157 947 recte
2184 894 2549 963 respondere?
2575 895 2688 949 Non
2710 898 2930 966 quidem
2955 910 3100 969 ριιιο.
3125 902 3273 958 Sicut
3295 908 3440 961 enim

1864 979 1914 1033 in
1947 984 2165 1037 materia
2194 985 2443 1053 quadam,
2472 987 2548 1040 sic
2574 997 2627 1041 et
2654 990 2705 1042 in
2734 988 2949 1045 homine
2971 995 3196 1048 materia
3226 997 3440 1065 quidem

1864 1082 1941 1124 est
1974 1071 2173 1139 homo;
2220 1083 2395 1143 potest
2434 1087 2609 1131 autem
2656 1078 2767 1133 ﬁeri
2815 1089 2868 1135 et
2901 1082 3122 1152 angelus
3164 1094 3219 1140 et
3252 1086 3441 1143 bestia.

1862 1162 2052 1216 Annon
2096 1165 2361 1220 videbitur
2402 1176 2689 1223 extraneas
2718 1169 2802 1224 hic
2842 1174 3267 1245 sermoiAtqni
3299 1193 3443 1251 εαξρο

1861 1251 2007 1307 illum
2044 1255 2096 1307 in
2124 1256 2416 1325 Scripturis
2445 1260 2686 1315 audistis.
2732 1262 2804 1317 De
2833 1266 3148 1333 quibusdam
3177 1271 3317 1325 enim
3348 1270 3445 1325 ho-

1860 1347 2090 1400 minibus
2119 1347 2395 1404 dicebatur
2423 1368 2436 1403 :
2469 1351 2691 1421 Angelus
2737 1352 2942 1408 Domini
2980 1368 3093 1411 est:
3123 1370 3170 1413 et
3209 1377 3275 1415 ea:
3298 1363 3444 1418 labiis

1858 1437 1968 1505 ejus
2012 1448 2233 1505 quterent
2267 1440 2521 1511 judicium
2562 1442 2579 1514 (
2606 1442 2834 1497 Malae/1.
2861 1445 2915 1497 ἓ.
2946 1447 3048 1511 7);
3097 1458 3152 1503 et
3181 1467 3392 1507 rursum
3421 1496 3434 1519 ,

1859 1524 2061 1580 Mittam
2090 1530 2325 1600 angelum
2370 1548 2534 1586 meum
2571 1546 2686 1587 ante
2727 1538 2909 1606 faciem
2954 1549 3090 1592 tuan:
3114 1541 3133 1611 (
3156 1541 3243 1595 Id.
3273 1545 3325 1598 5.
3359 1548 3437 1612 l):

1857 1617 1924 1671 de
1950 1619 2263 1687 quibusdam
2291 1637 2420 1677 vero
2444 1664 2458 1688 ,
2507 1623 2777 1693 Serpentes
2802 1667 2817 1691 ,
2872 1630 3126 1697 genimina
3155 1633 3439 1702 viperarum

1859 1706 2088 1778 (Matth.
2125 1710 2209 1764 12.
2239 1712 2372 1780 54η).
2418 1714 2637 1767 Demum
2664 1718 2955 1771 secundum
2998 1720 3255 1793 cujusque
3284 1739 3436 1780 usum

1858 1810 2030 1869 potest
2058 1802 2167 1857 ﬁeri
2196 1812 2250 1858 et.
2277 1805 2495 1874 angelus
2520 1816 2573 1860 et
2604 1807 2823 1861 homol.
2854 1811 2988 1875 Quid
3017 1811 3156 1875 dico,
3186 1818 3441 1885 angelus?

1856 1893 2027 1948 Etiam
2073 1895 2165 1948 Dei
2196 1896 2350 1950 ﬁlius.
2399 1897 2554 1962 Nam,
2585 1899 2658 1951 ait
2691 1916 2703 1950 :
2746 1898 2859 1969 Ego
2900 1903 3008 1955 dixi
3034 1944 3048 1967 ,
3096 1902 3186 1957 Dii
3212 1909 3350 1974 estis,
3393 1920 3440 1961 et

1854 1982 1949 2050 ﬁlii
1977 1982 2177 2037 Επειδί
2200 2001 2370 2040 omnes
2400 1986 2573 2055 (l’sal.
2602 1988 2689 2042 8i.
2717 1986 2794 2056 6).
2826 1989 3087 2061 Quodque
3114 1995 3287 2064 majus
3315 2007 3395 2050 est
3422 2040 3434 2061 ,

1854 2082 2168 2142 potestatem
2200 2078 2423 2145 accepit,
2451 2087 2506 2131 ut
2534 2077 2622 2131 ﬁat
2648 2087 2703 2132 et
2732 2080 2893 2133 homo
2920 2090 2974 2134 et
2998 2085 3219 2152 angelus
3257 2096 3312 2139 et
3345 2086 3435 2141 Dei

1854 2162 2015 2217 ﬁlius.
2055 2166 2148 2219 list
2176 2166 2343 2219 homo"
2365 2177 2419 2221 et
2447 2168 2621 2235 angeli
2649 2168 2879 2223 creator.
2924 2169 3175 2227 Fortasse
3205 2190 3300 2228 vos
3332 2176 3440 2230 hoe

1851 2252 2049 2308 dictum
2081 2257 2450 2320 perturbavit?
2481 2258 2586 2313 Sed
2616 2259 2794 2313 audite
2821 2259 3091 2316 Christum
3118 2264 3386 2319 όίοειιιιιηι
3417 2288 3427 2319 ;

1852 2341 1919 2396 1η
1942 2345 2299 2400 resurrectione
2324 2363 2493 2415 neque
2518 2332 2701 2402 nubent
2741 2366 2899 2419 neque
2922 2354 3104 2421 nuptui
3129 2354 3395 2408 tradentur
3418 2399 3449 2420 ,.

1849 2435 1941 2488 sed
1966 2444 2081 2489 sunt
2106 2438 2231 2489 sicut
2260 2438 2473 2506 angelil
2498 2438 2625 2492 Luc.
2668 2440 2757 2495 ‘20.
2812 2440 2900 2495 35.
2932 2442 3002 2496 36
3025 2441 3042 2513 )
3069 2460 3082 2509 ;
3116 2453 3170 2498 et
3198 2461 3433 2510 rursum,

1854 2528 1953 2594 Qui
1977 2540 2135 2597 potest
2158 2544 2358 2600 capere,
2388 2533 2556 2601 capiat
2584 2532 2798 2600 (Matth.
2831 2534 2919 2589 I9.
2948 2534 3075 2606 12).
3122 2536 3175 2589 In
3228 2554 3437 2592 summa

1851 2618 2019 2672 virtus
2052 2621 2273 2689 angelos
2313 2620 2439 2676 facit
2470 2643 2482 2678 :
2514 2624 2679 2677 virtus
2721 2626 2772 2677 in
2806 2634 2985 2679 nostra
3020 2635 3284 2695 potestate
3312 2640 3431 2683 est:

1850 2723 1979 2779 ergo
2001 2710 2219 2779 angelos
2242 2726 2525 2780 possumus
2548 2728 2754 2781 creare,
2786 2717 2887 2769 etsi
2917 2731 3020 2771 non
3051 2727 3259 2783 natura,
3286 2730 3444 2775 certe

1852 2804 2141 2871 proposito.
2189 2804 2393 2860 Virtute
2421 2820 2647 2875 namque
2671 2807 2896 2863 absente
2923 2849 2936 2874 ,
2971 2810 3102 2863 nihil
3149 2812 3386 2880 proderit
3410 2854 3427 2879 ,

1848 2896 1892 2948 si
1928 2896 2016 2964 qui
2046 2895 2205 2949 etiam
2237 2897 2459 2967 angelus
2503 2908 2687 2952 natura
2718 2897 2878 2953 fuerit
2906 2916 2920 2965 ;
2968 2900 3018 2954 id
3049 2903 3189 2971 quod
3226 2919 3291 2958 ex
3321 2903 3437 2958 dia-

1848 2984 1972 3039 bolo
2019 2985 2219 3054 liquet,
2268 2989 2355 3056 qui
2400 2995 2525 3042 ante
2566 2988 2788 3057 angelus
2832 2988 2930 3043 fuit
2962 3007 2975 3043 :
3012 2992 3206 3047 virtute
3249 3006 3426 3048 autem

1849 3088 2113 3145 praesente
2133 3118 2147 3143 ,
2192 3078 2320 3132 nihil
2348 3078 2528 3133 damni
2555 3088 2641 3134 est
2665 3080 2936 3135 hominem
2965 3097 3084 3136 esse
3113 3094 3301 3138 natura
3321 3127 3334 3149 ,
3374 3096 3433 3139 ut

1848 3184 1915 3224 ex
1956 3169 2164 3226 Joanne
2188 3172 2277 3241 qui
2310 3171 2470 3226 homo
2504 3182 2656 3238 erat,
2702 3183 2756 3228 et
2785 3189 2849 3227 ex
2897 3174 3008 3229 Elia
3049 3175 3213 3245 liquet
3247 3178 3335 3246 qui
3379 3180 3429 3232 in

1848 3261 2039 3315 caelum
2064 3262 2336 3330 ascendit,
2365 3277 2429 3317 es
2462 3263 2814 3333 omnibusque
2840 3264 2931 3334 qui
2961 3280 3027 3319 eo
3055 3266 3254 3320 abituri
3286 3281 3426 3321 sunt.

1848 3350 1913 3405 lli
1942 3367 2166 3423 namque
2190 3354 2314 3408 licet
2339 3355 2620 3423 corporei,
2662 3369 2768 3408 non
2798 3354 3149 3423 prohibentur
3192 3357 3431 3412 habitare

1849 3444 2077 3510 cadum;
2118 3445 2189 3499 illi
2222 3459 2349 3500 vero
2373 3445 2674 3515 incorporei
2699 3445 2862 3511 licet,
2904 3461 3009 3501 non
3054 3454 3341 3516 potuerunt
3379 3450 3452 3503 in.

1848 3535 1980 3591 calo
2025 3551 2261 3592 manere.
2302 3537 2471 3593 Nemo
2518 3538 2675 3608 igitur
2721 3548 2947 3610 angatur
2992 3540 3075 3593 vel
3128 3541 3432 3612 indignetur

1849 3639 2033 3685 contra
2061 3641 2303 3686 naturam
2335 3634 2488 3703 quasi
2516 3634 2587 3688 ab
2612 3633 2699 3688 illa
2728 3634 3080 3706 impediatur,
3111 3635 3207 3691 sed
3247 3644 3433 3690 contra

1850 3722 2182 3791 propositum
2209 3724 2516 3779 voluntatis.
2556 3724 2667 3781 Leo
2706 3726 2952 3781 diabolus
2996 3727 3217 3783 allectus
3244 3737 3327 3783 est
3361 3744 3427 3782 es

1850 3816 2162 3886 incorporeo
2195 3834 2208 3870 :
2241 3817 2379 3873 Ecce
2401 3858 2417 3881 ,
2451 3819 2654 3887 inquit,
2686 3819 3024 3875 Adversarius
3053 3831 3222 3875 noster
3247 3821 3426 3874 diaba-

1849 3909 1930 3961 lus
1957 3919 2209 3977 tamquam
2233 3909 2311 3962 leo
2338 3910 2541 3980 rugiens
2568 3911 2765 3977 circuit,
2794 3927 3025 3980 quarens
3050 3927 3197 3981 quem
3224 3912 3427 3965 deuoret

1852 4000 1924 4071 (l.
1954 4000 2072 4055 Pet.
2100 4001 2155 4056 5.
2187 4000 2265 4072 8);
2311 4015 2411 4056 nos
2446 4002 2618 4071 angeli
2647 4016 2676 4054 a
2714 4003 3050 4073 corporibus.
3100 4001 3170 4058 Ut
3204 4005 3345 4058 enim
3386 4007 3445 4057 si

1850 4094 1968 4165 quis
1996 4094 2225 4164 pretiosa
2253 4094 2466 4149 inventa
2508 4094 2728 4150 materia
2752 4134 2767 4161 ,
2814 4110 2937 4150 cum
2967 4110 3071 4150 non
3100 4095 3169 4149 sit
3198 4095 3386 4148 artifex
3413 4136 3427 4160 ,

1850 4196 1903 4240 et
1929 4185 2073 4239 illam
2098 4184 2357 4255 despiciat
2376 4199 2569 4256 magno
2585 4184 2815 4240 afﬁcitur
2835 4184 3054 4252 damno,
3082 4186 3196 4240 sive
3220 4200 3423 4255 marga-

1850 4276 1980 4331 ritas
1999 4317 2014 4342 ,
2059 4277 2172 4331 sive
2201 4276 2425 4331 uniones
2444 4317 2460 4343 ,
2508 4276 2622 4331 sive
2646 4276 2773 4346 quid
2802 4276 2977 4332 simile
3016 4277 3277 4345 repererit
3310 4294 3322 4328 :
3352 4278 3431 4331 sic

1850 4378 1906 4423 et
1948 4383 2046 4423 nos
2087 4369 2131 4422 si
2176 4369 2478 4438 ignoremus
2520 4378 2761 4424 naturam
2811 4378 3051 4424 nostram
3079 4412 3092 4435 ,
3140 4369 3435 4423 admodum

1852 4460 1994 4513 illam
2025 4459 2382 4529 deSpiciemus
2407 4479 2421 4526 ;
2454 4460 2499 4515 si
2531 4476 2658 4515 vero
2688 4475 2974 4516 noscamus
3003 4460 3021 4531 (
3048 4460 3194 4515 Psal.
3224 4462 3277 4517 8.
3307 4461 3385 4534 6)
3417 4504 3429 4523 .

1851 4551 2072 4605 multum
2102 4549 2471 4606 adhibebimus
2496 4552 2749 4617 studium,
2777 4561 3096 4623 etmagnum
3119 4554 3324 4607 lucrum
3351 4568 3436 4608 rc-

1852 4644 2198 4712 portabimus.
2228 4645 2303 4697 Ex
2332 4642 2429 4699 hac
2456 4644 2600 4699 enim
2632 4644 2832 4713 regium
2860 4643 2919 4697 ﬁt
2947 4644 3345 4709 indumentum,
3369 4660 3439 4698 ex-

1854 4734 1953 4789 hac
1977 4735 2165 4790 domus
2182 4735 2349 4805 regia,
2374 4750 2438 4789 ex
2470 4736 2569 4790 hac
2596 4734 2739 4805 regia
2767 4735 3037 4789 membra:
3067 4736 3245 4789 omnia
3270 4736 3435 4803 regia.

1851 4827 1928 4881 Ne
1954 4836 2141 4882 natura
2167 4836 2348 4883 nostra
2370 4828 2653 4883 abutamur
2678 4828 2731 4882 in
2762 4828 3015 4882 damnum
3040 4838 3302 4883 nostrum.
3330 4828 3439 4882 Nus

1853 4937 2038 4991 parum
2070 4922 2307 4977 minores
2333 4921 2537 4991 angelis
2558 4919 2717 4987 fecit,
2747 4934 2813 4975 ex
2839 4927 3030 4983 morte,
3062 4920 3309 4989 inquam;
3340 4922 3439 4973 sed

1849 5024 2038 5084 parum
2083 5013 2211 5068 illud
2251 5014 2360 5084 jam
2410 5013 2731 5081 recepimus.
2791 5009 2932 5064 Nihil
2982 5011 3141 5081 igitur
3185 5012 3434 5080 prohibet

1851 5105 2139 5174 quominus
2166 5106 2346 5159 statim
2376 5105 2551 5175 angeli
2588 5104 2753 5158 simus
2779 5144 2793 5168 ,
2824 5102 2868 5156 si
2900 5102 3150 5157 velimus.
3195 5103 3436 5159 Velimns

1851 5214 2014 5268 ergo,
2061 5197 2323 5259 velimus.
2374 5207 2429 5253 et
2473 5212 2571 5251 nos
2622 5198 2766 5266 ipsos
2805 5195 3163 5252 exercitantes
3209 5198 3439 5267 gloriam

1855 5289 2146 5345 reteramus
2182 5290 2325 5345 Patri
2356 5298 2410 5344 et
2435 5288 2570 5344 Filio
2614 5297 2669 5343 et
2695 5287 2916 5358 Spiritui
2958 5300 3178 5356 sancto,
3214 5309 3354 5347 nunc
3383 5304 3439 5349 et

1853 5397 2084 5455 seraper,
2113 5392 2168 5439 et
2196 5383 2247 5437 in
2277 5383 2471 5437 szecula
2499 5380 2838 5437 saeculorum.
2872 5384 3067 5438 Amen.

1917 5525 1933 5550 ¹
1970 5518 2131 5580 Morel.
2157 5516 2298 5579 legit,
2324 5522 2371 5567 et
2392 5525 2517 5567 Deus
2539 5514 2763 5580 et_homo,
2788 5514 2916 5569 male
2942 5531 2957 5570 :
2984 5523 3191 5577 namLut
3215 5529 3278 5567 ex
3298 5528 3431 5567 serie

1855 5578 2029 5645 liquet,
2052 5576 2317 5642 legendum
2343 5585 2438 5641 est,
2462 5576 2677 5643 angelus.
