4036 6212
1712 376 1796 385 ..υ-.-

1224 256 1281 310 S.
1322 248 1598 311 JOANNIS
1634 248 2101 309 CHRYSOSTOMI
2140 246 2459 333 .\l‘t.ClilEP.
2498 232 3028 310 CONSTANTINOP.

1814 372 2118 385 ...ἐ-.-

2715 378 2761 385 .—

2767 378 3789 402 Ἥ

1809 435 2153 497 HOMILIA
2201 436 2500 498 XXXIII.

512 591 641 646 Cn.
684 591 771 646 15.
812 604 864 641 v.
909 587 997 641 15.
1054 584 1120 639 Et
1161 593 1426 654 postquam
1477 586 1778 640 tacuerunt,
1835 576 2101 645 respondit

578 682 824 743 Jacobus,
845 680 1018 733 dicens
1042 694 1060 732 :
1093 676 1197 730 Viri
1218 679 1421 747 fratres,
1446 673 1619 726 audite
1640 688 1735 723 me.
1759 671 1845 724 ιι.
1886 669 2093 724 Simeon

581 774 803 827 narravit
828 771 1080 843 quomodo
1107 771 1325 838 primum
1353 766 1490 821 Deus
1515 765 1729 819 visitavit
1753 804 1769 829 ,
1796 773 1850 816 ut
1875 771 2095 815 sumeret

580 882 644 920 ea:
662 865 889 936 gentibus
916 864 1159 935 p0pulum
1181 862 1234 914 in
1259 860 1462 914 nomine
1480 875 1591 912 suo.
1623 858 1711 912 15.
1738 855 1803 909 Et
1830 856 1947 908 huic
1968 871 2089 908 con-

582 966 767 1009 sonant
793 971 1045 1010 sermones
1074 954 1455 1022 praphetarum.

579 1049 633 1100 t.
675 1048 769 1100 llic
795 1046 1077 1114 episeopus
1102 1052 1219 1097 erat
1247 1043 1296 1095 in
1323 1040 1769 1110 Jerusolymitana
1808 1038 2047 1092 Ecclesia
2074 1053 2089 1088 :

507 1136 733 1206 ideoque
783 1145 1083 1204 postremus
1130 1132 1406 1202 loquitur:
1438 1141 1490 1185 et
1532 1129 1783 1198 impletur
1823 1127 1950 1182 illud
1981 1146 1992 1178 :
2022 1125 2089 1179 In

506 1244 592 1280 ore
615 1226 831 1280 duorum
852 1225 927 1279 vel
948 1225 1102 1278 trium
1124 1223 1322 1277 testium
1342 1223 1491 1276 stabit
1514 1237 1661 1275 omne
1681 1221 1881 1274 verbum
1908 1217 2085 1287 (Deut.

512 1316 595 1370 l7.
623 1316 705 1385 ὃ).
733 1314 864 1370 Vide
886 1326 1060 1369 autem
1085 1323 1140 1368 et
1166 1312 1323 1383 hujus
1345 1311 1698 1381 prudentiam,
1730 1310 1818 1381 qui
1845 1326 1908 1363 ex
1939 1309 2089 1362 novis

506 1420 559 1462 et
583 1423 649 1463 ex
677 1408 941 1462 veteribus
969 1405 1240 1476 prophetis
1263 1406 1582 1459 sententiam
1609 1419 1757 1457 suam
1785 1401 2085 1456 conﬁrmat.

502 1498 617 1552 Non
645 1499 786 1553 enim
819 1507 1022 1565 poterat
1051 1496 1267 1567 aliquod
1292 1511 1429 1565 opus
1454 1495 1742 1550 ostendere
1770 1503 1826 1547 ut
1855 1494 2045 1547 Petrus
2066 1533 2082 1557 ,

504 1601 559 1644 ut
589 1591 798 1643 Paulus.
811 1589 899 1682 .Et
924 1590 1059 1644 bene
1088 1590 1358 1657 provisum
1388 1597 1472 1643 est
1496 1629 1509 1651 ,
1539 1597 1594 1641 ut
1622 1586 1690 1641 ab
1719 1586 1822 1640 illis
1852 1585 1964 1639 lucc
1988 1585 2084 1639 lie-

504 1691 621 1734 rent
646 1723 661 1746 ,
705 1681 795 1748 qui
814 1674 934 1735 ἷιοη
965 1680 1251 1734 ltabitaturi
1279 1686 1434 1732 erant
1458 1676 1844 1748 Jerosolymis;
1874 1685 1928 1729 et
1958 1674 2041 1728 hic
2065 1713 2080 1738 ,

498 1772 589 1841 qui
628 1770 1105 1840 Jerusolymitanos
1146 1769 1411 1833 docebat,
1447 1783 1545 1823 nec
1570 1768 1838 1822 obnoxius
1868 1766 1971 1820 illis
1999 1780 2085 1819 es-

498 1870 585 1913 set
609 1902 624 1923 ,
666 1877 767 1916 nec
793 1861 1005 1915 illorum
1035 1862 1312 1915 sententia:
1340 1859 1639 1929 Oppositus.
1669 1858 1738 1911 Et
1767 1857 1891 1927 quid
1918 1857 2083 1911 dicit?

512 1951 617 2005 Viri
644 1954 848 2024 fratres,
880 1954 1053 2008 audite
1079 1970 1175 2005 me.
1209 1952 1432 2022 Symcon
1461 1953 1705 2005 narravit.
1746 1949 1969 2016 Quidam
1996 1949 2083 2002 di-

504 2053 631 2099 cunt
671 2046 810 2099 hunc
838 2044 983 2099 illum
1012 2060 1132 2099 csse
1156 2087 1168 2104 ,
1212 2046 1301 2114 qui
1344 2060 1373 2097 a
1415 2044 1554 2097 Luca
1584 2052 1948 2105 memoratur,
1990 2041 2079 2094 alii

496 2137 660 2193 alium
685 2138 1078 2206 cognominem.
1120 2137 1243 2192 Sive
1273 2136 1387 2199 hic,
1420 2137 1532 2189 sive
1561 2135 1650 2189 ille
1678 2135 1776 2196 sit,
1809 2150 1914 2188 non
1942 2133 2080 2186 ulte-

496 2228 608 2283 rius
630 2228 1029 2297 inquirendum,
1061 2228 1155 2283 sed
1182 2244 1245 2283 ea
1273 2243 1390 2298 quae
1417 2227 1546 2281 dicit
1574 2236 1630 2280 ut
1655 2225 1958 2281 necessaria
1985 2239 2079 2278 ex-

495 2319 737 2389 cipienda
774 2328 919 2373 sunt.
973 2319 1079 2372 Vict
1118 2324 1324 2390 fratres,
1369 2319 1559 2389 inquit.
1601 2318 1787 2387 Magna
1831 2317 1928 2370 viri
1959 2331 2076 2369 mo-

493 2407 702 2471 destia,
747 2416 801 2462 et
827 2407 1115 2477 perfectior
1152 2418 1232 2462 est
1282 2408 1397 2462 hme
1441 2409 1671 2471 concio,
1714 2422 1832 2476 qua:
1876 2406 2080 2460 scilicet

499 2496 660 2551 ﬁnem
687 2497 848 2552 rebus
870 2499 1126 2566 imponat.
1162 2499 1427 2565 Quomodo
1458 2499 1674 2567 primum
1704 2496 1842 2550 Deus
1860 2496 2079 2549 visitavit

493 2598 549 2641 ut
570 2598 785 2641 sumeret
810 2604 874 2643 ea:
900 2589 1129 2657 gentibus
1161 2588 1407 2658 papulum
1436 2590 1635 2643 nomine
1662 2589 1819 2643 illius.
1864 2588 1928 2639 Et
1957 2588 2077 2641 huic

492 2688 769 2732 consonant
792 2694 1043 2733 sermones
1072 2679 1455 2749 prophetarum.
1497 2680 1629 2745 Quia
1660 2680 1751 2733 ille
1776 2695 1805 2732 a
1834 2688 2077 2746 tempore

495 2780 650 2824 notus
675 2780 812 2836 erat,
842 2786 941 2824 nec
970 2770 1073 2823 lide
1098 2770 1291 2839 dignus
1318 2770 1631 2834 habebatur,
1662 2770 1803 2839 quod
1829 2769 2077 2838 antiquus

494 2880 598 2917 non
612 2874 776 2929 esset,
792 2875 1025 2920 veterem
1044 2878 1256 2933 quoque
1280 2863 1611 2933 prophetiam
1628 2863 1848 2927 inducit,
1869 2863 2071 2916 dicens:

494 2954 639 3008 Sicut
666 2956 909 3025 scriptum
935 2965 1008 3008 est
1034 2970 1053 3008 :
1085 2954 1173 3009 16.
1202 2953 1389 3009 Postea
1416 2965 1656 3020 revertar,
1685 2964 1733 3009 et
1758 2954 2075 3022 reaediﬁcabo

491 3047 867 3100 tabernaculum
899 3046 1065 3101 David
1089 3048 1224 3116 quod
1249 3048 1458 3114 decidit,
1490 3060 1537 3101 et
1558 3050 1747 3118 erigam
1777 3047 1908 3100 illud
1936 3062 1954 3099 :
1981 3048 2071 3101 l7.

490 3147 544 3190 ut
572 3139 830 3207 requirant
850 3139 1018 3193 caueri
1037 3139 1297 3191 hominum
1322 3138 1596 3191 Dominum
1616 3147 1662 3191 et
1687 3154 1858 3191 omnes
1878 3146 2069 3207 gentes,

489 3247 639 3299 super
667 3247 790 3299 quas
818 3232 1101 3285 invocatum
1127 3240 1201 3284 est
1227 3247 1405 3285 nomen
1433 3247 1617 3295 meum,
1648 3230 1772 3283 dicit
1796 3230 2069 3295 Dominus,

492 3320 577 3388 qui
625 3321 751 3391 facit
777 3322 883 3375 Iure
923 3321 1097 3373 omnia
1137 3322 1156 3391 (
1177 3320 1331 3374 Amos
1358 3320 1411 3375 9.
1456 3322 1514 3375 Η
1621 3320 1755 3387 Quid
1790 3320 1963 3390 ergo?
2004 3335 2071 3373 an

490 3422 668 3465 erecta
690 3420 774 3483 est
795 3410 1166 3483 Jerosolyma?
1202 3427 1377 3467 annon
1407 3412 1583 3481 potius
1603 3412 1775 3466 diruta
1804 3412 1899 3465 fuit
1919 3413 1943 3465 Ἰ
1967 3411 2073 3467 Sed

496 3517 600 3555 non
631 3503 713 3558 his
736 3503 805 3559 de
847 3503 1009 3557 rebus
1047 3504 1161 3572 ipse
1196 3504 1449 3574 loquitur.
1492 3504 1556 3557 Et
1593 3519 1749 3572 quam
1794 3503 1921 3557 dicit
1954 3517 2075 3557 ere-

492 3594 723 3648 CliOttCllt
740 3595 764 3647 ἲ
782 3595 911 3649 Eant
932 3611 1052 3666 qum
1065 3604 1186 3665 post
1207 3597 1549 3667 Babylonem.
1576 3597 1657 3651 18.
1688 3595 1825 3650 Nota
1843 3614 1874 3649 a
1888 3598 2073 3651 sa'culo

492 3696 609 3740 sunt
640 3686 747 3740 Deo
772 3688 941 3740 omnia
968 3704 1121 3757 Opera
1146 3705 1260 3742 sua.
1307 3688 1509 3741 Deinde
1532 3704 1689 3757 quam
1734 3688 1838 3741 ﬁde
1877 3688 2072 3758 dignus

492 3795 671 3834 sermo
696 3780 767 3834 sit
802 3780 992 3846 innuit,
1040 3781 1163 3849 quia
1204 3780 1337 3835 nihil
1384 3796 1621 3847 novum,
1670 3781 1763 3836 sed
1808 3782 1876 3836 ab
1920 3782 2071 3836 initio

493 3871 673 3925 omnia
696 3873 987 3940 praestituta
1005 3883 1149 3926 sunt.
1164 3872 1415 3942 Sequitur
1435 3873 1721 3927 sententia.
1739 3873 1826 3928 l9.
1853 3873 2074 3943 Propter

493 3962 626 4031 quod
665 3978 755 4033 ego
782 3963 964 4033 judico
989 4004 1003 4025 ,
1047 3979 1147 4017 non
1174 3963 1445 4032 inquietari
1469 3980 1584 4028 eos,
1628 3964 1713 4033 qui
1740 3980 1803 4018 ea:
1842 3964 2073 4034 gentibus

493 4062 849 4107 convertuntur
872 4054 940 4107 ad
961 4052 1149 4120 Deum,
1180 4052 1271 4109 20.
1302 4054 1388 4107 sed
1410 4053 1623 4107 scribere
1648 4055 1721 4106 ad
1742 4070 1847 4116 eos,
1877 4062 1931 4106 ut
1957 4053 2073 4106 abs-

494 4148 683 4200 tineant
723 4163 777 4201 se
812 4164 845 4200 a
880 4148 1391 4201 contaminationibus
1426 4146 1811 4199 simulacrorum
1832 4159 1882 4199 et
1910 4147 2073 4216 forni-

493 4241 689 4292 catione
714 4249 760 4292 et
782 4238 1031 4306 su/focato
1053 4250 1098 4293 et
1119 4240 1383 4309 sanguine.
1401 4239 1492 4293 2i.
1519 4238 1720 4308 Moyses
1746 4239 1876 4292 enim
1898 4255 1928 4291 a
1949 4249 2073 4293 tem-

494 4332 697 4400 poribus
716 4331 933 4399 antiquis
955 4348 1043 4399 per
1069 4348 1239 4384 omnes
1266 4332 1488 4384 civitates
1514 4331 1658 4385 habet
1678 4333 1767 4401 qui
1795 4333 2070 4401 pradicent

493 4436 606 4473 eum
632 4421 683 4473 in
708 4421 1000 4491 sgnagogis,
1027 4420 1113 4474 ubi
1133 4438 1222 4491 per
1246 4438 1395 4475 omne
1415 4422 1679 4475 sabbatum
1707 4424 1908 4493 legitur.
1937 4424 2071 4489 Quia

493 4512 567 4565 i'li
601 4528 706 4565 non
736 4510 1017 4565 audierant
1055 4511 1122 4565 de
1164 4512 1279 4581 lege
1302 4553 1317 4577 ,
1352 4513 1544 4567 merito
1579 4514 1693 4567 hare
1734 4515 1961 4584 imperat
2002 4517 2072 4569 de

493 4606 641 4675 lege,
690 4620 757 4660 ne
795 4604 1036 4659 videatur
1062 4605 1205 4659 illam
1237 4608 1518 4675 abrogare.
1562 4609 1628 4661 Et
1654 4608 1773 4661 vide
1801 4610 2072 4679 quomodo

492 4712 599 4749 non
636 4700 775 4750 sinat
816 4710 910 4750 eos
957 4696 1071 4751 lucc
1115 4712 1179 4751 ex
1226 4698 1340 4767 lege
1365 4698 1585 4763 audire,
1630 4700 1723 4767 sed
1756 4716 1819 4754 ex
1851 4702 2028 4770 seipso
2055 4744 2069 4767 ,

490 4788 677 4842 dicens
698 4830 712 4850 ,
740 4787 927 4842 Iudico
952 4806 1079 4858 ego;
1110 4790 1161 4844 id
1192 4798 1274 4843 est
1296 4831 1310 4855 ,
1339 4806 1367 4843 a
1398 4791 1602 4860 nteipso
1627 4833 1642 4858 ,
1674 4808 1777 4845 non
1811 4810 1931 4863 quia
1966 4810 2071 4847 an-

490 4883 598 4937 divi
627 4899 690 4936 ex
719 4883 852 4953 lege.
889 4884 1107 4937 Dcmum
1132 4898 1415 4938 commune
1440 4884 1630 4953 dogma
1656 4886 1942 4953 profertur.
1973 4887 2064 4940 2:2.

496 4975 640 5029 Tunc
669 4976 858 5043 placuit
884 4977 1129 5042 apostolis
1154 4986 1201 5029 ct
1226 4977 1507 5031 senioribus
1543 4988 1587 5030 et
1628 4980 1764 5030 onmi
1791 4978 2032 5033 Ecclesia?
2054 5024 2067 5045 ,

491 5067 674 5136 eligere
711 5068 843 5120 viros
872 5084 934 5121 ea:
961 5068 1062 5131 eis,
1112 5078 1161 5121 et
1192 5068 1385 5121 mittere
1413 5069 1731 5122 Antiochiam
1758 5088 1869 5123 cum
1907 5071 2070 5125 Paulo

492 5171 538 5213 et
567 5159 805 5212 Barnaba
831 5160 1022 5214 ludam
1044 5203 1059 5225 ,
1106 5162 1195 5231 qui
1219 5163 1669 5233 cognominabatur
1692 5161 1946 5215 Barsabas
1967 5205 1982 5227 ,
2024 5175 2071 5217 et

495 5252 684 5314 Silam,
711 5253 842 5305 viros
865 5255 1052 5321 primos
1073 5255 1123 5306 in
1149 5256 1415 5325 fratribus,
1438 5256 1527 5309 23.
1550 5256 1826 5310 scribentes
1849 5274 1938 5326 per
1962 5274 2073 5309 ma-

494 5358 615 5393 num
645 5357 815 5393 eorum
846 5342 973 5397 hasc.
1019 5344 1149 5397 Vide
1180 5345 1300 5397 illos
1327 5362 1429 5399 non
1466 5354 1664 5400 temere
1693 5346 1777 5398 illa
1810 5356 2068 5412 statuere;

494 5431 587 5487 sed
618 5441 674 5485 ut
703 5433 963 5487 sententia
998 5433 1099 5488 ﬁde
1128 5434 1285 5502 digna
1317 5437 1423 5497 sit,
1454 5437 1669 5490 mittunt
1700 5437 1797 5491 bos
1830 5452 1857 5492 a
1890 5453 1980 5504 se,
2018 5449 2074 5492 ut

495 5523 729 5591 s‘uSpecti
758 5538 865 5578 non
895 5536 1078 5579 essent
1109 5524 1304 5579 Paulus
1333 5534 1387 5580 ct
1414 5527 1608 5581 socius.
1653 5528 1717 5582 Et
1755 5528 1875 5583 vide
1912 5544 2071 5599 quam

492 5615 726 5690 graviter
756 5616 874 5671 illos
902 5616 1246 5686 oltjttrgantcs
1272 5617 1507 5672 scribant
1535 5637 1546 5672 :
1577 5621 1823 5690 Apostoli,
1852 5623 2070 5678 seniores

2201 586 2247 629 et
2272 576 2454 643 fratres
2478 579 2539 631 iis
2562 621 2575 637 ,
2605 583 2691 649 qui
2713 592 2831 635 sunt
2859 583 3157 647 Antiochia,
3186 587 3238 640 in
3268 588 3423 657 Syria
3451 600 3496 641 et
3524 592 3574 643 in
3609 589 3792 645 Cilicia

2201 668 2444 734 fratribus
2470 674 2555 739 qui
2581 690 2642 725 ea:
2677 676 2907 744 gentibus
2930 721 2943 739 ,
2992 680 3227 732 salutem.
3264 679 3350 733 2i.
3399 682 3652 748 Quoniam
3694 702 3791 738 an-

2199 759 2413 814 divimus
2438 763 2557 830 quia
2585 764 2790 831 quidam
2829 782 2893 819 ea:
2930 767 3073 820 nobis
3115 770 3437 824 turbaverunt
3466 788 3570 833 vos,
3616 775 3782 830 verbis

2199 861 2466 905 evertentes
2506 854 2706 908 animas
2734 867 2921 910 vestras
2942 900 2956 922 ,
2990 858 3211 913 dicentes
3239 870 3292 912 ut
3341 863 3777 918 circumcidamini

2197 954 2242 993 et
2270 945 2474 997 servetis
2508 945 2695 1016 legem,
2748 949 2927 1017 quibus
2948 967 3048 1005 non
3076 954 3445 1009 mandavimus.
3490 956 3782 1014 Sufﬁciens

2195 1042 2309 1087 erat
2338 1035 2607 1091 accusatio
2634 1040 2946 1095 temeritatis
2974 1042 3206 1108 illorum,
3243 1055 3297 1097 et
3326 1045 3481 1115 digna
3505 1050 3780 1116 apostolo-

2196 1136 2311 1175 rtuu
2333 1126 2597 1194 a-qnitate,
2645 1128 2776 1182 nihil
2821 1131 2991 1198 majus
3026 1132 3161 1186 ultra
3184 1133 3497 1189 dicentium.
3524 1138 3613 1192 25.
3648 1138 3783 1191 Pla-

2192 1214 2297 1267 cuit
2328 1216 2472 1269 nobis
2516 1217 2740 1271 collectis
2763 1219 2816 1271 in
2860 1237 3015 1273 unum
3042 1223 3224 1293 eligere
3255 1225 3386 1278 viros
3416 1236 3461 1278 et
3488 1228 3681 1281 mittere
3707 1231 3779 1283 ad

2191 1321 2297 1368 vos,
2328 1323 2439 1360 cum
2464 1309 2736 1364 carissimis
2767 1313 2952 1365 nostris
2980 1310 3219 1366 Barnaba
3243 1326 3290 1367 et
3316 1315 3501 1379 Paulo,
3529 1317 3617 1372 26.
3651 1320 3777 1374 viris

2188 1400 2281 1464 qui
2296 1398 2605 1452 tradiderunt
2627 1401 2822 1454 animas
2853 1418 2971 1455 suas
2998 1419 3091 1471 pro
3124 1405 3328 1458 nomine
3363 1405 3567 1460 Domini
3612 1412 3781 1462 nostri

2197 1489 2321 1543 Jesu
2337 1490 2542 1545 Christi.
2566 1493 2746 1564 itaque
2765 1496 3083 1560 ostenditur,
3105 1512 3209 1550 non
3231 1500 3504 1568 tyrannice
3529 1517 3641 1554 rem
3663 1504 3773 1571 agi,

2188 1582 2436 1637 ouinibus
2456 1583 2567 1638 hmc
2589 1586 2818 1654 placere.
2838 1598 2891 1641 et
2913 1587 3028 1642 haec
3041 1603 3159 1643 cum
3178 1590 3565 1647 deliberatione
3586 1594 3775 1660 scribi,

2189 1672 2421 1737 Electos,
2452 1675 2715 1742 inquiunt,
2745 1679 2886 1732 viros
2907 1694 2968 1731 ex
2996 1678 3168 1733 nobis.
3201 1680 3403 1735 Deinde
3427 1699 3493 1737 ne
3524 1684 3780 1740 videatur

2185 1781 2249 1819 ex
2280 1767 2541 1820 calumnia
2572 1768 2716 1822 Pauli
2747 1780 2798 1823 et
2830 1769 3086 1824 Barnaba:
3122 1772 3241 1837 illos
3276 1773 3409 1826 mitti
3436 1814 3449 1836 ,
3502 1778 3779 1843 perpende

2187 1856 2369 1911 laudes
2396 1858 2630 1927 ipsorum
2666 1877 2678 1913 :
2717 1858 2871 1924 Viris,
2901 1859 3166 1928 inquiunt,
3195 1864 3281 1931 qui
3308 1864 3626 1916 tradiderunt
3651 1869 3775 1919 ani-

2185 1966 2294 2003 mas
2321 1967 2439 2004 suas
2470 1968 2562 2020 pro
2591 1952 2792 2006 nomine
2822 1952 3031 2005 Domini
3058 1954 3215 2008 nostri
3244 1954 3371 2009 Jesu
3420 1957 3629 2010 Christi.
3670 1960 3769 2013 27.

2187 2038 2418 2094 Misimus
2446 2058 2564 2111 ergo
2592 2041 2784 2095 ludam
2813 2052 2862 2096 et
2890 2043 3053 2097 Silam
3078 2084 3092 2109 ,
3127 2046 3216 2113 qui
3245 2055 3291 2098 et
3322 2048 3421 2115 ipsi
3449 2049 3586 2101 vobis
3612 2052 3777 2106 verbis

2184 2134 2398 2200 referent
2426 2133 2618 2185 eadem.
2647 2132 2735 2188 28.
2792 2132 2965 2187 Visum
2997 2144 3071 2187 est
3102 2136 3232 2188 enim
3267 2136 3485 2206 Spiritui
3512 2151 3690 2193 sancto
3720 2151 3776 2195 et

2183 2221 2342 2275 nobis.
2384 2222 2523 2276 Nihil
2550 2238 2678 2292 ergo
2709 2223 2996 2278 humanum
3020 2266 3033 2287 ,
3064 2226 3107 2279 si
3135 2225 3365 2294 Spiritus
3394 2228 3508 2282 [nec
3537 2240 3767 2286 statuat.

2185 2312 2336 2368 Nihil
2364 2315 2499 2367 ultra
2526 2316 2718 2385 imponi
2750 2317 2886 2371 vobis
2912 2318 3095 2372 oneris.
3144 2318 3375 2373 Rursum
3405 2335 3540 2375 onus
3573 2334 3771 2378 vocant

2182 2404 2374 2475 legem.
2400 2405 2536 2461 Hinc
2562 2407 2626 2459 de
2655 2407 2760 2461 illis
2790 2408 2916 2474 ipsis
2943 2408 3203 2462 rationem
3233 2409 3483 2464 reddunt.
3520 2411 3637 2465 Nisi
3659 2415 3774 2467 hac

2180 2497 2483 2563 necessaria,
2536 2495 2627 2552 29.
2688 2508 2741 2551 ut
2794 2497 3084 2551 abstineatis
3136 2515 3221 2553 vos
3274 2502 3337 2553 ab
3393 2502 3667 2556 immolatis
3697 2504 3777 2555 si-

2178 2587 2534 2641 mulacrorum
2611 2597 2657 2641 et
2701 2587 2949 2653 sulfocato
2975 2598 3021 2641 et
3046 2591 3378 2661 fornicatione
3405 2600 3449 2645 et
3477 2594 3728 2663 sanguine
3751 2637 3770 2659 ,

2179 2693 2211 2729 a
2235 2676 2413 2747 quibus
2433 2679 2765 2732 custodientes
2784 2695 2889 2743 vos,
2906 2682 3026 2733 bene
3042 2681 3223 2749 agetis.
3247 2681 3371 2736 Haec
3385 2698 3513 2737 nova
3539 2684 3620 2738 lex
3655 2702 3768 2740 non

2181 2762 2460 2840 praecipit}
2505 2785 2762 2839 nusquam
2794 2772 2934 2824 enim
2963 2771 3029 2825 de
3060 2771 3141 2826 his
3174 2773 3421 2841 loquutus
3462 2784 3542 2830 est
3582 2776 3749 2830 Chri-

2178 2872 2314 2923 stus;
2340 2860 2433 2916 sed
2462 2876 2491 2913 a
2517 2862 2631 2931 lege
2660 2861 2773 2916 haec
2795 2874 3031 2916 sumunt.
3057 2862 3125 2916 Et
3150 2864 3420 2931 su/I'ocato,
3449 2868 3635 2937 inquit.
3667 2869 3771 2926 llic

2178 2952 2381 3007 caulem
2406 2953 2641 3007 cohibet.
2691 2953 2779 3007 30.
2826 2952 2918 3006 Illi
2944 2971 3062 3023 ergo
3088 2955 3287 3010 dimissi
3311 2969 3550 3011 venerunt
3577 2960 3733 3014 Antio
3752 2990 3769 3002 ο

2177 3043 2342 3097 chiam
2363 3083 2378 3106 ,
2408 3053 2454 3097 et
2478 3056 2781 3113 congregata
2818 3044 3135 3098 multitudine
3161 3086 3173 3109 ,
3230 3047 3551 3102 tradiderunt
3574 3052 3768 3118 episto-

2178 3133 2301 3187 lam.
2329 3134 2417 3187 51.
2452 3134 2615 3199 Quam
2639 3150 2749 3186 cum
2780 3134 3033 3204 legissent,
3062 3137 3222 3206 gavisi
3246 3148 3366 3191 sunt
3401 3155 3556 3207 super
3581 3156 3767 3194 conso-

2178 3226 2382 3280 latione.
2433 3225 2624 3280 Postea
2667 3236 2723 3279 ut
2752 3227 2999 3281 ostendat
3037 3224 3306 3297 quomodo
3349 3231 3472 3285 illos
3500 3234 3762 3287 consolati

2177 3319 2279 3372 sint
2301 3358 2315 3383 ,
2357 3319 2535 3372 subdit
2568 3336 2580 3371 :
2613 3318 2700 3373 52.
2750 3318 2919 3372 Iudas
2947 3330 3116 3374 autem
3138 3332 3184 3374 et
3208 3321 3351 3376 Silus
3375 3363 3390 3385 ,
3438 3335 3485 3377 et
3524 3326 3620 3395 ipsi
3644 3343 3758 3379 cum

2177 3420 2336 3463 essent
2364 3410 2651 3479 prophetat,
2699 3411 2845 3463 verbo
2876 3410 3094 3477 plurimo
3121 3413 3367 3467 consolati
3393 3426 3510 3468 sunt
3538 3420 3719 3484 fratres
3748 3458 3761 3467 .

2177 3511 2224 3554 ct
2248 3502 2689 3568 confirmaverunt.
2734 3502 2825 3558 55.
2861 3500 3024 3555 Facto
3048 3512 3214 3557 autem
3250 3504 3317 3556 ibi
3345 3506 3608 3574 aliquanto
3636 3517 3768 3559 tem-

2178 3610 2300 3664 pore
2318 3633 2335 3659 ,
2361 3593 2553 3647 dimissi
2580 3604 2695 3647 sunt
2719 3610 2833 3647 cum
2861 3609 2989 3663 pace
3019 3610 3049 3647 a
3075 3595 3320 3666 fratribus
3345 3598 3413 3648 ad
3442 3599 3725 3667 apostolos.

2246 3685 2301 3737 2.
2330 3684 2395 3737 In
2428 3683 2653 3737 Ecclesia
2680 3686 2850 3738 nullus
2875 3685 3055 3754 fastus.
3075 3685 3276 3739 ——Non
3314 3687 3446 3740 ultra
3473 3690 3770 3747 seditiones

2178 3789 2231 3832 et
2258 3793 2447 3847 pugna:
2480 3798 2491 3830 :
2522 3777 2745 3846 ideoque
2767 3778 3094 3831 conﬁrmatis
3119 3778 3225 3833 illis
3248 3822 3262 3845 ,
3287 3796 3406 3833 cum
3448 3797 3575 3849 pace
3613 3784 3767 3838 abie-

2178 3879 2303 3925 runt
2331 3887 2344 3921 :
2377 3868 2630 3923 adversus
2659 3868 2879 3923 Paulum
2910 3869 3054 3923 enim
3085 3871 3531 3926 contentiosiores
3562 3885 3716 3926 erant
3750 3893 3763 3926 :

2176 3977 2240 4015 ac
2266 3961 2459 4015 deinde
2487 3960 2681 4014 Paulus
2707 3959 2884 4014 docet.
2914 3961 3005 4015 Sic
3033 3961 3211 4014 nullus
3244 3962 3411 4015 fastus
3431 3974 3546 4016 erat
3578 3965 3630 4017 in
3664 3966 3767 4019 Ec~

2177 4054 2382 4120 clesia,
2430 4053 2524 4107 sed
2574 4054 2711 4108 bene
2758 4054 3047 4107 constituta
3093 4056 3293 4109 omnia.
3328 4054 3394 4108 Et
3435 4056 3597 4115 vide:
3647 4070 3770 4126 post

2179 4146 2393 4199 Petrum
2426 4145 2618 4199 Paulus
2647 4144 2882 4213 loquitur
2906 4184 2921 4207 ,
2950 4154 3006 4199 et
3035 4160 3194 4199 nemo
3224 4148 3464 4215 reprimit
3489 4164 3502 4211 ;
3534 4147 3771 4203 Jacobus

2178 4245 2486 4304 exspectat,
2516 4249 2615 4289 nec
2641 4234 2816 4289 exsilit
2846 4252 2860 4288 :
2897 4234 2973 4287 illi
3014 4236 3155 4289 enim
3186 4237 3512 4305 principatus
3537 4254 3779 4301 enuere;

2178 4325 2317 4380 ditus
2344 4336 2477 4380 erat.
2506 4325 2646 4380 Nihil
2674 4325 2760 4380 hic
2783 4324 3019 4380 Joannes
3042 4368 3057 4390 ,
3101 4326 3230 4379 nihil
3275 4328 3363 4380 alii
3405 4330 3630 4396 apostoli
3680 4331 3769 4383 lo-

2177 4428 2410 4489 quuntur
2432 4460 2444 4482 ,
2478 4418 2570 4473 sed
2600 4427 2819 4484 tacent,
2852 4433 2951 4473 nec
2978 4418 3355 4488 indignantur:
3380 4422 3455 4473 sic
3482 4438 3614 4474 vana
3646 4426 3735 4492 g'o

2181 4514 2256 4565 ria
2308 4511 2458 4564 vacui
2514 4509 2679 4562 animi
2729 4519 2901 4563 erant.
2954 4508 3059 4564 Sed
3104 4512 3382 4577 superiora
3437 4523 3765 4580 repetamus.

2183 4603 2459 4673 Postquam
2498 4614 2799 4669 tacuerunt,
2851 4604 3019 4672 inquit
3044 4643 3058 4665 ,
3096 4604 3355 4671 respondit
3392 4604 3615 4658 lacubus
3639 4648 3653 4671 ,
3687 4609 3743 4659 di

2176 4714 2291 4749 cens
2320 4712 2339 4750 :
2370 4696 2575 4750 Simeon
2608 4698 2829 4751 narravit
2852 4699 3100 4767 quomodo
3125 4700 3342 4769 primum
3368 4700 3500 4753 Deus
3523 4702 3765 4756 visitartt.

2180 4787 2333 4843 Initio
2359 4786 2728 4843 vehementius
2759 4788 2947 4843 l’etrus
2973 4788 3291 4858 loquebatur
3314 4832 3328 4856 ,
3355 4790 3441 4845 hic
3464 4809 3589 4845 vero
3615 4810 3772 4847 man-

2178 4884 2399 4935 suetitts.
2436 4881 2507 4935 lta
2536 4898 2749 4952 semper
2782 4883 3082 4938 faciendum
3115 4896 3197 4940 est
3226 4888 3313 4953 ei,
3347 4891 3435 4958 qui
3480 4889 3530 4942 in
3574 4905 3769 4959 magna

2180 4984 2442 5043 potestate
2480 4984 2601 5028 est:
2648 4990 2875 5029 onerosa
2923 4976 3040 5030 aliis
3083 4977 3337 5031 mittenda
3367 5021 3381 5044 ,
3430 4979 3544 5048 ipse
3587 4990 3769 5033 autem

2178 5071 2357 5123 mitius
2386 5085 2546 5139 agere
2585 5069 2766 5123 debet.
2808 5070 2977 5125 Recte
3026 5070 3202 5125 dixit:
3252 5072 3458 5126 Simeon
3500 5075 3730 5127 narravit
3755 5117 3770 5134 ,

2177 5167 2324 5229 quasi
2358 5162 2447 5215 ille
2476 5161 2701 5214 aliorum
2736 5159 2932 5215 referat
2957 5164 3298 5217 sententiam.
3335 5164 3468 5218 Vide
3495 5164 3771 5234 quomodo

2180 5252 2281 5307 hoc
2310 5252 2584 5322 antiquum
2614 5268 2736 5307 esse
2762 5254 3029 5307 ostendat.
3066 5253 3132 5307 Ut
3177 5264 3425 5321 sumeret,
3468 5255 3639 5325 inquit
3662 5297 3675 5316 .
3711 5273 3777 5311 ea:

2177 5342 2402 5412 gentibus
2434 5344 2677 5411 populum
2710 5344 2901 5395 nomini
2930 5361 3043 5397 suo.
3086 5344 3200 5398 Non
3234 5346 3406 5398 stilum
3438 5346 3643 5415 elegit,
3677 5346 3773 5399 sed

2177 5434 2336 5488 etiam
2367 5434 2568 5487 nomini
2600 5449 2738 5499 suo;
2790 5435 2842 5489 id
2879 5446 2959 5490 est
2986 5478 3000 5500 ,
3049 5437 3232 5505 gloria:
3278 5453 3406 5491 Siue.
3439 5438 3556 5492 Non
3608 5438 3775 5508 pudet

2179 5542 2371 5581 nomen
2390 5543 2542 5581 suum
2558 5542 2622 5583 ex
2639 5531 3005 5598 assumptione
3027 5531 3261 5597 gentium
3288 5530 3511 5602 gloriam
3538 5548 3735 5586 vocare
3757 5549 3775 5588 :

2180 5621 2294 5676 huic
2320 5622 2460 5675 enim
2493 5621 2662 5690 tnajor
2692 5630 2773 5676 est
2802 5622 2990 5691 gloria.
3043 5622 3135 5677 llic
3181 5638 3307 5678 vero
3347 5625 3470 5694 quid
3522 5641 3779 5695 maguum
