  <div class='ocr_page' id='page_1' title='image "/cluster/home/n/w/nwhite01/storage/ocr_20150623/60/hvd.32044073501942/247.png"; bbox 0 0 4036 6220; ppageno 0'>
   <div class='ocr_carea' id='block_1_1' title="bbox 325 233 424 290">
    <p class='ocr_par' dir='ltr' id='par_1_1' title="bbox 325 233 424 290">
     <span class='ocr_line' id='line_1_1' title="bbox 325 233 424 290; baseline -0.03 0"><span class='ocrx_word' id='word_1_1' title='bbox 325 233 424 290; x_wconf 73' lang='grc' dir='ltr'>2όί</span> 
     </span>
    </p>
   </div>
   <div class='ocr_carea' id='block_1_2' title="bbox 305 327 1978 413">
    <p class='ocr_par' dir='ltr' id='par_1_2' title="bbox 305 327 1978 413">
     <span class='ocr_line' id='line_1_2' title="bbox 305 327 1978 413; baseline -0.009 -17"><span class='ocrx_word' id='word_1_2' title='bbox 305 340 506 413; x_wconf 73' lang='grc' dir='ltr'>ἐτέρων</span> <span class='ocrx_word' id='word_1_3' title='bbox 545 337 724 410; x_wconf 74' lang='grc' dir='ltr'>λέγειν</span> <span class='ocrx_word' id='word_1_4' title='bbox 759 335 1000 407; x_wconf 84' lang='grc' dir='ltr'>γνώμην.</span> <span class='ocrx_word' id='word_1_5' title='bbox 1034 335 1176 405; x_wconf 89' lang='grc' dir='ltr'>Ὅρα</span> <span class='ocrx_word' id='word_1_6' title='bbox 1214 334 1330 398; x_wconf 89' lang='grc' dir='ltr'>πῶς</span> <span class='ocrx_word' id='word_1_7' title='bbox 1373 333 1608 386; x_wconf 88' lang='grc' dir='ltr'>δείκνυσι</span> <span class='ocrx_word' id='word_1_8' title='bbox 1663 329 1892 386; x_wconf 79' lang='grc' dir='ltr'>παλαιὸν</span> <span class='ocrx_word' id='word_1_9' title='bbox 1917 327 1978 382; x_wconf 85' lang='grc' dir='ltr'>δν</span> 
     </span>
    </p>
   </div>
   <div class='ocr_carea' id='block_1_3' title="bbox 299 417 1973 489">
    <p class='ocr_par' dir='ltr' id='par_1_3' title="bbox 299 417 1973 489">
     <span class='ocr_line' id='line_1_3' title="bbox 299 417 1973 489; baseline -0.007 -8"><span class='ocrx_word' id='word_1_10' title='bbox 299 428 480 482; x_wconf 87' lang='grc' dir='ltr'>τοῦτο.</span> <span class='ocrx_word' id='word_1_11' title='bbox 516 425 733 482; x_wconf 79' lang='grc' dir='ltr'>Λαόεῖν</span> <span class='ocrx_word' id='word_1_12' title='bbox 759 424 829 487; x_wconf 83' lang='grc' dir='ltr'>ἐξ</span> <span class='ocrx_word' id='word_1_13' title='bbox 856 420 1046 476; x_wconf 89' lang='grc' dir='ltr'>ἐθνῶν</span> <span class='ocrx_word' id='word_1_14' title='bbox 1069 420 1243 484; x_wconf 82' lang='grc' dir='ltr'>λαὸν,</span> <span class='ocrx_word' id='word_1_15' title='bbox 1271 420 1424 489; x_wconf 83' lang='grc' dir='ltr'>φησί,</span> <span class='ocrx_word' id='word_1_16' title='bbox 1463 417 1544 483; x_wconf 85' lang='grc' dir='ltr'>τῷ</span> <span class='ocrx_word' id='word_1_17' title='bbox 1583 419 1828 487; x_wconf 85' lang='grc' dir='ltr'>ὀνόματι</span> <span class='ocrx_word' id='word_1_18' title='bbox 1866 417 1973 469; x_wconf 83' lang='grc' dir='ltr'>αὑ-</span> 
     </span>
    </p>
   </div>
   <div class='ocr_carea' id='block_1_4' title="bbox 302 499 1972 583">
    <p class='ocr_par' dir='ltr' id='par_1_4' title="bbox 302 499 1972 583">
     <span class='ocr_line' id='line_1_4' title="bbox 302 499 1972 583; baseline -0.008 -16"><span class='ocrx_word' id='word_1_19' title='bbox 302 515 430 569; x_wconf 85' lang='grc' dir='ltr'>τοῦ.</span> <span class='ocrx_word' id='word_1_20' title='bbox 479 514 590 583; x_wconf 84' lang='grc' dir='ltr'>Οὐχ</span> <span class='ocrx_word' id='word_1_21' title='bbox 629 511 812 574; x_wconf 82' lang='grc' dir='ltr'>ἁπλῶς</span> <span class='ocrx_word' id='word_1_22' title='bbox 864 508 1163 573; x_wconf 79' lang='grc' dir='ltr'>ἐξελέξατο,</span> <span class='ocrx_word' id='word_1_23' title='bbox 1200 507 1334 560; x_wconf 82' lang='grc' dir='ltr'>ἀλλά</span> <span class='ocrx_word' id='word_1_24' title='bbox 1375 505 1454 576; x_wconf 84' lang='grc' dir='ltr'>τῷ</span> <span class='ocrx_word' id='word_1_25' title='bbox 1507 505 1726 574; x_wconf 73' lang='grc' dir='ltr'>ὀνόματι</span> <span class='ocrx_word' id='word_1_26' title='bbox 1773 499 1972 556; x_wconf 76' lang='grc' dir='ltr'>αὐτοῦ’</span> 
     </span>
    </p>
   </div>
   <div class='ocr_carea' id='block_1_5' title="bbox 300 589 1980 668">
    <p class='ocr_par' dir='ltr' id='par_1_5' title="bbox 300 589 1980 668">
     <span class='ocr_line' id='line_1_5' title="bbox 300 589 1980 668; baseline -0.009 -13"><span class='ocrx_word' id='word_1_27' title='bbox 300 603 564 664; x_wconf 77' lang='grc' dir='ltr'>τουτέστι,</span> <span class='ocrx_word' id='word_1_28' title='bbox 604 602 668 668; x_wconf 77' lang='grc' dir='ltr'>τῇ</span> <span class='ocrx_word' id='word_1_29' title='bbox 707 598 835 668; x_wconf 83' lang='grc' dir='ltr'>δόξῃ</span> <span class='ocrx_word' id='word_1_30' title='bbox 872 595 1059 649; x_wconf 78' lang='grc' dir='ltr'>αὑτοῦ.</span> <span class='ocrx_word' id='word_1_31' title='bbox 1094 595 1206 647; x_wconf 78' lang='grc' dir='ltr'>Ούκ</span> <span class='ocrx_word' id='word_1_32' title='bbox 1243 593 1558 662; x_wconf 81' lang='grc' dir='ltr'>αἰσχύνεται</span> <span class='ocrx_word' id='word_1_33' title='bbox 1593 591 1651 643; x_wconf 89' lang='lat'>10</span> <span class='ocrx_word' id='word_1_34' title='bbox 1683 591 1851 660; x_wconf 77' lang='grc' dir='ltr'>ὄνομα</span> <span class='ocrx_word' id='word_1_35' title='bbox 1882 589 1980 642; x_wconf 87' lang='grc' dir='ltr'>αὑ·-</span> 
     </span>
    </p>
   </div>
   <div class='ocr_carea' id='block_1_6' title="bbox 301 676 1978 756">
    <p class='ocr_par' dir='ltr' id='par_1_6' title="bbox 301 676 1978 756">
     <span class='ocr_line' id='line_1_6' title="bbox 301 676 1978 756; baseline -0.007 -17"><span class='ocrx_word' id='word_1_36' title='bbox 301 688 396 740; x_wconf 90' lang='grc' dir='ltr'>τοῦ</span> <span class='ocrx_word' id='word_1_37' title='bbox 443 689 508 756; x_wconf 78' lang='grc' dir='ltr'>τῇ</span> <span class='ocrx_word' id='word_1_38' title='bbox 541 683 807 755; x_wconf 80' lang='grc' dir='ltr'>προλήψει</span> <span class='ocrx_word' id='word_1_39' title='bbox 845 685 951 736; x_wconf 87' lang='grc' dir='ltr'>τῶν</span> <span class='ocrx_word' id='word_1_40' title='bbox 1002 681 1171 734; x_wconf 83' lang='grc' dir='ltr'>ἐθνῶν</span> <span class='ocrx_word' id='word_1_41' title='bbox 1208 679 1362 744; x_wconf 82' lang='grc' dir='ltr'>δόξαν</span> <span class='ocrx_word' id='word_1_42' title='bbox 1403 677 1602 731; x_wconf 89' lang='grc' dir='ltr'>καλῶν.</span> <span class='ocrx_word' id='word_1_43' title='bbox 1650 677 1820 730; x_wconf 88' lang='grc' dir='ltr'>Τοῦτο</span> <span class='ocrx_word' id='word_1_44' title='bbox 1869 676 1978 746; x_wconf 84' lang='grc' dir='ltr'>γὰρ</span> 
     </span>
    </p>
   </div>
   <div class='ocr_carea' id='block_1_7' title="bbox 305 764 1977 844">
    <p class='ocr_par' dir='ltr' id='par_1_7' title="bbox 305 764 1977 844">
     <span class='ocr_line' id='line_1_7' title="bbox 305 764 1977 844; baseline -0.007 -18"><span class='ocrx_word' id='word_1_45' title='bbox 305 773 504 844; x_wconf 76' lang='grc' dir='ltr'>μείζων</span> <span class='ocrx_word' id='word_1_46' title='bbox 543 771 690 838; x_wconf 86' lang='grc' dir='ltr'>δόξα.</span> <span class='ocrx_word' id='word_1_47' title='bbox 745 769 1010 823; x_wconf 85' lang='grc' dir='ltr'>Ἐνταῦθά</span> <span class='ocrx_word' id='word_1_48' title='bbox 1057 786 1109 820; x_wconf 91' lang='grc' dir='ltr'>τι</span> <span class='ocrx_word' id='word_1_49' title='bbox 1159 768 1253 821; x_wconf 82' lang='grc' dir='ltr'>καί</span> <span class='ocrx_word' id='word_1_50' title='bbox 1280 767 1426 838; x_wconf 86' lang='grc' dir='ltr'>μέγα</span> <span class='ocrx_word' id='word_1_51' title='bbox 1459 766 1775 818; x_wconf 86' lang='grc' dir='ltr'>αἰνίττεται.</span> <span class='ocrx_word' id='word_1_52' title='bbox 1819 764 1977 817; x_wconf 90' lang='grc' dir='ltr'>Ποῖον</span> 
     </span>
    </p>
   </div>
   <div class='ocr_carea' id='block_1_8' title="bbox 297 850 1978 927">
    <p class='ocr_par' dir='ltr' id='par_1_8' title="bbox 297 850 1978 927">
     <span class='ocr_line' id='line_1_8' title="bbox 297 850 1978 927; baseline -0.005 -13"><span class='ocrx_word' id='word_1_53' title='bbox 297 861 491 923; x_wconf 82' lang='grc' dir='ltr'>τοῦτο;</span> <span class='ocrx_word' id='word_1_54' title='bbox 551 859 694 923; x_wconf 83' lang='grc' dir='ltr'>Ὅτι,</span> <span class='ocrx_word' id='word_1_55' title='bbox 745 858 898 927; x_wconf 74' lang='grc' dir='ltr'>φησὶ,</span> <span class='ocrx_word' id='word_1_56' title='bbox 939 857 1043 927; x_wconf 75' lang='grc' dir='ltr'>πρὸ</span> <span class='ocrx_word' id='word_1_57' title='bbox 1087 855 1304 908; x_wconf 89' lang='grc' dir='ltr'>πάντων</span> <span class='ocrx_word' id='word_1_58' title='bbox 1359 850 1522 908; x_wconf 76' lang='grc' dir='ltr'>οῦτοι.</span> <span class='ocrx_word' id='word_1_59' title='bbox 1580 852 1740 906; x_wconf 85' lang='grc' dir='ltr'><em>Μετὰ</em></span> <span class='ocrx_word' id='word_1_60' title='bbox 1790 851 1978 905; x_wconf 89' lang='grc' dir='ltr'>ταῦτα</span> 
     </span>
    </p>
   </div>
   <div class='ocr_carea' id='block_1_9' title="bbox 296 936 1978 1012">
    <p class='ocr_par' dir='ltr' id='par_1_9' title="bbox 296 936 1978 1012">
     <span class='ocr_line' id='line_1_9' title="bbox 296 936 1978 1012; baseline -0.008 -11"><span class='ocrx_word' id='word_1_61' title='bbox 296 944 677 1012; x_wconf 73' lang='grc' dir='ltr'>ἀναστρέψω,</span> <span class='ocrx_word' id='word_1_62' title='bbox 697 943 811 996; x_wconf 84' lang='grc' dir='ltr'>-καί</span> <span class='ocrx_word' id='word_1_63' title='bbox 866 940 1336 1010; x_wconf 78' lang='grc' dir='ltr'>ἀνοικοδομήσω,</span> <span class='ocrx_word' id='word_1_64' title='bbox 1382 940 1536 1010; x_wconf 79' lang='grc' dir='ltr'>φησί,</span> <span class='ocrx_word' id='word_1_65' title='bbox 1575 939 1690 1006; x_wconf 83' lang='grc' dir='ltr'>τὴν</span> <span class='ocrx_word' id='word_1_66' title='bbox 1735 936 1978 1004; x_wconf 80' lang='grc' dir='ltr'>σκηνὴν</span> 
     </span>
    </p>
   </div>
   <div class='ocr_carea' id='block_1_10' title="bbox 305 1024 1975 1097">
    <p class='ocr_par' dir='ltr' id='par_1_10' title="bbox 305 1024 1975 1097">
     <span class='ocr_line' id='line_1_10' title="bbox 305 1024 1975 1097; baseline -0.006 -11"><span class='ocrx_word' id='word_1_67' title='bbox 305 1031 481 1086; x_wconf 75' lang='grc' dir='ltr'>Δαυίδ</span> <span class='ocrx_word' id='word_1_68' title='bbox 525 1032 641 1097; x_wconf 81' lang='grc' dir='ltr'>τὴν</span> <span class='ocrx_word' id='word_1_69' title='bbox 666 1028 1063 1082; x_wconf 79' lang='grc' dir='ltr'>πεπτωκυῖαν.</span> <span class='ocrx_word' id='word_1_70' title='bbox 1101 1027 1169 1080; x_wconf 77' lang='grc' dir='ltr'>Εἰ</span> <span class='ocrx_word' id='word_1_71' title='bbox 1200 1044 1284 1089; x_wconf 89' lang='grc' dir='ltr'>τις</span> <span class='ocrx_word' id='word_1_72' title='bbox 1323 1026 1566 1096; x_wconf 86' lang='grc' dir='ltr'>ἀκριϐῶς</span> <span class='ocrx_word' id='word_1_73' title='bbox 1601 1025 1847 1095; x_wconf 81' lang='grc' dir='ltr'>σκοποίη,</span> <span class='ocrx_word' id='word_1_74' title='bbox 1881 1024 1975 1077; x_wconf 89' lang='grc' dir='ltr'>νῦν</span> 
     </span>
    </p>
   </div>
   <div class='ocr_carea' id='block_1_11' title="bbox 299 1111 1972 1190">
    <p class='ocr_par' dir='ltr' id='par_1_11' title="bbox 299 1111 1972 1190">
     <span class='ocr_line' id='line_1_11' title="bbox 299 1111 1972 1190; baseline -0.006 -18"><span class='ocrx_word' id='word_1_75' title='bbox 299 1119 397 1190; x_wconf 81' lang='grc' dir='ltr'>τὴν</span> <span class='ocrx_word' id='word_1_76' title='bbox 431 1116 706 1188; x_wconf 86' lang='grc' dir='ltr'>βασιλείαν</span> <span class='ocrx_word' id='word_1_77' title='bbox 738 1114 1030 1184; x_wconf 80' lang='grc' dir='ltr'>ἱσταμένην</span> <span class='ocrx_word' id='word_1_78' title='bbox 1071 1112 1162 1165; x_wconf 89' lang='grc' dir='ltr'>τοῦ</span> <span class='ocrx_word' id='word_1_79' title='bbox 1200 1112 1362 1165; x_wconf 81' lang='grc' dir='ltr'>Δαυ“ιδ</span> <span class='ocrx_word' id='word_1_80' title='bbox 1398 1111 1570 1183; x_wconf 81' lang='grc' dir='ltr'>εὖροι.</span> <span class='ocrx_word' id='word_1_81' title='bbox 1602 1111 1707 1163; x_wconf 92' lang='grc' dir='ltr'>Τοῦ</span> <span class='ocrx_word' id='word_1_82' title='bbox 1749 1112 1972 1179; x_wconf 68' lang='grc' dir='ltr'>ἐκγόνου</span> 
     </span>
    </p>
   </div>
   <div class='ocr_carea' id='block_1_12' title="bbox 300 1197 1972 1277">
    <p class='ocr_par' dir='ltr' id='par_1_12' title="bbox 300 1197 1972 1277">
     <span class='ocr_line' id='line_1_12' title="bbox 300 1197 1972 1277; baseline -0.007 -17"><span class='ocrx_word' id='word_1_83' title='bbox 300 1209 408 1277; x_wconf 81' lang='grc' dir='ltr'>γάρ</span> <span class='ocrx_word' id='word_1_84' title='bbox 447 1204 612 1259; x_wconf 83' lang='grc' dir='ltr'>αὑτοῦ</span> <span class='ocrx_word' id='word_1_85' title='bbox 649 1202 1041 1273; x_wconf 82' lang='grc' dir='ltr'>βασιλεύοντος,</span> <span class='ocrx_word' id='word_1_86' title='bbox 1095 1199 1368 1270; x_wconf 80' lang='grc' dir='ltr'>πανταχοῦ</span> <span class='ocrx_word' id='word_1_87' title='bbox 1423 1199 1653 1268; x_wconf 74' lang='grc' dir='ltr'>ἕστηκεν</span> <span class='ocrx_word' id='word_1_88' title='bbox 1700 1197 1856 1268; x_wconf 84' lang='grc' dir='ltr'>αῦτη.</span> <span class='ocrx_word' id='word_1_89' title='bbox 1909 1199 1972 1250; x_wconf 90' lang='grc' dir='ltr'>Τί</span> 
     </span>
    </p>
   </div>
   <div class='ocr_carea' id='block_1_13' title="bbox 301 1284 1974 1365">
    <p class='ocr_par' dir='ltr' id='par_1_13' title="bbox 301 1284 1974 1365">
     <span class='ocr_line' id='line_1_13' title="bbox 301 1284 1974 1365; baseline -0.007 -19"><span class='ocrx_word' id='word_1_90' title='bbox 301 1294 407 1365; x_wconf 84' lang='grc' dir='ltr'>γὰρ</span> <span class='ocrx_word' id='word_1_91' title='bbox 461 1289 653 1359; x_wconf 72' lang='grc' dir='ltr'>ὄφελος</span> <span class='ocrx_word' id='word_1_92' title='bbox 690 1289 796 1341; x_wconf 89' lang='grc' dir='ltr'>τῶν</span> <span class='ocrx_word' id='word_1_93' title='bbox 839 1288 1154 1357; x_wconf 78' lang='grc' dir='ltr'>οἰκημάτων</span> <span class='ocrx_word' id='word_1_94' title='bbox 1193 1287 1287 1338; x_wconf 68' lang='grc' dir='ltr'>καὶ</span> <span class='ocrx_word' id='word_1_95' title='bbox 1323 1284 1421 1354; x_wconf 92' lang='grc' dir='ltr'>τῆς</span> <span class='ocrx_word' id='word_1_96' title='bbox 1458 1285 1685 1348; x_wconf 89' lang='grc' dir='ltr'>πόλεως,</span> <span class='ocrx_word' id='word_1_97' title='bbox 1724 1284 1833 1337; x_wconf 90' lang='grc' dir='ltr'>τῶν</span> <span class='ocrx_word' id='word_1_98' title='bbox 1873 1284 1974 1336; x_wconf 82' lang='grc' dir='ltr'>ὑπ-</span> 
     </span>
    </p>
   </div>
   <div class='ocr_carea' id='block_1_14' title="bbox 301 1370 1971 1441">
    <p class='ocr_par' dir='ltr' id='par_1_14' title="bbox 301 1370 1971 1441">
     <span class='ocr_line' id='line_1_14' title="bbox 301 1370 1971 1441; baseline -0.007 -7"><span class='ocrx_word' id='word_1_99' title='bbox 301 1381 610 1435; x_wconf 85' lang='grc' dir='ltr'>ακουόντων</span> <span class='ocrx_word' id='word_1_100' title='bbox 639 1377 739 1432; x_wconf 83' lang='grc' dir='ltr'>οὐκ</span> <span class='ocrx_word' id='word_1_101' title='bbox 777 1375 985 1438; x_wconf 84' lang='grc' dir='ltr'>δντων;</span> <span class='ocrx_word' id='word_1_102' title='bbox 1023 1377 1173 1427; x_wconf 89' lang='grc' dir='ltr'>ποῖον</span> <span class='ocrx_word' id='word_1_103' title='bbox 1211 1372 1268 1425; x_wconf 90' lang='grc' dir='ltr'>δέ</span> <span class='ocrx_word' id='word_1_104' title='bbox 1309 1371 1505 1441; x_wconf 86' lang='grc' dir='ltr'>βλάϐος</span> <span class='ocrx_word' id='word_1_105' title='bbox 1538 1373 1602 1424; x_wconf 88' lang='grc' dir='ltr'>ἐκ</span> <span class='ocrx_word' id='word_1_106' title='bbox 1633 1371 1731 1440; x_wconf 90' lang='grc' dir='ltr'>τῆς</span> <span class='ocrx_word' id='word_1_107' title='bbox 1775 1370 1971 1424; x_wconf 85' lang='grc' dir='ltr'>καθαι-</span> 
     </span>
    </p>
   </div>
   <div class='ocr_carea' id='block_1_15' title="bbox 305 1456 1972 1540">
    <p class='ocr_par' dir='ltr' id='par_1_15' title="bbox 305 1456 1972 1540">
     <span class='ocr_line' id='line_1_15' title="bbox 305 1456 1972 1540; baseline -0.008 -19"><span class='ocrx_word' id='word_1_108' title='bbox 305 1469 505 1540; x_wconf 83' lang='grc' dir='ltr'>ρέσεως</span> <span class='ocrx_word' id='word_1_109' title='bbox 533 1465 635 1534; x_wconf 89' lang='grc' dir='ltr'>τῆς</span> <span class='ocrx_word' id='word_1_110' title='bbox 657 1462 881 1524; x_wconf 82' lang='grc' dir='ltr'>πόλεως,</span> <span class='ocrx_word' id='word_1_111' title='bbox 911 1461 1127 1514; x_wconf 88' lang='grc' dir='ltr'>πάντων</span> <span class='ocrx_word' id='word_1_112' title='bbox 1159 1460 1252 1511; x_wconf 79' lang='grc' dir='ltr'>καὶ</span> <span class='ocrx_word' id='word_1_113' title='bbox 1285 1457 1384 1521; x_wconf 80' lang='grc' dir='ltr'>τὰς</span> <span class='ocrx_word' id='word_1_114' title='bbox 1419 1456 1594 1526; x_wconf 76' lang='grc' dir='ltr'>ψυχὰς</span> <span class='ocrx_word' id='word_1_115' title='bbox 1635 1456 1972 1527; x_wconf 76' lang='grc' dir='ltr'>βουλομένων</span> 
     </span>
    </p>
   </div>
   <div class='ocr_carea' id='block_1_16' title="bbox 300 1543 1970 1617">
    <p class='ocr_par' dir='ltr' id='par_1_16' title="bbox 300 1543 1970 1617">
     <span class='ocr_line' id='line_1_16' title="bbox 300 1543 1970 1617; baseline -0.008 -9"><span class='ocrx_word' id='word_1_116' title='bbox 300 1553 607 1617; x_wconf 82' lang='grc' dir='ltr'>ἐπιδοῦναι;</span> <span class='ocrx_word' id='word_1_117' title='bbox 647 1551 809 1602; x_wconf 83' lang='grc' dir='ltr'>Ὥστε</span> <span class='ocrx_word' id='word_1_118' title='bbox 847 1549 908 1600; x_wconf 80' lang='grc' dir='ltr'>οὐ</span> <span class='ocrx_word' id='word_1_119' title='bbox 950 1547 1109 1617; x_wconf 88' lang='grc' dir='ltr'>μόνον</span> <span class='ocrx_word' id='word_1_120' title='bbox 1147 1545 1396 1615; x_wconf 75' lang='grc' dir='ltr'>ἔστηκεν,</span> <span class='ocrx_word' id='word_1_121' title='bbox 1433 1543 1568 1596; x_wconf 85' lang='grc' dir='ltr'>ἀλλὰ</span> <span class='ocrx_word' id='word_1_122' title='bbox 1603 1543 1697 1596; x_wconf 81' lang='grc' dir='ltr'>καί</span> <span class='ocrx_word' id='word_1_123' title='bbox 1719 1543 1970 1614; x_wconf 88' lang='grc' dir='ltr'>λαμπρο-</span> 
     </span>
    </p>
   </div>
   <div class='ocr_carea' id='block_1_17' title="bbox 299 1629 1974 1712">
    <p class='ocr_par' dir='ltr' id='par_1_17' title="bbox 299 1629 1974 1712">
     <span class='ocr_line' id='line_1_17' title="bbox 299 1629 1974 1712; baseline -0.015 -16"><span class='ocrx_word' id='word_1_124' title='bbox 299 1644 433 1712; x_wconf 84' lang='grc' dir='ltr'>τέρα</span> <span class='ocrx_word' id='word_1_125' title='bbox 465 1640 681 1694; x_wconf 89' lang='grc' dir='ltr'>πάντων</span> <span class='ocrx_word' id='word_1_126' title='bbox 706 1635 924 1705; x_wconf 86' lang='grc' dir='ltr'>γέγονε·</span> <span class='ocrx_word' id='word_1_127' title='bbox 966 1631 1243 1702; x_wconf 86' lang='grc' dir='ltr'>πανταχοῦ</span> <span class='ocrx_word' id='word_1_128' title='bbox 1278 1630 1388 1702; x_wconf 84' lang='grc' dir='ltr'>γάρ</span> <span class='ocrx_word' id='word_1_129' title='bbox 1426 1630 1520 1685; x_wconf 94' lang='grc' dir='ltr'>νῦν</span> <span class='ocrx_word' id='word_1_130' title='bbox 1575 1633 1673 1700; x_wconf 84' lang='grc' dir='ltr'>τῆς</span> <span class='ocrx_word' id='word_1_131' title='bbox 1729 1629 1974 1699; x_wconf 83' lang='grc' dir='ltr'>οἰκουμέ.</span> 
     </span>
    </p>
   </div>
   <div class='ocr_carea' id='block_1_18' title="bbox 299 1717 1972 1799">
    <p class='ocr_par' dir='ltr' id='par_1_18' title="bbox 299 1717 1972 1799">
     <span class='ocr_line' id='line_1_18' title="bbox 299 1717 1972 1799; baseline -0.008 -19"><span class='ocrx_word' id='word_1_132' title='bbox 299 1744 397 1799; x_wconf 87' lang='grc' dir='ltr'>νης</span> <span class='ocrx_word' id='word_1_133' title='bbox 428 1727 633 1799; x_wconf 71' lang='grc' dir='ltr'>ᾅδεται.</span> <span class='ocrx_word' id='word_1_134' title='bbox 670 1724 879 1778; x_wconf 82' lang='grc' dir='ltr'>Ἐκεῖνο</span> <span class='ocrx_word' id='word_1_135' title='bbox 914 1719 1106 1790; x_wconf 78' lang='grc' dir='ltr'>ἐξέϐηο</span> <span class='ocrx_word' id='word_1_136' title='bbox 1158 1717 1354 1772; x_wconf 79' lang='grc' dir='ltr'>οὐκοῦν</span> <span class='ocrx_word' id='word_1_137' title='bbox 1393 1717 1486 1770; x_wconf 74' lang='grc' dir='ltr'>καὶ</span> <span class='ocrx_word' id='word_1_138' title='bbox 1540 1717 1698 1770; x_wconf 86' lang='grc' dir='ltr'>τοῦτο</span> <span class='ocrx_word' id='word_1_139' title='bbox 1744 1717 1972 1786; x_wconf 91' lang='grc' dir='ltr'>ἐκϐῆναι</span> 
     </span>
    </p>
   </div>
   <div class='ocr_carea' id='block_1_19' title="bbox 297 1804 1973 1877">
    <p class='ocr_par' dir='ltr' id='par_1_19' title="bbox 297 1804 1973 1877">
     <span class='ocr_line' id='line_1_19' title="bbox 297 1804 1973 1877; baseline -0.009 -6"><span class='ocrx_word' id='word_1_140' title='bbox 297 1817 396 1871; x_wconf 83' lang='grc' dir='ltr'>δεῖ.</span> <span class='ocrx_word' id='word_1_141' title='bbox 434 1815 617 1869; x_wconf 86' lang='grc' dir='ltr'>Εἰπὼν</span> <span class='ocrx_word' id='word_1_142' title='bbox 650 1813 728 1877; x_wconf 87' lang='grc' dir='ltr'>δέ,</span> <span class='ocrx_word' id='word_1_143' title='bbox 785 1811 891 1865; x_wconf 78' lang='grc' dir='ltr'>Καὶ</span> <span class='ocrx_word' id='word_1_144' title='bbox 930 1808 1409 1877; x_wconf 77' lang='grc' dir='ltr'>ἀνοικοδομήσω,</span> <span class='ocrx_word' id='word_1_145' title='bbox 1461 1805 1655 1873; x_wconf 91' lang='grc' dir='ltr'>ἐπάγει</span> <span class='ocrx_word' id='word_1_146' title='bbox 1724 1806 1817 1858; x_wconf 68' lang='grc' dir='ltr'>καί</span> <span class='ocrx_word' id='word_1_147' title='bbox 1875 1804 1973 1876; x_wconf 81' lang='grc' dir='ltr'>τὴν</span> 
     </span>
    </p>
   </div>
   <div class='ocr_carea' id='block_1_20' title="bbox 298 1892 1974 1966">
    <p class='ocr_par' dir='ltr' id='par_1_20' title="bbox 298 1892 1974 1966">
     <span class='ocr_line' id='line_1_20' title="bbox 298 1892 1974 1966; baseline -0.008 -9"><span class='ocrx_word' id='word_1_148' title='bbox 298 1904 477 1957; x_wconf 88' lang='grc' dir='ltr'>αἰτίαν</span> <span class='ocrx_word' id='word_1_149' title='bbox 493 1901 586 1956; x_wconf 89' lang='grc' dir='ltr'>τοῦ</span> <span class='ocrx_word' id='word_1_150' title='bbox 607 1900 694 1954; x_wconf 88' lang='grc' dir='ltr'>διά</span> <span class='ocrx_word' id='word_1_151' title='bbox 719 1900 792 1964; x_wconf 89' lang='grc' dir='ltr'>τί,</span> <span class='ocrx_word' id='word_1_152' title='bbox 819 1898 1023 1966; x_wconf 81' lang='grc' dir='ltr'>λέγων’</span> <span class='ocrx_word' id='word_1_153' title='bbox 1054 1897 1254 1959; x_wconf 87' lang='grc' dir='ltr'>Ὅπως</span> <span class='ocrx_word' id='word_1_154' title='bbox 1277 1893 1683 1960; x_wconf 74' lang='grc' dir='ltr'>ἐκζητήσωσιν</span> <span class='ocrx_word' id='word_1_155' title='bbox 1716 1895 1767 1945; x_wconf 86' lang='grc' dir='ltr'>οί</span> <span class='ocrx_word' id='word_1_156' title='bbox 1796 1892 1974 1944; x_wconf 79' lang='grc' dir='ltr'>κατά-</span> 
     </span>
    </p>
   </div>
   <div class='ocr_carea' id='block_1_21' title="bbox 295 1979 1976 2055">
    <p class='ocr_par' dir='ltr' id='par_1_21' title="bbox 295 1979 1976 2055">
     <span class='ocr_line' id='line_1_21' title="bbox 295 1979 1976 2055; baseline -0.007 -11"><span class='ocrx_word' id='word_1_157' title='bbox 295 1993 497 2044; x_wconf 88' lang='grc' dir='ltr'>λοιποι</span> <span class='ocrx_word' id='word_1_158' title='bbox 529 1988 649 2042; x_wconf 89' lang='grc' dir='ltr'>τῶν</span> <span class='ocrx_word' id='word_1_159' title='bbox 691 1984 1017 2055; x_wconf 84' lang='grc' dir='ltr'>ἀνθρώπων</span> <span class='ocrx_word' id='word_1_160' title='bbox 1060 1983 1169 2037; x_wconf 81' lang='grc' dir='ltr'>τὸν</span> <span class='ocrx_word' id='word_1_161' title='bbox 1215 1982 1459 2050; x_wconf 84' lang='grc' dir='ltr'>Κύριον.</span> <span class='ocrx_word' id='word_1_162' title='bbox 1525 1981 1587 2032; x_wconf 83' lang='grc' dir='ltr'>Εἰ</span> <span class='ocrx_word' id='word_1_163' title='bbox 1644 1979 1822 2032; x_wconf 85' lang='grc' dir='ltr'>τοίνυν</span> <span class='ocrx_word' id='word_1_164' title='bbox 1887 1979 1976 2032; x_wconf 72' lang='grc' dir='ltr'>διὰ</span> 
     </span>
    </p>
   </div>
   <div class='ocr_carea' id='block_1_22' title="bbox 295 2067 1973 2144">
    <p class='ocr_par' dir='ltr' id='par_1_22' title="bbox 295 2067 1973 2144">
     <span class='ocr_line' id='line_1_22' title="bbox 295 2067 1973 2144; baseline -0.006 -16"><span class='ocrx_word' id='word_1_165' title='bbox 295 2075 453 2129; x_wconf 81' lang='grc' dir='ltr'>τοῦτο</span> <span class='ocrx_word' id='word_1_166' title='bbox 500 2075 756 2144; x_wconf 79' lang='grc' dir='ltr'>ἐξανέστη</span> <span class='ocrx_word' id='word_1_167' title='bbox 792 2072 1008 2144; x_wconf 76' lang='grc' dir='ltr'>ἡπόλις</span> <span class='ocrx_word' id='word_1_168' title='bbox 1066 2069 1156 2123; x_wconf 87' lang='grc' dir='ltr'>διὰ</span> <span class='ocrx_word' id='word_1_169' title='bbox 1190 2069 1282 2122; x_wconf 82' lang='grc' dir='ltr'>τὸν</span> <span class='ocrx_word' id='word_1_170' title='bbox 1344 2067 1403 2132; x_wconf 85' lang='grc' dir='ltr'>ἐξ</span> <span class='ocrx_word' id='word_1_171' title='bbox 1456 2067 1654 2124; x_wconf 80' lang='grc' dir='ltr'>αὐτῶν,</span> <span class='ocrx_word' id='word_1_172' title='bbox 1699 2067 1859 2136; x_wconf 80' lang='grc' dir='ltr'>δῆλον</span> <span class='ocrx_word' id='word_1_173' title='bbox 1892 2068 1973 2119; x_wconf 80' lang='grc' dir='ltr'>ὅτι</span> 
     </span>
    </p>
   </div>
   <div class='ocr_carea' id='block_1_23' title="bbox 294 2154 1971 2235">
    <p class='ocr_par' dir='ltr' id='par_1_23' title="bbox 294 2154 1971 2235">
     <span class='ocr_line' id='line_1_23' title="bbox 294 2154 1971 2235; baseline -0.007 -17"><span class='ocrx_word' id='word_1_174' title='bbox 294 2166 394 2235; x_wconf 84' lang='grc' dir='ltr'>τῆς</span> <span class='ocrx_word' id='word_1_175' title='bbox 437 2162 727 2232; x_wconf 82' lang='grc' dir='ltr'>οἰκοδομῆς</span> <span class='ocrx_word' id='word_1_176' title='bbox 780 2161 879 2230; x_wconf 87' lang='grc' dir='ltr'>τῆς</span> <span class='ocrx_word' id='word_1_177' title='bbox 939 2159 1146 2220; x_wconf 89' lang='grc' dir='ltr'>πόλεως</span> <span class='ocrx_word' id='word_1_178' title='bbox 1186 2156 1358 2209; x_wconf 76' lang='grc' dir='ltr'>αἴτιον</span> <span class='ocrx_word' id='word_1_179' title='bbox 1398 2154 1587 2223; x_wconf 86' lang='grc' dir='ltr'>γέγονε</span> <span class='ocrx_word' id='word_1_180' title='bbox 1642 2155 1701 2206; x_wconf 86' lang='lat'>10</span> <span class='ocrx_word' id='word_1_181' title='bbox 1740 2154 1807 2206; x_wconf 80' lang='grc' dir='ltr'>τά</span> <span class='ocrx_word' id='word_1_182' title='bbox 1846 2154 1971 2225; x_wconf 82' lang='grc' dir='ltr'>έθνη</span> 
     </span>
    </p>
   </div>
   <div class='ocr_carea' id='block_1_24' title="bbox 297 2243 1975 2322">
    <p class='ocr_par' dir='ltr' id='par_1_24' title="bbox 297 2243 1975 2322">
     <span class='ocr_line' id='line_1_24' title="bbox 297 2243 1975 2322; baseline -0.005 -17"><span class='ocrx_word' id='word_1_183' title='bbox 297 2251 582 2322; x_wconf 85' lang='grc' dir='ltr'>κληθῆναι.</span> <span class='ocrx_word' id='word_1_184' title='bbox 615 2250 772 2312; x_wconf 80' lang='grc' dir='ltr'>Τίνες</span> <span class='ocrx_word' id='word_1_185' title='bbox 800 2249 936 2300; x_wconf 81' lang='grc' dir='ltr'>είσίν</span> <span class='ocrx_word' id='word_1_186' title='bbox 963 2250 1025 2300; x_wconf 77' lang='lat' dir='ltr'><em>Ol</em></span> <span class='ocrx_word' id='word_1_187' title='bbox 1050 2244 1396 2318; x_wconf 73' lang='grc' dir='ltr'>κατάλοιποι</span> <span class='ocrx_word' id='word_1_188' title='bbox 1413 2260 1432 2307; x_wconf 86' lang='grc'><em>;</em></span> <span class='ocrx_word' id='word_1_189' title='bbox 1470 2247 1530 2296; x_wconf 86' lang='grc' dir='ltr'>Οἱ</span> <span class='ocrx_word' id='word_1_190' title='bbox 1562 2243 1975 2312; x_wconf 77' lang='grc' dir='ltr'>ὑπολειπόμενοι</span> 
     </span>
    </p>
   </div>
   <div class='ocr_carea' id='block_1_25' title="bbox 295 2330 1976 2406">
    <p class='ocr_par' dir='ltr' id='par_1_25' title="bbox 295 2330 1976 2406">
     <span class='ocr_line' id='line_1_25' title="bbox 295 2330 1976 2406; baseline -0.006 -14"><span class='ocrx_word' id='word_1_191' title='bbox 295 2341 436 2394; x_wconf 87' lang='grc' dir='ltr'>τότε.</span> <span class='ocrx_word' id='word_1_192' title='bbox 498 2336 636 2389; x_wconf 80' lang='grc' dir='ltr'>Ἀλλ’</span> <span class='ocrx_word' id='word_1_193' title='bbox 663 2337 763 2406; x_wconf 84' lang='grc' dir='ltr'>δρα</span> <span class='ocrx_word' id='word_1_194' title='bbox 801 2333 966 2386; x_wconf 76' lang='grc' dir='ltr'>αὑτὸν</span> <span class='ocrx_word' id='word_1_195' title='bbox 1010 2332 1103 2384; x_wconf 77' lang='grc' dir='ltr'>καὶ</span> <span class='ocrx_word' id='word_1_196' title='bbox 1141 2332 1238 2400; x_wconf 79' lang='grc' dir='ltr'>τὴν</span> <span class='ocrx_word' id='word_1_197' title='bbox 1275 2331 1430 2396; x_wconf 81' lang='grc' dir='ltr'>τάξιν</span> <span class='ocrx_word' id='word_1_198' title='bbox 1473 2331 1825 2398; x_wconf 78' lang='grc' dir='ltr'>φυλάττοντα,</span> <span class='ocrx_word' id='word_1_199' title='bbox 1881 2330 1976 2382; x_wconf 68' lang='grc' dir='ltr'>καὶ</span> 
     </span>
    </p>
   </div>
   <div class='ocr_carea' id='block_1_26' title="bbox 295 2416 1976 2494">
    <p class='ocr_par' dir='ltr' id='par_1_26' title="bbox 295 2416 1976 2494">
     <span class='ocr_line' id='line_1_26' title="bbox 295 2416 1976 2494; baseline -0.007 -14"><span class='ocrx_word' id='word_1_200' title='bbox 295 2426 581 2494; x_wconf 83' lang='grc' dir='ltr'>δευτέρους</span> <span class='ocrx_word' id='word_1_201' title='bbox 611 2423 806 2485; x_wconf 76' lang='grc' dir='ltr'>αὐτοὺς</span> <span class='ocrx_word' id='word_1_202' title='bbox 863 2421 1170 2488; x_wconf 85' lang='grc' dir='ltr'>εἰσάγοντα.</span> <span class='ocrx_word' id='word_1_203' title='bbox 1211 2417 1383 2486; x_wconf 73' lang='grc' dir='ltr'>Λέγει</span> <span class='ocrx_word' id='word_1_204' title='bbox 1410 2419 1646 2486; x_wconf 84' lang='grc' dir='ltr'>Κύριος,</span> <span class='ocrx_word' id='word_1_205' title='bbox 1697 2421 1728 2471; x_wconf 83' lang='grc' dir='ltr'>ό</span> <span class='ocrx_word' id='word_1_206' title='bbox 1765 2416 1976 2482; x_wconf 86' lang='grc' dir='ltr'>ποιῶν,</span> 
     </span>
    </p>
   </div>
   <div class='ocr_carea' id='block_1_27' title="bbox 297 2503 1974 2584">
    <p class='ocr_par' dir='ltr' id='par_1_27' title="bbox 297 2503 1974 2584">
     <span class='ocr_line' id='line_1_27' title="bbox 297 2503 1974 2584; baseline -0.005 -18"><span class='ocrx_word' id='word_1_207' title='bbox 297 2515 450 2584; x_wconf 74' lang='grc' dir='ltr'>φησὶ,</span> <span class='ocrx_word' id='word_1_208' title='bbox 487 2511 674 2565; x_wconf 87' lang='grc' dir='ltr'>ταῦτα</span> <span class='ocrx_word' id='word_1_209' title='bbox 721 2507 939 2562; x_wconf 80' lang='grc' dir='ltr'>πάντα.</span> <span class='ocrx_word' id='word_1_210' title='bbox 991 2507 1065 2560; x_wconf 84' lang='grc' dir='ltr'>οὐ</span> <span class='ocrx_word' id='word_1_211' title='bbox 1108 2505 1254 2574; x_wconf 88' lang='grc' dir='ltr'>λέγει</span> <span class='ocrx_word' id='word_1_212' title='bbox 1287 2504 1471 2575; x_wconf 88' lang='grc' dir='ltr'>μόνον,</span> <span class='ocrx_word' id='word_1_213' title='bbox 1501 2503 1636 2557; x_wconf 85' lang='grc' dir='ltr'>ἀλλά</span> <span class='ocrx_word' id='word_1_214' title='bbox 1670 2504 1766 2556; x_wconf 75' lang='grc' dir='ltr'>καὶ</span> <span class='ocrx_word' id='word_1_215' title='bbox 1799 2507 1974 2557; x_wconf 85' lang='grc' dir='ltr'>ποιεῖ·</span> 
     </span>
    </p>
   </div>
   <div class='ocr_carea' id='block_1_28' title="bbox 296 2587 1979 2672">
    <p class='ocr_par' dir='ltr' id='par_1_28' title="bbox 296 2587 1979 2672">
     <span class='ocr_line' id='line_1_28' title="bbox 296 2587 1979 2672; baseline -0.008 -16"><span class='ocrx_word' id='word_1_216' title='bbox 296 2605 406 2672; x_wconf 81' lang='grc' dir='ltr'>ἀρα</span> <span class='ocrx_word' id='word_1_217' title='bbox 448 2598 583 2652; x_wconf 87' lang='grc' dir='ltr'>Θεοῦ</span> <span class='ocrx_word' id='word_1_218' title='bbox 615 2597 772 2668; x_wconf 76' lang='grc' dir='ltr'>ἔργον</span> <span class='ocrx_word' id='word_1_219' title='bbox 802 2597 834 2667; x_wconf 81' lang='grc' dir='ltr'>ὴ</span> <span class='ocrx_word' id='word_1_220' title='bbox 868 2594 1058 2665; x_wconf 83' lang='grc' dir='ltr'>κλῆσις</span> <span class='ocrx_word' id='word_1_221' title='bbox 1078 2593 1186 2645; x_wconf 90' lang='grc' dir='ltr'>τῶν</span> <span class='ocrx_word' id='word_1_222' title='bbox 1213 2591 1578 2645; x_wconf 85' lang='grc' dir='ltr'>ἐθνῶν.Ἀλλο</span> <span class='ocrx_word' id='word_1_223' title='bbox 1595 2587 1663 2663; x_wconf 76' lang='grc' dir='ltr'>ἦν</span> <span class='ocrx_word' id='word_1_224' title='bbox 1695 2591 1755 2644; x_wconf 87' lang='lat'>10</span> <span class='ocrx_word' id='word_1_225' title='bbox 1784 2591 1979 2662; x_wconf 79' lang='grc' dir='ltr'>ζητού-</span> 
     </span>
    </p>
   </div>
   <div class='ocr_carea' id='block_1_29' title="bbox 303 2679 1982 2760">
    <p class='ocr_par' dir='ltr' id='par_1_29' title="bbox 303 2679 1982 2760">
     <span class='ocr_line' id='line_1_29' title="bbox 303 2679 1982 2760; baseline -0.006 -18"><span class='ocrx_word' id='word_1_226' title='bbox 303 2706 484 2760; x_wconf 89' lang='grc' dir='ltr'>μενον,</span> <span class='ocrx_word' id='word_1_227' title='bbox 539 2688 676 2756; x_wconf 81' lang='grc' dir='ltr'>ὅπερ</span> <span class='ocrx_word' id='word_1_228' title='bbox 740 2683 1074 2752; x_wconf 89' lang='grc' dir='ltr'>σαφέστερον</span> <span class='ocrx_word' id='word_1_229' title='bbox 1114 2680 1206 2733; x_wconf 76' lang='grc' dir='ltr'>καὶ</span> <span class='ocrx_word' id='word_1_230' title='bbox 1259 2680 1466 2750; x_wconf 86' lang='grc' dir='ltr'>Πέτρος</span> <span class='ocrx_word' id='word_1_231' title='bbox 1504 2679 1725 2748; x_wconf 81' lang='grc' dir='ltr'>ἐλεγεν’</span> <span class='ocrx_word' id='word_1_232' title='bbox 1779 2679 1842 2732; x_wconf 85' lang='grc' dir='ltr'>οὑ</span> <span class='ocrx_word' id='word_1_233' title='bbox 1900 2679 1982 2733; x_wconf 87' lang='grc' dir='ltr'>δεῖ</span> 
     </span>
    </p>
   </div>
   <div class='ocr_carea' id='block_1_30' title="bbox 297 2766 1976 2845">
    <p class='ocr_par' dir='ltr' id='par_1_30' title="bbox 297 2766 1976 2845">
     <span class='ocr_line' id='line_1_30' title="bbox 297 2766 1976 2845; baseline -0.008 -14"><span class='ocrx_word' id='word_1_234' title='bbox 297 2777 493 2836; x_wconf 74' lang='grc' dir='ltr'>αὐτοὺς</span> <span class='ocrx_word' id='word_1_235' title='bbox 533 2770 977 2845; x_wconf 84' lang='grc' dir='ltr'>περιτέμνεσθαι.</span> <span class='ocrx_word' id='word_1_236' title='bbox 1021 2769 1084 2821; x_wconf 88' lang='grc' dir='ltr'>Τί</span> <span class='ocrx_word' id='word_1_237' title='bbox 1111 2768 1292 2821; x_wconf 78' lang='grc' dir='ltr'>τοίνυν</span> <span class='ocrx_word' id='word_1_238' title='bbox 1329 2766 1504 2821; x_wconf 89' lang='grc' dir='ltr'>ταῦτα</span> <span class='ocrx_word' id='word_1_239' title='bbox 1554 2767 1888 2839; x_wconf 86' lang='grc' dir='ltr'>δημηγορεῖς</span> <span class='ocrx_word' id='word_1_240' title='bbox 1915 2783 1976 2834; x_wconf 83' lang='grc'>·;</span> 
     </span>
    </p>
   </div>
   <div class='ocr_carea' id='block_1_31' title="bbox 295 2855 1981 2939">
    <p class='ocr_par' dir='ltr' id='par_1_31' title="bbox 295 2855 1981 2939">
     <span class='ocr_line' id='line_1_31' title="bbox 295 2855 1981 2939; baseline -0.005 -21"><span class='ocrx_word' id='word_1_241' title='bbox 295 2863 450 2939; x_wconf 80' lang='grc'>[256]</span> <span class='ocrx_word' id='word_1_242' title='bbox 481 2863 555 2916; x_wconf 84' lang='grc' dir='ltr'>υύ</span> <span class='ocrx_word' id='word_1_243' title='bbox 586 2862 694 2930; x_wconf 86' lang='grc' dir='ltr'>γάρ</span> <span class='ocrx_word' id='word_1_244' title='bbox 720 2859 784 2930; x_wconf 85' lang='grc' dir='ltr'>δὴ</span> <span class='ocrx_word' id='word_1_245' title='bbox 818 2858 975 2912; x_wconf 90' lang='grc' dir='ltr'>τοῦτο</span> <span class='ocrx_word' id='word_1_246' title='bbox 999 2856 1203 2925; x_wconf 74' lang='grc' dir='ltr'>ἔλεγον,</span> <span class='ocrx_word' id='word_1_247' title='bbox 1225 2856 1306 2908; x_wconf 80' lang='grc' dir='ltr'>ὅτι</span> <span class='ocrx_word' id='word_1_248' title='bbox 1331 2855 1390 2908; x_wconf 85' lang='grc' dir='ltr'>ού</span> <span class='ocrx_word' id='word_1_249' title='bbox 1412 2855 1494 2907; x_wconf 89' lang='grc' dir='ltr'>δεῖ</span> <span class='ocrx_word' id='word_1_250' title='bbox 1520 2856 1717 2918; x_wconf 77' lang='grc' dir='ltr'>αὐτοὺς</span> <span class='ocrx_word' id='word_1_251' title='bbox 1731 2855 1981 2925; x_wconf 89' lang='grc' dir='ltr'>δέχεσθαι</span> 
     </span>
    </p>
   </div>
   <div class='ocr_carea' id='block_1_32' title="bbox 295 2941 1982 3015">
    <p class='ocr_par' dir='ltr' id='par_1_32' title="bbox 295 2941 1982 3015">
     <span class='ocr_line' id='line_1_32' title="bbox 295 2941 1982 3015; baseline -0.007 -10"><span class='ocrx_word' id='word_1_252' title='bbox 295 2952 673 3012; x_wconf 78' lang='grc' dir='ltr'>πιστεύοντας,</span> <span class='ocrx_word' id='word_1_253' title='bbox 717 2947 830 3000; x_wconf 88' lang='grc' dir='ltr'>ἀλλ’</span> <span class='ocrx_word' id='word_1_254' title='bbox 865 2946 946 2999; x_wconf 78' lang='grc' dir='ltr'>ὅτι</span> <span class='ocrx_word' id='word_1_255' title='bbox 998 2943 1139 3015; x_wconf 87' lang='grc' dir='ltr'>μετὰ</span> <span class='ocrx_word' id='word_1_256' title='bbox 1169 2946 1359 3014; x_wconf 86' lang='grc' dir='ltr'>νόμου.</span> <span class='ocrx_word' id='word_1_257' title='bbox 1394 2943 1505 2997; x_wconf 88' lang='lat' dir='ltr'>Kal</span> <span class='ocrx_word' id='word_1_258' title='bbox 1529 2941 1685 2995; x_wconf 91' lang='grc' dir='ltr'>τοῦτο</span> <span class='ocrx_word' id='word_1_259' title='bbox 1717 2945 1745 2995; x_wconf 97' lang='lat'>0</span> <span class='ocrx_word' id='word_1_260' title='bbox 1777 2943 1982 3013; x_wconf 89' lang='grc' dir='ltr'>Πέτρος</span> 
     </span>
    </p>
   </div>
   <div class='ocr_carea' id='block_1_33' title="bbox 296 3029 1983 3109">
    <p class='ocr_par' dir='ltr' id='par_1_33' title="bbox 296 3029 1983 3109">
     <span class='ocr_line' id='line_1_33' title="bbox 296 3029 1983 3109; baseline -0.007 -14"><span class='ocrx_word' id='word_1_261' title='bbox 296 3041 475 3102; x_wconf 76' lang='grc' dir='ltr'>καλῶς</span> <span class='ocrx_word' id='word_1_262' title='bbox 511 3036 952 3109; x_wconf 88' lang='grc' dir='ltr'>ἐδημηγόρησεν·</span> <span class='ocrx_word' id='word_1_263' title='bbox 997 3031 1112 3086; x_wconf 78' lang='grc' dir='ltr'>ἀλλ’</span> <span class='ocrx_word' id='word_1_264' title='bbox 1168 3031 1357 3102; x_wconf 80' lang='grc' dir='ltr'>ἐπειδὴ</span> <span class='ocrx_word' id='word_1_265' title='bbox 1395 3029 1555 3084; x_wconf 89' lang='grc' dir='ltr'>τοῦτο</span> <span class='ocrx_word' id='word_1_266' title='bbox 1587 3029 1836 3102; x_wconf 89' lang='grc' dir='ltr'>ἐθορύϐει</span> <span class='ocrx_word' id='word_1_267' title='bbox 1879 3030 1983 3100; x_wconf 84' lang='grc' dir='ltr'>μά-</span> 
     </span>
    </p>
   </div>
   <div class='ocr_carea' id='block_1_34' title="bbox 293 3116 1982 3190">
    <p class='ocr_par' dir='ltr' id='par_1_34' title="bbox 293 3116 1982 3190">
     <span class='ocr_line' id='line_1_34' title="bbox 293 3116 1982 3190; baseline -0.009 -6"><span class='ocrx_word' id='word_1_268' title='bbox 293 3141 449 3184; x_wconf 69' lang='grc' dir='ltr'>λιστα</span> <span class='ocrx_word' id='word_1_269' title='bbox 478 3126 694 3180; x_wconf 87' lang='grc' dir='ltr'>πάντων</span> <span class='ocrx_word' id='word_1_270' title='bbox 712 3123 836 3186; x_wconf 79' lang='grc' dir='ltr'>τοὺς</span> <span class='ocrx_word' id='word_1_271' title='bbox 860 3121 1152 3190; x_wconf 80' lang='grc' dir='ltr'>ἀκροατάς,</span> <span class='ocrx_word' id='word_1_272' title='bbox 1183 3117 1444 3171; x_wconf 78' lang='grc' dir='ltr'>καὶτοῦτο</span> <span class='ocrx_word' id='word_1_273' title='bbox 1475 3116 1767 3186; x_wconf 84' lang='grc' dir='ltr'>θεραπεύει</span> <span class='ocrx_word' id='word_1_274' title='bbox 1796 3118 1982 3171; x_wconf 91' lang='grc' dir='ltr'>πάλιν.</span> 
     </span>
    </p>
   </div>
   <div class='ocr_carea' id='block_1_35' title="bbox 295 3204 1982 3287">
    <p class='ocr_par' dir='ltr' id='par_1_35' title="bbox 295 3204 1982 3287">
     <span class='ocr_line' id='line_1_35' title="bbox 295 3204 1982 3287; baseline -0.008 -15"><span class='ocrx_word' id='word_1_275' title='bbox 295 3217 406 3272; x_wconf 87' lang='lat' dir='ltr'>Kal</span> <span class='ocrx_word' id='word_1_276' title='bbox 430 3217 553 3287; x_wconf 83' lang='grc' dir='ltr'>ὅρα,</span> <span class='ocrx_word' id='word_1_277' title='bbox 575 3214 712 3282; x_wconf 86' lang='grc' dir='ltr'>ὅπερ</span> <span class='ocrx_word' id='word_1_278' title='bbox 729 3210 895 3280; x_wconf 89' lang='grc' dir='ltr'>ἐχρῆν</span> <span class='ocrx_word' id='word_1_279' title='bbox 924 3205 1374 3276; x_wconf 85' lang='grc' dir='ltr'>νομοθετηθῆναι,</span> <span class='ocrx_word' id='word_1_280' title='bbox 1393 3205 1474 3257; x_wconf 81' lang='grc' dir='ltr'>ὅτι</span> <span class='ocrx_word' id='word_1_281' title='bbox 1505 3205 1566 3256; x_wconf 88' lang='grc' dir='ltr'>ού</span> <span class='ocrx_word' id='word_1_282' title='bbox 1583 3205 1664 3257; x_wconf 88' lang='grc' dir='ltr'>δεῖ</span> <span class='ocrx_word' id='word_1_283' title='bbox 1693 3204 1982 3273; x_wconf 84' lang='grc' dir='ltr'>φυλάττειν</span> 
     </span>
    </p>
   </div>
   <div class='ocr_carea' id='block_1_36' title="bbox 303 3291 1982 3374">
    <p class='ocr_par' dir='ltr' id='par_1_36' title="bbox 303 3291 1982 3374">
     <span class='ocr_line' id='line_1_36' title="bbox 303 3291 1982 3374; baseline -0.008 -16"><span class='ocrx_word' id='word_1_284' title='bbox 303 3305 383 3358; x_wconf 80' lang='grc' dir='ltr'>τὸν</span> <span class='ocrx_word' id='word_1_285' title='bbox 436 3303 620 3374; x_wconf 90' lang='grc' dir='ltr'>νόμον,</span> <span class='ocrx_word' id='word_1_286' title='bbox 672 3302 700 3353; x_wconf 94' lang='lat'>0</span> <span class='ocrx_word' id='word_1_287' title='bbox 754 3296 960 3366; x_wconf 84' lang='grc' dir='ltr'>Πέτρος</span> <span class='ocrx_word' id='word_1_288' title='bbox 998 3295 1262 3374; x_wconf 85' lang='grc' dir='ltr'>εἰσήγαγε</span> <span class='ocrx_word' id='word_1_289' title='bbox 1288 3309 1300 3323; x_wconf 72' lang='grc'><strong><em>⁸</em></strong></span> <span class='ocrx_word' id='word_1_290' title='bbox 1361 3291 1423 3344; x_wconf 84' lang='grc' dir='ltr'>τὸ</span> <span class='ocrx_word' id='word_1_291' title='bbox 1461 3291 1517 3343; x_wconf 87' lang='grc' dir='ltr'>δέ</span> <span class='ocrx_word' id='word_1_292' title='bbox 1559 3292 1852 3361; x_wconf 76' lang='grc' dir='ltr'>ἡμέτερον,</span> <span class='ocrx_word' id='word_1_293' title='bbox 1887 3294 1982 3346; x_wconf 76' lang='grc' dir='ltr'>καὶ</span> 
     </span>
    </p>
   </div>
   <div class='ocr_carea' id='block_1_37' title="bbox 297 3373 1982 3458">
    <p class='ocr_par' dir='ltr' id='par_1_37' title="bbox 297 3373 1982 3458">
     <span class='ocr_line' id='line_1_37' title="bbox 297 3373 1982 3458; baseline -0.007 -13"><span class='ocrx_word' id='word_1_294' title='bbox 297 3392 465 3445; x_wconf 91' lang='grc' dir='ltr'>πάλαι</span> <span class='ocrx_word' id='word_1_295' title='bbox 513 3384 872 3458; x_wconf 83' lang='grc' dir='ltr'>παραδεχθέν,</span> <span class='ocrx_word' id='word_1_296' title='bbox 907 3380 1066 3434; x_wconf 86' lang='grc' dir='ltr'>τοῦτο</span> <span class='ocrx_word' id='word_1_297' title='bbox 1122 3373 1276 3441; x_wconf 74' lang='grc' dir='ltr'>οὗτός</span> <span class='ocrx_word' id='word_1_298' title='bbox 1317 3395 1472 3449; x_wconf 75' lang='grc' dir='ltr'>φησι,</span> <span class='ocrx_word' id='word_1_299' title='bbox 1511 3379 1606 3431; x_wconf 75' lang='grc' dir='ltr'>καὶ</span> <span class='ocrx_word' id='word_1_300' title='bbox 1655 3380 1982 3452; x_wconf 89' lang='grc' dir='ltr'>ἐνδιατρίϐει</span> 
     </span>
    </p>
   </div>
   <div class='ocr_carea' id='block_1_38' title="bbox 295 3464 1978 3546">
    <p class='ocr_par' dir='ltr' id='par_1_38' title="bbox 295 3464 1978 3546">
     <span class='ocr_line' id='line_1_38' title="bbox 295 3464 1978 3546; baseline -0.007 -15"><span class='ocrx_word' id='word_1_301' title='bbox 295 3477 508 3546; x_wconf 85' lang='grc' dir='ltr'>ἐκείνῳ,</span> <span class='ocrx_word' id='word_1_302' title='bbox 541 3474 680 3543; x_wconf 86' lang='grc' dir='ltr'>ύπέρ</span> <span class='ocrx_word' id='word_1_303' title='bbox 706 3467 765 3525; x_wconf 75' lang='grc' dir='ltr'>οῦ</span> <span class='ocrx_word' id='word_1_304' title='bbox 791 3469 943 3522; x_wconf 80' lang='grc' dir='ltr'>οὐδὲν</span> <span class='ocrx_word' id='word_1_305' title='bbox 974 3467 1304 3536; x_wconf 86' lang='grc' dir='ltr'>γέγραπται,</span> <span class='ocrx_word' id='word_1_306' title='bbox 1334 3465 1422 3517; x_wconf 82' lang='grc' dir='ltr'>ἵνα</span> <span class='ocrx_word' id='word_1_307' title='bbox 1476 3464 1656 3518; x_wconf 79' lang='grc' dir='ltr'>αὐτῶν</span> <span class='ocrx_word' id='word_1_308' title='bbox 1705 3465 1978 3536; x_wconf 81' lang='grc' dir='ltr'>θεραπεύ-</span> 
     </span>
    </p>
   </div>
   <div class='ocr_carea' id='block_1_39' title="bbox 296 3549 1982 3632">
    <p class='ocr_par' dir='ltr' id='par_1_39' title="bbox 296 3549 1982 3632">
     <span class='ocr_line' id='line_1_39' title="bbox 296 3549 1982 3632; baseline -0.007 -13"><span class='ocrx_word' id='word_1_309' title='bbox 296 3583 396 3630; x_wconf 87' lang='grc' dir='ltr'>σας</span> <span class='ocrx_word' id='word_1_310' title='bbox 452 3563 551 3632; x_wconf 82' lang='grc' dir='ltr'>τὴν</span> <span class='ocrx_word' id='word_1_311' title='bbox 612 3549 852 3614; x_wconf 80' lang='grc' dir='ltr'>διάνοιαν</span> <span class='ocrx_word' id='word_1_312' title='bbox 886 3556 962 3628; x_wconf 81' lang='grc' dir='ltr'>τῷ</span> <span class='ocrx_word' id='word_1_313' title='bbox 1001 3555 1503 3623; x_wconf 79' lang='grc' dir='ltr'>συγκεχωρημένῳ,</span> <span class='ocrx_word' id='word_1_314' title='bbox 1551 3554 1822 3625; x_wconf 79' lang='grc' dir='ltr'>εὐκαίρως</span> <span class='ocrx_word' id='word_1_315' title='bbox 1873 3557 1982 3608; x_wconf 88' lang='grc' dir='ltr'>εἰσ-</span> 
     </span>
    </p>
   </div>
   <div class='ocr_carea' id='block_1_40' title="bbox 297 3635 1981 3718">
    <p class='ocr_par' dir='ltr' id='par_1_40' title="bbox 297 3635 1981 3718">
     <span class='ocr_line' id='line_1_40' title="bbox 297 3635 1981 3718; baseline -0.008 -16"><span class='ocrx_word' id='word_1_316' title='bbox 297 3648 484 3718; x_wconf 82' lang='grc' dir='ltr'>αγάγῃ</span> <span class='ocrx_word' id='word_1_317' title='bbox 516 3647 608 3698; x_wconf 76' lang='grc' dir='ltr'>καὶ</span> <span class='ocrx_word' id='word_1_318' title='bbox 637 3642 814 3695; x_wconf 90' lang='grc' dir='ltr'>τοῦτο.</span> <span class='ocrx_word' id='word_1_319' title='bbox 857 3640 955 3692; x_wconf 83' lang='grc' dir='ltr'>Διὸ</span> <span class='ocrx_word' id='word_1_320' title='bbox 986 3636 1101 3707; x_wconf 78' lang='grc' dir='ltr'>ἐγὼ</span> <span class='ocrx_word' id='word_1_321' title='bbox 1123 3641 1300 3704; x_wconf 73' lang='grc' dir='ltr'>κρίνω</span> <span class='ocrx_word' id='word_1_322' title='bbox 1319 3635 1406 3705; x_wconf 78' lang='grc' dir='ltr'>μὴ</span> <span class='ocrx_word' id='word_1_323' title='bbox 1438 3637 1835 3705; x_wconf 78' lang='grc' dir='ltr'>παρενοχλεῖν</span> <span class='ocrx_word' id='word_1_324' title='bbox 1855 3637 1981 3704; x_wconf 85' lang='grc' dir='ltr'>τοῖς</span> 
     </span>
    </p>
   </div>
   <div class='ocr_carea' id='block_1_41' title="bbox 296 3725 1981 3796">
    <p class='ocr_par' dir='ltr' id='par_1_41' title="bbox 296 3725 1981 3796">
     <span class='ocr_line' id='line_1_41' title="bbox 296 3725 1981 3796; baseline -0.006 -6"><span class='ocrx_word' id='word_1_325' title='bbox 296 3737 416 3790; x_wconf 77' lang='grc' dir='ltr'>ἀπὸ</span> <span class='ocrx_word' id='word_1_326' title='bbox 462 3731 579 3786; x_wconf 89' lang='grc' dir='ltr'>τῶν</span> <span class='ocrx_word' id='word_1_327' title='bbox 605 3729 796 3784; x_wconf 85' lang='grc' dir='ltr'>ἐθνῶν</span> <span class='ocrx_word' id='word_1_328' title='bbox 831 3726 1292 3796; x_wconf 68' lang='grc' dir='ltr'>ἐπιστρέφουσι·</span> <span class='ocrx_word' id='word_1_329' title='bbox 1331 3725 1595 3790; x_wconf 85' lang='grc' dir='ltr'>τουτέστι,</span> <span class='ocrx_word' id='word_1_330' title='bbox 1633 3725 1707 3796; x_wconf 80' lang='grc' dir='ltr'>μὴ</span> <span class='ocrx_word' id='word_1_331' title='bbox 1757 3725 1981 3796; x_wconf 85' lang='grc' dir='ltr'>ἀνατρέ-</span> 
     </span>
    </p>
   </div>
   <div class='ocr_carea' id='block_1_42' title="bbox 298 3808 1981 3888">
    <p class='ocr_par' dir='ltr' id='par_1_42' title="bbox 298 3808 1981 3888">
     <span class='ocr_line' id='line_1_42' title="bbox 298 3808 1981 3888; baseline -0.007 -13"><span class='ocrx_word' id='word_1_332' title='bbox 298 3838 441 3875; x_wconf 90' lang='grc' dir='ltr'>πειν.</span> <span class='ocrx_word' id='word_1_333' title='bbox 482 3821 544 3874; x_wconf 88' lang='grc' dir='ltr'>Εἰ</span> <span class='ocrx_word' id='word_1_334' title='bbox 579 3817 687 3888; x_wconf 77' lang='grc' dir='ltr'>γὰρ</span> <span class='ocrx_word' id='word_1_335' title='bbox 712 3818 740 3871; x_wconf 92' lang='lat'>0</span> <span class='ocrx_word' id='word_1_336' title='bbox 778 3815 908 3878; x_wconf 86' lang='grc' dir='ltr'>Θεὸς</span> <span class='ocrx_word' id='word_1_337' title='bbox 943 3814 1220 3876; x_wconf 88' lang='grc' dir='ltr'>ἐκάλεσεν,</span> <span class='ocrx_word' id='word_1_338' title='bbox 1262 3808 1418 3866; x_wconf 75' lang='grc' dir='ltr'>αὗται</span> <span class='ocrx_word' id='word_1_339' title='bbox 1469 3812 1525 3866; x_wconf 87' lang='grc' dir='ltr'>δέ</span> <span class='ocrx_word' id='word_1_340' title='bbox 1562 3815 1619 3866; x_wconf 91' lang='grc' dir='ltr'>αί</span> <span class='ocrx_word' id='word_1_341' title='bbox 1657 3814 1981 3885; x_wconf 81' lang='grc' dir='ltr'>παρατηρή-</span> 
     </span>
    </p>
   </div>
   <div class='ocr_carea' id='block_1_43' title="bbox 299 3901 1980 3979">
    <p class='ocr_par' dir='ltr' id='par_1_43' title="bbox 299 3901 1980 3979">
     <span class='ocr_line' id='line_1_43' title="bbox 299 3901 1980 3979; baseline -0.004 -15"><span class='ocrx_word' id='word_1_342' title='bbox 299 3929 413 3976; x_wconf 81' lang='grc' dir='ltr'>σεις</span> <span class='ocrx_word' id='word_1_343' title='bbox 441 3911 467 3950; x_wconf 74' lang='grc' dir='ltr'>δ</span> <span class='ocrx_word' id='word_1_344' title='bbox 503 3907 888 3979; x_wconf 83' lang='grc' dir='ltr'>ἀνατρέπουσι,</span> <span class='ocrx_word' id='word_1_345' title='bbox 928 3904 1006 3975; x_wconf 84' lang='grc' dir='ltr'>τῷ</span> <span class='ocrx_word' id='word_1_346' title='bbox 1060 3904 1178 3974; x_wconf 79' lang='grc' dir='ltr'>Θεῷ</span> <span class='ocrx_word' id='word_1_347' title='bbox 1221 3901 1586 3975; x_wconf 80' lang='grc' dir='ltr'>πολεμοῦμεν.</span> <span class='ocrx_word' id='word_1_348' title='bbox 1635 3905 1746 3958; x_wconf 80' lang='grc' dir='ltr'>Καὶ</span> <span class='ocrx_word' id='word_1_349' title='bbox 1799 3905 1980 3970; x_wconf 86' lang='grc' dir='ltr'>καλῶς</span> 
     </span>
    </p>
   </div>
   <div class='ocr_carea' id='block_1_44' title="bbox 299 3989 1979 4065">
    <p class='ocr_par' dir='ltr' id='par_1_44' title="bbox 299 3989 1979 4065">
     <span class='ocr_line' id='line_1_44' title="bbox 299 3989 1979 4065; baseline -0.004 -12"><span class='ocrx_word' id='word_1_350' title='bbox 299 3995 443 4063; x_wconf 84' lang='grc' dir='ltr'>εἷπε,</span> <span class='ocrx_word' id='word_1_351' title='bbox 519 3996 646 4061; x_wconf 86' lang='grc' dir='ltr'>Τοῖς</span> <span class='ocrx_word' id='word_1_352' title='bbox 699 3994 819 4048; x_wconf 83' lang='grc' dir='ltr'>ἀπὸ</span> <span class='ocrx_word' id='word_1_353' title='bbox 878 3992 996 4047; x_wconf 87' lang='grc' dir='ltr'>τῶν</span> <span class='ocrx_word' id='word_1_354' title='bbox 1052 3989 1245 4048; x_wconf 90' lang='grc' dir='ltr'>ἐθνῶν</span> <span class='ocrx_word' id='word_1_355' title='bbox 1299 3991 1754 4061; x_wconf 71' lang='grc' dir='ltr'>ἐπιστρέφουσι,</span> <span class='ocrx_word' id='word_1_356' title='bbox 1799 3993 1979 4065; x_wconf 88' lang='grc' dir='ltr'>δηλῶν</span> 
     </span>
    </p>
   </div>
   <div class='ocr_carea' id='block_1_45' title="bbox 299 4079 1978 4153">
    <p class='ocr_par' dir='ltr' id='par_1_45' title="bbox 299 4079 1978 4153">
     <span class='ocr_line' id='line_1_45' title="bbox 299 4079 1978 4153; baseline -0.004 -13"><span class='ocrx_word' id='word_1_357' title='bbox 299 4088 396 4142; x_wconf 79' lang='grc' dir='ltr'>καὶ</span> <span class='ocrx_word' id='word_1_358' title='bbox 424 4085 518 4138; x_wconf 92' lang='grc' dir='ltr'>τοῦ</span> <span class='ocrx_word' id='word_1_359' title='bbox 542 4082 676 4138; x_wconf 86' lang='grc' dir='ltr'>Θεοῦ</span> <span class='ocrx_word' id='word_1_360' title='bbox 705 4082 803 4153; x_wconf 82' lang='grc' dir='ltr'>τὴν</span> <span class='ocrx_word' id='word_1_361' title='bbox 837 4080 1044 4135; x_wconf 81' lang='grc' dir='ltr'>ἄνωθεν</span> <span class='ocrx_word' id='word_1_362' title='bbox 1105 4079 1232 4151; x_wconf 71' lang='grc' dir='ltr'>περὶ</span> <span class='ocrx_word' id='word_1_363' title='bbox 1267 4080 1466 4142; x_wconf 81' lang='grc' dir='ltr'>αὐτοὺς</span> <span class='ocrx_word' id='word_1_364' title='bbox 1515 4080 1848 4151; x_wconf 85' lang='grc' dir='ltr'>οἰκονομίαν,</span> <span class='ocrx_word' id='word_1_365' title='bbox 1883 4081 1978 4134; x_wconf 75' lang='grc' dir='ltr'>καὶ</span> 
     </span>
    </p>
   </div>
   <div class='ocr_carea' id='block_1_46' title="bbox 298 4168 1976 4239">
    <p class='ocr_par' dir='ltr' id='par_1_46' title="bbox 298 4168 1976 4239">
     <span class='ocr_line' id='line_1_46' title="bbox 298 4168 1976 4239; baseline -0.004 -11"><span class='ocrx_word' id='word_1_366' title='bbox 298 4175 360 4229; x_wconf 89' lang='lat'>10</span> <span class='ocrx_word' id='word_1_367' title='bbox 387 4173 591 4227; x_wconf 86' lang='grc' dir='ltr'>τούτων</span> <span class='ocrx_word' id='word_1_368' title='bbox 630 4169 960 4233; x_wconf 88' lang='grc' dir='ltr'>καταπειθές</span> <span class='ocrx_word' id='word_1_369' title='bbox 1009 4169 1104 4222; x_wconf 84' lang='grc' dir='ltr'>καὶ</span> <span class='ocrx_word' id='word_1_370' title='bbox 1149 4168 1366 4238; x_wconf 71' lang='grc' dir='ltr'>ἕτοιμον</span> <span class='ocrx_word' id='word_1_371' title='bbox 1392 4170 1472 4230; x_wconf 90' lang='grc' dir='ltr'>εἰς</span> <span class='ocrx_word' id='word_1_372' title='bbox 1521 4169 1620 4236; x_wconf 78' lang='grc' dir='ltr'>τὴν</span> <span class='ocrx_word' id='word_1_373' title='bbox 1666 4168 1880 4239; x_wconf 86' lang='grc' dir='ltr'>κλῆσιν.</span> <span class='ocrx_word' id='word_1_374' title='bbox 1911 4169 1976 4221; x_wconf 88' lang='grc' dir='ltr'>Τί</span> 
     </span>
    </p>
   </div>
   <div class='ocr_carea' id='block_1_47' title="bbox 299 4245 1976 4330">
    <p class='ocr_par' dir='ltr' id='par_1_47' title="bbox 299 4245 1976 4330">
     <span class='ocr_line' id='line_1_47' title="bbox 299 4245 1976 4330; baseline -0.004 -13"><span class='ocrx_word' id='word_1_375' title='bbox 299 4266 438 4328; x_wconf 85' lang='grc' dir='ltr'>ἐστι,</span> <span class='ocrx_word' id='word_1_376' title='bbox 468 4261 656 4330; x_wconf 80' lang='grc' dir='ltr'>Κρίνω</span> <span class='ocrx_word' id='word_1_377' title='bbox 681 4258 836 4328; x_wconf 77' lang='grc' dir='ltr'>ὲτώ;</span> <span class='ocrx_word' id='word_1_378' title='bbox 880 4258 1026 4309; x_wconf 78' lang='grc' dir='ltr'>Ἀντὶ</span> <span class='ocrx_word' id='word_1_379' title='bbox 1052 4245 1168 4320; x_wconf 86' lang='grc' dir='ltr'>τοῦ,</span> <span class='ocrx_word' id='word_1_380' title='bbox 1210 4255 1327 4325; x_wconf 82' lang='grc' dir='ltr'>μετ’</span> <span class='ocrx_word' id='word_1_381' title='bbox 1360 4253 1610 4320; x_wconf 85' lang='grc' dir='ltr'>ἐξουσίας</span> <span class='ocrx_word' id='word_1_382' title='bbox 1640 4255 1785 4323; x_wconf 89' lang='grc' dir='ltr'>λέγω</span> <span class='ocrx_word' id='word_1_383' title='bbox 1816 4256 1976 4310; x_wconf 91' lang='grc' dir='ltr'>τοῦτο</span> 
     </span>
    </p>
   </div>
   <div class='ocr_carea' id='block_1_48' title="bbox 301 4341 1972 4414">
    <p class='ocr_par' dir='ltr' id='par_1_48' title="bbox 301 4341 1972 4414">
     <span class='ocr_line' id='line_1_48' title="bbox 301 4341 1972 4414; baseline -0.004 -11"><span class='ocrx_word' id='word_1_384' title='bbox 301 4347 462 4405; x_wconf 76' lang='grc' dir='ltr'>εἶναι.</span> <span class='ocrx_word' id='word_1_385' title='bbox 491 4348 654 4402; x_wconf 76' lang='grc' dir='ltr'>Ἀλλ’</span> <span class='ocrx_word' id='word_1_386' title='bbox 688 4345 1018 4398; x_wconf 85' lang='grc' dir='ltr'>ἐπιστεῖλαι</span> <span class='ocrx_word' id='word_1_387' title='bbox 1043 4342 1248 4407; x_wconf 82' lang='grc' dir='ltr'>αὐτοῖς</span> <span class='ocrx_word' id='word_1_388' title='bbox 1279 4341 1385 4395; x_wconf 84' lang='grc' dir='ltr'>τοῦ</span> <span class='ocrx_word' id='word_1_389' title='bbox 1408 4342 1758 4410; x_wconf 83' lang='grc' dir='ltr'>ἀπέχεσθαι,</span> <span class='ocrx_word' id='word_1_390' title='bbox 1785 4344 1972 4414; x_wconf 75' lang='grc' dir='ltr'>φησὶν,</span> 
     </span>
    </p>
   </div>
   <div class='ocr_carea' id='block_1_49' title="bbox 303 4427 1976 4500">
    <p class='ocr_par' dir='ltr' id='par_1_49' title="bbox 303 4427 1976 4500">
     <span class='ocr_line' id='line_1_49' title="bbox 303 4427 1976 4500; baseline -0.004 -9"><span class='ocrx_word' id='word_1_391' title='bbox 303 4436 421 4491; x_wconf 84' lang='grc' dir='ltr'>ἀπὸ</span> <span class='ocrx_word' id='word_1_392' title='bbox 449 4433 568 4488; x_wconf 88' lang='grc' dir='ltr'>τῶν</span> <span class='ocrx_word' id='word_1_393' title='bbox 593 4429 1020 4500; x_wconf 73' lang='grc' dir='ltr'>ἀλισγημάτων</span> <span class='ocrx_word' id='word_1_394' title='bbox 1049 4427 1166 4482; x_wconf 82' lang='grc' dir='ltr'>τῶν</span> <span class='ocrx_word' id='word_1_395' title='bbox 1187 4428 1447 4482; x_wconf 79' lang='grc' dir='ltr'>εἰδώλων</span> <span class='ocrx_word' id='word_1_396' title='bbox 1473 4430 1573 4482; x_wconf 77' lang='grc' dir='ltr'>καὶ</span> <span class='ocrx_word' id='word_1_397' title='bbox 1615 4429 1716 4498; x_wconf 76' lang='grc' dir='ltr'>τῆς</span> <span class='ocrx_word' id='word_1_398' title='bbox 1749 4433 1976 4499; x_wconf 87' lang='grc' dir='ltr'>πορνεί-</span> 
     </span>
    </p>
   </div>
   <div class='ocr_carea' id='block_1_50' title="bbox 301 4511 1974 4590">
    <p class='ocr_par' dir='ltr' id='par_1_50' title="bbox 301 4511 1974 4590">
     <span class='ocr_line' id='line_1_50' title="bbox 301 4511 1974 4590; baseline -0.002 -13"><span class='ocrx_word' id='word_1_399' title='bbox 301 4540 376 4589; x_wconf 84' lang='grc' dir='ltr'>ας</span> <span class='ocrx_word' id='word_1_400' title='bbox 425 4521 524 4576; x_wconf 82' lang='grc' dir='ltr'>καί</span> <span class='ocrx_word' id='word_1_401' title='bbox 567 4519 674 4573; x_wconf 86' lang='grc' dir='ltr'>τοῦ</span> <span class='ocrx_word' id='word_1_402' title='bbox 721 4517 974 4571; x_wconf 83' lang='grc' dir='ltr'>πνικτοῦ</span> <span class='ocrx_word' id='word_1_403' title='bbox 1006 4515 1237 4570; x_wconf 76' lang='grc' dir='ltr'>καὶτοῦ</span> <span class='ocrx_word' id='word_1_404' title='bbox 1261 4517 1526 4586; x_wconf 78' lang='grc' dir='ltr'>αἵματος.</span> <span class='ocrx_word' id='word_1_405' title='bbox 1571 4511 1742 4572; x_wconf 70' lang='grc' dir='ltr'>Αὗται</span> <span class='ocrx_word' id='word_1_406' title='bbox 1783 4519 1892 4590; x_wconf 83' lang='grc' dir='ltr'>γὰρ</span> <span class='ocrx_word' id='word_1_407' title='bbox 1924 4521 1974 4574; x_wconf 89' lang='grc' dir='ltr'>εἰ</span> 
     </span>
    </p>
   </div>
   <div class='ocr_carea' id='block_1_51' title="bbox 303 4603 1972 4680">
    <p class='ocr_par' dir='ltr' id='par_1_51' title="bbox 303 4603 1972 4680">
     <span class='ocr_line' id='line_1_51' title="bbox 303 4603 1972 4680; baseline -0.002 -16"><span class='ocrx_word' id='word_1_408' title='bbox 303 4610 397 4664; x_wconf 70' lang='grc' dir='ltr'>καλ⁸</span> <span class='ocrx_word' id='word_1_409' title='bbox 455 4606 784 4678; x_wconf 76' lang='grc' dir='ltr'>σωματικαὶ,</span> <span class='ocrx_word' id='word_1_410' title='bbox 838 4603 954 4659; x_wconf 81' lang='grc' dir='ltr'>ἀλλ’</span> <span class='ocrx_word' id='word_1_411' title='bbox 1007 4606 1302 4673; x_wconf 81' lang='grc' dir='ltr'>ἀναγκαῖαι</span> <span class='ocrx_word' id='word_1_412' title='bbox 1355 4606 1738 4674; x_wconf 83' lang='grc' dir='ltr'>φυλάττεσθαι,</span> <span class='ocrx_word' id='word_1_413' title='bbox 1785 4609 1972 4680; x_wconf 85' lang='grc' dir='ltr'>ἐπειδὴ</span> 
     </span>
    </p>
   </div>
   <div class='ocr_carea' id='block_1_52' title="bbox 307 4693 1973 4770">
    <p class='ocr_par' dir='ltr' id='par_1_52' title="bbox 307 4693 1973 4770">
     <span class='ocr_line' id='line_1_52' title="bbox 307 4693 1973 4770; baseline -0.001 -18"><span class='ocrx_word' id='word_1_414' title='bbox 307 4697 519 4770; x_wconf 84' lang='grc' dir='ltr'>μεγάλα</span> <span class='ocrx_word' id='word_1_415' title='bbox 551 4694 866 4767; x_wconf 80' lang='grc' dir='ltr'>εἰργάζοντο</span> <span class='ocrx_word' id='word_1_416' title='bbox 885 4693 1051 4748; x_wconf 87' lang='grc' dir='ltr'>κακά.</span> <span class='ocrx_word' id='word_1_417' title='bbox 1097 4693 1209 4746; x_wconf 88' lang='lat' dir='ltr'>Kal</span> <span class='ocrx_word' id='word_1_418' title='bbox 1239 4693 1324 4746; x_wconf 80' lang='grc' dir='ltr'>ἵνα</span> <span class='ocrx_word' id='word_1_419' title='bbox 1356 4695 1429 4764; x_wconf 82' lang='grc' dir='ltr'>μή</span> <span class='ocrx_word' id='word_1_420' title='bbox 1457 4711 1542 4757; x_wconf 87' lang='grc' dir='ltr'>τις</span> <span class='ocrx_word' id='word_1_421' title='bbox 1573 4694 1973 4768; x_wconf 76' lang='grc' dir='ltr'>ἀνθυπενέγκη,</span> 
     </span>
    </p>
   </div>
   <div class='ocr_carea' id='block_1_53' title="bbox 305 4780 1976 4856">
    <p class='ocr_par' dir='ltr' id='par_1_53' title="bbox 305 4780 1976 4856">
     <span class='ocr_line' id='line_1_53' title="bbox 305 4780 1976 4856; baseline -0.004 -16"><span class='ocrx_word' id='word_1_422' title='bbox 305 4786 407 4840; x_wconf 88' lang='grc' dir='ltr'>Διά</span> <span class='ocrx_word' id='word_1_423' title='bbox 431 4784 485 4838; x_wconf 89' lang='grc' dir='ltr'>τί</span> <span class='ocrx_word' id='word_1_424' title='bbox 511 4784 588 4856; x_wconf 77' lang='grc' dir='ltr'>μὴ</span> <span class='ocrx_word' id='word_1_425' title='bbox 618 4783 714 4837; x_wconf 76' lang='grc' dir='ltr'>καὶ</span> <span class='ocrx_word' id='word_1_426' title='bbox 743 4782 1016 4844; x_wconf 89' lang='grc' dir='ltr'>Ἰουδαίοις</span> <span class='ocrx_word' id='word_1_427' title='bbox 1050 4781 1118 4834; x_wconf 83' lang='grc' dir='ltr'>τὰ</span> <span class='ocrx_word' id='word_1_428' title='bbox 1148 4781 1285 4834; x_wconf 79' lang='grc' dir='ltr'>αὐτὰ</span> <span class='ocrx_word' id='word_1_429' title='bbox 1313 4780 1729 4852; x_wconf 83' lang='grc' dir='ltr'>ἐπιστέλλομεν;</span> <span class='ocrx_word' id='word_1_430' title='bbox 1764 4785 1976 4854; x_wconf 86' lang='grc' dir='ltr'>ἐπήγα-</span> 
     </span>
    </p>
   </div>
   <div class='ocr_carea' id='block_1_54' title="bbox 304 4867 1975 4943">
    <p class='ocr_par' dir='ltr' id='par_1_54' title="bbox 304 4867 1975 4943">
     <span class='ocr_line' id='line_1_54' title="bbox 304 4867 1975 4943; baseline 0.005 -25"><span class='ocrx_word' id='word_1_431' title='bbox 304 4891 371 4943; x_wconf 81' lang='grc' dir='ltr'>γε</span> <span class='ocrx_word' id='word_1_432' title='bbox 405 4872 608 4942; x_wconf 73' lang='grc' dir='ltr'>λέγων’</span> <span class='ocrx_word' id='word_1_433' title='bbox 639 4867 902 4936; x_wconf 83' lang='grc' dir='ltr'>Μωῦσῆς</span> <span class='ocrx_word' id='word_1_434' title='bbox 927 4869 995 4922; x_wconf 82' lang='grc' dir='ltr'>ἐκ</span> <span class='ocrx_word' id='word_1_435' title='bbox 1026 4867 1248 4939; x_wconf 78' lang='grc' dir='ltr'>γενεῶν</span> <span class='ocrx_word' id='word_1_436' title='bbox 1275 4869 1538 4937; x_wconf 83' lang='grc' dir='ltr'>ἀρχαίων</span> <span class='ocrx_word' id='word_1_437' title='bbox 1580 4872 1730 4924; x_wconf 81' lang='grc' dir='ltr'>κατὰ</span> <span class='ocrx_word' id='word_1_438' title='bbox 1792 4874 1975 4926; x_wconf 89' lang='grc' dir='ltr'>πόλιν</span> 
     </span>
    </p>
   </div>
   <div class='ocr_carea' id='block_1_55' title="bbox 306 4955 1976 5032">
    <p class='ocr_par' dir='ltr' id='par_1_55' title="bbox 306 4955 1976 5032">
     <span class='ocr_line' id='line_1_55' title="bbox 306 4955 1976 5032; baseline -0.001 -18"><span class='ocrx_word' id='word_1_439' title='bbox 306 4959 448 5026; x_wconf 83' lang='grc' dir='ltr'>τοὺς</span> <span class='ocrx_word' id='word_1_440' title='bbox 483 4959 907 5027; x_wconf 84' lang='grc' dir='ltr'>κηρύσσοντας</span> <span class='ocrx_word' id='word_1_441' title='bbox 949 4956 1168 5011; x_wconf 83' lang='grc' dir='ltr'>ἑαυτὸν</span> <span class='ocrx_word' id='word_1_442' title='bbox 1199 4955 1358 5024; x_wconf 73' lang='grc' dir='ltr'>ἔχει’</span> <span class='ocrx_word' id='word_1_443' title='bbox 1415 4957 1682 5024; x_wconf 87' lang='grc' dir='ltr'>τουτέστι,</span> <span class='ocrx_word' id='word_1_444' title='bbox 1735 4960 1976 5032; x_wconf 86' lang='grc' dir='ltr'>Μωῦσῆς</span> 
     </span>
    </p>
   </div>
   <div class='ocr_carea' id='block_1_56' title="bbox 308 5038 1976 5111">
    <p class='ocr_par' dir='ltr' id='par_1_56' title="bbox 308 5038 1976 5111">
     <span class='ocr_line' id='line_1_56' title="bbox 308 5038 1976 5111; baseline 0.001 -14"><span class='ocrx_word' id='word_1_445' title='bbox 308 5043 487 5105; x_wconf 80' lang='grc' dir='ltr'>αὐτοῖς</span> <span class='ocrx_word' id='word_1_446' title='bbox 519 5041 824 5111; x_wconf 88' lang='grc' dir='ltr'>διαλέγεται</span> <span class='ocrx_word' id='word_1_447' title='bbox 875 5040 1134 5110; x_wconf 89' lang='grc' dir='ltr'>συνεχῶς.</span> <span class='ocrx_word' id='word_1_448' title='bbox 1173 5039 1342 5092; x_wconf 90' lang='grc' dir='ltr'>Τοῦτο</span> <span class='ocrx_word' id='word_1_449' title='bbox 1390 5038 1498 5110; x_wconf 92' lang='grc' dir='ltr'>γάρ</span> <span class='ocrx_word' id='word_1_450' title='bbox 1525 5041 1640 5093; x_wconf 88' lang='grc' dir='ltr'>ἐστι</span> <span class='ocrx_word' id='word_1_451' title='bbox 1701 5042 1783 5108; x_wconf 88' lang='lat'>10,</span> <span class='ocrx_word' id='word_1_452' title='bbox 1820 5044 1976 5098; x_wconf 82' lang='grc' dir='ltr'>Κατά</span> 
     </span>
    </p>
   </div>
   <div class='ocr_carea' id='block_1_57' title="bbox 309 5123 1975 5200">
    <p class='ocr_par' dir='ltr' id='par_1_57' title="bbox 309 5123 1975 5200">
     <span class='ocr_line' id='line_1_57' title="bbox 309 5123 1975 5200; baseline -0.002 -16"><span class='ocrx_word' id='word_1_453' title='bbox 309 5123 419 5184; x_wconf 79' lang='grc' dir='ltr'>πάν</span> <span class='ocrx_word' id='word_1_454' title='bbox 453 5127 718 5182; x_wconf 86' lang='grc' dir='ltr'>σάϐϐατον</span> <span class='ocrx_word' id='word_1_455' title='bbox 773 5127 1299 5197; x_wconf 86' lang='grc' dir='ltr'>ἀναγινωσκόμενος.</span> <span class='ocrx_word' id='word_1_456' title='bbox 1332 5126 1476 5196; x_wconf 85' lang='grc' dir='ltr'>Ὅρα</span> <span class='ocrx_word' id='word_1_457' title='bbox 1521 5126 1662 5199; x_wconf 90' lang='grc' dir='ltr'>πόση</span> <span class='ocrx_word' id='word_1_458' title='bbox 1695 5131 1728 5200; x_wconf 81' lang='grc' dir='ltr'><strong>ἡ</strong></span> <span class='ocrx_word' id='word_1_459' title='bbox 1768 5147 1975 5198; x_wconf 86' lang='grc' dir='ltr'>συγκα-</span> 
     </span>
    </p>
   </div>
   <div class='ocr_carea' id='block_1_58' title="bbox 309 5212 1976 5284">
    <p class='ocr_par' dir='ltr' id='par_1_58' title="bbox 309 5212 1976 5284">
     <span class='ocr_line' id='line_1_58' title="bbox 309 5212 1976 5284; baseline -0.001 -11"><span class='ocrx_word' id='word_1_460' title='bbox 309 5215 560 5278; x_wconf 81' lang='grc' dir='ltr'>τάϐασις.</span> <span class='ocrx_word' id='word_1_461' title='bbox 594 5213 764 5268; x_wconf 83' lang='grc' dir='ltr'>Ἔνθα</span> <span class='ocrx_word' id='word_1_462' title='bbox 788 5213 941 5266; x_wconf 82' lang='grc' dir='ltr'>οὐδὲν</span> <span class='ocrx_word' id='word_1_463' title='bbox 962 5212 1250 5279; x_wconf 74' lang='grc' dir='ltr'>ἔϐλαπτεν,</span> <span class='ocrx_word' id='word_1_464' title='bbox 1276 5213 1575 5284; x_wconf 84' lang='grc' dir='ltr'>ἐπέστησεν</span> <span class='ocrx_word' id='word_1_465' title='bbox 1610 5215 1794 5280; x_wconf 81' lang='grc' dir='ltr'>αὐτοῖς</span> <span class='ocrx_word' id='word_1_466' title='bbox 1831 5217 1976 5272; x_wconf 87' lang='grc' dir='ltr'>διδά-</span> 
     </span>
    </p>
   </div>
   <div class='ocr_carea' id='block_1_59' title="bbox 309 5301 1978 5372">
    <p class='ocr_par' dir='ltr' id='par_1_59' title="bbox 309 5301 1978 5372">
     <span class='ocr_line' id='line_1_59' title="bbox 309 5301 1978 5372; baseline 0 -12"><span class='ocrx_word' id='word_1_467' title='bbox 309 5304 530 5368; x_wconf 89' lang='grc' dir='ltr'>σκαλον,</span> <span class='ocrx_word' id='word_1_468' title='bbox 563 5301 658 5355; x_wconf 75' lang='grc' dir='ltr'>καὶ</span> <span class='ocrx_word' id='word_1_469' title='bbox 702 5301 990 5372; x_wconf 88' lang='grc' dir='ltr'>ἐχαρίσατο</span> <span class='ocrx_word' id='word_1_470' title='bbox 1040 5302 1198 5372; x_wconf 88' lang='grc' dir='ltr'>χάριν</span> <span class='ocrx_word' id='word_1_471' title='bbox 1225 5301 1379 5354; x_wconf 79' lang='grc' dir='ltr'>οὐδὲν</span> <span class='ocrx_word' id='word_1_472' title='bbox 1423 5303 1841 5372; x_wconf 79' lang='grc' dir='ltr'>ἐμποδίζουσαν,</span> <span class='ocrx_word' id='word_1_473' title='bbox 1863 5307 1978 5360; x_wconf 89' lang='grc' dir='ltr'>ἐπι-</span> 
     </span>
    </p>
   </div>
   <div class='ocr_carea' id='block_1_60' title="bbox 308 5384 1977 5465">
    <p class='ocr_par' dir='ltr' id='par_1_60' title="bbox 308 5384 1977 5465">
     <span class='ocr_line' id='line_1_60' title="bbox 308 5384 1977 5465; baseline 0.001 -19"><span class='ocrx_word' id='word_1_474' title='bbox 308 5393 515 5465; x_wconf 81' lang='grc' dir='ltr'>τρέψας</span> <span class='ocrx_word' id='word_1_475' title='bbox 543 5388 812 5452; x_wconf 86' lang='grc' dir='ltr'>Ἱουδαίοις</span> <span class='ocrx_word' id='word_1_476' title='bbox 835 5388 1056 5442; x_wconf 83' lang='grc' dir='ltr'>ἀκούειν</span> <span class='ocrx_word' id='word_1_477' title='bbox 1099 5384 1264 5445; x_wconf 83' lang='grc' dir='ltr'>αὑτοῦ</span> <span class='ocrx_word' id='word_1_478' title='bbox 1317 5390 1458 5445; x_wconf 89' lang='grc' dir='ltr'>κατά</span> <span class='ocrx_word' id='word_1_479' title='bbox 1490 5391 1687 5459; x_wconf 89' lang='grc' dir='ltr'>πάντα,</span> <span class='ocrx_word' id='word_1_480' title='bbox 1716 5396 1810 5448; x_wconf 82' lang='grc' dir='ltr'>καί</span> <span class='ocrx_word' id='word_1_481' title='bbox 1869 5396 1977 5448; x_wconf 76' lang='grc' dir='ltr'>ἀπο</span> 
     </span>
    </p>
   </div>
   <div class='ocr_carea' id='block_1_61' title="bbox 309 5471 1973 5553">
    <p class='ocr_par' dir='ltr' id='par_1_61' title="bbox 309 5471 1973 5553">
     <span class='ocr_line' id='line_1_61' title="bbox 309 5471 1973 5553; baseline 0.002 -22"><span class='ocrx_word' id='word_1_482' title='bbox 309 5482 460 5548; x_wconf 83' lang='grc' dir='ltr'>άγων</span> <span class='ocrx_word' id='word_1_483' title='bbox 510 5477 637 5541; x_wconf 79' lang='grc' dir='ltr'>τοὺς</span> <span class='ocrx_word' id='word_1_484' title='bbox 674 5475 734 5541; x_wconf 87' lang='grc' dir='ltr'>ἐξ</span> <span class='ocrx_word' id='word_1_485' title='bbox 762 5475 932 5530; x_wconf 85' lang='grc' dir='ltr'>ἐθνῶν</span> <span class='ocrx_word' id='word_1_486' title='bbox 952 5492 966 5507; x_wconf 80' lang='grc' dir='ltr'><strong><em>ο</em></strong></span> <span class='ocrx_word' id='word_1_487' title='bbox 1015 5473 1134 5531; x_wconf 82' lang='grc' dir='ltr'>εἷτα</span> <span class='ocrx_word' id='word_1_488' title='bbox 1159 5477 1226 5530; x_wconf 85' lang='grc' dir='ltr'>δι’</span> <span class='ocrx_word' id='word_1_489' title='bbox 1255 5471 1330 5532; x_wconf 79' lang='grc' dir='ltr'>ὧν</span> <span class='ocrx_word' id='word_1_490' title='bbox 1377 5478 1554 5546; x_wconf 72' lang='grc' dir='ltr'>ἔδοξεν</span> <span class='ocrx_word' id='word_1_491' title='bbox 1600 5481 1762 5534; x_wconf 81' lang='grc' dir='ltr'>αὑτὸν</span> <span class='ocrx_word' id='word_1_492' title='bbox 1787 5485 1973 5553; x_wconf 84' lang='grc' dir='ltr'>τιμᾷν,</span> 
     </span>
    </p>
   </div>
   <div class='ocr_carea' id='block_1_62' title="bbox 309 5563 1974 5638">
    <p class='ocr_par' dir='ltr' id='par_1_62' title="bbox 309 5563 1974 5638">
     <span class='ocr_line' id='line_1_62' title="bbox 309 5563 1974 5638; baseline -0.001 -17"><span class='ocrx_word' id='word_1_493' title='bbox 309 5567 402 5621; x_wconf 76' lang='grc' dir='ltr'>καὶ</span> <span class='ocrx_word' id='word_1_494' title='bbox 432 5564 714 5634; x_wconf 85' lang='grc' dir='ltr'>ἐφιστάναι</span> <span class='ocrx_word' id='word_1_495' title='bbox 741 5564 855 5628; x_wconf 87' lang='grc' dir='ltr'>τοῖς</span> <span class='ocrx_word' id='word_1_496' title='bbox 877 5563 1092 5631; x_wconf 89' lang='grc' dir='ltr'>ἐαυτοῦ,</span> <span class='ocrx_word' id='word_1_497' title='bbox 1121 5563 1210 5619; x_wconf 73' lang='grc' dir='ltr'>διὰ</span> <span class='ocrx_word' id='word_1_498' title='bbox 1231 5564 1436 5619; x_wconf 88' lang='grc' dir='ltr'>τούτων</span> <span class='ocrx_word' id='word_1_499' title='bbox 1467 5567 1723 5636; x_wconf 84' lang='grc' dir='ltr'>ἀπήγαγε</span> <span class='ocrx_word' id='word_1_500' title='bbox 1748 5567 1814 5620; x_wconf 81' lang='grc' dir='ltr'>τά</span> <span class='ocrx_word' id='word_1_501' title='bbox 1846 5567 1974 5638; x_wconf 76' lang='grc' dir='ltr'>ἔθνη</span> 
     </span>
    </p>
   </div>
   <div class='ocr_carea' id='block_1_63' title="bbox 310 5647 1974 5726">
    <p class='ocr_par' dir='ltr' id='par_1_63' title="bbox 310 5647 1974 5726">
     <span class='ocr_line' id='line_1_63' title="bbox 310 5647 1974 5726; baseline 0.004 -24"><span class='ocrx_word' id='word_1_502' title='bbox 310 5651 370 5715; x_wconf 84' lang='grc' dir='ltr'>ἐξ</span> <span class='ocrx_word' id='word_1_503' title='bbox 415 5651 598 5706; x_wconf 74' lang='grc' dir='ltr'>αὑτοῦ.</span> <span class='ocrx_word' id='word_1_504' title='bbox 643 5649 742 5707; x_wconf 88' lang='grc' dir='ltr'>Διά</span> <span class='ocrx_word' id='word_1_505' title='bbox 797 5651 847 5704; x_wconf 89' lang='grc' dir='ltr'>τί</span> <span class='ocrx_word' id='word_1_506' title='bbox 886 5647 978 5705; x_wconf 69' lang='grc' dir='ltr'>οὖν</span> <span class='ocrx_word' id='word_1_507' title='bbox 1011 5651 1086 5724; x_wconf 82' lang='grc' dir='ltr'>μὴ</span> <span class='ocrx_word' id='word_1_508' title='bbox 1117 5653 1246 5725; x_wconf 77' lang='grc' dir='ltr'>παρ’</span> <span class='ocrx_word' id='word_1_509' title='bbox 1273 5653 1436 5707; x_wconf 77' lang='grc' dir='ltr'>αὐτοῦ</span> <span class='ocrx_word' id='word_1_510' title='bbox 1472 5655 1836 5726; x_wconf 82' lang='grc' dir='ltr'>μανθάνουσι;</span> <span class='ocrx_word' id='word_1_511' title='bbox 1877 5657 1974 5709; x_wconf 74' lang='grc' dir='ltr'>Διὰ</span> 
     </span>
    </p>
   </div>
   <div class='ocr_carea' id='block_1_64' title="bbox 373 5787 1972 5860">
    <p class='ocr_par' dir='ltr' id='par_1_64' title="bbox 373 5787 1972 5860">
     <span class='ocr_line' id='line_1_64' title="bbox 373 5787 1972 5860; baseline 0.001 -21"><span class='ocrx_word' id='word_1_512' title='bbox 373 5787 390 5809; x_wconf 89' lang='grc'><strong><em>⁸</em></strong></span> <span class='ocrx_word' id='word_1_513' title='bbox 421 5789 622 5858; x_wconf 68' lang='lat' dir='ltr'>HorcL,</span> <span class='ocrx_word' id='word_1_514' title='bbox 650 5794 950 5860; x_wconf 81' lang='grc' dir='ltr'>δημηγορεῖν.</span> <span class='ocrx_word' id='word_1_515' title='bbox 1019 5792 1045 5835; x_wconf 68' lang='grc'>1³</span> <span class='ocrx_word' id='word_1_516' title='bbox 1068 5796 1184 5860; x_wconf 73' lang='lat' dir='ltr'>Alii,</span> <span class='ocrx_word' id='word_1_517' title='bbox 1230 5796 1481 5848; x_wconf 59' lang='grc' dir='ltr'>ἐκάλεσενδ</span> <span class='ocrx_word' id='word_1_518' title='bbox 1529 5799 1576 5846; x_wconf 78' lang='grc' dir='ltr'>αἰ</span> <span class='ocrx_word' id='word_1_519' title='bbox 1620 5796 1667 5845; x_wconf 76' lang='grc' dir='ltr'>δὲ</span> <span class='ocrx_word' id='word_1_520' title='bbox 1701 5795 1972 5858; x_wconf 75' lang='grc' dir='ltr'>παρατηρή-</span> 
     </span>
    </p>
   </div>
   <div class='ocr_carea' id='block_1_65' title="bbox 329 5883 440 5924">
    <p class='ocr_par' dir='ltr' id='par_1_65' title="bbox 329 5883 440 5924">
     <span class='ocr_line' id='line_1_65' title="bbox 329 5883 440 5924; baseline 0.027 -10"><span class='ocrx_word' id='word_1_521' title='bbox 329 5883 440 5924; x_wconf 83' lang='grc' dir='ltr'>σιις.</span> 
     </span>
    </p>
   </div>
   <div class='ocr_carea' id='block_1_66' title="bbox 1111 211 2968 278">
    <p class='ocr_par' dir='ltr' id='par_1_66' title="bbox 1111 211 2968 278">
     <span class='ocr_line' id='line_1_66' title="bbox 1111 211 2968 278; baseline -0.005 -1"><span class='ocrx_word' id='word_1_522' title='bbox 1111 222 1170 278; x_wconf 90' lang='lat' dir='ltr'>S.</span> <span class='ocrx_word' id='word_1_523' title='bbox 1203 217 1486 278; x_wconf 76' lang='lat' dir='ltr'>JOANNIS</span> <span class='ocrx_word' id='word_1_524' title='bbox 1521 213 2010 276; x_wconf 77' lang='lat' dir='ltr'>CHRYSOSTOMI</span> <span class='ocrx_word' id='word_1_525' title='bbox 2055 211 2381 270; x_wconf 74' lang='lat' dir='ltr'>ABCHIEP.</span> <span class='ocrx_word' id='word_1_526' title='bbox 2425 211 2968 269; x_wconf 78' lang='lat' dir='ltr'>CONSTANTINOI&#39;.</span> 
     </span>
    </p>
   </div>
   <div class='ocr_carea' id='block_1_67' title="bbox 3650 215 3759 269">
    <p class='ocr_par' dir='ltr' id='par_1_67' title="bbox 3650 215 3759 269">
     <span class='ocr_line' id='line_1_67' title="bbox 3650 215 3759 269; baseline 0.009 -1"><span class='ocrx_word' id='word_1_527' title='bbox 3650 215 3759 269; x_wconf 65' lang='grc' dir='ltr'><strong>9τεῖ</strong></span> 
     </span>
    </p>
   </div>
   <div class='ocr_carea' id='block_1_68' title="bbox 2081 324 3763 398">
    <p class='ocr_par' dir='ltr' id='par_1_68' title="bbox 2081 324 3763 398">
     <span class='ocr_line' id='line_1_68' title="bbox 2081 324 3763 398; baseline 0.005 -18"><span class='ocrx_word' id='word_1_528' title='bbox 2081 326 2180 398; x_wconf 78' lang='grc' dir='ltr'>τὴν</span> <span class='ocrx_word' id='word_1_529' title='bbox 2225 327 2431 381; x_wconf 88' lang='grc' dir='ltr'>οἰκείαν</span> <span class='ocrx_word' id='word_1_530' title='bbox 2477 327 2780 382; x_wconf 86' lang='grc' dir='ltr'>ἀπείθειαν.</span> <span class='ocrx_word' id='word_1_531' title='bbox 2845 324 3123 380; x_wconf 84' lang='grc' dir='ltr'>Ἐντεῦθεν</span> <span class='ocrx_word' id='word_1_532' title='bbox 3167 325 3463 394; x_wconf 84' lang='grc' dir='ltr'>δείκνυσιν,</span> <span class='ocrx_word' id='word_1_533' title='bbox 3523 332 3610 387; x_wconf 86' lang='grc' dir='ltr'>ὃτι</span> <span class='ocrx_word' id='word_1_534' title='bbox 3663 336 3763 389; x_wconf 81' lang='grc' dir='ltr'>καὶ</span> 
     </span>
    </p>
   </div>
   <div class='ocr_carea' id='block_1_69' title="bbox 2080 411 3759 491">
    <p class='ocr_par' dir='ltr' id='par_1_69' title="bbox 2080 411 3759 491">
     <span class='ocr_line' id='line_1_69' title="bbox 2080 411 3759 491; baseline 0.004 -23"><span class='ocrx_word' id='word_1_535' title='bbox 2080 415 2304 478; x_wconf 87' lang='grc' dir='ltr'>τούτους</span> <span class='ocrx_word' id='word_1_536' title='bbox 2323 415 2471 468; x_wconf 79' lang='grc' dir='ltr'>οὐδὲν</span> <span class='ocrx_word' id='word_1_537' title='bbox 2485 415 2646 469; x_wconf 89' lang='grc' dir='ltr'>πλέον</span> <span class='ocrx_word' id='word_1_538' title='bbox 2656 415 2734 468; x_wconf 78' lang='grc' dir='ltr'>δεῖ</span> <span class='ocrx_word' id='word_1_539' title='bbox 2752 413 3058 484; x_wconf 79' lang='grc' dir='ltr'>φυλάττειν.</span> <span class='ocrx_word' id='word_1_540' title='bbox 3079 411 3140 466; x_wconf 85' lang='grc' dir='ltr'>Εἰ</span> <span class='ocrx_word' id='word_1_541' title='bbox 3158 413 3215 468; x_wconf 86' lang='grc' dir='ltr'>δέ</span> <span class='ocrx_word' id='word_1_542' title='bbox 3231 415 3328 468; x_wconf 81' lang='grc' dir='ltr'>οὐκ</span> <span class='ocrx_word' id='word_1_543' title='bbox 3344 418 3759 491; x_wconf 85' lang='grc' dir='ltr'>ἐπιστέλλομεν,</span> 
     </span>
    </p>
   </div>
   <div class='ocr_carea' id='block_1_70' title="bbox 2079 499 3761 577">
    <p class='ocr_par' dir='ltr' id='par_1_70' title="bbox 2079 499 3761 577">
     <span class='ocr_line' id='line_1_70' title="bbox 2079 499 3761 577; baseline 0.004 -23"><span class='ocrx_word' id='word_1_544' title='bbox 2079 502 2176 572; x_wconf 79' lang='grc' dir='ltr'>οὐχ</span> <span class='ocrx_word' id='word_1_545' title='bbox 2193 500 2268 565; x_wconf 88' lang='grc' dir='ltr'>ὡς</span> <span class='ocrx_word' id='word_1_546' title='bbox 2281 501 2599 571; x_wconf 82' lang='grc' dir='ltr'>ὀφειλόντων</span> <span class='ocrx_word' id='word_1_547' title='bbox 2611 500 2790 565; x_wconf 77' lang='grc' dir='ltr'>αὐτῶν</span> <span class='ocrx_word' id='word_1_548' title='bbox 2811 500 2972 553; x_wconf 88' lang='grc' dir='ltr'>πλέον</span> <span class='ocrx_word' id='word_1_549' title='bbox 2989 517 3038 552; x_wconf 86' lang='grc' dir='ltr'>τι</span> <span class='ocrx_word' id='word_1_550' title='bbox 3063 499 3368 567; x_wconf 79' lang='grc' dir='ltr'>φυλάττειν,</span> <span class='ocrx_word' id='word_1_551' title='bbox 3385 503 3503 556; x_wconf 84' lang='grc' dir='ltr'>ἀλλ’</span> <span class='ocrx_word' id='word_1_552' title='bbox 3517 506 3593 569; x_wconf 85' lang='grc' dir='ltr'>ὡς</span> <span class='ocrx_word' id='word_1_553' title='bbox 3610 507 3761 577; x_wconf 83' lang='grc' dir='ltr'>ἐχόν-</span> 
     </span>
    </p>
   </div>
   <div class='ocr_carea' id='block_1_71' title="bbox 2075 583 3759 658">
    <p class='ocr_par' dir='ltr' id='par_1_71' title="bbox 2075 583 3759 658">
     <span class='ocr_line' id='line_1_71' title="bbox 2075 583 3759 658; baseline 0.004 -16"><span class='ocrx_word' id='word_1_554' title='bbox 2075 607 2182 643; x_wconf 85' lang='grc' dir='ltr'>των</span> <span class='ocrx_word' id='word_1_555' title='bbox 2198 590 2288 643; x_wconf 85' lang='grc' dir='ltr'>τὸν</span> <span class='ocrx_word' id='word_1_556' title='bbox 2304 589 2554 658; x_wconf 89' lang='grc' dir='ltr'>λέγοντα.</span> <span class='ocrx_word' id='word_1_557' title='bbox 2581 589 2688 642; x_wconf 88' lang='lat' dir='ltr'>Kal</span> <span class='ocrx_word' id='word_1_558' title='bbox 2708 590 2810 642; x_wconf 85' lang='grc' dir='ltr'>οὑκ</span> <span class='ocrx_word' id='word_1_559' title='bbox 2834 583 2978 649; x_wconf 82' lang='grc' dir='ltr'>εἷπε,</span> <span class='ocrx_word' id='word_1_560' title='bbox 3021 588 3112 657; x_wconf 84' lang='grc' dir='ltr'>Μὴ</span> <span class='ocrx_word' id='word_1_561' title='bbox 3158 590 3529 655; x_wconf 81' lang='grc' dir='ltr'>σκανδαλίζειν</span> <span class='ocrx_word' id='word_1_562' title='bbox 3558 595 3759 658; x_wconf 76' lang='grc' dir='ltr'>αὐτοὺς</span> 
     </span>
    </p>
   </div>
   <div class='ocr_carea' id='block_1_72' title="bbox 2079 673 3755 747">
    <p class='ocr_par' dir='ltr' id='par_1_72' title="bbox 2079 673 3755 747">
     <span class='ocr_line' id='line_1_72' title="bbox 2079 673 3755 747; baseline 0.001 -17"><span class='ocrx_word' id='word_1_563' title='bbox 2079 677 2214 746; x_wconf 82' lang='grc' dir='ltr'>μηδὲ</span> <span class='ocrx_word' id='word_1_564' title='bbox 2247 676 2668 746; x_wconf 81' lang='grc' dir='ltr'>καταστρέφειν,</span> <span class='ocrx_word' id='word_1_565' title='bbox 2691 676 2828 745; x_wconf 83' lang='grc' dir='ltr'>ὅπερ</span> <span class='ocrx_word' id='word_1_566' title='bbox 2855 673 3068 736; x_wconf 87' lang='grc' dir='ltr'>Παῦλος</span> <span class='ocrx_word' id='word_1_567' title='bbox 3097 674 3244 742; x_wconf 85' lang='grc' dir='ltr'>λέγει</span> <span class='ocrx_word' id='word_1_568' title='bbox 3284 675 3572 742; x_wconf 86' lang='grc' dir='ltr'>Γαλάταις,</span> <span class='ocrx_word' id='word_1_569' title='bbox 3596 678 3755 747; x_wconf 85' lang='grc' dir='ltr'>ἀλλὰ,</span> 
     </span>
    </p>
   </div>
   <div class='ocr_carea' id='block_1_73' title="bbox 2075 759 3751 834">
    <p class='ocr_par' dir='ltr' id='par_1_73' title="bbox 2075 759 3751 834">
     <span class='ocr_line' id='line_1_73' title="bbox 2075 759 3751 834; baseline 0.001 -18"><span class='ocrx_word' id='word_1_570' title='bbox 2075 761 2172 828; x_wconf 80' lang='grc' dir='ltr'>Μὴ</span> <span class='ocrx_word' id='word_1_571' title='bbox 2185 761 2584 830; x_wconf 80' lang='grc' dir='ltr'>παρενοχλεῖν</span> <span class='ocrx_word' id='word_1_572' title='bbox 2601 777 2614 791; x_wconf 79' lang='grc'><strong>⁸</strong></span> <span class='ocrx_word' id='word_1_573' title='bbox 2633 761 2770 832; x_wconf 86' lang='grc' dir='ltr'>ὅπερ</span> <span class='ocrx_word' id='word_1_574' title='bbox 2786 761 2936 814; x_wconf 83' lang='grc' dir='ltr'>οὐδὲν</span> <span class='ocrx_word' id='word_1_575' title='bbox 2949 759 3218 812; x_wconf 89' lang='grc' dir='ltr'>δείκνυσιν</span> <span class='ocrx_word' id='word_1_576' title='bbox 3241 759 3299 813; x_wconf 85' lang='grc' dir='ltr'>δν</span> <span class='ocrx_word' id='word_1_577' title='bbox 3316 761 3376 813; x_wconf 89' lang='lat'>10</span> <span class='ocrx_word' id='word_1_578' title='bbox 3397 763 3751 834; x_wconf 85' lang='grc' dir='ltr'>κατόρθωμα,</span> 
     </span>
    </p>
   </div>
   <div class='ocr_carea' id='block_1_74' title="bbox 2074 843 3753 919">
    <p class='ocr_par' dir='ltr' id='par_1_74' title="bbox 2074 843 3753 919">
     <span class='ocr_line' id='line_1_74' title="bbox 2074 843 3753 919; baseline 0.002 -19"><span class='ocrx_word' id='word_1_579' title='bbox 2074 847 2189 900; x_wconf 87' lang='grc' dir='ltr'>ἀλλ’</span> <span class='ocrx_word' id='word_1_580' title='bbox 2217 848 2249 919; x_wconf 82' lang='grc' dir='ltr'>ἢ</span> <span class='ocrx_word' id='word_1_581' title='bbox 2282 851 2441 918; x_wconf 87' lang='grc' dir='ltr'>μόνον</span> <span class='ocrx_word' id='word_1_582' title='bbox 2465 848 2765 918; x_wconf 89' lang='grc' dir='ltr'>ἐνόχλησιν.</span> <span class='ocrx_word' id='word_1_583' title='bbox 2800 846 2985 908; x_wconf 80' lang='grc' dir='ltr'>Οὕτως</span> <span class='ocrx_word' id='word_1_584' title='bbox 3011 843 3229 909; x_wconf 83' lang='grc' dir='ltr'>ἐξέλυσε</span> <span class='ocrx_word' id='word_1_585' title='bbox 3271 845 3334 898; x_wconf 76' lang='grc' dir='ltr'>τὸ</span> <span class='ocrx_word' id='word_1_586' title='bbox 3359 849 3490 902; x_wconf 84' lang='grc' dir='ltr'>πᾶν.</span> <span class='ocrx_word' id='word_1_587' title='bbox 3524 851 3636 902; x_wconf 85' lang='lat' dir='ltr'>Kal</span> <span class='ocrx_word' id='word_1_588' title='bbox 3664 851 3753 904; x_wconf 83' lang='grc' dir='ltr'>δο-</span> 
     </span>
    </p>
   </div>
   <div class='ocr_carea' id='block_1_75' title="bbox 2074 932 3752 1005">
    <p class='ocr_par' dir='ltr' id='par_1_75' title="bbox 2074 932 3752 1005">
     <span class='ocr_line' id='line_1_75' title="bbox 2074 932 3752 1005; baseline 0.002 -18"><span class='ocrx_word' id='word_1_589' title='bbox 2074 937 2162 987; x_wconf 88' lang='grc' dir='ltr'>κεῖ</span> <span class='ocrx_word' id='word_1_590' title='bbox 2191 935 2288 1005; x_wconf 88' lang='grc' dir='ltr'>μέν</span> <span class='ocrx_word' id='word_1_591' title='bbox 2312 937 2405 988; x_wconf 74' lang='grc' dir='ltr'>καὶ</span> <span class='ocrx_word' id='word_1_592' title='bbox 2431 935 2523 988; x_wconf 87' lang='grc' dir='ltr'>τὸν</span> <span class='ocrx_word' id='word_1_593' title='bbox 2547 935 2710 1005; x_wconf 84' lang='grc' dir='ltr'>νόμον</span> <span class='ocrx_word' id='word_1_594' title='bbox 2739 937 2928 1005; x_wconf 88' lang='grc' dir='ltr'>τηρεῖν</span> <span class='ocrx_word' id='word_1_595' title='bbox 2957 932 3034 1003; x_wconf 82' lang='grc' dir='ltr'>τῷ</span> <span class='ocrx_word' id='word_1_596' title='bbox 3064 933 3122 997; x_wconf 86' lang='grc' dir='ltr'>ἐξ</span> <span class='ocrx_word' id='word_1_597' title='bbox 3147 932 3310 986; x_wconf 76' lang='grc' dir='ltr'>αὑτοῦ</span> <span class='ocrx_word' id='word_1_598' title='bbox 3337 934 3511 987; x_wconf 90' lang='grc' dir='ltr'>ταῦτα</span> <span class='ocrx_word' id='word_1_599' title='bbox 3543 935 3752 1005; x_wconf 87' lang='grc' dir='ltr'>λαϐεῖν,</span> 
     </span>
    </p>
   </div>
   <div class='ocr_carea' id='block_1_76' title="bbox 2073 1021 3753 1092">
    <p class='ocr_par' dir='ltr' id='par_1_76' title="bbox 2073 1021 3753 1092">
     <span class='ocr_line' id='line_1_76' title="bbox 2073 1021 3753 1092; baseline 0.002 -18"><span class='ocrx_word' id='word_1_600' title='bbox 2073 1022 2228 1075; x_wconf 83' lang='grc' dir='ltr'>ἐλυσε</span> <span class='ocrx_word' id='word_1_601' title='bbox 2251 1023 2307 1076; x_wconf 86' lang='grc' dir='ltr'>δέ</span> <span class='ocrx_word' id='word_1_602' title='bbox 2332 1023 2496 1076; x_wconf 78' lang='grc' dir='ltr'>αὑτὸν</span> <span class='ocrx_word' id='word_1_603' title='bbox 2529 1022 2608 1092; x_wconf 85' lang='grc' dir='ltr'>τῷ</span> <span class='ocrx_word' id='word_1_604' title='bbox 2645 1022 2782 1092; x_wconf 87' lang='grc' dir='ltr'>μόνα</span> <span class='ocrx_word' id='word_1_605' title='bbox 2806 1021 3012 1075; x_wconf 87' lang='grc' dir='ltr'>λαϐεῖν.</span> <span class='ocrx_word' id='word_1_606' title='bbox 3044 1022 3236 1074; x_wconf 87' lang='grc' dir='ltr'>Καίτοι</span> <span class='ocrx_word' id='word_1_607' title='bbox 3266 1037 3330 1088; x_wconf 91' lang='grc' dir='ltr'>γε</span> <span class='ocrx_word' id='word_1_608' title='bbox 3367 1022 3627 1087; x_wconf 88' lang='grc' dir='ltr'>πολλάκις</span> <span class='ocrx_word' id='word_1_609' title='bbox 3657 1027 3753 1078; x_wconf 80' lang='grc' dir='ltr'>αύ-</span> 
     </span>
    </p>
   </div>
   <div class='ocr_carea' id='block_1_77' title="bbox 2072 1107 3754 1182">
    <p class='ocr_par' dir='ltr' id='par_1_77' title="bbox 2072 1107 3754 1182">
     <span class='ocr_line' id='line_1_77' title="bbox 2072 1107 3754 1182; baseline 0.002 -19"><span class='ocrx_word' id='word_1_610' title='bbox 2072 1113 2184 1174; x_wconf 78' lang='grc' dir='ltr'>τοῖς</span> <span class='ocrx_word' id='word_1_611' title='bbox 2207 1110 2346 1182; x_wconf 80' lang='grc' dir='ltr'>ὑπὲρ</span> <span class='ocrx_word' id='word_1_612' title='bbox 2372 1110 2578 1163; x_wconf 90' lang='grc' dir='ltr'>τούτων</span> <span class='ocrx_word' id='word_1_613' title='bbox 2608 1109 2855 1178; x_wconf 86' lang='grc' dir='ltr'>διελέχθη</span> <span class='ocrx_word' id='word_1_614' title='bbox 2877 1126 2890 1140; x_wconf 89' lang='grc'>·</span> <span class='ocrx_word' id='word_1_615' title='bbox 2927 1107 3043 1160; x_wconf 85' lang='grc' dir='ltr'>ἀλλ’</span> <span class='ocrx_word' id='word_1_616' title='bbox 3067 1108 3154 1161; x_wconf 88' lang='grc' dir='ltr'>ῖνα</span> <span class='ocrx_word' id='word_1_617' title='bbox 3191 1108 3317 1179; x_wconf 82' lang='grc' dir='ltr'>δόξῃ</span> <span class='ocrx_word' id='word_1_618' title='bbox 3343 1110 3438 1161; x_wconf 75' lang='grc' dir='ltr'>καὶ</span> <span class='ocrx_word' id='word_1_619' title='bbox 3466 1110 3555 1163; x_wconf 76' lang='lat' dir='ltr'><strong>10v</strong></span> <span class='ocrx_word' id='word_1_620' title='bbox 3589 1112 3754 1182; x_wconf 91' lang='grc' dir='ltr'>νόμον</span> 
     </span>
    </p>
   </div>
   <div class='ocr_carea' id='block_1_78' title="bbox 2079 1195 3755 1269">
    <p class='ocr_par' dir='ltr' id='par_1_78' title="bbox 2079 1195 3755 1269">
     <span class='ocr_line' id='line_1_78' title="bbox 2079 1195 3755 1269; baseline 0.001 -20"><span class='ocrx_word' id='word_1_621' title='bbox 2079 1200 2258 1269; x_wconf 79' lang='grc' dir='ltr'>τιμᾷν,</span> <span class='ocrx_word' id='word_1_622' title='bbox 2300 1199 2396 1251; x_wconf 75' lang='grc' dir='ltr'>καὶ</span> <span class='ocrx_word' id='word_1_623' title='bbox 2420 1196 2595 1250; x_wconf 87' lang='grc' dir='ltr'>ταῦτα</span> <span class='ocrx_word' id='word_1_624' title='bbox 2633 1197 2732 1267; x_wconf 86' lang='grc' dir='ltr'>οὐχ</span> <span class='ocrx_word' id='word_1_625' title='bbox 2758 1196 2833 1259; x_wconf 83' lang='grc' dir='ltr'>ὡς</span> <span class='ocrx_word' id='word_1_626' title='bbox 2861 1195 2969 1249; x_wconf 84' lang='grc' dir='ltr'>ἀπὸ</span> <span class='ocrx_word' id='word_1_627' title='bbox 3010 1197 3290 1258; x_wconf 83' lang='grc' dir='ltr'>Μωῦσέως</span> <span class='ocrx_word' id='word_1_628' title='bbox 3309 1196 3504 1265; x_wconf 88' lang='grc' dir='ltr'>λέγων,</span> <span class='ocrx_word' id='word_1_629' title='bbox 3534 1199 3650 1251; x_wconf 84' lang='grc' dir='ltr'>ἀλλ’</span> <span class='ocrx_word' id='word_1_630' title='bbox 3678 1199 3755 1262; x_wconf 84' lang='grc' dir='ltr'>ὡς</span> 
     </span>
    </p>
   </div>
   <div class='ocr_carea' id='block_1_79' title="bbox 2069 1283 3750 1355">
    <p class='ocr_par' dir='ltr' id='par_1_79' title="bbox 2069 1283 3750 1355">
     <span class='ocr_line' id='line_1_79' title="bbox 2069 1283 3750 1355; baseline -0.001 -15"><span class='ocrx_word' id='word_1_631' title='bbox 2069 1286 2176 1340; x_wconf 78' lang='grc' dir='ltr'>ἀπὸ</span> <span class='ocrx_word' id='word_1_632' title='bbox 2194 1286 2304 1339; x_wconf 86' lang='grc' dir='ltr'>τῶν</span> <span class='ocrx_word' id='word_1_633' title='bbox 2325 1285 2659 1352; x_wconf 89' lang='grc' dir='ltr'>ἀποστόλων,</span> <span class='ocrx_word' id='word_1_634' title='bbox 2686 1284 2781 1338; x_wconf 77' lang='grc' dir='ltr'>καὶ</span> <span class='ocrx_word' id='word_1_635' title='bbox 2809 1284 2897 1338; x_wconf 80' lang='grc' dir='ltr'>ἵνα</span> <span class='ocrx_word' id='word_1_636' title='bbox 2919 1283 3116 1347; x_wconf 82' lang='grc' dir='ltr'>πολλὰς</span> <span class='ocrx_word' id='word_1_637' title='bbox 3145 1285 3344 1355; x_wconf 81' lang='grc' dir='ltr'>ποιήσῃ</span> <span class='ocrx_word' id='word_1_638' title='bbox 3377 1285 3476 1348; x_wconf 78' lang='grc' dir='ltr'>τάς</span> <span class='ocrx_word' id='word_1_639' title='bbox 3509 1286 3750 1352; x_wconf 76' lang='grc' dir='ltr'>ἐντολὰς,</span> 
     </span>
    </p>
   </div>
   <div class='ocr_carea' id='block_1_80' title="bbox 2069 1371 3753 1445">
    <p class='ocr_par' dir='ltr' id='par_1_80' title="bbox 2069 1371 3753 1445">
     <span class='ocr_line' id='line_1_80' title="bbox 2069 1371 3753 1445; baseline 0 -19"><span class='ocrx_word' id='word_1_640' title='bbox 2069 1390 2168 1444; x_wconf 82' lang='grc' dir='ltr'>την</span> <span class='ocrx_word' id='word_1_641' title='bbox 2187 1373 2313 1445; x_wconf 89' lang='grc' dir='ltr'>μίαν</span> <span class='ocrx_word' id='word_1_642' title='bbox 2334 1373 2516 1427; x_wconf 89' lang='grc' dir='ltr'>διεῖλε.</span> <span class='ocrx_word' id='word_1_643' title='bbox 2543 1372 2718 1425; x_wconf 91' lang='grc' dir='ltr'>Τοῦτο</span> <span class='ocrx_word' id='word_1_644' title='bbox 2751 1372 2988 1442; x_wconf 89' lang='grc' dir='ltr'>μάλιστα</span> <span class='ocrx_word' id='word_1_645' title='bbox 3013 1371 3210 1435; x_wconf 80' lang='grc' dir='ltr'>αὐτοὺς</span> <span class='ocrx_word' id='word_1_646' title='bbox 3242 1371 3570 1426; x_wconf 84' lang='grc' dir='ltr'>ἀνέπαυσεν.</span> <span class='ocrx_word' id='word_1_647' title='bbox 3597 1375 3753 1426; x_wconf 85' lang='grc' dir='ltr'>Οἰκο-</span> 
     </span>
    </p>
   </div>
   <div class='ocr_carea' id='block_1_81' title="bbox 2068 1457 3752 1532">
    <p class='ocr_par' dir='ltr' id='par_1_81' title="bbox 2068 1457 3752 1532">
     <span class='ocr_line' id='line_1_81' title="bbox 2068 1457 3752 1532; baseline 0.001 -19"><span class='ocrx_word' id='word_1_648' title='bbox 2068 1460 2306 1530; x_wconf 88' lang='grc' dir='ltr'>νομικῶς</span> <span class='ocrx_word' id='word_1_649' title='bbox 2348 1460 2404 1513; x_wconf 84' lang='grc' dir='ltr'>δέ</span> <span class='ocrx_word' id='word_1_650' title='bbox 2461 1459 2654 1529; x_wconf 87' lang='grc' dir='ltr'>γέγονε</span> <span class='ocrx_word' id='word_1_651' title='bbox 2701 1460 2794 1513; x_wconf 78' lang='grc' dir='ltr'>καί</span> <span class='ocrx_word' id='word_1_652' title='bbox 2851 1460 2884 1529; x_wconf 81' lang='grc' dir='ltr'><strong>ἡ</strong></span> <span class='ocrx_word' id='word_1_653' title='bbox 2937 1457 3213 1526; x_wconf 80' lang='grc' dir='ltr'>ἀντιλογία</span> <span class='ocrx_word' id='word_1_654' title='bbox 3241 1497 3257 1523; x_wconf 96' lang='grc'>,</span> <span class='ocrx_word' id='word_1_655' title='bbox 3315 1459 3400 1512; x_wconf 81' lang='grc' dir='ltr'>ἵνα</span> <span class='ocrx_word' id='word_1_656' title='bbox 3459 1459 3598 1529; x_wconf 81' lang='grc' dir='ltr'>μετά</span> <span class='ocrx_word' id='word_1_657' title='bbox 3655 1461 3752 1532; x_wconf 75' lang='grc' dir='ltr'>τὴν</span> 
     </span>
    </p>
   </div>
   <div class='ocr_carea' id='block_1_82' title="bbox 2068 1543 3751 1620">
    <p class='ocr_par' dir='ltr' id='par_1_82' title="bbox 2068 1543 3751 1620">
     <span class='ocr_line' id='line_1_82' title="bbox 2068 1543 3751 1620; baseline -0.001 -20"><span class='ocrx_word' id='word_1_658' title='bbox 2068 1547 2376 1615; x_wconf 87' lang='grc' dir='ltr'>ἀντιλογίαν</span> <span class='ocrx_word' id='word_1_659' title='bbox 2423 1546 2765 1617; x_wconf 82' lang='grc' dir='ltr'>βεϐαιότερον</span> <span class='ocrx_word' id='word_1_660' title='bbox 2870 1545 2928 1598; x_wconf 88' lang='lat'>10</span> <span class='ocrx_word' id='word_1_661' title='bbox 2956 1546 3159 1616; x_wconf 75' lang='grc' dir='ltr'>δόγμαο</span> <span class='ocrx_word' id='word_1_662' title='bbox 3195 1587 3209 1599; x_wconf 93' lang='grc'>.</span> <span class='ocrx_word' id='word_1_663' title='bbox 3251 1547 3390 1599; x_wconf 86' lang='grc' dir='ltr'>Τότε</span> <span class='ocrx_word' id='word_1_664' title='bbox 3426 1546 3602 1610; x_wconf 70' lang='grc' dir='ltr'>ἔδοξε</span> <span class='ocrx_word' id='word_1_665' title='bbox 3630 1550 3751 1615; x_wconf 85' lang='grc' dir='ltr'>τοῖς</span> 
     </span>
    </p>
   </div>
   <div class='ocr_carea' id='block_1_83' title="bbox 2067 1632 3753 1704">
    <p class='ocr_par' dir='ltr' id='par_1_83' title="bbox 2067 1632 3753 1704">
     <span class='ocr_line' id='line_1_83' title="bbox 2067 1632 3753 1704; baseline -0.001 -16"><span class='ocrx_word' id='word_1_666' title='bbox 2067 1634 2450 1700; x_wconf 82' lang='grc' dir='ltr'>ἀποστόλοις,</span> <span class='ocrx_word' id='word_1_667' title='bbox 2517 1634 2702 1704; x_wconf 78' lang='grc' dir='ltr'>φησὶν,</span> <span class='ocrx_word' id='word_1_668' title='bbox 2768 1632 2996 1700; x_wconf 81' lang='grc' dir='ltr'>ἄνδρας</span> <span class='ocrx_word' id='word_1_669' title='bbox 3044 1632 3420 1702; x_wconf 72' lang='grc' dir='ltr'>ἡγουμένους</span> <span class='ocrx_word' id='word_1_670' title='bbox 3496 1634 3566 1687; x_wconf 86' lang='grc' dir='ltr'>ἐν</span> <span class='ocrx_word' id='word_1_671' title='bbox 3629 1637 3753 1702; x_wconf 80' lang='grc' dir='ltr'>τοῖς</span> 
     </span>
    </p>
   </div>
   <div class='ocr_carea' id='block_1_84' title="bbox 2069 1722 3753 1796">
    <p class='ocr_par' dir='ltr' id='par_1_84' title="bbox 2069 1722 3753 1796">
     <span class='ocr_line' id='line_1_84' title="bbox 2069 1722 3753 1796; baseline 0 -18"><span class='ocrx_word' id='word_1_672' title='bbox 2069 1723 2354 1792; x_wconf 64' lang='grc' dir='ltr'>ἀδελφοῖς</span> <span class='ocrx_word' id='word_1_673' title='bbox 2389 1725 2637 1792; x_wconf 68' lang='grc' dir='ltr'>πέμψαι.</span> <span class='ocrx_word' id='word_1_674' title='bbox 2667 1723 2742 1776; x_wconf 84' lang='grc' dir='ltr'>Ού</span> <span class='ocrx_word' id='word_1_675' title='bbox 2774 1723 2902 1786; x_wconf 83' lang='grc' dir='ltr'>τοὺς</span> <span class='ocrx_word' id='word_1_676' title='bbox 2940 1723 3222 1793; x_wconf 87' lang='grc' dir='ltr'>τυχόντας,</span> <span class='ocrx_word' id='word_1_677' title='bbox 3263 1722 3400 1776; x_wconf 86' lang='grc' dir='ltr'>ἀλλά</span> <span class='ocrx_word' id='word_1_678' title='bbox 3437 1725 3561 1788; x_wconf 78' lang='grc' dir='ltr'>τοὺς</span> <span class='ocrx_word' id='word_1_679' title='bbox 3591 1727 3753 1796; x_wconf 78' lang='grc' dir='ltr'>ἠγουο</span> 
     </span>
    </p>
   </div>
   <div class='ocr_carea' id='block_1_85' title="bbox 2073 1809 3758 1880">
    <p class='ocr_par' dir='ltr' id='par_1_85' title="bbox 2073 1809 3758 1880">
     <span class='ocr_line' id='line_1_85' title="bbox 2073 1809 3758 1880; baseline 0.002 -18"><span class='ocrx_word' id='word_1_680' title='bbox 2073 1811 2268 1880; x_wconf 90' lang='grc' dir='ltr'>μένους</span> <span class='ocrx_word' id='word_1_681' title='bbox 2301 1811 2611 1880; x_wconf 82' lang='grc' dir='ltr'>πέμπουσιν</span> <span class='ocrx_word' id='word_1_682' title='bbox 2631 1810 2982 1880; x_wconf 81' lang='grc' dir='ltr'>ἐκλεξάμενοι</span> <span class='ocrx_word' id='word_1_683' title='bbox 2999 1825 3011 1838; x_wconf 84' lang='lat'><strong><em>°</em></strong></span> <span class='ocrx_word' id='word_1_684' title='bbox 3048 1809 3172 1876; x_wconf 89' lang='grc' dir='ltr'>Τοῖς</span> <span class='ocrx_word' id='word_1_685' title='bbox 3197 1810 3346 1863; x_wconf 83' lang='grc' dir='ltr'>κατὰ</span> <span class='ocrx_word' id='word_1_686' title='bbox 3365 1810 3758 1879; x_wconf 78' lang='grc' dir='ltr'>Ἀντιόχειαν,</span> 
     </span>
    </p>
   </div>
   <div class='ocr_carea' id='block_1_86' title="bbox 2072 1897 3751 1972">
    <p class='ocr_par' dir='ltr' id='par_1_86' title="bbox 2072 1897 3751 1972">
     <span class='ocr_line' id='line_1_86' title="bbox 2072 1897 3751 1972; baseline 0.003 -22"><span class='ocrx_word' id='word_1_687' title='bbox 2072 1899 2240 1970; x_wconf 79' lang='grc' dir='ltr'>φησί,</span> <span class='ocrx_word' id='word_1_688' title='bbox 2296 1898 2396 1952; x_wconf 82' lang='grc' dir='ltr'>καί</span> <span class='ocrx_word' id='word_1_689' title='bbox 2439 1898 2662 1966; x_wconf 83' lang='grc' dir='ltr'>Συρίαν</span> <span class='ocrx_word' id='word_1_690' title='bbox 2710 1897 2810 1951; x_wconf 84' lang='grc' dir='ltr'>καί</span> <span class='ocrx_word' id='word_1_691' title='bbox 2860 1897 3169 1964; x_wconf 77' lang='grc' dir='ltr'>Κιλικίαν,</span> <span class='ocrx_word' id='word_1_692' title='bbox 3231 1897 3359 1951; x_wconf 77' lang='grc' dir='ltr'>ἔνθα</span> <span class='ocrx_word' id='word_1_693' title='bbox 3410 1900 3472 1952; x_wconf 79' lang='lat'>10</span> <span class='ocrx_word' id='word_1_694' title='bbox 3540 1902 3751 1972; x_wconf 77' lang='grc' dir='ltr'>νόσημα</span> 
     </span>
    </p>
   </div>
   <div class='ocr_carea' id='block_1_87' title="bbox 2071 1985 2292 2055">
    <p class='ocr_par' dir='ltr' id='par_1_87' title="bbox 2071 1985 2292 2055">
     <span class='ocr_line' id='line_1_87' title="bbox 2071 1985 2292 2055; baseline 0.014 -19"><span class='ocrx_word' id='word_1_695' title='bbox 2071 1985 2292 2055; x_wconf 82' lang='grc' dir='ltr'>ἐτέχθη.</span> 
     </span>
    </p>
   </div>
   <div class='ocr_carea' id='block_1_88' title="bbox 2143 2070 3748 2145">
    <p class='ocr_par' dir='ltr' id='par_1_88' title="bbox 2143 2070 3748 2145">
     <span class='ocr_line' id='line_1_88' title="bbox 2143 2070 3748 2145; baseline 0.003 -20"><span class='ocrx_word' id='word_1_696' title='bbox 2143 2081 2209 2141; x_wconf 89' lang='grc' dir='ltr'>γ’.</span> <span class='ocrx_word' id='word_1_697' title='bbox 2243 2071 2392 2145; x_wconf 68' lang='lat'>[257]</span> <span class='ocrx_word' id='word_1_698' title='bbox 2418 2072 2557 2142; x_wconf 87' lang='grc' dir='ltr'>Ὅρα</span> <span class='ocrx_word' id='word_1_699' title='bbox 2579 2070 2743 2142; x_wconf 84' lang='grc' dir='ltr'>μηδὲν</span> <span class='ocrx_word' id='word_1_700' title='bbox 2759 2071 3014 2142; x_wconf 84' lang='grc' dir='ltr'>φορτικὸν</span> <span class='ocrx_word' id='word_1_701' title='bbox 3031 2071 3059 2112; x_wconf 71' lang='grc' dir='ltr'>δ</span> <span class='ocrx_word' id='word_1_702' title='bbox 3086 2071 3448 2127; x_wconf 78' lang='grc' dir='ltr'>κατ’ἐκείνων</span> <span class='ocrx_word' id='word_1_703' title='bbox 3476 2075 3748 2144; x_wconf 53' lang='grc' dir='ltr'>λέξοντας,</span> 
     </span>
    </p>
   </div>
   <div class='ocr_carea' id='block_1_89' title="bbox 2070 2157 3776 2236">
    <p class='ocr_par' dir='ltr' id='par_1_89' title="bbox 2070 2157 3776 2236">
     <span class='ocr_line' id='line_1_89' title="bbox 2070 2157 3776 2236; baseline -0.001 -23"><span class='ocrx_word' id='word_1_704' title='bbox 2070 2159 2182 2214; x_wconf 82' lang='grc' dir='ltr'>ἀλλ’</span> <span class='ocrx_word' id='word_1_705' title='bbox 2226 2161 2306 2220; x_wconf 83' lang='grc' dir='ltr'>εἰς</span> <span class='ocrx_word' id='word_1_706' title='bbox 2338 2157 2395 2211; x_wconf 81' lang='grc' dir='ltr'>ἐν</span> <span class='ocrx_word' id='word_1_707' title='bbox 2427 2158 2669 2230; x_wconf 83' lang='grc' dir='ltr'>ὁρῶντας</span> <span class='ocrx_word' id='word_1_708' title='bbox 2711 2158 2890 2226; x_wconf 88' lang='grc' dir='ltr'>μόνον,</span> <span class='ocrx_word' id='word_1_709' title='bbox 2932 2157 3072 2211; x_wconf 81' lang='grc' dir='ltr'>ὥστε</span> <span class='ocrx_word' id='word_1_710' title='bbox 3119 2160 3421 2231; x_wconf 72' lang='grc' dir='ltr'>ἀνατρέψαι</span> <span class='ocrx_word' id='word_1_711' title='bbox 3448 2163 3509 2214; x_wconf 84' lang='grc' dir='ltr'>τὸ</span> <span class='ocrx_word' id='word_1_712' title='bbox 3551 2181 3776 2236; x_wconf 84' lang='grc' dir='ltr'>γεγενη-</span> 
     </span>
    </p>
   </div>
   <div class='ocr_carea' id='block_1_90' title="bbox 2076 2246 3750 2321">
    <p class='ocr_par' dir='ltr' id='par_1_90' title="bbox 2076 2246 3750 2321">
     <span class='ocr_line' id='line_1_90' title="bbox 2076 2246 3750 2321; baseline 0.004 -22"><span class='ocrx_word' id='word_1_713' title='bbox 2076 2248 2234 2319; x_wconf 86' lang='grc' dir='ltr'>μένον</span> <span class='ocrx_word' id='word_1_714' title='bbox 2251 2263 2265 2276; x_wconf 85' lang='lat'><strong><em>°</em></strong></span> <span class='ocrx_word' id='word_1_715' title='bbox 2297 2247 2453 2300; x_wconf 88' lang='grc' dir='ltr'>τοῦτο</span> <span class='ocrx_word' id='word_1_716' title='bbox 2482 2246 2590 2317; x_wconf 89' lang='grc' dir='ltr'>γάρ</span> <span class='ocrx_word' id='word_1_717' title='bbox 2615 2246 2848 2308; x_wconf 77' lang='grc' dir='ltr'>καὶτοὺς</span> <span class='ocrx_word' id='word_1_718' title='bbox 2870 2246 2988 2298; x_wconf 88' lang='grc' dir='ltr'>ἐκεῖ</span> <span class='ocrx_word' id='word_1_719' title='bbox 3011 2247 3400 2311; x_wconf 78' lang='grc' dir='ltr'>στασιάζοντας</span> <span class='ocrx_word' id='word_1_720' title='bbox 3419 2251 3750 2321; x_wconf 76' lang='grc' dir='ltr'>ὁμολογῆσαι</span> 
     </span>
    </p>
   </div>
   <div class='ocr_carea' id='block_1_91' title="bbox 2072 2332 3751 2407">
    <p class='ocr_par' dir='ltr' id='par_1_91' title="bbox 2072 2332 3751 2407">
     <span class='ocr_line' id='line_1_91' title="bbox 2072 2332 3751 2407; baseline 0.002 -17"><span class='ocrx_word' id='word_1_721' title='bbox 2072 2339 2264 2392; x_wconf 85' lang='grc' dir='ltr'>ἐποίει.</span> <span class='ocrx_word' id='word_1_722' title='bbox 2281 2338 2393 2391; x_wconf 86' lang='grc' dir='ltr'>Ούκ</span> <span class='ocrx_word' id='word_1_723' title='bbox 2421 2332 2593 2400; x_wconf 71' lang='grc' dir='ltr'>εἷπον,</span> <span class='ocrx_word' id='word_1_724' title='bbox 2615 2335 2696 2388; x_wconf 85' lang='grc' dir='ltr'>ὃτι</span> <span class='ocrx_word' id='word_1_725' title='bbox 2724 2337 2772 2388; x_wconf 90' lang='grc' dir='ltr'>οἱ</span> <span class='ocrx_word' id='word_1_726' title='bbox 2800 2333 3135 2400; x_wconf 88' lang='grc' dir='ltr'>ἀπατεῶνες,</span> <span class='ocrx_word' id='word_1_727' title='bbox 3152 2338 3200 2388; x_wconf 93' lang='grc' dir='ltr'>οἰ</span> <span class='ocrx_word' id='word_1_728' title='bbox 3223 2336 3519 2407; x_wconf 86' lang='grc' dir='ltr'>λυμεῶνες,</span> <span class='ocrx_word' id='word_1_729' title='bbox 3544 2342 3636 2392; x_wconf 84' lang='grc' dir='ltr'>καί</span> <span class='ocrx_word' id='word_1_730' title='bbox 3653 2342 3751 2394; x_wconf 83' lang='grc' dir='ltr'>ὅσα</span> 
     </span>
    </p>
   </div>
   <div class='ocr_carea' id='block_1_92' title="bbox 2072 2422 3751 2492">
    <p class='ocr_par' dir='ltr' id='par_1_92' title="bbox 2072 2422 3751 2492">
     <span class='ocr_line' id='line_1_92' title="bbox 2072 2422 3751 2492; baseline 0.002 -14"><span class='ocrx_word' id='word_1_731' title='bbox 2072 2425 2295 2478; x_wconf 90' lang='grc' dir='ltr'>τοιαῦτα</span> <span class='ocrx_word' id='word_1_732' title='bbox 2319 2438 2333 2453; x_wconf 85' lang='grc'>⁶</span> <span class='ocrx_word' id='word_1_733' title='bbox 2367 2423 2543 2477; x_wconf 86' lang='grc' dir='ltr'>καίτοι</span> <span class='ocrx_word' id='word_1_734' title='bbox 2577 2422 2703 2475; x_wconf 78' lang='grc' dir='ltr'>ἔνθα</span> <span class='ocrx_word' id='word_1_735' title='bbox 2725 2423 2911 2492; x_wconf 84' lang='grc' dir='ltr'>ἐχρῆν,</span> <span class='ocrx_word' id='word_1_736' title='bbox 2946 2425 3091 2475; x_wconf 89' lang='grc' dir='ltr'>ποιεῖ</span> <span class='ocrx_word' id='word_1_737' title='bbox 3117 2423 3250 2476; x_wconf 78' lang='grc' dir='ltr'>αὐτὸ</span> <span class='ocrx_word' id='word_1_738' title='bbox 3273 2423 3503 2490; x_wconf 85' lang='grc' dir='ltr'>Παῦλος,</span> <span class='ocrx_word' id='word_1_739' title='bbox 3527 2427 3602 2490; x_wconf 84' lang='grc' dir='ltr'>ὼς</span> <span class='ocrx_word' id='word_1_740' title='bbox 3623 2429 3751 2481; x_wconf 84' lang='grc' dir='ltr'>ὅταν</span> 
     </span>
    </p>
   </div>
   <div class='ocr_carea' id='block_1_93' title="bbox 2072 2508 3750 2584">
    <p class='ocr_par' dir='ltr' id='par_1_93' title="bbox 2072 2508 3750 2584">
     <span class='ocr_line' id='line_1_93' title="bbox 2072 2508 3750 2584; baseline 0 -19"><span class='ocrx_word' id='word_1_741' title='bbox 2072 2512 2226 2584; x_wconf 83' lang='grc' dir='ltr'>λέγῃ·</span> <span class='ocrx_word' id='word_1_742' title='bbox 2251 2514 2318 2564; x_wconf 86' lang='grc' dir='ltr'><em>Ὢ</em></span> <span class='ocrx_word' id='word_1_743' title='bbox 2356 2510 2594 2578; x_wconf 81' lang='grc' dir='ltr'>πλήρης</span> <span class='ocrx_word' id='word_1_744' title='bbox 2614 2509 2842 2574; x_wconf 84' lang='grc' dir='ltr'>παντὸς</span> <span class='ocrx_word' id='word_1_745' title='bbox 2869 2508 3055 2562; x_wconf 87' lang='grc' dir='ltr'>δόλου</span> <span class='ocrx_word' id='word_1_746' title='bbox 3077 2525 3090 2536; x_wconf 91' lang='grc'><strong>·</strong></span> <span class='ocrx_word' id='word_1_747' title='bbox 3115 2510 3348 2562; x_wconf 86' lang='grc' dir='ltr'>ἐνταῦθα</span> <span class='ocrx_word' id='word_1_748' title='bbox 3375 2510 3431 2562; x_wconf 86' lang='grc' dir='ltr'>δέ</span> <span class='ocrx_word' id='word_1_749' title='bbox 3463 2513 3750 2583; x_wconf 84' lang='grc' dir='ltr'>κατορθω-</span> 
     </span>
    </p>
   </div>
   <div class='ocr_carea' id='block_1_94' title="bbox 2074 2591 3744 2665">
    <p class='ocr_par' dir='ltr' id='par_1_94' title="bbox 2074 2591 3744 2665">
     <span class='ocr_line' id='line_1_94' title="bbox 2074 2591 3744 2665; baseline 0.001 -14"><span class='ocrx_word' id='word_1_750' title='bbox 2074 2598 2274 2660; x_wconf 79' lang='grc' dir='ltr'>θέντος,</span> <span class='ocrx_word' id='word_1_751' title='bbox 2337 2596 2437 2649; x_wconf 71' lang='grc' dir='ltr'>οὐκ</span> <span class='ocrx_word' id='word_1_752' title='bbox 2480 2595 2561 2647; x_wconf 76' lang='grc' dir='ltr'>ἐτι</span> <span class='ocrx_word' id='word_1_753' title='bbox 2607 2593 2762 2665; x_wconf 86' lang='grc' dir='ltr'>χρεία</span> <span class='ocrx_word' id='word_1_754' title='bbox 2810 2591 2898 2663; x_wconf 80' lang='grc' dir='ltr'>ἦν.</span> <span class='ocrx_word' id='word_1_755' title='bbox 2945 2594 3055 2646; x_wconf 80' lang='grc' dir='ltr'>Καὶ</span> <span class='ocrx_word' id='word_1_756' title='bbox 3100 2596 3221 2665; x_wconf 83' lang='grc' dir='ltr'>δρα,</span> <span class='ocrx_word' id='word_1_757' title='bbox 3258 2595 3317 2648; x_wconf 82' lang='grc' dir='ltr'>ού</span> <span class='ocrx_word' id='word_1_758' title='bbox 3359 2595 3622 2660; x_wconf 82' lang='grc' dir='ltr'>τιθέασιν,</span> <span class='ocrx_word' id='word_1_759' title='bbox 3660 2599 3744 2652; x_wconf 82' lang='grc' dir='ltr'>ὅτι</span> 
     </span>
    </p>
   </div>
   <div class='ocr_carea' id='block_1_95' title="bbox 2073 2680 3747 2754">
    <p class='ocr_par' dir='ltr' id='par_1_95' title="bbox 2073 2680 3747 2754">
     <span class='ocr_line' id='line_1_95' title="bbox 2073 2680 3747 2754; baseline 0 -17"><span class='ocrx_word' id='word_1_760' title='bbox 2073 2685 2215 2747; x_wconf 90' lang='grc' dir='ltr'>τινές</span> <span class='ocrx_word' id='word_1_761' title='bbox 2250 2683 2305 2750; x_wconf 84' lang='grc' dir='ltr'>ἐξ</span> <span class='ocrx_word' id='word_1_762' title='bbox 2339 2683 2493 2754; x_wconf 82' lang='grc' dir='ltr'>ἡμῶν</span> <span class='ocrx_word' id='word_1_763' title='bbox 2524 2682 2818 2735; x_wconf 85' lang='grc' dir='ltr'>ἐκέλευσαν</span> <span class='ocrx_word' id='word_1_764' title='bbox 2853 2682 2996 2751; x_wconf 79' lang='grc' dir='ltr'>ὑμᾶς</span> <span class='ocrx_word' id='word_1_765' title='bbox 3021 2680 3112 2735; x_wconf 83' lang='lat' dir='ltr'><strong>10v</strong></span> <span class='ocrx_word' id='word_1_766' title='bbox 3136 2681 3298 2752; x_wconf 90' lang='grc' dir='ltr'>νόμον</span> <span class='ocrx_word' id='word_1_767' title='bbox 3322 2686 3506 2753; x_wconf 90' lang='grc' dir='ltr'>τηρεῖν</span> <span class='ocrx_word' id='word_1_768' title='bbox 3535 2701 3548 2714; x_wconf 88' lang='grc'><strong>·</strong></span> <span class='ocrx_word' id='word_1_769' title='bbox 3603 2685 3747 2751; x_wconf 82' lang='grc' dir='ltr'>ἀλλ’,</span> 
     </span>
    </p>
   </div>
   <div class='ocr_carea' id='block_1_96' title="bbox 2073 2763 3750 2839">
    <p class='ocr_par' dir='ltr' id='par_1_96' title="bbox 2073 2763 3750 2839">
     <span class='ocr_line' id='line_1_96' title="bbox 2073 2763 3750 2839; baseline 0.001 -14"><span class='ocrx_word' id='word_1_770' title='bbox 2073 2771 2414 2839; x_wconf 79' lang='grc' dir='ltr'>Ἐτάραξαν</span> <span class='ocrx_word' id='word_1_771' title='bbox 2463 2763 2620 2837; x_wconf 80' lang='grc' dir='ltr'>ὑμᾶς</span> <span class='ocrx_word' id='word_1_772' title='bbox 2657 2770 2864 2838; x_wconf 73' lang='grc' dir='ltr'>λόγοις</span> <span class='ocrx_word' id='word_1_773' title='bbox 2890 2768 3422 2836; x_wconf 74' lang='grc' dir='ltr'>ἀνασκευάζοντες.</span> <span class='ocrx_word' id='word_1_774' title='bbox 3453 2772 3618 2825; x_wconf 82' lang='grc' dir='ltr'>Οὑδέν</span> <span class='ocrx_word' id='word_1_775' title='bbox 3650 2792 3716 2827; x_wconf 91' lang='grc' dir='ltr'>κυ</span> <span class='ocrx_word' id='word_1_776' title='bbox 3738 2804 3750 2815; x_wconf 93' lang='grc'><strong><em>-</em></strong></span> 
     </span>
    </p>
   </div>
   <div class='ocr_carea' id='block_1_97' title="bbox 2081 2854 3751 2932">
    <p class='ocr_par' dir='ltr' id='par_1_97' title="bbox 2081 2854 3751 2932">
     <span class='ocr_line' id='line_1_97' title="bbox 2081 2854 3751 2932; baseline 0.001 -22"><span class='ocrx_word' id='word_1_777' title='bbox 2081 2857 2338 2928; x_wconf 85' lang='grc' dir='ltr'>ριώτερον</span> <span class='ocrx_word' id='word_1_778' title='bbox 2374 2859 2472 2926; x_wconf 85' lang='grc' dir='ltr'>τῆς</span> <span class='ocrx_word' id='word_1_779' title='bbox 2498 2856 2694 2920; x_wconf 83' lang='grc' dir='ltr'>λέξεως</span> <span class='ocrx_word' id='word_1_780' title='bbox 2726 2870 2739 2884; x_wconf 83' lang='lat'><strong>&#39;</strong></span> <span class='ocrx_word' id='word_1_781' title='bbox 2765 2855 2938 2918; x_wconf 76' lang='grc' dir='ltr'>οὐδεὶς</span> <span class='ocrx_word' id='word_1_782' title='bbox 2961 2856 3132 2919; x_wconf 74' lang='grc' dir='ltr'>οὕτως</span> <span class='ocrx_word' id='word_1_783' title='bbox 3172 2854 3313 2911; x_wconf 82' lang='grc' dir='ltr'>εἷπε.</span> <span class='ocrx_word' id='word_1_784' title='bbox 3369 2859 3478 2921; x_wconf 84' lang='grc' dir='ltr'>Τὰς</span> <span class='ocrx_word' id='word_1_785' title='bbox 3515 2860 3620 2930; x_wconf 83' lang='grc' dir='ltr'>ῆδη</span> <span class='ocrx_word' id='word_1_786' title='bbox 3661 2861 3751 2932; x_wconf 82' lang='grc' dir='ltr'>βε-</span> 
     </span>
    </p>
   </div>
   <div class='ocr_carea' id='block_1_98' title="bbox 2079 2941 3752 3019">
    <p class='ocr_par' dir='ltr' id='par_1_98' title="bbox 2079 2941 3752 3019">
     <span class='ocr_line' id='line_1_98' title="bbox 2079 2941 3752 3019; baseline 0.003 -23"><span class='ocrx_word' id='word_1_787' title='bbox 2079 2944 2406 3006; x_wconf 90' lang='grc' dir='ltr'>ϐαιωθείσας</span> <span class='ocrx_word' id='word_1_788' title='bbox 2439 2943 2639 3013; x_wconf 80' lang='grc' dir='ltr'>ψυχὰς,</span> <span class='ocrx_word' id='word_1_789' title='bbox 2665 2943 2849 3012; x_wconf 73' lang='grc' dir='ltr'>φησὶν,</span> <span class='ocrx_word' id='word_1_790' title='bbox 2882 2941 3368 3008; x_wconf 80' lang='grc' dir='ltr'>ἀνασκευάζοντες,</span> <span class='ocrx_word' id='word_1_791' title='bbox 3393 2944 3642 3019; x_wconf 88' lang='grc' dir='ltr'>καθάπερ</span> <span class='ocrx_word' id='word_1_792' title='bbox 3660 2950 3752 3001; x_wconf 79' lang='grc' dir='ltr'>ἐπὶ</span> 
     </span>
    </p>
   </div>
   <div class='ocr_carea' id='block_1_99' title="bbox 2078 3027 3750 3101">
    <p class='ocr_par' dir='ltr' id='par_1_99' title="bbox 2078 3027 3750 3101">
     <span class='ocr_line' id='line_1_99' title="bbox 2078 3027 3750 3101; baseline 0.003 -17"><span class='ocrx_word' id='word_1_793' title='bbox 2078 3031 2368 3101; x_wconf 85' lang='grc' dir='ltr'>οἰκοδομῆς</span> <span class='ocrx_word' id='word_1_794' title='bbox 2411 3031 2481 3084; x_wconf 83' lang='grc' dir='ltr'>τὰ</span> <span class='ocrx_word' id='word_1_795' title='bbox 2528 3030 2624 3083; x_wconf 82' lang='grc' dir='ltr'>ὑπ’</span> <span class='ocrx_word' id='word_1_796' title='bbox 2663 3027 2889 3083; x_wconf 84' lang='grc' dir='ltr'>ἐκείνων</span> <span class='ocrx_word' id='word_1_797' title='bbox 2935 3032 3282 3101; x_wconf 85' lang='grc' dir='ltr'>γεγενημένα</span> <span class='ocrx_word' id='word_1_798' title='bbox 3321 3032 3580 3096; x_wconf 88' lang='grc' dir='ltr'>τιθέντες.</span> <span class='ocrx_word' id='word_1_799' title='bbox 3632 3031 3750 3101; x_wconf 83' lang='grc' dir='ltr'>Οἷς,</span> 
     </span>
    </p>
   </div>
   <div class='ocr_carea' id='block_1_100' title="bbox 2079 3116 3749 3193">
    <p class='ocr_par' dir='ltr' id='par_1_100' title="bbox 2079 3116 3749 3193">
     <span class='ocr_line' id='line_1_100' title="bbox 2079 3116 3749 3193; baseline 0.003 -21"><span class='ocrx_word' id='word_1_800' title='bbox 2079 3122 2265 3191; x_wconf 72' lang='grc' dir='ltr'>φησὶν,</span> <span class='ocrx_word' id='word_1_801' title='bbox 2296 3121 2368 3173; x_wconf 86' lang='grc' dir='ltr'>οὐ</span> <span class='ocrx_word' id='word_1_802' title='bbox 2401 3118 2880 3186; x_wconf 83' lang='grc' dir='ltr'>διεστειλάμεθα.</span> <span class='ocrx_word' id='word_1_803' title='bbox 2918 3118 3176 3182; x_wconf 81' lang='grc' dir='ltr'>Ἔδοξεν</span> <span class='ocrx_word' id='word_1_804' title='bbox 3198 3116 3312 3174; x_wconf 88' lang='grc' dir='ltr'>οὖν</span> <span class='ocrx_word' id='word_1_805' title='bbox 3345 3121 3485 3188; x_wconf 76' lang='grc' dir='ltr'>ἡμῖν</span> <span class='ocrx_word' id='word_1_806' title='bbox 3513 3127 3749 3193; x_wconf 75' lang='grc' dir='ltr'>γενομέ-</span> 
     </span>
    </p>
   </div>
   <div class='ocr_carea' id='block_1_101' title="bbox 2078 3205 3744 3281">
    <p class='ocr_par' dir='ltr' id='par_1_101' title="bbox 2078 3205 3744 3281">
     <span class='ocr_line' id='line_1_101' title="bbox 2078 3205 3744 3281; baseline 0.002 -21"><span class='ocrx_word' id='word_1_807' title='bbox 2078 3225 2206 3273; x_wconf 84' lang='grc' dir='ltr'>νοις</span> <span class='ocrx_word' id='word_1_808' title='bbox 2239 3205 2618 3276; x_wconf 77' lang='grc' dir='ltr'>ὁμοθυμαδὸν</span> <span class='ocrx_word' id='word_1_809' title='bbox 2637 3205 2758 3270; x_wconf 81' lang='grc' dir='ltr'>σὺν</span> <span class='ocrx_word' id='word_1_810' title='bbox 2797 3205 2919 3271; x_wconf 86' lang='grc' dir='ltr'>τοῖς</span> <span class='ocrx_word' id='word_1_811' title='bbox 2952 3207 3300 3274; x_wconf 77' lang='grc' dir='ltr'>ἀγαπητοῖς.</span> <span class='ocrx_word' id='word_1_812' title='bbox 3342 3209 3405 3260; x_wconf 86' lang='grc' dir='ltr'>Εἰ</span> <span class='ocrx_word' id='word_1_813' title='bbox 3458 3210 3744 3281; x_wconf 79' lang='grc' dir='ltr'>ἀγαπητοὶ,</span> 
     </span>
    </p>
   </div>
   <div class='ocr_carea' id='block_1_102' title="bbox 2077 3293 3748 3369">
    <p class='ocr_par' dir='ltr' id='par_1_102' title="bbox 2077 3293 3748 3369">
     <span class='ocr_line' id='line_1_102' title="bbox 2077 3293 3748 3369; baseline 0.001 -20"><span class='ocrx_word' id='word_1_814' title='bbox 2077 3296 2137 3349; x_wconf 82' lang='grc' dir='ltr'>ού</span> <span class='ocrx_word' id='word_1_815' title='bbox 2173 3294 2682 3365; x_wconf 83' lang='grc' dir='ltr'>καταφρονήσουσιν</span> <span class='ocrx_word' id='word_1_816' title='bbox 2714 3293 2894 3346; x_wconf 78' lang='grc' dir='ltr'>αὐτῶν</span> <span class='ocrx_word' id='word_1_817' title='bbox 2929 3307 2946 3324; x_wconf 73' lang='grc' dir='ltr'><strong>ο</strong></span> <span class='ocrx_word' id='word_1_818' title='bbox 2975 3295 3024 3345; x_wconf 91' lang='grc' dir='ltr'>εἰ</span> <span class='ocrx_word' id='word_1_819' title='bbox 3067 3296 3392 3365; x_wconf 87' lang='grc' dir='ltr'>παρέδωκαν</span> <span class='ocrx_word' id='word_1_820' title='bbox 3426 3297 3522 3359; x_wconf 78' lang='grc' dir='ltr'>τάς</span> <span class='ocrx_word' id='word_1_821' title='bbox 3550 3298 3748 3369; x_wconf 66' lang='grc' dir='ltr'>ψυχάς,</span> 
     </span>
    </p>
   </div>
   <div class='ocr_carea' id='block_1_103' title="bbox 2078 3380 3751 3455">
    <p class='ocr_par' dir='ltr' id='par_1_103' title="bbox 2078 3380 3751 3455">
     <span class='ocr_line' id='line_1_103' title="bbox 2078 3380 3751 3455; baseline 0.002 -20"><span class='ocrx_word' id='word_1_822' title='bbox 2078 3384 2171 3435; x_wconf 71' lang='grc' dir='ltr'>καὶ</span> <span class='ocrx_word' id='word_1_823' title='bbox 2198 3382 2352 3435; x_wconf 70' lang='grc' dir='ltr'>αὐτοὶ</span> <span class='ocrx_word' id='word_1_824' title='bbox 2369 3380 2674 3447; x_wconf 82' lang='grc' dir='ltr'>ἀξιόπιστοί</span> <span class='ocrx_word' id='word_1_825' title='bbox 2701 3382 2857 3434; x_wconf 81' lang='grc' dir='ltr'>εἰσιν.</span> <span class='ocrx_word' id='word_1_826' title='bbox 2886 3381 3387 3451; x_wconf 75' lang='grc' dir='ltr'>Ἀπεστιίλκαμεν</span> <span class='ocrx_word' id='word_1_827' title='bbox 3408 3380 3540 3448; x_wconf 84' lang='grc' dir='ltr'>οὖν,</span> <span class='ocrx_word' id='word_1_828' title='bbox 3564 3389 3751 3455; x_wconf 78' lang='grc' dir='ltr'>φησὶν,</span> 
     </span>
    </p>
   </div>
   <div class='ocr_carea' id='block_1_104' title="bbox 2076 3467 3753 3541">
    <p class='ocr_par' dir='ltr' id='par_1_104' title="bbox 2076 3467 3753 3541">
     <span class='ocr_line' id='line_1_104' title="bbox 2076 3467 3753 3541; baseline 0.003 -18"><span class='ocrx_word' id='word_1_829' title='bbox 2076 3468 2305 3523; x_wconf 86' lang='grc' dir='ltr'>Ἰούδαν</span> <span class='ocrx_word' id='word_1_830' title='bbox 2333 3468 2432 3521; x_wconf 88' lang='grc' dir='ltr'>καί</span> <span class='ocrx_word' id='word_1_831' title='bbox 2454 3468 2666 3531; x_wconf 87' lang='grc' dir='ltr'>Σίλαν,</span> <span class='ocrx_word' id='word_1_832' title='bbox 2689 3468 2787 3522; x_wconf 81' lang='grc' dir='ltr'>καὶ</span> <span class='ocrx_word' id='word_1_833' title='bbox 2811 3467 3036 3533; x_wconf 80' lang='grc' dir='ltr'>αὐτοὺς</span> <span class='ocrx_word' id='word_1_834' title='bbox 3076 3468 3173 3521; x_wconf 81' lang='grc' dir='ltr'>διὰ</span> <span class='ocrx_word' id='word_1_835' title='bbox 3217 3471 3405 3540; x_wconf 71' lang='grc' dir='ltr'>λόγου</span> <span class='ocrx_word' id='word_1_836' title='bbox 3454 3472 3753 3541; x_wconf 78' lang='grc' dir='ltr'>ἀπαγγέλ-</span> 
     </span>
    </p>
   </div>
   <div class='ocr_carea' id='block_1_105' title="bbox 2075 3555 3754 3632">
    <p class='ocr_par' dir='ltr' id='par_1_105' title="bbox 2075 3555 3754 3632">
     <span class='ocr_line' id='line_1_105' title="bbox 2075 3555 3754 3632; baseline 0.003 -21"><span class='ocrx_word' id='word_1_837' title='bbox 2075 3561 2301 3623; x_wconf 88' lang='grc' dir='ltr'>λοντας</span> <span class='ocrx_word' id='word_1_838' title='bbox 2328 3557 2401 3610; x_wconf 87' lang='grc' dir='ltr'>τὰ</span> <span class='ocrx_word' id='word_1_839' title='bbox 2427 3555 2598 3610; x_wconf 83' lang='grc' dir='ltr'>αὑτά.</span> <span class='ocrx_word' id='word_1_840' title='bbox 2632 3556 2778 3609; x_wconf 85' lang='grc' dir='ltr'>Ἔδει</span> <span class='ocrx_word' id='word_1_841' title='bbox 2803 3555 2912 3627; x_wconf 79' lang='grc' dir='ltr'>γάρ</span> <span class='ocrx_word' id='word_1_842' title='bbox 2943 3556 3017 3626; x_wconf 82' lang='grc' dir='ltr'>μῆ</span> <span class='ocrx_word' id='word_1_843' title='bbox 3045 3556 3142 3627; x_wconf 84' lang='grc' dir='ltr'>τὴν</span> <span class='ocrx_word' id='word_1_844' title='bbox 3169 3559 3462 3630; x_wconf 77' lang='grc' dir='ltr'>ἐπιστολὴν</span> <span class='ocrx_word' id='word_1_845' title='bbox 3497 3567 3754 3632; x_wconf 86' lang='grc' dir='ltr'>παρεῖναι</span> 
     </span>
    </p>
   </div>
   <div class='ocr_carea' id='block_1_106' title="bbox 2080 3642 3754 3715">
    <p class='ocr_par' dir='ltr' id='par_1_106' title="bbox 2080 3642 3754 3715">
     <span class='ocr_line' id='line_1_106' title="bbox 2080 3642 3754 3715; baseline 0.004 -18"><span class='ocrx_word' id='word_1_846' title='bbox 2080 3645 2260 3714; x_wconf 85' lang='grc' dir='ltr'>μόνον,</span> <span class='ocrx_word' id='word_1_847' title='bbox 2296 3643 2383 3696; x_wconf 82' lang='grc' dir='ltr'>ἵνα</span> <span class='ocrx_word' id='word_1_848' title='bbox 2416 3643 2491 3714; x_wconf 83' lang='grc' dir='ltr'>μὴ</span> <span class='ocrx_word' id='word_1_849' title='bbox 2522 3642 2777 3711; x_wconf 90' lang='grc' dir='ltr'>λέγωσιν,</span> <span class='ocrx_word' id='word_1_850' title='bbox 2819 3644 2902 3696; x_wconf 82' lang='grc' dir='ltr'>ὃτι</span> <span class='ocrx_word' id='word_1_851' title='bbox 2949 3645 3329 3715; x_wconf 82' lang='grc' dir='ltr'>συνήρπασαν,</span> <span class='ocrx_word' id='word_1_852' title='bbox 3357 3645 3437 3700; x_wconf 81' lang='grc' dir='ltr'>ὅτι</span> <span class='ocrx_word' id='word_1_853' title='bbox 3471 3649 3605 3702; x_wconf 81' lang='grc' dir='ltr'>ἄλλα</span> <span class='ocrx_word' id='word_1_854' title='bbox 3639 3651 3754 3703; x_wconf 88' lang='grc' dir='ltr'>ἀντ’</span> 
     </span>
    </p>
   </div>
   <div class='ocr_carea' id='block_1_107' title="bbox 2075 3727 3755 3808">
    <p class='ocr_par' dir='ltr' id='par_1_107' title="bbox 2075 3727 3755 3808">
     <span class='ocr_line' id='line_1_107' title="bbox 2075 3727 3755 3808; baseline 0.002 -21"><span class='ocrx_word' id='word_1_855' title='bbox 2075 3732 2249 3788; x_wconf 77' lang='grc' dir='ltr'>ἄλλων</span> <span class='ocrx_word' id='word_1_856' title='bbox 2273 3727 2456 3784; x_wconf 82' lang='grc' dir='ltr'>εἶπαν.</span> <span class='ocrx_word' id='word_1_857' title='bbox 2491 3730 2563 3783; x_wconf 84' lang='grc' dir='ltr'>Τὸ</span> <span class='ocrx_word' id='word_1_858' title='bbox 2595 3729 2873 3800; x_wconf 83' lang='grc' dir='ltr'>ἐγκώμιον</span> <span class='ocrx_word' id='word_1_859' title='bbox 2900 3730 2961 3782; x_wconf 88' lang='lat'>10</span> <span class='ocrx_word' id='word_1_860' title='bbox 3004 3732 3129 3802; x_wconf 83' lang='grc' dir='ltr'>περὶ</span> <span class='ocrx_word' id='word_1_861' title='bbox 3190 3733 3401 3786; x_wconf 89' lang='grc' dir='ltr'>Παῦλον</span> <span class='ocrx_word' id='word_1_862' title='bbox 3456 3737 3755 3808; x_wconf 80' lang='grc' dir='ltr'>ἐνέφραξεν</span> 
     </span>
    </p>
   </div>
   <div class='ocr_carea' id='block_1_108' title="bbox 2073 3817 3751 3895">
    <p class='ocr_par' dir='ltr' id='par_1_108' title="bbox 2073 3817 3751 3895">
     <span class='ocr_line' id='line_1_108' title="bbox 2073 3817 3751 3895; baseline 0.004 -22"><span class='ocrx_word' id='word_1_863' title='bbox 2073 3820 2253 3874; x_wconf 78' lang='grc' dir='ltr'>αὐτῶν</span> <span class='ocrx_word' id='word_1_864' title='bbox 2285 3820 2353 3873; x_wconf 84' lang='grc' dir='ltr'>τά</span> <span class='ocrx_word' id='word_1_865' title='bbox 2385 3819 2651 3888; x_wconf 88' lang='grc' dir='ltr'>στόματα.</span> <span class='ocrx_word' id='word_1_866' title='bbox 2683 3818 2782 3870; x_wconf 75' lang='grc' dir='ltr'>Διά</span> <span class='ocrx_word' id='word_1_867' title='bbox 2803 3818 2911 3889; x_wconf 81' lang='grc' dir='ltr'>γὰρ</span> <span class='ocrx_word' id='word_1_868' title='bbox 2937 3817 3095 3871; x_wconf 89' lang='grc' dir='ltr'>τοῦτο</span> <span class='ocrx_word' id='word_1_869' title='bbox 3123 3819 3249 3872; x_wconf 76' lang='grc' dir='ltr'>οὔτε</span> <span class='ocrx_word' id='word_1_870' title='bbox 3275 3820 3489 3888; x_wconf 91' lang='grc' dir='ltr'>Παῦλος</span> <span class='ocrx_word' id='word_1_871' title='bbox 3529 3824 3751 3895; x_wconf 81' lang='grc' dir='ltr'>ἔρχεται</span> 
     </span>
    </p>
   </div>
   <div class='ocr_carea' id='block_1_109' title="bbox 2078 3905 3753 3984">
    <p class='ocr_par' dir='ltr' id='par_1_109' title="bbox 2078 3905 3753 3984">
     <span class='ocr_line' id='line_1_109' title="bbox 2078 3905 3753 3984; baseline -0.004 -23"><span class='ocrx_word' id='word_1_872' title='bbox 2078 3909 2237 3978; x_wconf 88' lang='grc' dir='ltr'>μόνον</span> <span class='ocrx_word' id='word_1_873' title='bbox 2258 3905 2382 3961; x_wconf 76' lang='grc' dir='ltr'>οὔτε</span> <span class='ocrx_word' id='word_1_874' title='bbox 2411 3905 2717 3978; x_wconf 88' lang='grc' dir='ltr'>Βαρνάϐας,</span> <span class='ocrx_word' id='word_1_875' title='bbox 2752 3905 2886 3958; x_wconf 87' lang='grc' dir='ltr'>ἀλλά</span> <span class='ocrx_word' id='word_1_876' title='bbox 2906 3907 2998 3959; x_wconf 78' lang='grc' dir='ltr'>καί</span> <span class='ocrx_word' id='word_1_877' title='bbox 3026 3906 3176 3960; x_wconf 82' lang='grc' dir='ltr'>ἄλλοι</span> <span class='ocrx_word' id='word_1_878' title='bbox 3224 3908 3331 3961; x_wconf 82' lang='grc' dir='ltr'>ἀπὸ</span> <span class='ocrx_word' id='word_1_879' title='bbox 3364 3909 3464 3977; x_wconf 88' lang='grc' dir='ltr'>τῆς</span> <span class='ocrx_word' id='word_1_880' title='bbox 3520 3911 3753 3984; x_wconf 76' lang='grc' dir='ltr'>Ἐκκλη-</span> 
     </span>
    </p>
   </div>
   <div class='ocr_carea' id='block_1_110' title="bbox 2075 3987 3756 4068">
    <p class='ocr_par' dir='ltr' id='par_1_110' title="bbox 2075 3987 3756 4068">
     <span class='ocr_line' id='line_1_110' title="bbox 2075 3987 3756 4068; baseline 0.008 -27"><span class='ocrx_word' id='word_1_881' title='bbox 2075 3996 2216 4061; x_wconf 74' lang='grc' dir='ltr'>σίας,</span> <span class='ocrx_word' id='word_1_882' title='bbox 2247 3995 2333 4048; x_wconf 81' lang='grc' dir='ltr'>ἵνα</span> <span class='ocrx_word' id='word_1_883' title='bbox 2361 3993 2438 4064; x_wconf 85' lang='grc' dir='ltr'>μὴ</span> <span class='ocrx_word' id='word_1_884' title='bbox 2470 3992 2708 4055; x_wconf 76' lang='grc' dir='ltr'>ὕποπτος</span> <span class='ocrx_word' id='word_1_885' title='bbox 2739 3987 2807 4066; x_wconf 80' lang='grc' dir='ltr'>ᾖ,</span> <span class='ocrx_word' id='word_1_886' title='bbox 2851 3992 3040 4065; x_wconf 76' lang='grc' dir='ltr'>ἐπειδὴ</span> <span class='ocrx_word' id='word_1_887' title='bbox 3100 3993 3265 4058; x_wconf 78' lang='grc' dir='ltr'>αὐτὸς</span> <span class='ocrx_word' id='word_1_888' title='bbox 3313 3996 3756 4068; x_wconf 86' lang='grc' dir='ltr'>ἀντελαμϐάνετο</span> 
     </span>
    </p>
   </div>
   <div class='ocr_carea' id='block_1_111' title="bbox 2070 4079 3754 4154">
    <p class='ocr_par' dir='ltr' id='par_1_111' title="bbox 2070 4079 3754 4154">
     <span class='ocr_line' id='line_1_111' title="bbox 2070 4079 3754 4154; baseline 0.004 -19"><span class='ocrx_word' id='word_1_889' title='bbox 2070 4083 2163 4135; x_wconf 89' lang='grc' dir='ltr'>τοῦ</span> <span class='ocrx_word' id='word_1_890' title='bbox 2193 4082 2484 4153; x_wconf 87' lang='grc' dir='ltr'>δόγματος,</span> <span class='ocrx_word' id='word_1_891' title='bbox 2515 4081 2638 4134; x_wconf 78' lang='grc' dir='ltr'>οὔτε</span> <span class='ocrx_word' id='word_1_892' title='bbox 2664 4080 2714 4133; x_wconf 87' lang='grc' dir='ltr'>οἰ</span> <span class='ocrx_word' id='word_1_893' title='bbox 2741 4079 2849 4133; x_wconf 82' lang='grc' dir='ltr'>ἀπὸ</span> <span class='ocrx_word' id='word_1_894' title='bbox 2881 4079 3273 4151; x_wconf 80' lang='grc' dir='ltr'>Ἱεροσολύμων</span> <span class='ocrx_word' id='word_1_895' title='bbox 3300 4082 3470 4154; x_wconf 91' lang='grc' dir='ltr'>μόνοι.</span> <span class='ocrx_word' id='word_1_896' title='bbox 3501 4086 3754 4142; x_wconf 86' lang='grc' dir='ltr'>Δείκνυσι</span> 
     </span>
    </p>
   </div>
   <div class='ocr_carea' id='block_1_112' title="bbox 2072 4167 3752 4242">
    <p class='ocr_par' dir='ltr' id='par_1_112' title="bbox 2072 4167 3752 4242">
     <span class='ocr_line' id='line_1_112' title="bbox 2072 4167 3752 4242; baseline 0.004 -21"><span class='ocrx_word' id='word_1_897' title='bbox 2072 4169 2189 4232; x_wconf 87' lang='grc' dir='ltr'>πῶς</span> <span class='ocrx_word' id='word_1_898' title='bbox 2215 4168 2516 4236; x_wconf 78' lang='grc' dir='ltr'>ἀξιόπιστοι</span> <span class='ocrx_word' id='word_1_899' title='bbox 2541 4169 2680 4222; x_wconf 90' lang='grc' dir='ltr'>εἰσιν</span> <span class='ocrx_word' id='word_1_900' title='bbox 2711 4183 2726 4198; x_wconf 83' lang='lat'><strong><em>°</em></strong></span> <span class='ocrx_word' id='word_1_901' title='bbox 2756 4167 2857 4221; x_wconf 78' lang='grc' dir='ltr'>οὐκ</span> <span class='ocrx_word' id='word_1_902' title='bbox 2892 4167 3202 4232; x_wconf 84' lang='grc' dir='ltr'>ἐξισοῦντες</span> <span class='ocrx_word' id='word_1_903' title='bbox 3239 4170 3486 4239; x_wconf 75' lang='grc' dir='ltr'>ἑαυτοὺς,</span> <span class='ocrx_word' id='word_1_904' title='bbox 3531 4174 3699 4242; x_wconf 83' lang='grc' dir='ltr'>φησίν</span> <span class='ocrx_word' id='word_1_905' title='bbox 3738 4193 3752 4206; x_wconf 90' lang='grc'><strong>·</strong></span> 
     </span>
    </p>
   </div>
   <div class='ocr_carea' id='block_1_113' title="bbox 2071 4255 3754 4331">
    <p class='ocr_par' dir='ltr' id='par_1_113' title="bbox 2071 4255 3754 4331">
     <span class='ocr_line' id='line_1_113' title="bbox 2071 4255 3754 4331; baseline 0.004 -22"><span class='ocrx_word' id='word_1_906' title='bbox 2071 4258 2170 4328; x_wconf 85' lang='grc' dir='ltr'>ούχ</span> <span class='ocrx_word' id='word_1_907' title='bbox 2202 4255 2344 4310; x_wconf 76' lang='grc' dir='ltr'>οὕτω</span> <span class='ocrx_word' id='word_1_908' title='bbox 2377 4256 2676 4327; x_wconf 87' lang='grc' dir='ltr'>μαίνονται.</span> <span class='ocrx_word' id='word_1_909' title='bbox 2705 4255 2805 4308; x_wconf 89' lang='grc' dir='ltr'>Διά</span> <span class='ocrx_word' id='word_1_910' title='bbox 2826 4272 2907 4308; x_wconf 92' lang='grc' dir='ltr'>τοι</span> <span class='ocrx_word' id='word_1_911' title='bbox 2939 4255 3096 4308; x_wconf 89' lang='grc' dir='ltr'>τοῦτο</span> <span class='ocrx_word' id='word_1_912' title='bbox 3128 4257 3221 4310; x_wconf 78' lang='grc' dir='ltr'>καὶ</span> <span class='ocrx_word' id='word_1_913' title='bbox 3248 4259 3330 4322; x_wconf 88' lang='grc' dir='ltr'>τὸ,</span> <span class='ocrx_word' id='word_1_914' title='bbox 3391 4259 3754 4331; x_wconf 82' lang='grc' dir='ltr'>Ἀνθρώποις</span> 
     </span>
    </p>
   </div>
   <div class='ocr_carea' id='block_1_114' title="bbox 2071 4341 3753 4417">
    <p class='ocr_par' dir='ltr' id='par_1_114' title="bbox 2071 4341 3753 4417">
     <span class='ocr_line' id='line_1_114' title="bbox 2071 4341 3753 4417; baseline 0.004 -21"><span class='ocrx_word' id='word_1_915' title='bbox 2071 4341 2521 4410; x_wconf 82' lang='grc' dir='ltr'>παραδεδωκόσι</span> <span class='ocrx_word' id='word_1_916' title='bbox 2552 4343 2659 4406; x_wconf 85' lang='grc' dir='ltr'>τὰς</span> <span class='ocrx_word' id='word_1_917' title='bbox 2674 4343 2880 4410; x_wconf 70' lang='grc' dir='ltr'>ψυχὰς</span> <span class='ocrx_word' id='word_1_918' title='bbox 2915 4341 3114 4396; x_wconf 81' lang='grc' dir='ltr'>αὐτῶν</span> <span class='ocrx_word' id='word_1_919' title='bbox 3139 4343 3291 4412; x_wconf 82' lang='grc' dir='ltr'>ὑπὲρ</span> <span class='ocrx_word' id='word_1_920' title='bbox 3321 4345 3427 4399; x_wconf 88' lang='grc' dir='ltr'>τοῦ</span> <span class='ocrx_word' id='word_1_921' title='bbox 3450 4347 3753 4417; x_wconf 79' lang='grc' dir='ltr'>ὀνόματος</span> 
     </span>
    </p>
   </div>
   <div class='ocr_carea' id='block_1_115' title="bbox 2070 4431 3756 4512">
    <p class='ocr_par' dir='ltr' id='par_1_115' title="bbox 2070 4431 3756 4512">
     <span class='ocr_line' id='line_1_115' title="bbox 2070 4431 3756 4512; baseline 0.004 -25"><span class='ocrx_word' id='word_1_922' title='bbox 2070 4433 2177 4487; x_wconf 85' lang='grc' dir='ltr'>τοῦ</span> <span class='ocrx_word' id='word_1_923' title='bbox 2231 4434 2453 4500; x_wconf 81' lang='grc' dir='ltr'>Κυρίου</span> <span class='ocrx_word' id='word_1_924' title='bbox 2505 4431 2676 4501; x_wconf 77' lang='grc' dir='ltr'>ἡμῶν</span> <span class='ocrx_word' id='word_1_925' title='bbox 2696 4432 2901 4501; x_wconf 86' lang='grc' dir='ltr'>Ἰησοῦ</span> <span class='ocrx_word' id='word_1_926' title='bbox 2933 4435 3216 4502; x_wconf 86' lang='grc' dir='ltr'>Χριστοῦ,</span> <span class='ocrx_word' id='word_1_927' title='bbox 3262 4437 3568 4512; x_wconf 86' lang='grc' dir='ltr'>προσέθηκε</span> <span class='ocrx_word' id='word_1_928' title='bbox 3603 4456 3618 4470; x_wconf 85' lang='grc'>⁶</span> <span class='ocrx_word' id='word_1_929' title='bbox 3656 4443 3756 4495; x_wconf 74' lang='grc' dir='ltr'>καὶ</span> 
     </span>
    </p>
   </div>
   <div class='ocr_carea' id='block_1_116' title="bbox 2069 4515 3755 4596">
    <p class='ocr_par' dir='ltr' id='par_1_116' title="bbox 2069 4515 3755 4596">
     <span class='ocr_line' id='line_1_116' title="bbox 2069 4515 3755 4596; baseline 0.005 -21"><span class='ocrx_word' id='word_1_930' title='bbox 2069 4523 2214 4585; x_wconf 89' lang='grc' dir='ltr'>τίνος</span> <span class='ocrx_word' id='word_1_931' title='bbox 2253 4521 2438 4574; x_wconf 81' lang='grc' dir='ltr'>ἐνεκεν</span> <span class='ocrx_word' id='word_1_932' title='bbox 2487 4515 2660 4584; x_wconf 76' lang='grc' dir='ltr'>εἶπεν,</span> <span class='ocrx_word' id='word_1_933' title='bbox 2727 4521 2939 4586; x_wconf 82' lang='grc' dir='ltr'>Ἔδοξε</span> <span class='ocrx_word' id='word_1_934' title='bbox 2985 4521 3064 4588; x_wconf 80' lang='grc' dir='ltr'>τῷ</span> <span class='ocrx_word' id='word_1_935' title='bbox 3113 4524 3261 4592; x_wconf 77' lang='grc' dir='ltr'>ἁγίῳ</span> <span class='ocrx_word' id='word_1_936' title='bbox 3297 4527 3597 4596; x_wconf 87' lang='grc' dir='ltr'>Πνεύματι</span> <span class='ocrx_word' id='word_1_937' title='bbox 3652 4530 3755 4584; x_wconf 87' lang='grc' dir='ltr'>καί</span> 
     </span>
    </p>
   </div>
   <div class='ocr_carea' id='block_1_117' title="bbox 2069 4607 3754 4686">
    <p class='ocr_par' dir='ltr' id='par_1_117' title="bbox 2069 4607 3754 4686">
     <span class='ocr_line' id='line_1_117' title="bbox 2069 4607 3754 4686; baseline 0.005 -27"><span class='ocrx_word' id='word_1_938' title='bbox 2069 4608 2233 4677; x_wconf 75' lang='grc' dir='ltr'>ἡμῖν,</span> <span class='ocrx_word' id='word_1_939' title='bbox 2260 4607 2438 4660; x_wconf 82' lang='grc' dir='ltr'>καίτοι</span> <span class='ocrx_word' id='word_1_940' title='bbox 2457 4608 2616 4678; x_wconf 73' lang='grc' dir='ltr'>ἤρκει</span> <span class='ocrx_word' id='word_1_941' title='bbox 2644 4608 2839 4674; x_wconf 84' lang='grc' dir='ltr'>εἰπεῖν,</span> <span class='ocrx_word' id='word_1_942' title='bbox 2877 4607 2960 4675; x_wconf 84' lang='grc' dir='ltr'>Τῷ</span> <span class='ocrx_word' id='word_1_943' title='bbox 2987 4609 3134 4680; x_wconf 74' lang='grc' dir='ltr'>ἁγίῳ</span> <span class='ocrx_word' id='word_1_944' title='bbox 3161 4613 3495 4680; x_wconf 84' lang='grc' dir='ltr'>Πνεύματι;</span> <span class='ocrx_word' id='word_1_945' title='bbox 3523 4615 3598 4668; x_wconf 89' lang='lat' dir='ltr'><strong>T0</strong></span> <span class='ocrx_word' id='word_1_946' title='bbox 3627 4617 3754 4686; x_wconf 84' lang='grc' dir='ltr'>μὲν,</span> 
     </span>
    </p>
   </div>
   <div class='ocr_carea' id='block_1_118' title="bbox 2076 4693 3757 4772">
    <p class='ocr_par' dir='ltr' id='par_1_118' title="bbox 2076 4693 3757 4772">
     <span class='ocr_line' id='line_1_118' title="bbox 2076 4693 3757 4772; baseline 0.003 -22"><span class='ocrx_word' id='word_1_947' title='bbox 2076 4693 2160 4760; x_wconf 76' lang='grc' dir='ltr'>Τῷ</span> <span class='ocrx_word' id='word_1_948' title='bbox 2191 4694 2337 4764; x_wconf 76' lang='grc' dir='ltr'>ἁγίῳ</span> <span class='ocrx_word' id='word_1_949' title='bbox 2366 4694 2684 4762; x_wconf 85' lang='grc' dir='ltr'>Πνεύματι,</span> <span class='ocrx_word' id='word_1_950' title='bbox 2716 4695 2808 4747; x_wconf 80' lang='grc' dir='ltr'>ἵνα</span> <span class='ocrx_word' id='word_1_951' title='bbox 2844 4695 2918 4766; x_wconf 85' lang='grc' dir='ltr'>μὴ</span> <span class='ocrx_word' id='word_1_952' title='bbox 2955 4695 3251 4766; x_wconf 90' lang='grc' dir='ltr'>νομίσωσιν</span> <span class='ocrx_word' id='word_1_953' title='bbox 3280 4698 3625 4772; x_wconf 81' lang='grc' dir='ltr'>ἀνθρώπινον</span> <span class='ocrx_word' id='word_1_954' title='bbox 3677 4701 3757 4756; x_wconf 82' lang='grc' dir='ltr'>εἷ-</span> 
     </span>
    </p>
   </div>
   <div class='ocr_carea' id='block_1_119' title="bbox 2069 4781 3757 4852">
    <p class='ocr_par' dir='ltr' id='par_1_119' title="bbox 2069 4781 3757 4852">
     <span class='ocr_line' id='line_1_119' title="bbox 2069 4781 3757 4852; baseline 0.005 -16"><span class='ocrx_word' id='word_1_955' title='bbox 2069 4799 2157 4836; x_wconf 74' lang='grc' dir='ltr'>ναι</span> <span class='ocrx_word' id='word_1_956' title='bbox 2194 4798 2206 4810; x_wconf 91' lang='grc'><strong>·</strong></span> <span class='ocrx_word' id='word_1_957' title='bbox 2237 4781 2396 4847; x_wconf 80' lang='grc' dir='ltr'>τὸδὲ,</span> <span class='ocrx_word' id='word_1_958' title='bbox 2444 4782 2636 4850; x_wconf 86' lang='grc' dir='ltr'>Ἡμῖν,</span> <span class='ocrx_word' id='word_1_959' title='bbox 2669 4783 2754 4834; x_wconf 80' lang='grc' dir='ltr'>ἵνα</span> <span class='ocrx_word' id='word_1_960' title='bbox 2783 4783 3108 4852; x_wconf 85' lang='grc' dir='ltr'>διδαχθῶσιν</span> <span class='ocrx_word' id='word_1_961' title='bbox 3130 4825 3145 4850; x_wconf 93' lang='grc'>,</span> <span class='ocrx_word' id='word_1_962' title='bbox 3181 4785 3263 4838; x_wconf 84' lang='grc' dir='ltr'>ὃτι</span> <span class='ocrx_word' id='word_1_963' title='bbox 3312 4788 3404 4841; x_wconf 71' lang='grc' dir='ltr'>καὶ</span> <span class='ocrx_word' id='word_1_964' title='bbox 3443 4789 3600 4841; x_wconf 80' lang='grc' dir='ltr'>αὐτοὶ</span> <span class='ocrx_word' id='word_1_965' title='bbox 3659 4793 3757 4844; x_wconf 78' lang='grc' dir='ltr'>καὶ</span> 
     </span>
    </p>
   </div>
   <div class='ocr_carea' id='block_1_120' title="bbox 2071 4867 3755 4941">
    <p class='ocr_par' dir='ltr' id='par_1_120' title="bbox 2071 4867 3755 4941">
     <span class='ocr_line' id='line_1_120' title="bbox 2071 4867 3755 4941; baseline 0.004 -21"><span class='ocrx_word' id='word_1_966' title='bbox 2071 4867 2446 4937; x_wconf 81' lang='grc' dir='ltr'>ἀποδέχονται,</span> <span class='ocrx_word' id='word_1_967' title='bbox 2495 4867 2590 4921; x_wconf 71' lang='grc' dir='ltr'>καὶ</span> <span class='ocrx_word' id='word_1_968' title='bbox 2643 4871 2698 4921; x_wconf 88' lang='grc' dir='ltr'>ἐν</span> <span class='ocrx_word' id='word_1_969' title='bbox 2734 4872 3001 4941; x_wconf 83' lang='grc' dir='ltr'>περιτομῇ</span> <span class='ocrx_word' id='word_1_970' title='bbox 3049 4869 3222 4934; x_wconf 78' lang='grc' dir='ltr'>ὄντες.</span> <span class='ocrx_word' id='word_1_971' title='bbox 3287 4871 3494 4940; x_wconf 80' lang='grc' dir='ltr'>Μηδὲν</span> <span class='ocrx_word' id='word_1_972' title='bbox 3536 4875 3755 4936; x_wconf 81' lang='grc' dir='ltr'>πλέον,</span> 
     </span>
    </p>
   </div>
   <div class='ocr_carea' id='block_1_121' title="bbox 2072 4954 3756 5032">
    <p class='ocr_par' dir='ltr' id='par_1_121' title="bbox 2072 4954 3756 5032">
     <span class='ocr_line' id='line_1_121' title="bbox 2072 4954 3756 5032; baseline 0.004 -25"><span class='ocrx_word' id='word_1_973' title='bbox 2072 4954 2257 5025; x_wconf 73' lang='grc' dir='ltr'>φησὶν,</span> <span class='ocrx_word' id='word_1_974' title='bbox 2283 4954 2652 5010; x_wconf 83' lang='grc' dir='ltr'>ἐπιτίθεσθαι</span> <span class='ocrx_word' id='word_1_975' title='bbox 2674 4954 2869 5023; x_wconf 81' lang='grc' dir='ltr'>βάρος</span> <span class='ocrx_word' id='word_1_976' title='bbox 2881 4956 3044 5026; x_wconf 87' lang='grc' dir='ltr'>ὑμῖν.</span> <span class='ocrx_word' id='word_1_977' title='bbox 3066 4957 3255 5011; x_wconf 90' lang='grc' dir='ltr'>Ταῦτα</span> <span class='ocrx_word' id='word_1_978' title='bbox 3273 4958 3546 5027; x_wconf 90' lang='grc' dir='ltr'>λέγουσιν,</span> <span class='ocrx_word' id='word_1_979' title='bbox 3563 4961 3756 5032; x_wconf 84' lang='grc' dir='ltr'>ἐπειδὴ</span> 
     </span>
    </p>
   </div>
   <div class='ocr_carea' id='block_1_122' title="bbox 2072 5041 3756 5119">
    <p class='ocr_par' dir='ltr' id='par_1_122' title="bbox 2072 5041 3756 5119">
     <span class='ocr_line' id='line_1_122' title="bbox 2072 5041 3756 5119; baseline 0.004 -25"><span class='ocrx_word' id='word_1_980' title='bbox 2072 5041 2209 5113; x_wconf 84' lang='grc' dir='ltr'>πρὸς</span> <span class='ocrx_word' id='word_1_981' title='bbox 2238 5041 2560 5112; x_wconf 85' lang='grc' dir='ltr'>ἀνθρώπους</span> <span class='ocrx_word' id='word_1_982' title='bbox 2585 5042 2836 5106; x_wconf 80' lang='grc' dir='ltr'>ἀσθενεῖς</span> <span class='ocrx_word' id='word_1_983' title='bbox 2865 5041 2947 5096; x_wconf 81' lang='grc' dir='ltr'>ἐτι</span> <span class='ocrx_word' id='word_1_984' title='bbox 2979 5045 3008 5097; x_wconf 94' lang='lat'>0</span> <span class='ocrx_word' id='word_1_985' title='bbox 3039 5043 3197 5112; x_wconf 88' lang='grc' dir='ltr'>λόγος</span> <span class='ocrx_word' id='word_1_986' title='bbox 3220 5041 3308 5117; x_wconf 81' lang='grc' dir='ltr'>ἦν,</span> <span class='ocrx_word' id='word_1_987' title='bbox 3354 5048 3448 5102; x_wconf 77' lang='grc' dir='ltr'>καὶ</span> <span class='ocrx_word' id='word_1_988' title='bbox 3506 5049 3756 5119; x_wconf 81' lang='grc' dir='ltr'>πεφοϐη-</span> 
     </span>
    </p>
   </div>
   <div class='ocr_carea' id='block_1_123' title="bbox 2075 5127 3755 5203">
    <p class='ocr_par' dir='ltr' id='par_1_123' title="bbox 2075 5127 3755 5203">
     <span class='ocr_line' id='line_1_123' title="bbox 2075 5127 3755 5203; baseline 0.004 -23"><span class='ocrx_word' id='word_1_989' title='bbox 2075 5127 2268 5198; x_wconf 90' lang='grc' dir='ltr'>μένους</span> <span class='ocrx_word' id='word_1_990' title='bbox 2295 5127 2494 5191; x_wconf 85' lang='grc' dir='ltr'>αύτούς</span> <span class='ocrx_word' id='word_1_991' title='bbox 2516 5144 2532 5160; x_wconf 77' lang='grc' dir='ltr'><strong>ο</strong></span> <span class='ocrx_word' id='word_1_992' title='bbox 2556 5127 2644 5181; x_wconf 75' lang='grc' dir='ltr'>διὰ</span> <span class='ocrx_word' id='word_1_993' title='bbox 2675 5128 2832 5181; x_wconf 90' lang='grc' dir='ltr'>τοῦτο</span> <span class='ocrx_word' id='word_1_994' title='bbox 2870 5129 2963 5182; x_wconf 72' lang='grc' dir='ltr'>καὶ</span> <span class='ocrx_word' id='word_1_995' title='bbox 3025 5130 3187 5186; x_wconf 90' lang='grc' dir='ltr'>τοῦτο</span> <span class='ocrx_word' id='word_1_996' title='bbox 3230 5132 3576 5203; x_wconf 86' lang='grc' dir='ltr'>πρόσκειται.</span> <span class='ocrx_word' id='word_1_997' title='bbox 3635 5136 3755 5186; x_wconf 85' lang='grc' dir='ltr'>Δεί-</span> 
     </span>
    </p>
   </div>
   <div class='ocr_carea' id='block_1_124' title="bbox 2072 5215 3757 5292">
    <p class='ocr_par' dir='ltr' id='par_1_124' title="bbox 2072 5215 3757 5292">
     <span class='ocr_line' id='line_1_124' title="bbox 2072 5215 3757 5292; baseline 0.004 -24"><span class='ocrx_word' id='word_1_998' title='bbox 2072 5231 2226 5268; x_wconf 90' lang='grc' dir='ltr'>κνυσι</span> <span class='ocrx_word' id='word_1_999' title='bbox 2244 5215 2300 5268; x_wconf 89' lang='grc' dir='ltr'>δέ</span> <span class='ocrx_word' id='word_1_1000' title='bbox 2316 5215 2435 5285; x_wconf 82' lang='grc' dir='ltr'>ούχί</span> <span class='ocrx_word' id='word_1_1001' title='bbox 2457 5215 2917 5283; x_wconf 82' lang='grc' dir='ltr'>συγκαταϐάσεως</span> <span class='ocrx_word' id='word_1_1002' title='bbox 2937 5217 3064 5269; x_wconf 75' lang='grc' dir='ltr'>ὄντα</span> <span class='ocrx_word' id='word_1_1003' title='bbox 3084 5217 3175 5272; x_wconf 87' lang='grc' dir='ltr'>τὸν</span> <span class='ocrx_word' id='word_1_1004' title='bbox 3206 5217 3385 5287; x_wconf 88' lang='grc' dir='ltr'>λόγον,</span> <span class='ocrx_word' id='word_1_1005' title='bbox 3417 5220 3537 5273; x_wconf 84' lang='grc' dir='ltr'>ούδέ</span> <span class='ocrx_word' id='word_1_1006' title='bbox 3563 5221 3757 5292; x_wconf 78' lang='grc' dir='ltr'>ἐπειδὴ</span> 
     </span>
    </p>
   </div>
   <div class='ocr_carea' id='block_1_125' title="bbox 2071 5302 3750 5371">
    <p class='ocr_par' dir='ltr' id='par_1_125' title="bbox 2071 5302 3750 5371">
     <span class='ocr_line' id='line_1_125' title="bbox 2071 5302 3750 5371; baseline 0.004 -17"><span class='ocrx_word' id='word_1_1007' title='bbox 2071 5302 2342 5371; x_wconf 85' lang='grc' dir='ltr'>ἐφείδοντο</span> <span class='ocrx_word' id='word_1_1008' title='bbox 2391 5303 2572 5356; x_wconf 84' lang='grc' dir='ltr'>αὐτῶν</span> <span class='ocrx_word' id='word_1_1009' title='bbox 2620 5303 2741 5356; x_wconf 84' lang='grc' dir='ltr'>ούδέ</span> <span class='ocrx_word' id='word_1_1010' title='bbox 2788 5303 2864 5366; x_wconf 83' lang='grc' dir='ltr'>ὡς</span> <span class='ocrx_word' id='word_1_1011' title='bbox 2888 5303 3130 5359; x_wconf 85' lang='grc' dir='ltr'>ἀσθενῶν</span> <span class='ocrx_word' id='word_1_1012' title='bbox 3163 5322 3176 5336; x_wconf 84' lang='lat'><strong><em>°</em></strong></span> <span class='ocrx_word' id='word_1_1013' title='bbox 3215 5306 3354 5360; x_wconf 87' lang='grc' dir='ltr'>ἀ).λά</span> <span class='ocrx_word' id='word_1_1014' title='bbox 3399 5308 3708 5362; x_wconf 81' lang='grc' dir='ltr'>τούναντίον</span> <span class='ocrx_word' id='word_1_1015' title='bbox 3737 5326 3750 5339; x_wconf 75' lang='grc' dir='ltr'>ο</span> 
     </span>
    </p>
   </div>
   <div class='ocr_carea' id='block_1_126' title="bbox 2071 5389 3754 5465">
    <p class='ocr_par' dir='ltr' id='par_1_126' title="bbox 2071 5389 3754 5465">
     <span class='ocr_line' id='line_1_126' title="bbox 2071 5389 3754 5465; baseline 0.004 -24"><span class='ocrx_word' id='word_1_1016' title='bbox 2071 5389 2238 5459; x_wconf 83' lang='grc' dir='ltr'>πολλὴ</span> <span class='ocrx_word' id='word_1_1017' title='bbox 2271 5389 2380 5460; x_wconf 75' lang='grc' dir='ltr'>γὰρ</span> <span class='ocrx_word' id='word_1_1018' title='bbox 2432 5390 2528 5443; x_wconf 80' lang='grc' dir='ltr'>καὶ</span> <span class='ocrx_word' id='word_1_1019' title='bbox 2559 5389 2668 5443; x_wconf 90' lang='grc' dir='ltr'>τῶν</span> <span class='ocrx_word' id='word_1_1020' title='bbox 2713 5390 3050 5444; x_wconf 88' lang='grc' dir='ltr'>διδασκάλων</span> <span class='ocrx_word' id='word_1_1021' title='bbox 3094 5391 3259 5457; x_wconf 86' lang='grc' dir='ltr'>αἰδὼς</span> <span class='ocrx_word' id='word_1_1022' title='bbox 3290 5389 3394 5465; x_wconf 77' lang='grc' dir='ltr'>ἦν’</span> <span class='ocrx_word' id='word_1_1023' title='bbox 3440 5396 3618 5447; x_wconf 87' lang='grc' dir='ltr'>ἐκεῖνο</span> <span class='ocrx_word' id='word_1_1024' title='bbox 3641 5395 3754 5465; x_wconf 78' lang='grc' dir='ltr'>γὰρ</span> 
     </span>
    </p>
   </div>
   <div class='ocr_carea' id='block_1_127' title="bbox 2071 5475 3750 5554">
    <p class='ocr_par' dir='ltr' id='par_1_127' title="bbox 2071 5475 3750 5554">
     <span class='ocr_line' id='line_1_127' title="bbox 2071 5475 3750 5554; baseline 0.002 -23"><span class='ocrx_word' id='word_1_1025' title='bbox 2071 5477 2322 5548; x_wconf 76' lang='grc' dir='ltr'>περιττὸν</span> <span class='ocrx_word' id='word_1_1026' title='bbox 2353 5476 2520 5547; x_wconf 84' lang='grc' dir='ltr'>βάρος</span> <span class='ocrx_word' id='word_1_1027' title='bbox 2537 5475 2626 5548; x_wconf 76' lang='grc' dir='ltr'>ἦν.</span> <span class='ocrx_word' id='word_1_1028' title='bbox 2654 5478 2796 5547; x_wconf 85' lang='grc' dir='ltr'>Ὀρα</span> <span class='ocrx_word' id='word_1_1029' title='bbox 2823 5477 3085 5549; x_wconf 88' lang='grc' dir='ltr'>βραχεῖαν</span> <span class='ocrx_word' id='word_1_1030' title='bbox 3110 5480 3400 5554; x_wconf 75' lang='grc' dir='ltr'>ἐπιστολὴν</span> <span class='ocrx_word' id='word_1_1031' title='bbox 3421 5483 3572 5536; x_wconf 81' lang='grc' dir='ltr'>οὐδὲν</span> <span class='ocrx_word' id='word_1_1032' title='bbox 3591 5482 3750 5535; x_wconf 82' lang='grc' dir='ltr'>πλέον</span> 
     </span>
    </p>
   </div>
   <div class='ocr_carea' id='block_1_128' title="bbox 2071 5558 3747 5634">
    <p class='ocr_par' dir='ltr' id='par_1_128' title="bbox 2071 5558 3747 5634">
     <span class='ocr_line' id='line_1_128' title="bbox 2071 5558 3747 5634; baseline 0.004 -22"><span class='ocrx_word' id='word_1_1033' title='bbox 2071 5558 2319 5630; x_wconf 77' lang='grc' dir='ltr'>ἔχουσαν,</span> <span class='ocrx_word' id='word_1_1034' title='bbox 2345 5560 2464 5612; x_wconf 81' lang='grc' dir='ltr'>οὑδέ</span> <span class='ocrx_word' id='word_1_1035' title='bbox 2495 5560 2841 5624; x_wconf 81' lang='grc' dir='ltr'>κατασκευάς</span> <span class='ocrx_word' id='word_1_1036' title='bbox 2873 5563 2994 5615; x_wconf 85' lang='grc' dir='ltr'>ούδέ</span> <span class='ocrx_word' id='word_1_1037' title='bbox 3016 5563 3432 5634; x_wconf 77' lang='grc' dir='ltr'>συλλογισμοὺς,</span> <span class='ocrx_word' id='word_1_1038' title='bbox 3467 5565 3581 5619; x_wconf 86' lang='grc' dir='ltr'>ἀλλ’</span> <span class='ocrx_word' id='word_1_1039' title='bbox 3627 5569 3747 5619; x_wconf 81' lang='grc' dir='ltr'>ἐπί-</span> 
     </span>
    </p>
   </div>
   <div class='ocr_carea' id='block_1_129' title="bbox 2072 5645 3746 5721">
    <p class='ocr_par' dir='ltr' id='par_1_129' title="bbox 2072 5645 3746 5721">
     <span class='ocr_line' id='line_1_129' title="bbox 2072 5645 3746 5721; baseline 0.002 -19"><span class='ocrx_word' id='word_1_1040' title='bbox 2072 5665 2257 5718; x_wconf 84' lang='grc' dir='ltr'>ταγμα</span> <span class='ocrx_word' id='word_1_1041' title='bbox 2294 5658 2340 5685; x_wconf 76' lang='grc' dir='ltr'>ε’</span> <span class='ocrx_word' id='word_1_1042' title='bbox 2375 5647 2690 5718; x_wconf 86' lang='grc' dir='ltr'>Πνεύματος</span> <span class='ocrx_word' id='word_1_1043' title='bbox 2721 5647 2828 5720; x_wconf 86' lang='grc' dir='ltr'>γὰρ</span> <span class='ocrx_word' id='word_1_1044' title='bbox 2860 5645 2927 5720; x_wconf 84' lang='grc' dir='ltr'>ῆν</span> <span class='ocrx_word' id='word_1_1045' title='bbox 2955 5651 3263 5721; x_wconf 86' lang='grc' dir='ltr'>νομοθεσία.</span> <span class='ocrx_word' id='word_1_1046' title='bbox 3303 5655 3450 5706; x_wconf 83' lang='grc' dir='ltr'>’Λνω</span> <span class='ocrx_word' id='word_1_1047' title='bbox 3482 5656 3572 5706; x_wconf 67' lang='grc' dir='ltr'>καὶ</span> <span class='ocrx_word' id='word_1_1048' title='bbox 3597 5657 3746 5708; x_wconf 79' lang='grc' dir='ltr'>κάτω</span> 
     </span>
    </p>
   </div>
   <div class='ocr_carea' id='block_1_130' title="bbox 2159 5753 3746 5818">
    <p class='ocr_par' dir='ltr' id='par_1_130' title="bbox 2159 5753 3746 5818">
     <span class='ocr_line' id='line_1_130' title="bbox 2159 5753 3746 5818; baseline 0.001 -16"><span class='ocrx_word' id='word_1_1049' title='bbox 2159 5755 2184 5818; x_wconf 62' lang='lat' dir='ltr'>f&#39;</span> <span class='ocrx_word' id='word_1_1050' title='bbox 2212 5753 2500 5818; x_wconf 63' lang='lat' dir='ltr'>chucnﬂa,</span> <span class='ocrx_word' id='word_1_1051' title='bbox 2529 5754 2716 5802; x_wconf 66' lang='lat'>1015....</span> <span class='ocrx_word' id='word_1_1052' title='bbox 2734 5754 2900 5818; x_wconf 58' lang='grc' dir='ltr'>φησίν,</span> <span class='ocrx_word' id='word_1_1053' title='bbox 2922 5755 3100 5804; x_wconf 80' lang='lat' dir='ltr'>dosunl</span> <span class='ocrx_word' id='word_1_1054' title='bbox 3123 5758 3170 5804; x_wconf 85' lang='lat' dir='ltr'>in</span> <span class='ocrx_word' id='word_1_1055' title='bbox 3199 5770 3311 5805; x_wconf 87' lang='lat' dir='ltr'>uno.</span> <span class='ocrx_word' id='word_1_1056' title='bbox 3382 5758 3408 5797; x_wconf 78' lang='lat' dir='ltr'><strong>b</strong></span> <span class='ocrx_word' id='word_1_1057' title='bbox 3438 5760 3588 5815; x_wconf 72' lang='lat' dir='ltr'>Idem,</span> <span class='ocrx_word' id='word_1_1058' title='bbox 3616 5759 3746 5818; x_wconf 61' lang='lat'>&quot;0,52</span> 
     </span>
    </p>
   </div>
   <div class='ocr_carea' id='block_1_131' title="bbox 2073 5815 3743 5882">
    <p class='ocr_par' dir='ltr' id='par_1_131' title="bbox 2073 5815 3743 5882">
     <span class='ocr_line' id='line_1_131' title="bbox 2073 5815 3743 5882; baseline 0.001 -19"><span class='ocrx_word' id='word_1_1059' title='bbox 2073 5815 2206 5863; x_wconf 78' lang='grc' dir='ltr'>οὐδὲν</span> <span class='ocrx_word' id='word_1_1060' title='bbox 2240 5817 2598 5878; x_wconf 78' lang='grc' dir='ltr'>φορτικώτερον.</span> <span class='ocrx_word' id='word_1_1061' title='bbox 2671 5819 2691 5844; x_wconf 75' lang='grc' dir='ltr'>ε</span> <span class='ocrx_word' id='word_1_1062' title='bbox 2721 5815 2943 5877; x_wconf 81' lang='lat' dir='ltr'>Quidam,</span> <span class='ocrx_word' id='word_1_1063' title='bbox 2986 5818 3093 5865; x_wconf 81' lang='grc' dir='ltr'>οὐδὲ</span> <span class='ocrx_word' id='word_1_1064' title='bbox 3129 5818 3396 5882; x_wconf 76' lang='grc' dir='ltr'>λογισμοὺς,</span> <span class='ocrx_word' id='word_1_1065' title='bbox 3422 5820 3526 5868; x_wconf 83' lang='grc' dir='ltr'>ἀλλ’</span> <span class='ocrx_word' id='word_1_1066' title='bbox 3549 5815 3743 5880; x_wconf 81' lang='grc' dir='ltr'>ἐπιτάγ-</span> 
     </span>
    </p>
   </div>
   <div class='ocr_carea' id='block_1_132' title="bbox 2075 5893 2216 5939">
    <p class='ocr_par' dir='ltr' id='par_1_132' title="bbox 2075 5893 2216 5939">
     <span class='ocr_line' id='line_1_132' title="bbox 2075 5893 2216 5939; baseline 0.007 -15"><span class='ocrx_word' id='word_1_1067' title='bbox 2075 5893 2216 5939; x_wconf 82' lang='grc' dir='ltr'>ματα.</span> 
     </span>
    </p>
   </div>
  </div>
