3950 6208
274 273 362 327 QII

271 383 577 437 snhiudicat.
607 381 880 449 Quodnam
910 381 1077 436 illud?
1100 381 1162 436 Hi
1187 424 1204 448 ,
1238 383 1443 454 inquit,
1473 394 1597 440 ante
1621 398 1827 439 omnes.

271 474 445 528 Postea
474 488 602 528 vero
626 483 907 527 convertam
932 490 1010 527 me
1032 483 1079 527 et
1108 474 1427 544 retediﬁcabo
1458 476 1834 529 tabernaculum

269 565 427 620 David
442 607 455 629 ,
484 567 618 635 quod
642 566 847 619 decidit.
878 565 931 620 Si
954 566 1074 636 quis
1101 576 1348 621 accurate
1369 568 1613 637 exploret
1637 608 1651 631 ,
1683 566 1837 620 Davi-

267 658 341 713 ὡς
370 673 587 727 regnum
612 673 751 711 nunc
777 668 923 713 stare
954 658 1204 713 inveniet.
1231 659 1363 713 Nam
1386 676 1506 713 eum
1536 676 1601 715 ex
1626 675 1691 714 eo
1716 675 1843 729 pro-

266 760 441 817 gnatus
470 758 655 819 regnet
685 792 700 815 ,
733 759 840 803 stat
868 750 1063 820 ubique
1098 767 1321 821 regnum
1366 753 1502 821 ejus.
1531 752 1666 818 Quid
1710 766 1837 821 pro-

266 851 375 894 sunt
403 841 545 895 enim
580 841 846 895 domicilia
877 854 928 895 et
962 842 1085 895 urbs
1110 884 1126 909 ,
1168 845 1211 897 si
1242 843 1439 897 subditi
1469 859 1571 898 non
1601 844 1748 898 sint?
1785 852 1840 897 et

269 932 378 1001 quid
402 934 581 986 damni
615 950 681 988 ex
708 934 855 989 urbis
883 935 1097 989 excidio
1122 977 1136 1000 ,
1171 952 1291 989 cum
1322 951 1507 990 onmes
1535 936 1694 989 etiam
1719 936 1836 989 aui-

268 1038 367 1079 tuas
392 1040 515 1079 suas
546 1027 859 1096 impendere
890 1028 1092 1082 velint?
1126 1028 1305 1097 Itaque
1350 1044 1457 1083 non
1504 1029 1663 1082 modo
1692 1037 1791 1081 stat
1820 1070 1835 1092 ,

266 1118 347 1171 sed
370 1127 421 1171 et
440 1119 685 1171 omnium
706 1119 1200 1189 splendidissimum
1229 1119 1423 1174 factum
1447 1129 1531 1174 est
1556 1138 1567 1172 ε
1597 1136 1716 1173 nam
1748 1136 1840 1189 per

266 1220 414 1261 totum
441 1225 584 1263 nunc
613 1211 799 1263 orbem
833 1211 1153 1265 celebratur.
1190 1211 1318 1265 Illud
1348 1213 1527 1265 evenit
1556 1228 1569 1268 :
1620 1228 1747 1282 ergo
1782 1222 1837 1267 et.

265 1302 353 1354 hoc
378 1303 590 1355 evenire
621 1310 857 1370 Oportet.
898 1301 997 1356 Ubi
1035 1314 1211 1356 autem
1244 1304 1375 1356 dixit
1405 1346 1418 1367 ,
1456 1302 1796 1371 Retediﬁciibo
1821 1346 1836 1369 ,

263 1408 455 1444 causam
486 1392 635 1445 addit
668 1411 681 1444 :
712 1392 779 1446 Ut
806 1394 1063 1461 requirant
1089 1395 1254 1447 (ceteri
1282 1395 1507 1446 homines
1537 1394 1836 1446 Dominum.

262 1484 306 1535 Si
334 1499 448 1552 ergo
477 1482 602 1537 ideo
635 1493 814 1537 erecta
846 1494 927 1539 est
956 1485 1143 1539 civitas
1175 1496 1393 1554 propter
1431 1501 1551 1539 eum
1582 1527 1595 1550 ,
1642 1486 1728 1555 qui
1772 1502 1837 1540 ex

265 1574 410 1641 ipsis.
454 1574 632 1643 palam
673 1585 755 1629 est
795 1575 1132 1631 reaedilicata:
1162 1578 1394 1631 civitatis
1425 1592 1638 1632 causam
1679 1578 1840 1631 luisse

267 1665 472 1731 gentium
498 1666 867 1718 vocationem.
916 1666 1142 1732 Quinam
1189 1677 1314 1719 sunt
1363 1665 1608 1736 Reliqui?
1642 1667 1719 1721 Illi
1750 1668 1838 1735 qui

275 1766 384 1807 tunc
409 1756 864 1823 relinquebantur.
898 1757 1002 1811 Sed
1033 1757 1150 1811 vide
1180 1758 1326 1811 illum
1358 1768 1411 1812 et
1451 1758 1694 1812 ordinem
1742 1774 1838 1811 cu-

273 1847 481 1909 stodire,
509 1858 561 1900 et
587 1847 865 1901 secundos
892 1848 1014 1903 illos
1041 1847 1315 1903 inducere.
1365 1848 1505 1900 Dixit
1550 1847 1797 1901 Dominus
1820 1888 1836 1914 ,

266 1938 343 2005 qui
361 1939 472 2005 facit
496 1939 603 1991 lucc
633 1940 825 1991 omnia.
856 1937 972 1992 Non
1002 1939 1163 1993 modo
1204 1929 1376 2003 dicit,
1424 1939 1516 1992 sed
1563 1947 1617 1993 et
1665 1939 1788 1992 facit
1821 1956 1834 1991 :

261 2043 373 2096 ergo
403 2029 485 2081 Dei
517 2044 661 2097 opus
687 2037 771 2083 est
802 2031 1010 2083 vocatio
1039 2030 1297 2099 gentium.
1340 2029 1497 2084 Aliud
1540 2040 1653 2083 erat
1697 2030 1835 2098 quod

257 2119 576 2187 querebatur
597 2161 612 2181 ,
644 2121 789 2190 quod
815 2122 1011 2175 clarius
1036 2120 1251 2176 dicebat
1274 2121 1462 2175 Petrus
1492 2140 1502 2173 :
1527 2120 1643 2175 Non
1670 2135 1835 2189 opor-

257 2222 320 2263 tet
349 2212 461 2265 illos
489 2212 833 2266 circumcidi.
863 2211 969 2267 Cur
998 2227 1125 2282 ergo
1157 2213 1271 2267 haac
1300 2212 1676 2267 concinnaris?
1698 2212 1837 2267 Sane

254 2320 346 2357 non
377 2312 474 2359 hoc
507 2306 770 2360 dicebant
811 2306 928 2371 illi,
972 2306 1113 2375 quod
1164 2306 1447 2361 credentes
1493 2322 1596 2359 non
1640 2305 1829 2359 admit-

178 2380 187 2383 ⁷
254 2397 379 2448 tendi
409 2406 628 2461 essent,
664 2397 756 2450 sed
782 2398 923 2466 quod
952 2413 1072 2450 cum
1115 2398 1231 2467 lege
1270 2396 1606 2451 admittendi.
1641 2397 1708 2450 Et
1735 2398 1835 2451 hoc

251 2491 393 2542 etiam
425 2489 624 2544 Petrus
673 2490 807 2543 bene
843 2492 1189 2543 concionatus
1232 2499 1352 2555 est;
1395 2489 1487 2543 sed
1537 2490 1657 2559 quia
1707 2490 1834 2543 illud

253 2580 466 2634 maxime
496 2582 745 2633 omnium
778 2580 1049 2635 auditores
1081 2581 1367 2647 turbabat,
1402 2580 1503 2634 hoc
1538 2582 1697 2635 etiam
1741 2580 1833 2635 Ja-

251 2672 402 2724 cnhus
427 2679 604 2724 curat.
637 2670 705 2724 Et
733 2670 852 2724 vide
875 2713 888 2734 ,
926 2670 975 2725 id
1004 2671 1145 2740 quod
1176 2672 1458 2740 oportebat
1487 2672 1602 2740 lege
1633 2672 1791 2725 statui
1817 2712 1833 2735 ,

252 2779 342 2815 non
369 2762 701 2815 servandam
731 2778 852 2817 esse
881 2764 1047 2831 legem
1073 2803 1089 2827 ,
1122 2763 1173 2817 id
1202 2763 1391 2817 Petrus
1418 2762 1621 2816 induxit
1651 2782 1663 2815 :
1694 2764 1835 2832 quod

252 2870 363 2906 vero
389 2863 643 2908 nostrum
676 2864 759 2907 est
785 2896 799 2920 ,
824 2853 1194 2923 quodquejam
1218 2853 1344 2907 olim
1368 2866 1673 2922 susceptum
1698 2854 1795 2907 fuit
1817 2896 1832 2921 ,

252 2947 338 3000 hoc
361 2947 489 3001 dicit
521 2948 633 3000 iste
662 2987 677 3011 ,
710 2956 765 3000 et
796 2956 1040 3000 versatur
1068 2947 1121 3000 in
1148 2960 1213 3000 eo
1240 2988 1257 3013 ,
1285 2946 1352 3001 de
1393 2963 1499 3016 quo
1541 2947 1670 3000 nihil
1701 2950 1834 3001 seri—

250 3049 380 3106 ptum
424 3048 579 3100 erat;
633 3046 693 3089 ut
738 3052 832 3105 per
879 3052 990 3091 rem
1035 3051 1349 3115 concessam
1399 3039 1608 3092 illorum
1654 3048 1835 3093 curata

247 3140 449 3195 mente,
506 3132 623 3183 hoc
661 3129 821 3182 etiam
874 3136 1176 3198 Opportune
1230 3129 1527 3183 induceret.
1578 3128 1701 3183 Ideo
1746 3146 1838 3201 ego

245 3221 398 3290 judico
428 3237 541 3273 non
578 3220 850 3286 inquietari
871 3236 952 3273 eos
976 3262 991 3287 ,
1008 3220 1093 3289 qui
1114 3236 1178 3273 ex
1195 3221 1423 3289 gentibus
1441 3212 1797 3274 convertuntur
1820 3239 1838 3283 ;

248 3314 290 3366 id
313 3321 391 3368 est
413 3354 429 3378 ,
459 3331 531 3366 no
552 3330 582 3365 ιι
612 3312 936 3367 avertendos
964 3327 1103 3366 esse.
1149 3312 1284 3367 Nam
1323 3314 1366 3366 si
1413 3314 1551 3367 Deus
1590 3314 1796 3367 vocavit
1820 3356 1835 3381 ,

245 3418 290 3459 et
317 3406 417 3460 ille
442 3404 867 3459 observationes
899 3414 1180 3469 avertunt,
1212 3414 1397 3458 contra
1434 3404 1597 3457 Deum
1630 3420 1838 3473 pugna-

249 3513 372 3549 mus.
402 3496 468 3550 Et
495 3507 662 3550 recte
689 3494 820 3548 dixit
847 3536 861 3561 ,
916 3495 1016 3560 Qui
1062 3512 1124 3549 ea:
1168 3496 1395 3565 gentibus
1443 3506 1797 3549 convertuntur
1819 3537 1834 3557 .

249 3588 516 3642 declarans
548 3603 845 3656 supernam
894 3587 961 3641 de
989 3588 1094 3642 illis
1118 3587 1209 3641 Dei
1244 3587 1629 3656 providentiam
1652 3628 1669 3655 ,
1694 3590 1840 3655 ipso-

250 3696 463 3749 rumque
489 3679 912 3747 obsequentiam
942 3679 1149 3732 vocanti
1176 3678 1678 3747 obtemperantium.
1705 3678 1841 3745 Quid

248 3772 337 3824 sibi
387 3773 502 3826 vult
538 3771 679 3825 illud
706 3812 721 3833 ,
760 3770 945 3822 Judico
984 3770 1120 3840 ego?
1161 3769 1213 3823 Id
1258 3780 1377 3834 est,
1420 3784 1540 3824 cum
1580 3779 1841 3837 potestate

250 3864 361 3917 dico
387 3880 507 3918 rem
542 3865 618 3917 ita
652 3876 791 3916 esse.
826 3862 931 3915 Sed
955 3861 1273 3915 scribendum
1300 3862 1423 3929 ipsis
1460 3878 1565 3914 csse
1596 3870 1648 3913 ut
1682 3860 1840 3913 absti-

251 3965 389 4007 neant
412 3998 426 4019 ,
462 3954 683 4023 inquit,
710 3956 773 4006 ab
794 3953 1066 4006 immolatis
1094 3952 1346 4006 idolorum
1371 3992 1386 4016 ,
1414 3970 1445 4005 a
1472 3953 1804 4022 fornicatione
1824 3993 1839 4017 ,

247 4066 275 4099 ο
300 4048 554 4113 sit/forato
595 4058 645 4099 et
680 4048 947 4117 sanguine.
993 4046 1114 4099 Iltec
1156 4047 1299 4101 enim
1348 4046 1469 4101 licet
1500 4045 1799 4115 corporalia
1825 4084 1838 4107 ,

248 4140 531 4193 observato
590 4138 893 4191 necessaria
936 4146 1099 4203 sunt,
1143 4138 1264 4206 qnia
1320 4152 1509 4205 magna
1566 4136 1845 4205 pariebant

249 4232 400 4284 mala.
431 4230 513 4285 Ne
538 4230 665 4298 quis
689 4244 816 4282 vero
841 4228 1095 4295 objiciat:
1121 4230 1299 4295 Quare
1326 4242 1433 4282 non
1456 4227 1656 4282 Iudaeis
1682 4228 1841 4281 etiam

250 4324 367 4375 talia
395 4321 733 4376 scribimus?
755 4322 935 4387 adjicit
962 4337 975 4373 :
1012 4320 1212 4393 Moyses
1240 4338 1270 4373 α
1297 4321 1600 4391 tempOribus
1625 4321 1844 4389 antiquis

252 4431 335 4481 per
363 4429 543 4466 omnes
574 4414 799 4465 civitates
823 4412 966 4463 habet
1006 4412 1089 4483 qui
1126 4413 1397 4480 prtrdicent
1436 4427 1586 4476 eum;
1627 4412 1677 4465 id
1727 4422 1840 4479 est,

254 4504 459 4576 Moyses
489 4506 597 4558 illis
626 4503 935 4571 frequenter
963 4504 1216 4573 loquitur.
1266 4504 1378 4557 Iloc
1406 4504 1507 4559 sibi
1555 4506 1665 4559 vult
1702 4505 1845 4559 enim

255 4597 376 4651 illud
399 4640 417 4663 ,
468 4596 575 4650 Per
603 4613 753 4649 omne
775 4595 1033 4648 sabbatum
1062 4596 1261 4665 legitur.
1316 4596 1443 4650 Vide
1486 4607 1739 4665 quantum
1789 4612 1847 4651 se

254 4698 596 4756 attemperet.
624 4686 724 4742 Ubi
756 4687 886 4740 nihil
914 4688 1127 4751 nocuit,
1152 4686 1427 4740 doctorem
1451 4686 1554 4740 illis
1579 4688 1805 4739 instituit
1829 4728 1843 4752 ,

256 4790 303 4831 ct
332 4781 565 4849 gratiam
595 4779 817 4847 largitus
846 4787 964 4841 est,
999 4777 1132 4830 nihil
1174 4778 1548 4846 impedientem
1574 4819 1588 4843 ,
1626 4780 1845 4846 permit

256 4880 370 4922 teus
396 4869 607 4924 Judreis
638 4880 691 4922 ut
726 4870 873 4922 illum
903 4883 995 4935 per
1026 4868 1203 4922 omnia
1235 4868 1487 4931 audiant,
1532 4876 1585 4923 et
1622 4870 1848 4937 gentiles

257 4964 320 5009 ab
336 4975 403 5013 eo
428 4959 711 5014 abilucens
738 4976 749 5012 :
774 4959 967 5011 deinde
987 4975 1050 5011 ex
1072 4960 1138 5011 iis
1161 5000 1174 5020 .
1206 4958 1359 5027 queis
1377 4958 1654 5013 videbatur
1678 4961 1846 5028 ipsum

260 5052 532 5104 honorare
562 5061 617 5106 et
646 5052 758 5105 suis
786 5051 1059 5103 doctorem
1078 5052 1404 5104 constituere
1426 5091 1440 5115 ,
1463 5062 1650 5119 gentes
1671 5051 1736 5105 ab
1760 5051 1850 5104 illo

258 5144 508 5196 abduxit.
529 5142 634 5195 Cur
655 5158 781 5210 ergo
802 5142 868 5195 ab
891 5141 981 5194 illo
1004 5156 1109 5195 non
1131 5141 1343 5195 discunt
1359 5142 1383 5194 ?
1399 5140 1478 5195 Ob
1497 5141 1849 5210 inobsequen-

262 5245 385 5287 tiam
416 5250 595 5289 suam.
627 5234 761 5288 Ilinc
783 5233 1016 5288 ostendit
1042 5276 1055 5297 ,
1089 5233 1218 5301 ipsis
1250 5233 1377 5286 nihil
1405 5234 1539 5287 ultra
1561 5235 1851 5288 observan-

261 5325 388 5378 dum
418 5340 566 5379 esse.
595 5324 747 5393 Quod
777 5325 819 5378 si
854 5342 958 5377 non
990 5324 1287 5377 scribamus
1314 5365 1328 5389 ,
1364 5338 1468 5375 non
1497 5334 1577 5377 est
1604 5325 1744 5393 quod
1777 5325 1848 5377 illi

263 5417 505 5471 debeant
532 5417 728 5485 aliquid
760 5417 987 5485 amplius
1004 5415 1291 5469 observare
1314 5431 1331 5481 ;
1354 5414 1447 5469 sed
1472 5415 1611 5483 quod
1636 5415 1710 5468 illi
1739 5414 1851 5469 ba-c

266 5512 541 5563 uirentem
566 5510 811 5564 habeant.
843 5509 951 5563 Nec
976 5507 1105 5564 dicit
1135 5529 1147 5565 :
1177 5508 1252 5563 Ne
1280 5506 1699 5561 scandalizemus
1726 5522 1847 5573 eos,

268 5616 449 5670 neque
475 5601 842 5656 subvertamus
865 5643 879 5665 ,
911 5610 971 5655 ut
1002 5601 1195 5657 Paulus
1219 5598 1424 5655 Calatis
1449 5598 1580 5653 dixit
1608 5600 1625 5670 (
1650 5596 1765 5653 Gai.
1794 5599 1823 5657 ί

269 5688 300 5743 7
324 5692 369 5758 );
402 5688 507 5744 sed
530 5730 545 5756 ,
580 5691 1047 5761 Neinquietemus:
1075 5692 1127 5747 id
1166 5691 1310 5761 quod
1357 5690 1485 5745 nihil
1532 5693 1673 5747 aliud
1721 5708 1853 5764 opus

1212 269 1277 325 IN
1318 270 1498 327 ACTA
1541 270 2062 329 APOSTOLORUM.
2107 274 2335 332 HOiIIL.
2376 278 2614 334 XXXIII.

3434 288 3540 344 9,ιὶ

1944 386 2143 444 lndicat
2168 432 2183 456 ,
2215 407 2374 460 quam
2404 394 2859 461 obturbationem,
2898 396 2987 452 Sic
3030 406 3199 453 totum
3238 400 3417 455 solvit.
3461 404 3531 457 Et

1941 479 2153 535 videtur
2179 484 2396 552 quidem
2426 487 2586 540 etiam
2625 487 2796 558 legem
2837 504 3093 557 servare,
3136 492 3281 561 quod
3329 508 3391 547 ex
3442 495 3529 548 illa

1945 571 2061 628 hzec
2090 586 2358 639 assumat;
2390 579 2484 633 sed
2515 580 2672 634 solvit
2702 582 2846 636 illam
2872 624 2886 646 ,
2917 584 3055 652 quod
3091 584 3206 639 haec
3235 586 3349 641 sola
3379 602 3537 641 assu-

1944 675 2074 720 mat.
2096 668 2253 738 Atqui
2279 685 2422 740 saepe
2445 672 2548 727 illis
2568 672 2635 727 de
2662 674 2744 727 his
2765 675 3011 744 loquutus
3033 686 3114 731 est
3139 695 3152 742 ;
3186 680 3279 731 scd
3305 687 3362 732 ut
3384 679 3534 734 vide-

1945 766 2095 811 retur
2148 762 2310 814 etiam
2364 762 2531 831 legem
2578 764 2883 832 honorare,
2930 783 3103 837 neque
3150 768 3265 823 haec
3307 772 3456 839 quasi
3504 786 3535 824 a

1944 844 2133 917 Moyse
2163 848 2343 904 dicere
2369 890 2385 916 ,
2418 852 2511 907 sed
2541 855 2691 922 quasi
2725 855 2793 908 ab
2830 858 3123 925 apostolis;
3164 868 3214 911 et
3266 870 3323 912 ut
3366 860 3532 913 multa

1944 932 2144 990 faceret
2170 952 2467 1011 przecepta,
2519 959 2681 996 unum
2730 944 2928 999 divisit.
2973 946 3085 1000 Hoc
3129 948 3251 1001 illos
3294 951 3531 1003 maxime

1943 1024 2166 1083 sedavit.
2223 1030 2298 1083 Ex
2352 1032 2681 1100 providentia
2710 1051 2836 1089 vero
2864 1036 3127 1091 dissensio
3159 1038 3290 1091 facta
3319 1048 3401 1093 est
3427 1080 3439 1099 ,
3471 1051 3529 1092 ut

1946 1126 2068 1187 post
2098 1119 2485 1178 dissensionem
2517 1125 2721 1181 ﬁrmius
2748 1137 2891 1182 esset
2920 1128 3133 1198 dogma.
3169 1129 3311 1183 Tunc
3340 1130 3532 1201 placuit

1944 1213 2188 1279 apostolis
2214 1255 2229 1278 ,
2262 1214 2464 1284 inquit,
2492 1218 2624 1271 viros
2655 1220 2922 1288 primarios
2952 1221 3003 1273 in
3038 1223 3285 1290 fratribus
3319 1224 3532 1277 mittere.

1942 1300 2057 1354 Non
2087 1304 2330 1369 vulgares
2354 1349 2369 1371 ,
2394 1307 2486 1360 sed
2515 1310 2809 1377 PrtIlClpuos
2834 1312 3051 1364 mittunt
3078 1313 3313 1377 electos;
3344 1313 3419 1367 lis
3446 1317 3536 1383 qui

1944 1392 2226 1447 Antiochia:
2250 1408 2391 1449 erant
2415 1438 2428 1459 ,
2466 1399 2673 1468 inquit,
2716 1402 2767 1452 in
2814 1400 2969 1470 Syria
3008 1413 3052 1456 et
3101 1404 3152 1456 in
3192 1403 3371 1457 Cilicia
3396 1447 3411 1469 ,
3443 1407 3535 1459 ubi

1944 1486 2163 1539 morbus
2187 1499 2336 1542 ortus
2368 1491 2557 1544 luerat.

2015 1580 2066 1633 5.
2116 1580 2242 1635 Vide
2268 1583 2535 1649 quomodo
2564 1584 2692 1637 nihil
2737 1585 3019 1639 molestum
3049 1593 3234 1639 contra
3272 1586 3394 1640 illos
3442 1588 3529 1640 di-

1944 1679 2106 1735 cant,
2140 1671 2230 1725 sed
2260 1672 2309 1725 id
2347 1690 2506 1727 unum
2538 1684 2817 1744 spectent,
2861 1688 2917 1729 ut
2963 1686 3108 1731 recte
3152 1693 3240 1731 res
3288 1690 3530 1733 curetur.

1944 1763 2055 1817 Ilnc
2085 1766 2226 1818 enim
2260 1766 2525 1821 efﬁciebat
2550 1809 2565 1833 ,
2596 1778 2653 1821 ut
2694 1770 2781 1839 qui
2826 1770 2935 1823 illic
2983 1771 3300 1826 seditionem
3350 1788 3533 1827 move-

1943 1864 2101 1916 rant.
2151 1857 2555 1911 CtlIlIllCI‘CllIllI'.
2608 1859 2721 1912 Non
2764 1860 3053 1927 dixerunt,
3109 1861 3431 1917 Seductores
3480 1875 3533 1917 et

1943 1948 2228 2015 perniciosi
2252 1990 2267 2013 ,
2300 1960 2354 2003 et
2385 1950 2467 2003 his
2493 1952 2685 2005 similia
2714 1970 2728 2011 ;
2763 1953 2887 2007 licet
2911 1954 3000 2007 uhi
3028 1970 3162 2022 opus
3191 1963 3272 2008 est
3311 1956 3411 2008 hoc
3455 1955 3536 2009 I'ao

1941 2037 2048 2090 ciat
2080 2038 2273 2092 Paulus
2296 2079 2312 2103 ,
2347 2051 2404 2092 ut
2434 2056 2554 2094 eum
2586 2041 2714 2095 dicit
2742 2060 2754 2094 :
2790 2041 2835 2094 0
2860 2044 3005 2111 plene
3048 2045 3186 2096 omni
3223 2044 3341 2096 dolo
3374 2046 3527 2114 (Act.

1944 2129 2029 2184 I3.
2062 2130 2130 2184 10
2158 2132 2208 2194 )!
2245 2131 2329 2185 hic
2358 2148 2487 2186 vero
2515 2149 2636 2188 cum
2677 2134 2945 2188 emendati
2988 2145 3165 2189 essent
3192 2177 3205 2199 ,
3262 2152 3366 2189 non
3416 2151 3531 2192 erat

1939 2237 2093 2292 opus.
2124 2222 2190 2276 Et
2223 2224 2344 2277 vide
2375 2241 2388 2277 :
2418 2239 2520 2278 non
2562 2225 2661 2279 hoc
2708 2235 2946 2294 ponunt,
2993 2227 3218 2294 Quidam
3260 2243 3325 2282 ex
3374 2228 3529 2282 nohis

1937 2314 2211 2382 jusserunt
2238 2331 2332 2369 vos
2365 2317 2533 2386 legem
2578 2333 2835 2383 servare;
2885 2319 2977 2373 sed
2998 2358 3015 2384 ,
3062 2319 3405 2373 Turbaverunt
3441 2336 3527 2372 vos

1939 2407 2099 2460 verbis
2145 2419 2434 2463 evertentes.
2482 2408 2633 2463 Nulla
2685 2410 2853 2479 magis
2896 2411 3112 2481 propria
3156 2411 3323 2465 dictio
3369 2422 3526 2473 erat;

1942 2501 2120 2554 nullus
2151 2501 2220 2554 ita
2250 2500 2405 2555 dixit.
2435 2502 2657 2555 Animas
2686 2518 2803 2571 quze
2828 2503 2938 2570 jam
2965 2503 3184 2557 ﬁrmatre
3215 2514 3369 2557 erant
3394 2546 3407 2564 .
3442 2505 3527 2557 in—

1939 2593 2085 2662 quit,
2110 2594 2499 2656 subvertentes,
2524 2596 2675 2663 quasi
2699 2596 2749 2647 in
2772 2594 2999 2649 :ediﬁciu
3023 2638 3038 2659 ,
3058 2613 3175 2663 quzn
3193 2598 3260 2649 ah
3276 2597 3375 2650 illis
3395 2597 3529 2651 taeta

1937 2692 2094 2737 erant
2143 2693 2425 2751 ponentes.
2477 2685 2711 2751 Quibus,
2762 2688 2969 2755 inquit,
3025 2704 3125 2741 non
3181 2690 3533 2757 prwt‘epimus.

1944 2772 2144 2827 Placuit
2178 2790 2295 2843 ergo
2324 2774 2465 2826 nobis
2489 2792 2588 2828 una
2610 2776 2831 2829 collectis
2853 2779 3157 2831 unanimiter
3177 2796 3289 2831 cum
3318 2781 3531 2831 dilectis.

1940 2862 1997 2916 Si
2025 2863 2202 2917 dilecti
2232 2905 2246 2927 ,
2278 2879 2381 2917 non
2409 2873 2755 2919 contemnent
2780 2881 2874 2919 eos
2902 2885 2915 2919 :
2962 2867 3005 2919 si
3043 2868 3376 2921 tradiderunt
3412 2870 3533 2922 ani-

1939 2970 2094 3020 mas,
2154 2955 2251 3021 ipsi
2307 2969 2517 3023 quoque
2563 2955 2665 3009 lide
2709 2954 2850 3023 digni
2901 2964 3047 3010 sunt.
3096 2955 3333 3011 Misimus
3373 2976 3531 3028 ergo,

1942 3046 2114 3116 inquit
2142 3088 2156 3111 ,
2188 3045 2379 3098 Jntlam
2405 3056 2450 3099 et
2483 3045 2690 3109 Silam,
2735 3056 2781 3100 et
2820 3048 2955 3117 ipsos
2989 3047 3136 3101 verbo
3174 3050 3534 3101 annuntiantes

1943 3139 2067 3193 Iiwc.
2101 3137 2394 3207 Oportebat
2421 3139 2562 3191 enim
2590 3180 2604 3203 ,
2640 3147 2696 3191 ιιι
2724 3153 2831 3193 ιιοιι
2854 3140 3081 3208 epistola
3110 3140 3221 3193 sola
3251 3155 3534 3209 compare-

1943 3240 2023 3292 ret
2049 3272 2065 3295 ,
2097 3245 2161 3283 ne
2189 3228 2433 3283 dicerent
2483 3230 2628 3298 ipsos
2666 3231 2959 3284 extorsisse
2986 3272 3001 3295 ,
3051 3240 3103 3285 et
3142 3232 3240 3284 alia
3291 3246 3387 3300 pro
3419 3230 3537 3283 aliis

1942 3322 2163 3377 dixisse.
2194 3322 2331 3376 Laus
2360 3323 2505 3375 Pauli
2531 3332 2583 3376 et
2605 3324 2733 3377 socii
2763 3339 2947 3377 eorum
2971 3338 3064 3378 ora
3090 3324 3373 3378 obstruxit.
3410 3325 3536 3380 Ideo

1945 3430 2172 3481 namque
2200 3430 2371 3483 neque
2420 3414 2613 3467 Paulus
2653 3414 2802 3469 solus
2850 3430 3024 3484 neque
3070 3415 3342 3469 Barnabas
3386 3416 3533 3469 solus

1944 3505 2090 3558 venit
2112 3544 2127 3568 ,
2158 3505 2252 3559 sed
2285 3506 2441 3558 etiam
2470 3506 2557 3558 alii
2590 3506 2656 3558 de
2686 3505 2925 3560 Ecclesia
2950 3547 2964 3570 ,
3000 3522 3068 3561 ne
3105 3506 3304 3560 utervis
3342 3523 3535 3576 suspe-

1945 3605 2062 3650 ctus
2091 3606 2269 3659 esset,
2304 3595 2426 3664 quia
2459 3596 2646 3663 dogma
2681 3596 2808 3650 illud
2850 3598 3126 3667 amplexus
3171 3608 3316 3660 erat,
3364 3614 3537 3664 neque

1949 3687 1981 3739 ii
2017 3694 2215 3739 tantum
2259 3688 2349 3754 qui
2403 3688 2469 3738 ah
2516 3687 2889 3758 Jerosolymis.
2938 3687 3184 3743 Ostendit
3229 3703 3386 3757 quam
3432 3687 3538 3741 ﬁde

1948 3776 2091 3845 digni
2121 3776 2224 3828 sint
2252 3793 2264 3827 :
2298 3791 2401 3829 non
2433 3789 2777 3845 cxmquantes
2806 3793 2898 3841 se,
2932 3779 3099 3847 inquit
3132 3795 3145 3843 ;
3181 3794 3354 3847 neque
3388 3780 3533 3831 enim
3590 3818 3595 3823 .

1949 3865 2018 3919 ita
2050 3864 2339 3920 insaniunt.
2389 3864 2618 3931 Ideoque
2655 3866 2859 3919 addidit
2909 3868 3035 3920 illud
3060 3908 3074 3931 ,
3119 3867 3424 3921 llominSbus
3452 3870 3537 3936 qui

1950 3957 2264 4009 tradiderunt
2291 3955 2490 4007 animas
2511 3972 2628 4007 suas
2660 3973 2752 4023 pro
2779 3958 2979 4009 nomine
3008 3956 3211 4010 Domini
3232 3960 3389 4011 nostri
3408 3956 3443 4009 J
3448 3974 3537 4010 esu

1949 4047 2157 4101 Christi.
2192 4046 2255 4099 Et
2279 4061 2376 4099 cur
2400 4045 2568 4107 dixit,
2604 4043 2779 4098 Visum
2808 4056 2877 4099 est
2901 4047 3118 4114 Spiritui
3146 4058 3320 4100 sancto
3356 4057 3399 4100 et
3438 4064 3537 4099 no-

1952 4140 2025 4192 bis
2051 4180 2065 4204 ,
2092 4154 2253 4208 quum
2286 4136 2557 4191 sufﬁceret
2584 4135 2783 4190 dixisse
2810 4179 2824 4201 ,
2859 4138 3077 4206 Spiritui
3098 4148 3269 4191 sancto
3294 4141 3318 4191 ?
3358 4137 3488 4190 Illud
3517 4179 3532 4201 ,

1952 4230 2170 4300 Spiritui
2199 4238 2372 4282 sancto
2397 4269 2411 4290 .
2438 4229 2651 4298 ponitur
2676 4270 2689 4292 ,
2720 4243 2783 4283 ne
2815 4238 3060 4297 putarent
3090 4229 3378 4282 humanum
3410 4228 3533 4296 quid

1951 4336 2112 4386 esse;
2142 4320 2269 4375 illud
2319 4334 2483 4385 vero,
2540 4318 2701 4373 Nobis
2728 4362 2739 4380 .
2770 4330 2829 4373 ιιι
2872 4320 3138 4374 discerent
3186 4320 3328 4389 ipsos
3371 4321 3535 4373 etiam

1950 4413 2311 4470 admittendos
2367 4428 2521 4479 esse,
2579 4414 2704 4468 licet
2758 4412 2808 4466 in
2864 4414 3271 4469 circumcisione
3331 4422 3533 4467 essent.

1954 4507 2105 4561 Nihil
2132 4508 2264 4560 ultra
2286 4547 2300 4571 ,
2326 4507 2571 4576 inquiunt
2594 4546 2609 4571 ,
2632 4506 2769 4560 vobis
2794 4506 2986 4576 imponi
3005 4521 3155 4563 onus.
3175 4506 3295 4560 llaec
3312 4506 3495 4560 dicunt
3520 4547 3535 4571 ,

1953 4600 2074 4669 quia
2106 4598 2171 4653 ad
2200 4598 2439 4652 inﬁrmos
2468 4613 2647 4652 sermo
2672 4608 2830 4664 erat,
2856 4606 2914 4652 et
2939 4597 3313 4653 formidolosos
3341 4613 3353 4647 :
3386 4597 3537 4651 idco-

1953 4705 2057 4757 que
2086 4701 2137 4742 et
2166 4689 2265 4742 hoc
2295 4688 2563 4756 adjicitur.
2592 4687 2835 4742 Ostendit
2863 4700 3039 4744 autem
3065 4704 3169 4742 non
3200 4690 3538 4756 indulgentia:

1955 4796 2258 4836 sermonem
2290 4796 2445 4845 esse,
2477 4788 2528 4833 ut
2563 4790 2845 4849 parcerent
2885 4780 2988 4833 illis
3033 4790 3093 4834 ut
3133 4780 3394 4841 inﬁrmis;
3432 4780 3538 4831 imo

1955 4884 2162 4927 contra.
2197 4871 2417 4940 Magnus
2442 4871 2583 4924 enim
2609 4870 2889 4923 doctorum
2919 4871 3089 4938 pudor
3118 4878 3232 4923 erat
3261 4888 3274 4921 :
3324 4869 3373 4921 id
3409 4883 3537 4920 vero

1956 4964 2283 5033 superﬂuum
2314 4963 2499 5015 fuisset
2522 4976 2679 5014 onus.
2708 4960 2836 5013 V'ide
2865 4961 3077 5013 brevem
3100 4958 3375 5027 epistolam
3407 4956 3537 5009 nihil

1959 5052 2265 5107 redundans
2297 5053 2579 5106 habentem
2606 5092 2621 5117 ,
2677 5065 2777 5103 nec
2824 5059 3135 5117 apparatum
3175 5061 3272 5100 nec
3316 5046 3538 5117 syllogi~

1958 5160 2102 5197 smos
2124 5186 2137 5207 ,
2170 5144 2261 5197 sed
2292 5153 2615 5213 praeceptum
2649 5158 2661 5195 :
2695 5149 2809 5195 erat
2831 5140 2971 5194 enini
3004 5139 3085 5192 les
3109 5137 3354 5207 Spiritus.
3383 5139 3537 5207 Saepe

1961 5234 2061 5288 hoc
2092 5243 2285 5288 vocant
2322 5248 2479 5287 onus.
2520 5231 2831 5303 Congregnta
2866 5230 3184 5285 multitudine
3221 5231 3539 5284 tradiderunt

1958 5324 2243 5394 epistolam.
2280 5326 2404 5378 Post
2428 5324 2707 5391 epistolam
2735 5333 2789 5377 et
2818 5324 2915 5390 ipsi
2952 5321 3125 5376 verbis
3166 5321 3538 5395 exhortantur.

1960 5415 2068 5469 Ilac
2096 5416 2219 5469 item
2253 5431 2311 5469 re
2335 5430 2470 5484 Opus
2495 5424 2613 5469 erat
2637 5455 2649 5479 ,
2683 5425 2739 5468 ut
2756 5416 2820 5467 ab
2842 5416 2993 5481 omni
3012 5414 3313 5483 suspicione
3340 5413 3538 5467 liberu-

1963 5516 2165 5564 rentnr.
2204 5505 2268 5559 Et
2294 5507 2392 5575 ipsi
2417 5544 2431 5568 .
2467 5507 2670 5575 inquit,
2697 5523 2809 5559 cum
2839 5516 2996 5559 essent
3027 5506 3286 5575 prop/tcta:
3306 5547 3320 5568 ,
3350 5519 3538 5557 sermo-

1963 5601 2106 5654 nibus
2138 5600 2309 5652 ntultis
2339 5599 2591 5653 cx/tortati
2632 5612 2749 5654 sunt
2795 5601 2997 5670 fratres.
3044 5602 3207 5664 Quam
3248 5598 3349 5649 ﬁde
3394 5596 3539 5661 digni

1968 5702 2144 5750 CSaCIlI
2183 5693 2262 5747 hic
2286 5690 2621 5758 ostenditur;
2678 5693 2933 5763 potuisset
2960 5700 3011 5747 cl
3058 5688 3247 5744 I‘aulus
3273 5726 3285 5747 .
3316 5686 3411 5740 δοεά
3442 5685 3538 5739 hos
