3950 6208
494 261 606 318 Ξιῖι

500 367 693 422 adesse
721 380 856 437 opus
884 373 1018 421 erat.
1054 364 1219 419 Facto
1246 374 1412 418 autem
1439 362 1509 416 ibi
1535 363 1793 431 aliquanto
1829 370 2047 428 tempore
2064 400 2080 424 ,

502 459 699 511 dimissi
724 467 842 511 sunt
886 471 1000 510 cum
1044 472 1184 524 pace.
1233 454 1346 509 Nan
1391 453 1500 522 jam
1546 451 1779 516 seditio,
1835 466 1939 505 non
1976 451 2084 520 jam

499 549 735 603 aversio.
768 546 868 602 llic
894 547 1021 601 mihi
1053 545 1260 600 videtur
1289 544 1412 598 illos
1456 543 1731 598 dexteram
1781 543 2083 611 accepisse,

503 654 561 692 ut
596 640 709 708 ipse
738 640 813 693 ait
839 658 851 692 :
887 639 1129 694 Dextera:
1155 637 1400 691 dederunt
1430 637 1555 689 mihi
1592 645 1637 688 et
1675 635 1926 689 Burnabw
1949 652 2087 687 com-

504 732 760 785 munionis
791 729 810 804 (
838 730 1008 784 Colat.
1040 732 1093 784 2.
1124 730 1218 798 9).
1256 729 1441 783 Postea
1472 727 1639 782 dicit:
1672 725 1822 779 Nihil
1850 727 1975 779 mihi
1999 728 2092 779 at!-

499 819 742 873 didcrunt
782 818 961 882 (Ibid.
992 835 1037 873 υ.
1073 819 1167 891 6).
1210 819 1335 888 Ejus
1359 833 1587 887 namque
1609 817 1925 871 sententiam
1958 830 2089 869 con-

506 912 826 976 firmarunt,
862 909 1215 965 laudaverunt
1238 951 1254 974 ,
1286 924 1402 963 eam
1435 920 1489 963 et
1520 908 1696 963 mirati
1722 916 1866 962 sunt.
1897 906 2090 961 Osten-

505 1002 585 1056 dit
612 1004 711 1057 hoc
735 1016 891 1073 posse
910 1003 1160 1057 humanis
1187 1002 1480 1058 ratiociniis
1501 1002 1773 1072 conspici,
1803 1018 1900 1056 nec
1920 1003 2091 1056 solum

505 1108 537 1147 a
563 1095 764 1161 Spiritu
789 1136 803 1161 ,
836 1096 958 1165 quia
984 1095 1316 1151 admiserunt
1347 1106 1621 1165 peccatum
1667 1105 1911 1150 correctu
1954 1093 2093 1149 difh-

506 1187 650 1240 cile:
686 1188 818 1241 tales
860 1186 1059 1257 quippe
1105 1203 1194 1242 res
1236 1202 1340 1241 non
1382 1198 1541 1257 egent
1582 1186 1805 1257 Spiritu.
1852 1184 2093 1241 Ostendit

510 1283 701 1328 ca'lera
759 1290 864 1331 non
914 1292 1034 1331 esse
1085 1279 1425 1343 necessaria;
1479 1278 1586 1331 imo
1632 1278 1897 1348 superflua
1939 1294 2092 1343 esse,

510 1366 771 1434 siquidem
805 1368 919 1421 haec
956 1369 1279 1423 necessaria.
1325 1368 1401 1421 Ab
1451 1368 1528 1422 his
1576 1370 1621 1422 si
1657 1369 1967 1423 servaveritis
2010 1384 2096 1422 eos

509 1457 668 1524 ipsos,
696 1458 865 1527 inquit
889 1500 903 1521 ,
928 1457 1051 1512 bene
1088 1459 1303 1529 facietis.
1328 1459 1572 1513 Declarat
1589 1459 1719 1513 nihil
1743 1457 1871 1528 ipsis
1887 1457 2094 1521 deesse,

510 1548 603 1602 sed
635 1548 736 1604 hoc
764 1549 1035 1604 sufﬁcere.
1068 1550 1283 1604 Poterat
1308 1560 1361 1604 et
1386 1551 1501 1604 sine
1528 1550 1699 1605 literis
1719 1592 1731 1612 ,
1764 1548 1859 1603 sed
1907 1559 1965 1603 ut
2014 1550 2093 1604 lex

512 1639 583 1693 ita
632 1641 830 1709 scripta
873 1649 1055 1705 esset,
1096 1640 1378 1709 epistolam
1421 1641 1649 1694 mittunt.
1688 1638 1753 1692 Et
1779 1639 1971 1693 iterum
1996 1679 2011 1705 ,
2044 1649 2099 1693 ut

513 1729 617 1799 legi
646 1730 1122 1800 obtemperarent,
1156 1742 1209 1785 et
1238 1731 1344 1785 illis
1369 1730 1655 1797 dicebant,
1688 1740 1742 1785 et
1768 1732 1840 1786 illi
1884 1731 1986 1786 hoc
2024 1731 2097 1784 fa-

511 1826 756 1888 ciebant,
788 1833 989 1878 etcum
1029 1839 1178 1894 pace.
1221 1824 1417 1878 Verum
1468 1840 1535 1878 ne
1584 1824 1903 1878 olfendiculo
1946 1825 2101 1879 nobis

515 1917 623 1969 sint
655 1916 913 1970 heretici.
956 1916 1085 1970 Vide
1114 1918 1255 1970 enim
1304 1917 1355 1969 in
1400 1915 1657 1984 principio
1707 1915 2102 1984 praidicationis

513 2018 641 2075 quot
669 2007 990 2062 offendicula
1025 2026 1039 2062 :
1068 2024 1173 2062 non
1201 2008 1323 2061 dico
1349 2023 1409 2061 ea
1431 2049 1446 2074 ,
1478 2022 1596 2076 quae
1620 2006 1687 2060 ab
1716 2008 1780 2061 iis
1809 2007 1898 2077 qui
1931 2007 2058 2062 foris
2084 2024 2099 2074 ;

514 2096 600 2151 illa
631 2083 828 2167 quippe
858 2099 986 2151 nihil
1017 2109 1207 2162 erant;
1240 2099 1334 2152 sed
1365 2114 1484 2167 qua:
1525 2099 1689 2153 intus.
1738 2098 1919 2153 Primo
1962 2102 2105 2155 Ana-

515 2188 633 2241 nias
660 2206 673 2241 :
705 2188 899 2243 deinde
921 2204 1198 2252 murmur;
1229 2188 1353 2243 hinc
1374 2189 1555 2242 Simon
1580 2205 1802 2258 magus;
1835 2198 2015 2258 postea
2045 2191 2101 2257 ii,

519 2280 607 2349 qui
636 2279 851 2335 Petrum
893 2281 1217 2335 accusabant
1243 2282 1312 2335 ob
1340 2281 1687 2347 Cornelium;
1731 2282 1830 2336 sub
1873 2281 1989 2337 haec
2021 2281 2105 2336 fa-

515 2384 665 2436 mes;
694 2370 910 2425 demum
945 2370 1047 2425 hoc
1077 2372 1250 2440 ipsum
1282 2382 1439 2440 caput
1473 2372 1756 2427 malorum.

590 2458 710 2513 Non
735 2469 892 2526 potest
915 2461 995 2513 hic
1022 2461 1207 2514 bonum
1228 2478 1334 2514 esse
1348 2462 1457 2515 sine
1480 2462 1634 2515 arato.
1655 2492 1727 2503 —
1743 2462 1926 2533 Neque
1953 2465 2095 2519 enim

520 2561 700 2621 potest
728 2554 923 2606 bonum
953 2553 1238 2621 quodpiam
1270 2568 1409 2619 esse,
1444 2554 1569 2623 quin
1598 2555 1665 2608 sit
1702 2556 1861 2609 etiam
1893 2556 2107 2626 aliquod

523 2645 742 2697 malum.
776 2644 853 2699 Ne
884 2645 1061 2713 itaque
1094 2646 1389 2711 turbcmur,
1418 2646 1460 2699 si
1491 2646 1708 2716 quidam
1737 2647 2107 2703 scandalizen—

478 2744 643 2799 κιαι-ς
691 2735 783 2789 sed
831 2744 885 2789 et
931 2751 1025 2804 pro
1068 2735 1150 2789 his
1193 2742 1390 2805 gratias
1427 2752 1645 2807 agamus
1688 2738 1817 2803 Deo,
1848 2740 1967 2808 quia
2010 2755 2108 2794 nos

523 2826 859 2895 probatiores
885 2826 1069 2881 eflicit.
1113 2826 1295 2897 Neque
1340 2831 1486 2883 enim
1531 2828 1849 2884 afﬂictiones
1878 2838 2105 2896 tantum,

524 2933 551 2973 s
573 2918 616 2971 -d
646 2920 804 2973 etiam
831 2920 1152 2974 tentationes
1186 2936 1281 2975 nos
1307 2923 1699 2991 splendidiores
1727 2923 1975 2978 reddunt.
2006 2924 2108 2991 Qui

525 3010 690 3077 enim,
723 3011 933 3066 nemine
958 3010 1009 3064 in
1040 3028 1280 3066 errorem
1316 3014 1635 3076 inducente,
1670 3015 1876 3069 veritati
1910 3015 2108 3083 haeret,

527 3116 632 3154 lion
658 3100 950 3157 vehemens
980 3103 1220 3158 veritatis
1245 3114 1451 3159 amator
1478 3107 1662 3169 fuerit;
1695 3107 1786 3159 sed
1816 3107 1901 3175 qui
1934 3108 2112 3163 multis

526 3192 921 3249 retrahentibus
962 3194 1163 3257 lueret,
1196 3196 1281 3249 ille
1311 3196 1508 3250 clarus.
1559 3197 1695 3263 Quid
1723 3196 1889 3266 ergo?
1916 3213 1981 3251 an
2013 3198 2113 3253 hac

530 3283 596 3337 de
617 3300 774 3338 causa
805 3285 939 3339 fiunt
963 3284 1251 3339 scandala?
1276 3285 1391 3338 Non
1420 3286 1561 3351 dico,
1601 3287 1740 3354 quod
1772 3287 1879 3341 Deo
1906 3286 2006 3342 hoc
2032 3289 2112 3342 fa-

528 3377 704 3430 ciente
736 3390 748 3430 :
780 3377 953 3439 absit;
1000 3377 1094 3431 sed
1133 3377 1274 3447 quod
1318 3378 1407 3431 ille
1443 3394 1541 3447 per
1574 3379 1784 3433 illorum
1824 3381 2112 3450 nequitiam

530 3469 684 3522 nobis
717 3468 1008 3524 benefaciat
1040 3487 1054 3523 :
1087 3485 1209 3524 nam
1252 3472 1364 3541 ipse
1404 3472 1488 3526 illa
1534 3473 1644 3526 lieri
1690 3490 1979 3544 numquam
2020 3493 2115 3531 vo-

530 3560 737 3617 luisset.
766 3560 847 3614 Da
874 3563 1007 3627 illis,
1042 3562 1230 3633 inquit,
1261 3574 1315 3615 nt
1351 3580 1506 3617 unum
1535 3565 1636 3619 sint
1665 3565 1843 3635 (Joan.
1883 3569 1963 3622 l7.
1993 3568 2109 3637 2|).

529 3652 661 3708 Cum
707 3663 885 3709 autem
933 3655 1181 3709 scandala
1234 3658 1397 3723 linnt,
1431 3657 1561 3711 nihil
1606 3659 1735 3727 ipsis
1781 3670 1991 3727 nocent,
2021 3662 2111 3717 sed

531 3747 692 3799 etiam
716 3755 939 3816 prosunt
958 3746 1093 3811 illis;
1124 3748 1261 3802 sicut
1280 3757 1332 3802 et
1354 3750 1681 3820 martyribus
1702 3751 1847 3806 inviti
1872 3764 2113 3821 prosunt,

529 3837 620 3906 qui
649 3837 770 3891 illos
795 3836 861 3891 ad
891 3837 1201 3910 martyrium
1236 3839 1481 3905 trahunt;
1512 3855 1618 3895 non
1645 3854 1822 3897 tamen
1853 3858 1883 3897 a
1912 3844 2020 3898 Deo
2050 3843 2117 3899 ad

535 3926 635 3982 hoc
665 3927 1007 3996 impelluntur
1041 3946 1054 3983 :
1085 3930 1163 3984 sic
1192 3940 1245 3985 et
1276 3934 1378 3986 hoc
1406 3932 1545 3999 loco,
1578 3947 1644 3987 ne
1671 3933 1946 3988 videamus
1975 3934 2117 4004 quod

531 4021 681 4075 multi
720 4020 1169 4077 scandalizentur.
1212 4022 1324 4077 Hoc
1362 4024 1616 4079 indicium
1658 4034 1743 4081 est
1777 4025 1967 4096 dogma
1998 4041 2120 4082 esse

533 4111 817 4177 eximium,
851 4113 995 4183 quod
1040 4114 1190 4169 multi
1231 4115 1484 4171 simulent
1511 4124 1566 4170 et
1595 4116 1867 4171 imitentur
1899 4134 1912 4169 :
1943 4132 2119 4187 neque

532 4208 674 4257 enim
702 4203 1018 4261 simularent
1044 4205 1147 4260 nisi
1180 4204 1378 4260 bonum
1406 4214 1569 4259 esset.
1612 4205 1678 4259 Et
1706 4204 1807 4260 hoc
1830 4206 1939 4277 jam
1965 4209 2117 4264 vobis

537 4295 709 4364 palam
741 4295 953 4351 faciam.

606 4388 660 4441 4.
681 4387 951 4457 Unguenta
971 4402 1088 4457 qum
1103 4387 1387 4457 fragrantia
1406 4397 1554 4471 sunt,
1571 4404 1599 4443 a
1623 4391 1804 4446 multis
1819 4392 2120 4448 adulteran-

537 4485 644 4541 tur,
673 4487 731 4530 ut
750 4517 764 4541 .
798 4476 942 4532 verbi
972 4478 1136 4546 gratia
1157 4518 1173 4542 ,
1209 4477 1391 4532 folium
1418 4481 1635 4534 amomi.
1666 4481 1799 4549 Quia
1828 4483 1970 4539 enim
2000 4500 2118 4540 rara

538 4577 662 4622 sunt
681 4576 736 4622 et
761 4571 1082 4634 necessaria,
1101 4568 1261 4623 multa
1280 4571 1457 4639 spuria
1484 4571 1633 4627 fiunt.
1666 4573 1835 4630 Nemo
1855 4576 2014 4646 igitur
2037 4593 2123 4633 vo-

541 4661 698 4717 luerit
735 4678 846 4717 rem
879 4662 1035 4717 vilem
1074 4661 1398 4719 adulterare.
1436 4663 1554 4719 Vita
1584 4680 1714 4735 pura
1743 4668 1938 4722 multos
1965 4669 2123 4725 habet

539 4755 628 4824 qui
654 4769 712 4809 se
736 4754 1038 4810 adulterent
1069 4774 1083 4810 :
1113 4770 1272 4812 nemo
1296 4765 1473 4812 autem
1503 4758 1758 4815 simulare
1787 4775 1845 4816 se
1867 4762 1995 4816 velit
2026 4763 2124 4816 im-

540 4846 791 4915 probum.
814 4846 907 4902 sed
936 4848 1112 4916 potius
1137 4849 1480 4903 monachum.
1512 4850 1648 4917 Quid
1680 4866 1807 4921 ergo
1835 4853 2125 4921 gentilibus

541 4938 869 4993 dixerimus?
900 4939 1058 4994 Venit
1089 4940 1301 5009 gentilis
1332 4949 1386 4996 et
1410 4941 1489 4997 ait
1509 4983 1524 5008 ,
1554 4942 1689 4997 Volo
1720 4943 1833 4999 fieri
1862 4944 2125 4999 Christia-

539 5044 662 5096 nus,
691 5032 784 5085 sed
808 5032 989 5088 nescio
1017 5033 1101 5088 cui
1127 5033 1431 5089 adhaeream
1463 5054 1475 5089 :
1507 5037 1686 5092 multa:
1714 5038 1852 5107 apud
1886 5053 1979 5092 vos
2002 5047 2124 5094 sunt

541 5137 754 5193 pugnae,
778 5124 1071 5181 seditiones
1094 5135 1150 5180 et
1171 5127 1430 5181 tumultus
1459 5145 1472 5180 :
1498 5128 1639 5198 quod
1670 5128 1857 5198 dogma
1887 5129 2126 5198 eligam?

539 5215 681 5284 quod
711 5216 1025 5284 praeferam?
1051 5215 1257 5286 Singuli
1285 5219 1468 5273 dicunt
1500 5237 1513 5274 :
1537 5218 1649 5289 Ego
1672 5221 1949 5275 veritatem
1982 5220 2123 5277 dico.

539 5306 638 5361 Cui
682 5308 936 5372 credam,
980 5308 1070 5379 qui
1114 5310 1247 5366 nihil
1289 5310 1680 5381 Scripturarum
1721 5312 1926 5366 sciam?
1955 5311 2021 5365 Et
2049 5311 2125 5367 illi

541 5399 796 5470 utrinque
837 5399 976 5455 idem
1026 5402 1326 5471 prolerunt.
1366 5401 1508 5456 Sane
1538 5402 1641 5456 hoc
1667 5400 1955 5458 admodum
1987 5403 2123 5458 litin

543 5490 718 5546 nobis.
751 5490 881 5545 Nam
907 5492 949 5546 si
978 5493 1194 5562 quidem
1224 5493 1526 5549 diceremus
1554 5506 1653 5546 nos
1683 5493 1977 5549 ratiociniis
1997 5508 2123 5550 cre-

544 5584 674 5640 dere
697 5625 712 5651 ,
749 5587 940 5641 merito
972 5586 1264 5642 turbareris
1288 5603 1303 5640 :
1332 5586 1375 5638 si
1407 5600 1533 5639 vero
1561 5585 1853 5655 Scripturis
1881 5602 1979 5643 nos
2006 5602 2126 5643 cre-

545 5676 672 5733 dere
703 5678 973 5749 dicamus,
1007 5682 1175 5752 iisque
1204 5679 1534 5753 simplicibus
1562 5692 1616 5739 cl
1646 5682 1814 5751 veris,
1852 5684 2003 5739 facile
2031 5684 2122 5740 tibi

1238 252 1298 308 5.
1334 248 1609 308 JOANNIS
1644 242 2107 303 CllllYSOSTOMl
2146 237 2459 297 ARClllEP.
2501 238 3028 297 CONSTANTINOP.
3694 248 3788 301 24.

2198 355 2355 409 fuerit
2376 357 2637 424 judicare.
2662 356 2715 412 Si
2735 359 2853 426 quis
2875 375 2994 413 cum
3020 360 3123 415 illis
3143 364 3424 430 Consentit,
3442 363 3787 420 Christiano

2194 456 2309 511 est;
2340 447 2384 525 si
2428 457 2626 516 pugnat
2667 464 2787 503 cum
2837 450 2962 517 illis,
3003 453 3089 505 hic
3135 454 3314 521 procul
3360 464 3441 509 cst
3479 472 3509 509 a
3552 472 3788 510 canone

2194 537 2330 604 Quid
2352 552 2500 606 ergo,
2532 538 2575 591 si
2608 539 2695 593 ille
2721 541 2938 595 veniens
2968 542 3181 607 dixerit,
3211 545 3287 599 sic
3314 544 3510 601 habere
3542 549 3787 617 Scriptis

2196 643 2341 692 ram;
2377 641 2429 681 tu
2459 644 2585 683 vero
2611 631 2713 684 alio
2744 632 2904 685 modo
2933 633 3151 698 dixeris,
3185 645 3237 689 et
3267 636 3478 692 diverse
3511 640 3788 707 interpre

2198 721 2376 774 tcmini
2421 721 2741 792 Scripturas,
2773 741 2961 781 sensus
3003 728 3210 782 illarum
3257 730 3676 787 distrahentes?
3726 737 3788 787 ’τι

2198 812 2384 880 igitur,
2416 814 2501 867 die
2545 817 2695 881 mihi,
2724 826 3029 874 mentemne
3071 820 3235 876 habes
3277 838 3339 877 ac
3372 823 3691 893 judicium?
3740 828 3785 880 F.

2196 903 2462 970 quomodo
2509 906 2739 972 possim,
2790 907 3013 977 inquiet,
3044 925 3163 965 cum
3208 914 3442 967 nesciam
3486 914 3788 983 dijudicari

2199 994 2408 1046 vestra?
2446 995 2738 1065 discipulus
2768 1014 2887 1053 esse
2916 1001 3067 1064 volo,
3105 1012 3158 1056 tu
3191 1019 3317 1057 vero
3345 1022 3428 1059 me
3454 1006 3571 1075 jam
3603 1009 3788 1062 ductu-

2200 1097 2310 1136 rem
2338 1083 2485 1139 facis.
2517 1085 2571 1141 Si
2601 1087 2715 1141 haec
2742 1088 2956 1155 dixerit,
2984 1092 3108 1159 quid
3147 1095 3638 1163 respondebimus?
3663 1114 3783 1168 quo

2200 1175 2358 1230 modo
2395 1177 2467 1231 illi
2510 1181 2980 1248 persuadebimus?
3018 1185 3425 1257 lnterrogemus.
3466 1205 3538 1243 an
3584 1190 3695 1244 hoc
3737 1193 3784 1245 si

2199 1270 2447 1326 obtentus
2479 1290 2491 1325 :
2523 1272 2943 1343 interrogemus,
2976 1293 3041 1332 an
3067 1280 3296 1349 gentiles
3322 1281 3567 1337 damnet.
3600 1282 3773 1338 Omni

2202 1377 2271 1414 no
2306 1363 2575 1432 quidpiam
2604 1364 2745 1420 (licet
2778 1384 2790 1419 :
2827 1384 3000 1438 neque
3027 1371 3166 1424 enim
3195 1387 3300 1426 non
3330 1374 3604 1430 damnatis
3650 1377 3769 1431 illis

2201 1450 2267 1504 ad
2309 1461 2489 1508 nostra
2528 1457 2766 1513 accedet.
2812 1458 3204 1531 lnterrogemus
3232 1478 3331 1533 qua
3360 1464 3426 1519 de
3455 1480 3624 1519 causa
3664 1482 3788 1519 con.

2202 1541 2417 1597 dn-mnet
2449 1561 2463 1597 :
2498 1562 2600 1600 non
2640 1549 2783 1603 enim
2829 1559 3028 1606 temere
3067 1553 3403 1607 condemnat.
3451 1555 3788 1610 Manifestum

2203 1646 2284 1688 est
2323 1636 2585 1692 dicturum
2613 1654 2752 1695 esse.
2789 1643 2912 1711 quia
2954 1646 3171 1699 numina
3214 1646 3299 1700 illa
3344 1657 3470 1702 sunt
3503 1659 3783 1704 creaturm

2204 1741 2304 1779 nec.
2330 1742 2450 1782 esse
2486 1729 2570 1782 illa
2611 1730 2905 1786 increatum
2948 1733 3136 1789 Deum.
3185 1736 3370 1793 Recte.
3408 1739 3464 1793 Si
3509 1738 3619 1794 hoc
3657 1756 3788 1810 apur

2204 1818 2335 1873 alias
2382 1821 2612 1876 lucreses
2659 1824 2927 1891 inveniat,
2960 1830 3284 1883 contrarium
3317 1846 3444 1886 vero
3481 1833 3628 1901 apud
3663 1848 3770 1887 nos

2206 1925 2312 1977 quo
2340 1925 2474 1979 opus
2503 1922 2585 1967 est
2612 1918 2897 1971 sermone?
2935 1918 3132 1973 Omnes
3160 1923 3478 1978 conﬁtemur
3509 1923 3780 1980 Christun

2207 2014 2327 2055 esse
2355 2002 2539 2057 Deum.
2580 2004 2683 2060 Sed
2711 2005 2988 2063 videamus
3014 2010 3100 2079 qni
3130 2022 3363 2080 pugnent
3382 2054 3398 2078 ,
3427 2014 3518 2084 qui
3552 2031 3662 2070 non
3694 2031 3788 2085 pur

2207 2103 2390 2162 gncnt.
2424 2095 2529 2150 Nos
2557 2098 2645 2167 qui
2672 2098 2897 2154 dicimus
2916 2115 3036 2156 esse
3065 2103 3231 2158 Deum
3255 2146 3267 2163 .
3297 2104 3454 2174 digna
3489 2107 3601 2160 Deo
3628 2107 3787 2177 loqui

2210 2198 2362 2248 mur,
2403 2185 2544 2254 quod
2587 2195 2900 2257 potestatem
2943 2191 3154 2257 habeat,
3184 2193 3324 2263 quod
3350 2211 3456 2249 non
3487 2195 3558 2249 sit
3582 2211 3783 2252 servus

2211 2274 2349 2343 quod
2390 2276 2460 2330 sit
2497 2277 2653 2344 liber,
2680 2280 2819 2347 quod
2851 2297 2879 2333 a
2909 2281 3087 2351 seipso
3117 2284 3293 2338 omnia
3318 2283 3477 2340 faciat
3505 2304 3520 2340 :
3556 2288 3645 2341 ille
3674 2304 3788 2342 ven

2211 2376 2419 2422 contra.
2460 2367 2689 2423 Rursum
2718 2371 3013 2442 interrogo,
3046 2376 3087 2428 si
3123 2376 3441 2431 medicinam
3470 2377 3685 2434 discere
3714 2396 3788 2433 ve.

2212 2454 2296 2519 lis,
2329 2472 2451 2511 nmn
2474 2458 2647 2513 obiter
2670 2469 2724 2514 et
2747 2461 3126 2531 perfunctorie,
3153 2482 3353 2534 qu:e.~o,
3374 2482 3434 2520 ea
3462 2484 3580 2537 qua:
3607 2468 3788 2523 dicun.

2215 2553 2299 2597 tur
2319 2548 2594 2616 suscipics,
2622 2552 2829 2606 tametsi
2859 2554 3020 2607 multa
3044 2556 3181 2623 apud
3208 2557 3327 2610 illos
3347 2558 3451 2611 sint
3471 2559 3720 2629 dogmata
3748 2563 3788 2613 ‘1

2213 2637 2267 2692 Si
2295 2654 2423 2709 ergo
2450 2642 2764 2712 simpliciter
2802 2646 2979 2700 omnia
3021 2665 3138 2717 qum
3174 2649 3358 2704 audies
3398 2652 3662 2721 accipias,
3695 2653 3788 2707 hoc

2214 2728 2311 2783 viri
2340 2746 2443 2785 non
2473 2744 2613 2788 esset
2634 2752 2646 2785 :
2667 2734 2710 2788 si
2738 2746 2914 2791 autem
2936 2738 3136 2806 judicio
3161 2752 3211 2793 et
3236 2752 3413 2796 mente
3435 2743 3633 2807 valeas,
3655 2746 3788 2813 quod

2216 2820 2413 2875 bomun
2443 2838 2732 2894 verumque
2761 2838 2839 2881 est
2868 2829 3087 2883 omnino
3111 2832 3268 2886 scies.
3316 2832 3505 2886 Filium
3537 2849 3633 2887 nos
3661 2834 3788 2889 diei-

2216 2928 2353 2979 nius,
2378 2924 2431 2969 et
2451 2917 2592 2984 quod
2618 2933 2800 2973 verum
2825 2932 2904 2974 est
2928 2921 3153 2977 dicimus
3183 2942 3195 2974 :
3223 2924 3296 2976 illi
3325 2940 3451 2979 vero
3477 2925 3659 2979 dicunt
3682 2926 3787 2996 quia

2217 3004 2360 3069 dem,
2391 3006 2483 3060 sed
2513 3023 2616 3061 non
2649 3011 2993 3067 conﬁtentur.
3024 3013 3093 3069 Ut
3118 3030 3245 3068 vero
3266 3017 3460 3071 clarius
3487 3017 3695 3087 loquar,
3725 3020 3785 3072 ill

2216 3098 2473 3165 quosdam
2503 3099 2718 3165 habent,
2746 3117 2776 3156 a
2801 3104 2997 3172 quibus
3023 3108 3361 3177 appellantur
3379 3149 3395 3171 ,
3427 3110 3788 3164 ltmresiarclia

2217 3199 2363 3244 et-rte
2394 3206 2587 3247 nomen
2618 3211 2633 3249 :
2665 3195 2742 3248 sic
2783 3196 3008 3265 singula:
3040 3200 3300 3266 haereses;
3332 3202 3482 3255 nobis
3510 3203 3590 3255 vir
3621 3203 3788 3255 nullo:

2220 3298 2412 3337 nomen
2446 3285 2666 3349 indidit,
2697 3288 2789 3342 sed
2821 3291 2933 3358 ipsa
2967 3290 3117 3345 fides.
3154 3291 3348 3346 Verum
3383 3293 3482 3347 hoc
3512 3304 3788 3363 pra-textu:

2219 3375 2574 3446 obtentusqne
2618 3387 2719 3432 est.
2760 3376 2869 3433 Cur
2906 3381 3080 3444 enim,
3113 3398 3323 3452 quaeso,
3360 3384 3570 3455 quando
3599 3395 3787 3438 vesten‘

2220 3474 2495 3532 empturus
2521 3479 2599 3532 es,
2634 3469 2876 3537 quamvis
2906 3469 2959 3524 in
2980 3479 3095 3524 arte
3125 3473 3346 3526 textoria
3371 3474 3663 3542 imperitus,
3693 3490 3787 3527 nor

2220 3554 2308 3610 illa
2336 3554 2541 3625 profers
2560 3559 2719 3616 verba
2751 3580 2763 3615 :
2797 3560 2990 3616 Emere
3019 3563 3219 3627 nescio,
3247 3580 3330 3616 nte
3358 3563 3623 3633 decipiunt
3649 3581 3663 3630 ;
3707 3581 3788 3619 set

2223 3648 2356 3701 nihil
2382 3663 2485 3703 non
2505 3649 2618 3719 agis
2641 3660 2698 3704 ut
2716 3650 2935 3707 discas?
2959 3653 3132 3707 Etiam
3158 3654 3201 3707 si
3224 3653 3433 3720 quidvis
3454 3654 3594 3710 aliud
3618 3672 3788 3712 emert

2221 3742 2423 3812 cupias,
2444 3744 2620 3797 omnia
2641 3745 2855 3800 curiose
2876 3747 3138 3816 perquiris
3160 3763 3174 3811 ;
3205 3746 3291 3801 hic
3312 3763 3438 3802 vero
3462 3748 3530 3802 ita
3551 3748 3779 3816 loqueris

2224 3835 2404 3905 Itaque
2427 3836 2507 3891 sic
2535 3837 2795 3906 loquens,
2833 3837 2962 3892 nihil
2999 3840 3219 3893 omnino
3246 3840 3523 3909 suscipies.
3554 3839 3632 3894 Sit
3659 3842 3783 3893 enin

2222 3928 2415 3996 aliquis
2440 3929 2646 3983 nullum
2667 3930 2886 3985 omnino
2905 3930 3097 4001 dogma
3122 3930 3353 3996 habens;
3382 3930 3427 3985 si
3453 3930 3589 3985 dicat
3610 3931 3693 3985 ille
3722 3932 3787 3985 id.

2223 4020 2365 4089 quod
2398 4029 2449 4075 tu
2479 4021 2546 4077 de
2571 4021 2888 4077 Christianis
2918 4022 3056 4078 dicis
3087 4040 3101 4077 :
3134 4023 3301 4079 Tanta
3330 4023 3606 4078 multitudo
3633 4024 3788 4078 homi-

2226 4128 2349 4165 num
2378 4121 2480 4179 est,
2506 4123 2561 4169 et
2582 4115 2727 4170 varia
2756 4115 2953 4170 habent
2980 4115 3264 4187 dogmata;
3302 4117 3438 4170 alius
3464 4116 3669 4187 gentilis
3695 4127 3788 4180 cst,

2225 4202 2361 4258 alius
2386 4205 2623 4275 Iudaeus,
2648 4207 2784 4261 alius
2804 4205 3138 4263 Christianus
3169 4228 3182 4264 :
3210 4208 3414 4262 nullum
3442 4206 3680 4277 amplecti
3701 4207 3788 4261 do.

2224 4315 2345 4371 gma
2389 4307 2602 4369 oportet
2630 4316 2643 4351 :
2676 4299 2751 4353 illi
2777 4298 2918 4354 enim
2947 4298 3087 4354 inter
3116 4313 3174 4353 se
3200 4306 3437 4369 pugnant
3469 4314 3483 4352 :
3516 4312 3609 4367 ego
3640 4296 3788 4351 disci

2226 4392 2383 4462 putus
2413 4405 2553 4457 sum,
2577 4389 2741 4460 judex
2766 4404 2886 4445 esse
2912 4389 3058 4455 nolo,
3082 4404 3255 4461 neque
3281 4389 3444 4443 ullum
3469 4387 3650 4459 dogma
3671 4403 3788 4443 con.

2226 4480 2483 4536 demnare
2513 4499 2525 4533 :
2556 4496 2661 4534 non
2691 4480 2802 4548 jam
2848 4480 2938 4534 ille
2982 4489 3275 4549 praetextas
3317 4479 3489 4534 locum
3528 4478 3696 4533 habet.
3729 4477 3788 4534 Ut

2228 4572 2372 4628 enim
2399 4569 2756 4625 adulterinum
2783 4570 2979 4639 ejicere
3007 4569 3246 4638 potuisti,
3266 4569 3343 4623 sic
3365 4570 3561 4638 poteris
3580 4567 3677 4623 huc
3702 4583 3788 4622 ac-

2228 4666 2446 4732 cedens,
2471 4665 2596 4735 quid
2628 4665 2696 4720 sit
2722 4664 2848 4719 utile
2875 4663 3176 4731 explorare.
3209 4662 3341 4717 Nam
3366 4662 3454 4731 qui
3482 4661 3673 4717 nullum
3698 4660 3788 4715 do.

2227 4773 2347 4828 gma
2389 4755 2730 4821 condemnat,
2763 4754 2866 4810 hoc
2894 4753 3051 4808 facile
3077 4753 3219 4808 dicet
3247 4769 3262 4806 :
3293 4752 3381 4822 qui
3412 4767 3539 4807 vero
3565 4751 3788 4817 damnatI

2227 4848 2329 4903 etsi
2375 4845 2503 4901 nihil
2548 4845 2740 4916 eligat,
2782 4857 3068 4915 progressu
3107 4842 3362 4913 temporis
3397 4842 3587 4912 poterit
3624 4839 3788 4897 videre

2228 4937 2356 5008 quid
2374 4944 2638 5006 oporteat.
2664 4934 2741 4991 Ne
2765 4943 3052 5005 praetextus
3069 4948 3372 5005 quaeramus
3397 4951 3411 4987 :
3428 4932 3593 4987 omnia
3610 4932 3788 5002 quippe

2232 5026 2404 5082 facilia
2437 5035 2581 5080 sunt.
2611 5025 2704 5081 Vis
2730 5024 3011 5080 ostendam
3041 5024 3133 5078 tibi
3163 5023 3277 5078 tunc
3303 5032 3609 5093 praetextum
3638 5026 3788 5077 esse“!

2231 5118 2350 5173 Seis
2377 5133 2496 5188 (pne
2526 5115 2793 5181 facienda,
2822 5132 2941 5186 qua:
2971 5131 3077 5168 non
3107 5112 3388 5168 facienda?
3425 5128 3519 5167 cur
3545 5127 3664 5183 ergo
3690 5129 3788 5166 non

2231 5227 2351 5280 quae
2383 5210 2623 5265 facienda
2662 5219 2786 5264 sunt
2814 5209 2944 5262 facis
2968 5250 2983 5275 ,
3014 5208 3106 5263 sed
3131 5224 3249 5277 qua:
3277 5223 3381 5261 non
3410 5206 3667 5261 facienda?
3692 5205 3788 5259 Fac

2234 5304 2341 5369 illa,
2366 5312 2420 5358 et
2445 5313 2588 5358 reeta
2618 5302 2824 5356 ratione
2849 5315 3028 5370 qurere
3058 5316 3089 5354 a
3122 5300 3251 5362 Deo,
3275 5309 3329 5354 et
3352 5299 3462 5368 ipse
3484 5298 3567 5352 tibi
3589 5296 3788 5351 omnino

2233 5395 2512 5453 rcvelabit.
2540 5394 2677 5447 Deus
2702 5394 2852 5458 enim,
2882 5392 3071 5459 inquit,
3102 5408 3201 5444 non
3228 5399 3301 5444 est
3329 5405 3639 5459 personarum
3660 5405 3788 5441 acce-

2235 5499 2351 5560 ptor
2376 5486 2511 5559 (Act.
2538 5486 2624 5543 l0.
2652 5486 2776 5556 54);
2808 5486 2902 5541 sed
2930 5486 2983 5539 in
3010 5485 3156 5541 omni
3183 5491 3344 5555 gente
3363 5483 3451 5555 qui
3483 5483 3617 5538 timet
3639 5481 3788 5535 Deum

2301 5627 2315 5658 ί
2354 5631 2482 5673 Unus
2505 5622 2738 5687 liabet...,
2767 5618 2955 5687 discere
2979 5613 3125 5687 velis;
3149 5615 3341 5668 tamet-si
3386 5612 3532 5667 multa
3557 5612 3673 5678 apud
3690 5610 3788 5665 illo:

2239 5693 2331 5741 sin!
2357 5688 2599 5749 dogmata,
2621 5683 2814 5732 omissis
2838 5681 3153 5742 intcrposﬂis.
