4036 6220
204 330 296 384 ἳόό

204 445 353 514 βὶρος
385 439 630 494 καλοῦσι.
661 438 774 492 Καὶ
801 436 960 490 πάλιν
997 435 1444 504 συναγαγόντες
1482 434 1548 488 τὸ
1591 432 1846 502 πλῆθος,

202 529 483 583 ἐπέδωκαν
513 526 626 592 τὴν
674 521 1026 589 ἐπιστολήν.
1057 522 1213 576 Μετὰ
1254 520 1354 592 τὴν
1419 519 1707 589 ἐπιστολὴν
1754 521 1850 572 καὶ

203 616 337 669 αὐτοὶ
367 612 743 683 παρακαλοῦσι
764 612 840 682 τῷ
885 611 1026 680 λόγῳ
1057 627 1070 640 ’
1107 609 1214 662 ἔδει
1243 608 1352 680 γὰρ
1385 607 1672 671 καὶτοῦτο,
1706 605 1846 659 ὥστε

202 704 359 770 πάσης
383 699 612 768 ὑποψίας
635 696 1038 766 ἀπαλλαγῆναι.
1074 696 1181 749 Καὶ
1207 694 1394 758 αὐτοὶ,
1422 696 1576 764 φησὶ,
1616 690 1847 761 προφῆ·
1883 742 1889 749 .

203 801 284 836 ται
335 781 513 846 ἄντες,
571 781 670 834 διὰ
717 782 906 848 λόγου
958 778 1193 832 πολλοῦ
1233 775 1660 846 παρεκάλεσαν
1703 773 1846 839 τοὺς

202 869 494 936 ἀδελφούς.
533 868 605 920 Τὸ
634 867 951 932 ἀξιόπιστον
979 864 1212 918 ἐνταῦθα
1253 865 1541 918 δείκνυσιν.
1596 861 1845 915 Ἐδύνατο

208 956 292 1024 μὲν
312 954 408 1026 γάρ
433 955 524 1006 καὶ
547 953 782 1016 Παῦλος·
811 953 949 1006 άλλά
971 953 1191 1014 τούτους
1214 951 1340 1005 ἔδει.
1382 948 1755 1017 Ποιήσαντες
1776 946 1844 1001 δὲ

208 1046 419 1113 χρόνον,
450 1043 856 1108 ἀπελύθησαν
897 1043 1026 1110 μετ’
1057 1040 1320 1109 εἰρήνης.
1357 1040 1471 1094 Οὐκ
1508 1038 1588 1091 ἔτι
1635 1038 1841 1099 στάσις,

206 1133 292 1184 ούκ
305 1132 375 1183 ἐτι
405 1129 745 1200 ἀποστροφή.
798 1125 1064 1180 Ἐνταῦθά
1094 1143 1182 1197 μοι
1203 1125 1348 1180 δοκεῖ
1371 1126 1470 1196 τὴν
1513 1123 1695 1190 δεξιάν
1749 1123 1844 1176 αὑ-

208 1218 313 1280 τοὺς
339 1216 624 1287 εἰληφέναι,
651 1213 832 1278 καθὼς
859 1213 1019 1276 αὐτός
1042 1231 1195 1285 φησι,
1226 1207 1433 1278 Δεξιάς
1461 1211 1691 1266 ἔδωκαν
1714 1209 1842 1278 ἐμοὶ

209 1305 289 1358 καί
300 1303 554 1371 Βαρνάϐᾳ
571 1303 945 1367 κοινωνίαςο.
958 1296 1095 1356 Εἶτα
1113 1300 1280 1368 λέγει,
1299 1300 1379 1353 ὅτι
1393 1298 1555 1351 Οὐδέν
1575 1314 1662 1367 μοι
1676 1312 1844 1364 προσ-

208 1391 440 1444 ανέθεντο.
480 1390 590 1460 Τὴν
631 1390 742 1462 γάρ
775 1387 938 1442 αὑτοῦ
976 1385 1202 1457 γνώμην
1234 1386 1535 1456 ἐκύρωσανο
1575 1385 1842 1455 ἐπῄνεσαν

207 1478 349 1548 αὐτὴν
377 1480 464 1530 καὶ
483 1476 825 1546 ἐθαύμασαν.
844 1474 1146 1538 Δείκνυσιν,
1159 1474 1239 1527 ὅτι
1258 1474 1353 1525 καὶ
1367 1472 1474 1526 ἀπ’)
1487 1471 1842 1541 ἀνθρωπίνων

206 1563 446 1634 λογισμῶν
472 1563 634 1617 τοῦτο
665 1563 890 1616 δυνατὸν
923 1562 1174 1625 συνιδεῖν,
1206 1561 1334 1631 μήτι
1363 1577 1424 1628 γε
1458 1559 1566 1612 ἀπὸ
1585 1557 1838 1628 Πνεῦμα-

206 1667 284 1713 τος
311 1651 474 1720 μόνον,
500 1652 583 1704 ὅτι
612 1651 859 1720 ἥμαρτον
889 1649 1163 1719 ἁμαρτίαν
1177 1648 1276 1700 οὐκ
1299 1645 1517 1699 εὔκολον
1548 1644 1842 1716 διορθωθῆ-

207 1752 300 1789 ναι·
321 1737 380 1788 τά
393 1736 491 1807 γάρ
513 1735 665 1808 [258]
683 1735 908 1788 τοιαῦτα
923 1735 983 1787 ού
1004 1733 1141 1786 Πνεύ
1149 1751 1315 1802 ματος
1329 1733 1517 1786 δεῖται.
1535 1732 1838 1795 Δείκνυσιν,

208 1823 280 1876 ὅτι
303 1824 362 1876 τὰ
388 1824 510 1877 ἄλλα
535 1825 635 1876 οὐκ
677 1825 970 1891 ἀναγκαῖα,
1004 1821 1139 1875 ἀλλά
1185 1820 1434 1890 περιττά,
1470 1821 1522 1872 εῖ
1571 1836 1632 1889 γε
1667 1819 1839 1872 ταῦτα

208 1909 465 1975 ἀναγκαῖα.
493 1911 600 1974 Ἐξ
636 1904 726 1963 ὧν
763 1908 1188 1976 διατηροῦντες
1221 1907 1493 1972 ἑαυτοὺς,
1525 1906 1711 1975 φησὶν,
1767 1901 1838 1960 εὖ

206 1995 442 2062 πράξετε.
465 1997 767 2062 Δείκνυσιν,
785 1998 866 2049 ὅτι
887 1995 1038 2047 οὐδὲν
1067 1994 1248 2056 αὐτοῖς
1273 1993 1482 2057 λείπει,
1534 1993 1646 2046 ἀλλ’
1678 1993 1840 2063 ἀρκεῖ

204 2081 353 2135 τοῦτο.
378 2082 634 2136 ’Πδύνατο
674 2083 774 2152 μὲν
801 2081 909 2150 γάρ
955 2081 1050 2133 καὶ
1098 2080 1267 2151 χωρὶς
1308 2079 1673 2151 γραμμάτων,
1723 2080 1838 2132 ἀλλ’

205 2165 319 2219 ὥστε
336 2168 487 2238 νόμον
516 2164 655 2221 εἶναι
683 2167 980 2238 ἔγγραφον,
1038 2166 1431 2219 ἐπιστέλλουσι.
1480 2167 1589 2218 Καὶ
1651 2165 1834 2232 πάλιν,

206 2250 320 2306 ὥστε
342 2253 722 2324 πεισθῆναιτῷ
748 2254 919 2324 νόμῳ,
957 2253 1050 2306 καὶ
1071 2253 1302 2315 ἐκείνοις
1331 2253 1539 2321 ἔλεγον,
1573 2254 1663 2306 καὶ
1698 2255 1839 2306 ἐκεῖ-

185 2355 270 2393 ’νοι
293 2341 435 2394 τοῦτο
456 2343 693 2408 ἐποίουν,
719 2343 812 2396 καὶ
842 2344 958 2412 μετ’
985 2343 1224 2413 εἰρήνης.
1257 2341 1348 2412 Μὴ
1379 2341 1444 2412 δὴ
1474 2341 1838 2407 σκανδαλιζώ-

209 2428 323 2496 μιθα
349 2430 435 2482 ἐπὶ
479 2432 590 2493 τοῖς
615 2431 931 2501 αἱρετικοῖς.
965 2429 1104 2500 Ὅρα
1155 2427 1263 2500 γὰρ
1317 2431 1374 2482 ἐν
1407 2428 1707 2501 προοιμίοις
1742 2427 1836 2480 τοῦ

208 2515 525 2587 κηρύγματος
549 2519 697 2570 πόσα
725 2517 994 2570 σκάνδαλα
1012 2531 1026 2546 °
1052 2517 1113 2569 ού
1145 2516 1290 2585 λέγω
1317 2519 1384 2569 τὰ
1410 2518 1560 2589 παρὰ
1573 2519 1682 2570 τῶν
1708 2517 1839 2582 ἔξω·

207 2603 280 2655 θεν
305 2619 319 2634 ο
342 2606 514 2660 ταῦτα
545 2607 654 2678 γάρ
671 2605 820 2658 οὐδὲν
843 2601 912 2677 ἦν
941 2621 953 2635 ·
981 2603 1116 2658 ἀλλὰ
1139 2603 1207 2657 τὰ
1237 2604 1405 2658 ἔνδον.
1434 2601 1560 2658 Οἷον
1599 2606 1836 2676 πρῶτον,

205 2690 228 2740 ὁ
264 2692 515 2757 Ἀνανίας,
541 2693 732 2745 ἔπειτα
753 2694 780 2745 0
795 2691 1128 2762 γογγυσμὸς,
1156 2690 1346 2745 ἔπειτα
1374 2692 1554 2762 Σίμων
1573 2696 1601 2746 0
1624 2694 1835 2762 Μάγος,

205 2776 362 2834 ἔπειτα
382 2782 432 2832 οἱ
464 2779 822 2849 ἐγκαλοῦντες
857 2777 1050 2848 Πέτρῳ
1097 2778 1184 2831 διά
1217 2779 1536 2848 Κορνήλιον,
1583 2779 1773 2832 ἔπειτα
1811 2783 1839 2836 0

207 2862 350 2932 λιμὸς.
389 2867 575 2919 ἔπειτα
594 2864 726 2918 αύτδ
746 2864 906 2918 τοῦτο
925 2865 986 2916 τὺ
1008 2863 1297 2932 κεφάλαιον
1317 2864 1423 2917 τῶν
1453 2865 1660 2920 κακῶν.

260 2952 380 3004 θύδέ
409 2952 514 3023 γὰρ
536 2952 617 3006 ἐνι
640 2950 807 3005 καλοῦ
840 2967 984 3013 τινος
1006 2951 1293 3020 γινομένου
1339 2951 1413 3022 μὴ
1442 2955 1838 3021 συνυφεστάναι

207 3037 280 3088 καὶ
306 3039 550 3110 πονηρόν.
585 3038 679 3109 Μὴ
707 3038 770 3108 δὴ
792 3037 1169 3107 θορυϐώμεθα,
1198 3039 1248 3090 εῖ
1268 3055 1412 3102 τινες
1459 3040 1840 3104 σκανδαλίζον-

205 3139 294 3186 ται,
318 3126 448 3179 ἀλλά
473 3126 565 3179 καὶ
592 3125 734 3195 ὑπὲρ
760 3125 966 3178 τούτων
1009 3124 1421 3195 εὐχαριστῶμεν
1470 3126 1548 3196 τῷ
1579 3127 1720 3198 Θεῷ,
1756 3130 1838 3182 ὅτι

206 3211 639 3284 εὐδοκιμωτέρους
669 3215 817 3284 ἡμᾶς
849 3216 1009 3266 ποιεῖ.
1049 3214 1123 3266 Οὐ
1152 3213 1261 3283 γὰρ
1291 3215 1355 3286 δὴ
1393 3216 1447 3267 αί
1492 3215 1698 3284 θλίψεις
1739 3217 1838 3287 μό-

207 3313 294 3362 νον,
319 3301 448 3353 άλλά
477 3302 573 3354 καὶ
601 3301 756 3354 αὐτοὶ
798 3301 848 3352 οί
889 3300 1192 3371 πειρασμοὶ
1234 3300 1646 3372 λαμπροτέρους
1689 3305 1838 3373 ἡμᾶς

209 3387 518 3454 ἐργάζονται.
564 3389 621 3441 '0
653 3389 752 3458 μὲν
779 3389 907 3459 γὰρ,
944 3388 1172 3459 μηδενὸς
1194 3387 1346 3452 ὄντος
1371 3389 1464 3441 τοῦ
1501 3391 1836 3458 πλανῶντος,

206 3470 286 3541 τῆς
307 3475 550 3544 ἀληθείας
579 3477 850 3546 ἐχόμενος,
883 3476 984 3529 οὐκ
1006 3475 1070 3528 ἂν
1099 3476 1183 3544 εἴη
1213 3476 1441 3547 σφοδρὸς
1475 3478 1708 3550 ἐραστὴς
1739 3483 1838 3551 τῆς

208 3557 428 3628 ἀληθείας
451 3576 465 3592 ⁸
494 3564 522 3615 0
546 3563 602 3616 δὲ
633 3562 845 3616 πολλῶν
871 3561 1234 3632 ἀφελκόντων,
1266 3558 1419 3627 οὗτος
1439 3563 1738 3636 εὐδόκιμος.
1772 3567 1838 3620 Τί

207 3639 306 3712 οὖνς
336 3648 416 3700 διά
428 3649 578 3702 τοῦτο
592 3649 872 3719 γίνεταιτά
886 3650 1177 3717 σκάνδαλα;
1203 3652 1277 3704 Ού
1301 3651 1462 3719 λέγω,
1483 3652 1558 3715 ὡς
1577 3653 1669 3706 τοῦ
1701 3654 1835 3708 Θεοῦ

209 3732 350 3786 ταῦτα
373 3736 661 3800 ποιοῦντος
681 3737 756 3808 μὴ
768 3737 993 3804 γένοιτο·
1016 3739 1150 3791 ἀλλὰ
1171 3739 1264 3790 καὶ
1281 3739 1354 3802 ὼς
1371 3739 1476 3792 ἀπὸ
1495 3739 1594 3808 τῆς
1611 3742 1838 3796 ἐκείνων

213 3822 436 3889 πονηρίας
465 3824 874 3894 εὐεργετοῦντος
894 3829 924 3894 ἡ
936 3827 1039 3894 μᾶς
1059 3845 1072 3854 ·
1102 3828 1220 3878 ἐπεὶ
1237 3827 1396 3888 αὐτὸς
1416 3827 1666 3879 οὐδέποτε
1681 3828 1836 3880 ἐϐού-

211 3901 311 3989 λετο
330 3909 589 3974 γενέσθαι.
619 3911 730 3975 Δός
758 3913 983 3978 αὐτοῖς,
1007 3917 1190 3984 φησὶν,
1220 3916 1319 3968 ἵνα
1337 3915 1406 3968 ἐν
1437 3910 1588 3969 ὦσιν
1612 3933 1624 3945 ·
1649 3919 1836 3989 ἐπειδὴ

211 3987 258 4038 δὲ
275 3991 457 4056 γίνεται
485 3996 550 4048 τὰ
574 3997 865 4062 σκάνδαλα,
889 3998 1038 4053 οὐδὲν
1068 4000 1288 4064 τούτους
1313 4001 1558 4071 βλάπτει,
1585 4002 1720 4056 ἀλλὰ
1746 3987 1838 4059 καῖ

213 4074 394 4144 ὠφελεῖ.
428 4083 636 4154 Ὥσπερ
663 4079 755 4137 οὖν
777 4085 870 4137 καὶ
901 4087 1026 4148 τοὺς
1051 4087 1333 4156 μάρτυρας
1354 4090 1578 4153 ἄκοντες
1605 4091 1838 4160 ὠφελοῦ-

216 4178 282 4214 σιν
308 4168 349 4219 οῖ
376 4169 460 4222 ἐπὶ
483 4171 541 4224 τὺ
570 4170 872 4243 μαρτύριον
903 4172 1172 4237 ἕλκοντες,
1202 4175 1260 4226 ού
1286 4177 1390 4242 μὴν
1419 4177 1522 4230 ὑπὸ
1552 4178 1644 4232 τοῦ
1702 4179 1835 4232 Θεοῦ

214 4247 440 4337 ᾧθοῦνται
473 4258 610 4329 πρὸς
633 4257 792 4311 τοῦτο
814 4276 828 4290 ·
860 4258 1001 4311 οὕτω
1032 4259 1094 4328 δὴ
1125 4261 1219 4312 καὶ
1242 4262 1494 4326 ἐνταῦθα,
1533 4265 1605 4334 μὴ
1639 4265 1837 4337 ἴδωμεν

216 4335 282 4418 ὅτι
299 4343 737 4408 σκανδαλίζονται.
767 4346 937 4400 Τοῦτο
959 4347 1090 4399 αὐτὸ
1116 4349 1412 4418 τεκμήριον
1431 4351 1524 4404 τοῦ
1553 4335 1836 4408 σπουδαῖον

217 4417 330 4479 εἶναι
352 4430 408 4483 τδ
438 4431 636 4502 δόγμα,
662 4433 725 4487 τὸ
749 4432 977 4496 πολλοὺς
994 4417 1378 4502 ὑποκρίνεσθαι
1411 4438 1504 4490 καὶ
1531 4442 1832 4509 μιμεῖσθαι·

217 4511 265 4563 ού
295 4516 388 4587 γὰρ
412 4519 496 4583 ἂν,
524 4522 572 4573 εί
616 4521 692 4592 μὴ
735 4519 899 4575 καλὸν
933 4515 1023 4591 ἦν,
1074 4521 1422 4593 ὑπεκρίνοντο
1450 4525 1478 4565 δ
1500 4565 1516 4580 .
1545 4528 1652 4582 Καὶ
1673 4528 1835 4584 τοῦτο

220 4596 299 4668 ἤδη
334 4606 529 4677 ποιήσω
551 4608 682 4678 ὑμῖν
709 4607 960 4678 φανερόν.

271 4687 323 4743 δ’.
339 4692 410 4745 Τά
431 4695 575 4767 μύρα
601 4696 670 4749 τά
691 4695 862 4767 εὐώδη
879 4697 1052 4751 ταῦτα
1075 4695 1186 4768 ἔχει
1201 4699 1327 4762 τοὺς
1344 4699 1655 4766 νοθεύοντας
1674 4705 1834 4772 αὐτὰ,

219 4766 306 4826 ῡῗον
342 4779 525 4845 φύλλον
556 4783 809 4852 ἄμωμον.
833 4783 1053 4856 Ἐπειδὴ
1082 4766 1191 4857 γάρ
1216 4787 1419 4842 σπάνιά
1460 4789 1574 4843 ἐστι
1604 4793 1696 4844 καὶ
1739 4766 1832 4846 άνλ

219 4864 407 4926 αγκαῖα,
430 4866 593 4920 πολλὰ
623 4869 718 4921 καὶ
764 4869 894 4922 νόθα
929 4870 1158 4938 γίνεται.
1192 4872 1380 4937 Οὐδεὶς
1429 4870 1522 4927 οὖν
1560 4875 1624 4929 ἂν
1665 4876 1838 4933 ἐλοιτο

217 4944 320 5030 ἄλλο
376 4967 424 5004 τι
486 4953 596 5013 τῶν
639 4955 871 5008 εὐτελῶν
927 4955 1198 5014 νοθεῦσαι.
1289 4959 1348 5012 '0
1403 4960 1518 5030 βίος
1569 4965 1599 5016 ό
1671 4964 1839 5020 καθα-

221 5029 293 5097 ρός
333 5035 549 5103 πολλοὺς
575 5038 691 5110 ἔχει
750 5045 878 5105 τοὺς
903 5041 1223 5108 νοθεύοντας
1248 5061 1262 5076 ο
1295 5029 1466 5110 οὐδεὶς
1495 5047 1551 5100 δὲ
1577 5048 1642 5103 ἂν
1666 5051 1839 5106 ἐλοιτο

219 5113 562 5210 Ῠξωκρίνεσθαι
590 5125 683 5178 τὸν
707 5127 766 5179 ἐν
795 5127 1114 5197 φαυλότητι,
1153 5128 1291 5182 ἀλλὰ
1329 5131 1421 5183 τδν
1459 5133 1516 5186 ἐν
1568 5137 1840 5210 μοναδικῷ

341 5209 400 5261 Τί
417 5207 505 5266 οῦν
534 5213 600 5268 ἂν
624 5214 872 5285 εἴποιμεν
907 5215 1041 5285 πρὸς
1076 5217 1202 5280 τοὺς
1241 5217 1538 5287 ’Έλληναςς
1569 5199 1834 5295 ⁷Ἔρχεται

415 5301 514 5388 καλ
538 5300 707 5370 λέγει,
763 5303 845 5355 ὅτι
888 5303 1155 5388 Βούλομαι
1199 5305 1451 5374 γενέσθαι
1495 5287 1836 5379 Χριστιανὸς,

217 5381 418 5470 ἀλλὀὐκ
447 5381 564 5441 οῖδα
595 5387 702 5440 τίνι
731 5387 1058 5459 προσθῶμαι
1081 5409 1098 5424 ·
1145 5391 1292 5460 μάχη
1329 5392 1458 5462 παρ’
1501 5395 1629 5465 ὑμῖν
1671 5399 1840 5470 πολλὴ

217 5465 297 5554 καὶ
341 5473 536 5538 στάσις,
595 5476 760 5539 πολὺς
809 5475 1035 5548 θόρυϐος
1058 5495 1072 5510 ο
1127 5481 1278 5532 ποῖον
1307 5479 1514 5550 ἕλωμαι
1543 5482 1754 5554 δόγμα;
1788 5465 1841 5541 τί

215 5551 515 5630 αἱρήσομαις
573 5563 839 5628 Ἕκαστος
899 5565 1068 5633 λέγει,
1121 5567 1203 5620 ὅτι
1241 5566 1380 5636 Ἐγὼ
1419 5551 1690 5639 ἀληθεύω.
1721 5575 1840 5628 Τίνι

214 5642 410 5708 πεισθῶ,
439 5649 598 5718 μηδὲν
621 5651 756 5715 ὅλως
785 5650 940 5714 εἰδὼς
972 5654 1030 5705 ἐν
1058 5655 1176 5716 ταῖς
1196 5653 1468 5724 Γραφαῖς;
1497 5658 1752 5714 Κάκεῖνοι
1781 5662 1842 5716 10

216 5724 327 5780 ούτδ
345 5735 745 5802 προϐάλλονται.
777 5737 922 5790 Πάνυ
943 5754 1006 5806 γε
1042 5747 1066 5777 α
1093 5738 1251 5793 τοῦτο
1282 5740 1420 5813 ὑπὲρ
1443 5743 1619 5814 ἡμῶν.
1638 5745 1704 5799 Εἰ
1744 5747 1842 5817 μὲν

221 5895 241 5923 ⁸
269 5839 297 5923 ἲ
310 5839 436 5923 μέθη]
467 5852 728 5923 κρινεονξας.
771 5850 1000 5923 Ἐνταῦθα
1019 5854 1163 5923 λέγει.
1225 5853 1256 5894 δ
1279 5854 1449 5907 Morel.
1490 5859 1836 5921 ὑποκρίνονται.

269 5899 374 5968 Alii,
400 5913 593 5972 προόάλ)
603 5899 749 5963 ονται.
792 5912 851 5962 Τί
875 5911 982 5975 οὗνς

1193 323 1258 377 IN
1294 321 1476 378 ACTA
1519 316 2029 376 APOSTOLORUM
2070 315 2305 373 HOMIL.
2346 318 2582 373 XXXII).

3505 315 3614 374 2U.

1952 433 2060 503 γὰρ
2087 432 2364 502 λογισμοῖς
2395 431 2652 501 ἐλέγομεν
2678 430 2983 499 πείθεσθαι,
3032 431 3256 495 είκότως
3309 431 3565 508 ἐθορύὸου
3593 455 3610 472 ο

1950 522 1999 573 εἰ
2021 520 2077 572 δὲ
2105 521 2223 582 ταῖς
2250 519 2289 570 Γ
2296 520 2494 588 ραφαῐς
2526 517 2756 588 λέγομεν
2783 516 3081 581 πιστεύειν,
3134 513 3297 574 αῦται
3340 522 3395 575 δὲ
3446 523 3615 579 ἁπλαῖ
3705 575 3730 582 _

1951 604 2046 656 καὶ
2072 603 2313 672 ἀληθεῖς,
2347 600 2568 655 εὔκολόν
2593 619 2674 654 σοι
2697 603 2756 656 τὸ
2781 604 3119 674 κρινόμενον.
3174 607 3243 658 El
3267 623 3350 670 τις
3377 607 3612 674 ἐκείναις

1949 691 2248 758 συμφωνεῖ,
2301 683 2454 752 οὗτος
2499 689 2818 758 Χριστιανός
2851 705 2864 720 ·
2916 691 2970 743 εἴ
3006 708 3092 752 τις
3137 691 3400 762 μάχεται,
3459 691 3614 760 οὗτος

1947 777 2134 847 πόρῤω
2155 775 2246 829 τοῦ
2266 775 2482 838 κανόνος
2494 773 2774 829 τούτου.Τί
2797 769 2912 839 οῦν,
2945 776 3010 831 ἂν
3029 779 3234 843 ἐκεῖνος
3265 778 3434 834 ἐλθὼν
3460 783 3610 853 εἴπῃ,

1943 863 2102 917 τοῦτο
2144 862 2291 932 ἔχειν
2316 863 2418 932 τὴν
2435 862 2680 932 Γραφὴν,
2714 863 2778 915 σὺ
2803 862 2859 914 δέ
2887 863 3072 934 ἕτερον
3097 863 3282 936 λέγῃς,
3311 867 3408 919 καλ
3438 868 3612 932 άλλως

1945 947 2331 1019 παρεξηγῆσθε
2369 946 2519 1019 [259]
2545 947 2645 1010 τὰς
2692 947 2949 1018 Γραφάς,
2988 947 3090 1011 τὰς
3138 949 3374 1014 διανοίας
3431 955 3613 1008 αὐτῶν

1943 1036 2188 1097 ἕλκοντες
2217 1052 2233 1100 ;
2265 1034 2336 1087 Σὺ
2357 1029 2470 1098 οὖν,
2506 1033 2625 1088 είπέ
2660 1052 2771 1105 μοι,
2805 1034 2930 1088 νοῦν
2949 1035 3049 1088 οὐκ
3071 1035 3216 1105 ἔχεις
3235 1037 3354 1090 οὐδὲ
3388 1041 3566 1110 κρίσιν
3593 1057 3608 1105 ;

1943 1121 2052 1175 Καὶ
2082 1120 2198 1184 πῶς
2227 1119 2294 1174 ἂν
2321 1121 2609 1190 δυναίμην,
2633 1119 2790 1190 φησὶ,
2819 1120 2952 1190 μηδέ
2982 1119 3137 1184 εἰδὼς
3163 1121 3370 1192 κρίνειν
3391 1124 3457 1176 τὰ
3477 1125 3614 1192 ὑμέ-

1941 1223 2109 1276 τερα;
2139 1206 2386 1278 μαθητὴς
2421 1205 2680 1276 βούλομαι
2713 1205 2989 1275 γενέσθαι,
3015 1208 3080 1261 σὺ
3112 1207 3171 1261 δέ
3211 1225 3280 1279 με
3321 1209 3423 1280 ἢδη
3475 1209 3614 1264 διδά-

1946 1295 2140 1347 σκαλον
2164 1296 2355 1356 ποιεῖς.
2392 1294 2490 1346 Ἂν
2513 1291 2688 1346 ταῦτα
2739 1292 2894 1365 λέγῃ,
2950 1294 3020 1358 τί,
3057 1295 3255 1364 φησὶν,
3305 1295 3613 1366 ἀποκρινώ-

1946 1381 2120 1451 μεθα;
2153 1381 2270 1444 πῶς
2293 1379 2454 1434 αὐτὸν
2477 1380 2736 1450 πείσομεν
2759 1396 2774 1444 ;
2828 1380 3248 1452 Ἐρωτησωμεν,
3273 1383 3321 1434 εί
3345 1382 3420 1452 μὴ
3460 1382 3614 1452 σκῆ-

1941 1467 2034 1536 ψις
2055 1466 2336 1520 ταῦτακαὶ
2366 1467 2642 1538 πρόφασις
2671 1483 2686 1496 ο
2722 1467 3108 1536 ἐρωτήσωμεν,
3138 1470 3187 1521 εί
3225 1469 3472 1536 κατέγνω
3502 1470 3611 1524 τῶν

1955 1554 2236 1624 Ἑλλήνων.
2258 1553 2480 1616 Πάντως
2498 1571 2550 1605 τι
2579 1555 2723 1624 ἐρεῖ·
2754 1555 2816 1606 ού
2847 1554 2956 1624 γάρ
2981 1553 3046 1624 δὴ
3077 1555 3152 1625 μὴ
3167 1557 3490 1624 καταγνοὺς,
3516 1558 3611 1610 ἐπὶ

1941 1641 2405 1712 τάήμέτεραῆξει.
2425 1640 2819 1710 Ἐρωτήσωμεν
2837 1639 2936 1703 τάς
2950 1641 3150 1707 αἰτίας,
3169 1641 3233 1694 δι’
3251 1641 3317 1704 ἃς
3336 1643 3609 1711 κατέγνω·

1941 1729 2002 1782 ού
2018 1729 2126 1798 γὰρ
2145 1727 2208 1798 δὴ
2230 1727 2416 1790 ἁπλῶς
2436 1726 2698 1795 κατέγνω.
2716 1725 2952 1796 Εὔδηλον
2965 1727 3046 1780 ὅτι
3072 1728 3188 1795 ἐρεῖ
3203 1727 3292 1779 διὰ
3309 1727 3370 1779 τὸ
3387 1726 3615 1796 κτίσμα⁹

1941 1831 2010 1869 τα
2041 1811 2182 1868 εἶναι
2216 1815 2311 1868 καὶ
2343 1814 2418 1885 μὴ
2451 1809 2591 1866 εἶναι
2629 1813 2884 1868 άκτιστον
2915 1813 3068 1866 Θεόν.
3121 1813 3339 1876 Καλῶς.
3383 1815 3479 1866 Ἂν
3517 1811 3614 1867 οὖν

1941 1900 2096 1953 τοῦτο
2125 1901 2221 1972 μὲν
2259 1900 2395 1971 εὕρῃ
2423 1899 2574 1970 παρὰ
2596 1902 2716 1961 ταῖς
2740 1899 2932 1963 άλλαις
2962 1899 3227 1968 αἱρέσεσι,
3251 1900 3314 1952 τὺ
3364 1899 3418 1951 δὲ
3462 1902 3612 1954 ἐναν-

1939 1985 2050 2039 τίον
2079 1985 2208 2057 παρ’
2225 1987 2374 2055 ἡμῖν,
2399 1984 2553 2037 ποίου
2580 1984 2739 2052 λόγου
2769 1984 2960 2055 χρεία;
2989 1983 3195 2045 Πάντες
3217 1982 3605 2054 ὁμολογοῦμεν,

1939 2073 2018 2126 ὅτι
2050 2072 2078 2123 0
2112 2071 2343 2143 Χριστὸς
2371 2070 2524 2133 Θεός.
2567 2070 2706 2122 Ἀλλ’
2741 2070 2938 2138 ἴδωμεν
2992 2069 3138 2131 τίνες
3179 2070 3462 2138 μάχονται,
3514 2071 3608 2122 καὶ

1939 2159 2082 2220 τίνες
2104 2159 2163 2210 ού
2184 2158 2483 2227 μάχονται.
2522 2157 2713 2225 Ἡμεῖς
2738 2155 2986 2222 λέγοντες
3014 2153 3166 2217 Θεὸν,
3204 2154 3329 2219 ἄξια
3361 2155 3493 2207 Θεοῦ
3517 2157 3611 2208 καὶ

1940 2244 2308 2314 φθεγγόμεθα,
2346 2245 2427 2296 ὅτι
2456 2241 2702 2306 ἐξουσίαν
2739 2240 2871 2309 ἔχει,
2911 2240 2996 2293 ὅτι
3022 2239 3122 2292 οὐκ
3159 2239 3272 2292 ἐστι
3299 2239 3503 2304 δοῦλος,
3527 2242 3610 2294 ὅτι

1939 2329 2242 2399 ἐλεύθερος,
2273 2331 2351 2382 ὅτι
2378 2330 2470 2398 ἀφ’
2498 2327 2692 2382 ἐαυτοῦ
2725 2327 2904 2380 πάντα
2930 2329 3072 2378 ποιεῖ
3098 2340 3111 2353 ⁸
3145 2327 3352 2388 ἐκεῖνος
3398 2325 3456 2380 δέ
3482 2328 3608 2380 τούσ-

1941 2416 2170 2470 ναντίον.
2197 2416 2362 2469 Πάλιν
2382 2414 2591 2486 ἐρωτῶ,
2614 2415 2662 2467 εί
2692 2413 2874 2484 ἰατρὸς
2902 2412 3118 2484 μέλλοις
3149 2412 3458 2483 μανθάνειν,
3501 2409 3612 2484 ἆρα

1941 2502 2124 2565 ἁπλῶς
2146 2502 2239 2555 καὶ
2258 2501 2333 2564 ὡς
2365 2501 2576 2571 ἔτυχεν,
2604 2501 2726 2553 εἰπέ
2748 2517 2862 2570 μοι,
2908 2499 2978 2552 τὰ
3000 2499 3272 2568 λεγόμενα
3301 2499 3606 2571 καταδέχῃς

1939 2587 2113 2640 καίτοι
2141 2587 2310 2641 πολλὰ
2335 2600 2359 2627 ι
2385 2587 2514 2658 παρ’
2542 2585 2773 2649 ἐκείνοις
2793 2585 3058 2655 δόγματα.
3081 2585 3145 2636 Εἰ
3175 2580 3376 2654 μὲνοῦν
3399 2584 3608 2652 ἁπλῶς,

1939 2674 2082 2744 ἅπερ
2117 2673 2181 2727 ἂν
2218 2671 2481 2745 ἀκούσῃς,
2511 2672 2807 2743 καταδέχῃ.
2841 2673 2946 2725 οὐκ
2997 2671 3114 2724 ἐστι
3152 2670 3310 2724 τοῦτο
3367 2671 3560 2742 ἀνδρός
3590 2688 3605 2703 ·

1940 2760 1988 2810 εἰ
2019 2758 2075 2810 δέ
2109 2757 2288 2827 κρίσιν
2312 2758 2453 2828 ἔχεις
2485 2758 2576 2810 καὶ
2606 2757 2754 2820 νοῦν,
2784 2757 3001 2820 πάντως
3022 2755 3146 2829 εἴσῃ
3170 2757 3229 2808 τὸ
3260 2756 3444 2814 καλόν.
3481 2755 3611 2809 Υίὸν

1939 2845 2169 2915 λέγομεν
2217 2847 2397 2916 ἡμεῖς,
2461 2843 2876 2915 ἐπαληθεύομεν
2923 2843 2952 2896 ὃ
2996 2842 3230 2913 λέγομεν
3259 2858 3274 2872 ’
3323 2844 3520 2896 ἐκεῖνοι
3551 2843 3609 2896 δὲ

1938 2931 2152 3000 λέγουσι
2187 2932 2306 3003 μέν,
2337 2932 2434 3002 οὐχ
2455 2930 2774 3001 ὁμολογοῦσι
2800 2931 2878 2983 δέ.
2917 2931 3034 2982 Ἵνα
3063 2930 3119 2982 δέ
3147 2931 3240 2983 καὶ
3273 2930 3608 3000 σαφέστερον

1940 3020 2097 3083 εῐπω,
2137 3020 2334 3072 ἐκεῖνοι
2363 3017 2545 3088 ἔχουσί
2573 3035 2726 3080 τινας
2738 3018 2830 3086 ἀφ’
2863 3009 2937 3071 ὧν
2967 3017 3280 3081 καλοῦνται,
3314 3016 3480 3071 αὑτοῦ
3509 3016 3605 3072 τοῦ

1939 3108 2292 3177 αίρεσιάρχου
2337 3105 2583 3176 δηλονότι
2621 3105 2682 3158 τὸ
2738 3105 2941 3175 ὄνομα,
2973 3104 3070 3158 καὶ⁹
3136 3105 3342 3176 ἑκάστη
3395 3106 3608 3175 αἵρεσις

1939 3194 2139 3264 ὁμοίως
2172 3209 2186 3225 ο
2215 3193 2344 3263 παρ’
2375 3193 2506 3262 ἡμῖν
2543 3191 2681 3262 ἀνὴρ
2707 3191 2804 3261 μὲν
2835 3191 3008 3254 οὐδεὶς
3033 3191 3232 3244 ἔδωκεν
3250 3194 3381 3262 ἡμῖν
3411 3191 3604 3262 ὄνομα,

1940 3282 1976 3350 ἡ
2017 3280 2073 3333 δὲ
2135 3279 2320 3343 πίστις
2361 3279 2519 3349 αὐτή.
2557 3277 2718 3330 Ἀλλὰ
2757 3277 2956 3347 σκῆψις
2984 3277 3142 3330 τοῦτο
3183 3279 3276 3332 καὶ
3309 3278 3606 3349 πρόφασις.

1941 3365 2040 3418 Διὰ
2060 3365 2112 3418 τί
2149 3365 2278 3436 γὰρ,
2311 3364 2434 3417 εἰπέ
2457 3381 2571 3434 μοι,
2594 3362 2660 3416 ἂν
2687 3363 2784 3432 μέν
2818 3363 3032 3432 ἱμάτιον
3083 3362 3282 3436 μέλλῃς
3320 3364 3605 3435 πρίασθαι,

1940 3452 2117 3505 καίτοι
2145 3469 2208 3520 γε
2237 3449 2539 3520 ὑφαντικῆς
2561 3449 2782 3520 ἄπειρος
2801 3448 2876 3501 ὢν
2896 3450 3112 3520 τέχνης,
3141 3450 3203 3502 ού
3229 3450 3404 3518 λέγεις
3432 3450 3607 3504 ταῦτα

1939 3539 2006 3592 τὰ
2033 3539 2365 3609 ρήματα,ὄτι
2391 3539 2504 3591 Οὐκ
2530 3531 2646 3590 οἶδα
2669 3535 2958 3606 ἀγοράσαι,
2979 3535 3306 3605 ὲμπαίξουσί
3335 3553 3446 3606 μοι·
3471 3536 3606 3591 ἀλλὰ

1940 3627 2114 3678 πάντα
2144 3628 2317 3687 ποιεῖς
2346 3624 2486 3677 ὥστε
2528 3623 2752 3694 μαθεῖν;
2796 3623 2915 3676 Κᾶν
2947 3622 3073 3677 ἄλλο
3124 3622 3300 3676 ὁτιοῦν
3337 3623 3605 3694 βουληθῇς

1939 3711 2251 3783 ὠνήσασθαι
2285 3751 2298 3770 .
2358 3713 2536 3766 πάντα
2579 3712 2754 3773 ποιεῖς
2803 3709 3273 3781 πολυπραγμονῶν
3310 3725 3325 3739 ⁸
3371 3711 3606 3764 ἐνταῦθα

1938 3799 1993 3851 δέ
2018 3799 2187 3852 ταῦτα
2213 3797 2412 3865 λέγεις.
2467 3797 2630 3849 Ὥστε
2660 3795 2754 3848 ἐπὶ
2774 3795 2851 3864 τῷ
2875 3795 3020 3866 λόγῳ
3061 3795 3235 3866 τούτῳ
3269 3796 3424 3849 οὐδὲν
3465 3796 3605 3860 ὅλως

1940 3883 2227 3954 καταδέξῃ.
2257 3884 2439 3934 Ἔστω
2467 3881 2675 3952 γάρτις,
2704 3881 2869 3949 μηδὲν
2918 3883 3054 3945 ὅλως
3093 3882 3268 3950 δόγμα
3321 3882 3479 3952 ἔχων,
3536 3881 3605 3934 ἂν

1939 3972 2185 4031 κάκεῖνος
2202 3968 2334 4040 λέγῃ
2362 3968 2389 4020 ὃ
2413 3984 2480 4018 πε
2490 3969 2542 4036 ρὶ
2571 3967 2678 4020 τῶν
2703 3967 3046 4038 Χριστιανῶν
3075 3967 3160 4030 σὺ,
3181 3967 3444 4021 Τοσοῦτον
3467 3967 3604 4039 πλῆ-

1942 4059 2032 4120 θος
2062 4057 2360 4128 ἀνθρώπων
2381 4056 2516 4120 ἐστὶ,
2550 4056 2645 4109 καλ⁷
2659 4055 2906 4126 δόγματα
2930 4056 3111 4124 έχουσι
3133 4053 3370 4124 διάφορα
3390 4071 3404 4085 θ
3440 4056 3468 4106 ὁ
3500 4053 3602 4122 μέν

1942 4144 2138 4213 Ἕλλην
2171 4144 2338 4207 ἐστὶν,
2376 4145 2404 4198 0
2434 4143 2490 4197 δὲ
2534 4143 2802 4204 Ἰουδαῖος,
2841 4142 2870 4194 0
2893 4141 2950 4195 δέ
2973 4140 3296 4211 Χριστιανός
3327 4156 3342 4170 ι
3369 4139 3488 4191 οὐδὲ
3542 4139 3604 4192 ἓν

1938 4230 2019 4283 δεῖ
2043 4231 2216 4300 δόγμα
2237 4228 2628 4293 καταδέξασθαι
2649 4242 2663 4257 ⁸
2688 4227 2934 4298 ἀλλήλοις
2950 4227 3056 4296 γὰρ
3085 4223 3411 4295 πολεμοῦσιν
3438 4240 3451 4253 ⁸
3488 4223 3603 4291 ἐγὼ

1937 4318 1994 4372 δέ
2049 4317 2296 4389 μαθητής
2353 4319 2493 4388 εἰμι,
2555 4316 2651 4369 ναὶ
2676 4314 2870 4386 κριτὴς
2899 4315 2958 4368 οὑ
2990 4312 3251 4384 βούλομαι
3282 4306 3443 4377 εἶναι,
3477 4309 3602 4366 ούδδ

1937 4404 2043 4470 ’ἐξω
2075 4404 2503 4473 καταγινώσκειν
2525 4405 2552 4444 δ
2577 4403 2694 4466 ἐνὸς
2727 4402 2994 4472 δόγματος
3028 4417 3043 4432 ο
3103 4398 3287 4453 οὐκέτι
3334 4415 3415 4452 σοι
3453 4395 3594 4470 αῦτη

1935 4492 2175 4563 λοιπὺνὴ
2205 4492 2474 4563 πρόφασις
2508 4489 2691 4562 χώραν
2729 4487 2864 4559 ἔχει.
2902 4487 3166 4557 Καθάπερ
3217 4485 3325 4556 γὰρ
3370 4488 3598 4555 ἰσχυσαν

1935 4574 1997 4627 τὸ
2014 4573 2163 4626 νόθον
2189 4573 2459 4637 ἐκϐαλεῖν,
2489 4570 2660 4634 οὕτως
2701 4569 2942 4640 ἰσχύσεις
2990 4569 3083 4622 καὶ
3131 4567 3367 4621 ἐνταῦθα
3418 4565 3592 4622 ἐλθὼν

1936 4655 2226 4726 δοκιμάσαι
2245 4655 2306 4708 τὸ
2326 4655 2621 4717 λυσιτελές.
2655 4653 2715 4706 '0
2744 4653 2843 4723 μὲν
2876 4651 2985 4721 γὰρ
3033 4649 3260 4721 μηδενὸς
3298 4650 3433 4713 ὅλως
3473 4650 3601 4720 δόγ-

1941 4754 2110 4808 ματος
2138 4737 2462 4804 καταγνοὺς,
2496 4735 2732 4797 εὐκόλως
2761 4734 2934 4788 ταῦτα
2961 4736 3114 4804 ἐρεῖ·
3141 4735 3169 4786 0
3189 4734 3246 4786 δὲ
3276 4735 3598 4802 καταγνοὺς,

1937 4819 2042 4874 κᾶν
2084 4818 2250 4890 μηδὲν
2289 4819 2562 4890 ᾑρημένος
2589 4814 2645 4891 ᾗ,
2681 4815 2786 4885 ὁδῷ
2819 4816 3126 4887 προϐαίνων
3151 4815 3435 4886 δυνήσεται
3471 4833 3602 4868 συν·

1942 4906 2070 4958 ιδεῖν
2097 4905 2157 4959 τὸ
2175 4905 2309 4958 δέον.
2359 4905 2451 4975 Μὴ
2479 4903 2542 4973 δὴ
2581 4901 2952 4973 σκηπτώμεθα
2996 4901 3131 4970 μηδέ
3175 4899 3602 4971 προφασιζώμε-

1939 4991 2006 5046 θα
2031 5009 2044 5023 ·
2081 4991 2254 5044 πάντα
2281 4989 2389 5060 γάρ
2424 4990 2600 5061 ῥᾴδια.
2658 4987 2844 5040 Βούλει
2880 5003 2961 5039 σοι
2997 4987 3176 5053 δείξω,
3214 4987 3295 5040 ὅτι
3331 4986 3603 5056 πρόφασίς

1937 5082 2054 5132 ἐστι
2079 5076 2288 5143 ταῦτα;
2317 5077 2398 5130 Τά
2424 5075 2689 5146 πρακτέα,
2716 5074 2811 5128 καὶ
2837 5073 2906 5127 τά
2938 5073 3013 5144 μὴ
3034 5073 3284 5142 πρακτέα
3307 5068 3484 5139 οἷδας;
3511 5072 3604 5128 διὰ

1937 5168 1988 5220 τί
2020 5161 2112 5219 οῦν
2144 5165 2212 5219 τά
2239 5163 2487 5236 πρακτέα
2521 5161 2594 5232 μὴ
2629 5162 2887 5231 πράττεις
2906 5200 2922 5224 ,
2953 5159 3088 5213 ἀλλὰ
3108 5159 3177 5212 τά
3206 5159 3282 5231 μὴ
3313 5163 3603 5230 πρακτέα;

1941 5252 2152 5322 Πρᾶξον
2170 5254 2372 5312 ἐκεῖνα,
2404 5251 2498 5303 καὶ
2538 5247 2684 5319 ὀρθῷ
2705 5247 2953 5318 λογισμῷ
3002 5247 3239 5318 ζήτησον
3290 5248 3443 5320 παρὰ
3505 5248 3602 5303 τοῦ

1938 5337 2094 5400 Θεοῦ,
2123 5340 2214 5389 καὶ
2242 5335 2398 5398 αὐτός
2426 5352 2508 5388 σοι
2525 5335 2742 5398 πάντως
2761 5333 3117 5404 ἀποκαλύψει.
3133 5337 3255 5388 Οὐκ
3268 5335 3399 5388 ἐστι
3410 5351 3602 5402 προσ-

1939 5423 2318 5490 ωπολήπτης.
2350 5426 2535 5492 φησὶν,
2558 5425 2590 5476 ό
2619 5420 2767 5494 [260]
2795 5423 2959 5490 Θεός·
2991 5421 3106 5476 ἀλλ’
3126 5425 3182 5476 ἐν
3207 5423 3372 5476 παντὶ
3404 5423 3544 5476 ἐθνει
3569 5423 3602 5475 0

1941 5503 2270 5575 φοϐούμενος
2300 5505 2480 5567 αὑτὸν,
2504 5504 2598 5557 καὶ
2632 5504 2996 5576 ἐργαζόμενος
3019 5500 3385 5576 δικαιοσύνην,
3413 5503 3600 5567 δεκτὸς

1941 5593 2088 5665 αὐτῷ
2120 5595 2287 5647 ἐστιν.
2323 5594 2435 5647 Οὐκ
2463 5593 2578 5646 ἐστι
2625 5597 2718 5648 τὸν
2754 5595 2925 5666 χωρὶς
2974 5593 3294 5664 προλήψεως
3335 5591 3599 5647 ἀκούοντα

1944 5681 2020 5752 μὴ
2049 5679 2351 5734 πείθεσθαι,
2388 5679 2600 5750 ’Ὥσπερ
2622 5678 2732 5752 γάρ
2781 5681 2830 5734 εί
2877 5678 3057 5735 κανών
3091 5696 3177 5743 τις
3220 5675 3308 5747 ἦν,
3366 5675 3503 5746 πρὸς
3538 5675 3598 5730 δν

1999 5863 2027 5893 ⁸
2052 5863 2186 5912 Unus
2223 5864 2480 5927 μανθάνειν·
2510 5864 2664 5913 καίτοι
2689 5865 2859 5926 πολλά,
2897 5865 3090 5914 celeris
3130 5861 3339 5912 omissis.
3403 5857 3434 5900 δ
3461 5859 3594 5912 Idem

1946 5925 2084 5975 εἶναι.
2124 5928 2179 5975 Εἰ
2204 5925 2254 5976 δὲ
2294 5927 2402 5982 εῖξω
2441 5928 2825 5988 καταγινώσκειν.
