4036 6220
370 310 479 364 265

369 421 549 476 πάντα
604 419 996 474 ἀπευθύνεσθαι
1045 421 1233 491 ἐχρῆν,
1273 425 1334 475 οὐ
1388 425 1586 494 πολλῆς
1623 426 1728 480 ἔδει
1760 429 2021 497 σκέψεως,

235 567 262 577 ο
366 507 504 562 ἀλλά
534 507 624 560 τὸν
656 505 1104 577 παραμετροῦντα
1134 506 1355 564 εὔκολον
1387 506 1455 580 ἦν
1477 512 1662 565 λαϐεῖν
1692 530 1706 543 ο
1735 513 1909 578 οὕτως
1931 515 2025 565 καὶ

367 595 483 648 νῦν.
516 593 638 655 Πῶς
672 589 762 644 οὖν
789 593 849 644 ού
881 592 1174 664 συνορῶσι;
1208 597 1385 649 nam
1408 600 1584 663 ποιεῖ,
1629 601 1726 652 καὶ
1760 601 2030 670 πρόληψις

369 680 461 733 καὶ
487 677 820 746 ἀνθρώπιναι
852 679 1040 731 αἰτίαι.
1069 681 1239 733 Τοῦτο
1260 684 1501 752 καὶπερὶ
1531 685 1708 754 ήμῶν,
1749 687 1904 754 φησὶ,
1929 687 2025 740 καὶ

366 767 560 816 ἐκεῖνοι
591 763 827 829 λέγουσι.
859 765 1016 828 Πῶς;
1062 767 1152 836 Μὴ
1194 768 1304 838 γάρ
1341 769 1722 840 ἀπεσχίσμεθα
1765 773 1864 842 τῆς
1900 773 2024 826 Ἐκ-

361 846 627 914 κλησίας;
662 847 736 915 μή
771 847 878 913 γὰρ
899 849 1255 918 αἰρεσιάρχας
1280 850 1507 920 ἐχομεν;
1563 851 1638 922 μὴ
1671 853 1780 923 γὰρ
1802 855 1898 906 ἀπ’
1931 856 2027 907 ἀν-

367 923 600 1000 θρώπων
647 933 996 1003 καλούμεθα;
1045 934 1120 1005 μή
1151 936 1258 1005 γάρ
1313 938 1724 1009 προηγούμενος
1752 940 1910 1010 ήμῶν
1942 941 2026 1004 τίς

364 1018 535 1082 ἐστιν,
572 1017 761 1089 ῶσπερ
785 1021 860 1090 τῷ
892 1022 987 1088 μὲν
1016 1023 1300 1090 Μαρκίων,
1327 1024 1402 1093 τῷ
1431 1025 1486 1077 δέ
1509 1027 1827 1095 Μανιχαῖος,
1859 1026 1936 1096 τῷ
1969 1027 2026 1080 δέ

371 1100 610 1169 Ἀρειος,
634 1100 712 1171 τῷ
741 1103 796 1154 δέ
826 1103 982 1166 ἀλλος
1011 1121 1093 1167 τις
1117 1106 1376 1175 αἱρέσεως
1403 1108 1678 1177 ἀρχηγός;
1739 1110 1800 1162 Εἰ
1838 1109 1893 1162 δέ
1932 1113 2028 1164 καὶ

366 1189 527 1258 ἡμεῖς
556 1193 924 1260 προσηγορίαν
960 1193 1099 1254 τινὸς
1126 1192 1338 1262 ἔχομεν,
1369 1196 1483 1247 ἀλλ’
1517 1197 1576 1247 ού
1608 1197 1732 1260 τοὺς
1753 1197 1852 1266 τῆς
1876 1197 2027 1268 αἶρέ-

368 1289 506 1333 σεως
538 1273 828 1344 ἄρξαντας,
869 1277 1002 1330 ἀλλά
1023 1279 1144 1340 τοὺς
1171 1280 1507 1350 προστάντας
1537 1281 1692 1352 ἡμῶν
1715 1283 1808 1335 καὶ
1831 1283 2022 1352 x0620-

368 1361 636 1430 νήσαντας
689 1362 786 1432 τὴν
822 1365 1165 1434 Ἐκκλησίαν.
1191 1367 1303 1418 Οὐκ
1334 1367 1528 1436 ἔχομεν
1552 1368 1904 1431 διδασκάλους
1935 1370 2028 1422 ἐπὶ

366 1448 464 1515 τῆς
486 1448 587 1516 γῆς
613 1465 624 1477 ο
665 1449 739 1519 μή
771 1450 982 1516 γένοιτο
1015 1470 1028 1482 ·
1059 1452 1154 1504 ἕνα
1180 1453 1374 1522 ἔχομεν
1405 1455 1495 1507 τὸν
1526 1458 1582 1508 ἐν
1609 1459 1720 1518 τοῖς
1755 1458 2023 1526 οὐρανοῖς.

369 1534 646 1600 Κάκεῖνοι,
674 1539 826 1607 φησὶ,
857 1542 923 1591 τά
948 1540 1086 1592 αύτά
1125 1541 1535 1609 προϐάλλονται.
1585 1543 1723 1597 Ἀλλ’
1752 1544 2022 1612 ἐφέστηκε

367 1619 429 1672 τὸ
481 1621 649 1688 ὄνομα
684 1624 1026 1695 κατηγοροῦν
1069 1627 1268 1690 αὐτῶν,
1334 1628 1424 1680 καὶ
1461 1630 1770 1699 ἐμφράττον
1809 1631 1876 1683 τά
1908 1630 2027 1682 στό⁶

369 1725 534 1776 ματα.
569 1711 756 1763 Πολλοὶ
783 1723 806 1751 ι
837 1713 1119 1780 γεγόνασιν
1148 1713 1424 1784 Ἕλληνες,
1479 1717 1573 1768 καὶ
1626 1716 1799 1780 οὐδεὶς
1847 1718 2020 1771 ταῦτα

1115 305 1171 361 S.
1211 305 1493 364 JOANNIS
1537 311 2027 369 CIIRYSOSTOMI
2081 311 2396 368 ARCHIEP.
2441 309 2988 368 CONSTANTINOP.

3675 311 3789 367 216

2123 426 2395 498 ἠρώτησε,
2448 427 2540 479 καὶ
2592 426 2736 496 παρά
2786 421 3193 496 φιλοσόφοις’ἦν
3235 426 3426 487 ταῦτα,
3465 429 3559 480 καὶ
3606 427 3790 491 οὐδεὶς

2125 514 2367 584 ἐκωλύθη
2397 514 2505 566 τῶν
2535 515 2632 583 τὴν
2671 513 2836 584 ὀρθήν
2861 513 3071 582 αἰρεσιν
3093 515 3346 584 ἐχόντων.
3400 515 3497 568 Διά
3517 515 3570 566 τί
3597 516 3672 584 μὴ
3703 512 3794 568 εἷ-

2126 617 2223 652 πον
2243 601 2329 652 ὅτε
2358 602 2530 653 ταῦτα
2553 601 2788 662 ἐκίνουν,
2821 601 2902 654 ὅτι
2928 602 3020 654 καὶ
3042 596 3186 654 οῦτοι
3219 602 3461 654 κάκεῖνοι
3501 601 3744 655 Ἰουδαῖοι
3775 617 3792 631 ⁸

2123 687 2229 739 τίνι
2255 687 2334 740 δεῖ
2363 688 2507 756 ἡμᾶς
2537 686 2847 750 πείθεσθαι;
2897 687 3035 739 Ἀλλ’
3061 687 3389 756 ἐπείσθησαν
3411 687 3487 750 ὼς
3517 687 3645 741 ἔδει.
3687 689 3796 741 Οὖο

2125 773 2254 826 κοῦν
2285 774 2378 827 καὶ
2419 775 2580 844 ἡμεῖς
2627 773 2943 842 πειθώμεθα
2965 777 3073 834 τοῖς
3115 773 3206 826 τοῦ
3247 774 3382 827 Θεοῦ
3429 774 3633 846 νόμοις,
3689 777 3793 828 καὶ

2125 861 2302 913 πάντα
2331 861 2655 931 πράττωμεν
2690 861 2828 914 κατά
2857 861 2916 912 τὸ
2942 859 3089 929 αὐτῷ
3123 860 3334 926 δοκοῦν,
3368 861 3462 915 καὶ
3508 863 3652 915 κατά
3683 863 3792 933 τὴν

2123 946 2286 1000 αὑτοῦ
2315 946 2566 1016 βούλησιν
2595 945 3056 1015 πολιτευσώμεθα,
3073 943 3148 1009 ὡς
3171 945 3250 999 ἔτι
3270 947 3434 1016 ἐσμὲν
3465 949 3522 1000 ἐν
3545 947 3620 1018 τῷ
3643 965 3791 1017 παρ-

2122 1035 2235 1086 όντι
2267 1033 2383 1103 βίῳ,
2435 1033 2524 1086 ἵνα
2569 1032 2706 1104 μετά
2739 1032 2942 1102 ἀρετῆς
2980 1031 3072 1084 τὸν
3115 1033 3410 1086 ὑπόλοιπον
3443 1034 3635 1106 χρόνον
3679 1034 3788 1104 τῆς

2125 1119 2269 1190 ζωῆς
2303 1119 2462 1191 ήμῶν
2491 1120 2856 1184 διανύσαντες,
2915 1118 3026 1171 τῶν
3083 1119 3510 1188 ἐπηγγελμένων
3559 1121 3790 1188 ἀγαθῶν

2122 1208 2235 1269 τοῖς
2295 1207 2583 1274 ἀγαπῶσιν
2639 1207 2798 1260 αὑτὸν
2843 1209 3116 1277 ἐπιτυχεῖν
3146 1205 3524 1275 δυνησώμεθα,
3559 1207 3654 1258 καὶ
3684 1206 3792 1258 σὺν

2122 1295 2232 1355 τοῖς
2263 1292 2688 1364 εύαρεστήσασιν
2713 1293 2861 1362 αὑτῷ
2898 1294 3065 1363 τιμῆς
3087 1293 3426 1364 ἀξιωθῶμεν,
3473 1293 3656 1363 χάριτι
3691 1291 3794 1344 καὶ

2125 1377 2502 1449 φιλανθρωπίᾳ
2531 1380 2624 1432 τοῦ
2664 1379 2982 1448 μονογενοῦς
3010 1380 3138 1433 Υίοῦ
3173 1380 3359 1442 αὐτοῦ,
3400 1382 3496 1433 καὶ
3544 1378 3639 1432 τοῦ
3674 1396 3786 1432 πα-

2125 1462 2310 1530 ναγίου
2341 1465 2436 1516 καὶ
2468 1465 2732 1528 ζωοποιοῦ
2768 1465 3102 1535 Πνεύματος,
3139 1467 3239 1537 τῆς
3267 1468 3395 1536 μιᾶς
3433 1466 3526 1519 καὶ
3549 1464 3794 1536 ἀληθοῦς

2125 1548 2396 1619 θεότητος,
2429 1551 2524 1604 νῦν
2546 1554 2640 1606 καὶ
2669 1552 2774 1619 ἀεὶ,
2796 1551 2890 1605 καὶ
2915 1553 2994 1616 εἰς
3016 1554 3141 1618 τοὺς
3172 1554 3372 1617 αἰῶνας
3401 1553 3508 1607 τῶν
3547 1553 3790 1608 αἰώνων.

2139 1633 2328 1702 Ἀμήν.

2186 1727 2214 1759 ⁸
2241 1727 2372 1777 Unus
2394 1729 2621 1791 στόματα.
2640 1730 2728 1778 Διά
2751 1731 2796 1778 τί
2812 1732 2996 1780 πολλοί.

1889 1927 2132 1980 ΟΜῙΛΙΑ
2173 1927 2293 1982 ΛΝ.

370 2014 610 2086 Παῦλος
653 2013 720 2066 δὲ
753 2013 850 2066 καὶ
903 2015 1212 2086 Βαρνάϐας
1240 2015 1528 2086 διέτριϐον
1568 2017 1637 2069 ἐν
1684 2019 2026 2086 Ἀντιοχείᾳ,

440 2073 828 2154 διδάσκοντες
857 2085 950 2138 καὶ
983 2073 1491 2153 εὐαγγελιζόμενοι
1511 2089 1660 2152 μετὰ
1683 2089 1780 2140 καὶ
1812 2073 2029 2154 ἐτὲρών

439 2153 686 2223 πολλῶν
713 2151 818 2204 τὸν
837 2155 1022 2223 ,λόγον
1041 2151 1145 2207 τοῦ
1158 2151 1376 2218 Κυρίου
1417 2151 1575 2209 Μετὰ
1599 2155 1664 2208 δέ
1691 2172 1858 2221 τινας
1881 2151 2021 2223 ἦμέ-

429 2239 545 2288 ρας
574 2219 702 2294 εἷπε
743 2221 980 2294 Παῦλος
1014 2223 1166 2287 πρὸς
1203 2227 1516 2294 Βαρνάϐαν
1544 2241 1565 2294 ον
1605 2219 2029 2294 Ἐπιστρέψαν-

439 2309 537 2354 τες
563 2291 640 2356 δὴ
669 2290 1125 2359 ἐπισκεψώμεθα
1158 2292 1299 2357 τοὺς
1321 2293 1621 2359 ἀδελφοὺς
1650 2290 2032 2348 κατὰήπᾶσαν

439 2362 639 2420 πόλιν,
784 2356 1390 2431 ξαῖςίκατηγγείλαμεν
1416 2356 1518 2414 τῦν
1565 2356 1750 2431 λόγον
1780 2363 1887 2417 τοῦ
1919 2367 2029 2418 Κυ-

435 2430 592 2497 ρίου,
623 2430 746 2492 πῶς
774 2428 1044 2493 ἔχουσιν.

440 2517 508 2563 α’.
530 2511 674 2575 Ὅρα
699 2510 856 2562 πάλιν
880 2509 1057 2561 αὐτῶν
1080 2510 1140 2561 τὸ
1160 2510 1432 2574 ταπεινὸν,
1459 2511 1574 2574 πῶς
1595 2512 1688 2564 καὶ
1703 2513 1908 2583 ἑτέροις
1936 2531 2032 2584 με-

370 2597 639 2658 ταδιδόασι
665 2595 757 2647 τοῦ
787 2595 966 2663 λόγου.
997 2596 1108 2648 Kal
1153 2597 1251 2666 ήδη
1291 2596 1388 2664 μὲν
1426 2595 1534 2648 τῶν
1572 2598 1882 2651 ἀποστόλων
1920 2599 2029 2653 τῶν

369 2683 570 2736 λοιπῶν
605 2682 666 2735 τὸ
690 2679 822 2752 ἦθος
853 2681 1160 2751 ἀνέγραψεν
1199 2683 1328 2751 ἡμῖν
1357 2684 1385 2735 6
1420 2683 1654 2747 Λουκᾶς,
1699 2685 1909 2748 δεικνὺς
1946 2685 2030 2738 ὅτι

370 2771 399 2821 6
440 2771 537 2840 μὲν
567 2769 917 2840 ἁπαλώτερος
948 2764 1016 2839 ἦν
1048 2769 1143 2822 καὶ
1174 2768 1373 2838 μᾶλλον
1397 2771 1852 2840 συγγνωμονικός,
1877 2766 2030 2836 οὗτος

369 2858 424 2910 δέ
452 2858 837 2926 ἀκριϐέστερος
867 2857 961 2909 καὶ
981 2853 1278 2927 αὐστηρότε
1287 2874 1380 2928 ρος
1411 2872 1426 2889 ο
1451 2857 1684 2928 διάφορα
1707 2860 1814 2928 γάρ
1834 2862 1946 2911 ἐστι
1962 2859 2030 2912 τά

369 2945 683 3014 χαρίσματα
713 2963 725 2974 ⁸
765 2945 844 2996 ὅτι
897 2944 953 2996 δὲ
1007 2944 1100 2996 καὶ
1143 2943 1301 2996 τοῦτο
1338 2944 1604 3014 χάρισμα,
1649 2945 1827 3013 δῆλον.
1890 2944 2028 2997 Ἀλλ’

370 3034 544 3085 ἐκεῖνο
577 3032 675 3100 μὲν
709 3033 914 3102 ἑτέροις
939 3032 1126 3102 ἧθεσιν
1160 3031 1459 3102 ἀνθρώπων
1491 3031 1740 3103 ἁρμόζει,
1769 3031 1924 3085 τοῦτο
1973 3032 2031 3085 δὲ

371 3120 596 3190 ἑτέροις·
625 3119 726 3172 κᾶν
757 3119 1294 3188 μετασκευάσωνται,
1324 3119 1545 3187 γέγονεν
1577 3121 1847 3190 ἄχρηστον
1877 3119 2028 3191 [261]

370 3206 575 3259 λοιπόν.
619 3207 728 3258 Kal
759 3206 906 3258 δοκεῖ
951 3206 1048 3276 μὲν
1079 3199 1218 3257 εἷναί
1251 3221 1333 3266 τις
1367 3205 1735 3276 παροξυσμὸς,
1757 3205 1816 3258 τὸ
1845 3206 1901 3259 δέ
1924 3207 2029 3258 πᾶν

370 3293 650 3361 οἰκονομία
677 3293 838 3344 ἐστίν.
875 3294 1037 3344 Ὥστε
1066 3291 1174 3364 γάρ
1217 3293 1344 3354 τοὺς
1395 3292 1768 3363 προσήκοντας
1804 3293 2033 3346 ἕκαστον

370 3379 567 3440 τόπους
611 3377 921 3442 ἀπολαϐεῖν,
973 3377 1128 3430 τοῦτο
1186 3377 1414 3446 γίνεται.
1452 3377 1662 3441 ΙἈλλως
1706 3378 1763 3430 δέ
1794 3379 1889 3431 καὶ
1921 3379 2032 3431 ἔδει

375 3466 576 3527 πάντας
601 3465 698 3534 οὐχ
730 3464 1022 3534 ὁμοτίμους
1051 3460 1209 3527 εἶναι,
1236 3463 1372 3516 ἀλλά
1412 3463 1501 3517 τὸν
1541 3465 1637 3532 μὲν
1683 3465 1893 3536 ἄρχειν,
1939 3467 2032 3518 τὸν

373 3546 428 3599 δέ
460 3546 717 3616 ἄρχεσθαι
741 3562 755 3576 ο
787 3547 880 3599 καὶ
927 3547 1082 3599 τοῦτο
1107 3547 1468 3616 οἰκονομικόν.
1506 3545 1739 3617 Κύπριοι
1801 3549 1899 3618 μὲν
1923 3550 2033 3619 γάρ

375 3634 525 3687 οὐδὲν
557 3633 795 3686 τοιοῦτον
822 3632 1182 3700 ἐπεδείξαντο,
1203 3629 1314 3686 οἷον
1334 3635 1383 3685 οἰ
1417 3635 1473 3686 ἐν
1513 3634 1812 3706 Ἀντιοχείᾳ
1859 3635 1954 3688 καὶ
1985 3637 2033 3688 οἱ

375 3721 548 3775 λοιποί
573 3737 588 3752 ο
619 3721 714 3774 καὶ
737 3723 928 3774 ἐκεῖνοι
959 3721 1155 3791 μᾶλλον
1180 3721 1386 3774 ἐδέοντο
1410 3721 1501 3774 τοῦ
1523 3721 1683 3792 ήθους
1705 3721 1798 3775 τοῦ
1819 3722 2036 3775 άπαλωο

375 3809 553 3880 τέρου,
600 3804 743 3862 οῦτοι
797 3808 853 3861 δέ
899 3808 1110 3863 τούτου.
1168 3808 1478 3877 Βαρνάϐας
1525 3809 1594 3862 δὲ
1629 3810 2036 3865 ἐϐουλεύσατο

377 3894 869 3964 συμπαραλαϐεἴν
894 3895 990 3948 καὶ
1022 3895 1306 3965 Ἰωάννην
1329 3897 1436 3949 τὸν
1469 3898 1849 3966 καλούμενον
1880 3897 2034 3963 Μάρ-

377 3999 488 4034 κον
523 3999 537 4014 ·
577 3983 815 4047 Παῦλος
837 3982 904 4035 δὲ
929 3982 1103 4050 ἠξίου
1137 3983 1244 4036 τὸν
1293 3983 1644 4038 ἀποστάντα
1685 3985 1788 4038 ἀπ’
1837 3983 2037 4038 αὐτῶν

377 4070 494 4122 ἀπὸ
534 4072 902 4138 Παιιφυλάς,
935 4070 1028 4123 καί
1071 4069 1157 4139 μὴ
1191 4073 1567 4125 συνελθόντα
1613 4070 1818 4135 αὐτοῖς
1846 4072 1930 4134 εις
1971 4069 2037 4122 τὸ

377 4159 571 4226 ἔργον,
590 4177 632 4225 μ
643 4158 675 4224 ὴ
699 4158 1188 4227 σνμπαραλαϐεῒν
1217 4159 1448 4213 τοῦτον.
1483 4159 1752 4228 Ἐγένετο
1769 4154 1884 4212 οὖν
1899 4174 2039 4225 παρ·

382 4240 669 4308 οξυσμι¹ς,
723 4240 878 4294 ὥστε
915 4240 1280 4309 χωρισθῆναι
1311 4241 1531 4305 αὐτοὺς
1585 4239 1687 4293 ἀπ’
1725 4238 2035 4305 ἀλλήλων,

380 4323 487 4374 τόν
513 4339 574 4374 τε
600 4323 910 4388 Βαρνάϐαν
932 4323 1350 4388 παραλαϐόντα
1381 4321 1486 4374 τὸν
1507 4321 1769 4388 Μάρκον,
1793 4320 2041 4375 ἐκπλεῦ-

382 4419 483 4455 σαι
506 4405 592 4466 είς
622 4404 858 4468 Κύπρον
886 4419 899 4432 ·
943 4403 1182 4466 Παῦλος
1222 4403 1291 4454 δὲ
1333 4401 1764 4470 ἐπιλεξάμενος
1828 4403 2035 4466 Σίλαν,

381 4488 599 4553 ἐξῆλθε
662 4488 1012 4555 παραδοθεὶς
1065 4487 1139 4554 τῇ
1189 4489 1382 4556 χάριτι
1445 4489 1550 4542 τοῦ
1602 4488 1751 4543 Θεοῦ
1779 4489 1899 4544 ὑπὸ
1921 4489 2040 4543 τῶν

381 4575 680 4644 ἀδελφῶν.
759 4574 914 4628 υῦτω
958 4576 1053 4628 καὶ
1109 4577 1164 4628 ἐν
1207 4580 1318 4640 τοῖς
1373 4578 1680 4647 προφήταις
1716 4577 2038 4649 εὑρίσκομεν

381 4665 668 4736 διαφόρους
707 4664 928 4736 γνώμας
963 4666 1058 4719 καὶ
1101 4666 1329 4737 διάφορα
1372 4668 1476 4738 ήθη
1527 4679 1540 4693 ·
1598 4662 1708 4721 οἷον
1760 4670 1788 4722 6
1858 4669 2040 4733 Ἠλίας

383 4754 671 4824 αὑστηρδς,
707 4757 734 4807 6
777 4754 1014 4824 Μωῦσῆς
1064 4756 1253 4824 πρᾶος.
1305 4756 1412 4808 Kal
1445 4755 1868 4809 ἐνταῦθατοίνυν
1919 4774 2043 4825 σφο-

382 4841 634 4911 δρότερός
696 4843 842 4894 ἐστιν
897 4843 926 4894 6
984 4840 1212 4905 Παῦλος.
1274 4839 1415 4895 Ἀλλ’
1489 4843 1590 4912 ὅρα
1648 4843 1742 4896 καὶ
1788 4843 1930 4897 οὕτω
1983 4843 2042 4896 τὸ

386 4929 624 4992 ἐπιεικὲς
681 4927 866 4982 αὐτοῦ.
922 4929 1139 4992 Ἡξίου,
1193 4930 1344 4999 φησὶ,
1400 4928 1505 4982 τὸν
1553 4929 1904 4983 ἀποστάντα
1939 4931 2039 4984 ἀπ’

383 5015 579 5069 αὐτῶν
610 5015 726 5070 ἀπὸ
759 5015 1112 5084 Παμφυλίας
1136 5016 1219 5083 μὴ
1243 5016 1752 5083 συμπαραλαϐεῐν.
1778 5017 2042 5089 Καθάπερ

386 5101 494 5172 γάρ
526 5119 608 5164 τις
652 5103 955 5172 στρατηγὸς
989 5103 1087 5155 οὐκ
1122 5102 1187 5156 ἀν
1229 5102 1402 5154 ἓλοιτο
1427 5102 1517 5153 τὸν
1550 5103 1876 5172 σκευοφόρον
1901 5102 2044 5174 ἔχειν

387 5189 471 5241 ἀεὶ
499 5188 765 5258 βάναυσον
795 5205 809 5220 °
840 5188 1012 5251 οὕτως
1037 5189 1155 5242 οὐδέ
1183 5188 1210 5239 6
1242 5187 1557 5251 ἀπόστολος.
1599 5187 1768 5241 Τοῦτο
1798 5191 1891 5242 καὶ
1917 5192 2044 5254 τοὺς

385 5275 576 5337 ἄλλους
605 5276 880 5338 ἐπαίδευε,
902 5277 996 5328 καὶ
1022 5275 1182 5328 αὐτὸν
1211 5274 1540 5345 ἐρῥύθμιζεν
1566 5276 1787 5328 ἐκεῖνον.
1813 5277 2040 5336 Οὐκοῦν,

388 5361 540 5432 φησὶ,
575 5361 742 5424 κακδς
767 5365 795 5413 6
828 5362 1142 5432 Βαρνάϐας;
1192 5361 1457 5432 Οὐδαμῶς
1501 5379 1517 5395 ο
1556 5362 1691 5416 ἀλλά
1715 5364 1805 5416 καὶ
1841 5364 2044 5436 σφόδρα

387 5449 586 5502 ἄτοπον
619 5448 678 5501 τὸ
710 5447 950 5518 νομίζειν
977 5448 1149 5500 τοῦτο.
1171 5448 1296 5511 Πῶς
1318 5448 1374 5502 δέ
1394 5449 1491 5502 οὐκ
1513 5449 1710 5504 ἄτοπον
1740 5450 1880 5520 ὑπὲρ
1905 5451 2046 5504 οῦτω

389 5534 717 5604 πράγματος
746 5533 943 5603 μικροῦ
974 5531 1162 5585 τοῦτον
1191 5532 1370 5600 λέγειν
1397 5534 1647 5601 γενέσθαι
1671 5537 1865 5603 κακόν;
1907 5536 2043 5589 ’Λλλ’

386 5622 509 5691 ὅρα,
542 5623 621 5675 ὅτι
650 5619 864 5692 πρῶτον
897 5619 996 5690 μὲν
1020 5620 1187 5673 κακὸν
1213 5620 1362 5673 οὐδὲν
1389 5622 1625 5689 γέγονεν,
1660 5623 1710 5674 εί
1735 5622 2045 5693 ὁλοκλήροις

383 5709 590 5762 ἔθνεσιν
631 5707 958 5779 ἀρκοῦντες,
995 5706 1402 5776 ἀπεσχίσθησαν
1447 5709 1542 5762 ἀπ’
1591 5709 1864 5778 ἀλλήλων,
1904 5709 2040 5762 ἀλλά

383 5797 474 5850 καὶ
515 5797 655 5866 μέγα
703 5795 904 5864 ἀγαθόν
928 5813 942 5827 ⁸
973 5793 1160 5850 ἔπειτα
1197 5796 1277 5848 ὅτι
1312 5795 1361 5846 εἰ
1402 5795 1475 5864 μὴ
1506 5795 1662 5847 τοῦτο
1688 5791 1784 5865 ἦν,
1826 5794 1927 5846 οῦκ
1972 5792 2037 5848 ἀν

388 5882 591 5937 εἵλοντο
621 5884 854 5947 εὐκόλως
889 5883 1100 5954 ἀφεῖναι
1129 5881 1407 5954 ἀλλήλους.
1434 5881 1503 5934 Συ
1534 5881 1589 5934 δέ
1632 5898 1720 5951 μοι
1757 5879 2035 5950 θαύμασον

2125 2020 2317 2074 τοῦτον
2334 2022 2467 2092 μηδέ
2489 2021 2646 2075 τοῦτο
2672 2022 2976 2093 κρύψαντα.
3023 2021 3160 2074 Ἀλλ’
3193 2022 3241 2074 εί
3271 2023 3366 2076 καὶ
3393 2035 3422 2069 ιι
3445 2023 3791 2093 χωρισθῆναι

2126 2107 2252 2175 ἔδει,
2280 2109 2434 2178 φησὶ,
2463 2109 2632 2180 χωρὶς
2654 2109 3024 2180 παροξυσμοῦ.
3059 2108 3311 2162 Μάλιστα
3339 2110 3437 2177 μὲν
3461 2105 3552 2162 οὖν
3574 2111 3670 2163 καὶ
3695 2111 3787 2163 ἐν-

2125 2195 2312 2249 τεῦθεν
2330 2196 2600 2250 δείκνυται
2627 2197 2694 2250 τά
2723 2197 3060 2268 ἀνθρώπινα.
3083 2197 3144 2249 Εἰ
3174 2194 3285 2266 γὰρ
3305 2196 3397 2250 ἐπὶ
3422 2197 3516 2249 τοῦ
3543 2198 3789 2268 Χριστοῦ

2125 2283 2284 2337 τοῦτο
2327 2284 2435 2338 ἔδει
2488 2284 2741 2352 γενέσθαι
2771 2323 2786 2348 ,
2841 2284 3016 2354 πολλῷ
3067 2282 3264 2352 μᾶλλον
3297 2282 3548 2337 ἐνταῦθα.
3576 2284 3793 2348 Ἄλλως

2127 2372 2184 2424 δέ
2217 2373 2244 2424 6
2281 2371 2629 2442 παροξυσμὸς
2660 2372 2758 2424 οὐκ
2787 2371 2850 2425 ἂν
2877 2371 2966 2440 εἴη
3005 2370 3234 2438 φαῦλος,
3275 2371 3401 2423 ὅταν
3432 2371 3573 2440 ὑπὲρ
3604 2371 3790 2424 τοιού-

2127 2477 2233 2512 των
2279 2460 2506 2524 ἐκαστος
2547 2459 2907 2530 ἀμφισϐητῇ,
2944 2459 3038 2511 καὶ
3078 2458 3217 2528 μετά
3263 2457 3471 2510 δικαίου
3501 2458 3682 2526 λόγου.
3721 2459 3791 2513 Εἰ

2133 2547 2229 2616 μέν
2257 2543 2350 2599 οῦν
2382 2563 2466 2611 τις
2491 2546 2668 2599 αὐτῶν
2697 2547 2756 2598 τὸ
2806 2544 2999 2599 ἐαυτοῦ
3043 2544 3221 2615 ζητῶν
3266 2544 3613 2614 παρωξύνετο
3636 2585 3650 2607 ,
3691 2547 3793 2600 καὶ

2129 2633 2226 2704 τὴν
2254 2634 2334 2696 εἰς
2365 2633 2528 2688 αὑτὸν
2553 2633 2718 2703 τιμὴν
2736 2675 2752 2696 ,
2794 2632 2974 2696 καλῶς
2998 2649 3010 2661 ⁸
3044 2633 3094 2684 εἰ
3127 2632 3184 2685 δέ
3209 2631 3496 2685 παιδεῦσαι
3524 2634 3614 2686 καὶ
3637 2633 3792 2686 διδά-

2133 2717 2217 2782 ξαι
2259 2711 2517 2789 ἑκάτερος
2547 2717 2886 2788 βουλόμενος,
2935 2721 2964 2772 6
3012 2720 3108 2788 μὲν
3151 2717 3377 2788 ταύτην,
3416 2719 3443 2770 6
3486 2719 3541 2770 δὲ
3563 2719 3789 2789 ἐκείνην

2129 2804 2344 2867 ῶδευον,
2392 2803 2550 2857 τοῦτο
2601 2807 2749 2857 ποῖον
2793 2804 3080 2872 ἐγκλημας
3124 2803 3301 2857 Πολλά
3345 2804 3434 2856 καὶ
3468 2803 3788 2876 ἀνθρωπίνῃ

2129 2889 2336 2961 διανοίᾳ
2381 2891 2594 2946 ἐποίουν
2623 2905 2638 2920 ⁸
2671 2891 2731 2942 οὐ
2778 2891 2885 2960 γὰρ
2929 2887 3067 2962 ἦσαν
3117 2890 3313 2960 λίθοιῆ
3348 2891 3498 2954 ξύλα.
3534 2891 3646 2942 Kal
3682 2891 3792 2961 δρα

2130 2977 2342 3030 Παῦλον
2365 2976 2790 3047 κατηγοροῦντα,
2824 2977 2918 3029 καὶ
2945 2978 3042 3046 τὴν
3071 2977 3246 3030 αἰτίαν
3279 2977 3526 3050 λέγοντα.
3578 2978 3794 3048 ᾘδεῖτο

2128 3064 2237 3132 γάρ
2269 3063 2356 3115 τὸν
2381 3062 2664 3133 Βαρνάϐαν
2695 3063 2802 3115 ἀπὸ
2853 3063 3355 3133 ταπεινοφροσύνης
3399 3064 3602 3132 πολλῆς
3629 3105 3645 3127 ,
3691 3065 3791 3117 ἅτε

2130 3151 2559 3221 κεκοινωνηκότα
2591 3153 2650 3203 ἐν
2677 3149 2948 3213 τοσούτοις
2989 3151 3136 3218 αὐτῷ
3158 3152 3250 3204 καί
3280 3151 3396 3221 μετ’
3419 3150 3584 3204 αὑτοῦ
3616 3151 3748 3203 δντα
3770 3166 3787 3182 ·

2132 3238 2244 3291 ἀλλ’
2279 3239 2378 3307 οὐχ
2394 3237 2565 3300 οὕτως
2591 3237 2766 3307 ᾐδεῖτο
2792 3279 2806 3301 ,
2849 3237 2988 3290 ὥστε
3033 3238 3128 3290 καὶ
3165 3238 3412 3308 παριδεῖν
3436 3238 3494 3290 τὸ
3519 3238 3654 3290 δέον.
3691 3237 3792 3301 Τίς

2137 3326 2234 3396 μὲν
2260 3321 2352 3378 οῦν
2403 3323 2625 3394 ἄμεινον
2653 3324 3033 3385 ἐϐουλεύσατο,
3058 3325 3155 3394 οὐχ
3181 3325 3335 3395 ήμῶν
3362 3324 3736 3395 ἀποφήνασθαι
3771 3340 3786 3354 ·

2131 3414 2268 3476 τέως
2295 3413 2370 3478 δὲ,
2399 3414 2480 3466 ὃτι
2518 3413 2728 3485 μεγάλη
2757 3415 2977 3482 γέγονεν
3009 3413 3306 3482 οἰκονομία,
3340 3413 3394 3464 εί
3421 3429 3483 3478 γε
3519 3407 3662 3465 οῦτοι
3690 3409 3794 3480 μὲν

2135 3500 2357 3572 ἔμελλον
2379 3499 2628 3571 δεύτερον
2656 3499 2997 3568 ἐπισκέψεως
3030 3497 3341 3564 ἀξιοῦσθαι,
3371 3499 3567 3550 ἐκεῖνοι
3590 3497 3648 3550 δὲ
3671 3497 3794 3551 οὒδέ

2134 3587 2302 3654 ἆπαξ.
2353 3589 2464 3657 Οὐχ
2493 3587 2679 3651 ἁπλῶς
2712 3585 2976 3656 διέτριϐον
3005 3587 3064 3638 ἐν
3107 3584 3404 3656 Ἀντιοχείᾳ
3423 3623 3438 3646 ,
3468 3583 3583 3636 ἀλλ’
3625 3583 3795 3636 ἐδίδα-

2136 3695 2283 3732 σκον.
2318 3680 2381 3731 Τί
2416 3678 2725 3742 ἐδίδασκον;
2757 3677 2890 3730 τίδὲ
2917 3676 3360 3745 εὐηγγελίζοντο;
3410 3675 3548 3738 Τούς
3583 3691 3644 3727 τε
3691 3675 3792 3745 ήδη

2136 3767 2376 3828 πιστοὺς,
2417 3765 2542 3829 τούς
2566 3783 2626 3818 τε
2655 3765 2884 3818 οὐδέπω.
2929 3761 3147 3833 Ἐπειδὴ
3178 3763 3284 3832 γὰρ
3325 3761 3492 3832 μυρία
3523 3760 3800 3814 σκάνδαλα.

2135 3849 2222 3924 ἦν,
2245 3853 2346 3906 ἔδει
2375 3854 2474 3924 τῆς
2501 3853 2681 3905 αὐτῶν
2708 3851 3032 3920 παρουσίας.
3070 3851 3143 3903 T6
3189 3849 3516 3919 ζητούμενον
3539 3888 3554 3908 ,
3577 3849 3678 3918 οὐχ
3713 3849 3796 3901 ὅτι

2137 3940 2489 4010 διηνέχθησαν
2505 3938 2651 4011 [ξϐἓ]
2667 3942 2721 3992 ἐν
2737 3940 2854 4000 ταῖς
2874 3935 3138 4006 γνώμαις,
3156 3936 3266 3988 ἀλλ’
3283 3939 3364 3990 ὅτι
3379 3935 3798 4005 συγκατέϐησαν

2137 4027 2384 4098 ἀλλήλοις
2415 4027 2561 4080 ἰδεῖν.
2603 4026 2758 4078 υῦτω
2801 4022 2982 4094 μεῖζον
3021 4024 3221 4090 ἀγαθὸν
3253 4023 3443 4091 γέγονε
3472 4025 3533 4075 τὸ
3566 4023 3591 4062 ιι
3631 4039 3800 4092 χωρι-

2139 4113 2330 4184 σθῆναι
2351 4155 2365 4180 ,
2405 4115 2499 4167 καὶ
2532 4113 2805 4184 πρόφασιν
2849 4113 2912 4163 ἐκ
2938 4111 3126 4162 τούτου
3161 4111 3219 4163 τδ
3247 4113 3477 4181 πρᾶγμα
3505 4110 3686 4162 ἔλαϐε.
3730 4109 3798 4160 Τί

2137 4196 2260 4262 οῦν;
2297 4199 2482 4271 ἐχθροὶ
2529 4199 2914 4268 ἀνεχώρησαν;
2946 4197 3036 4268 Μὴ
3060 4197 3285 4264 γένοιτο.
3325 4195 3489 4266 Ὁρᾷς
3514 4195 3624 4264 γὰρ
3656 4193 3796 4263 μετά

2137 4287 2292 4342 τοῦτο
2339 4287 2622 4358 Βαρνάϐαν
2683 4284 2889 4338 πολλῶν
2935 4284 3221 4353 ἐγκωμίων
3273 4281 3609 4336 ἀπολαύοντα
3646 4279 3799 4350 παρά

2140 4375 2351 4428 Παύλου
2376 4377 2431 4428 ἐν
2456 4377 2574 4436 ταῖς
2617 4371 2970 4432 Ἐπιστολαῖς.
3001 4369 3415 4438 Παροξυσμός,
3451 4371 3640 4440 φησὶν,
3671 4367 3799 4438 ἐγέ-

2138 4479 2274 4516 νετο
2301 4504 2314 4524 ,
2360 4462 2458 4515 οὑκ
2508 4459 2674 4530 ἔχθρα
2725 4459 2845 4511 οὐδὲ
2877 4457 3201 4526 φιλονεικία.
3237 4455 3499 4508 Τοσοῦτον
3525 4455 3740 4523 ἴσχυσεν
3768 4454 3799 4506 6

2140 4547 2519 4619 παροξυσμὸς,
2565 4545 2704 4597 ῶστε
2751 4545 3011 4614 χωρίσαι⁶
3043 4543 3133 4595 καὶ
3184 4541 3432 4604 εἰκότως.
3466 4539 3642 4612 Ὅπερ
3689 4539 3802 4610 γὰρ

2139 4635 2366 4696 ἕκαστος
2393 4630 2656 4684 ὑπέλαϐεν
2683 4627 2824 4683 εἶναι
2846 4628 3138 4692 λυσιτελὲς,
3171 4627 3324 4680 τοῦτο
3361 4626 3499 4696 μετά
3527 4625 3704 4679 ταῦτα
3734 4627 3801 4678 οὐ

2140 4721 2454 4790 προσήκατο
2475 4717 2564 4770 διά
2589 4717 2686 4786 τὴν
2715 4715 2848 4785 πρὸς
2891 4717 3097 4768 ἐκεῖνον
3125 4713 3430 4769 κοινωνίαν.

2124 4821 2133 4845 ι
2213 4809 2276 4876 β’.
2309 4806 2461 4876 Ἐμοὶ
2477 4805 2624 4857 δοκεῖ
2648 4803 2741 4856 καὶ
2771 4802 2910 4856 κατά
2937 4801 3152 4854 σύνεσιν
3172 4800 3496 4870 γεγενῆσθαι
3515 4800 3607 4852 τὸν
3629 4816 3802 4871 χωριο

2143 4895 2296 4964 σμδν,
2322 4893 2418 4945 καὶ
2445 4891 2580 4962 πρὸς
2609 4889 2867 4960 ἀλλήλους
2883 4892 3072 4951 εἰπεῖν,
3096 4890 3178 4942 ὅτι
3209 4886 3423 4957 Ἐπειδὴ
3458 4885 3568 4956 ἐγὼ
3590 4888 3652 4940 οὐ
3685 4886 3802 4956 βού-

2147 4994 2303 5053 λομαι
2367 4983 2430 5034 σὺ
2469 4980 2525 5033 δέ
2561 4979 2757 5048 βούλει,
2800 4978 2886 5030 ἵνα
2928 4977 3001 5047 μὴ
3045 4974 3362 5046 μαχώμεθα,
3395 4973 3804 5042 διανειμώμεθα

2142 5072 2268 5134 τοὺς
2283 5068 2667 5131 τόπους.”Ωστε
2685 5065 2828 5118 πάνυ
2855 5067 3088 5125 εἴκοντες
3119 5062 3366 5132 ἀλλήλοις
3382 5059 3540 5113 τοῦτο
3559 5061 3798 5114 ἐποίουν.

2156 5157 2435 5212 Ἐϐούλετο
2464 5155 2573 5224 γὰρ
2607 5155 2797 5222 στῆναι
2829 5152 2890 5204 τὸ
2921 5150 3132 5204 Παύλου
3173 5148 3455 5220 Βαρνάϐας
3481 5164 3494 5179 ο
3517 5147 3604 5200 διά
3642 5146 3804 5201 τοῦτο

2143 5245 2235 5299 xal
2260 5242 2602 5313 ἀνεχώρησεν
2630 5255 2644 5270 ⁸
2687 5237 2935 5292 ἐϐούλετο
2963 5238 3058 5291 καὶ
3086 5236 3292 5298 Παῦλος
3326 5235 3526 5305 ὁμοίως
3560 5234 3620 5286 τὸ
3658 5236 3803 5288 ὲκεί-

2144 5350 2233 5388 νου
2251 5349 2263 5363 ο
2289 5332 2374 5384 διά
2397 5329 2554 5383 τοῦτο
2576 5329 2669 5382 καὶ
2693 5327 2852 5389 αὐτὸς
2875 5327 2935 5378 τὸ
2956 5327 3068 5378 ἴσον
3092 5327 3232 5376 ποιεῖ
3250 5323 3343 5377 καὶ
3359 5323 3649 5392 ἀναχωρεῖ.
3674 5323 3803 5374 Εῐθε

2145 5422 2239 5474 καὶ
2270 5422 2432 5490 ἡμεῖς
2461 5417 2732 5479 τοιούτους
2757 5413 3129 5485 ἐχωριζόμεθα
3159 5413 3474 5484 χωρισμοὺς
3493 5452 3508 5475 ,
3540 5411 3680 5464 ὥστε
3711 5412 3804 5465 ἐπὶ

2145 5509 2406 5580 κήρυγμα
2433 5504 2686 5558 ἀπιέναιί
2733 5501 2974 5567 Παῦλος
3017 5500 3105 5564 δὲ,
3140 5501 3304 5570 φησὶν
3329 5540 3343 5562 ,
3371 5497 3805 5568 ἐπιλεξάμενος

2145 5595 2252 5648 τὸν
2283 5594 2470 5647 Σίλαν
2491 5633 2506 5652 ,
2535 5589 2755 5658 ἐξῆλθε
2785 5587 3138 5656 παραδοθεὶς
3169 5587 3245 5654 τῇ
3277 5586 3469 5654 χάριτι
3501 5585 3610 5639 τοῦ
3655 5585 3805 5639 Θεοῦ

2145 5683 2262 5736 ὑπὸ
2309 5680 2425 5733 τῶν
2471 5676 2765 5746 ἀδελφῶν.
2810 5675 3133 5745 Θαυμαστὸς
3189 5675 3335 5727 ἐστιν
3371 5668 3524 5736 οὗτος
3559 5673 3590 5724 6
3639 5673 3806 5744 ἀνὴρ,

2202 5825 2380 5935 ξᾱῢιιιιε
2401 5820 2658 5885 κρύψαντα,
2703 5819 2823 5873 ὅλως
2849 5817 2898 5865 δὲ
2931 5817 2969 5865 ιί
3008 5816 3106 5865 καί.
3173 5815 3200 5854 b
3231 5815 3426 5875 Ἀγαθὸν
3466 5813 3583 5863 εἰναι
3623 5813 3700 5875 τό,
3730 5812 3804 5862 sic

2202 5903 2222 5935 ηι
2261 5899 2352 5934 ann.

2139 5899 2352 5950 qundam.
