3950 6208
182 302 271 368 με
1080 291 1144 347 ΙΝ
1184 292 1364 348 ACTA
1403 286 1926 347 APOSTOLORUM.
1971 292 2197 347 llOMlL.
2233 294 2475 349 XXXIV.

192 426 232 473 et
253 415 360 469 facit
383 412 670 483 justitiam,
700 417 952 479 acceptus
980 407 1055 462 illi
1079 416 1181 462 est.
1210 406 1327 463 Non
1360 414 1537 477 potest
1567 406 1633 470 is,
1652 405 1742 474 qui

193 513 357 578 absque
396 504 742 576 pnvjudicata
788 502 1039 572 opinione
1076 500 1244 567 audit,
1276 514 1383 553 non
1416 498 1744 568 persuaderi.

196 601 243 657 Ct
274 601 409 654 enim
437 600 484 652 si
528 597 710 668 regula
749 594 995 665 quaedam
1034 602 1214 659 esset,
1255 591 1321 647 ad
1359 607 1519 662 quam
1561 606 1756 646 omnes

195 694 307 761 dirigi
329 698 628 759 oporteret,
654 703 758 741 non
784 686 948 740 multa
970 685 1401 739 consideratione
1426 698 1561 753 opus
1584 691 1746 745 esset,

196 782 262 836 sed
286 783 415 836 male
455 781 769 834 metientem
800 777 955 830 facile
982 775 1510 842 deprehenderemus
1546 794 1559 826 :
1596 774 1665 826 ita
1696 781 1751 828 et

197 889 321 928 nunc.
349 872 637 938 Quomodo
663 885 793 940 ergo
823 884 928 923 non
962 867 1182 921 vident?
1209 867 1369 921 Multa
1404 867 1453 920 id
1481 865 1711 921 elﬁciuut
1729 905 1745 930 ,

200 964 497 1033 pra‘jttdicatu
524 962 729 1032 opinio,
761 962 1115 1027 humanmquo
1135 972 1333 1011 causaz.
1357 956 1470 1011 Hoc
1498 957 1657 1011 etiam
1680 956 1749 1011 de

200 1058 333 1119 nobis,
366 1057 601 1123 inquies,
633 1055 705 1107 illi
737 1053 943 1107 dicunt.
970 1050 1287 1118 Quomodo?
1313 1065 1436 1104 num
1465 1050 1532 1104 ab
1562 1050 1750 1104 Eccle-

200 1149 251 1201 sia
268 1164 355 1201 nos
374 1146 713 1201 excidimus?
742 1163 867 1199 num
894 1143 1279 1200 limt'esiarchas
1304 1143 1595 1197 habemus?
1622 1158 1747 1196 Imm

198 1238 247 1291 ab
267 1238 559 1291 hominibus
595 1251 791 1289 nomen
820 1234 1154 1304 accipimus?
1197 1249 1322 1286 num
1350 1231 1459 1286 dux
1485 1232 1747 1301 quispiam

198 1330 316 1382 nobis
355 1337 470 1391 est,
521 1338 579 1381 ut
630 1328 735 1380 illis
778 1326 1035 1390 Marcion,
1088 1326 1194 1379 illis
1238 1323 1596 1387 Manio-hibus,
1645 1324 1750 1377 illis

200 1426 323 1476 Arius
343 1462 361 1487 ,
402 1421 506 1475 illis
538 1421 676 1474 alius
708 1420 928 1473 harresis
957 1417 1237 1487 princeps?
1264 1414 1416 1483 Quod
1447 1416 1490 1468 si
1525 1429 1622 1467 nos
1651 1429 1748 1466 cu-

196 1514 387 1581 juspiam
416 1526 617 1565 nomen
654 1510 921 1574 feramus;
954 1518 1009 1563 at
1037 1524 1141 1562 non
1173 1507 1433 1561 habemus
1463 1514 1625 1560 secta:
1651 1520 1748 1558 au~

198 1612 362 1667 dares,
392 1603 482 1657 sed
515 1600 801 1671 praefectos
828 1610 882 1655 et
908 1600 1291 1670 gubernatores
1318 1597 1597 1652 Ecclesiae.
1631 1597 1746 1651 Non

200 1693 420 1748 habemus
444 1693 733 1762 magistros
763 1707 926 1761 super
951 1701 1147 1745 terram
1175 1690 1365 1755 :absit,
1397 1704 1559 1743 unum
1589 1688 1753 1743 habe-

204 1802 302 1840 mus
338 1788 386 1840 in
420 1787 581 1841 caelis.
626 1786 709 1840 illi
738 1800 981 1855 quoque,
1015 1784 1252 1855 inquies,
1283 1782 1400 1837 haec
1432 1783 1746 1837 obtendunt.

3331 299 3434 355 256

1858 403 2050 463 Verum
2081 409 2279 465 habent
2306 427 2525 475 nomen,
2548 414 2689 483 quod
2717 413 2837 468 illos
2858 422 3092 475 accusat,
3118 411 3439 486 illorumque

1853 515 1944 552 ora
1974 500 2222 555 obstruit.
2258 502 2405 556 Multi
2435 501 2582 556 fuere
2607 505 2852 572 gentiles,
2882 512 2937 558 el.
2976 504 3153 559 nullus
3195 504 3310 561 hmc
3348 508 3435 562 ill-

1854 593 2144 661 terrogavit
2172 610 2187 646 :
2221 602 2273 647 et
2294 593 2433 662 apud
2467 593 2815 662 philosophos
2841 594 2955 649 huic
2980 604 3152 660 erant,
3177 606 3232 651 et
3261 598 3441 653 nullus

1855 696 2068 745 eorum,
2098 684 2187 752 qui
2217 693 2416 738 rectam
2448 694 2646 738 sectam
2681 684 2972 749 haberent,
3001 685 3303 754 prohibitus
3333 696 3437 741 est.

1853 771 1962 825 Cur
1990 789 2094 827 non
2121 774 2392 841 dixerunt,
2425 775 2641 844 quando
2670 775 2785 829 hznc
2814 776 3122 842 movebant,
3147 777 3287 846 quod
3309 788 3362 832 et
3384 778 3440 832 hi

1855 874 1909 919 et
1957 865 2032 919 illi
2074 866 2245 921 Judaei
2296 878 2497 932 essent,
2542 877 2597 923 et
2636 866 2736 921 utri
2778 868 3153 936 obtemperare
3180 872 3436 939 oportet?

1854 954 1960 1009 Sed
2000 967 2057 1010 ut
2101 957 2381 1024 Oportebat
2410 958 2867 1028 obteniperarunt.
2917 958 2986 1010 Et
3030 973 3129 1012 nos
3173 974 3302 1027 ergo
3343 962 3438 1015 Dei

1858 1044 2059 1115 legibus
2089 1046 2522 1116 obtemperemus
2547 1088 2563 1109 ,
2599 1058 2650 1102 et
2682 1048 2859 1102 omnia
2891 1056 2947 1101 ut
2976 1048 3073 1117 ipsi
3104 1048 3292 1117 placita
3322 1059 3447 1103 sunt

1851 1139 2150 1206 faciamus,
2200 1156 2263 1195 ac
2309 1141 2599 1195 secundum
2642 1140 2759 1208 ejus
2805 1139 3131 1194 voluntatem
3174 1139 3440 1205 vivamus,

1852 1232 1978 1286 dum
2008 1233 2059 1287 in
2090 1233 2340 1300 prmsenti
2366 1236 2469 1286 vita
2499 1233 2760 1302 degimus,
2791 1242 2849 1286 ut
2879 1233 2930 1286 iu
2962 1232 3159 1286 virtute
3185 1234 3440 1301 praesenti

1855 1334 2120 1380 transacta
2151 1327 2255 1380 vita
2278 1368 2291 1391 ,
2327 1326 2584 1395 promissa
2618 1325 2963 1393 diligentibus
2988 1342 3047 1381 se
3079 1327 3214 1381 bona
3241 1341 3437 1382 conse-

1853 1433 2080 1487 quamur
2100 1460 2113 1481 ,
2146 1428 2200 1472 et
2228 1434 2349 1472 cum
2383 1418 2447 1471 iis
2474 1418 2563 1487 qui
2596 1418 2693 1487 ipsi
2728 1418 3044 1486 placuerunt
3074 1418 3438 1483 honoremur,

1852 1510 2018 1579 gratia
2046 1518 2101 1563 et
2126 1508 2454 1577 benignitate
2480 1508 2737 1577 unigeniti
2765 1508 2881 1561 Filii
2904 1507 3019 1576 ejus
3040 1516 3095 1561 et
3116 1507 3441 1562 sanctissimi

1855 1600 2157 1670 vivilieique
2190 1600 2424 1668 Spiritus
2444 1641 2459 1665 ,
2490 1601 2646 1655 unius
2675 1609 2731 1655 et
2756 1614 2897 1653 verae
2927 1598 3147 1655 Deitatis
3170 1641 3186 1668 ,
3219 1614 3362 1655 nunc
3389 1608 3447 1657 et

1853 1710 2091 1764 semper,
2119 1704 2173 1750 et
2198 1695 2250 1749 in
2273 1694 2466 1750 saecula
2492 1694 2831 1749 saeculorum.
2861 1678 3059 1749 Ameni

1482 1987 1832 2049 HOMILIA
1876 1989 2176 2051 XXXIV.

193 2137 297 2192 CAP.
328 2139 390 2193 l5
440 2155 490 2191 v.
520 2139 612 2193 35.
646 2138 845 2193 Paulus
863 2148 1030 2192 autem
1064 2148 1110 2193 et
1146 2136 1408 2194 Barnabas
1428 2136 1752 2191 morabantur

249 2230 536 2295 Antiochiet,
565 2232 798 2283 docentes
819 2238 868 2283 et
893 2230 1293 2301 euangelizante:
1314 2245 1428 2283 cum
1447 2228 1565 2282 aliis
1589 2228 1751 2297 pluri-

249 2325 329 2375 bus
369 2324 569 2376 uerbum
623 2322 853 2377 Domini.
899 2323 987 2378 36.
1035 2322 1162 2376 Post
1207 2323 1402 2393 aliquot
1445 2331 1611 2374 autem
1646 2321 1754 2374 dies

247 2416 365 2468 elisit
406 2417 473 2471 ad
513 2413 805 2468 Barnabam
849 2413 1046 2469 Paulus
1072 2430 1093 2468 :
1116 2413 1456 2477 Revertentes,
1500 2413 1754 2467 visitemus

247 2506 417 2569 fratres
438 2523 529 2574 per
550 2506 806 2559 universas
826 2506 1067 2571 civitates,
1092 2505 1144 2558 in
1171 2504 1348 2574 quibus
1369 2503 1754 2574 prtedicaoimus

250 2596 438 2649 verbum
462 2596 690 2661 Domini,
717 2597 969 2667 quomodo
995 2613 1049 2650 se
1069 2596 1304 2650 habeant.

253 2686 298 2737 l.
329 2686 401 2739 De
430 2686 583 2739 Pauli
617 2703 732 2741 cum
765 2686 1001 2741 Barnaba
1034 2687 1365 2741 dissensione.
1392 2716 1463 2727 —
1494 2685 1629 2740 Vide
1657 2685 1756 2740 ite-

194 2790 293 2829 rum
320 2787 508 2847 quanta
544 2778 842 2832 humilitate
873 2792 1175 2832 sermonem
1204 2793 1326 2832 cum
1356 2777 1477 2831 aliis
1514 2792 1755 2831 commu-

193 2869 368 2924 nicent.
413 2870 477 2924 Et
501 2870 614 2940 jam
642 2871 855 2940 quidem
884 2872 1207 2941 reliquorum
1234 2870 1598 2939 apostolorum
1621 2887 1753 2925 con-

192 2961 499 3014 suetudinem
542 2961 826 3029 deseripsit
866 2961 1019 3014 nobis
1062 2960 1234 3015 Lucas
1257 3001 1271 3019 .
1304 2960 1596 3015 ostendens
1621 2961 1755 3015 alios

193 3050 444 3104 sviorcs
469 3050 1001 3120 indulgentioresque
1027 3066 1147 3105 esse
1164 3091 1183 3117 ,
1215 3050 1350 3104 alios
1380 3050 1677 3105 exactiores
1702 3059 1757 3104 et

192 3141 490 3196 austeriores
526 3160 539 3194 :
574 3142 787 3196 diversa
811 3157 1038 3211 namque
1061 3151 1186 3197 sunt
1207 3141 1345 3197 dona
1372 3158 1385 3195 :
1410 3142 1551 3212 quod
1577 3151 1755 3197 autem

193 3229 282 3284 hoc
311 3248 515 3304 quoque
543 3234 611 3287 sit
641 3234 840 3288 donum
871 3233 1056 3303 liquet.
1088 3234 1195 3289 Sed
1226 3234 1354 3289 illud
1390 3234 1606 3303 quidem
1636 3234 1758 3289 aliis

192 3320 444 3379 hominum
488 3325 732 3401 moribus
759 3325 1034 3395 competit,
1066 3324 1167 3380 hoc
1209 3335 1387 3380 autem
1421 3326 1576 3391 aliis;
1622 3335 1676 3380 et
1712 3326 1758 3379 si

194 3425 651 3479 commutarentur,
682 3416 885 3470 inutilia
910 3416 1101 3471 iurent.
1127 3416 1349 3472 Videtur
1372 3416 1587 3487 quidem
1613 3432 1761 3486 qua:-

197 3504 302 3558 ἀίω
330 3522 439 3562 esse
467 3507 772 3573 dissensio;
807 3516 973 3562 totum
1002 3523 1133 3564 vero
1162 3511 1460 3564 oeconomia
1492 3517 1593 3563 est.
1626 3507 1760 3563 Illud

195 3596 323 3650 enim
342 3598 411 3663 ﬁt,
432 3607 488 3652 ut
512 3600 874 3668 unusquisque
896 3599 1070 3654 locum
1088 3600 1177 3669 qui
1195 3599 1293 3654 sibi
1311 3599 1759 3655 conveniatoccu-

197 3696 291 3751 pet.
321 3690 559 3759 Alioquin
582 3705 712 3745 vero
728 3705 832 3745 non
856 3692 1152 3760 oportebat,
1170 3699 1427 3746 utomnes
1446 3692 1558 3761 pari
1580 3701 1763 3747 essent

197 3773 382 3835 honore
400 3822 415 3847 ,
449 3782 546 3836 sed
577 3791 631 3836 ut
660 3782 796 3835 alius
825 3790 1109 3850 praeesset,
1137 3781 1274 3837 alius
1308 3782 1551 3837 subditus
1578 3791 1757 3837 esset:

195 3878 245 3920 et
281 3872 372 3926 hoc
406 3876 566 3927 etiam
613 3873 961 3942 providentia:
1000 3888 1135 3942 opus
1171 3883 1275 3929 est.
1321 3874 1503 3945 Cyprii
1535 3890 1763 3945 namque

197 3959 315 4013 nihil
347 3962 442 4017 tale
468 3963 825 4019 exhibuerant
845 4005 861 4031 ,
899 3963 1057 4034 quale
1093 3964 1413 4019 Antiocheni
1442 3974 1497 4020 et
1525 3967 1711 4036 reliqui
1746 3985 1760 4021 :

198 4060 244 4100 et
272 4050 341 4103 illi
366 4053 606 4120 mitiore,
640 4054 694 4108 hi
723 4056 993 4111 severiore
1022 4056 1278 4126 magistro
1305 4071 1440 4125 opus
1472 4055 1759 4111 habebant.

200 4138 279 4195 37.
296 4141 548 4198 Barnabas
571 4155 739 4199 autem
761 4146 950 4200 volebat
964 4163 1130 4201 secum
1145 4163 1401 4201 assumere
1418 4157 1464 4201 et
1486 4146 1760 4215 Joannem,

201 4231 275 4293 qli
298 4237 676 4302 cognominatur
705 4236 911 4290 Marcus
939 4252 958 4289 :
986 4238 1077 4292 58.
1109 4236 1307 4291 Paulus
1335 4247 1500 4291 autem
1531 4238 1760 4308 rogabat,

202 4332 248 4369 It
263 4324 346 4389 qui
365 4326 666 4382 discessisset
686 4328 747 4380 ab
770 4329 837 4381 eis
859 4329 922 4382 de
950 4328 1283 4400 Pamphylia,
1313 4339 1357 4383 et
1381 4348 1481 4385 non
1503 4343 1629 4385 esset
1649 4348 1764 4385 cum

202 4418 264 4465 eis
290 4417 340 4469 in
366 4435 505 4485 opus,
528 4436 630 4473 non
661 4420 838 4474 debere
867 4421 1043 4489 recipi.
1069 4421 1159 4476 59.
1188 4420 1353 4475 Facta
1382 4433 1452 4476 est
1481 4423 1639 4493 igitur
1660 4422 1764 4476 dis—

202 4509 350 4561 sensio
370 4552 385 4575 ,
412 4512 481 4563 ita
503 4521 558 4563 ut
588 4512 895 4565 discederent
918 4512 979 4565 ab
1011 4513 1219 4565 invicem
1240 4554 1257 4580 ,
1286 4523 1332 4568 et
1361 4513 1624 4567 Barnabas
1647 4515 1763 4584 qui-

203 4596 303 4650 dem
330 4615 581 4672 essurupto
609 4604 786 4656 Marco
815 4605 1069 4673 navigaret
1098 4606 1149 4657 in
1171 4604 1392 4674 Cyprum
1416 4622 1434 4659 :
1453 4607 1540 4661 40.
1567 4604 1765 4659 Paulus

202 4702 307 4741 vero
339 4694 482 4746 (lecto
528 4694 645 4749 Sila
692 4694 947 4762 profectus
996 4705 1098 4759 est,
1143 4696 1360 4749 traditus
1400 4700 1580 4767 gratia:
1606 4696 1704 4751 Dei
1733 4715 1765 4751 a

202 4784 439 4845 Irotribus.
469 4786 558 4841 Sic
583 4795 635 4840 ct
664 4786 713 4839 in
741 4786 1015 4855 prophetis
1037 4786 1277 4841 diversas
1298 4789 1593 4842 sententias
1618 4804 1765 4843 com-

206 4872 432 4937 perimus,
461 4888 513 4931 et
545 4878 721 4930 varios
749 4892 959 4931 mores:
987 4878 1129 4932 verbi
1152 4878 1317 4944 gratia
1349 4878 1495 4932 Elius
1520 4890 1766 4936 austeros

203 4972 305 5014 erat
326 5004 342 5027 ,
369 4966 574 5037 Moyses
603 4967 764 5021 mitis.
811 4967 906 5022 llic
937 4968 1096 5037 igitur
1121 4966 1488 5024 vehementior
1512 4981 1594 5025 est
1622 4970 1763 5025 Pau-

207 5050 294 5105 lus.
332 5056 427 5110 Sed
467 5058 547 5113 sic
584 5067 761 5113 tamen
785 5059 905 5113 vide
935 5060 1396 5115 mansuetudinem
1416 5061 1552 5130 ejus.
1585 5061 1765 5133 Roga-

208 5144 294 5205 διε.
324 5148 500 5219 inquit,
525 5162 579 5204 ut
603 5152 690 5221 qui
713 5152 1019 5205 discessisset
1039 5153 1101 5205 ab
1121 5153 1193 5207 eis
1211 5153 1274 5206 de
1302 5150 1638 5224 Pamphylia,
1663 5172 1764 5210 non

206 5238 361 5293 ωσι
384 5245 556 5311 recipi.
606 5243 674 5299 Ut
709 5245 853 5299 enim
892 5245 998 5299 dux
1038 5247 1307 5301 exercitus
1334 5247 1499 5302 nollet
1530 5248 1763 5318 bajulum

205 5342 393 5398 scalper
419 5336 615 5391 habere
640 5335 919 5390 sordidum
944 5376 962 5403 ,
999 5337 1078 5392 sic
1108 5353 1280 5407 neque
1310 5339 1604 5408 apostolus.
1652 5340 1764 5397 Hoc

206 5422 351 5477 etiam
377 5428 505 5481 alios
533 5427 750 5493 docuit,
782 5438 837 5482 et
867 5428 1013 5482 illum
1055 5428 1378 5485 emendavit.
1413 5430 1626 5499 Ergone
1656 5431 1759 5485 im-

208 5516 381 5571 tlrobus
424 5518 735 5573 Barnabas?
765 5518 1013 5585 Minime;
1044 5520 1150 5575 imo
1180 5520 1334 5574 valde
1359 5520 1646 5576 absurdum
1672 5537 1761 5578 es-

204 5613 271 5653 ιςι
295 5608 343 5655 ιιι
369 5618 572 5675 putare.
605 5609 884 5678 Quomodo
911 5625 1017 5664 non
1045 5611 1332 5667 absurdum
1356 5622 1515 5677 esset,
1548 5613 1617 5667 ob
1647 5630 1760 5669 rem

204 5696 321 5753 ideo
344 5701 509 5757 icvcln
552 5702 702 5759 illum
740 5703 919 5759 dicere
960 5704 1256 5776 improbum
1281 5709 1305 5763 ?
1335 5705 1443 5763 Sed
1470 5706 1606 5775 vide,
1635 5710 1758 5779 pri-

1862 2150 2009 2188 mum
2038 2133 2163 2189 hinc
2191 2132 2323 2189 nihil
2346 2133 2471 2188 mali
2495 2134 2828 2203 provenisse,
2853 2133 2897 2187 si
2926 2148 3047 2188 cum
3076 2133 3296 2202 integris
3322 2148 3450 2202 gen-

1863 2225 2003 2279 tibus
2033 2222 2281 2279 sufﬁcere
2311 2234 2549 2294 possent,
2574 2225 2805 2295 separati
2834 2224 2973 2290 sint;
3006 2224 3114 2279 imo
3140 2225 3298 2277 etiam
3325 2224 3451 2278 hinc

1861 2332 2108 2386 magnum
2132 2316 2398 2386 prodiisse
2426 2316 2623 2370 bonum
2656 2333 2670 2370 :
2697 2313 2889 2371 deinde
2913 2356 2928 2377 ,
2960 2317 3006 2371 si
3034 2316 3138 2370 hoc
3162 2332 3268 2369 non
3300 2315 3447 2370 acci-
3500 2346 3503 2349 -

1859 2408 2028 2464 disset
2053 2451 2068 2475 ,
2097 2425 2204 2462 non
2230 2407 2386 2463 facile
2411 2408 2651 2477 separari
2679 2407 2995 2462 voluissent.
3024 2407 3103 2462 Tu
3131 2422 3260 2461 vero
3290 2407 3453 2461 mire-

1861 2501 1934 2553 ris
1963 2500 2162 2564 velim,
2193 2499 2333 2569 quod
2369 2499 2540 2555 Lucas
2570 2499 2673 2554 hoc
2709 2514 2815 2554 non
2846 2498 3116 2554 celaverit.
3150 2497 3254 2553 Sed
3285 2498 3330 2552 si
3358 2513 3448 2552 se-

1862 2594 2036 2662 parari
2076 2594 2381 2664 oportebat,
2431 2594 2659 2664 inquies,
2704 2595 2893 2649 saltent
2935 2594 3053 2649 sine
3091 2593 3449 2648 dissensione.

1862 2686 1933 2739 At
1976 2684 2100 2738 hinc
2149 2686 2389 2739 maxime
2436 2685 2667 2739 humana
2715 2685 3090 2740 ostenduntur.
3132 2683 3263 2738 Nam
3308 2683 3352 2737 si
3398 2682 3453 2737 in

1862 2775 2077 2831 Christo
2122 2778 2405 2845 oportebat
2448 2779 2582 2842 ﬁeri,
2627 2779 2793 2833 multo
2837 2778 3005 2847 magis
3051 2776 3156 2831 hic.
3204 2777 3452 2845 Alioquin

1862 2884 1993 2923 vero
2021 2869 2287 2923 dissensio
2314 2884 2419 2923 non
2452 2871 2589 2922 mala
2617 2878 2718 2934 est,
2747 2868 2960 2938 quando
2984 2869 3052 2922 de
3081 2867 3275 2921 talibus
3304 2867 3454 2935 quis-

1866 2960 2013 3030 piam
2045 2959 2340 3022 contendit,
2366 2970 2421 3013 et
2449 2974 2569 3013 cum
2597 2960 2736 3028 justa
2768 2960 2994 3014 ratione.
3017 2960 3073 3014 Si
3100 2968 3247 3014 certe
3266 2974 3452 3013 eorum

1863 3052 2126 3124 quispiam
2154 3068 2273 3123 quae
2319 3068 2414 3107 sua
2440 3061 2593 3107 erant
2623 3052 2710 3107 vel
2742 3052 3000 3106 honorem
3025 3066 3305 3121 quierens,
3354 3066 3454 3105 ex-

1863 3156 2141 3215 asperatus
2160 3154 2323 3209 esset,
2355 3147 2492 3201 bene
2522 3144 2912 3214 improbaretur
2944 3161 2957 3197 :
2989 3144 3035 3199 si
3065 3158 3192 3197 vero
3226 3152 3454 3212 uterque

1864 3235 2058 3291 docere
2088 3237 2475 3306 iustituereque
2503 3237 2722 3298 volens,
2754 3235 2889 3289 alter
2921 3234 3039 3299 hac,
3068 3233 3207 3289 alter
3231 3234 3334 3287 alia
3368 3232 3454 3287 via

1864 3327 2124 3396 processit
2167 3344 2180 3379 :
2221 3327 2364 3397 quod
2413 3329 2615 3381 crimen
2662 3326 2859 3380 fuerit?
2907 3325 3070 3380 Multa
3110 3340 3175 3380 ex
3222 3324 3454 3379 humana

1864 3425 2043 3471 mente
2084 3415 2349 3471 faciebant
2382 3434 2525 3471 :non
2556 3416 2697 3471 enim
2725 3424 2882 3470 erant
2921 3415 3125 3484 lapides
3161 3424 3254 3468 aut
3290 3414 3453 3483 ligna.

1865 3505 1936 3560 Et
1961 3507 2082 3561 vide
2108 3506 2328 3561 Paulum
2352 3516 2694 3562 accusantem
2718 3515 2772 3561 et
2796 3522 3010 3561 causam
3033 3506 3322 3561 dicentem.
3351 3505 3458 3560 Re-

1865 3596 2155 3651 vcrebatur
2176 3597 2319 3651 enim
2348 3597 2644 3651 Barnabam
2674 3612 2782 3666 pra:
2808 3596 3107 3650 humilitate
3134 3597 3299 3650 multa
3321 3638 3336 3663 ,
3365 3596 3457 3665 qui

1867 3686 1922 3741 in
1954 3687 2112 3741 tantis
2143 3687 2301 3742 rebus
2328 3687 2428 3742 sibi
2456 3703 2679 3743 consors
2699 3696 2751 3742 et
2772 3702 2954 3743 secum
2987 3687 3191 3751 fuerat;
3222 3686 3318 3742 sed
3349 3701 3455 3740 non

1868 3778 1938 3832 ita
1964 3777 2330 3843 reverebatur,
2354 3786 2414 3831 ut
2435 3777 2671 3831 ofﬁcium
2694 3779 3010 3848 negligeret.
3040 3778 3169 3835 Uter
3196 3794 3322 3847 ergo
3338 3794 3459 3833 nie-

1868 3870 1970 3926 lius
1984 3869 2331 3936 consuluerit,
2355 3884 2458 3923 non
2471 3879 2553 3923 est
2576 3879 2813 3923 nostrum
2846 3870 3211 3938 pronuntiare,
3236 3870 3453 3924 interim

1869 3980 1998 4020 vero
2042 3977 2232 4032 magna
2264 3961 2363 4015 fuit
2391 3961 2687 4016 ceconomia
2713 4001 2729 4026 ,
2762 3962 2806 4015 si
2838 3961 3051 4029 quidem
3083 3961 3133 4014 hi
3166 3961 3457 4016 secundum

1867 4054 2228 4109 visitationem
2252 4052 2589 4123 assequuturi
2617 4061 2789 4117 erant,
2822 4053 2909 4105 alii
2945 4052 3163 4106 nullam.
3197 4051 3310 4105 Non
3341 4052 3457 4107 sine

1867 4162 2024 4203 eausa
2066 4156 2244 4201 autem
2286 4145 2585 4201 Antiochiae
2629 4145 2819 4199 morati
2858 4154 3013 4211 sunt,
3050 4145 3142 4198 Sed
3170 4144 3452 4198 docebant.

1868 4240 2007 4307 Quid
2042 4241 2346 4297 docebant?
2392 4242 2517 4313 quid
2562 4238 3037 4312 evangelizabant?
3066 4240 3214 4294 Alios
3239 4238 3457 4307 quidem

1869 4332 2057 4389 ﬁdeles
2082 4375 2096 4399 ,
2144 4333 2279 4389 alios
2322 4332 2559 4388 nondum
2601 4332 2755 4389 tales.
2814 4332 2949 4399 Quia
2990 4332 3131 4386 enim
3177 4332 3452 4385 innumera

1868 4426 2118 4481 scandala
2154 4436 2342 4491 erant,
2381 4440 2516 4496 opus
2541 4435 2657 4481 erat
2689 4426 2903 4479 illorum
2939 4424 3242 4493 praesentia.
3275 4423 3330 4478 lu
3356 4422 3458 4478 hac

1868 4519 2165 4588 quaestione
2185 4518 2600 4584 observandum,
2625 4532 2731 4573 non
2762 4518 2815 4571 in
2840 4531 2947 4587 quo
2967 4516 3342 4584 dissenserint,
3361 4515 3457 4571 sed

1870 4608 1924 4663 in
1951 4624 2059 4679 quo
2087 4619 2273 4664 mutuo
2297 4610 2691 4664 consenserint.
2732 4608 2822 4663 Sic
2850 4606 3023 4677 majus
3051 4608 3250 4663 bonum
3276 4602 3341 4662 ex
3371 4623 3457 4663 se-

1869 4702 2145 4769 paratione
2175 4702 2407 4771 prodiit,
2435 4713 2592 4772 atque
2621 4702 2743 4756 inde
2773 4712 2949 4757 ortum
2978 4712 3080 4757 est.
3121 4702 3259 4768 Quid
3289 4702 3457 4771 ergo?

1869 4793 2140 4849 inimicine
2191 4794 2570 4849 recesserunt?
2628 4793 2814 4858 Absit;
2864 4793 3013 4847 vides
3068 4794 3210 4847 enim
3272 4802 3455 4861 postea

1869 4886 2166 4942 Barnabam
2205 4888 2388 4942 multis
2418 4888 2666 4943 laudibus
2697 4904 2725 4941 a
2755 4888 2921 4943 Paulo
2947 4887 3205 4943 celebrari
3237 4888 3289 4941 in
3330 4886 3457 4955 Epi-

1868 4979 2040 5032 stolis.
2065 4978 2346 5043 Dissensio,
2370 4980 2559 5050 inquit,
2580 4984 2716 5050 facta
2736 4989 2830 5045 est,
2852 4994 2957 5033 non
2982 4978 3255 5033 inimicitia
3284 4994 3455 5049 neque

1867 5074 2163 5126 contentio.
2200 5072 2428 5127 Tantum
2458 5074 2621 5127 valuit
2643 5072 2928 5137 dissensio,
2962 5082 3019 5126 ut
3043 5081 3452 5141 separarentur;

1868 5173 1925 5219 et
1945 5164 2068 5234 jure
2092 5164 2329 5235 quidem.
2352 5165 2484 5220 Nam
2507 5163 2648 5235 quod
2673 5173 2898 5234 uterque
2924 5164 3143 5233 putabat
3166 5165 3295 5221 utile
3317 5164 3453 5235 fore,

1872 5264 2059 5325 postea
2083 5272 2187 5311 non
2215 5256 2542 5323 admisisset,
2571 5270 2637 5310 eo
2661 5255 2801 5325 quod
2832 5254 2991 5309 simul
3019 5263 3220 5311 essent.

1937 5348 1993 5402 2.
2020 5348 2143 5403 Mihi
2170 5348 2380 5403 videtur
2420 5348 2561 5402 illam
2590 5348 2981 5417 separationem
3016 5347 3307 5417 prudenter
3336 5364 3457 5404 esse

1866 5437 2059 5494 factam
2084 5480 2099 5505 ,
2142 5440 2367 5508 illosque
2399 5449 2584 5493 mutuo
2612 5439 2814 5495 dixisse
2844 5457 2857 5493 :
2886 5440 3327 5510 Quandoquidem
3356 5456 3457 5508 ego

1868 5531 2011 5595 nolo,
2048 5540 2101 5584 tu
2128 5541 2306 5585 autem
2335 5532 2443 5598 vis;
2474 5541 2531 5587 ut
2563 5546 2630 5587 ne
2659 5547 2973 5603 pugnemus,
3017 5531 3131 5586 loca
3167 5531 3453 5585 distribua-

1866 5637 2004 5676 mus.
2037 5621 2216 5692 Itaque
2244 5624 2467 5678 multum
2494 5623 2595 5679 sibi
2626 5634 2812 5679 mutuo
2851 5623 3105 5679 cedentes
3142 5622 3243 5675 hoc
3286 5620 3451 5673 facie-

1864 5712 2012 5769 bant.
2040 5711 2258 5770 Volebat
2283 5714 2551 5773 Barnabas
2575 5724 2718 5771 stare
2733 5715 2875 5789 quod
2902 5714 3098 5772 Paulus
3117 5713 3459 5777 decreverat;
