4036 6212
471 314 576 367 267

466 429 590 485 ideo
608 426 828 482 recessit
853 442 867 479 :
891 422 1102 477 Volebat
1125 423 1374 477 similiter
1396 424 1586 479 Paulus
1601 426 1741 493 quod
1773 423 1847 480 illi
1865 426 2046 496 placeo

470 521 588 583 hat;
634 520 856 583 ideoque
887 524 939 569 et
969 515 1080 582 ipse
1111 516 1333 570 recedit.
1369 515 1580 570 Utinam
1608 532 1705 571 nos
1731 533 1944 587 quoque
1970 527 2055 571 ta-

468 611 546 664 les
586 608 950 675 separationes
993 605 1416 671 admitteremus,
1460 615 1518 660 ut
1550 607 1615 661 ad
1658 607 2053 677 praedicandum

465 701 756 753 abiremus.
792 695 988 749 Paulus
1017 706 1211 757 autent,
1249 696 1442 765 inqttit,
1475 698 1632 751 electo
1660 697 1774 752 Sila
1799 704 2055 768 profectus

460 800 555 854 cst,
588 792 804 843 traditus
832 790 1011 859 gratia:
1036 788 1127 841 Dei
1148 806 1179 841 α
1201 788 1463 861 fratribus.
1490 788 1835 842 Admirabilis
1856 800 1934 843 est
1966 789 2054 844 hic

466 884 548 936 vir
591 890 646 937 et
677 881 829 934 valde
874 895 1116 950 magnus.
1152 881 1445 935 Plurimum
1477 896 1609 935 vero
1636 881 1815 935 Marco
1856 881 2055 950 profuit

463 974 576 1027 luec
612 987 805 1042 pugna.
852 971 1001 1024 Pauli
1031 986 1259 1041 namque
1284 972 1539 1027 severitas
1569 974 1833 1027 convertit
1861 974 2007 1027 illum
2034 1014 2049 1036 ,

463 1063 768 1132 benignitas
793 1070 969 1115 autem
1001 1062 1258 1116 Barnahze
1290 1063 1413 1117 fecit
1452 1072 1507 1117 ut
1538 1078 1606 1118 ne
1640 1063 2048 1133 relinqueretur.

462 1156 651 1223 itaque
680 1164 917 1223 pugnant
944 1153 1179 1222 quidem,
1209 1153 1277 1208 ad
1306 1170 1467 1208 unum
1498 1170 1625 1210 vero
1656 1156 1814 1210 linem
1844 1156 2050 1210 lucrum

463 1247 742 1315 pertingit.
775 1246 993 1299 Paulum
1025 1246 1168 1300 enim
1202 1246 1391 1299 videns
1419 1247 1555 1300 velle
1580 1244 1878 1312 discedere,
1912 1247 2048 1300 mul-

468 1347 490 1392 t
510 1352 578 1390 sm
608 1335 924 1399 exterritus,
970 1336 1206 1403 seipsum
1244 1334 1517 1389 damnavit
1546 1354 1559 1389 :
1591 1336 1890 1404 iterumque
1923 1335 2051 1388 Bar-

464 1427 657 1482 nabam
688 1427 873 1480 videns
897 1428 969 1480 ita
996 1426 1093 1480 sibi
1127 1426 1546 1495 patrocinantem
1569 1468 1583 1491 ,
1614 1426 1769 1481 valde
1799 1427 1945 1480 illum
1972 1426 2051 1479 di-

462 1521 613 1587 lexit,
636 1528 691 1575 et
709 1536 773 1575 ex
799 1520 1074 1574 doctorum
1096 1534 1270 1589 pugna
1290 1520 1605 1574 emendatus
1626 1529 1707 1573 est
1729 1519 2047 1588 discipulus:

464 1621 669 1667 tantum
710 1611 879 1667 abluit
908 1629 975 1665 ne
1007 1612 1060 1667 id
1100 1613 1423 1667 oll‘endiculo
1465 1613 1563 1681 ipsi
1602 1622 1763 1667 esset.
1807 1612 1861 1667 Si
1906 1613 2049 1666 enim

468 1723 567 1776 pro
595 1724 694 1762 suo
739 1708 790 1761 id
836 1709 1087 1763 fecissent
1132 1709 1354 1774 honore,
1384 1709 1505 1777 jure
1543 1709 1782 1763 offensus
1824 1709 2048 1771 luisset;

465 1800 547 1852 sin
588 1813 685 1867 pro
726 1800 890 1868 ipsius
928 1801 1120 1865 Salute,
1150 1810 1203 1853 et
1228 1800 1272 1853 si
1308 1809 1526 1868 propter
1556 1799 1606 1853 id
1640 1815 1799 1852 unum
1825 1810 2049 1853 conten-

464 1891 621 1955 dunt,
667 1901 722 1943 ιιι
761 1891 1045 1944 ostendant
1087 1906 1209 1944 eum
1248 1892 1335 1959 qui
1382 1891 1552 1959 ipsum
1592 1890 1872 1943 honoravit
1916 1890 2051 1944 bene

465 1981 814 2043 consului.~se,
850 1982 973 2050 quid
1003 1980 1324 2035 absurdum?

540 2073 594 2125 5.
647 2072 775 2126 Vide
822 2071 969 2126 Pauli
1025 2072 1357 2141 prudentiam
1404 2089 1417 2124 :
1463 2088 1567 2125 non
1618 2072 1762 2142 prius
1806 2074 1871 2124 ad
1917 2070 2049 2124 alias

468 2165 657 2219 transit
686 2165 875 2221 urbes.
916 2178 1073 2234 quam
1104 2180 1231 2228 eas,
1274 2182 1391 2235 qua:
1431 2165 1649 2219 verlmm
1697 2173 2047 2233 acceperant,

465 2257 753 2311 visitasset.
785 2258 844 2311 41
863 2296 875 2309 .
908 2255 1299 2309 Perambulabat
1327 2267 1495 2311 autem
1522 2258 1727 2327 Syriam
1752 2266 1799 2310 et
1821 2256 2049 2310 Ciliciam

470 2349 779 2413 conﬁrmans
806 2348 1079 2402 Ecclesias.
1100 2348 1251 2419 (Cap.
1275 2349 1384 2420 16.)
1397 2351 1413 2403 l
1428 2390 1440 2402 .
1476 2350 1709 2403 Pervenit
1730 2363 1895 2404 autem
1917 2349 2047 2403 Der-

465 2438 556 2489 ben
594 2448 641 2489 et
671 2437 923 2507 Lystrant.
958 2440 1164 2492 Etenim
1194 2440 1413 2493 stultum
1449 2450 1527 2494 est
1569 2450 1769 2496 temere
1809 2457 2045 2495 currere.

466 2528 579 2581 lloc
612 2537 666 2582 et
694 2542 790 2580 nos
832 2528 1085 2583 faciamus
1119 2548 1132 2583 :
1181 2531 1380 2598 primos
1410 2532 1638 2599 primum
1684 2532 2006 2585 instruamus
2029 2572 2046 2598 ,

466 2636 533 2674 ne
577 2620 650 2673 illi
698 2620 1079 2687 impedimento
1121 2621 1226 2675 sint
1272 2622 1676 2691 posterioribus.
1728 2621 1998 2676 Visitemus
2030 2663 2045 2689 ,

466 2710 655 2779 inquit,
683 2717 865 2780 fratres
892 2714 1143 2781 quomodo
1182 2730 1235 2768 se
1275 2714 1508 2767 habeant.
1548 2714 1658 2769 lloc
1692 2716 1895 2769 scilicet
1928 2715 2050 2783 jure

465 2801 776 2870 ignorabat;
821 2811 877 2856 ut
920 2805 1141 2858 veniens
1189 2805 1377 2860 fratres
1420 2806 1692 2861 inviseret.
1743 2806 1870 2859 Vide
1902 2807 2047 2860 illmn

465 2907 679 2961 semper
711 2893 920 2962 vigilem
951 2903 1003 2947 et
1043 2895 1332 2949 sollicitum
1353 2935 1368 2960 ,
1413 2910 1511 2949 nec
1551 2896 1789 2950 desidem
1821 2896 2043 2960 sedere,

463 2983 560 3036 etsi
607 2983 882 3037 innumera
919 2985 1120 3039 subiret
1152 2986 1408 3056 pericula.
1440 2985 1600 3041 Vides
1638 3002 1743 3040 non
1776 3002 1839 3040 ex
1870 2986 2052 3039 formi-

463 3076 585 3130 dine
615 3076 950 3131 Antiochiam
978 3078 1204 3133 venisse.
1238 3078 1447 3134 Etenim
1478 3089 1533 3131 ut
1563 3080 1797 3133 tnedicus
1822 3086 2050 3148 a‘grotus

465 3166 646 3221 adibat
676 3186 688 3220 :
722 3178 775 3221 et
805 3169 1052 3222 visitandi
1087 3171 1458 3225 necessitatem
1489 3169 1796 3230 declaravit,
1825 3169 2007 3221 dicens
2032 3186 2044 3221 :

464 3257 528 3310 In
558 3259 735 3326 quibus
772 3259 1158 3326 praedicavimus
1202 3260 1401 3313 verbum
1460 3259 1697 3314 Recessit
1741 3258 2043 3320 Barnabas,

462 3359 646 3404 etnon
675 3349 810 3403 ultra
841 3352 1019 3405 Socius
1047 3351 1163 3405 fuit.
1200 3352 1390 3415 Electa,
1427 3352 1612 3422 inquit.
1645 3352 1777 3416 Sila,
1811 3363 1857 3406 et
1888 3353 2049 3405 tradi-

464 3450 544 3494 tus
572 3442 750 3510 gratia:
782 3441 893 3494 Dei.
923 3442 1057 3509 Quid
1092 3443 1190 3496 hoc
1215 3446 1339 3498 est?
1371 3444 1575 3498 [’recati
1605 3453 1746 3507 Stlttl,
1783 3444 1892 3498 Deo
1921 3460 2047 3515 sup-

464 3532 747 3600 plicaruut.
805 3532 934 3587 Vide
992 3534 1186 3603 ubique
1240 3535 1533 3587 orationem
1586 3535 1806 3588 fratrum
1858 3552 2045 3606 magna

463 3635 639 3689 luisse.
687 3625 763 3677 Ac
800 3623 1052 3693 deinceps
1092 3624 1253 3693 pedes
1298 3626 1618 3690 ambulabat,
1667 3635 1721 3679 ut
1766 3626 1816 3680 in
1860 3628 2046 3682 itinere

463 3714 763 3769 videntibus
803 3731 862 3770 se
895 3716 1202 3785 prodesset;
1236 3728 1289 3772 et
1326 3719 1446 3786 jure
1487 3719 1715 3787 quidem.
1752 3717 1883 3772 Nam
1924 3734 2042 3773 cum

463 3805 798 3873 festinarent,
830 3810 1177 3879 navigabant;
1204 3826 1345 3865 nunc
1374 3827 1496 3865 vero
1526 3826 1629 3866 noa
1660 3814 1805 3867 item.
1842 3812 1907 3865 Et
1934 3829 2047 3865 ecce

462 3898 741 3967 discipulus
785 3901 989 3968 quidam
1024 3911 1130 3953 erat
1167 3901 1275 3955 illic
1308 3904 1509 3956 nomine
1551 3900 1863 3966 Timotheus,
1909 3904 2046 3971 ﬁlius

463 3990 686 4043 mulieris
710 3991 910 4044 Judwa:
939 3993 1125 4059 ﬁdelis,
1158 4004 1301 4061 patre
1327 3993 1523 4063 gentili.
1557 3993 1612 4046 2.
1652 3993 1783 4047 Huic
1814 3994 2042 4047 testimo-

463 4082 603 4133 nium
649 4082 834 4136 bonum
879 4083 1149 4138 reddebant
1190 4089 1391 4153 fratres,
1433 4086 1519 4154 qui
1562 4084 1727 4138 lconii
1763 4097 1809 4139 et
1851 4085 2045 4155 Lystris

463 4182 628 4225 erant.
674 4176 725 4229 5.
775 4174 923 4228 ﬂunc
952 4178 1106 4229 voluit
1136 4175 1335 4230 Paulus
1361 4194 1530 4230 secum
1557 4178 1811 4244 proﬁcisci
1836 4193 1855 4230 .·
1882 4187 1928 4230 et
1956 4195 2042 4232 as-

462 4281 660 4319 sumens
673 4268 985 4319 circumcidit
996 4284 1110 4320 eum
1128 4278 1333 4337 propter
1360 4267 1589 4333 ludwos,
1605 4271 1845 4337 quierant
1862 4270 1912 4322 in
1942 4270 2045 4323 illis

463 4355 606 4409 locis.
640 4354 877 4409 Sciebant
905 4358 1033 4409 enim
1052 4373 1223 4409 omnes
1248 4359 1382 4425 quod
1401 4370 1544 4427 pater
1564 4362 1670 4428 ejtts
1693 4371 1798 4413 erat
1819 4360 2038 4430 gentilis.

536 4444 689 4497 Pauli
731 4446 1018 4514 prudentia.
1070 4446 1254 4499 Omnia
1298 4460 1507 4516 prosunt
1549 4451 1755 4502 sanctis.
1800 4479 1871 4489 -—
1910 4450 2044 4506 Vere

462 4544 680 4602 stupore
705 4535 862 4603 digna
892 4546 972 4589 est
998 4535 1146 4589 Pauli
1178 4537 1476 4605 prudentia.
1506 4539 1605 4606 Qui
1643 4548 1917 4610 tantopere
1944 4558 2043 4610 pu-

462 4636 716 4695 guaverat
758 4637 973 4697 propter
1012 4629 1472 4685 circumcisionem
1493 4672 1506 4694 ,
1536 4632 1624 4698 qui
1655 4633 1830 4685 omnia
1858 4649 2043 4687 move-

463 4729 565 4782 rat,
595 4730 646 4774 et
674 4736 778 4773 non
812 4721 956 4789 prius
980 4720 1202 4783 destitit,
1232 4721 1403 4776 donec
1424 4738 1533 4776 rem
1567 4723 1880 4791 perliceret,
1909 4740 2043 4779 con-

466 4812 673 4865 Iirmato
699 4810 945 4882 dogmate
964 4853 979 4879 ,
1009 4813 1339 4868 circumcidit
1369 4813 1703 4884 discipulum.
1742 4814 1856 4868 Non
1886 4816 2044 4869 modo

438 4878 599 4957 'aIios
637 4921 741 4958 non
775 4878 1012 4971 inhibet,
1049 4906 1143 4960 sed
1171 4906 1273 4961 hoc
1299 4918 1352 4961 et
1382 4878 1677 4976 ipse—facit.
1709 4907 1850 4962 Nihil
1880 4908 2045 4963 Paulo

465 4994 781 5062 prudentius
810 5014 823 5049 :
853 5002 1030 5053 omnia
1055 5037 1070 5062 ,
1103 5007 1161 5052 ut
1192 4997 1552 5052 conducerent
1589 5009 1834 5067 spectans
1857 5040 1872 5063 ,
1917 4998 2042 5054 nihil

466 5096 667 5141 temere
704 5097 760 5140 et
796 5104 861 5142 ex
892 5089 1231 5158 pmjudicata
1258 5089 1508 5159 opinione
1544 5090 1753 5159 agebat.
1788 5088 1936 5143 Hunc
1960 5106 2047 5169 vo-

464 5178 595 5239 luit,
634 5179 804 5246 inquit
824 5221 838 5243 ,
869 5197 1039 5235 secum
1077 5183 1350 5251 proﬁcisci.
1384 5181 1495 5236 lloc
1527 5180 1768 5235 mirabile
1792 5190 1874 5234 est
1901 5180 2043 5250 quod

464 5272 813 5336 assumpserit
839 5288 982 5326 eum.
1028 5272 1241 5343 Propter
1264 5273 1475 5329 ludwos
1495 5316 1510 5337 ,
1544 5274 1710 5344 inquit
1733 5313 1748 5335 .
1789 5275 1875 5341 qui
1903 5284 2045 5328 erant

462 5361 513 5413 in
540 5359 645 5413 illis
674 5360 817 5414 locis.
845 5362 993 5434 [lltcc
1013 5380 1171 5419 causa
1192 5366 1605 5421 citcutncidendi
1646 5362 1761 5436 fuit]
1789 5367 1866 5434 (α)
1892 5381 1905 5417 :
1937 5380 2043 5418 non

462 5454 605 5505 enim
654 5450 901 5505 tulissent
941 5453 1125 5508 audire
1168 5458 1389 5509 verbum
1434 5457 1502 5510 ab
1547 5458 1938 5511 incircumciso.
1980 5455 2045 5509 Et

463 5546 597 5597 cur?
625 5540 757 5597 Vide
788 5543 1103 5613 praclarum
1132 5560 1266 5615 opus
1294 5564 1307 5599 :
1335 5548 1667 5602 circumcidit
1685 5584 1709 5617 ,ν
1735 5556 1793 5603 ut
1814 5549 2044 5604 circum-

529 5724 607 5785 (a)
626 5725 816 5775 Uneinis
837 5722 1000 5775 clausa
1016 5722 1198 5776 desunt
1220 5726 1271 5774 in
1292 5737 1407 5777 uno.

1200 308 1258 364 S.
1296 308 1573 365 JOANNIS
1608 305 2081 364 CHRYSOSTOMI
2122 306 2438 363 AllCHlEP.
2479 308 3010 370 CONSTANTINOP.

3650 327 3757 383 sua

2164 425 2421 479 cisionem
2450 426 2661 481 tolleret
2692 445 2704 480 :
2731 428 2976 500 dogmata
3007 432 3147 487 enim
3181 436 3501 504 prtedicahat
3538 455 3766 512 apostn-

2160 515 2356 573 lorum.
2379 516 2570 572 Viden‘
2591 535 2842 589 pugnam,
2861 532 2917 577 et
2934 538 3029 592 per
3052 540 3283 596 pugnam
3308 531 3725 588 aediﬁcationem
3743 538 3771 590 ?

2157 607 2272 662 Non
2312 609 2382 663 ab
2407 611 2526 665 aliis
2565 611 3051 681 impugnabautur;
3098 618 3192 673 sed
3224 620 3323 690 ipsi
3359 626 3634 681 contraria
3687 628 3769 681 l'a-

2157 699 2396 767 cientes,
2427 701 2497 754 ita
2529 702 2823 757 Ecclesium
2850 706 3206 763 mdilicabant.
3236 711 3431 782 Dogma
3459 716 3769 774 all'erebant

2158 806 2263 843 non
2310 792 2766 859 circumcidendi,
2798 806 2853 849 et
2879 798 3233 856 circumcidit.
3279 804 3346 858 Et
3385 806 3764 877 abundabant,

2158 881 2364 951 inquit,
2398 900 2606 937 numero
2639 886 2881 955 quotidie.
2913 888 3163 944 Vidistin'
3193 895 3473 951 utilitatem
3515 900 3761 953 circum-

2161 973 2417 1027 cisionis?
2449 974 2652 1029 Deinde
2683 993 2788 1030 non
2834 990 3073 1034 moratur
3116 983 3222 1048 ibi,
3253 986 3449 1056 quippe
3480 990 3571 1058 qui
3622 991 3769 1046 visi-

2156 1065 2300 1117 tandi
2353 1066 2519 1134 gratia
2565 1068 2846 1132 venisset;
2903 1072 2997 1125 sed
3055 1075 3221 1143 quid?
3278 1075 3426 1131 Ultra
3491 1084 3760 1148 procedit.

2154 1156 2210 1209 4.
2242 1154 2365 1207 Cum
2391 1166 2556 1210 autent
2586 1161 2951 1225 pertransirent
2975 1163 3199 1219 civitates
3218 1206 3233 1231 ,
3261 1168 3525 1224 tradebant
3557 1174 3627 1226 eis
3656 1189 3761 1225 cu-

2153 1246 2341 1298 stodire
2353 1246 2612 1315 dogmata,
2638 1264 2750 1315 quia
2771 1260 2915 1303 erant
2942 1253 3141 1307 decreta
3165 1256 3228 1307 ab
3248 1260 3491 1325 apostolis
3509 1271 3559 1313 et
3586 1266 3765 1316 senio-

2155 1333 2319 1397 ribus,
2360 1336 2445 1404 qui
2487 1348 2628 1388 erant
2656 1338 2707 1390 in
2730 1336 3038 1396 Jerusalem.
3069 1343 3122 1397 5.
3148 1343 3331 1414 Itaque
3357 1346 3599 1404 Ecclesitz
3624 1370 3761 1406 con-

2155 1426 2487 1491 ﬁrmabantur
2538 1428 2677 1494 ﬁde,
2742 1438 2789 1483 et
2839 1432 3159 1487 abundabant
3230 1454 3437 1493 numero
3503 1447 3759 1511 quotidie.

2157 1516 2208 1568 ϐ.
2244 1514 2579 1571 Transeuntes
2623 1529 2789 1573 autem
2821 1520 3102 1593 Phrygiam
3129 1537 3177 1579 et
3220 1527 3436 1583 Calatia:
3472 1534 3758 1604 regionem,

2155 1607 2397 1675 prohibiti
2420 1624 2451 1659 a
2488 1607 2686 1677 Spiritu
2719 1622 2892 1666 sancto
2919 1614 3057 1683 loqui
3085 1617 3285 1670 verbum
3316 1621 3367 1673 in
3399 1623 3519 1675 Asia
3538 1665 3553 1688 ,
3582 1626 3636 1679 6.
3668 1645 3762 1681 re-

2156 1697 2274 1749 licta
2306 1696 2538 1767 Phrygia
2565 1708 2609 1752 et
2641 1698 2844 1754 Calatia
2863 1744 2877 1767 ,
2910 1704 2961 1757 in
2992 1708 3206 1759 mediam
3246 1712 3500 1781 regionem
3531 1718 3755 1783 [estina-

2154 1786 2293 1839 bant.
2328 1788 2380 1840 7.
2406 1788 2529 1842 Cum
2561 1791 2807 1845 venissent
2836 1804 3003 1848 autent
3033 1796 3086 1849 in
3115 1797 3357 1868 Mysiam,
3389 1809 3649 1860 tentabant
3672 1811 3755 1863 ire

2157 1882 2210 1934 in
2239 1881 2554 1952 Bithyniam,
2583 1894 2628 1937 et
2653 1902 2753 1938 non
2786 1888 3009 1955 permisit
3040 1907 3123 1944 eos
3151 1892 3392 1961 Spiritus.
3417 1897 3592 1963 Quare
3622 1916 3755 1969 pro-

2156 1971 2304 2026 hibiti
2334 1972 2544 2027 luerunt
2570 1989 2673 2028 non
2705 1976 2854 2042 dicit,
2876 1978 2968 2031 sed
2998 1987 3200 2034 tantum
3230 1984 3526 2052 prohibitos
3558 1988 3751 2056 fuisse,

2156 2077 2255 2117 nos
2281 2064 2479 2118 docens
2511 2074 2567 2118 ιιι
2606 2065 2779 2119 solum
2808 2068 3258 2138 obtemperemus,
3294 2090 3392 2129 nec
3427 2091 3616 2132 causas
3666 2082 3752 2134 in-

2156 2156 2465 2226 quiremus;
2498 2158 2893 2229 ostendensque
2929 2160 3052 2214 illos
3098 2163 3263 2218 multa
3316 2168 3548 2222 humano
3594 2186 3753 2226 more

2156 2247 2364 2302 fecisse.
2398 2248 2451 2302 8.
2488 2246 2615 2302 Cum
2644 2259 2815 2303 autem
2841 2254 3229 2320 pertransisseat
3256 2255 3496 2326 Mysiam,
3540 2260 3755 2315 descen-

2155 2340 2336 2393 derunt
2365 2339 2634 2393 Troadem.
2667 2342 2720 2395 9.
2758 2342 2821 2394 Et
2848 2343 2972 2396 visio
3003 2360 3093 2413 per
3120 2355 3313 2399 noctem
3344 2347 3513 2401 Paulo
3542 2362 3755 2405 ostensa

2153 2441 2228 2485 est
2256 2448 2274 2485 :
2312 2430 2399 2484 Vir
2426 2432 2631 2501 quidam
2661 2444 2768 2486 erat
2802 2433 3012 2487 Macedo
3041 2445 3181 2491 stans
3199 2480 3213 2502 ,
3243 2439 3519 2509 deprecans
3550 2460 3669 2496 eum
3705 2456 3755 2498 et

2152 2524 2343 2590 dicens,
2389 2522 2664 2578 Transiens
2712 2527 2764 2578 in
2818 2526 3193 2596 Macedoniam,
3241 2533 3428 2601 adjura
3480 2552 3589 2589 nos.
3635 2537 3755 2591 Cur

2152 2617 2307 2681 visio,
2334 2628 2387 2671 et
2415 2632 2510 2671 cur
2537 2616 2764 2686 Spiritus
2792 2629 3005 2673 sanctus
3033 2622 3144 2689 ipse
3166 2638 3268 2678 non
3292 2625 3450 2692 jussit
3474 2628 3497 2679 ἲ
3525 2627 3756 2684 Volebat

2153 2722 2248 2761 eos
2281 2708 2380 2762 hoc
2406 2723 2616 2778 quoque
2646 2708 2804 2763 modo
2829 2710 3119 2768 attrahere.
3152 2715 3360 2769 Etenim
3388 2718 3584 2771 sanctis
3610 2735 3755 2787 quo-

2154 2816 2261 2869 que
2306 2801 2538 2855 visiones
2588 2816 2683 2870 per
2724 2803 2990 2856 somnium
3037 2816 3400 2873 apparuerunt
3440 2827 3453 2861 ε
3495 2818 3545 2863 et
3590 2810 3753 2867 initio

2153 2906 2366 2961 quoque
2398 2892 2512 2961 ipse
2550 2893 2811 2947 visionem
2843 2893 3026 2949 habuit
3054 2898 3286 2951 hominis
3321 2897 3667 2968 ingredientis
3696 2913 3757 2956 et

2152 2983 2473 3052 imponentis
2502 2986 2600 3038 sibi
2628 3000 2846 3040 manus.
2882 2987 3081 3042 Deinde
3102 2988 3222 3043 ideo
3249 2990 3421 3059 ipsum
3452 2992 3542 3045 illo
3562 2993 3752 3060 trahit,

2153 3087 2212 3128 ut
2258 3076 2567 3145 przedicatio
2606 3077 3008 3133 extenderetur.
3052 3081 3298 3150 Alioquin
3352 3096 3479 3138 vero
3527 3099 3753 3154 prapzer

2154 3167 2255 3221 hoc
2295 3167 2608 3236 prohibetur
2653 3170 2851 3224 morari
2899 3171 2949 3225 in
2992 3171 3112 3225 aliis
3154 3174 3478 3239 civitatibus,
3532 3176 3752 3230 Christo

2154 3257 2325 3327 ipsum
2352 3270 2589 3327 urgente.
2616 3258 2678 3314 Hi
2703 3276 2930 3331 namque
2951 3262 3155 3318 Joanne
3178 3263 3385 3319 lruituri
3404 3276 3551 3320 erant
3570 3269 3747 3322 multo

2153 3358 2410 3417 tempore,
2439 3358 2492 3402 et
2514 3347 2739 3405 fortasse
2772 3366 2875 3406 non
2908 3353 3129 3408 multum
3160 3354 3421 3409 habebant
3446 3372 3608 3424 opus;
3640 3358 3742 3412 illo

2150 3450 2325 3493 autem
2372 3442 2601 3511 migrare
2648 3445 2949 3510 Oportebat.
3002 3446 3067 3500 Et
3113 3449 3468 3515 pertransiens
3512 3448 3746 3505 demunt

2153 3530 2528 3600 proficiscitur.
2561 3532 2628 3587 10
2682 3531 2750 3586 Ut
2790 3544 2955 3589 autem
2985 3540 3144 3590 visum
3176 3539 3330 3604 vidit,
3357 3540 3523 3591 statim
3549 3541 3749 3608 quani-

2149 3624 2308 3676 cimus
2331 3624 2581 3691 proﬁcisci
2601 3624 2651 3677 in
2674 3622 3049 3691 Macedoniam,
3076 3629 3197 3681 certi
3218 3630 3339 3697 facti
3359 3630 3493 3699 quod
3519 3642 3752 3685 vocasset

2096 3772 2103 3779 I
2150 3730 2242 3767 nos
2294 3712 2433 3768 Deus
2482 3716 2829 3786 euangelizare
2874 3720 2963 3771 eis.
3009 3720 3096 3773 ll.
3144 3719 3456 3791 Navigantes
3505 3732 3673 3775 autem
3718 3740 3752 3775 a

2150 3803 2353 3859 Troade
2392 3816 2526 3859 recto
2572 3823 2719 3860 cursu
2759 3808 2983 3862 venimus
3021 3810 3072 3862 in
3104 3810 3531 3878 Samothraciam,
3575 3821 3623 3864 et
3661 3829 3751 3865 se-

2148 3898 2322 3965 quenti
2366 3896 2448 3949 die
2490 3895 2785 3962 Neapolim,
2835 3897 2918 3951 l2.
2961 3908 3007 3952 et
3051 3900 3167 3953 inde
3199 3899 3485 3970 Philippos,
3516 3917 3633 3969 qua:
3673 3911 3752 3955 est

2149 3990 2313 4056 prima
2340 3987 2498 4056 partis
2532 3986 2847 4041 Macedonia:
2864 3990 3055 4053 civitas,
3085 3993 3303 4045 colonia.
3329 3990 3551 4045 Eramus
3572 4003 3753 4046 autem

2147 4078 2200 4129 in
2231 4077 2325 4130 hac
2352 4078 2473 4130 urbe
2504 4077 2678 4132 diebus
2720 4079 2911 4148 aliquot
2958 4084 3285 4151 conferentes.
3329 4084 3417 4136 Sic
3457 4083 3527 4137 illi
3571 4085 3743 4138 etiam

2147 4168 2390 4223 Christus
2418 4178 2638 4238 apparet
2663 4169 2877 4237 dicens,
2919 4170 3107 4225 δαίδανὶ
3152 4183 3198 4225 te
3235 4184 3429 4243 oportet
3455 4175 3567 4228 sisti
3593 4174 3741 4247 (Act.

2147 4257 2238 4311 2⁵1.
2289 4256 2404 4327 24).
2462 4258 2663 4313 Deinde
2727 4259 2841 4313 loca
2894 4272 3173 4326 recenset,
3227 4263 3505 4318 historiam
3544 4266 3753 4335 quippe

2150 4358 2359 4415 texens,
2387 4360 2440 4404 et
2470 4351 2759 4406 ostendens
2784 4353 2996 4407 ubinam
3030 4367 3268 4410 moratus
3298 4358 3399 4423 sit;
3434 4359 3752 4429 indicatque

2152 4439 2300 4495 illum
2330 4442 2381 4495 itt
2409 4440 2701 4510 majoribus
2723 4453 3010 4510 moratum,
3039 4445 3171 4500 alias
3191 4449 3532 4517 praeteriisse.
3564 4450 3757 4519 Digni-

2151 4542 2232 4588 tas
2260 4544 2341 4589 est
2380 4536 2611 4589 civitatis
2653 4538 2917 4591 coloniam
2963 4553 3101 4593 esse.
3137 4540 3241 4594 Sed
3272 4542 3547 4611 sapt-riora
3580 4558 3754 4611 repe-

2152 4636 2347 4683 tamus.
2380 4627 2761 4683 Necessitatem
2792 4630 3049 4685 Barnaba:
3078 4632 3322 4701 imponit,
3349 4633 3573 4687 dicens:
3610 4633 3755 4688 Visi-

2151 4728 2313 4772 temus
2337 4719 2582 4783 civitates,
2611 4720 2661 4773 in
2690 4721 2871 4789 quibus
2895 4724 3308 4777 annuntiavimus
3337 4727 3558 4777 verbum.
3590 4725 3755 4789 Licet

2153 4824 2259 4861 non
2288 4819 2560 4878 oporteret
2586 4824 2773 4880 rogare
2807 4826 2930 4865 eum
2954 4852 2969 4877 ,
3001 4828 3158 4881 quem
3188 4822 3368 4882 postea
3392 4825 3757 4871 accusaturus

2149 4906 2285 4952 erat.

2221 4989 2275 5041 4.
2313 4987 2494 5039 Adhuc
2523 4989 2586 5042 de
2614 4989 2935 5058 separatione
2962 4989 3119 5044 Pauli
3145 5001 3191 5045 et
3218 4991 3488 5047 Barnabte.
3516 5023 3590 5033 —
3628 4993 3755 5049 lloc

2150 5081 2310 5135 etiam
2352 5074 2494 5134 circa
2543 5081 2706 5135 Deum
2756 5091 2809 5136 et
2855 5082 3089 5152 Moysem
3132 5084 3378 5153 legimus.
3430 5084 3520 5139 Ille
3551 5095 3707 5153 rogat
3734 5128 3749 5149 ,

2152 5172 2292 5225 Deus
2321 5171 2588 5235 irascitur;
2622 5182 2677 5225 ttt
2700 5172 2912 5240 quando
2938 5172 3067 5228 dicit
3096 5191 3111 5228 :
3141 5172 3205 5228 Si
3225 5185 3367 5244 pater
3383 5176 3495 5246 ejus
3515 5176 3753 5245 (περαία-

2149 5271 2221 5314 set
2245 5263 2297 5315 in
2328 5262 2509 5332 faciem
2534 5264 2643 5333 ejus
2672 5262 2859 5334 (Nam.
2899 5263 2981 5319 l2.
3014 5265 3136 5333 ll);
3164 5276 3219 5320 et
3243 5280 3453 5320 rursum
3477 5308 3493 5331 ,
3527 5265 3751 5320 Dimitte

2150 5369 2249 5419 nte,
2280 5364 2327 5406 et
2353 5354 2511 5407 iratus
2541 5354 2713 5407 delebo
2743 5356 2984 5425 populum
3013 5356 3145 5408 hunc
3173 5356 3365 5427 (Exod.
3399 5358 3487 5411 δί.
3525 5355 3659 5423 52};
3694 5367 3752 5411 et

2151 5444 2366 5500 Samuel
2393 5444 2604 5513 quando
2634 5446 2845 5516 lugebat
2869 5448 3081 5502 Sauletn
3109 5450 3186 5517 (Ι.
3224 5449 3347 5527 lleg.
3378 5450 3465 5504 15.
3486 5449 3578 5520 35)
3607 5466 3623 5504 :
3651 5464 3753 5518 per

2151 5547 2435 5606 utrumque
2460 5538 2601 5592 enim
2626 5554 2814 5609 magna
2840 5542 3090 5595 eveniunt
3112 5541 3273 5596 bona.
3302 5542 3390 5597 Sic
3414 5554 3467 5596 et
3491 5557 3630 5595 nunc
3653 5542 3750 5594 ille

2153 5629 2431 5695 irascitur,
2464 5629 2558 5683 sed
2589 5645 2693 5683 non
2723 5630 2841 5685 iste.
2871 5631 2983 5686 Hoc
3001 5631 3140 5700 apud
3172 5648 3271 5687 nos
3297 5633 3421 5687 item
3450 5632 3647 5687 evenit.
3678 5631 3749 5687 Et

2150 5720 2415 5776 dissensio
2447 5720 2723 5791 apposite,
2768 5731 2825 5777 ut
2864 5723 2953 5777 ille
2979 5723 3314 5793 erudiretur,
3346 5739 3444 5779 nec
3470 5724 3751 5779 videretur
