3950 6208
481 219 582 274 249

480 364 594 418 γων
625 362 640 381 ⁸
677 348 873 418 ἠιεῖς
905 349 973 403 δὲ
993 350 1079 419 μὴ
1119 347 1423 403 ἐκκακεῖτε
1466 349 1531 403 τὸ
1577 347 1772 402 καλὸν
1815 346 2147 409 ποιοῦντες.

480 447 591 500 Καὶ
628 447 860 524 ἐπιτιμᾷ
893 446 992 517 μὲν
1024 445 1264 516 ἑτέροις,
1301 445 1512 500 κελεύει
1559 445 1614 499 δέ
1666 445 1729 499 τὸ
1776 444 1939 498 καλὸν
1979 443 2152 494 ποιεῖν

479 548 614 612 πρὸς
645 543 881 606 πάντας.
920 541 1090 596 Τοῦτο
1122 545 1217 597 καὶ
1247 544 1303 595 ὲν
1333 545 1399 614 τῇ
1434 542 1693 614 συνηθείᾳ
1725 541 2004 610 ποιοῦμεν.
2037 540 2155 592 Ἐν-

477 639 654 692 ταῦθά
677 657 767 710 μοι
784 639 1004 692 δοκοῦσι
1033 640 1126 693 καὶ
1147 640 1294 694 ἄλλοι
1324 640 1806 711 συναγανακτῆσαι
1833 636 1909 707 τῷ
1936 635 2154 705 Παύλῳ.

479 736 588 788 Καὶ
622 736 808 790 λοιπὸν
836 736 957 809 κατ’
990 737 1124 792 ἰδίαν
1155 738 1444 802 κάκείνους
1466 737 1645 792 λαϐὼν
1668 737 1846 791 πάντα
1868 736 2029 800 ποιεῖ,
2062 733 2157 786 καὶ

478 816 758 905 παραινεῖ,
808 836 902 890 καὶ
929 836 1189 892 νουθετεῖ.
1230 837 1409 890 Πολλά
1437 839 1468 905 ἠ
1500 835 1721 906 ὁμόνοια
1752 833 1994 896 δύναται,
2026 831 2156 884 πολ-

476 930 542 984 λὰ
565 933 599 1002 ἡ
622 931 810 1002 ἀγάπη
831 947 852 981 ⁸.
870 933 974 985 κᾶν
1008 933 1147 1004 ὑπὲρ
1176 933 1412 1004 μεγάλου
1446 933 1616 998 ἀξιοῖς
1642 974 1655 996 ,
1693 931 1794 986 κᾶν
1821 931 2038 995 ἀνάξιος
2064 926 2152 1004 ᾗς,

475 1029 582 1081 ἀπὸ
619 1029 720 1099 τῆς
753 1030 1124 1102 προαιρέσεως
1156 1030 1496 1104 ἀκουσθήσῃ,
1533 1031 1607 1101 μὴ
1636 1028 1823 1098 φοϐοῦ.
1847 1027 2151 1096 Διήρχετο,

476 1126 631 1195 φησὶ,
656 1125 762 1191 τὰς
792 1129 1024 1193 πόλεις.
1059 1128 1169 1181 Καὶ
1205 1128 1333 1182 Ιδοὺ
1360 1125 1439 1198 ἦν
1469 1127 1744 1197 μαθητὴς
1779 1128 2024 1196 ὀνόματι
2063 1129 2151 1178 Τι-

468 1223 707 1290 μόθεος,
752 1222 821 1289 ὃς
862 1224 1241 1294 ἐμαρτυρεῖτο
1288 1226 1409 1280 ὑπὸ
1458 1225 1579 1280 τῶν
1604 1226 1675 1279 ἐν
1724 1226 2022 1293 Λύστροις
2054 1226 2151 1281 καὶ

485 1319 712 1385 Ἰκονίῳ
743 1320 1044 1391 ἀδελφῶν.
1095 1323 1321 1394 Μεγάλη
1355 1326 1386 1393 ὴ
1421 1325 1604 1387 πίστις
1635 1337 1659 1363 α
1694 1323 1789 1376 τοῦ
1839 1323 2107 1393 Τιμοθέου
2133 1363 2148 1388 ,

471 1413 552 1466 ὅτι
581 1414 686 1467 ὑπὸ
717 1415 936 1469 πάντων
974 1421 1350 1488 μαρτυρεῖται.
1391 1417 1520 1470 ’Ὀτε
1571 1417 1782 1489 ἀπέστη
1827 1418 2148 1490 Βαρνάϐας,

470 1510 656 1582 ἕτερον
683 1511 1011 1584 ἀντίρροπον
1043 1515 1311 1582 εὑρίσκει.
1335 1516 1472 1586 Περὶ
1500 1515 1692 1568 τούτου
1728 1515 1886 1586 φησὶ,
1923 1521 2150 1586 Μεμνη-

465 1608 649 1674 μένος
674 1621 794 1663 σου
831 1608 951 1663 τῶν
983 1610 1257 1679 δακρύων
1300 1615 1400 1667 καὶ
1437 1612 1550 1680 τῆς
1583 1613 1994 1681 ἀνυποκρίτου
2033 1631 2149 1668 σου

469 1705 749 1770 πίστεως,
808 1705 943 1775 ἣτις
983 1707 1253 1776 ἐνῴκησε
1295 1708 1529 1778 πρῶτον
1574 1710 1643 1762 ἐν
1673 1709 1747 1778 τῇ
1771 1709 1979 1780 μάμμῃ
2032 1727 2148 1783 σου

468 1800 665 1864 Λωΐδι,
706 1802 804 1856 καὶ
843 1802 921 1872 τῇ
948 1806 1132 1874 μητρί
1159 1821 1278 1860 σου
1306 1806 1558 1877 Εὐνίκῃ.
1595 1807 1705 1861 Καὶ
1740 1807 1960 1874 λαϐὼν,
1993 1810 2146 1880 φησὶ,

467 1898 810 1969 περιέτεμεν
837 1902 1045 1956 αὐτόν.
1089 1902 1244 1964 Τίνος
1275 1904 1329 1956 δὲ
1359 1904 1545 1957 ἐνεκεν
1566 1944 1582 1970 ,
1618 1905 1783 1968 αὐτὸς
1828 1906 2021 1973 ἐπάγει
2062 1904 2148 1958 λέ-

467 2009 579 2061 γων
614 2013 627 2026 ο
661 1998 765 2050 Διὰ
793 1997 935 2064 τοὺς
965 1999 1295 2065 Ἰουδαίους
1325 2001 1468 2066 τοὺς
1493 2001 1674 2068 ὄντας
1693 2002 1756 2054 ἐν
1791 2002 1914 2068 τοῖς
1945 2006 2148 2066 τόποις

465 2090 742 2158 ἐκείνοις.
769 2094 870 2148 Διὰ
898 2095 1056 2150 τοῦτο
1077 2097 1257 2150 τοίνυν
1288 2098 1674 2169 περιτέμνεται
1705 2115 1717 2128 ·
1749 2100 1780 2168 ἢ
1821 2101 1915 2153 καὶ
1939 2099 2028 2152 διὰ
2055 2099 2146 2153 τὸν

467 2187 703 2254 πατέρα’
730 2189 930 2262 Ἕλλην
957 2193 1067 2264 γὰρ
1096 2193 1290 2264 ἔμενεν
1319 2192 1414 2248 ὥν.
1456 2196 1598 2265 Ἀρα
1625 2196 1724 2248 οὐκ
1749 2191 1816 2266 ἦν
1849 2195 2145 2266 ἐμπερίτο-

469 2301 588 2353 μος.
618 2284 770 2358 [265]
799 2288 941 2359 Ὀρα
982 2290 1082 2360 ἤδη
1121 2291 1213 2344 τὸν
1243 2291 1406 2362 νόμον
1436 2292 1717 2362 λυόμενον.
1777 2293 1900 2346 Τισὶ
1924 2293 1979 2345 δὲ
2000 2295 2147 2346 δοκεῖ

469 2380 606 2450 μετὰ
618 2383 676 2435 τὸ
689 2386 950 2455 κήρυγμα
962 2386 1122 2438 αὑτὸν
1139 2387 1414 2458 τεχθῆναι·
1433 2387 1546 2440 ἀλλ’
1565 2390 1664 2441 οὐκ
1680 2388 1794 2442 ἔστι
1809 2389 1950 2460 τάχα
1965 2388 2140 2441 τοῦτο.

478 2478 622 2533 Ἀπὸ
660 2479 934 2550 ,βρέφους
967 2482 1097 2552 γὰρ.
1141 2485 1298 2556 φησὶ,
1330 2487 1402 2539 τὰ
1431 2487 1556 2554 ἱερὰ
1593 2485 1920 2555 Γράμματα
1945 2483 2134 2551 οἶδας.

478 2575 685 2630 Ἐκεῖνο
711 2577 889 2631 τοίνυν
924 2577 1070 2632 ἐστιν
1101 2581 1293 2640 εἰπειν,
1333 2581 1364 2652 ἢ
1399 2583 1444 2634 εί
1489 2580 1564 2653 μὴ
1596 2581 1773 2646 τοῦτο,
1804 2583 1884 2635 ὅτι
1922 2583 2144 2653 έμελλεν

465 2673 626 2727 αὐτὸν
655 2675 956 2730 ἐπίσκοπον
991 2681 1164 2732 ποιεῖν
1192 2719 1206 2744 ,
1233 2679 1327 2733 καὶ
1356 2681 1455 2734 ούκ
1479 2680 1584 2732 ἔδει
1615 2680 1948 2752 ἀκρόϐυστον
1981 2677 2141 2736 εἶναι.

466 2771 618 2836 Τέως
672 2773 729 2826 δὲ
768 2773 872 2828 ἔδει
922 2774 991 2827 τά
1033 2777 1162 2846 ἐθνη
1204 2777 1370 2849 μηδὲν
1422 2779 1663 2832 τοιοῦτον
1708 2778 2022 2848 φυλάττειν.
2066 2781 2140 2834 Οὐ

467 2868 666 2940 μικρὸν
698 2872 792 2924 καὶ
822 2873 982 2926 τοῦτο
1009 2869 1098 2944 ἦν,
1140 2875 1272 2929 ὅπου
1302 2892 1366 2945 γε
1393 2875 1532 2945 μετὰ
1557 2877 1811 2931 τοσοῦτον
1832 2877 2023 2948 χρόνον
2046 2879 2142 2932 καὶ

463 2965 622 3020 τοῦτο
650 2969 848 3034 αὐτοὺς
873 2973 1278 3037 ἐσκανδάλιζεν.
1301 2975 1466 3046 Ἀρχὴ
1499 2976 1851 3039 καταλύσεως
1881 2973 1948 3048 ἦν
1979 2976 2039 3029 τὸ
2071 2978 2139 3032 τὰ

464 3063 590 3137 ἔθνη
628 3069 701 3139 μή
743 3072 931 3142 τηρεῖν
969 3071 1180 3134 ταῦτα,
1229 3074 1322 3126 καὶ
1369 3073 1536 3144 μηδὲν
1587 3074 1950 3143 βλάπτεσθαι,
2005 3076 2140 3146 μηδέ

463 3158 683 3216 ἔλαττον
708 3163 850 3234 ἔχειν
869 3167 1006 3220 κατά
1025 3168 1122 3238 τὴν
1139 3169 1321 3222 πίστιν
1347 3187 1359 3199 ο
1387 3171 1603 3233 ἑκόντες
1621 3170 1803 3224 λοιπὸν
1823 3171 2136 3239 ἀφίσταντο.

477 3257 631 3312 Ἐπεὶ
654 3256 749 3314 οὖν
780 3261 971 3332 ἔμελλε
1013 3265 1304 3336 κηρύττειν
1331 3306 1344 3329 ,
1378 3265 1467 3320 ἵνα
1511 3268 1583 3339 μὴ
1615 3269 1774 3339 διπλῇ
1810 3269 1985 3340 πλήξῃ
2012 3269 2138 3332 τοὺς

476 3355 778 3424 Ἰουδαίους,
816 3360 1108 3432 περιέτεμε
1147 3361 1358 3427 τοῦτον,
1401 3365 1580 3418 καίτοι
1621 3365 1681 3430 ἐξ
1729 3367 1986 3436 ἡμισείας
2023 3363 2091 3439 ἦν
2121 3386 2134 3400 ·

464 3454 571 3507 ἀπὸ
598 3457 804 3527 πατρὸς
825 3457 1087 3530 Ἕλληνος
1109 3460 1216 3530 γάρ
1242 3455 1309 3530 ἦν
1333 3501 1347 3525 ,
1378 3462 1474 3514 καὶ
1505 3463 1703 3533 πιστῆς
1737 3463 1942 3534 μητρός
1967 3479 1979 3491 ·
2022 3464 2136 3517 ἀλλ’

463 3551 615 3620 ὅμως
640 3553 828 3625 ἐπειδὴ
869 3556 1010 3625 μέγα
1052 3551 1120 3627 ἦν
1166 3558 1342 3611 ἐκεῖνο
1376 3557 1435 3611 τὸ
1474 3558 1807 3631 κατόρθωμα
1839 3561 1901 3614 τὸ
1934 3561 1991 3614 ἐν
2027 3563 2138 3625 τοῖς

463 3648 694 3714 ἔθνεσιν,
725 3651 825 3705 οὐκ
854 3652 1134 3724 ἐφρόντιζε
1157 3654 1346 3708 τούτου
1374 3673 1386 3686 ·
1412 3655 1501 3709 τὸν
1526 3656 1634 3726 γὰρ
1655 3657 1810 3727 λόγον
1841 3659 1946 3712 ἔδει
1971 3676 2138 3714 κατα-

467 3747 742 3819 σπαρῆναι
771 3767 784 3780 ·
804 3748 892 3802 διὰ
921 3749 1078 3804 τοῦτο
1110 3752 1204 3805 καὶ
1235 3753 1393 3816 αὐτὸς
1423 3754 1585 3808 αὑτὸν
1613 3754 1959 3826 περιέτεμεν.
1996 3756 2137 3828 ’Ὀρα

467 3843 562 3896 καὶ
615 3844 848 3899 ἐνταῦθα
891 3846 998 3900 ἀπὸ
1032 3849 1400 3914 ἐναντιώσεως
1435 3851 1578 3920 μέγα
1606 3868 1657 3904 τι
1689 3851 1980 3924 γενόμενον
2010 3854 2138 3922 ἁγα-

466 3941 575 3996 θόν.
602 3945 710 3998 Καὶ
735 3945 1139 4014 ἐπερίσσευον
1164 3947 1191 3988 δ
1224 3947 1304 4014 τῷ
1330 3948 1573 4019 ἀριθμῷ,
1610 3950 1795 4020 φησίν.
1834 3949 2017 4022 Ὁρᾷς.
2053 3952 2136 4005 ὅτι

465 4043 527 4095 ού
575 4045 733 4114 μόνον
770 4047 924 4101 οὐδὲν
957 4048 1157 4118 ἔϐλαψε
1189 4050 1481 4120 περιτομὴ,
1518 4048 1654 4102 ἀλλὰ
1679 4049 1775 4102 καὶ
1803 4049 1870 4102 τὰ
1903 4051 2135 4121 μέγιστα

464 4141 778 4215 ώφέλησεν;
814 4146 912 4212 Ὠς
960 4146 1029 4201 δὲ
1079 4147 1145 4201 τό
1198 4148 1386 4218 ὅραμα
1433 4147 1615 4214 εἶδεν,
1661 4148 1899 4214 εὐθέως,
1941 4148 2129 4219 φησὶν,

462 4238 830 4310 ἐζητήσαμεν
861 4243 1132 4307 ἐξελθεῖν
1165 4248 1253 4310 εἰς
1277 4244 1392 4314 τῂν
1415 4245 1812 4314 Μακεδονίαν,
1828 4245 2132 4316 ’συμϐιϐά-

464 4333 663 4402 ζοντες
687 4335 778 4391 ὅτι
805 4340 1250 4408 προσκέκληται
1277 4339 1433 4409 ἡμᾶς
1457 4345 1489 4395 ὀ
1508 4345 1743 4412 Κύριος.

539 4433 698 4504 Ὅρα,
736 4434 921 4487 οὐκέτι
950 4437 1016 4490 δι’
1041 4437 1276 4506 ἀγγέλου
1305 4439 1557 4512 καθάπερ
1585 4441 1851 4514 Φιλίππῳ,
1877 4425 2130 4519 καθάπερ

461 4520 746 4592 Κορνηλίῳ
769 4535 788 4552 ⁸
812 4521 948 4577 ἀλλὰ
971 4525 1024 4578 τί
1045 4542 1059 4588 ;
1087 4527 1166 4578 Δι’
1190 4525 1470 4599 ὁράματος
1499 4529 1747 4597 φαίνεται
1776 4532 1924 4603 αὐτῷ
1946 4532 2130 4588 λοιπὸν

459 4609 967 4684 ἀνθρωπινώτερον,
1001 4615 1181 4670 οὐκέτι
1215 4615 1681 4686 θειότερον.”Ενθα
1716 4620 1816 4690 μὲν
1838 4622 1944 4693 γὰρ
1974 4623 2132 4677 εὐκο-

458 4697 696 4771 λώτερον
719 4701 780 4756 τὺ
811 4704 1122 4775 πεισθῆναι,
1153 4704 1638 4779 ἀνθρωπινώτερον
1671 4724 1684 4739 ·
1717 4709 1844 4763 ἔνθα
1869 4711 1925 4764 δὲ
1960 4712 2128 4784 πολλὴ

460 4788 490 4857 ἡ
526 4785 636 4857 βία,
662 4789 957 4860 θειότερον.
1000 4793 1174 4846 Ὅπου
1203 4794 1301 4864 μὲν
1332 4793 1440 4865 γὰρ
1475 4796 1710 4867 κηρῦξαι
1740 4800 1999 4869 ἠπείγετο
2035 4801 2131 4870 μό-

460 4892 568 4939 νον,
595 4879 674 4939 εἰς
694 4879 854 4932 τοῦτο
876 4879 1011 4951 ὄναρ
1043 4880 1288 4951 φαίνεται
1315 4883 1463 4956 αὑτῷ
1496 4899 1510 4913 °
1544 4888 1675 4938 ὅπου
1706 4886 1760 4939 δέ
1795 4886 1869 4958 μὴ
1897 4887 2129 4959 κηρῦξαι

457 4963 558 5016 οὐκ
606 4967 874 5036 ἠνείχετο,
924 4971 1004 5032 εἰς
1049 4970 1207 5024 τοῦτο
1259 4971 1482 5042 Πνεῦμα
1531 4973 1684 5042 άγιον
1727 4975 2122 5034 ἀποκαλύπτει.

459 5050 611 5138 Οὕτω
645 5058 739 5106 καὶ
775 5057 890 5108 ἐκεῖ
910 5058 988 5127 τῷ
1017 5058 1208 5130 Πέτρῳ
1232 5074 1245 5088 ·
1284 5061 1568 5128 Ἀναστὰς
1596 5063 1899 5132 κατάϐηθι.
1924 5066 1996 5118 Οὐ
2018 5067 2125 5138 γάρ

456 5137 518 5208 δὴ
541 5139 633 5191 καὶ
661 5139 729 5194 τὰ
757 5141 958 5198 εὔκολα
985 5145 1273 5216 εἰργάζετο
1301 5148 1361 5202 τὸ
1394 5151 1616 5222 Πνεῦμα
1637 5191 1651 5215 ,
1685 5152 1799 5206 ἀλλ’
1837 5153 1994 5225 ἤρκει
2032 5137 2126 5209 καὶ

456 5226 587 5315 ὄναρ
618 5227 787 5299 αὐτῷ.
824 5231 932 5284 Καὶ⁵
974 5233 1052 5303 τῷ
1101 5235 1299 5307 Ἰωσὴφ
1330 5238 1386 5292 δὲ
1423 5240 1619 5310 ῥαδίως
1654 5241 1958 5312 πειθομένῳ
1991 5243 2126 5315 ὄναρ

456 5313 725 5382 φαίνεται,
760 5321 872 5381 τοῖς
901 5319 957 5371 δὲ
985 5321 1164 5386 ἄλλοις
1191 5324 1360 5396 ῦπαρ.
1383 5326 1539 5380 Οῦτω
1570 5327 1664 5381 καὶ
1692 5329 2000 5401 Κορνηλίῳ,
2029 5313 2124 5386 καὶ

455 5402 603 5473 αὐτῷ
644 5403 843 5474 τούτῳ.
871 5407 981 5459 Καὶ
1012 5407 1162 5475 ἰδοὺ,
1197 5411 1384 5481 φησὶν,
1415 5414 1568 5482 ἀνὴρ
1594 5416 1882 5472 Μακεδὼν
1910 5419 2120 5487 ἑστὼς,

454 5492 822 5561 παρακαλῶν
847 5495 942 5549 καὶ
975 5497 1187 5566 λέγων.
1218 5499 1330 5552 Οὐκ
1389 5496 1562 5566 εἶπεν,
1602 5505 1954 5570 Ἐπιτάττων,
1987 5509 2123 5564 ἀλλὰ

453 5580 827 5650 Παρακαλῶν
855 5597 869 5610 '
905 5584 1201 5648 τουτέστιν,
1232 5587 1371 5657 ὑπὲρ
1393 5589 1571 5644 αὐτῶν
1598 5592 1704 5648 τῶν
1735 5594 2004 5664 δεομένων
2026 5599 2124 5668 τῆς

454 5669 770 5738 θεραπείας.
816 5672 880 5724 Τί
936 5674 1092 5737 ἐστι,
1152 5675 1648 5744 Σῑνμόιὸάζοντεςξ
1706 5682 2118 5756 Στοχαζόμενοι,

453 5761 604 5829 φησί.
645 5762 734 5834 Τῷ
763 5779 821 5816 τε
843 5762 952 5835 γάρ
991 5763 1200 5818 Παῦλον
1247 5764 1372 5819 ἰδεῖν
1403 5766 1498 5821 καὶ
1533 5768 1732 5838 μηδένα
1770 5771 1986 5842 ἕτερον,
2029 5778 2121 5832 καὶ

517 5914 542 5944 ⁸
560 5914 696 5966 Unus
717 5919 896 5982 μεγάλη
925 5927 955 5983 ἡ
985 5923 1136 5988 χάρις,
1162 5927 1188 5969 ι
1214 5925 1414 5986 Quidam
1446 5919 1563 5972 is'.
1587 5923 1910 5985 περιέσσευον.

1269 231 1327 287 S.
1368 227 1656 286 JOANNIS
1694 218 2185 285 CHRYSOSTOMI
2227 223 2550 281 ARCHIEP.
2589 218 3144 282 CONSTANTINOP.

3740 214 3750 265 ‘.

2257 343 2335 414 τῷ
2386 343 2694 415 κωλυθῆναι
2745 342 2852 397 ὑπὸ
2893 339 2990 395 τοῦ
3023 338 3341 410 Πνεύματος
3365 381 3380 406 ,
3419 339 3500 392 καὶ
3519 338 3582 410 τῷ
3603 339 3713 412 πρὸς
3743 358 3750 371 ·

2257 442 2405 512 ὅροις
2465 436 2606 496 εἶναι
2632 481 2647 507 ,
2709 439 2820 495 ἀπὸ
2878 439 3086 493 τούτων
3138 436 3395 491 ἁπάντων
3435 435 3576 490 ταῦτα
3628 437 3750 507 συνῆ·

2264 537 2471 602 Ἀλλως
2506 537 2562 591 δὲ
2595 538 2688 591 καὶ
2721 539 2750 590 ὁ
2784 534 2954 598 πλοῦς
2987 547 3014 575 ⁸
3050 534 3208 588 τοῦτο
3243 532 3500 603 ἐνέφαινεν
3523 548 3535 563 ⁸
3557 534 3608 587 οὒ
3626 535 3750 606 γὰρέ

2261 655 2382 691 νετο
2415 637 2606 708 χρόνος
2639 637 2805 701 πολὺς
2829 677 2844 702 ,
2897 636 3018 689 ὅθεν
3050 636 3130 698 είς
3157 634 3328 705 αὐτὴν
3357 633 3447 704 τὴν
3482 634 3609 706 ῥίζαν
3639 637 3720 706 τῆς

2261 735 2505 798 κεδονίας
2525 733 3111 806 παραγίνονται.“Ωστε
3132 732 3161 784 ὁ
3182 729 3512 803 παροξυσμὸς
3526 733 3750 804 συμφερόν

2260 834 2622 903 οἰκονομεῖται
2644 830 2922 899 γενέσθαι.
2958 831 3071 885 Οὐκ
3098 831 3164 884 ἂν
3189 829 3296 902 γὰρ
3326 830 3566 900 ἐνήργησε
3585 828 3634 881 τὸ
3659 829 3750 881 Πνε

2256 929 2316 981 τὸ
2347 928 2499 996 ἅγιον
2523 969 2538 994 ,
2569 928 2670 981 οὐκ
2703 929 2772 982 ἂν
2801 928 2891 981 τὸν
2939 927 3095 996 λόγον
3144 925 3447 980 Μακεδονία
3487 925 3683 989 ἐδέξατο.
3725 926 3750 978 Ί

2255 1027 2498 1098 τοσαύτη
2546 1025 2802 1098 προκοπὴ
2847 1029 3071 1098 σημεῖον
3101 1023 3194 1077 τοῦ
3230 1024 3304 1095 μὴ
3341 1021 3470 1076 εἶναί
3495 1041 3540 1076 τι
3565 1023 3750 1093 ἀνθρώπ

2257 1126 2316 1180 τὸ
2351 1127 2593 1195 γεγονός.
2621 1126 2816 1180 Καίτοι
2845 1127 2945 1179 οὐκ
2977 1125 3104 1196 ἐφη,
3135 1125 3218 1178 ὅτι
3246 1123 3515 1195 Βαρνάϐας
3546 1123 3750 1194 παρωξὺι

2256 1222 2392 1276 ἀλλὰ
2416 1263 2430 1288 ,
2481 1222 2723 1288 Μεταξὺ
2755 1221 2952 1277 αὐτῶν
2981 1220 3371 1291 παροξυσμὸς
3394 1219 3618 1290 ἐγένετο.
3644 1222 3699 1274 El
3728 1240 3750 1274 ο

2262 1321 2322 1374 ού
2357 1321 2712 1393 παρωξύνθη,
2747 1321 2869 1374 οὐδὲ
2891 1321 3119 1382 ἐκεῖνος.

2325 1418 2588 1474 ε’.Ταῦτα
2620 1419 2842 1482 εἰδότες,
2882 1418 2955 1490 μὴ
2987 1416 3176 1480 ἁπλῶς
3202 1416 3265 1487 δὴ
3287 1415 3424 1470 αὐτὰ
3443 1415 3734 1486 ἐκλέγωμεν,

2258 1516 2620 1586 μανθάνωμεν
2644 1515 2738 1568 καὶ
2762 1513 3147 1584 παιδευώμεθα
3177 1529 3189 1540 ·
3215 1513 3276 1566 ού
3304 1513 3413 1583 γὰρ
3439 1514 3546 1584 είκῇ
3571 1511 3750 1583 γέγραι

2253 1613 2412 1682 Μέγα
2442 1613 2612 1667 κακὸν
2645 1615 2864 1681 ἀγνοεῖν
2891 1611 3112 1684 Γραφάς
3145 1627 3159 1642 ·
3191 1611 3284 1680 ἀφ’
3333 1604 3408 1664 ὧν
3446 1610 3734 1678 ὡφελεῖσθαι

2251 1709 2358 1761 ἀπὸ
2395 1708 2602 1762 τούτων
2639 1709 3013 1780 βλαπτόμεθα.
3045 1707 3202 1761 Οὕτω
3239 1707 3334 1760 καὶ
3365 1706 3610 1777 φάρμακα
3642 1705 3750 1757 πολ)

2253 1806 2414 1875 φύσιν
2437 1807 2629 1876 ἔχοντα
2665 1805 3070 1880 θεραπευτικὴν
3093 1846 3108 1868 ,
3142 1805 3241 1858 οὐκ
3271 1804 3477 1857 εἰδότων
3493 1803 3592 1855 τῶν
3612 1821 3750 1874 χρωμ

2251 1904 2434 1969 καλῶς
2463 1905 2699 1976 χρῆσθαι
2730 1906 2912 1969 αὐτοῖς
2934 1946 2948 1969 ,
2976 1902 3128 1976 [266]
3174 1901 3472 1973 διαφθείρει
3500 1901 3586 1953 καὶ
3615 1899 3750 1951 ἁπόλῖ

2250 2003 2344 2056 καὶ
2373 2002 2512 2056 ὅπλα
2536 2002 2812 2074 δυνάμενα
2839 2003 3093 2072 φυλάξαι,
3135 2001 3201 2056 ἂν
3238 2001 3424 2072 μηδεὶς
3452 1999 3581 2053 αὐτὰ
3622 1998 3726 2068 εἰδῇ

2252 2099 2462 2166 θέσθαι,
2497 2099 2588 2154 ὑπ’
2614 2101 2795 2154 αὐτῶν
2819 2099 3210 2171 διαφθείρεται.
3229 2097 3303 2150 Τὸ
3325 2096 3380 2150 δὲ
3402 2096 3580 2161 αἴτιον,
3619 2096 3694 2149 ’ότι
3727 2114 3750 2148 τ

2251 2197 2452 2267 μᾶλλον
2469 2197 2760 2268 ζητοῦμεν,
2782 2197 2814 2267 ἦ
2840 2198 2900 2250 τὸ
2927 2197 3026 2265 τῆς
3045 2195 3224 2267 ψυχῆς
3243 2195 3452 2266 ὄφελος,
3473 2193 3560 2248 καὶ
3573 2192 3636 2247 τὰ
3653 2192 3749 2246 άλλη

2252 2295 2453 2364 μᾶλλον
2481 2295 2793 2366 σκοποῦμεν
2813 2337 2828 2358 ,
2859 2295 2891 2366 ἢ
2913 2296 2975 2348 τὸ
2996 2295 3265 2366 ἡμέτερον
3285 2293 3575 2364 συμφέρον.
3608 2291 3716 2346 Καὶ
3732 2311 3750 2346 c

2251 2395 2349 2466 μὲν
2368 2394 2624 2448 σύστασιν
2645 2394 2904 2457 πολλάκις
2923 2393 3214 2464 ζητοῦμεν,
3236 2391 3329 2446 καὶ
3352 2392 3449 2445 οὐκ
3463 2390 3525 2444 ἂν
3546 2390 3749 2461 ἀνασχοι

2248 2492 2655 2564 παλαιουμένην
2671 2491 2838 2563 αὐτὴν
2861 2491 2985 2545 ίδεῖν
3017 2491 3138 2544 οὐδὲ
3172 2489 3610 2544 καταπίπτουσαν
3641 2487 3750 2542 οὐδὲ

2247 2588 2532 2661 χειμώνων
2581 2587 3050 2661 ἐπηρεαζομένην·
3093 2587 3221 2657 περὶ
3255 2585 3311 2638 δέ
3347 2585 3446 2655 τῆς
3494 2584 3665 2654 ψυχῆς
3688 2585 3749 2636 ού

2246 2687 2486 2759 φροντὶς,
2518 2685 2655 2741 ἀλλὰ
2684 2687 2712 2726 b
2743 2685 2846 2739 κᾶν
2885 2686 3010 2747 τοὺς
3041 2683 3323 2755 θεμελίους
3368 2683 3534 2751 αὐτῆς
3585 2681 3750 2750 [δωμε-

2247 2784 2540 2855 πομένους,
2569 2785 2672 2838 κᾶν
2706 2783 2805 2854 τὴν
2850 2780 3136 2851 οἰκοδομὴν
3190 2780 3285 2834 καὶ
3333 2780 3424 2832 τὸν
3478 2778 3694 2848 ὄροφον,
3731 2794 3750 2830 ι

2242 2885 2377 2954 ἡμῖν
2400 2883 2427 2936 ὁ
2451 2881 2606 2950 λόγος
2644 2880 2779 2934 ἐστί.
2806 2878 2972 2932 Πάλιν
3001 2877 3170 2946 ἄλογα
3197 2875 3263 2930 ἂν
3289 2875 3524 2946 ἔχωμεν,
3554 2874 3613 2926 τὸ
3634 2891 3749 2944 συμ·

2244 2981 2422 3035 αὐτῶν
2458 2978 2747 3050 ζητοῦμεν,
2782 2978 2876 3030 καὶ⁹
2907 2975 3278 3046 ίπποφορϐοὺς
3309 2974 3404 3026 καὶ
3445 2973 3749 3043 ίππιατροῦς

2244 3079 2422 3132 πάντα
2472 3076 2652 3130 κάλων
2711 3073 2969 3144 κινοῦμεν

2245 3177 2471 3238 καὶτοῖς
2489 3171 3021 3243 ὲμπεπιστευμένοις
3045 3169 3443 3240 παραινοῦμεν,
3471 3167 3614 3220 ὥστε
3642 3166 3722 3238 μὴ
3743 3185 3750 3217 ι

2245 3271 2380 3342 μηδέ
2415 3269 2491 3334 ώς
2536 3269 2726 3339 ἔτυχεν
2760 3267 3027 3335 ἐλαύνειν,
3070 3267 3203 3338 μηδὲ
3245 3265 3411 3336 βάρος
3433 3264 3744 3318 ἐπιτιθέναι

2241 3367 2378 3438 ἀωρὶ
2406 3366 2514 3419 τῶν
2535 3366 2747 3420 νυκτῶν
2778 3365 3015 3434 ἐξάγειν,
3048 3363 3181 3436 μηδὲ
3203 3362 3300 3427 τὰς
3317 3361 3527 3434 τροφὰς
3553 3363 3750 3431 ἀπεμι-

2240 3464 2333 3518 καὶ
2370 3463 2554 3516 πολλοὶ
2598 3464 2751 3532 νόμοι
2799 3463 2928 3534 περὶ
2972 3461 3066 3515 τοῦ
3118 3460 3497 3532 συμφέροντος
3544 3458 3664 3512 τῶν
3720 3459 3750 3510 ἁ

2242 3561 2450 3610 κεῖνται
2491 3557 2619 3628 παρ’
2641 3559 2774 3627 ἡμῖν
2803 3573 2816 3586 ·
2839 3557 2939 3626 τῆς
2964 3555 3020 3609 δὲ
3046 3554 3227 3626 ψυχῆς
3252 3553 3412 3622 λόγος
3433 3551 3638 3615 οὐδείς.
3684 3554 3750 3605 II:

2239 3652 2382 3721 λέγω
2409 3654 2537 3724 περὶ
2580 3652 2791 3720 ἀλόγων
2840 3652 2948 3705 τῶν
2991 3649 3273 3722 χρησίμων
3303 3652 3468 3720 ήμῖν;
3511 3649 3644 3703 Εἰσὶ
3667 3665 3749 3699 πο.

2243 3751 2535 3824 στρουθοὺς
2558 3752 2771 3826 ἔχουσιν
2793 3751 2942 3804 οὐδὲν
2973 3749 3195 3821 ἔχοντας
3211 3750 3509 3820 χρήσιμον,
3544 3746 3668 3801 ἀλλ’
3691 3747 3727 3817 ἢ

2239 3851 2562 3923 τέρποντας,
2589 3850 2682 3903 καὶ
2715 3848 2900 3902 πολλοὶ
2939 3849 3033 3901 καὶ
3071 3847 3199 3917 περὶ
3229 3846 3454 3900 ἐκείνων
3485 3845 3682 3915 νόμοι,
3724 3862 3750 3896 κ

2237 3947 2324 4001 δὲν
2355 3947 2704 4018 ἠμελημένον
2738 3946 2856 3999 οὐδὲ
2888 3945 3121 3998 ἄτακτόν
3161 3946 3296 4008 ἐστι,
3332 3943 3427 3996 καὶ
3467 3941 3708 3995 πάντων
3746 3959 3750 4009 ε

2237 4043 2662 4115 ἐπιμελούμεθα,
2711 4044 2744 4114 ἢ
2801 4041 2958 4113 ήμῶν
3009 4040 3208 4096 αὐτῶν.
3270 4039 3428 4093 Οὕτω
3489 4038 3733 4092 πάντων

2237 4141 2570 4214 ἀτιμότεροι.
2621 4139 2742 4193 Κᾶν
2803 4139 2900 4210 μέν
2955 4155 3038 4202 τις
3091 4139 3238 4209 ἡμᾶς
3281 4134 3530 4207 ὑϐρίζων
3566 4137 3734 4204 εἴπῃ,

2235 4237 2544 4308 ἀλγοῦμενο
2577 4238 2741 4308 ἡμεῖς
2770 4235 2827 4288 δὲ
2867 4236 3015 4306 ἡμᾶς
3044 4235 3243 4298 αὐτοὺς
3289 4232 3630 4304 ὑϐρίζοντες
3675 4232 3743 4284 οὐ

2235 4334 2350 4390 ἀλλ’
2387 4334 2552 4405 ἔργῳ,
2576 4334 2672 4387 καὶ
2715 4331 2851 4404 μηδέ
2880 4331 3152 4402 τοσαύτης
3189 4329 3584 4401 μεταδιδόντες
3611 4329 3721 4380 ἐπι
3733 4347 3750 4397 ι

2232 4435 2300 4505 τῇ
2328 4433 2471 4504 ψυχῇ
2493 4433 2624 4502 ὅσης
2651 4432 2761 4493 τοῖς
2786 4429 2966 4492 κυσὶν,
2989 4428 3141 4482 οὐδὲν
3165 4426 3449 4498 ἡγούμεθα
3469 4425 3737 4495 πάσχειν

2246 4529 2438 4601 Ὁρᾶτε
2489 4529 2615 4581 ὅσου
2664 4525 2887 4588 σκότους
2924 4523 2991 4578 τὰ
3031 4523 3206 4577 πάντα
3268 4522 3733 4593 ἐμπέπλησται;

2236 4627 2578 4700 φροντίζουσι
2627 4625 2736 4679 τῶν
2784 4623 3002 4691 κυνῶν,
3059 4620 3199 4677 ὥστε
3262 4621 3336 4693 μὴ
3368 4621 3550 4675 πλέον
3604 4620 3716 4672 τοῦ

2232 4725 2650 4798 ἐμπλησθῆναι,
2685 4723 2825 4777 ὥστε
2852 4721 2992 4786 ὀξεῖς
3026 4718 3164 4774 εἶναι
3189 4719 3282 4774 καὶ
3311 4718 3685 4790 θηρατικοὺς
3733 4717 3750 4768 ί

2231 4822 2388 4894 λιμοῦ
2417 4823 2509 4876 καὶ
2541 4822 2639 4893 τῆς
2669 4820 2860 4892 πείνης
2902 4818 3275 4890 ὡθουμένους”
3312 4817 3544 4872 ἑαυτῶν
3587 4817 3658 4869 δὲ
3699 4816 3750 4868 οξ

2233 4918 2521 4990 μελοῦνται
2550 4919 2669 4973 οὐδὲ
2704 4919 3082 4972 ἐπιτάττουσιν
3111 4915 3250 4970 ὥστε
3305 4916 3380 4987 μὴ
3409 4915 3666 4987 τρυφᾷν
3703 4929 3720 4943 ⁸

2233 5021 2331 5090 μὲν
2355 5020 2526 5088 ἄλογα
2561 5018 2874 5088 φιλοσοφεῖν
2903 5016 3248 5070 διδάσκουσιν
3272 5055 3287 5081 ,
3312 5014 3480 5066 αὐτοὶ
3503 5011 3574 5066 δὲ
3602 5013 3701 5075 εἰς
3731 5028 3750 5062 οι

2229 5117 2438 5186 ἀλόγων
2469 5115 2763 5188 θηριωδίαν
2797 5114 3080 5184 ἀνέχονται
3108 5111 3507 5182 καταγόμενοι.

2296 5217 2532 5285 Αίνιγμα
2555 5226 2578 5254 c
2610 5214 2672 5267 τὸ
2702 5212 2935 5285 πρᾶγμά
2974 5213 3112 5266 ἐστι.
3158 5209 3268 5262 Καὶ
3296 5208 3400 5261 ποῦ
3440 5205 3526 5260 τὰ
3571 5205 3750 5275 ᾶλογη

2229 5323 2385 5374 σοφα,
2414 5303 2610 5375 φησίνς
2636 5302 2708 5355 Ἢ
2737 5302 2797 5355 οὐ
2826 5301 2974 5354 δοκεῖ
3002 5316 3085 5353 σοι
3111 5295 3436 5368 φιλοσοφίας
3471 5291 3649 5347 εἶναι
3690 5311 3750 5362 με

2225 5395 2354 5448 ὅταν
2388 5392 2538 5446 κύων
2583 5389 2914 5460 δακνόμενος
2957 5387 3064 5441 ὑπὸ
3105 5386 3198 5440 τοῦ
3230 5382 3392 5454 λιμοῦ
3421 5423 3439 5446 ,
3480 5381 3658 5454 μετὰ
3689 5380 3750 5434 ἐἱ

2226 5483 2319 5536 καὶ
2347 5479 2636 5552 θηρεῦσαι,
2667 5480 2950 5550 παρούσης
2973 5475 3246 5546 ἀπέχηται
3270 5473 3366 5544 τῆς
3389 5471 3680 5543 τροφῆς,
3715 5487 3750 5522 κ

2224 5569 2397 5634 πεζαν
2423 5567 2564 5639 ὁρῶν
2591 5564 3039 5634 παρακειμένην,
3072 5562 3164 5614 καὶ
3215 5559 3306 5613 τοῦ
3349 5555 3537 5628 λιμοῦ
3581 5573 3750 5609 κατε

2223 5675 2314 5720 τος
2343 5655 2609 5725 άναμένοι
2650 5653 2743 5705 τὸν
2769 5652 3074 5721 δεσπότην;
3114 5646 3456 5718 Αἰσχύνθητε
3494 5643 3750 5698 ἑαυτοῦ

2222 5745 2448 5800 δεύσατε
2475 5742 2573 5805 τὰς
2607 5741 2880 5812 ὑμετέρας
2901 5739 3178 5810 γαστέρας
3198 5737 3370 5800 οὕτως
3391 5731 3568 5790 εἶναι
3595 5735 3750 5804 φιλο

2289 5866 2476 5917 ⁸Αἶὶιις
2537 5871 2759 5927 συνῆγον,
2803 5864 3020 5927 τουτέστι
3067 5863 3148 5911 καὶ
3185 5858 3409 5927 όμπὶοῦς.
3451 5920 3465 5927 ¹
3504 5858 3542 5896 δ
3609 5858 3750 5906 Unu

2225 5931 2375 5988 οὐδεὶς
2395 5930 2549 5992 λόγος,
2600 5920 2756 5980 άλλά.’
2827 5931 2849 5958 θ
2871 5925 3007 5977 Idem
3041 5924 3289 5988 θηριωδίαν
3333 5920 3707 5983 κατάγονται.

3038 3088 3053 3104 ’
3117 3071 3212 3126 καὶ
3265 3071 3444 3133 οἰκίας
3490 3067 3750 3138 ἐπιμελοῦ
