3950 6208
268 295 343 351 illi
1181 307 1243 362 IN
1282 307 1460 363 ACTA
1498 307 2018 366 APOSTOLORUM.
2061 311 2288 367 llOMlL.
2332 314 2571 371 XXXIV.

262 446 344 486 rem
369 442 485 482 esse
512 440 748 482 scenam.
781 422 963 494 Neque
991 423 1133 476 enim
1170 424 1258 493 qui
1298 436 1508 491 semper
1534 431 1803 491 cesserat,

260 524 323 579 hic
344 538 437 577 non
464 520 747 584 cessisset,
774 517 866 588 qui
895 517 964 570 ita
993 514 1215 569 Paulum
1240 515 1471 581 amabat,
1502 525 1557 569 ut
1582 516 1806 571 antehac

259 625 483 689 quareret
513 630 636 669 eum
665 611 839 678 Tarsi,
870 620 925 665 et
949 608 1017 664 ad
1044 608 1315 677 apostolos
1346 609 1517 677 ipsum
1558 608 1803 663 introdu-

258 720 394 776 reret,
425 716 480 762 et
520 708 916 776 eleemosyuam
945 716 1281 756 communem
1319 699 1554 767 faceret,
1582 711 1634 754 et
1663 700 1801 769 quod

254 806 301 860 ad
337 805 518 873 dogma
571 801 761 854 attinet
799 839 814 863 ,
860 796 1213 867 communiter
1260 794 1572 860 susciperet.
1622 791 1802 862 Itaque

253 915 329 953 non
351 905 566 967 propter
589 893 725 947 hanc
746 906 861 945 rem
894 890 1058 942 iratus
1080 886 1285 940 fuisset.
1316 884 1421 941 Sed
1450 895 1763 953 separantur
1783 926 1797 949 ,

249 990 537 1049 ntdoctmnt,
562 994 619 1039 et
642 999 735 1052 per
754 980 1145 1051 separationem
1177 991 1290 1041 eos,
1323 977 1410 1046 qui
1441 976 1676 1030 doctrina
1705 989 1797 1027 sua

246 1082 461 1151 egebant,
497 1077 784 1131 instituant
817 1085 916 1127 :ut
944 1072 1101 1126 etiam
1132 1070 1259 1125 alibi
1293 1069 1416 1122 facit
1441 1068 1661 1123 dicens:
1700 1060 1832 1121 Vos'

240 1184 373 1226 autem
390 1187 453 1224 ne
469 1166 822 1238 defatigemini
842 1165 1024 1219 bonum
1046 1164 1284 1233 facientes
1303 1162 1379 1231 (2.
1406 1161 1580 1214 Thess.
1605 1162 1655 1215 5.
1684 1161 1795 1228 15).

240 1266 290 1320 Et
319 1264 442 1319 alios
471 1261 697 1332 quidem
735 1259 1010 1327 increpat,
1048 1255 1198 1325 jubet
1242 1262 1418 1308 autem
1459 1251 1798 1307 benefacere

235 1373 334 1427 erga
378 1369 594 1409 omnes.
645 1351 757 1405 lloc
801 1349 961 1405 etiam
1006 1350 1060 1402 in
1098 1346 1482 1401 consuetudine
1513 1344 1791 1399 habemus.

235 1450 311 1503 llic
334 1457 508 1501 autem
542 1444 671 1499 mihi
696 1442 949 1496 videntur
978 1440 1064 1494 alii
1092 1454 1303 1509 quoque
1330 1437 1582 1507 indignati
1604 1452 1723 1489 esse
1745 1435 1794 1489 in

233 1540 445 1595 Paulum.
475 1537 546 1591 Et
570 1544 753 1605 postea
777 1533 888 1598 ille,
920 1532 1046 1601 ipsis
1067 1546 1305 1586 seorsum
1332 1530 1596 1593 adductis,
1620 1529 1795 1581 omnia

234 1632 358 1693 facit,
382 1638 593 1694 monet,
625 1626 887 1679 hortatur.
922 1624 1076 1678 Multa
1107 1633 1281 1694 potest
1302 1622 1607 1686 concordia,
1634 1622 1794 1675 multa

232 1723 403 1776 caritas
426 1737 441 1772 :
464 1717 675 1772 etiamsi
702 1730 801 1786 pro
822 1730 880 1770 re
903 1729 1090 1783 magna
1116 1729 1291 1785 roges,
1315 1713 1520 1768 etiamsi
1553 1712 1794 1782 indignus

235 1812 333 1875 sis,
359 1817 566 1879 propter
591 1806 927 1876 propositum
954 1804 1185 1883 audieris
1204 1846 1217 1866 ,
1250 1820 1316 1859 ne
1345 1804 1549 1858 timeas.
1576 1803 1793 1856 Peram-

235 1904 431 1965 bulabat,
460 1902 653 1970 inquit,
677 1898 919 1952 civitates.
946 1896 1012 1952 Et
1037 1915 1146 1952 ecce
1173 1907 1278 1952 erat
1300 1898 1577 1968 discipulus
1597 1900 1796 1950 nomine

230 1994 493 2049 Timotheus
518 2034 534 2058 ,
571 1992 660 2060 qui
703 1992 1041 2044 testimonium
1072 1991 1280 2044 habebat
1310 2008 1342 2043 a
1386 1990 1625 2061 fratribus
1649 2031 1662 2054 ,
1709 1991 1795 2060 qui

221 2100 344 2143 erant
370 2089 570 2161 Lystris
599 2102 645 2146 et
672 2091 857 2146 Iconii.
887 2093 1068 2162 Magna
1100 2091 1232 2146 fides
1252 2092 1266 2122 ¹
1290 2091 1578 2156 Timothei,
1607 2091 1694 2160 qui
1727 2089 1794 2144 ab

218 2185 441 2238 omnibus
468 2187 836 2241 testimonium
868 2186 1040 2240 habet.
1073 2186 1293 2252 Quando
1323 2185 1565 2240 discessit
1589 2183 1792 2237 Barna-

219 2278 317 2341 bas,
331 2278 561 2332 alterum
586 2278 686 2349 ipsi
711 2295 887 2347 parem
912 2279 1129 2333 invenit.
1163 2279 1236 2333 De
1257 2277 1356 2333 hoc
1377 2278 1570 2346 inquit:
1598 2276 1792 2330 Memor

220 2369 545 2440 tacrymarum
576 2382 775 2424 tuarum
806 2381 853 2423 et
881 2371 999 2438 fidei
1027 2380 1127 2423 tua:
1152 2388 1251 2424 non
1274 2372 1554 2435 simulatw,
1584 2371 1795 2439 quirin-

223 2462 433 2515 habitavit
458 2464 627 2531 primo
649 2465 698 2514 in
720 2463 831 2515 avia
857 2472 942 2514 tua
969 2462 1147 2528 Laide,
1166 2472 1212 2515 et
1242 2463 1293 2515 in
1315 2470 1473 2514 matre
1494 2470 1580 2513 tua
1603 2460 1794 2514 Eunice

224 2555 285 2617 i2.
304 2554 429 2608 Tim.
458 2557 483 2609 1
499 2555 673 2623 ΑΒ).
695 2555 761 2608 Et
777 2571 1056 2620 assumens,
1082 2556 1267 2625 inquit,
1293 2554 1436 2608 illum
1457 2556 1788 2609 circumcidit.

224 2644 317 2712 Qua
341 2648 409 2701 de
430 2662 591 2700 causa
621 2647 734 2715 ipse
762 2646 927 2709 addit,
958 2645 1140 2701 dicens
1166 2665 1178 2700 :
1205 2646 1423 2714 Propter
1452 2646 1682 2708 Judaaos,
1704 2646 1789 2716 qui

226 2748 345 2791 erant
370 2740 424 2791 in
457 2739 580 2792 locis
608 2739 729 2792 illis.
762 2738 886 2791 Ideo
913 2753 1038 2808 ergo
1064 2737 1487 2802 circumciditur;
1522 2737 1602 2791 vel
1631 2737 1788 2791 etiam

226 2838 419 2898 propter
458 2840 689 2897 patrem,
732 2831 819 2899 qui
845 2830 1060 2899 gentilis
1080 2830 1349 2885 manebat.
1381 2830 1520 2898 Ergo
1550 2844 1654 2883 non
1686 2829 1791 2884 cir-

226 2923 467 2977 cumcisus
494 2933 636 2977 erat.
673 2922 807 2976 Vide
828 2922 939 2991 jam
972 2922 1199 2977 solutam
1229 2922 1419 2991 legem.
1444 2921 1665 2989 Quidam
1694 2937 1791 2975 au-

225 3022 315 3065 tem
352 3024 533 3082 putant
586 3014 733 3067 illum
778 3023 894 3083 post
936 3014 1367 3083 prmdicationem
1401 3025 1578 3067 natum
1624 3027 1784 3079 esse;

223 3106 303 3159 sed
328 3106 502 3163 forsan
537 3106 641 3161 hoc
674 3122 779 3160 non
808 3117 908 3161 est.
938 3108 1015 3160 Ab
1038 3108 1253 3176 infantia
1281 3124 1439 3173 enim,
1474 3107 1670 3177 inquit,
1700 3123 1785 3159 sa-

220 3212 318 3251 cras
355 3199 525 3253 literas
554 3199 710 3252 nosti.
752 3198 883 3252 Illud
919 3200 1077 3269 igitur
1103 3210 1185 3253 est
1211 3199 1529 3264 dicendum;
1558 3198 1641 3253 vel
1680 3198 1788 3253 for-

219 3298 363 3349 tasse.
391 3292 519 3361 quia
550 3291 703 3346 illum
735 3291 1077 3346 ordinaturus
1107 3300 1221 3346 erat
1244 3292 1574 3361 episc0pum,
1599 3300 1650 3345 et
1682 3308 1786 3345 non

216 3378 424 3437 decebat
470 3382 901 3437 incircumcisum
951 3398 1088 3438 esse.
1138 3383 1253 3437 Jam
1309 3392 1484 3437 autem
1539 3382 1786 3453 gentibus

217 3472 335 3527 nihil
372 3475 479 3529 tale
512 3475 835 3530 servandum
863 3486 995 3531 erat.
1027 3475 1208 3545 Neque
1234 3476 1334 3530 hoc
1368 3491 1586 3544 parvum
1629 3484 1743 3529 erat
1766 3516 1782 3544 ,

212 3567 412 3632 quando
439 3576 560 3637 post
592 3576 795 3621 tantum
825 3576 1031 3638 tempus
1058 3570 1157 3622 hoc
1179 3568 1281 3622 illis
1306 3566 1625 3623 otlendiculo
1645 3576 1782 3622 erat.

209 3656 410 3714 initium
458 3661 824 3731 abrogationis
861 3672 993 3728 erat,
1042 3663 1181 3733 quod
1237 3663 1460 3731 gentiles
1512 3662 1624 3718 hmo
1678 3676 1783 3715 non

209 3765 477 3810 servarent
503 3770 679 3825 neque
706 3756 827 3810 hinc
854 3756 1173 3811 laederentur
1191 3798 1203 3819 ,
1233 3757 1466 3826 nihilque
1497 3756 1671 3811 minus
1692 3755 1786 3809 ha-

208 3843 389 3901 berent
414 3848 561 3903 (κίε-αι
592 3847 750 3903 fidem
778 3865 790 3901 :
820 3857 1010 3918 sponte
1034 3848 1246 3904 demum
1269 3848 1611 3905 desistebant.
1651 3850 1784 3917 Quia

208 3935 360 4005 'gitur
400 3940 792 4009 pradicaturus
830 3950 965 4008 erat,
999 3957 1065 3996 ne
1104 3941 1385 4012 dupliciter
1412 3953 1665 4013 pangeret
1692 3941 1786 3999 Ju-

208 4026 349 4084 dros
368 4074 381 4096 ,
410 4032 554 4085 hunc
580 4032 932 4099 circumcidit,
965 4033 1208 4103 quamvis
1233 4049 1298 4088 ex
1335 4033 1553 4089 dimidio
1580 4042 1782 4089 tantum

208 4131 366 4186 esset,
397 4136 549 4192 patre
585 4124 789 4193 gentili,
827 4133 995 4179 matre
1031 4124 1190 4179 fideli.
1232 4127 1476 4180 Attamen
1508 4126 1628 4196 quia
1668 4142 1783 4181 ma-

205 4224 365 4277 gnum
390 4224 505 4269 erat
533 4231 671 4283 opus
700 4216 832 4281 hoc,
874 4217 1012 4287 quod
1054 4218 1193 4272 inter
1218 4230 1402 4288 gentes
1434 4218 1533 4274 hoc
1560 4230 1780 4290 ageret,

208 4316 307 4356 non
353 4309 554 4361 curavit
596 4307 761 4373 illud;
796 4309 1073 4377 oportebat
1101 4310 1242 4363 enim
1282 4310 1499 4365 verbum
1539 4312 1784 4368 dissemi-

208 4396 317 4449 ιητὶ
344 4398 501 4453 :ideo
537 4408 596 4453 et
634 4399 748 4467 ipse
788 4399 934 4453 illum
968 4402 1312 4456 circumcidit.
1346 4404 1442 4458 llic
1476 4405 1635 4459 etiam
1664 4406 1783 4461 vide

206 4485 333 4542 dum
372 4506 404 4546 e
446 4495 720 4547 contrario
760 4493 968 4549 videtur
996 4509 1175 4565 agere,
1216 4512 1462 4566 magnum
1512 4509 1780 4568 peractum

204 4577 424 4637 bonum.
470 4581 535 4637 Et
578 4584 905 4638 abundabant
943 4602 1169 4651 numero,
1204 4587 1391 4657 inquit.
1432 4589 1616 4645 Viden'
1644 4607 1780 4661 quo-

202 4674 364 4727 modo
401 4692 508 4731 non
555 4677 728 4732 solum
770 4678 900 4732 nihil
947 4682 1188 4735 nocuerit
1216 4681 1573 4750 circumcisio,
1604 4684 1695 4739 sed
1728 4694 1783 4739 et

203 4764 487 4826 plurimum
515 4769 823 4839 profuerit?
852 4769 918 4824 Ut
937 4781 1103 4824 autem
1134 4773 1370 4827 visionem
1397 4774 1547 4842 vidit,
1578 4776 1778 4842 statim,

202 4856 390 4927 tinuit,
426 4864 749 4931 quaesiuimus
781 4865 1034 4932 proﬁcisci
1058 4866 1111 4918 in
1140 4865 1520 4933 Macedoniam,
1552 4870 1674 4922 certi
1702 4874 1783 4940 fa-

200 4952 263 4999 cti
289 4956 426 5013 quod
450 4965 675 5009 vocasset
698 4972 787 5009 nos
810 4954 965 5010 Deus.

279 5043 541 5103 Vitiarium
564 5058 610 5102 et
634 5051 944 5103 somniorum
966 5051 1239 5105 distinctio.
1258 5082 1329 5092 —
1356 5052 1506 5119 Vide,
1541 5069 1645 5109 non
1669 5055 1777 5123 jam

198 5148 293 5195 DC?
338 5140 609 5209 angelum,
634 5150 691 5193 ut
714 5140 961 5211 Philippo
991 5152 1042 5194 et
1076 5142 1353 5209 Cornelio;
1377 5147 1470 5199 sed
1498 5146 1658 5214 quid?
1681 5148 1782 5203 Per

194 5230 458 5287 vbiooem
485 5244 707 5304 apparet
731 5234 830 5305 ipsi
871 5234 1125 5305 deinceps
1173 5239 1404 5292 humano
1451 5255 1622 5306 more,
1674 5259 1777 5297 non

188 5318 395 5378 divino.
428 5324 527 5381 Ubi
553 5328 697 5381 enim
725 5326 932 5382 facilius
956 5338 1069 5382 erat
1096 5330 1438 5398 persuadere,
1460 5331 1775 5400 humanius;

188 5414 279 5466 ubi
312 5432 504 5488 magna
527 5420 609 5473 vis
638 5419 1056 5483 desiderabatur,
1091 5421 1339 5476 divinius.
1365 5423 1493 5477 Nam
1526 5425 1611 5479 ubi
1642 5442 1779 5496 prte-

186 5499 375 5563 d‘neare
416 5509 708 5565 festinabat
750 5512 945 5576 solum,
978 5512 1050 5567 ibi
1079 5514 1345 5569 somnium
1389 5516 1488 5586 ipsi
1528 5530 1775 5589 apparet;

183 5597 275 5652 Ibi
300 5615 439 5658 vero
471 5603 765 5673 praedicare
795 5621 900 5660 non
923 5606 1297 5679 sustinebatur,
1333 5610 1404 5665 ibi
1428 5609 1657 5679 Spiritus
1687 5628 1776 5669 re-

244 5778 265 5805 ‘
287 5780 425 5827 nam
446 5777 621 5840 habet,
647 5780 827 5845 gratia,
847 5794 951 5845 pro,
970 5780 1091 5846 ﬁdes

3392 322 3497 380 250

1909 424 2071 478 velat.
2103 426 2190 482 Sic
2219 439 2271 482 et
2296 430 2401 483 illic
2418 430 2611 485 Petro:
2640 432 2884 503 Surgens,
2916 434 3177 488 descende.
3206 434 3321 489 Non
3351 438 3492 492 enim

1912 514 2083 571 facilia
2102 520 2420 587 operabatur
2437 522 2687 591 Spiritus,
2707 524 2799 579 sed
2814 526 2940 580 satis
2956 535 3073 581 erat
3087 527 3187 596 ipsi
3203 528 3490 591 somnium.

1910 606 2143 677 Jusepho
2163 626 2372 681 quoque
2395 614 2547 670 facile
2570 617 2809 671 credenti
2830 620 3091 673 somnium
3116 631 3354 690 apparet,
3374 620 3493 676 aliis

1908 716 2037 753 vero
2065 701 2218 756 visio.
2245 705 2320 758 lta
2353 717 2405 759 ct
2434 705 2683 761 Cornelio
2719 717 2773 762 et
2815 709 2939 764 huic
2981 710 3100 779 ipsi.
3138 709 3205 763 Et
3234 728 3366 776 ecce,
3400 713 3486 766 in-

1908 794 2040 861 quit,
2072 795 2147 847 vir
2174 794 2387 850 Macedo
2409 808 2564 862 stans,
2598 800 2859 852 obsecrans
2894 810 2939 853 et
2969 801 3157 855 dicens.
3191 802 3305 857 Non
3333 802 3488 867 dixit,

1910 885 2250 956 Prmcipiens,
2280 889 2715 956 sed.00secrans;
2741 892 2791 947 id
2818 903 2920 955 est.
2952 910 3046 962 pro
3089 895 3153 948 iis
3198 897 3285 964 qui
3329 912 3487 949 cura-
3520 924 3521 927 η

1907 979 2052 1033 tione
2081 996 2214 1050 Opus
2252 980 2536 1037 habebant.
2580 983 2715 1051 Quid
2747 994 2851 1047 est,
2884 986 3015 1038 Certi
3043 986 3206 1056 facti?
3248 987 3357 1040 lloc
3385 996 3487 1052 est,

1906 1071 2289 1141 conjectantes,
2322 1074 2633 1130 inferentes.
2660 1077 2791 1131 Nam
2823 1078 2961 1148 quod
2994 1077 3189 1132 Paulus
3216 1078 3410 1133 viderit
3436 1092 3488 1133 et

1904 1177 2061 1216 nemo
2085 1164 2240 1229 alius,
2270 1174 2323 1219 et
2358 1166 2501 1235 quod
2530 1168 2828 1237 prohibitus
2852 1171 2920 1223 sit
2948 1186 2976 1222 a
3003 1170 3222 1238 Spiritu,
3265 1180 3317 1224 et
3347 1170 3485 1238 quod

1905 1253 1957 1307 in
1997 1257 2237 1311 terminis
2269 1267 2466 1323 essent,
2502 1274 2565 1313 ex
2600 1259 2683 1313 his
2726 1261 2975 1316 omnibus
3007 1260 3119 1315 hrec
3164 1260 3484 1316 inferebant.

1902 1346 2150 1415 Alioquin
2184 1349 2450 1418 navigatio
2478 1350 2606 1403 illud
2640 1351 2938 1405 indicabat:
2968 1368 3140 1421 neque
3177 1355 3319 1406 enim
3351 1352 3488 1407 mul-

1904 1446 2013 1491 tum
2047 1446 2254 1509 tempus
2281 1452 2415 1504 erat,
2450 1457 2554 1511 quo
2593 1443 2649 1496 in
2696 1444 2841 1497 illam
2887 1443 3210 1498 Macedoniae
3250 1443 3483 1499 radicem

1901 1544 2176 1589 venerant.
2202 1536 2374 1605 Atque
2402 1538 2470 1589 ita
2495 1536 2758 1591 dissensio
2780 1539 2979 1591 utiliter
3002 1538 3211 1607 provisa
3243 1537 3359 1592 fuit.
3380 1536 3484 1592 Ne-

1901 1641 2003 1695 que
2032 1628 2171 1680 enim
2203 1628 2333 1683 alias
2362 1629 2593 1697 Spiritus
2614 1639 2831 1686 sanctus
2855 1640 3107 1699 Operatus
3123 1642 3286 1693 esset,
3313 1647 3485 1702 neque

1900 1717 2208 1774 Macedonia
2236 1721 2457 1776 verbum
2485 1724 2827 1792 suscepisset.
2856 1724 3058 1779 Tantus
3089 1740 3215 1779 vero
3247 1725 3335 1779 ille
3358 1741 3480 1793 pro-

1901 1811 2069 1865 fectus
2097 1813 2304 1884 signum
2336 1823 2469 1876 erat,
2497 1830 2609 1868 rem
2634 1824 2836 1884 gestam
2862 1832 2965 1870 non
2986 1815 3148 1871 fuisse
3172 1816 3479 1871 humanam.

1899 1904 2057 1973 Atqui
2082 1921 2185 1959 non
2210 1905 2363 1970 dixit,
2385 1906 2679 1960 Barnabam
2710 1909 3091 1963 exacerbatum
3120 1908 3316 1971 fuisse;
3349 1909 3467 1972 sed,

1900 1995 2043 2049 Inter
2072 1998 2187 2050 illos
2214 1998 2458 2052 dissensio
2480 2001 2596 2069 fuit.
2625 2000 2682 2055 Si
2724 2001 2809 2055 hic
2838 2002 3187 2057 exacerbatus
3232 2018 3339 2056 non
3375 2011 3479 2067 est,

1899 2089 2207 2158 nequeiHe.

1970 2183 2021 2237 5.
2067 2183 2192 2237 llaec
2221 2200 2340 2239 cum
2364 2184 2614 2252 sciamus,
2654 2200 2721 2240 ne
2748 2185 3107 2255 perfunctorie
3134 2187 3221 2241 illa
3243 2186 3477 2254 excipia-

1898 2293 2035 2341 mus,
2067 2277 2161 2332 sed
2203 2278 2472 2334 discamus
2504 2290 2559 2333 et
2604 2279 2971 2343 instituamur;
3014 2295 3184 2349 neque
3231 2282 3371 2333 enim
3404 2287 3479 2332 tc~

1897 2383 2043 2423 mere
2072 2368 2331 2439 scriptum
2357 2380 2457 2424 est.
2479 2369 2719 2441 Magnum
2740 2371 2938 2425 malum
2964 2381 3048 2425 est
3073 2372 3319 2440 ignorare
3338 2371 3481 2426 Scri-

1896 2469 2111 2527 pturas:
2134 2476 2165 2515 a
2191 2461 2383 2531 quibus
2407 2462 2579 2532 juvari
2610 2471 2902 2532 oporteret,
2928 2463 2995 2517 ab
3024 2464 3087 2517 iis
3109 2463 3371 2518 Iredimur.
3391 2462 3480 2518 Sic

1895 2553 2199 2622 frequenter
2219 2554 2506 2624 pharmaca
2526 2555 2633 2608 vim
2656 2554 2907 2611 medendi
2929 2555 3200 2618 habentia,
3220 2571 3341 2610 cum
3364 2554 3480 2625 ejus

1896 2659 2049 2697 usum
2080 2646 2326 2699 nesciunt
2356 2647 2444 2714 qui
2486 2646 2575 2700 illa
2605 2646 2881 2709 adhibent,
2916 2657 3110 2700 nocent
3136 2661 3198 2698 ac
3241 2659 3481 2714 pessum-

1895 2728 2056 2782 dant:
2082 2739 2136 2783 et
2160 2744 2308 2783 arma
2340 2745 2457 2799 quin
2488 2739 2711 2798 possunt
2736 2730 2893 2795 tueri,
2927 2730 3029 2785 nisi
3055 2731 3173 2800 quis
3199 2738 3349 2784 recte
3374 2729 3481 2784 cir-

1892 2828 2199 2888 cumponat,
2220 2820 2284 2873 iis
2300 2830 2535 2875 utentem
2556 2823 2845 2890 perimunt.
2865 2822 3034 2876 Causa
3057 2836 3185 2876 vero
3211 2830 3313 2886 est,
3336 2821 3477 2891 quod

1892 2912 2066 2964 omnia
2119 2911 2287 2981 magis
2316 2927 2639 2981 qumramus.
2669 2928 2827 2982 quam
2858 2912 3051 2967 anima:
3080 2913 3392 2978 utilitatem;
3421 2924 3477 2968 et

1891 3004 1991 3057 alia
2019 3004 2190 3072 magis
2212 3014 2540 3073 spectemus,
2570 3020 2728 3075 quam
2756 3006 3042 3060 utilitatem
3074 3014 3335 3060 nostram.
3366 3006 3475 3059 Do-

1892 3110 2009 3149 mus
2047 3107 2192 3150 certe
2220 3095 2526 3152 lirmitatem
2559 3111 2700 3167 saepe
2736 3098 3046 3168 quaerimus,
3098 3112 3198 3152 nec
3241 3097 3473 3167 patimur

1892 3186 2039 3240 illam
2068 3195 2337 3242 vetustate
2364 3198 2640 3243 nutantem
2664 3188 2746 3243 vel
2776 3188 3045 3243 labentem
3068 3188 3271 3251 videre.
3304 3204 3475 3258 neque

1889 3291 1918 3328 a
1942 3285 2255 3346 tempestate
2279 3278 2665 3347 periclitantem
2686 3297 2697 3332 :
2714 3278 2780 3334 de
2798 3281 2973 3333 anima
2986 3294 3115 3334 vero
3132 3279 3276 3333 nulla
3302 3294 3425 3333 cura
3451 3298 3463 3331 :

1890 3369 1983 3423 sed
2014 3371 2226 3426 etiamsi
2259 3370 2603 3427 fundamenta
2634 3372 2754 3441 ejus
2784 3373 2995 3428 infirma
3031 3372 3328 3436 videamus,
3354 3373 3472 3428 licet

1890 3472 1945 3517 et
1966 3471 2294 3517 structuram
2325 3473 2377 3518 et
2408 3473 2605 3519 tectum
2633 3464 2854 3534 perinde
2886 3464 3115 3531 habere;
3148 3466 3348 3520 nullam
3371 3465 3471 3518 ho-

1889 3571 2005 3610 rum
2034 3556 2296 3611 rationem
2326 3556 2604 3613 habemus.
2643 3557 2772 3612 ltem
2800 3558 2845 3614 si
2875 3568 3117 3614 armenta
3159 3559 3471 3626 habeamus.

1890 3649 2018 3719 quid
2046 3649 2149 3703 illis
2175 3650 2347 3718 prosit
2371 3651 2684 3719 qumrimus,
2718 3650 3073 3721 ductoresque
3110 3667 3173 3706 ac
3211 3652 3469 3715 medicos.

1888 3756 2209 3813 omnemque
2231 3742 2460 3811 lapidem
2488 3757 2765 3797 movemus
2784 3744 2799 3774 ¹
2822 3761 2836 3797 :
2862 3742 3050 3798 domos
3079 3758 3290 3815 quoque
3314 3760 3473 3801 cura-

1890 3848 2029 3895 mus,
2057 3840 2113 3886 et
2140 3846 2233 3887 eos
2263 3832 2455 3901 quibus
2487 3833 2602 3886 lucc
2628 3833 2915 3888 commissa
2941 3844 3064 3889 sunt
3087 3836 3383 3901 hortamur,
3411 3848 3470 3891 ut

1890 3942 1995 3982 non
2026 3937 2227 3981 temere
2253 3926 2337 3981 vel
2362 3925 2723 3997 perfunctorie
2760 3926 3002 3997 jumenta
3028 3927 3264 3999 abigant,
3294 3945 3470 4000 neque

1889 4032 2049 4074 onera
2080 4018 2373 4088 imponant,
2416 4016 2500 4072 vel
2548 4017 2866 4087 intempesta
2899 4028 3055 4074 nocte
3095 4018 3346 4085 educant,
3378 4020 3467 4075 vel

1887 4110 2141 4165 alimenta
2167 4107 2512 4173 venumdent,
2548 4108 2834 4179 multmque
2871 4109 3015 4179 leges
3043 4108 3183 4179 apud
3211 4124 3309 4164 nos
3340 4122 3468 4166 sunt

1887 4203 1952 4258 ad
1980 4203 2262 4257 utilitatem
2292 4200 2657 4271 jumentorum
2684 4219 2697 4256 :
2720 4202 2788 4257 de
2813 4202 2989 4258 anima
3016 4203 3152 4258 ratio
3179 4202 3344 4259 nulla.
3364 4203 3468 4260 Ve-

1888 4311 2005 4350 rum
2036 4294 2161 4363 quid
2190 4293 2309 4349 dico
2328 4292 2395 4349 de
2415 4294 2606 4361 brutis,
2632 4310 2751 4365 qua:
2772 4294 2927 4349 nobis
2953 4295 3100 4349 utilia
3123 4294 3280 4350 sunt?
3312 4294 3466 4351 Multi

1888 4395 2030 4452 sunt,
2061 4386 2151 4457 qui
2182 4401 2425 4457 passeres
2452 4386 2651 4441 habent
2678 4386 2747 4442 ad
2775 4387 2907 4442 nihil
2934 4389 3111 4451 utiles.
3144 4387 3239 4444 sed
3264 4389 3354 4460 qui
3378 4404 3466 4445 so—

1887 4481 1996 4534 lum
2021 4488 2287 4545 recreant,
2312 4479 2601 4550 multaeque
2622 4491 2747 4535 sunt
2774 4482 2914 4537 circa
2957 4482 3076 4537 illos
3106 4483 3273 4553 leges,
3301 4484 3466 4539 nihil-

1886 4587 1987 4642 que
2001 4571 2283 4641 negligitur
2300 4572 2381 4626 vel
2398 4571 2689 4627 omittitur:
2712 4576 2993 4644 omniaque
3010 4578 3178 4646 magis
3193 4592 3464 4641 curamus.

1886 4678 2043 4732 quam
2069 4678 2166 4717 nos
2194 4663 2359 4732 ipsos.
2391 4661 2480 4718 Sic
2509 4664 2759 4719 omnibus
2787 4682 2971 4721 sumus
3017 4668 3381 4736 ignobiliores.
3410 4668 3464 4725 Si

1890 4756 2010 4824 quis
2030 4756 2419 4811 contumeliose
2441 4757 2594 4811 nobis
2614 4756 2829 4824 dixerit,
2849 4758 3031 4826 Canis,
3056 4761 3299 4818 dolemus
3315 4781 3327 4792 ο
3347 4780 3467 4817 cum

1888 4861 2017 4901 vero
2043 4862 2141 4901 nos
2169 4847 2268 4917 ipsi
2299 4848 2453 4902 nobis
2482 4850 2859 4904 contumeliam
2884 4849 3182 4918 inferimus,
3216 4868 3320 4908 non
3351 4870 3470 4909 ver-

1889 4938 1975 5001 bo,
2009 4937 2102 4992 sed
2126 4953 2206 5001 re,
2235 4954 2335 4993 nec
2359 4947 2559 4993 tantam
2586 4941 2776 4993 animae
2801 4956 2982 4995 curam
3008 4940 3284 5008 habemus,
3303 4959 3463 5014 quam

1892 5045 2108 5092 canum,
2134 5028 2263 5082 nihil
2289 5045 2387 5083 nos
2412 5032 2519 5098 pati
2544 5040 2809 5100 putamus.
2838 5031 3026 5087 Videte
3052 5035 3264 5102 quantis
3290 5038 3469 5092 omnia

1895 5121 2049 5189 plena
2075 5120 2183 5175 sint
2212 5121 2467 5175 tenebris.
2496 5122 2639 5187 Quot
2667 5130 2793 5176 sunt
2825 5124 2914 5193 qui
2944 5125 3180 5190 student,
3211 5142 3279 5183 ne
3305 5144 3468 5187 canes

1891 5212 2009 5281 plus
2036 5228 2187 5282 a‘quo
2212 5214 2570 5275 exsatientur;
2604 5223 2662 5267 ut
2688 5215 2797 5267 sint
2840 5216 3055 5271 veloces
3105 5228 3160 5273 et
3203 5225 3470 5279 venatorii

1892 5315 2163 5373 premente
2194 5304 2361 5370 fame;
2381 5304 2448 5358 de
2469 5320 2529 5360 se
2548 5320 2677 5360 vero
2699 5307 2828 5361 nihil
2849 5308 3222 5367 sollicitudinis
3244 5313 3463 5381 habent,

1889 5412 2062 5467 neque
2101 5397 2205 5451 sibi
2250 5397 2587 5467 pra-cipiunt,
2617 5415 2686 5454 ue
2711 5397 2916 5456 deliciis
2958 5401 3087 5458 dent
3132 5420 3386 5476 operam:
3418 5420 3469 5463 et

1886 5490 2039 5544 bruta
2072 5488 2288 5558 quidem
2319 5488 2686 5559 philosophari
2715 5492 2932 5563 ducent,
2961 5510 3021 5552 se
3049 5511 3177 5553 vero
3202 5499 3253 5553 in
3283 5500 3465 5555 bruto-

1884 5598 2000 5637 rum
2033 5582 2293 5638 feritatem
2318 5582 2424 5638 labi
2452 5585 2743 5655 patiuntur.

1948 5740 1964 5771 ¹
1991 5738 2047 5788 ln
2060 5739 2229 5811 anteco
2251 5738 2450 5811 legitur,
2465 5753 2584 5790 πάντα
2598 5756 2712 5799 se)...
2727 5762 2908 5811 ιινοῧμνι
2931 5747 3055 5810 Quod
3075 5754 3167 5808 est,
3191 5746 3465 5804 adltteram.

1898 5813 2083 5852 onmem
2100 5801 2362 5867 {tantulum
2388 5814 2640 5856 mactmus.
