3950 6208
1282 300 1341 356 8.
1377 293 1653 354 JOANNIS
1687 284 2163 350 CHRYSOSTOHI
2203 282 2519 341 ARClllEP.
2547 283 3075 342 CONSTANTINOP.

653 414 927 473 Brutorum
949 412 1269 484 philosophia
1293 426 1427 483 quae.
1445 440 1516 450 -—
1542 407 1789 478 Enigma
1809 414 1891 460 est
1911 404 2025 457 haec
2047 413 2158 457 res.
2266 396 2509 453 inﬁdeles
2535 399 2674 454 bene
2701 409 2883 470 agunt,
2912 408 2967 454 et
2995 401 3119 455 ferte
3140 414 3437 473 canesque;
3468 403 3565 459 soli
3592 401 3766 458 homim

585 510 652 565 Et
680 509 894 564 ubinam
918 515 1042 563 sunt
1068 503 1316 560 animalia
1338 500 1674 573 philosopha,
1707 496 1945 568 inquies?
1971 496 2164 549 Annon
2266 489 2504 545 minime.
2541 489 2646 547 Sed
2679 503 2733 547 et
2771 507 2870 547 nos
2915 493 3015 564 ipsi
3058 508 3158 548 nos
3182 497 3567 564 accusabimus,
3595 500 3675 569 qui
3703 516 3762 555 cu

586 603 683 658 tibi
709 601 919 657 videtur
948 613 1155 670 magnae
1179 611 1299 653 esse
1326 593 1697 667 phil050phize,
1721 607 1841 646 cum
1868 587 2018 643 canis
2048 602 2173 657 pre-
2270 585 2540 649 volumus,
2570 594 2718 641 recte
2745 586 2981 657 agimus;
3010 602 3132 642 cum
3175 604 3305 644 vero
3347 591 3671 662 negligimus,
3702 612 3760 664 pe

587 703 766 750 mente,
782 692 943 758 fame,
968 700 1248 762 postquam
1268 690 1321 745 in
1338 697 1531 744 venatu
1552 685 1713 756 cepit,
1731 700 1759 738 a
1782 682 2028 755 prmsenti
2047 695 2169 735 esca
2270 676 2553 732 trahimur.
2573 676 2703 732 Nam
2727 694 2793 734 ex
2812 679 2875 733 iis
2893 680 3077 748 etiam,
3098 681 3187 751 qui
3211 684 3518 754 nequissimi
3534 695 3665 753 sunt,
3685 705 3766 745 mu

587 786 840 851 abstinet,
874 795 927 840 et
958 794 1179 856 urgente
1200 783 1340 838 fame
1363 781 1635 837 dominum
1651 776 1955 848 exspectat?
1972 774 2146 830 Pudea

2275 784 2419 837 saepe
2442 784 2565 824 cum
2593 770 2811 838 vellent,
2837 781 2963 827 sunt
2987 774 3195 828 mutati.
3221 774 3278 829 ln
3308 791 3465 832 causa
3490 787 3586 845 est,
3611 790 3663 835 ut
3701 784 3765 838 di:

592 893 722 936 vos:
749 887 964 935 ventres
1002 878 1195 933 docete
1236 886 1467 941 vestros,
1499 884 1559 929 ut
1602 875 1672 928 ita
1713 874 1822 929 sint
1846 867 2171 941 philosophi.
2277 861 2400 930 quia
2424 861 2810 929 circuimus,ca
2829 874 3130 934 quaerentes
3144 884 3263 938 quae
3280 871 3400 926 aliis
3420 874 3706 944 utilium“,
3728 894 3765 931 ni

592 971 745 1029 Nulla
772 969 923 1026 vobis
952 970 1226 1025 excusatio
1253 976 1353 1024 est.
1398 967 1530 1023 Cum
1562 974 1765 1020 naturae
1803 959 2175 1026 irrationabili,
2281 954 2454 1009 nobis.
2477 955 2532 1011 Si
2553 955 2769 1011 domum
2787 961 3114 1018 exstruxeris
3130 963 3679 1034 splendidam,domus
3696 987 3766 1028 co:

595 1078 716 1136 qua:
755 1078 855 1119 nec
884 1062 1119 1132 loquitur
1149 1075 1248 1115 nec
1284 1058 1649 1120 ratiocinator,
1699 1064 1899 1110 tantam
1944 1051 2155 1123 philoso

2285 1046 2445 1101 modo
2464 1045 2669 1115 studes,
2697 1063 2803 1103 non
2830 1058 2953 1105 tuo:
2984 1052 3030 1106 si
3060 1062 3264 1110 vestem
3289 1059 3613 1125 magniﬁcam
3631 1078 3765 1119 emer

601 1155 782 1225 phiam
813 1152 1001 1208 indere
1045 1153 1241 1224 possis,
1291 1151 1461 1207 multo
1508 1149 1678 1220 magis
1708 1145 1908 1218 poteris
1935 1145 2026 1199 tibi
2057 1144 2177 1215 ipsi.
2286 1140 2528 1210 corporis
2559 1139 2738 1197 decori
2776 1144 3039 1206 consulis.
3071 1162 3176 1202 non
3208 1156 3300 1203 tuo
3326 1168 3341 1204 :
3369 1150 3414 1205 si
3441 1167 3628 1222 equum
3656 1155 3766 1211 boni

600 1247 761 1315 Quod,
780 1245 921 1301 enim
952 1260 1019 1300 ex
1052 1246 1280 1299 humana
1302 1242 1596 1314 diligentia,
1628 1256 1733 1296 non
1756 1256 1821 1296 ex
1852 1247 2036 1294 natura
2063 1252 2186 1308 pro-
2287 1232 2577 1300 curaveris,
2613 1233 2880 1290 similiter.
2922 1236 3088 1293 Nemo
3116 1250 3267 1295 curat
3294 1251 3354 1298 ut
3379 1244 3447 1299 sit
3472 1246 3639 1300 anima
3664 1248 3763 1303 bon

606 1338 873 1393 ﬁciscatur
898 1334 1099 1405 liquet;
1127 1334 1362 1405 alioquin
1390 1342 1664 1404 oporteret
1690 1345 1878 1385 omnes
1899 1342 2059 1385 canes
2084 1326 2187 1383 hoc
2289 1326 2532 1395 quamvis
2547 1326 2592 1381 Si
2613 1327 2706 1383 illa
2722 1327 2860 1383 bona
2888 1329 2978 1397 Sila
3005 1346 3108 1387 ηοη
3133 1333 3203 1387 Sil
3226 1334 3330 1389 iiiis
3350 1350 3512 1405 opus;
3534 1339 3574 1394 Si
3598 1339 3727 1395 bona
3746 1359 3766 1395 Il

604 1427 824 1483 habere.
858 1423 1048 1481 Estote
1087 1425 1281 1482 saltem
1309 1424 1449 1481 sicut
1491 1438 1675 1480 canes.
1721 1421 1829 1478 Vos
1871 1436 1957 1477 me
1997 1421 2188 1491 cogitis
2292 1420 2380 1483 sit,
2410 1419 2553 1474 nulla
2580 1436 2646 1476 ex
2674 1420 2779 1476 illis
2806 1423 3026 1479 utilitas.
3055 1423 3203 1480 Sicut
3227 1427 3370 1482 enim
3408 1444 3530 1485 cum
3572 1415 3635 1486 de
3664 1447 3766 1503 spot

608 1520 732 1574 hinc
755 1518 999 1589 exempla
1024 1517 1252 1573 ducere:
1284 1516 1608 1587 oportuisset
1635 1514 1777 1571 enim
1808 1529 1838 1568 a
1865 1513 2187 1576 caelestibus;
2293 1511 2485 1581 agitur,
2518 1511 2635 1568 sive
2678 1513 2801 1569 lecti
2845 1515 2955 1569 sint
3000 1530 3068 1571 ex
3115 1517 3468 1575 velaminibus
3510 1522 3701 1588 aureis,
3746 1540 3766 1578 s

607 1612 731 1683 quia
758 1625 887 1667 vero
915 1611 961 1666 si
995 1610 1100 1665 tale
1126 1608 1400 1680 quidpiam
1430 1609 1640 1676 dixero,
1679 1607 1859 1664 dicitis
1887 1606 1977 1662 illa
2003 1622 2192 1678 magna
2295 1599 2445 1657 chori
2476 1602 2760 1660 mulierum
2791 1604 3322 1677 formosissimarum,
3363 1613 3480 1668 sive
3522 1629 3653 1669 rosa:
3688 1616 3766 1671 ad:

609 1719 762 1760 esse:
786 1704 908 1759 ideo
939 1701 1073 1758 nihil
1115 1702 1407 1758 caelestium
1452 1716 1714 1757 memoro.
1745 1700 1801 1756 Si
1840 1699 2027 1755 dixero
2052 1698 2194 1755 Pau-
2296 1702 2351 1749 et
2374 1706 2611 1761 coronae,
2639 1696 2753 1751 sive
2781 1712 3012 1767 sponsus
3039 1699 3327 1767 formosus,
3370 1703 3483 1759 sive
3509 1705 3766 1772 ancillze,s

612 1796 745 1859 lum,
768 1793 945 1851 dicitis
986 1795 1135 1849 illum
1176 1792 1348 1849 fuisse
1391 1791 1724 1863 apostolum;
1756 1790 1877 1846 ideo
1917 1805 2026 1845 non
2074 1789 2196 1846 dico
2299 1784 2485 1840 amica:
2514 1794 2825 1857 cunctasque
2851 1788 3061 1845 decora:
3090 1792 3217 1855 sint,
3264 1792 3307 1847 si
3356 1793 3446 1849 illa
3489 1796 3735 1852 deformis

575 308 674 363 251

610 1886 855 1942 Paulum.
887 1885 944 1941 Si
975 1885 1160 1941 dixero
1182 1884 1475 1951 hominem,
1504 1882 1712 1947 dicetis,
1735 1880 1828 1937 Ille
1855 1882 2052 1951 potuit;
2077 1881 2198 1937 ideo

613 1994 790 2049 neque
821 1978 1090 2033 hominem
1121 1976 1263 2044 dico,
1303 1977 1398 2033 sed
1424 1976 1675 2042 bestiam,
1720 1982 1776 2030 et
1813 1973 2039 2030 bestiam
2080 1990 2199 2046 quas

615 2070 720 2126 hoc
740 2084 846 2125 non
869 2085 933 2124 ex
966 2078 1154 2124 natura
1175 2083 1272 2124 sua
1299 2068 1479 2134 habet,
1512 2082 1580 2123 ne
1600 2066 1794 2121 dicatis
1816 2066 1983 2135 ipsam
2010 2082 2077 2122 ex
2102 2082 2199 2121 na-

619 2170 739 2216 tura
769 2160 990 2226 habere,
1022 2175 1128 2216 non
1156 2176 1222 2217 cx
1254 2159 1533 2231 proposito
1572 2173 1703 2224 suo;
1733 2158 1981 2230 quodque
2008 2159 2201 2214 mirum

618 2260 725 2315 est,
757 2267 863 2307 non
892 2252 1167 2322 proposito
1193 2266 1311 2317 suo,
1342 2249 1436 2306 sed
1458 2264 1586 2305 cura
1623 2259 1732 2307 tua.
1768 2246 1884 2305 Non
1911 2250 2053 2319 quod
2080 2249 2203 2305 fati-

621 2353 765 2413 gata,
799 2358 904 2397 non
932 2342 1074 2411 quod
1104 2357 1264 2397 cursu
1307 2340 1596 2410 discerpta,
1638 2355 1746 2396 non
1793 2340 1939 2411 quod
1986 2342 2206 2412 proprio

625 2432 808 2487 labore
830 2441 977 2502 parta
1003 2431 1116 2488 lnrc
1141 2433 1368 2503 cogitet;
1398 2431 1493 2487 sed
1520 2431 1601 2487 his
1628 2430 1877 2487 omnibus
1908 2430 2050 2487 foras
2080 2432 2208 2489 mis-

628 2524 724 2591 sis,
740 2524 945 2592 jussum
964 2523 1164 2578 domini
1184 2532 1363 2579 servat
1378 2535 1424 2579 et
1447 2534 1633 2580 ventre
1648 2523 1708 2579 ﬁt
1724 2525 1989 2595 superior.
2010 2525 2205 2592 Etiam,

630 2613 871 2683 inquies;
901 2622 1174 2683 exspectat
1220 2615 1362 2668 enim
1412 2614 1639 2678 laudari,
1686 2624 1961 2686 exapcctat
2006 2616 2211 2687 majore

628 2702 733 2759 frui
763 2720 966 2760 mensa.
992 2705 1085 2759 Dic
1116 2703 1276 2775 igitur
1306 2704 1398 2760 tibi
1427 2706 1547 2775 ipsi,
1579 2720 1765 2761 canem
1786 2722 1881 2777 spe
1901 2707 2093 2764 futura:
2112 2724 2212 2764 vo-

630 2795 847 2865 luptatis
877 2804 1193 2866 prmsentem
1215 2797 1521 2868 despicere;
1546 2806 1601 2853 tu
1626 2814 1755 2855 vero
1778 2815 1886 2855 non
1909 2801 1992 2857 vis
2017 2817 2112 2872 spe
2134 2799 2214 2858 lu-

634 2896 875 2941 turorum
928 2886 1191 2942 bonorum
1244 2889 1526 2958 prmscntia
1565 2898 1930 2946 contemnere.
1970 2891 2080 2949 Sed
2125 2893 2215 2950 ille

634 2978 847 3049 quidem
878 2977 1046 3044 novit,
1080 2980 1123 3032 si
1155 2978 1526 3049 intempestive
1546 2989 1596 3036 et
1625 2992 1821 3051 praeter
1848 2982 2093 3051 placitum
2116 2983 2217 3038 do-

638 3070 770 3125 mini
798 3070 975 3125 cibum
1007 3070 1270 3141 degustet,
1305 3072 1397 3127 illo
1420 3073 1581 3128 etiam
1603 3073 1917 3143 privandum
1949 3090 2087 3142 esse,
2110 3090 2210 3131 nec

639 3172 876 3233 paratam
916 3178 1093 3219 escam
1135 3164 1436 3219 habiturum
1468 3177 1607 3230 esse,
1641 3165 1735 3220 sed
1766 3166 1946 3239 plagas
1976 3184 2071 3237 pro
2093 3168 2215 3226 cibo

639 3264 1013 3325 accepturum;
1048 3264 1101 3309 tu
1135 3270 1263 3310 vero
1293 3272 1360 3310 ne
1389 3255 1490 3311 hoc
1520 3256 1732 3327 quidem
1758 3266 1907 3328 potes
1932 3259 2114 3316 videre
2136 3282 2148 3317 :
2167 3271 2223 3317 et

642 3348 783 3417 quod
808 3348 896 3403 ille
924 3362 954 3402 a
978 3346 1366 3404 consuetudine
1408 3348 1610 3414 didicit,
1662 3348 1765 3405 hoc
1795 3360 1850 3406 tu
1878 3352 2085 3408 ratione
2115 3369 2222 3409 non

641 3438 916 3495 emendas.
947 3438 1221 3495 imitemur
1248 3453 1428 3494 canes.
1455 3439 1568 3495 Hoc
1588 3440 1837 3497 dicuntur
1855 3450 1910 3498 et
1937 3444 2224 3515 accipitres

645 3539 697 3584 et
724 3531 914 3598 aquila:
943 3530 1151 3595 facere;
1186 3538 1239 3585 et
1268 3530 1409 3585 sicut
1450 3530 1589 3585 inter
1628 3531 1769 3587 feras
1810 3539 1865 3587 et
1889 3548 2109 3604 capreas
2137 3550 2227 3590 ca-

647 3638 766 3688 nes,
794 3622 872 3676 sic
902 3622 953 3675 1ιί
987 3621 1125 3676 inter
1152 3637 1277 3677 aves
1302 3621 1541 3677 faciunt:
1566 3622 1621 3677 hi
1652 3639 1779 3679 vero
1807 3624 1965 3680 etiam
2009 3640 2077 3681 ex
2121 3626 2226 3681 hu-

652 3727 808 3766 mana
849 3712 1202 3783 philosophia.
1241 3714 1365 3769 llaec
1411 3730 1511 3770 nos
1556 3714 1811 3773 damnare
1840 3728 2083 3788 possunt,
2114 3718 2230 3775 hsce

652 3819 751 3860 nos
776 3818 988 3873 capere.
1020 3805 1179 3859 Aliud
1208 3805 1413 3862 dicam:
1438 3821 1606 3878 equos
1630 3818 1869 3880 agrestes
1906 3818 1962 3866 et
1999 3811 2231 3867 indomi-

653 3906 758 3963 tos,
786 3896 1127 3952 calcitrantcs
1154 3906 1208 3953 et
1234 3899 1563 3967 mordentes,
1594 3899 1741 3956 brevi
1769 3911 2010 3972 tempore
2040 3902 2110 3957 ita
2141 3918 2233 3974 pe-

654 3987 742 4042 riti
772 3987 1038 4055 erudiunt,
1066 3998 1125 4042 ut
1147 4004 1312 4060 eques
1341 3988 1579 4047 insidens
1607 4006 1673 4047 ex
1701 3992 1997 4065 composito
2022 3994 2234 4051 incessu

653 4079 955 4136 oblectetur
993 4082 1269 4136 :animam
1317 4097 1446 4139 vero
1494 4083 1849 4154 incomposite
1900 4084 2234 4142 incedentem

657 4192 818 4232 nemo
845 4187 1016 4245 curat,
1047 4177 1140 4234 sed
1163 4178 1338 4233 exsilit
1363 4178 1470 4243 illa,
1500 4178 1761 4244 calcitrat,
1787 4176 2040 4233 deorsum
2070 4179 2237 4235 trabi-

659 4280 745 4325 tur
772 4281 830 4325 ut
850 4286 1010 4341 puer,
1044 4270 1294 4326 indecore
1323 4271 1520 4324 millies
1563 4270 1690 4341 agit,
1723 4285 1989 4340 nemoque
2010 4272 2116 4344 ipsi
2146 4288 2238 4328 ca-

662 4376 807 4414 mum
841 4361 1009 4430 injicit
1045 4369 1097 4414 et
1126 4360 1417 4415 retinacula
1463 4360 1677 4430 pedum,
1722 4363 1805 4417 vel
1850 4360 2026 4429 frena,
2066 4380 2241 4437 neque

663 4448 895 4503 admittit
926 4450 1015 4503 illa
1048 4449 1277 4517 peritum
1321 4450 1578 4518 equitem,
1626 4450 1898 4507 Christum
1941 4453 2083 4509 dico.
2117 4454 2242 4512 ideo

664 4539 843 4593 omnia
870 4554 963 4593 sus
989 4538 1159 4607 deque
1186 4540 1355 4609 posita
1378 4550 1522 4595 sunt.
1554 4542 1684 4597 Cum
1709 4544 1847 4598 enim
1870 4560 2030 4601 canes
2050 4546 2244 4605 doceas

666 4631 839 4687 ventri
870 4630 1154 4702 imperare,
1197 4640 1252 4685 et
1282 4632 1514 4687 furorem
1545 4632 1715 4689 leonis
1739 4634 1979 4703 edomes,
2017 4648 2071 4694 et
2100 4638 2245 4695 fero-

669 4721 806 4775 ciam
837 4721 987 4791 equi,
1035 4730 1090 4777 et
1118 4721 1313 4779 doceas
1341 4737 1468 4777 aves
1498 4722 1641 4794 loqui
1677 4740 1692 4777 :
1733 4739 1910 4780 annon
1953 4727 2242 4784 absurdum

670 4813 833 4869 fuerit
861 4813 1031 4869 brutis
1060 4815 1262 4871 naturis
1282 4816 1611 4871 rationabilia
1642 4833 1803 4888 opera
1844 4820 2047 4887 indere,
2079 4824 2130 4877 in
2157 4840 2246 4879 ra-

674 4905 946 4961 tionabilia
975 4921 1105 4961 vero
1143 4906 1585 4962 irrationabilium
1614 4908 1739 4963 vitia
1783 4909 2070 4968 inducere?
2094 4914 2248 4972 Nulla

676 4996 851 5063 nobis,
881 4996 1025 5051 nu'lla
1052 5004 1200 5052 certe
1225 4997 1380 5052 venia
1422 5007 1523 5052 est.
1550 4996 1752 5052 Omnes
1786 5001 1875 5069 qui
1904 5001 2040 5058 bene
2064 5015 2247 5075 agunt,

674 5096 782 5141 tam
814 5087 998 5144 ﬁdeles
1036 5103 1197 5159 quam
1246 5088 1510 5157 inﬁdeles,
1539 5104 1637 5145 nos
1660 5091 2003 5148 accusabunt.
2032 5093 2164 5152 Nam
2196 5109 2251 5155 et

2303 1875 2448 1932 nulla
2470 1877 2702 1945 utilitas;
2734 1888 2794 1934 ut
2818 1896 2994 1951 neque
3018 1881 3293 1951 damnum,
3322 1885 3367 1940 si
3390 1886 3479 1941 illa
3516 1888 3727 1957 pulchra
3759 1906 3766 1943 ε

2304 1969 2413 2024 imo
2438 1979 2645 2026 contra.
2679 1972 2810 2028 Nam
2833 1974 2876 2029 si
2902 1974 3158 2031 deformis
3182 1978 3270 2044 sit,
3299 1994 3328 2033 a
3358 1979 3601 2037 formosis
3622 1982 3766 2038 laedet

2305 2061 2350 2115 si
2373 2059 2629 2131 formosa,
2660 2079 2689 2118 a
2716 2063 3044 2122 deformibus
3080 2068 3371 2137 juvabitur.
3400 2072 3491 2128 Sic
3517 2084 3571 2128 ct
3598 2075 3766 2129 anima

2308 2153 2527 2223 pulchra
2554 2156 2644 2223 sit,
2688 2171 2794 2211 non
2821 2158 2980 2213 modo
3006 2161 3154 2215 nullo
3198 2166 3386 2217 horum
3413 2178 3547 2235 opus
3575 2165 3754 2233 habet,

2307 2244 2470 2300 etiam
2502 2246 2591 2301 illa
2636 2247 2921 2304 obumbrat
2947 2251 3290 2321 pulchritudo
3318 2254 3454 2325 ejus.
3501 2255 3766 2329 Philosopl

2309 2335 2453 2390 enim
2484 2352 2593 2392 non
2636 2338 2715 2392 sic
2743 2339 2795 2393 in
2836 2340 3063 2409 divitiis,
3096 2352 3150 2398 ut
3181 2344 3234 2399 in
3264 2355 3572 2416 paupertate
3598 2348 3766 2419 fulgeo

2312 2426 2631 2485 videbimus.
2662 2429 2793 2486 Nam
2822 2432 2865 2487 si
2894 2432 3044 2488 dives
3071 2436 3161 2501 sit,
3192 2436 3339 2491 multi
3365 2439 3555 2507 opibus
3578 2440 3766 2494 adscril

2311 2519 2587 2587 virtutem,
2619 2531 2803 2592 utpote
2832 2524 2979 2580 nullo
3002 2535 3284 2596 egentem:
3313 2529 3359 2583 si
3389 2544 3518 2585 vero
3543 2531 3612 2585 sit
3640 2532 3763 2602 in0p

2315 2611 2536 2667 omnino
2559 2614 2858 2684 Splendeat,
2878 2634 2979 2674 nec
2999 2627 3152 2690 turpe
3167 2621 3435 2692 quidpiam
3453 2639 3609 2694 agere
3634 2639 3758 2695 coga

2318 2721 2477 2763 nemo
2504 2722 2625 2762 cum
2650 2710 2742 2765 illo
2767 2710 2833 2766 de
2861 2710 3210 2784 philosophiae
3234 2729 3434 2771 corona
3458 2718 3742 2772 contendit.

2392 2800 2578 2857 Anima
2605 2803 2837 2857 ornanda
2864 2804 2979 2876 plus
3007 2821 3158 2874 quam
3184 2807 3288 2860 alia
3334 2808 3523 2863 omnia.
3554 2836 3622 2847 —
3640 2808 3766 2862 Attin

2322 2894 2483 2964 igitur
2508 2910 2781 2963 ornemus,
2811 2896 2855 2951 si
2880 2895 3070 2952 divites
3098 2912 3217 2953 esse
3242 2898 3489 2954 velimus.
3513 2898 3636 2967 Qua:
3664 2900 3765 2954 util

2325 2987 2372 3041 si
2401 2988 2560 3042 mulzc
2586 2988 2721 3043 alba:
2750 2988 2876 3057 sint,
2909 2988 3133 3061 pingues
3162 2999 3214 3045 et
3236 2990 3435 3055 obesse,
3467 2999 3523 3045 tu
3550 3007 3677 3047 vero
3704 3008 3766 3062 qu

2327 3078 2443 3145 des,
2473 3081 2707 3151 gracilis,
2738 3081 3011 3137 scabiosus
3035 3092 3091 3137 et
3114 3082 3403 3138 deformis?
3425 3083 3567 3154 quod
3594 3085 3765 3139 lucrur

2330 3179 2494 3225 strata
2542 3170 2721 3225 mollia
2764 3182 2820 3227 et
2862 3174 3108 3243 pulchra,
3155 3176 3416 3231 varietate
3455 3185 3680 3245 arteque
3713 3178 3765 3246 pl

2328 3263 2502 3317 anima
2531 3280 2659 3319 vero
2684 3265 2876 3335 pannis
2905 3267 3094 3321 laceris
3122 3267 3325 3331 induta,
3357 3269 3437 3324 vel
3468 3268 3609 3322 nuda
3649 3278 3704 3322 et
3732 3269 3766 3323 ft

2329 3354 2473 3424 quod
2510 3354 2736 3422 lucrum,
2783 3358 2828 3411 si
2872 3372 3041 3427 equus
3068 3360 3366 3429 composito
3393 3359 3560 3430 gradu
3593 3360 3766 3415 iuced:

2332 3446 2707 3519 tripudiantem
2732 3451 2900 3521 magis
2924 3451 3139 3519 referat,
3162 3469 3320 3523 quam
3337 3453 3697 3520 incedentem,
3722 3462 3766 3508 et

2331 3537 2637 3610 bujusmodi
2676 3540 2927 3597 choream
2955 3543 3189 3613 Sponsali
3231 3545 3299 3598 sit
3341 3552 3659 3599 ornamento
3688 3544 3766 3598 dei

2334 3640 2450 3696 tus;
2474 3646 2638 3702 eques
2658 3648 2788 3688 vero
2820 3634 2939 3703 plus
2961 3650 3119 3705 quam
3145 3634 3367 3689 claudus
3401 3635 3688 3701 claudicet,
3718 3643 3766 3690 el

2335 3738 2494 3794 quam
2521 3724 2761 3781 ebriosus
2781 3727 2899 3796 quis
2930 3726 3267 3798 furiosusque
3294 3728 3552 3784 distortus
3581 3729 3653 3783 sit
3675 3744 3762 3783 ma

2336 3814 2689 3886 pedibusque.
2724 3816 2818 3872 Dic
2847 3817 3005 3884 mihi,
3033 3820 3079 3874 si
3107 3820 3226 3890 quis
3268 3820 3361 3875 tibi
3403 3819 3561 3876 daret
3589 3835 3766 3891 equun

2339 3908 2549 3974 chrum,
2578 3917 2632 3964 et
2669 3925 2863 3980 corpus
2894 3920 3039 3967 tuum
3089 3911 3468 3983 distorquerct,
3521 3928 3644 3983 quae
3688 3914 3765 3966 nti

2339 3998 2492 4056 Nunc
2516 4001 2750 4056 animam
2780 4001 3061 4058 distortam
3092 4001 3282 4069 babes,
3309 4018 3410 4059 nec
3436 4018 3616 4060 curas.
3667 4004 3749 4058 De

2342 4091 2492 4162 ipsis,
2516 4108 2718 4164 qurcso,
2750 4094 2965 4150 tandem
2985 4095 3204 4152 solliciti
3225 4096 3412 4152 simus.
3440 4096 3520 4153 Ne
3547 4111 3651 4152 nos
3680 4111 3766 4151 om

2343 4186 2809 4257 ignominiosiores
2836 4190 3242 4245 constituamus.
3284 4189 3342 4245 Si
3369 4191 3486 4261 quis
3528 4204 3631 4246 nos
3675 4206 3766 4245 cor

2345 4279 2597 4348 incessat,
2627 4282 2938 4338 mordemur
2980 4283 3359 4356 dolemusque;
3402 4299 3525 4339 cum
3556 4299 3691 4339 vero
3733 4301 3766 4337 n

2346 4374 2461 4447 ipsa
2485 4377 2819 4433 contumeliis
2840 4377 3123 4444 allicimus,
3171 4393 3274 4433 non
3297 4378 3692 4432 convertimur.
3723 4376 3766 4431 Β

2347 4482 2559 4523 scamus
2589 4469 2670 4523 vel
2698 4484 2821 4525 sero
2842 4468 3078 4538 tandem,
3108 4477 3167 4525 ut
3190 4470 3480 4541 possimus,
3509 4479 3766 4540 postquat

2347 4574 2491 4616 mam
2520 4563 2904 4630 curaverimus,
2954 4572 3009 4619 et
3057 4563 3308 4621 virtutem
3349 4564 3707 4628 coluerimus,
3742 4580 3766 4618 ε

2349 4658 2602 4728 consequi
2630 4658 2791 4726 bona,
2836 4661 3006 4731 gratia
3038 4668 3091 4716 et
3136 4661 3461 4732 benignitate
3503 4660 3726 4715 Domini

2350 4746 2477 4803 Jesu
2501 4748 2722 4815 Christi,
2754 4755 2968 4823 quicum
3012 4752 3156 4809 Patri
3196 4763 3251 4809 et
3278 4753 3500 4823 Spiritui
3529 4763 3766 4822 sancto;

2352 4838 2656 4911 imperium,
2698 4844 2892 4913 honor,
2912 4860 3065 4902 nunc
3101 4855 3156 4902 et
3180 4860 3414 4917 semper,
3438 4854 3494 4901 et
3521 4845 3578 4901 in
3606 4846 3765 4900 smcu‘

2352 4932 2613 4992 culorum.
2638 4935 2830 4991 Amen.

672 5218 3766 5263 Ἥ

1975 5304 2320 5375 HOMILIA
2362 5312 2631 5384 XXXV.

672 5432 804 5489 CAP.
835 5434 921 5489 16.
969 5451 1021 5489 v.
1070 5437 1156 5492 13.
1206 5436 1304 5491 Die
1322 5448 1492 5492 autem
1519 5440 1838 5497 sabbatorum
1873 5446 2058 5513 egressi
2076 5464 2251 5507 sumus

738 5527 872 5581 urbe
898 5543 1067 5582 versus
1100 5529 1330 5598 ﬂuvium,
1362 5532 1447 5584 ubi
1484 5532 1674 5587 solebat
1718 5538 1879 5591 oratio
1909 5555 2014 5593 esse
2041 5556 2061 5596 :
2094 5552 2141 5597 et
2169 5560 2250 5599 se-

750 5622 918 5676 dentes
956 5622 1279 5692 loquebamur
1303 5624 1611 5689 mulieribus,
1642 5644 1756 5696 qua:
1777 5643 2127 5689 convenerant.
2161 5637 2247 5693 M.

750 5714 816 5769 Et
842 5715 1069 5785 ([tltL’dam
1099 5716 1279 5774 mulier
1312 5720 1511 5775 nomine
1539 5717 1723 5791 Lydia,
1764 5729 2092 5799 purpuraria,
2122 5730 2248 5786 civi-

2427 5471 2547 5522 tatis
2595 5468 3054 5544 Thyatireuorum,
3087 5479 3255 5532 colons
3299 5477 3480 5545 Deum,
3528 5482 3736 5536 audivit

2426 5562 2678 5619 Dominus
2704 5582 2793 5620 cer
2817 5570 3037 5638 aperuit,
3065 5579 3120 5625 ut
3145 5572 3420 5627 attendere!
3440 5574 3503 5628 iis
3522 5590 3645 5645 quae
3659 5576 3766 5629 dict

2429 5674 2461 5712 a
2484 5658 2668 5716 Paulo.

2434 5747 2485 5802 l.
2517 5746 2714 5805 Paulus
2734 5748 2992 5832 judaizat.
3027 5746 3205 5822 Lydia:
3229 5751 3554 5827 philosophia
3575 5763 3630 5810 et
3655 5751 3766 5806 Imn

2308 5859 2394 5885 νον
