4036 6220
240 427 324 486 251

237 551 332 607 θῦκ
357 550 512 605 εστιν
551 552 696 624 ὑμῖν
727 551 1012 622 ἀπολογία.
1053 551 1256 624 Ἀλόγῳ
1277 552 1436 622 φύσει
1467 553 1712 628 δυνηθεὶς
1740 554 1913 609 ἐνθεῖ-

242 657 311 693 ναι
333 639 456 694 οὔτε
508 639 877 712 φθεγγομένη
925 641 1047 694 οὔτε
1093 641 1354 713 λογισμὸν
1402 641 1600 715 ἐχούσῃ
1643 643 1914 715 τοσαύτην

244 727 571 798 φιλοσοφίαν,
619 728 808 798 πολλῷ
868 728 1066 799 μᾶλλον
1115 729 1318 803 δυνήσῃ
1373 729 1573 801 σαυτῷ.
1628 730 1750 784 Ὅτι
1803 730 1913 803 γάρ

247 817 552 888 ἐπιμελείας
613 817 967 889 ἀνθρωπίνης
1021 819 1169 882 ἐστὶ,
1228 819 1324 872 καὶ
1373 819 1433 872 ού
1465 818 1699 888 φύσεως,
1744 819 1912 890 ὲχῄν

250 903 473 969 ἅπαντας
513 905 682 959 τοῦτο
703 905 830 969 τοὺς
859 905 1026 969 κύνας
1050 905 1214 976 ἔχειν.
1242 905 1470 959 Γένεσθε
1492 901 1584 960 οὖν
1609 905 1750 960 κατὰ
1786 908 1912 970 τοὺς

252 991 417 1056 κύνας.
471 992 674 1063 Ὑμεῖς
705 1009 774 1063 με
799 993 1134 1062 ἀναγκάζετε
1159 994 1365 1048 ἐκεῖθεν
1386 993 1457 1048 τά
1492 993 1913 1065 παραδείγματα

251 1081 446 1152 φέρειν·
478 1079 594 1133 ἔδει
633 1079 736 1149 μὲν
763 1080 871 1152 γὰρ
904 1081 1016 1135 ἀπὸ
1046 1081 1153 1134 τῶν
1178 1081 1443 1152 οὐρανίων
1465 1099 1478 1112 ·
1509 1082 1696 1153 ἐπειδὴ
1722 1075 1812 1145 δὲ,
1845 1081 1912 1135 ἂν

248 1169 370 1222 είπω
419 1185 474 1221 τι
517 1166 794 1232 τοιοῦτον,
828 1167 1012 1238 λέγετε
1043 1170 1125 1222 ὅτι
1171 1170 1355 1223 ἐκεῖνα
1403 1169 1614 1240 μεγάλα
1647 1171 1775 1237 εἰσὶ,
1823 1168 1912 1224 διά

246 1255 388 1309 τοῦτο
419 1255 581 1309 οὐδὲν
606 1255 753 1324 λέγω
773 1254 883 1310 τῶν
907 1257 967 1310 ού
977 1257 1192 1328 ρανίων.
1232 1257 1351 1312 Κᾶν
1385 1258 1524 1311 είπω
1552 1257 1643 1312 τὸν
1665 1258 1875 1312 Παῦλον
1891 1299 1908 1327 ,

246 1343 422 1411 λέγετε
449 1344 536 1396 ὅτι
569 1344 780 1406 ἐκεῖνος
800 1342 1096 1408 ἀπόστολος
1125 1340 1194 1416 ἦν
1212 1361 1228 1377 ο
1257 1345 1346 1398 διὰ
1363 1345 1523 1398 τοῦτο
1550 1344 1670 1399 οὐδὲ
1701 1345 1910 1401 Παῦλον

247 1429 402 1499 λέγω.
433 1431 534 1483 Ἂν
558 1432 697 1484 εῖπω
734 1430 1037 1501 ἄνθρωπον,
1065 1431 1252 1501 λέγετε
1292 1433 1374 1486 δτι
1410 1434 1617 1496 ἐκεῖνος
1649 1433 1906 1504 ήδύνατου

243 1518 328 1573 διά
344 1519 504 1573 τοῦτο
533 1519 654 1573 οὐδὲ
682 1517 832 1591 [267]
866 1518 1151 1590 ἄνθρωπον
1178 1520 1340 1589 λέγω,
1372 1519 1508 1574 ἀλλά
1551 1519 1737 1591 θηρίον
1756 1561 1772 1584 ,
1815 1522 1910 1575 καὶ

243 1607 430 1679 θηρίον
453 1607 515 1660 ού
549 1605 709 1676 φύσει
735 1607 895 1660 τοῦτο
919 1606 1059 1678 ἔχον,
1079 1607 1166 1661 ἵνα
1190 1607 1263 1678 μὴ
1293 1608 1482 1677 εἴπητε
1507 1607 1587 1660 ὅτι
1613 1607 1792 1677 φύσει,
1817 1609 1911 1662 καὶ

239 1696 300 1749 οὐ
330 1694 650 1767 προαιρέσει
668 1692 831 1748 τοῦτο
846 1694 1209 1768 κατώρθωσε’
1236 1696 1328 1749 καὶ
1355 1695 1415 1749 τὺ
1443 1694 1507 1767 δὴ
1525 1707 1552 1736 α
1575 1695 1908 1766 θαυμαστὸν,

242 1783 565 1854 προαιρέσει
587 1782 681 1836 οὐκ
717 1783 916 1854 οἰκείᾳ,
962 1783 1097 1838 ἀλλά
1134 1786 1198 1856 τῇ
1236 1785 1302 1856 σῇ
1343 1783 1650 1856 ἐπιμελείᾳ.
1680 1785 1789 1854 Οὐχ
1826 1785 1910 1838 ὃτι

244 1871 554 1939 κατεκόπη,
584 1871 674 1941 οὐχ
726 1871 810 1925 ὅτι
861 1871 1162 1943 διεσπάσθη
1204 1871 1282 1944 τῷ
1317 1871 1523 1942 δρόμῳ,
1555 1872 1652 1942 οὐχ
1690 1873 1772 1925 ὅτι
1798 1875 1913 1937 τοῖς

242 1958 469 2022 οἰκείοις
500 1958 656 2011 αὑτοῦ
691 1958 877 2022 πόνοις
903 1959 1114 2024 ἔλαϐεν,
1149 1960 1348 2015 ἐννοεῖο
1373 1960 1507 2016 ἀλλά
1531 1961 1708 2014 πάντα
1736 1961 1910 2016 ταῦτα

243 2045 409 2117 ῥίψας
451 2045 574 2112 ἔξω,
608 2046 670 2099 τὸ
699 2046 792 2100 τοῦ
844 2047 1104 2101 δεσπότου
1140 2049 1465 2120 πρόσταγμα
1495 2049 1772 2119 φυλάττει,
1816 2051 1910 2104 καὶ

242 2132 475 2202 γαστρὸς
510 2132 782 2203 ἀνώτερον
807 2134 834 2174 δ
866 2134 1095 2205 γίνεται.
1134 2136 1264 2201 Ναὶ,
1291 2136 1423 2207 φησί
1442 2149 1457 2166 ⁶
1493 2137 1768 2209 προσδοκᾷ
1799 2137 1908 2208 γάρ

244 2220 714 2292 ἐπαινεθήσεσθαι,
763 2223 1034 2296 προσδοκᾷ
1076 2223 1318 2288 πλείονος
1346 2224 1746 2278 ἀπολαύσεσθαι
1777 2241 1910 2296 τρα-

246 2307 429 2376 πέζης.
464 2310 600 2362 Εἰπὲ
624 2307 718 2363 οὖν
744 2310 838 2363 καὶ
866 2310 1062 2382 σαυτῷ,
1085 2311 1164 2365 ὃτι
1187 2313 1215 2365 ό
1237 2311 1382 2365 κύων
1408 2312 1580 2366 ἐλπίδι
1610 2312 1908 2383 μελλούσης

247 2395 452 2466 ἡδονῆς,
486 2398 585 2468 τῆς
613 2397 897 2470 παρούσης
933 2401 1298 2470 καταφρονεῖο
1335 2400 1399 2452 σὺ
1435 2400 1492 2452 δὲ
1531 2400 1592 2453 ού
1621 2399 1799 2470 βούλει
1823 2399 1906 2452 ὲλ-

248 2483 357 2536 πίδι
376 2484 481 2537 τῶν
507 2485 812 2556 μελλόντων
829 2485 1049 2555 ἀγαθῶν
1067 2486 1176 2541 τῶν
1199 2487 1481 2559 παρόντων
1510 2491 1869 2559 καταφρονεῖν
1887 2505 1902 2519 ⁶

251 2569 358 2622 ἀλλ’
389 2574 592 2636 ἐκεῖνος
631 2573 728 2644 μὲν
757 2571 900 2626 οἶδεν
928 2575 1030 2638 ὅτι,
1061 2573 1126 2628 ἂν
1177 2575 1422 2643 ἀκαίρως
1454 2574 1549 2628 καί⁸
1571 2575 1721 2645 παρά
1747 2575 1806 2628 τὸ
1828 2575 1906 2648 τῷ

250 2657 468 2730 δεσπότῃ
495 2661 684 2714 δοκοῦν
711 2661 810 2731 τῆς
839 2662 1044 2733 τροφῆς
1069 2662 1462 2733 ἀπογεύσηται,
1488 2662 1745 2734 κάκείνης
1768 2665 1906 2716 ἀπο-

254 2747 663 2818 στερηθήσεται,
724 2748 818 2802 καὶ
866 2749 985 2803 οὐδὲ
1024 2749 1121 2822 τὴν
1171 2750 1482 2822 ὡρισμένην
1525 2750 1656 2816 ἕξει,
1692 2751 1908 2822 πληγὰς

251 2831 419 2888 λαϐὼν
441 2838 560 2890 ἀντὶ
586 2836 689 2908 τῆς
721 2839 925 2910 τροφῆς
947 2855 960 2869 ·
981 2838 1045 2892 σὺ
1078 2839 1136 2893 δὲ
1163 2839 1284 2892 οὐδὲ
1305 2838 1461 2893 τοῦτο
1495 2839 1720 2893 δύνασαι
1753 2841 1902 2905 ἰδεῖν,

251 2924 344 2976 καὶ
377 2925 502 2996 ὅπερ
533 2925 643 2979 ἀπὸ
697 2925 795 2996 τῆς
824 2927 1105 2998 συνηθείας
1146 2926 1348 2998 ἔμαθεν
1382 2927 1587 2990 ὲκεῖνσς
1607 2968 1620 2992 ,
1651 2929 1808 2982 τοῦτο
1838 2930 1903 2983 σὺ

248 3009 356 3064 ἀπὸ
374 3011 521 3080 λόγου
549 3014 611 3067 ού
637 3012 940 3084 κατορθοῖς.
971 3014 1356 3086 Μιμησώμεθα
1380 3016 1506 3080 τοὺς
1529 3015 1714 3080 κύνας.
1732 3015 1903 3069 Τοῦτο

249 3095 476 3166 λέγονται
513 3100 608 3156 καὶ
640 3100 859 3172 ἱέρακες
895 3103 1067 3154 ποιεῖν
1110 3103 1203 3154 καὶ
1239 3101 1407 3157 άετοίζ
1456 3102 1635 3174 Ὅπερ
1666 3103 1758 3156 ἐπὶ
1793 3103 1901 3156 τῶν

251 3185 487 3254 ἁλόγωνο
537 3189 630 3242 καὶ
683 3188 794 3242 τῶν
847 3189 1121 3260 δορκάδων
1171 3191 1388 3253 ἐκεῖνοι,
1435 3189 1594 3244 τοῦτο
1646 3190 1740 3244 ἐπὶ
1792 3189 1902 3244 τῶν

251 3273 464 3344 ὀρνίθων
511 3271 696 3332 οὗτοιο
758 3278 852 3332 καὶ
905 3272 1050 3332 οὗτοι
1104 3278 1162 3331 δὲ
1213 3277 1375 3332 πάλιν
1428 3277 1536 3333 ἀπὸ
1585 3277 1901 3349 φιλοσοφίας

252 3363 599 3438 ἀνθρωπίνης.
667 3367 851 3421 Ταῦτα
907 3369 1054 3437 ἡμᾶς
1103 3366 1460 3420 καταδικάσαι
1525 3367 1672 3438 ἔχει,
1730 3366 1902 3421 ταῦτα

255 3450 391 3520 ἡμᾶς
424 3454 577 3508 ἑλεῖν.
615 3455 767 3508 Είπω
794 3455 888 3508 καί
911 3455 1096 3526 ἕτερον
1115 3493 1130 3516 ,
1183 3455 1382 3517 ἵππους
1409 3453 1636 3525 ἀγρίους
1666 3454 1762 3508 καὶ
1799 3455 1900 3514 ἀν-

250 3540 476 3609 ημέρους
503 3541 776 3605 λαὸόντες,
800 3540 1260 3606 λακτίζονταςκαί
1288 3540 1603 3604 δάκνοντας,
1632 3543 1688 3596 ὲν
1711 3542 1904 3613 βραχεῖ

251 3627 415 3698 χρόνῳ
439 3628 578 3682 οὕτω
610 3628 952 3683 παιδεύουσιν
989 3631 1039 3682 οἰ
1084 3629 1364 3700 ἔμπειροι,
1397 3628 1472 3693 ὡς
1498 3629 1588 3682 τὸν
1632 3629 1901 3701 ἐπιϐάτην

249 3718 445 3786 τρυφᾷν
485 3715 573 3769 τὸν
611 3715 1017 3789 ἐπικαθήμενον
1058 3717 1147 3787 τῷ⁵
1180 3716 1281 3786 τῆς
1311 3715 1574 3786 βαδίσεως
1617 3717 1898 3788 εύτάκτῳο

249 3800 346 3869 τῆς
382 3804 432 3858 δὲ
469 3804 645 3877 ψυχῆς
700 3807 910 3860 ἄτακτα
964 3805 1286 3877 βαδιζούσης
1329 3804 1504 3868 οὐδεὶς
1538 3805 1897 3876 ἐπιμελεῖται,

251 3889 378 3944 ἀλλὰ
395 3895 481 3946 καὶ
507 3894 651 3965 πηδᾷ
677 3894 774 3948 καὶ
802 3893 1044 3958 λακτίζει
1070 3894 1163 3948 καὶ
1196 3893 1420 3966 σύρεται
1443 3893 1618 3964 χαμαὶ
1647 3893 1900 3968 καθάπερ

249 3981 465 4049 παώίον,
495 3984 588 4037 καί¹
621 3985 923 4054 ἀσχημονεῖ
958 3983 1145 4055 μυρία,
1179 3985 1274 4038 καὶ
1301 3983 1476 4046 οὐδεὶς
1512 3984 1648 4055 αὐτῇ
1673 3983 1901 4054 ψαλίδας

252 4069 570 4142 περιτίθησιν
597 4072 718 4126 οὐδὲ
753 4071 1092 4141 ποδόστροφα
1113 4071 1231 4125 οὐδὲ
1269 4070 1542 4141 χαλινοὺς,
1573 4071 1684 4124 οὐδ’
1706 4073 1902 4126 ἐπικα-

254 4152 382 4218 θίζει
406 4159 489 4212 τόν
516 4160 776 4232 ἔμπειρον
807 4159 1092 4230 ἐπιϐάτην,
1123 4159 1214 4214 τὸν
1242 4159 1475 4230 Χριστὸν
1503 4158 1664 4228 λέγω.
1695 4160 1794 4214 Διά
1817 4177 1899 4214 τοι

251 4243 398 4300 τοῦτο
422 4249 590 4303 πάντα
621 4249 734 4303 ἀνω
770 4248 866 4300 καὶ
893 4247 1043 4301 κάτω
1070 4247 1312 4317 γέγονεν.
1348 4245 1512 4302 Ὅταν
1533 4247 1642 4320 γάρ
1675 4248 1770 4301 καὶ
1799 4266 1900 4317 γα-

251 4335 399 4403 στρδς
423 4341 636 4409 κρατεῖν
667 4337 840 4400 κύνας
862 4335 1144 4408 παιδεύῃς,
1177 4336 1272 4389 καὶ
1299 4336 1467 4408 θυμὸν
1501 4336 1560 4390 ὲν
1595 4336 1768 4390 λέοντι
1803 4337 1896 4390 δα-

253 4420 441 4493 μάζης,
465 4426 556 4479 καὶ
587 4423 814 4489 ἀταξίαν
833 4425 891 4476 ἐν
912 4425 1118 4488 ῖπποις,
1151 4425 1244 4478 καὶ
1270 4424 1598 4492 εύγλωττίαν
1621 4426 1679 4478 ὲν
1698 4425 1893 4496 ὄρνισι,

249 4505 362 4568 πῶς
392 4509 483 4563 οὐκ
502 4512 698 4565 ἄτοπον
725 4514 783 4564 ὲν
817 4511 916 4580 μὲν
945 4508 1163 4578 ἀλόγοις
1196 4509 1388 4578 φύσεσι
1421 4509 1611 4580 λογικά
1633 4511 1896 4565 ἐντιθέναι

248 4595 643 4667 κατορθώματα,
674 4598 734 4651 ἐν
761 4597 818 4650 δὲ
851 4597 1096 4666 λογικαῖς
1115 4597 1183 4650 τά
1210 4596 1318 4650 τῶν
1345 4597 1553 4666 ἀλόγων
1583 4597 1896 4669 ἐπεισάγειν

249 4679 414 4753 πάθη;
465 4687 574 4739 Οὐκ
607 4685 754 4738 ἐστιν
795 4686 947 4755 ἡμῖν,
1001 4685 1101 4738 οὐκ
1143 4684 1259 4738 ἐστι
1312 4683 1629 4756 συγγνώμη.
1688 4686 1896 4750 Πάντες

249 4766 392 4837 ἡμῶν
418 4777 878 4845 κατηγορήσουσιν
905 4771 956 4825 οἱ
995 4772 1439 4844 κατωρθωκότες,
1468 4773 1562 4826 καὶ
1591 4775 1772 4826 πιστοὶ
1797 4774 1892 4828 καὶ

249 4855 477 4914 ἄπιστοι·
511 4863 604 4916 καὶ
635 4863 746 4932 γὰρ
775 4860 872 4914 καὶ
911 4861 1129 4915 ἄπιστοι
1159 4860 1527 4933 κατώρθωσαν
1549 4901 1565 4926 ,
1596 4863 1690 4916 καὶ
1727 4861 1892 4933 θηρία

249 4944 335 4996 καὶ
356 4948 519 5016 κύνες,
549 4949 651 5003 οὐκ
681 4947 962 5003 ἀνθοωποι
989 4950 1146 5019 μόνον
1164 4965 1178 4978 ο
1209 4949 1302 5002 καὶ
1331 4949 1489 5022 ἡμεῖς
1525 4949 1681 5023 ήμῶν
1711 4949 1893 5006 αὐτῶν

555 5087 852 5154 quibusdam
873 5087 929 5146 δὴ
945 5087 1095 5138 deest
1176 5088 1203 5128 Ι)
1224 5085 1322 5137 Alii
1354 5087 1604 5151 ἀνώτερος.
1673 5090 1696 5118 ⁸⁵
1718 5091 1892 5154 Λαγῶν

1319 435 1386 493 ΙΝ
1419 436 1602 494 ACTA
1637 433 2171 495 APOSTOLORUM.
2193 435 2425 494 HOMIL.
2460 435 2678 493 XXXV.

3567 433 3673 489 9.52

2015 554 2493 624 κατηγορήσομεν,
2537 553 2664 607 ὃταν
2719 551 2816 623 μὲν
2874 552 3208 626 βουλώμεθα,
3263 550 3684 625 κατορθοῦντες,

2013 641 2138 695 ὅταν
2187 640 2244 693 δὲ
2296 640 2648 712 ῥᾳθυμῶμεν,
2703 641 3116 714 ὑποσυρόμενοι.
3159 643 3277 697 Καὶ·
3315 641 3424 712 γάρ
3477 640 3584 694 τῶν
3618 639 3678 692 ἐν

2016 730 2221 800 σφοδρᾷ
2254 729 2422 800 κακίᾳ
2470 729 2638 783 όντων
2674 729 2858 783 πολλοὶ
2896 730 3153 795 πολλάκις
3189 730 3511 802 θελήσαντες
3545 741 3677 799 μετ-

2013 818 2282 872 εὸάλοντο.
2320 817 2392 870 Τὸ
2418 817 2474 870 δὲ
2507 817 2699 881 αἴτιον,
2729 817 2864 888 ὅπερ
2886 816 3041 888 ἔφην,
3082 818 3164 871 ὅτι
3187 815 3585 888 περιερχόμεθα
3607 812 3677 867 τὰ

2013 909 2213 978 ἑτέρων
2272 907 2619 978 συμφέροντα
2667 905 2989 976 ζητοῦντες,
3051 908 3111 959 οὐ
3158 906 3228 960 τά
3273 906 3536 976 ἡμέτερα.
3575 904 3678 956 Ἂν

2010 990 2188 1046 οὶκίαν
2235 993 2595 1065 οἰκοδομήσῃς
2640 993 2919 1064 λαμπρὰν,
2950 993 3011 1045 τὸ
3043 992 3144 1062 τῆς
3183 992 3362 1054 οἰκίας
3399 987 3677 1060 συμφέρον

2011 1077 2170 1144 εἶδες,
2197 1082 2258 1134 ού
2283 1080 2343 1134 τὸ
2373 1081 2464 1134 σόν
2483 1098 2496 1112 ·
2529 1082 2594 1135 ἂν
2630 1081 2843 1152 ἱμάτιον
2871 1080 3041 1152 λάθῃς
3069 1079 3253 1142 καλὸν,
3284 1077 3343 1130 τὸ
3362 1075 3456 1130 τοῦ
3492 1073 3672 1143 σώμα-

2011 1184 2123 1232 τος,
2147 1168 2206 1222 ού
2235 1169 2296 1222 τὸ
2320 1168 2410 1221 σόν
2432 1185 2446 1202 ο
2481 1167 2547 1223 ἂν
2577 1168 2741 1222 ἵππον
2777 1167 2963 1232 καλὸν,
2997 1166 3277 1229 ὡσαύτως.
3308 1161 3498 1225 Οὐδεὶς
3531 1161 3680 1223 ὅπως

2013 1255 2166 1310 ἔσται
2197 1257 2342 1327 ψυχὴ
2388 1256 2524 1326 καλὴ
2566 1259 2807 1314 σκοπεῖ-ι
2836 1257 3012 1308 καίτοι
3043 1253 3249 1320 ταύτης
3278 1251 3444 1320 οῦσης
3483 1248 3676 1318 καλῆς,

2010 1344 2220 1409 ούδενὺς
2258 1346 2480 1398 ἐκείνων
2532 1345 2765 1399 δεῖοούκ
2812 1343 2977 1415 οῦσης
3004 1344 3080 1409 δὲ,
3135 1342 3294 1396 οὐδὲν
3346 1339 3414 1404 ἐξ
3455 1336 3678 1391 ἐκείνων

2010 1431 2217 1502 ὄφελος.
2247 1432 2513 1503 Καθάπερ
2545 1432 2653 1503 γάρ
2699 1432 2789 1486 ὲπί
2833 1431 3082 1503 νύμφης,
3110 1429 3211 1484 κᾶν
3246 1425 3517 1487 παστάδες
3545 1417 3678 1476 ῶσιν

2011 1521 2074 1574 ὲκ
2094 1520 2606 1592 παραπετασμάτων
2636 1520 2877 1592 χρυσῶν,
2913 1520 3018 1574 κᾶν
3067 1517 3219 1590 χοροί
3255 1510 3357 1569 ῶσι
3403 1509 3680 1580 γυναικῶν

2011 1608 2394 1662 εὐειδεστάτων
2423 1609 2518 1662 καὶ
2544 1608 2746 1673 καλῶν,
2782 1607 2884 1662 κᾶν
2923 1607 3050 1680 ῥόδα
3097 1605 3202 1660 κᾶν
3233 1602 3544 1672 στέμματα,
3576 1597 3680 1652 κᾶν

2011 1697 2040 1749 ὁ
2061 1695 2296 1766 νυμφίος
2321 1695 2482 1761 καλὸς
2513 1691 2569 1771 ᾖ,
2591 1696 2697 1751 κᾶν
2727 1697 2784 1749 αί
2807 1695 3134 1768 θεράπαιναι
3161 1692 3266 1747 κᾶν
3297 1691 3354 1750 αἱ
3385 1689 3536 1760 φίλαι
3573 1687 3681 1771 κᾶν

2014 1784 2214 1848 πάντες
2240 1769 2541 1854 εὐπρεπεῖς
2578 1778 2746 1847 ὦσιν,
2783 1782 2934 1856 [268]
2991 1781 3172 1852 ἐκείνη
3225 1779 3287 1835 δὲ·
3321 1776 3597 1850 ἀμορφίας

2015 1872 2208 1944 μεστὴ,
2233 1871 2424 1942 ὄφελος
2443 1873 2626 1926 οὐδέν·
2657 1873 2846 1943 ὥσπερ
2873 1867 2965 1925 οὖν
2997 1871 3119 1925 οὐδὲ
3152 1868 3325 1936 καλῆς
3365 1863 3529 1934 οῦσης
3560 1859 3680 1932 βλά·

2011 1959 2103 2023 6ος
2123 1977 2177 2013 τι
2203 1960 2398 2030 γένοιτ’
2428 1960 2494 2014 ἂν
2523 1962 2630 2014 ἀπὸ
2652 1959 2878 2026 τούτων,
2909 1957 3044 2012 ἀλλά
3071 1957 3166 2012 καὶ
3190 1953 3516 2010 τούναντίον.
3547 1949 3682 2002 Ἀπὸ

2014 2048 2110 2118 μὲν
2139 2047 2249 2118 γάρ
2269 2047 2490 2102 ἐκείνων
2513 2047 2762 2118 ἀμόρφου
2783 2046 2969 2112 οὔσης,
2991 2043 3344 2117 ἀμορφοτέρα
3359 2040 3426 2094 ἂν
3449 2038 3642 2109 φανείη
3661 2054 3675 2067 ο

2009 2135 2118 2188 ἀπὸ
2168 2135 2226 2188 δὲ
2270 2134 2473 2189 τούτων
2521 2133 2824 2206 ώραιοτέρα
2874 2132 2940 2186 ἂν
2987 2132 3217 2201 γένοιτο.
3274 2128 3439 2183 Οὕτω
3462 2124 3526 2196 δὴ
3585 2123 3681 2177 καίΙ

2008 2221 2184 2293 ψυχὴ,
2226 2223 2352 2276 ὃταν
2391 2217 2427 2294 ᾖ
2482 2221 2651 2293 καλὴ,
2681 2220 2742 2273 ού
2791 2220 2950 2291 μόνον
2983 2218 3194 2281 οὐδενὸς
3242 2217 3421 2269 δεῖται.
3448 2211 3676 2274 τούτων,

2009 2310 2143 2364 ἀλλά
2169 2311 2262 2364 καὶ
2291 2309 2572 2373 συσκιάζει
2598 2309 2659 2365 τὸ
2680 2296 2874 2371 κάλλος
2899 2308 3088 2378 αὐτῆς.
3122 2302 3362 2374 Τὸνογὰρ
3390 2299 3676 2370 φιλόσοφον

2007 2397 2104 2467 οὐχ
2132 2397 2305 2462 οὕτως
2329 2399 2386 2452 ὲν
2421 2396 2658 2466 πλούτῳ,
2703 2396 2779 2460 ὼς
2807 2397 2863 2450 ὲν
2897 2395 3056 2464 πενίᾳ
3102 2390 3344 2462 ὀψόμεθα
3367 2389 3674 2459 λάμποντα.

2021 2484 2166 2538 Ἐκεῖ
2214 2486 2312 2556 μὲν
2340 2485 2448 2555 γάρ
2491 2487 2601 2548 τοῖς
2635 2485 2881 2557 χρήμασι
2915 2483 3072 2536 τοῦτο
3109 2479 3295 2534 πολλοὶ
3333 2475 3674 2546 λογιοῦνται,

2009 2579 2101 2633 καὶ
2130 2577 2210 2649 τῷ
2244 2579 2319 2650 μὴ
2348 2578 2504 2632 ἐνδεᾶ
2539 2576 2836 2649 χρημάτων
2875 2569 3012 2627 εἶναι
3032 2591 3044 2603 ⁸
3073 2573 3200 2626 ὅταν
3230 2570 3286 2623 δὲ
3314 2567 3475 2638 πενίᾳ
3516 2564 3674 2636 συζῇ,

2007 2669 2101 2723 καὶ
2121 2669 2221 2722 διὰ
2243 2671 2462 2724 πάντων
2482 2668 2695 2740 λάμπῃ,
2723 2667 2818 2720 καὶ
2852 2664 3018 2737 μηδὲν
3048 2661 3271 2734 αἰσχρὸν
3300 2655 3676 2726 ἀναγκάζηται

2006 2759 2200 2822 ποιεῖν,
2227 2757 2326 2811 οὑκ
2352 2756 2430 2810 ἔτι
2449 2756 2605 2818 ἀλλος
2631 2773 2709 2819 τις
2742 2753 3052 2823 διανέμεται
3094 2751 3230 2822 πρὸς
3273 2746 3437 2802 αὐτὸν
3465 2745 3555 2799 τὸν
3581 2742 3676 2796 ἐπὶ

2003 2847 2070 2916 τῇ
2101 2843 2386 2914 φιλοσοφίᾳ
2402 2843 2684 2913 στέφανον.

2075 2932 2292 3003 Ταύτην
2347 2927 2438 2986 οὖν
2488 2929 2938 3001 καλλωπίζωμεν,
2971 2929 3111 2996 εἴγε
3153 2922 3478 2996 βουλοίμεθα
3511 2921 3675 2974 πλου-

2005 3023 2138 3075 τεῖν.
2169 3021 2234 3074 Τί
2264 3020 2324 3074 τὸ
2351 3019 2560 3090 ὄφελος,
2583 3021 2710 3073 ὅταν
2733 3019 2788 3071 αί
2832 3017 2928 3089 μὲν
2964 3015 3176 3086 ἡμίονοι
3215 3011 3408 3066 λευκαὶ
3450 3009 3550 3064 ὦσι
3577 3008 3675 3063 καὶ

2002 3109 2309 3179 σφριγῶσαι
2327 3108 2422 3162 καί¹
2454 3107 2889 3178 εύσωματοῦσαι.
2919 3107 2982 3159 σὺ
3006 3105 3064 3158 δὲ
3089 3106 3116 3158 ό
3145 3103 3451 3174 καθήμενος
3478 3097 3674 3162 λεπτὸς

2002 3197 2097 3252 καὶ
2121 3197 2402 3268 ψωραλέος
2432 3197 2526 3251 καὶ
2559 3197 2844 3266 δυσειδής;
2877 3195 2928 3248 τί
2968 3193 3054 3247 δαὶ
3096 3193 3156 3247 τὸ
3181 3191 3370 3264 κέρδος
3393 3231 3408 3258 ,
3445 3190 3574 3244 ὅταν
3603 3187 3676 3240 τὰ

2003 3287 2104 3358 μὲν
2131 3284 2424 3357 στρώματα
2459 3285 2645 3340 άπαλά
2674 3287 2764 3338 καὶ
2791 3283 2932 3338 καλά
2961 3279 3019 3355 ᾖ,
3047 3282 3142 3336 καὶ
3168 3279 3370 3349 πολλῆς
3400 3275 3674 3339 ποικιλίας

2000 3372 2238 3444 γέμοντα
2269 3373 2364 3427 καὶ
2412 3372 2691 3444 τέχνης,ή
2739 3372 2796 3425 δὲ
2842 3370 2988 3442 ψυχὴ
3020 3370 3186 3440 ῥάκια
3234 3363 3674 3439 περιϐεϐλημένη

1998 3457 2033 3536 ᾖ
2074 3464 2168 3517 καὶ
2221 3463 2402 3535 γυμνὴ
2440 3463 2534 3517 καὶ
2579 3461 2810 3534 αἰσχρά;
2853 3460 2905 3513 τί
2953 3460 3014 3511 τὸ
3060 3457 3274 3531 κέρδος.
3330 3455 3458 3509 ὅταν
3508 3455 3537 3506 ὁ
3574 3453 3675 3523 μὲν

2000 3551 2168 3614 ἵππος
2195 3549 2432 3604 εὖτακτα
2456 3550 2670 3622 βαδίζῃ,
2719 3550 2814 3603 καὶ
2849 3545 3127 3620 χορεύοντι
3185 3545 3385 3616 μᾶλλον
3417 3541 3609 3626 ἐοικὼς
3639 3540 3673 3612 ἢ

2001 3638 2287 3710 βαδίζοντι,
2317 3639 2413 3691 καὶ
2441 3638 2577 3709 μετά
2600 3641 2699 3708 τῆς
2731 3636 2945 3708 χορείας
2979 3634 3170 3705 κόσμῳ
3197 3646 3223 3675 τι
3257 3630 3675 3702 κεκοσμημένος

1997 3721 2328 3801 ᾖνυμφικῷ·
2351 3727 2380 3778 ὁ
2400 3725 2455 3778 δὲ
2484 3726 2888 3796 ὲπικαθήμενος
2909 3723 3016 3777 τῶν
3044 3721 3234 3792 χωλῶν
3268 3720 3468 3792 μᾶλλον
3495 3720 3677 3774 ἀσκω-

1998 3812 2180 3884 λιάζῃ,
2209 3813 2304 3865 καὶ
2335 3812 2443 3865 τῶν
2497 3812 2802 3883 μεθυόντων
2833 3813 2927 3865 καὶ
2958 3811 3065 3865 τῶν
3106 3807 3446 3880 μαινομένων
3476 3805 3675 3876 μᾶλλον

1997 3895 2486 3974 διεστραμμένοςῇ
2517 3899 2610 3953 καὶ
2639 3901 2825 3969 χεῖρας
2870 3900 2965 3952 καὶ⁵
3014 3897 3217 3962 πόδας;
3268 3894 3404 3948 Εἰπὲ
3442 3894 3506 3966 δή
3559 3909 3671 3962 μοι,

1997 3988 2052 4042 εῐ
2079 3989 2161 4053 τίς
2189 4006 2270 4042 σοι
2313 3988 2476 4040 ἵππον
2513 3986 2683 4040 ἐδίδου
2714 3985 2900 4049 καλὸν,
2933 3985 3028 4040 καὶ
3073 3985 3132 4038 τὺ
3160 3982 3318 4052 σῶμα
3361 3982 3672 4052 διέστρεφε,

1997 4076 2050 4134 τί
2099 4077 2160 4130 τὸ
2209 4075 2433 4147 δφελος;
2484 4073 2598 4128 Νῦν
2649 4073 2826 4145 ψυχὴν
2883 4071 3320 4143 διεστραμμένην
3353 4069 3518 4139 ἔχεις,
3576 4067 3673 4121 καὶ

1997 4164 2149 4218 οὐδέν
2174 4181 2254 4218 σοι
2291 4162 2474 4234 μέλει;
2512 4161 2891 4233 Φροντίσωμεν
2920 4159 3075 4229 ήμῶν
3095 4157 3274 4213 αὐτῶν
3301 4173 3455 4222 ποτε,
3497 4171 3671 4226 παρα-

1999 4252 2168 4308 καλῶ.
2198 4252 2290 4323 Μὴ
2317 4250 2381 4321 δὴ
2414 4249 2630 4305 πάντων
2673 4249 3025 4320 ἀτιμοτέρους
3067 4247 3214 4314 ἡμᾶς
3256 4245 3452 4307 αὐτοὺς
3498 4259 3670 4298 κατα-

2003 4342 2292 4412 στήσομεν.
2325 4337 2442 4392 Κᾶν
2471 4337 2567 4410 μὲν
2600 4336 2805 4410 ῥήμασί
2858 4354 2942 4400 τις
2973 4335 3191 4407 ὑϐρίζῃ,
3233 4330 3544 4404 δακνόμεθα
3577 4331 3672 4385 καὶ¹

2001 4428 2300 4501 ἀλγοῦμεν·
2337 4425 2629 4498 πράγμασι
2677 4424 2733 4479 δὲ
2767 4425 2993 4488 ἑαυτοὺς
3024 4423 3353 4496 ὑϐρίζοντες,
3408 4421 3509 4474 οὐκ
3552 4421 3672 4474 ἐπι·

2001 4515 2362 4587 στρεφόμεθα.
2394 4511 2780 4584 Ἀνανήψωμεν
2823 4512 2920 4582 ὀψὲ
2967 4510 3096 4579 γοῦν
3131 4527 3282 4574 ποτε,
3317 4509 3406 4564 ἵνα
3439 4505 3671 4578 δυνηθῶ-

2003 4627 2123 4682 μεν,
2150 4609 2246 4662 καὶ
2267 4607 2367 4679 τῆς
2399 4606 2576 4677 ψυχῆς
2605 4604 2806 4674 πολλὴν
2839 4602 2936 4674 τὴν
2968 4601 3288 4671 ἐπιμέλειαν
3326 4597 3668 4670 ποιούμενοι,

2000 4699 2097 4752 καὶ
2127 4696 2225 4768 τῆς
2251 4695 2453 4767 ἀρετῆς
2477 4691 2880 4763 ἐπιλαθόμενοι,
2912 4690 3021 4743 τῶν
3041 4690 3275 4742 αἰωνίων
3303 4689 3487 4758 τυχεῖν
3531 4686 3670 4755 ἀγα-

2001 4784 2128 4850 θῶν,
2157 4784 2338 4855 χάριτι
2373 4782 2468 4836 καλ
2491 4779 2870 4851 φιλανθρωπίᾳ
2913 4775 3006 4830 τοῦ
3049 4778 3255 4848 Κυρίου
3306 4775 3462 4846 ἡμῶν
3493 4773 3668 4843 Ἰησοῦ

1998 4869 2258 4940 Χριστοῦ,
2308 4868 2426 4938 μεθ’
2460 4862 2520 4921 οὗ
2564 4866 2641 4937 τῷ
2673 4865 2852 4937 Πατρὶ
2903 4864 3019 4934 ἆμα
3057 4863 3136 4932 τῷ
3171 4862 3312 4932 ἁγίῳ
3364 4859 3664 4931 Πνεύματι,

1998 4957 2147 5025 δόξα,
2167 4956 2386 5026 κράτος,
2413 4954 2564 5026 τιμὴ,
2591 4953 2686 5008 νῦν
2709 4953 2802 5006 καὶ
2827 4952 2936 5017 ἀεὶ,
2965 4951 3058 5005 καὶ
3078 4952 3159 5012 εἰς
3185 4949 3310 5014 τοὺς
3330 4948 3533 5013 αἰῶνας
3557 4947 3668 5003 τῶν

1999 5044 2231 5100 αἰώνων.
2257 5044 2429 5114 Ἀμήν
2441 5084 2454 5094 .

2059 5135 2088 5168 ⁸
2126 5133 2228 5185 Δὶιί
2251 5133 2370 5181 αετά
2391 5137 2474 5190 τῆς
2496 5130 2708 5195 πορείας,
2723 5131 2804 5176 καὶ
2825 5128 3013 5191 κόσμῳ.

1800 5515 2043 5570 ΟΜΙΛΙΑ
2078 5514 2203 5569 AE'.

236 5625 304 5702 Τῇ
326 5633 391 5690 δὲ
422 5637 608 5707 ἡμέρᾳ
636 5633 760 5690 τῶν
795 5632 1108 5707 σαόὀζὰτων
1124 5635 1460 5707 ἐξήλθομεν
1489 5634 1604 5700 ἔξω
1626 5632 1737 5701 τῆς
1764 5635 1872 5707 ad:

285 5699 426 5775 λαως
445 5699 474 5707 ⁷
496 5699 657 5775 παρὰ
731 5703 1024 5773 ποταμὸν,
1081 5699 1182 5760 οὗί
1209 5699 1505 5775 ἐνοιὶίζετο
1539 5699 1872 5775 προσευχὴ

285 5773 427 5831 εἶναι
447 5817 464 5842 ,
515 5773 615 5832 κάι
661 5777 1024 5840 καθίσαντες
1081 5773 1417 5845 ἐλαλοῦμεν
1469 5774 1597 5841 ταῖς
1642 5773 1874 5845 συνελ-

283 5849 523 5913 θούσαις
573 5846 837 5916 γυναιξί.
883 5846 993 5898 Καί
1026 5861 1115 5911 τις
1155 5844 1332 5916 γυνὴ,
1375 5847 1617 5915 ὀνόματι
1662 5844 1871 5916 Λυδία,

284 5913 737 5985 πορφυρόπωλις
763 5959 778 5979 ,
841 5917 1074 5985 πόλεως
1143 5913 1512 5983 Θυατείρων,
1581 5913 1872 5985 σεϐομένη

280 5983 407 6039 τὸν
436 5983 602 6053 θεὸν,
654 5986 964 6056 ἤκουσεν·
1023 5983 1097 6056 ἧς
1149 5989 1183 6040 o'
1243 5987 1456 6054 Κύριος
1512 5983 1729 6056 ἤνοιξε
1761 5984 1875 6051 τὴν

285 6057 528 6179 Ἑαρδέαν
583 6055 907 6127 προσέχειν
962 6055 1083 6125 τοῖς
1135 6056 1528 6128 λαῑουμένσις
1585 6055 1703 6111 ὑπὸ
1768 6056 1874 6111 τοῦ

337 6144 408 6179 au
452 6143 544 6179 ου.

337 6128 544 6186 αὑλου.

2052 5639 2124 5687 α’.
2158 5633 2302 5704 Ὅρα
2331 5631 2491 5686 πάλιν
2540 5632 2871 5699 ίουδαῖζοντα
2907 5631 2999 5686 τὸν
3035 5629 3268 5696 Παῦλον,
3304 5627 3399 5682 καὶ
3428 5625 3535 5679 ἀπὸ
3560 5624 3658 5680 τοῦ

1982 5711 2177 5785 καιροῦ
2227 5711 2324 5766 καὶ
2380 5711 2489 5765 ἀπὸ
2541 5711 2636 5765 τοῦ
2702 5713 2926 5784 τρόπου.
2991 5706 3073 5767 Οὖ
3127 5706 3443 5785 ἐνομίζετρ,
3496 5704 3651 5785 φησὶ,

1981 5780 2254 5864 προσευχὴ
2303 5787 2461 5846 εἶναι.
2498 5794 2573 5847 Ού
2613 5780 2836 5866 γάρνδὴ
2883 5792 3011 5846 ἔνθα
3056 5785 3344 5856 συναγωγὴ
3375 5780 3650 5866 ’ἢν-μόνον,

1979 5863 2118 5926 ἀλλά
2143 5863 2251 5926 καὶί
2271 5871 2376 5940 ἔξω
2404 5871 2652 5944 ηὔχοντο,
2693 5863 2896 5943 ’ὥσπερ
2924 5871 3087 5923 τόπον
3118 5866 3242 5921 τινὰ
3278 5863 3649 5934 ἀφορίζοντες,

1980 5960 2076 6014 ἆτε
2112 5959 2556 6032 σωματικώτεροι
2587 5961 2737 6026 ὄντες
2767 5960 3029 6015 Ἰουδαῖοι.
3078 5953 3158 6022 Τῇ
3194 5951 3391 6032 ἡμέρα
3531 5950 3650 6032 τῶνρ

1982 6028 2314 6104 σαϐϐάτων,
2342 6039 2431 6093 ὅτε
2461 6028 2554 6094 καὶ
2574 6040 2730 6109 δχλον
2762 6039 2908 6102 εἰκὸς
2940 6034 3008 6108 ἦν
3027 6032 3318 6090 συνελθεῖν.
3342 6028 3496 6102 [269]
3527 6030 3640 6084 Καὶ

1986 6118 2344 6185 καθίσαντες
2371 6119 2708 6191 ἐλαιοῡέτιεν
2745 6119 2871 6185 ταῖς
2895 6116 3340 6184 συνελθούσαις
3371 6110 3629 6183 γυναιξί,
