4036 6212
401 347 508 404 253

397 469 510 526 Καί
534 486 625 534 τις
646 468 802 538 γυνὴ
823 470 1066 538 ὀνόματι
1086 472 1296 538 Λυδία,
1326 477 1810 545 πορφυρόπωλις,
1833 478 2064 545 πόλεως

400 559 756 625 Θυατείρων,
808 559 1105 628 σεϐομένη
1163 563 1268 616 τὸν
1330 565 1496 630 Θεὸν,
1553 565 1821 635 ἤκουσεν
1847 585 1860 598 ·
1906 563 1982 638 ἧς
2031 571 2066 623 ὀ

400 649 610 717 Κύριος
664 649 931 718 διήνοιξε
969 649 1084 716 thr
1126 652 1379 719 καρδίαν
1417 655 1740 723 προσέχειν
1776 655 1902 722 τοῖς
1956 659 2064 710 λα-

393 735 714 804 λουμένοις
758 737 877 792 ὑπὸ
919 738 1024 792 τοῦ
1065 740 1330 795 Παύλου.
1372 741 1515 812 Ὅρα
1560 741 1622 793 τὸ
1647 741 1851 811 ἄτυφον
1881 741 2063 795 πάλιν.

397 823 535 890 Γυνὴ
565 823 659 878 καὶ
686 825 918 896 ταπεινὴ
954 825 1113 898 αὕτη,
1145 827 1242 878 καὶ
1259 826 1414 898 δῆλον
1444 828 1550 880 ἀπὸ
1585 829 1680 899 τῆς
1699 829 1922 899 τέχνης·
1949 828 2065 882 ἀλλ’

391 912 495 981 ὅρα
529 911 591 964 τὸ
623 912 911 983 φιλόσοφον
946 913 1134 985 αὐτῆς.
1171 915 1396 988 Πρῶτον
1447 917 1546 987 μὲν
1581 916 1687 989 γὰρ
1721 918 1856 988 αὐτῇ
1889 917 2064 989 ἐμαρ-

393 1002 594 1072 τύρησε
624 1000 801 1066 τοῦτο,
832 1001 891 1056 τὸ
925 1003 1174 1056 σέϐεσθαι
1214 1006 1305 1058 τὸν
1331 1004 1484 1072 Θεὸν,
1515 1004 1706 1059 ἔπειτα
1747 1005 1810 1058 τὸ
1840 1006 2063 1059 καλέσαι

391 1091 515 1152 τοὺς
535 1090 868 1154 ἀποστόλους
897 1093 1086 1164 αὑτήν.
1122 1095 1218 1158 Ὠς
1255 1093 1322 1146 δὲ
1353 1094 1679 1161 ἐϐαπτίσθη
1712 1094 1866 1161 αὺτὴ
1905 1095 2000 1147 καί
2031 1097 2064 1148 ό

390 1175 555 1243 οἶκος
589 1179 802 1248 αὐτῆς,
841 1179 1219 1248 παρεκάλεσε
1245 1181 1541 1251 λέγουσα·
1585 1182 1790 1249 Κύριοί
1832 1199 1972 1250 μου,
2011 1184 2064 1235 εἰ

392 1267 702 1334 κεκρίκατέ
734 1285 813 1336 με
841 1269 1071 1337 πιστὴν
1108 1270 1188 1336 τῷ
1227 1271 1420 1338 Κυρίῳ
1469 1267 1643 1331 εἶναι.
1682 1271 2063 1338 εἰσελθόντες

389 1359 475 1420 εἰς
497 1355 603 1408 τὸν
639 1353 810 1408 οἶκόν
836 1374 956 1425 μου
995 1357 1257 1426 μείνατε.
1292 1358 1400 1411 Καὶ
1433 1357 1832 1426 παρεϐιάσατο
1883 1357 2059 1427 ἡμᾶς.

402 1444 498 1508 Ὡς
533 1443 601 1496 δὲ
625 1443 980 1513 ἐϐαπτίσθη,
1029 1448 1215 1516 φησιν,
1253 1446 1406 1514 αὑτὴ
1454 1446 1554 1499 καὶ
1584 1448 1622 1513 η
1657 1447 1812 1500 οἰκία
1848 1447 2058 1516 αὐτῆς.

391 1532 588 1586 Σκόπει
607 1533 725 1596 πῶς
757 1533 1004 1597 ἅπαντας
1029 1534 1247 1588 ἔπεισε·
1306 1531 1423 1588 εἶτα
1456 1535 1621 1604 βλέπε
1672 1535 1908 1600 σύνεσιν,
1944 1535 2060 1600 πῶς

387 1621 628 1674 δυσωπεῖ
674 1625 800 1685 τοὺς
853 1623 1206 1686 ἀποστόλους,
1257 1623 1429 1694 πόσης
1483 1625 1867 1695 ταπεινότητος
1901 1625 2060 1695 γέμει

385 1709 455 1762 τὰ
489 1711 730 1781 ῥήματα,
786 1710 960 1780 πόσης
1012 1712 1224 1779 σοφίας.
1277 1715 1345 1766 Εἰ
1397 1713 1707 1782 κεκρίκατέ
1743 1731 1840 1782 με,
1901 1715 2055 1783 φησι,

385 1797 615 1864 πιστὴν
650 1796 730 1863 τῷ
769 1797 982 1866 Κυρίῳ.
1016 1799 1181 1854 Οὐδὲν
1206 1800 1764 1871 ἐντρεπτικώτερονι.
1798 1801 1931 1855 Τίνα
1958 1802 2058 1856 ούκ

384 1886 450 1943 ἂν
482 1887 718 1958 ἐμάλαξε
753 1888 922 1942 ταῦτα
970 1887 1037 1942 τα
1085 1890 1342 1959 ρήματα;
1379 1891 1491 1943 Ούκ
1535 1891 1784 1958 ἠξίωσεν,
1825 1890 1885 1942 ού
1919 1907 2049 1960 παρ⁸

384 1977 641 2030 εκάλεσεν
688 1976 895 2039 ἁπλῶς,
951 1977 1050 2030 οὐκ
1094 1977 1271 2048 ἀφῆκε
1324 1977 1544 2048 κυρίους
1590 1974 1749 2039 εἶναι,
1796 1978 1931 2030 ἀλλὰ
1963 1980 2057 2034 καὶ

385 2060 659 2128 ἠνάγκασε
713 2058 989 2130 σφοδρῶς·
1029 2059 1185 2113 τοῦτο
1230 2062 1337 2131 γάρ
1385 2063 1498 2113 ἐστι
1525 2061 1608 2124 τὸ,
1653 2063 2058 2129 Παρεϐεάσατο

383 2156 567 2222 ἡμᾶς·
607 2157 872 2218 τουτέστι,
896 2157 1106 2221 τούτοις
1126 2160 1237 2221 τοίς
1267 2159 1523 2228 ῥήμασιν.
1545 2158 1686 2228 Ὅρα
1712 2159 1825 2222 πῶς
1855 2159 2056 2224 εὐθέως

384 2250 742 2317 καρποςεορεῖ,
785 2248 878 2300 καὶ
913 2246 1103 2317 κέρδος
1136 2250 1346 2316 ἡγεῖται
1381 2245 1522 2314 μέγα
1558 2247 1654 2316 τὴν
1695 2247 1906 2318 κλῆσιν.
1935 2249 2055 2302 Ὀτι

384 2327 440 2380 δὲ
473 2331 667 2399 πιστὴν
696 2331 963 2400 ἐκρίνατε,
995 2330 1153 2400 δῆλον
1183 2331 1246 2382 ὲκ
1266 2329 1358 2382 τοῦ
1384 2330 1684 2400 ἐγχειρίσαι
1709 2349 1799 2400 μοι
1829 2332 2056 2386 τοιαῦτα

386 2413 678 2482 μυστήρια,
715 2413 815 2466 οὐκ
843 2412 908 2465 ἂν
950 2413 1371 2483 ἐγχειρίσαντες,
1403 2415 1450 2464 εἰ
1484 2413 1560 2483 μὴ
1613 2413 1867 2485 τοιαύτην
1898 2416 2051 2487 ἐκρί-

381 2526 529 2562 νατε.
568 2509 677 2561 Καὶ
723 2509 822 2561 οὐκ
868 2509 1132 2579 ἐτόλμησε
1188 2508 1293 2578 πρὸ
1325 2508 1512 2562 τούτου
1539 2509 1785 2574 καλέσαι,
1832 2509 1945 2564 ἀλλ’
1965 2514 2053 2566 ὅτε

381 2591 685 2663 ἐϐαπτίσθη
707 2609 721 2623 ο
773 2592 929 2662 δῆλον
971 2593 1218 2645 ἐντεῦθεν
1253 2593 1501 2656 ποιοῦσα,
1533 2593 1614 2646 ὅτι
1648 2595 1748 2647 οὐκ
1785 2594 1850 2648 ἂν
1878 2595 2052 2662 ἄλλως

381 2677 586 2730 ἔπεισε.
621 2677 721 2730 Διὰ
769 2677 823 2730 τί
869 2677 926 2730 δὲ
971 2678 1068 2730 οὐκ
1107 2677 1387 2730 ἐϐούλοντο
1413 2678 1463 2730 οἱ
1507 2679 1635 2748 περὶ
1679 2679 1911 2739 Παῦλον.
1937 2681 2052 2733 ἀλλ’

381 2765 633 2818 ἀνένευον
673 2764 813 2818 ὥστε
864 2765 956 2818 καὶ
1009 2765 1293 2835 βιασθῆναι
1335 2764 1572 2830 αύτούς;
1626 2766 1782 2818 Ἤτοι
1838 2767 2052 2838 ἐκείνην

379 2852 770 2924 ἐκκαλούμενοι
805 2855 884 2917 είς
926 2851 1150 2922 μείζονα
1191 2853 1536 2925 προθυμίαν·
1578 2853 1610 2924 ἢ
1663 2855 1852 2926 ἐπειδὴ
1898 2852 2051 2908 εἶπεν

378 2943 406 2993 ό
452 2941 704 3013 Χριστὸς,
750 2943 853 3007 Εἰς
888 2939 968 3009 ἣν
1000 2941 1076 2995 ἂν
1111 2941 1293 2994 πόλιν
1336 2941 1667 3008 εἰσέλθητε,
1728 2943 1821 3009 τίς
1881 2943 2053 2997 ἐστιν

379 3028 546 3096 ἄξιος
568 3029 924 3096 ἐρωτήσατε,
954 3031 1052 3083 καί
1105 3029 1233 3082 ἐκεῖ
1253 3031 1516 3098 μείνατε,
1557 3031 1719 3082 Ὥστε
1758 3031 1935 3084 πάντα
1982 3032 2052 3086 δι’

378 3118 690 3188 οἰκονομίαν
757 3119 992 3172 ἐποίουν.
1038 3118 1300 3188 Ἐγένετο
1331 3117 1400 3171 δὲ
1434 3118 1852 3187 πορευομένων
1883 3120 2052 3189 ἡμῶν

377 3207 464 3271 εἰς
505 3206 878 3275 προσευχὴν,
918 3207 1252 3274 παιδίσκην
1310 3207 1446 3261 τινὰ
1496 3207 1766 3275 ἔχουσαν
1816 3208 2052 3278 πνεῦμα

377 3300 650 3365 πὺθωνος
678 3297 1022 3367 ἀπαντῆσαι
1061 3298 1224 3367 ημῖν,
1283 3297 1416 3366 ἣτις
1473 3299 1761 3369 ἐργασίαν
1810 3299 2051 3367 πολλὴν

379 3385 621 3454 παρεῖχε
643 3385 766 3450 τοῖς
783 3387 1009 3454 κυρίοις
1035 3384 1227 3454 αὐτῆς
1249 3385 1684 3455 μαντευομένη.
1720 3387 1882 3457 Αὕτη
1913 3404 2050 3441 κατ-

378 3475 853 3540 ακολουθήσασα
877 3472 956 3539 τῷ
972 3475 1186 3542 Παύλῳ
1207 3475 1304 3527 καί
1329 3475 1491 3543 ἡμῖν,
1515 3475 1716 3542 ἕκραζε
1739 3474 2007 3544 λέγουσα
2031 3492 2045 3510 ·

382 3562 555 3621 Οὗτοι
578 3569 628 3620 οἰ
652 3565 948 3634 ἅνθρωποι
977 3566 1183 3620 δοῦλοι
1204 3565 1310 3618 τοῦ
1346 3564 1492 3619 Θεοῦ
1514 3565 1620 3619 τοῦ
1651 3567 1944 3633 Ὑψίστου
1965 3570 2049 3620 εὶ-

379 3655 504 3718 σίν,
533 3655 750 3721 οἵτινες
776 3654 1292 3724 καταγγέλλουσιν
1305 3653 1449 3722 ἡμῖν
1479 3654 1622 3708 ὁδὸν
1641 3656 1957 3722 σωτηρίας.
1983 3655 2047 3708 Τί

378 3743 579 3812 δήποτε
599 3745 692 3796 καὶ
712 3746 738 3797 ὁ
754 3743 960 3814 δαίμων
975 3741 1150 3795 ταῦτα
1179 3742 1598 3811 ἐφθέγγετο,καὶ
1623 3746 1651 3794 ὁ
1669 3742 1880 3807 Παῦλος
1907 3744 2047 3797 ἐκώ-

380 3833 539 3898 λυσε;
575 3834 841 3897 Κάκεῖνος
869 3832 1191 3903 κακούργως
1235 3832 1428 3894 ἐποίει,
1472 3833 1564 3885 καὶ
1583 3826 1739 3896 οὗτος
1773 3834 2009 3896 συνετῶς
2030 3849 2044 3863 ·

378 3922 625 3976 ἐϐούλετο
680 3924 790 3995 γάρ
840 3922 913 3993 μὴ
971 3922 1280 3986 ἀξιόπιστον
1324 3922 1486 3974 αὐτὸν
1526 3925 1699 3977 ποιεῖν
1733 3923 1782 3977 1³.
1830 3925 1891 3977 Εἰ
1938 3923 2046 3994 γὰρ

377 4013 692 4084 προσήκατο
716 4010 879 4065 αὑτοῦ
919 4012 1018 4082 τὴν
1060 4010 1362 4082 μαρτυρίαν
1399 4013 1426 4064 ὀ
1462 4011 1692 4077 Παῦλος,
1730 4012 1958 4075 πολλοὺς
1980 4012 2046 4065 ἂν

379 4103 470 4153 καὶ
513 4101 622 4155 τῶν
660 4101 867 4154 πιστῶν
911 4101 1213 4171 ἠπάτησεν.
1264 4098 1359 4151 an
1412 4098 1504 4150 ὑπ’
1549 4099 1756 4152 ἐκείνου
1803 4099 2042 4170 δεχθείς·

375 4189 463 4243 διὰ
489 4190 646 4243 τοῦτο
705 4189 955 4259 ἀνέχεται
1005 4189 1073 4240 τὰ
1101 4187 1222 4240 καθ’
1259 4187 1480 4248 ἑαυτοὺς
1527 4187 1720 4250 εἰπεῖν,
1753 4186 1839 4239 ἵνα
1873 4189 2044 4260 στήσῃ

293 4335 305 4348 _
375 4278 442 4326 τα
471 4277 609 4344 ὑπὲρ
643 4274 827 4336 αὑτοῦ,
859 4276 953 4326 καὶ
983 4274 1144 4336 αὐτὸς
1180 4271 1585 4340 συγκαταϐασει
1607 4273 1874 4344 κέχρηται
1906 4275 2045 4344 πρὸς

375 4362 473 4431 τὴν
489 4362 783 4414 ἀπώλειαν.
811 4361 883 4413 Τὸ
907 4360 1004 4430 μὲν
1026 4357 1119 4412 οῦν
1149 4359 1362 4430 πρῶτον
1393 4360 1452 4412 ού
1479 4361 1790 4431 προσήκατο
1812 4361 2040 4430 Παῦλος,

375 4449 509 4501 ἀλλὰ
563 4449 868 4510 διέπτυσεν,
926 4449 988 4500 οὐ
1035 4448 1358 4519 βουλόμενος
1433 4449 1623 4502 ἑαυτὸν
1698 4451 2044 4522 ἐπιρῤίπτειν

375 4533 561 4596 ἁπλῶς
598 4537 710 4596 τοῖς
745 4532 1021 4603 σημείοις·
1057 4533 1132 4595 ὡς
1160 4531 1214 4584 δε
1251 4532 1480 4602 ἐπέμενε
1528 4531 1684 4585 τοῦτο
1723 4534 1890 4588 ποιῶν
1950 4536 2044 4589 ἐπὶ

376 4621 572 4684 πολλὰς
603 4623 830 4693 ἡμέρας,
861 4621 1042 4674 καὶτὸ
1075 4619 1233 4691 ἔργον
1260 4620 1490 4681 ἐδείκνυ,
1524 4617 1697 4677 Οὗτοι
1725 4624 1780 4676 οἰ
1821 4624 2042 4694 ἄνθρω-

372 4728 494 4778 ποι,
513 4713 704 4783 λέγων,
724 4713 930 4768 δοῦλοι
953 4713 1056 4768 τοῦ
1082 4713 1230 4767 Θεοῦ
1258 4713 1670 4782 τοῦὙψίστου
1696 4717 1874 4782 εἱσίν,
1908 4718 2042 4771 οἵτι.

373 4821 476 4868 νες
498 4802 1018 4872 καταγγέλλουσιν
1043 4802 1187 4870 ἡμῖν
1214 4801 1359 4856 ὁδὸν
1405 4805 1700 4870 σωτηρίας
1723 4820 1735 4834 '
1775 4805 1893 4857 τότε
1921 4807 2042 4860 ἐκέ-

373 4887 561 4941 λευσεν
584 4886 732 4958 αὐτῷ
766 4885 1020 4951 ἐξελθεῖν.
1055 4884 1438 4951 Διαπονηθείς
1466 4885 1534 4938 δὲ
1570 4889 1601 4939 ό
1643 4888 1901 4954 Παῦλος.
1942 4891 2041 4943 καὶ

373 4976 764 5043 ἐπιστρέψας,
814 4974 895 5040 τῷ
938 4975 1228 5042 πνεύματι
1264 4969 1431 5027 εἷπε·
1493 4975 1891 5044 Παραγγέλλω
1941 4993 2040 5032 σοι

373 5064 442 5116 ἐν
508 5064 748 5131 ὀνόματι
788 5063 980 5131 Ἰησοῦ
1043 5062 1320 5129 Χριστοῦ,
1359 5062 1628 5125 ἐξελθεῖν
1677 5064 1778 5116 ἀπ’
1826 5066 2036 5134 αὐτῆς.

376 5149 484 5203 Καὶ
522 5149 781 5224 ἐξῆλθεν
833 5149 988 5218 αὐτῇ
1027 5149 1099 5218 τῇ
1136 5149 1274 5217 ὥρᾳ.
1323 5149 1578 5216 Ἰδόντες
1626 5150 1694 5203 δὲ
1741 5155 1795 5205 οί
1849 5154 2038 5221 κύριοι

374 5237 584 5305 αὐτῆς,
621 5225 710 5292 ὅτι
746 5238 1001 5305 ἐξῆλθεν
1037 5241 1076 5307 ἡ
1124 5240 1308 5304 ἐλπὶς,
1337 5239 1616 5308 ἐργασίας
1661 5240 1878 5308 αὐτῶν,
1917 5243 2040 5296 ἐπι-

374 5326 688 5394 λαϐόμενοι
717 5326 826 5378 τὸν
862 5326 1106 5380 Παῦλον
1137 5327 1235 5379 καί
1271 5325 1376 5379 τὸν
1401 5329 1607 5391 Σίλαν,
1632 5329 1929 5382 εἵλκυσαν
1952 5333 2039 5397 εἰς

376 5417 489 5481 τὴν
523 5414 670 5486 [270]
696 5414 920 5483 ἀγορὰν
947 5414 1046 5465 ἐπὶ
1077 5413 1216 5479 τοὺς
1245 5413 1561 5483 ἄρχοντας,
1615 5416 1711 5472 καί
1737 5433 2040 5490 προσαγα-

374 5506 582 5570 γιθντες
643 5503 864 5567 αὐτοὺς
912 5502 1039 5567 τοῖς
1094 5503 1467 5570 στρατηγοῖς,
1509 5501 1718 5558 εἷπον·
1774 5505 1947 5564 Οὗτοι
1985 5514 2039 5564 οἱ

375 5591 670 5658 ἄνθρωποι
700 5590 1185 5660 ἐκταράσσουσιν
1205 5592 1372 5659 ἡμῶν
1400 5595 1513 5660 τὴν
1533 5597 1732 5658 πόλιν,
1765 5596 2039 5651 Ἰουδαῖοι

375 5679 766 5749 ὑπάρχοντες,
830 5680 924 5733 καί
978 5679 1490 5748 καταγγέλλουσιν
1531 5681 1657 5749 ἔθη,
1702 5683 1740 5737 ά
1787 5688 1899 5738 οὐκ
1937 5686 2036 5750 ἓξ-

375 5803 546 5840 εστιν
566 5788 709 5857 ἡμῖν
771 5788 1210 5858 παραδέχεσθαι
1271 5788 1412 5842 οὐδὲ
1483 5790 1676 5843 ποιεῖν
1733 5792 2036 5860 Ῥωμαίοις

378 5870 536 5931 οὖσι.
563 5877 843 5948 Πανταχοῦ
883 5878 949 5932 τά
987 5880 1245 5950 χρήματα
1272 5878 1420 5930 αἴτια
1466 5879 1573 5929 των
1609 5881 1812 5934 κακῶν.
1843 5884 1903 5936 Ὢ
1939 5885 2035 5954 τῆς

441 5979 465 6005 ⁸
495 5980 683 6036 Μητρὶ..
724 5985 1030 6042 ἐντρεπτικόν,
1078 5990 1223 6033 male.
1297 5983 1432 6033 bAlil
1459 5982 1676 6031 ἐϐούλετο
1707 5986 1868 6035 λοιπὸν
1911 5989 2036 6043 ἀξιό-

381 6055 544 6090 πιστον
577 6046 682 6092 iam
691 6063 740 6092 ον
764 6048 928 6096 ποιεῖν.

1187 355 1245 411 S.
1284 356 1568 416 JOANNIS
1597 358 2091 418 CIIRYSOSTOMI
2126 361 2447 420 ARCHIEP.
2495 358 3042 420 CONSTANTINOP.

3743 361 3844 416 254

2169 479 2449 551 ὠμότητος
2477 479 2575 550 τῆς
2601 477 2951 548 Ἐλληνικῆςῐ
2994 474 3272 529 ἐϐούλοντο
3315 476 3576 547 δαιμονᾷν
3600 476 3660 530 τὸ
3687 478 3850 548 κορά-

2171 584 2305 628 σιον,
2359 566 2498 620 ὥστε
2556 566 3008 639 χρηματίζεσθαι.
3053 565 3516 633 Ἐπιλαϐόμενοι,
3549 565 3708 637 φησὶ,
3744 566 3850 619 τὸν

2168 654 2413 709 Παῦλον
2451 655 2546 708 καὶ
2581 655 2686 708 τὸν
2718 656 2926 718 Σίλαν,
2961 653 3176 718 ἔλεγον
3197 668 3210 682 ·
3249 647 3424 707 Οὗτοι
3469 656 3521 706 οἰ
3548 652 3847 721 ἄνθρωποι

2165 741 2655 810 ἐκταράσσουσιν
2680 741 2848 810 ἡμῶν
2870 741 2986 807 τὴν
3009 741 3208 794 πόλιν.
3254 740 3319 792 Τί
3355 742 3712 809 ποιήσαντεςς
3759 742 3846 794 δια

2164 829 2214 880 τί
2263 827 2356 884 οῦν
2407 831 2483 902 μὴ
2535 831 2640 901 πρὸ
2696 829 2885 882 τούτου
2943 828 3265 893 εἰλκύσατε;
3297 828 3592 890 Ἰουδαῖοι,
3656 829 3843 900 φησὶν.

2164 917 2538 988 ὑπάρχοντες
2561 937 2573 950 ·
2628 917 2771 972 οὓτω
2802 918 2863 971 τὸ
2895 917 3065 988 ὄνομα
3106 915 3434 988 διεϐέϐλητο.
3486 917 3598 970 Kal
3631 935 3846 987 καταγ-

2165 1007 2494 1076 γέλλουσιν
2545 1008 2672 1076 ἔθη,
2711 1007 2749 1060 ά
2800 1009 2910 1060 οὐκ
2943 1006 3184 1070 ἔξεστιν
3212 1005 3355 1076 ἡμῖν
3398 1005 3844 1074 παραδέχεσθαι

2165 1095 2306 1150 οὐδὲ
2334 1097 2525 1150 ποιεῖν
2557 1097 2851 1164 Ῥωμαίοις
2875 1091 3072 1150 οὖσιν.
3101 1095 3194 1156 Εἰς
3243 1094 3570 1148 καθοσίωσιν
3596 1095 3658 1147 τὸ
3703 1097 3845 1166 πρᾶ-

2164 1203 2281 1254 γμα
2314 1187 2538 1256 ιἤγαγον.
2589 1186 2700 1239 Καὶ
2755 1183 3102 1252 συνεπέστη
3137 1187 3171 1239 ό
3223 1183 3410 1252 ὄχλος
3455 1184 3580 1237 κατ’
3619 1183 3838 1241 αὐτῶν.

2169 1275 2232 1326 Ὢ
2274 1275 2374 1344 τῆς
2406 1274 2663 1343 ἀλογίαςί
2707 1273 2806 1326 οὐκ
2835 1274 3127 1343 ἐξήτασαν,
3182 1274 3243 1326 οὐ
3282 1273 3590 1343 μετέδωκαν
3650 1273 3840 1342 λόγου·

2163 1362 2339 1416 καίτοι
2367 1363 2611 1415 τοιούτου
2644 1361 2917 1430 θαύματος
2945 1361 3236 1431 γενομένου
3275 1361 3394 1414 δέον
3439 1362 3841 1433 προσκυνῆσαι,

2161 1452 2278 1505 δέον
2315 1453 2389 1515 ὡς
2437 1453 2690 1523 σωτῆρας
2717 1452 2812 1506 καὶ
2841 1451 3132 1521 εὐεργέτας
3159 1450 3323 1521 ἔχειν.
3355 1451 3416 1503 Εἰ
3446 1451 3555 1521 γὰρ
3579 1452 3845 1522 χρήματα

2161 1541 2465 1603 ἐϐούλεσθε,
2498 1540 2585 1593 διὰ
2627 1540 2681 1593 τί
2729 1539 2970 1593 τοιοῦτον
3018 1539 3245 1592 πλοῦτον
3276 1539 3545 1608 εὑρόντες,
3585 1541 3662 1609 μὴ
3713 1542 3845 1594 ἐπε-

2160 1629 2430 1700 δράμετε;
2460 1630 2630 1682 Τοῦτο
2660 1627 3076 1700 λαμπροτέρους
3093 1629 3253 1691 ποιεῖ,
3276 1627 3336 1679 τὸ
3365 1626 3623 1680 δύνασθαι
3652 1626 3843 1695 δαίμο-

2160 1737 2256 1782 νας
2290 1719 2634 1781 ἀπελαύνειν,
2685 1719 2718 1790 ἢ
2772 1718 2835 1771 τὸ
2881 1719 3063 1781 αὐτοῖς
3094 1717 3393 1771 πείθεσθαι.
3431 1716 3560 1770 Ἰδοὺ
3596 1720 3694 1770 καὶ
3745 1736 3843 1788 ση-

2161 1809 2307 1877 μεῖα,
2332 1807 2425 1860 καὶ
2457 1809 2490 1877 ἡ
2509 1806 2911 1877 φιλοχρηματία
2940 1805 3101 1858 πλέον
3125 1805 3331 1876 ἴσχυσε.
3357 1807 3465 1858 Καὶ
3493 1809 3546 1858 οἱ
3579 1823 3843 1874 στρατη-

2157 1894 2270 1963 γοί,
2296 1893 2756 1963 περιρρήξαντες
2771 1895 2842 1947 τὰ
2867 1892 3063 1962 ἱμάτια
3087 1893 3303 1958 αὐτῶν,
3330 1893 3616 1946 ἐκέλευον
3635 1895 3845 1961 ῥαϐδί-

2157 1981 2303 2042 ζειν·
2356 1981 2590 2048 πολλάς
2637 1999 2701 2036 τε
2743 1982 3047 2046 ἐπιθέντες
3089 1980 3294 2047 αὐτοῖς
3321 1980 3579 2049 πληγὰς,
3614 1981 3845 2036 ἔϐαλον

2154 2069 2240 2131 είς
2315 2066 2640 2134 φυλακὴν,
2710 2065 3218 2134 παραγγείλαντες
3284 2065 3364 2130 τῷ
3419 2065 3843 2133 δεσμοφύλακι

2155 2151 2444 2222 ἀσφαλῶς
2477 2152 2680 2221 τηρεῖν
2717 2155 2956 2218 αὐτούς.
3009 2153 3068 2208 Ὀ
3117 2154 3214 2224 μὲν
3265 2151 3357 2206 οὖν
3387 2153 3596 2216 Παῦλος
3625 2153 3686 2206 τὸ
3728 2157 3842 2207 πᾶν

2155 2243 2465 2314 εἰργάσατο,
2495 2244 2588 2296 καὶ
2621 2243 2689 2296 τὰ
2723 2243 2975 2314 θαύματα
3026 2243 3118 2296 καὶ
3143 2243 3241 2312 τὴν
3282 2242 3663 2296 διδασκαλίαν·
3726 2243 3840 2296 τῶν

2153 2332 2207 2384 δὲ
2244 2329 2500 2384 κινδύνων
2521 2333 2613 2384 καὶ
2636 2334 2663 2383 ὁ
2698 2331 2855 2395 Σίλας
2886 2333 3152 2384 κοινωνεῖ.
3181 2331 3246 2383 Τί
3277 2333 3413 2393 ἐστι,
3446 2333 3844 2400 Διαπονηθείς

2153 2415 2221 2466 δὲ
2259 2418 2291 2468 ὁ
2327 2415 2601 2480 Παῦλος;
2641 2416 2750 2486 Τὴν
2784 2415 3138 2485 κακουργίαν,
3173 2415 3358 2483 φησὶν,
3395 2413 3518 2466 ἰδὼν
3565 2414 3660 2467 τοῦ
3715 2414 3840 2467 δαί--

2157 2519 2334 2572 μονος,
2364 2501 2544 2566 καθὼς
2579 2503 2739 2566 αὐτὸς
2778 2502 3009 2572 ἀλλαχοῦ
3050 2515 3075 2542 α
3107 2502 3289 2570 λέγει·
3352 2504 3434 2554 Οὺ
3479 2503 3590 2570 γὰρ
3643 2502 3842 2556 αὑτοῦ

2153 2591 2224 2644 τὰ
2260 2590 2530 2660 νοήματα
2573 2590 2929 2661 ἀγνοοῦμεν.
2973 2590 3073 2643 Δια
3126 2591 3180 2643 τί
3232 2589 3305 2661 μὴ
3364 2585 3538 2653 εἷπον,
3592 2591 3677 2642 δτι
3732 2591 3844 2643 Τὸν

2151 2678 2380 2749 δαίμονα
2407 2678 2678 2743 ἐξέϐαλον,
2711 2678 2791 2730 ὅτι
2816 2680 2895 2742 είς
2931 2677 3063 2731 Θεὸν
3094 2677 3390 2748 ἠσέϐησαν,
3427 2677 3540 2730 ἀλλ’
3562 2677 3658 2729 ἐπὶ
3695 2677 3844 2730 καθ-

2151 2767 2695 2838 οσίωσιντρέπονται;
2721 2761 2898 2820 ἿΙττα
2923 2767 3105 2830 αὐτοῖς
3127 2765 3282 2819 τοῦτο
3414 2763 3568 2816 Οὕτω
3603 2764 3704 2816 καὶ
3735 2767 3842 2817 ἐπὶ

2151 2854 2245 2906 τοῦ
2257 2854 2490 2925 Χριστοῦ
2505 2855 2837 2924 ἕλεγονΌῦκ
2853 2852 3359 2923 ἕχομενβασιλέα,
3370 2851 3514 2920 εἰμὴ
3526 2851 3838 2920 Καίσαρα.

2151 2943 2277 3009 Πᾶς
2313 2947 2346 2997 ό
2383 2943 2602 2997 ἑαυτὸν
2647 2943 2833 2996 ποιῶν
2863 2941 3155 3006 βασιλέα,
3207 2939 3499 3010 ἀντιλέγει
3547 2939 3630 3004 τῷ
3693 2941 3842 2992 Kai-

2150 3048 2308 3098 σαρι.
2332 3033 2439 3085 Καὶ
2469 3031 2688 3085 ἔϐαλον
2717 3031 2957 3096 αὐτοὺς,
2987 3031 3171 3100 φησὶν,
3201 3031 3288 3096 εἰς
3318 3027 3626 3098 φυλακήν.
3656 3027 3839 3090 Πολὺς

2148 3121 2176 3172 ὁ
2209 3120 2397 3190 θυμός.
2430 3121 2535 3184 Ὃς
2563 3120 2970 3188 παραγγελίαν
2995 3119 3278 3184 τοιαύτην
3302 3115 3588 3184 εἰληφὼς,
3615 3116 3837 3169 ἔϐαλεν

2149 3207 2368 3273 αὐτοὺς
2390 3210 2477 3274 είς
2517 3207 2630 3275 τὴν
2663 3208 2965 3276 ἐσωτέραν
2991 3207 3296 3276 φυλακὴν,
3330 3207 3429 3259 καὶ
3463 3205 3597 3270 τοὺς
3637 3205 3833 3271 πόδας

2148 3294 2346 3348 αὐτῶν
2378 3296 2762 3364 ἠσφαλίσατο
2789 3297 2874 3360 εὶς
2911 3295 2976 3348 τὸ
3014 3295 3227 3358 ξύλον.
3254 3295 3419 3364 Ὅρα,
3449 3295 3693 3356 κάκεῖνος
3717 3293 3829 3345 πάο

2149 3383 2230 3436 λιν
2260 3385 2337 3448 εἰς
2357 3383 2454 3452 τὴν
2476 3383 2748 3453 ἐσωτέραν
2778 3383 3025 3454 φυλακὴν
3057 3383 3254 3446 αὐτοὺς
3277 3382 3518 3443 ἐνέϐαλε,
3547 3381 3639 3434 καὶ
3663 3380 3831 3434 τοῦτο

2149 3469 2524 3540 οἰκονομικῶς.
2553 3471 2769 3541 Ἐπειδὴ
2796 3470 2904 3542 γὰρ
2935 3470 3120 3540 θαῦμα
3151 3469 3342 3540 ἔμελλε
3385 3469 3628 3538 γίνεσθαι
3656 3467 3832 3538 μέγα,

2149 3559 2448 3629 ἐπιτήδειος
2477 3562 2504 3612 ὁ
2537 3560 2697 3622 τόπος
2724 3560 2860 3630 πρὸς
2881 3559 2978 3630 τὴν
3013 3559 3275 3630 ἀκρόασιν
3298 3561 3325 3612 ὁ
3356 3558 3459 3622 ἔξω
3489 3557 3584 3627 τῆς
3621 3557 3839 3620 πόλεως

2150 3647 2412 3718 κρίνεται,
2445 3647 2766 3719 πειρασμῶν
2792 3647 3216 3716 ἀπηλλαγμένος
3250 3648 3342 3700 καὶ
3375 3646 3658 3700 κινδύνων.
3686 3648 3840 3717 Ὅρα.

2150 3735 2263 3798 πῶς
2287 3737 2384 3788 οὐκ
2418 3735 2732 3805 αἰσχύνεται
2762 3734 2832 3787 τὰ
2881 3735 3287 3805 ἐπιτηδεύματα
3317 3733 3643 3798 καταλέγειν
3677 3735 3706 3785 ὁ
3733 3734 3838 3803 τὴν

2149 3825 2392 3895 ἱστορίαν
2422 3826 2667 3895 γράφων.
2709 3825 2834 3877 Ἀτε
2885 3824 2951 3894 δὴ
3004 3825 3098 3876 καὶ
3153 3823 3350 3894 ἀργίας
3400 3822 3587 3893 οὔσης,
3628 3822 3841 3892 μᾶλλον

2147 3914 2436 3983 προσεῖχον
2467 3915 2578 3974 τοῖς
2605 3910 2917 3980 λεγομένοις
2941 3927 2956 3941 ·
3009 3911 3102 3963 καὶ
3131 3910 3253 3963 οὐδὲ
3293 3911 3326 3980 ἡ
3358 3909 3511 3972 πόλις
3557 3908 3696 3977 αῦτη
3732 3926 3840 3977 μευ

2146 4000 2288 4070 γὰλη
2317 4002 2348 4070 ἡ
2373 4001 2481 4053 τῶν
2510 3999 2902 4069 Φιλιππησίων.
2941 3998 3124 4052 Ταῦτα
3143 3999 3206 4069 δὴ
3234 3999 3499 4067 μαθόντες
3520 3999 3611 4050 καὶ
3637 3999 3842 4067 ἡμεῖς,

2147 4089 2349 4159 μηδένα
2405 4086 2880 4158 ἐπαισχυνώμεθα.
2931 4087 3091 4158 Παρά
3157 4087 3347 4158 βυρσεῖ
3384 4087 3535 4154 μένει
3591 4086 3840 4156 Πέτρος,

2148 4175 2299 4246 παρὰ
2353 4175 2796 4248 πορφυροπώλιδι
2855 4175 3067 4240 Παῦλος
3091 4174 3140 4230 ἀ.
3202 4175 3310 4228 Ποῦ
3346 4178 3374 4228 δ
3430 4179 3634 4243 τῦφος;
3683 4176 3842 4245 Ἀρα

2143 4263 2236 4317 τοῦ
2271 4263 2404 4318 Θεοῦ
2433 4263 2683 4335 δεόμεθα,
2707 4263 2847 4317 ὥστε
2895 4263 3102 4328 ἀνοίξαι
3138 4263 3392 4334 καρδίαν·
3423 4265 3452 4316 ὁ
3478 4264 3610 4326 Θεὸς
3643 4263 3702 4315 δέ
3730 4265 3844 4316 ἀν-

2143 4352 2279 4421 οίγει
2316 4352 2540 4425 καρδίας
2560 4351 2656 4415 τάς
2689 4351 3043 4422 βουλομένας·
3075 4351 3188 4404 ἐστι
3218 4352 3326 4422 γὰρ
3351 4354 3448 4404 καὶ
3479 4353 3845 4421 πεπηρωμέ-

2144 4459 2238 4504 νας
2284 4442 2426 4496 ἰδεῖν.
2465 4441 2604 4494 Ἀλλ’
2647 4441 2842 4511 ἴδωμεν
2897 4441 3106 4494 ἄνωθεν
3156 4441 3226 4494 τε
3272 4441 3557 4511 εἰρημένα.
3623 4440 3846 4508 Γυνὴ,

2143 4530 2297 4600 φησὶ,
2347 4529 2823 4598 πορφυρόπωλις,
2857 4523 2932 4598 ἧς
2963 4531 2995 4582 ὁ
3032 4529 3246 4596 Κύριος
3295 4527 3501 4594 ἤνοιξε
3531 4527 3649 4593 thr
3679 4545 3848 4596 καρυ

2143 4618 2300 4685 δίαν,
2313 4618 2636 4685 προσέχειν
2650 4615 2774 4682 τοῖς
2787 4617 3183 4686 λαλουμένοις
3201 4616 3316 4671 ὑπὸ
3333 4615 3440 4670 τοῦ
3457 4618 3733 4668 Παύλου.
3759 4619 3854 4669 Τὸ

2147 4707 2244 4776 μὲν
2267 4702 2359 4759 οὖν
2388 4705 2618 4769 ἀνοῖξαι,
2651 4705 2744 4757 τοῦ
2765 4704 2920 4757 Θεοῦ·
2947 4707 3005 4756 τὸ
3027 4704 3082 4756 δέ
3117 4704 3424 4775 προσέχειν,
3450 4703 3619 4773 αὐτῆς
3637 4723 3650 4735 ·
3679 4704 3854 4759 ὥστε

2145 4794 2238 4847 καὶ
2265 4794 2405 4847 θεῖον
2439 4794 2533 4846 καὶ
2562 4792 2898 4864 ἀνθρώπινον
2932 4788 3019 4863 ἦν.
3056 4791 3207 4864 [9.71]
3237 4793 3332 4858 Ὡς
3361 4793 3430 4844 δὲ
3463 4792 3858 4863 ἐϐαπτίσθη,

2143 4882 2295 4951 φησὶ,
2322 4881 2700 4949 παρεκάλεσε
2724 4883 3023 4952 λέγουσα·
3057 4882 3126 4933 El
3164 4880 3477 4948 κεκρίκατέ
3518 4897 3618 4948 με.
3657 4881 3859 4952 ”ορα,

2142 4972 2236 5022 καὶ
2267 4968 2609 5039 βαπτίζεται,
2644 4970 2737 5022 καὶ
2754 4969 2964 5039 δέχεται
2993 4968 3118 5032 τοὺς
3142 4964 3479 5030 ¹ἀποστόλους
3513 4971 3655 5036 μετά
3697 4986 3859 5022 τοττ-

2141 5056 2309 5128 αύτης
2344 5057 2640 5128 ἱκετηρίας,
2675 5059 2813 5127 μετά
2842 5057 3082 5119 πλείονος
3120 5056 3152 5126 ἢ
3197 5057 3225 5108 ό
3272 5055 3546 5125 Ἀϐραάμ.
3581 5057 3695 5108 Καὶ
3725 5059 3858 5110 οὐκ

2141 5143 2292 5200 εἶπεν
2323 5147 2471 5201 οὐδὲν
2497 5147 2625 5200 ἄλλο
2661 5147 2971 5216 τεκμήριον,
2996 5145 3328 5206 ἀλλ’ἐκεῖνο,
3364 5145 3458 5213 ἀφ’
3488 5138 3548 5198 οῦ
3587 5143 3801 5218 ἐσώοη
3834 5165 3856 5181 ·

2140 5236 2238 5288 οὑκ
2265 5231 2441 5302 εἶπεν,
2483 5237 2530 5288 εἰ
2566 5234 2806 5305 μεγάλην
2855 5236 3111 5302 γυναῖκα,
3172 5234 3222 5286 εἰ
3267 5232 3471 5302 εὐλαϐῆ
3516 5233 3865 5302 κεκρίκατέ

2144 5339 2237 5394 με·
2281 5323 2416 5376 ἀλλὰ
2441 5323 2526 5387 τίς
2559 5322 2792 5390 Πιστὴν
2815 5321 2895 5387 τῷ
2919 5324 3143 5388 Κυρίῳ·
3189 5324 3238 5375 εἰ
3273 5322 3350 5393 τῷ
3378 5322 3587 5394 Κυρίῳ,
3633 5323 3870 5398 πολλῷ

2142 5413 2341 5485 μᾶλλον
2379 5413 2528 5484 ὑμῖν,
2579 5414 2626 5465 εί
2661 5412 2738 5483 μὴ
2773 5411 3187 5482 ἀμφισϐητεῖτε.
3220 5413 3331 5465 Καὶ
3365 5413 3466 5466 οὐκ
3496 5408 3642 5477 εἷπε,
3678 5413 3873 5488 Περ*

2139 5503 2281 5571 ἐμοὶ,
2313 5501 2424 5554 ἀλλ’
2462 5503 2564 5568 Εἰς
2601 5500 2707 5554 τὸν
2744 5496 2912 5552 οἶκόν
2940 5517 3060 5568 μου
3093 5501 3360 5568 μείνατε,
3417 5500 3558 5558 ὥστε
3620 5501 3873 5572 δεῖξαι,

2144 5591 2220 5644 ὅτι
2250 5589 2387 5660 μετὰ
2415 5589 2615 5659 πολλῆς
2636 5588 2796 5642 τοῦτο
2819 5587 2991 5640 ἐποίει
3027 5587 3360 5659 προθυμίας.
3387 5589 3595 5650 Ὄντως
3650 5597 3882 5668 πιστὴ

2137 5680 2168 5748 ἡ
2209 5679 2366 5748 γυνή.
2414 5677 2546 5730 Εἰπὲ
2575 5676 2636 5748 δή
2671 5695 2781 5746 μοι,
2826 5676 2906 5740 τίς
2934 5671 3087 5738 οὗτός
3137 5677 3285 5728 ἐστιν
3315 5679 3343 5730 ὁ
3373 5676 3624 5746 δαίμων;
3659 5680 3879 5748 θεὸς,

2139 5771 2292 5840 φησὶ,
2335 5769 2547 5822 πύθων·
2601 5769 2708 5821 ἀπὸ
2737 5767 2831 5821 τοῦ
2865 5768 3029 5821 τόπου
3059 5766 3199 5821 οὕτω
3227 5767 3463 5834 λέγεται.
3519 5768 3711 5839 Ὁρᾷς,
3757 5775 3886 5832 ὅτι

3723 5992 3752 6004 ἱ

2191 6000 2226 6061 ,λ
2265 5984 2498 6096 ἰἴῖλειξοῦ
2521 5987 2661 6040 dces!
2686 5987 2734 6036 in
2763 5998 2874 6036 uno.
2945 5984 2970 6023 δ
3010 5983 3141 6034 ωειλ]
3181 5985 3564 6048 πορςυροπώὶιδι
3597 5988 3682 6033 καὶ
3723 5992 3898 6067 ξέκῖ

2191 6066 2268 6096 ῑνει
2344 6064 2403 6095 αν
2425 6064 2503 6096 .ο;.

2139 6066 2268 6115 give:
2299 6064 2503 6105 ιιανλος.
