3950 6208
270 322 375 378 153

270 464 317 481 -ο
366 432 503 490 Vide
529 446 718 488 rursus
745 431 966 487 Paulum
985 430 1368 503 judaizantem,
1396 440 1451 485 et
1484 445 1514 484 a
1542 440 1781 499 tempore
1808 437 1863 483 et

270 544 298 582 a
325 530 465 581 loco.
503 523 604 580 Ubi
630 526 926 595 putabatur,
957 524 1147 593 inquit,
1171 524 1333 576 oratio
1359 538 1485 576 esse.
1511 521 1693 591 Neque
1718 522 1860 575 enim

271 628 472 671 tantum
499 616 590 670 ubi
630 606 906 687 synagoga
937 625 1075 679 erat,
1104 615 1197 669 sed
1222 615 1383 667 etiam
1417 614 1545 668 foris
1574 612 1863 682 precaban-

271 720 352 764 tur
381 730 396 763 :
427 710 583 779 quasi
609 709 784 763 locum
814 708 1121 778 quempiam
1159 710 1514 777 assignantes,
1546 706 1667 776 quia
1692 704 1861 759 διιόωὶ

269 802 565 856 crassiores
590 810 764 855 erant.
793 798 888 852 Die
916 810 1083 853 autem
1110 798 1449 862 sabbatorum,
1480 797 1692 866 quando
1719 801 1861 851 veri-

270 895 435 949 simile
466 901 588 948 erat
618 893 828 947 turbam
848 893 1156 947 convenire.
1190 890 1253 945 Et
1279 892 1505 945 sedentes
1539 890 1863 959 loquebamur

268 986 584 1047 mulieribus,
618 999 729 1053 qua:
744 994 1097 1038 convenerant.
1124 982 1188 1036 Et
1218 983 1398 1037 mulier
1412 982 1640 1053 quadam
1664 983 1863 1035 nomine

271 1077 464 1147 Lydia,
529 1076 879 1145 purpuraria,
919 1076 1132 1129 civitatis
1188 1074 1646 1145 Thyatirenorunt,
1695 1076 1864 1128 colens

268 1169 451 1231 Deum,
482 1168 680 1220 audivit
705 1183 722 1221 :
745 1168 891 1235 cuius
921 1166 1168 1221 Dominus
1187 1183 1275 1221 cor
1298 1176 1587 1235 aperuerat,
1618 1176 1673 1219 ut
1695 1176 1862 1219 atten-

266 1262 399 1313 deret
454 1260 523 1312 iis
561 1273 679 1329 qua:
723 1258 1020 1312 dicebantur
1065 1276 1096 1311 a
1126 1258 1312 1312 Paulo.
1345 1257 1477 1313 Vide
1522 1274 1635 1313 rem
1662 1273 1692 1312 a
1724 1257 1864 1312 fastu

266 1353 519 1405 alienam.
546 1350 740 1405 Mulier
766 1361 821 1404 et
846 1350 1063 1405 humilis
1090 1360 1223 1416 erat,
1251 1360 1307 1404 ut
1328 1351 1502 1421 palam
1522 1359 1605 1407 est
1623 1351 1691 1404 ab
1714 1360 1861 1405 artc:

267 1442 359 1496 scd
386 1442 514 1496 vide
553 1442 950 1511 philosophiam
997 1441 1133 1511 ejus.
1184 1442 1365 1496 Primo
1393 1442 1606 1512 quidem
1636 1442 1736 1496 hoc
1766 1442 1864 1511 ipsi

268 1536 419 1587 datur
451 1533 847 1597 testimonium,
892 1534 1032 1602 quod
1061 1533 1266 1589 coleret
1290 1534 1478 1600 Deum,
1508 1533 1702 1589 deinde
1725 1534 1864 1603 quod

272 1628 520 1680 invitaret
545 1626 845 1695 apostolos.
874 1626 959 1681 15.
984 1626 1111 1680 Cum
1138 1642 1257 1697 ergo
1283 1627 1535 1695 baptizata
1555 1635 1681 1680 esset
1708 1636 1750 1678 et
1774 1626 1865 1678 do-

281 1736 389 1773 mus
414 1722 539 1789 qus,
566 1720 843 1789 deprecata
862 1729 937 1773 est
966 1719 1134 1775 dicens
1163 1736 1182 1773 :
1206 1717 1415 1773 Domini
1444 1720 1560 1782 mei,
1589 1718 1633 1771 si
1652 1719 1863 1788 judica-

282 1812 368 1864 stis
394 1828 473 1864 me
492 1812 694 1878 [idelent
724 1811 943 1865 Domino
972 1826 1101 1879 esse,
1129 1808 1331 1864 introite
1357 1812 1410 1863 in
1432 1810 1637 1863 domum
1668 1826 1861 1875 meam,

277 1913 544 1956 dnwnete.
574 1902 643 1956 Et
665 1904 823 1974 coegit
846 1920 957 1959 nos.
987 1902 1053 1957 Ut
1080 1912 1245 1958 autem
1267 1904 1524 1973 baptizata
1547 1912 1639 1965 est,
1669 1902 1863 1972 inquit,

269 1999 357 2052 illa
377 2014 425 2054 et
452 2001 642 2053 domus
666 2002 795 2069 ejus.
820 1998 1110 2054 Considera
1137 2002 1406 2069 quomodo
1433 1998 1663 2053 suaserit
1688 1998 1864 2051 omni-

266 2091 406 2145 bus:
453 2092 660 2146 deinde
708 2092 829 2145 vide
888 2092 1254 2161 prudentiam,
1303 2091 1572 2162 quomodo
1620 2091 1867 2145 obsecret

266 2185 565 2253 apostolos,
594 2200 755 2255 quam
786 2184 1006 2240 humilia
1033 2185 1271 2255 proferat
1298 2185 1485 2251 verba,
1519 2201 1639 2238 cum
1667 2193 1865 2253 quanta

267 2278 551 2345 sapientia.
600 2278 664 2331 Si
710 2278 958 2347 judicatis
1013 2294 1114 2343 me,
1164 2278 1350 2348 inquit,
1394 2278 1593 2346 ﬁdelem
1623 2276 1859 2330 Domino.

269 2368 401 2425 Nihil
436 2370 509 2423 ad
542 2370 972 2439 persuadendum
996 2372 1191 2441 aptius.
1221 2372 1390 2438 Quem
1432 2384 1536 2425 non
1567 2369 1866 2423 emollirent

270 2462 379 2515 haec
401 2462 572 2515 Verba
591 2463 614 2513 ἶ
631 2462 747 2515 Non
770 2463 996 2531 rogavit,
1028 2477 1132 2517 non
1158 2470 1369 2531 praeata
1397 2470 1478 2515 est
1507 2470 1732 2527 tantum,
1758 2474 1861 2513 non

270 2567 457 2608 eorum
502 2554 729 2607 arbitrio
778 2570 890 2608 rem
938 2554 1176 2623 reliquit,
1223 2554 1317 2609 sed
1355 2555 1515 2608 etiam
1562 2554 1776 2622 coegit:
1812 2551 1862 2606 id

273 2646 406 2699 enim
451 2644 719 2715 signiﬁcat
774 2646 926 2711 illud,
983 2645 1154 2717 Coegit
1198 2662 1310 2711 nos,
1343 2645 1394 2699 id
1420 2654 1522 2712 est,
1553 2644 1633 2699 bis
1666 2644 1861 2699 verbis.

276 2736 400 2791 ‘i'ide
424 2738 702 2807 quomodo
731 2738 910 2792 statim
960 2739 1188 2792 fructum
1240 2725 1395 2801 ferat,
1434 2749 1489 2792 ct
1519 2739 1721 2792 lucrum
1752 2753 1865 2790 ma-

274 2846 425 2898 gnum
461 2838 614 2899 putet
660 2830 1012 2884 vocationem.
1045 2828 1199 2897 Quod
1228 2846 1314 2884 me
1344 2830 1557 2884 lidelem
1582 2830 1861 2899 judicare-

279 2925 403 2987 ritis,
431 2925 607 2993 liquet
636 2938 705 2978 ex
734 2938 824 2989 eo,
859 2924 999 2994 quod
1037 2922 1165 2977 mihi
1189 2933 1328 2976 tanta
1353 2924 1602 2995 mysteria
1636 2922 1863 2977 tradide-

281 3016 407 3079 riu's,
440 3032 551 3068 non
607 3016 873 3081 tradituri,
919 3016 1019 3069 nisi
1050 3030 1136 3070 me
1168 3016 1324 3069 talem
1349 3015 1707 3085 judicassetis.
1758 3014 1865 3069 Nec

280 3122 396 3160 assa
421 3117 506 3161 est
532 3118 693 3162 antea
720 3108 968 3172 invitare,
1014 3107 1109 3162 sed
1159 3118 1437 3178 postquam
1468 3108 1729 3177 baptizata
1760 3117 1861 3175 est,

285 3198 397 3252 hinc
424 3199 723 3254 ostendens
749 3215 808 3254 se
835 3214 943 3254 non
972 3200 1079 3253 alio
1101 3199 1260 3254 modo
1286 3214 1658 3269 persuasuram
1678 3200 1861 3256 fuisse.

283 3291 379 3344 Cur
403 3292 604 3346 Paulus
626 3302 683 3348 et
704 3292 837 3347 socii
858 3292 1133 3357 nolebant,
1152 3292 1245 3347 sed
1268 3294 1583 3359 renuebant,
1607 3293 1679 3346 ita
1702 3300 1759 3346 ut
1776 3308 1867 3347 co-

283 3386 568 3453 gerentur?
616 3385 686 3442 Ut
736 3386 884 3440 illam
914 3386 981 3441 ad
1012 3386 1183 3455 majus
1231 3386 1466 3440 studium
1493 3387 1861 3451 concitarent;

286 3478 359 3529 vel
379 3480 501 3546 quia
531 3478 670 3532 dixit
692 3478 941 3533 Christus
966 3496 979 3533 :
1007 3477 1076 3532 In
1110 3495 1477 3550 quamcumque
1503 3480 1752 3534 civitatem
1782 3482 1865 3534 in-

286 3578 543 3640 trat-eritis,
575 3577 689 3645 quis
715 3576 781 3630 sit
821 3576 1005 3647 dignus
1045 3577 1371 3647 interrogate,
1422 3586 1469 3630 et
1521 3578 1626 3631 illic
1673 3588 1867 3631 manete

286 3668 439 3735 (Luc.
474 3670 562 3724 10.
588 3670 682 3741 8).
713 3669 894 3740 Itaque
936 3670 1115 3724 omnia
1162 3684 1259 3738 per
1308 3672 1663 3724 mconomiam
1709 3670 1864 3726 facie-

288 3760 423 3814 bant.
450 3764 533 3816 l6.
567 3760 785 3815 Factum
802 3772 875 3815 est
892 3771 1060 3815 autem
1075 3761 1308 3815 euntibus
1327 3762 1468 3815 nobis
1484 3762 1552 3814 ad
1566 3762 1863 3828 orationem,

292 3856 499 3918 puellam
522 3855 797 3923 quamdam
824 3854 1086 3907 habentem
1111 3854 1343 3924 spiritum
1371 3854 1642 3924 pythonem
1671 3854 1870 3908 obviare

290 3947 442 4011 nobis,
495 3961 613 4015 quae
655 3956 908 4015 quantum
947 3962 1188 4016 maguum
1228 3946 1497 4016 prwstabat
1529 3946 1746 4000 dominis
1765 3947 1869 4001 suis

292 4039 574 4094 diriumido.
608 4041 695 4094 i7.
729 4040 853 4093 "me
878 4040 1184 4108 subsequuta
1212 4038 1435 4093 Paulum
1461 4049 1509 4094 et
1546 4056 1636 4093 nos
1670 4040 1865 4093 clama-

293 4130 386 4197 bat,
412 4133 583 4185 dicens
611 4147 629 4185 :
652 4130 747 4185 Isti
772 4132 996 4185 homines
1023 4132 1153 4185 servi
1173 4130 1268 4185 Dei
1293 4132 1475 4186 excelsi
1513 4141 1648 4197 sunt,
1670 4133 1756 4203 qui
1778 4149 1873 4186 an-

294 4225 511 4277 nuntiant
537 4225 682 4277 nobis
701 4226 835 4277 viam
853 4225 1050 4279 salutis.
1102 4223 1209 4278 Cur
1231 4233 1284 4278 et
1305 4224 1513 4279 diemon
1544 4225 1664 4278 talia
1694 4226 1870 4294 loquu-

295 4324 375 4369 tus
395 4327 497 4383 est,
528 4329 584 4371 et
622 4316 818 4371 Paulus
852 4315 1124 4387 prohibuit
1150 4319 1172 4369 Υ
1201 4316 1266 4370 Et
1295 4317 1385 4371 ille
1417 4316 1669 4385 maligne,
1708 4326 1762 4371 et
1786 4318 1871 4372 hic

295 4410 580 4475 prudenter
608 4410 797 4480 agebat
822 4428 839 4463 :
860 4410 1069 4465 volebat
1090 4411 1229 4464 enim
1253 4424 1359 4463 non
1381 4409 1484 4465 lide
1506 4410 1720 4480 dignum
1749 4412 1871 4465 red-

294 4500 415 4557 dere
447 4506 485 4556 ¹.
514 4503 650 4559 Nam
679 4506 721 4558 si
754 4504 1115 4559 testimonium
1146 4504 1263 4573 ejus
1307 4504 1500 4558 Paulus
1547 4503 1869 4572 admisisset,

294 4596 485 4652 multos
513 4600 676 4653 etiam
693 4598 877 4653 ﬁdeles
895 4598 1214 4668 decepisset,
1233 4606 1291 4652 ut
1312 4599 1379 4652 ab
1401 4599 1489 4653 illo
1509 4599 1832 4669 approbatus
1858 4618 1871 4653 :

293 4690 409 4744 ideo
437 4692 560 4745 illos
587 4692 861 4761 praedicat,
889 4702 947 4745 ut
990 4706 1084 4746 sua
1129 4691 1383 4757 stabiliat,
1412 4700 1466 4745 et
1510 4692 1797 4745 demissius
1817 4709 1875 4746 se

292 4786 425 4847 gerit
444 4782 510 4836 ad
535 4783 847 4851 perniciem.
880 4784 1061 4838 Primo
1090 4784 1266 4852 itaque
1292 4798 1396 4836 non
1422 4784 1637 4837 admisit
1658 4783 1871 4849 Paulus,

293 4876 381 4926 sed
415 4875 640 4943 respuit,
672 4874 863 4929 nolens
894 4884 999 4928 tam
1026 4874 1182 4928 facile
1209 4874 1363 4944 signa
1382 4874 1578 4929 edere:
1608 4876 1731 4944 quia
1749 4891 1876 4929 vero

292 4970 672 5033 perseverabat
694 4968 781 5021 illa
806 4968 986 5021 multis
1013 4966 1222 5029 diebus,
1246 4976 1300 5021 et
1326 4982 1461 5036 opus
1496 4967 1827 5022 monstrabat
1860 4984 1872 5019 :

297 5058 363 5109 lli
389 5062 616 5114 homines
643 5062 769 5113 servi
794 5059 888 5113 Dei
914 5061 1147 5114 altissimi
1176 5070 1310 5124 sunt,
1347 5060 1432 5128 qui
1460 5060 1759 5113 annuntiant
1783 5077 1877 5114 no-

290 5156 363 5205 tis
403 5156 539 5207 riam
581 5155 799 5216 salutis;
846 5166 971 5208 tunc
1022 5155 1277 5223 pra-cepit
1326 5153 1399 5208 illi
1455 5163 1511 5207 ut
1552 5154 1741 5210 exiret.
1788 5156 1874 5209 18.

298 5246 482 5300 Dolens
507 5257 678 5299 autem
709 5244 928 5311 Paulus,
957 5256 1003 5299 et
1026 5262 1311 5311 conversus,
1334 5247 1532 5315 spiritui
1552 5247 1680 5300 dixit
1699 5262 1716 5299 :
1738 5246 1880 5301 Prte-

294 5342 427 5406 npio
455 5340 543 5392 tibi
576 5340 628 5391 in
652 5340 852 5392 nomine
875 5338 1002 5393 Jesu
1039 5339 1246 5405 Christi,
1278 5340 1416 5393 exire
1455 5341 1517 5393 ab
1552 5356 1629 5393 ea.
1661 5341 1723 5393 Et
1763 5342 1883 5393 exiit

292 5434 468 5485 eadem
491 5434 643 5485 hora.
678 5431 764 5487 I9.
797 5431 1031 5487 Yidentes
1055 5443 1221 5486 autem
1247 5434 1440 5487 domini
1469 5436 1595 5500 ejus,
1626 5436 1745 5501 quia
1772 5436 1881 5487 exi-

294 5536 359 5575 ιιι
391 5543 505 5593 spes
531 5536 750 5590 ηερ-κιαι
779 5543 973 5589 eorum,
1005 5527 1438 5596 apprehendentes
1470 5525 1691 5580 Paulum
1720 5536 1765 5579 et
1792 5525 1854 5581 Si
1866 5558 1882 5565 -

296 5626 417 5679 lani,
451 5619 778 5672 adduxerunt
804 5622 855 5672 iu
880 5624 1047 5690 {orum
1062 5621 1130 5673 ad
1147 5622 1420 5691 principes,
1440 5620 1529 5675 20.
1552 5630 1597 5674 et
1623 5620 1886 5688 oﬂ'erentes

298 5728 375 5764 eos
401 5713 796 5781 ωησέιιναιὶὁυι,
830 5714 1066 5767 dixerunt
1096 5731 1113 5767 :
1146 5714 1213 5768 Hi
1240 5719 1464 5771 homines
1492 5717 1789 5770 conturbant
1812 5717 1887 5768 ei-

360 5809 375 5835 '
414 5808 510 5857 Ain
529 5807 732 5869 habent,
751 5806 924 5857 celabat
946 5808 1070 5860 enim
1092 5824 1142 5861 se
1154 5810 1254 5876 [ide
1277 5810 1671 5877 diantanfacerc.

1204 314 1270 369 IN
1312 314 1493 370 ACTA
1535 308 2061 367 APOSTOLORUM.
2105 309 2331 365 IIOMIL.
2376 312 2590 367 XXXV.

3445 326 3547 382 25b

1971 426 2173 479 nitatem
2221 437 2465 493 nostram,
2518 446 2630 484 cum
2676 433 2776 486 sint
2824 435 3017 505 Judtei,
3056 436 3147 492 2|.
3179 449 3224 493 et
3248 443 3552 497 annuntinut

1969 535 2152 584 mores,
2180 535 2303 588 quos
2320 537 2419 575 non
2436 522 2551 574 licet
2576 523 2716 577 nobis
2735 527 2991 596 suscipere
3010 545 3167 599 neque
3190 546 3409 600 servare,
3432 552 3549 589 cum

1966 612 2123 666 simus
2153 612 2394 669 Romani.
2420 614 2626 685 Ubique
2647 618 2907 673 malorum
2937 636 3112 677 causae
3134 626 3375 694 pecuniae
3405 636 3550 682 sunt.

1966 704 2010 759 0
2034 721 2357 775 paganorum
2387 707 2827 764 inhumanitatem
2854 713 2867 765 l
2900 712 3165 769 Volebant
3185 716 3413 785 puellam
3442 718 3556 774 da:-

1967 798 2264 851 numiacam
2281 814 2421 865 esse,
2448 808 2502 853 ut
2522 802 2773 869 pecunias
2798 804 3127 875 colligerent.
3150 807 3553 879 Apprehenden-

1967 896 2059 951 tes,
2096 888 2286 958 inquit,
2334 889 2558 946 Paulum
2611 904 2656 947 et
2699 893 2887 961 Silam,
2931 898 3159 952 dicebant
3188 900 3299 953 ειιὶ
3327 904 3555 957 homines

1965 984 2262 1036 conturbant
2294 985 2537 1037 civitatem
2560 998 2803 1044 nostram.
2843 988 2979 1055 Quid
3007 990 3263 1047 facientes
3292 994 3425 1050 ?cur
3448 1011 3555 1051 non

1966 1080 2089 1126 aute
2118 1074 2352 1128 traxistis
2383 1077 2520 1130 eos?
2548 1075 2719 1131 Ιααωί
2750 1095 2865 1131 cum
2891 1082 3011 1145 sint,
3041 1082 3289 1153 inquiunt
3318 1102 3332 1138 :
3363 1086 3433 1139 ita
3461 1102 3556 1142 no-

1967 1178 2087 1217 men
2121 1164 2247 1218 illud
2283 1167 2422 1221 male
2442 1167 2713 1222 audiebat.
2747 1167 2816 1222 Et
2863 1173 3167 1227 aunanliant
3209 1191 3396 1243 mores,
3433 1194 3557 1247 quos

1968 1271 2068 1308 non
2094 1255 2205 1309 licet
2235 1257 2375 1310 nobis
2400 1259 2648 1328 suscipere
2695 1276 2852 1331 neque
2876 1279 3092 1330 servare,
3119 1281 3233 1319 cum
3261 1268 3419 1322 simus
3448 1268 3547 1324 Ro-

1968 1349 2125 1403 mani.
2150 1348 2281 1404 Rem
2315 1351 2367 1404 in
2396 1350 2537 1405 laesa:
2566 1352 2856 1421 majestatis
2878 1355 3083 1410 crimen
3117 1369 3349 1414 vertunt.
3372 1361 3463 1415 22.
3491 1361 3560 1415 Et

1967 1441 2118 1494 simul
2142 1442 2412 1496 insurrexit
2433 1443 2578 1497 turba
2604 1453 2778 1498 contra
2800 1447 2936 1500 illos.
2955 1446 2998 1502 Ο
3024 1448 3413 1521 insipientiam!
3441 1454 3556 1509 Non

1968 1534 2380 1601 examinarunt,
2415 1552 2522 1590 non
2570 1537 2963 1606 deliberarunt;
3009 1543 3253 1610 quamvis
3303 1560 3369 1599 eo
3413 1546 3557 1602 edito

1967 1627 2224 1681 miraculo
2254 1628 2478 1683 adorare
2511 1640 2803 1699 oporteret,
2827 1641 2882 1687 et
2918 1633 3035 1687 illos
3063 1650 3160 1704 pro
3192 1639 3557 1693 servatoribus

1968 1730 2023 1774 et
2063 1720 2314 1775 beuelicis
2350 1721 2571 1778 habere.
2609 1723 2740 1777 Nam
2774 1724 2816 1777 si
2838 1726 3090 1794 pecunias
3128 1728 3413 1797 volebatis,
3460 1746 3557 1785 cur

1970 1812 2127 1864 tantis
2148 1813 2377 1867 inventis
2394 1814 2591 1868 divitiis
2614 1830 2717 1869 non
2737 1818 3083 1873 accurristis?
3105 1820 3267 1875 Posse
3288 1822 3556 1878 daemoms

1970 1902 2175 1973 fugare,
2204 1907 2595 1977 splendidiores
2618 1908 2811 1974 reddit,
2830 1926 2987 1980 quam
3010 1913 3139 1981 ipsis
3161 1914 3556 1985 obtemperare.

1969 1996 2107 2050 Ecce
2136 1998 2306 2067 signa,
2342 1998 2437 2053 sed
2468 2002 2813 2068 pecuniarum
2835 2002 3100 2070 CUpiditas
3125 2006 3242 2071 plus
3276 2007 3458 2060 valuit.
3492 2007 3559 2061 Et

1968 2088 2315 2155 magistratus,
2362 2090 2530 2143 scissis
2574 2092 2755 2143 tunicis
2782 2109 2976 2159 eorum,
2999 2096 3265 2164 jusserunt
3292 2113 3376 2151 eos
3405 2099 3559 2169 virgis

1968 2179 2099 2233 aedi
2128 2179 2255 2235 :25.
2288 2191 2467 2233 etcum
2497 2183 2680 2235 multas
2706 2183 2779 2236 eis
2810 2184 2988 2255 plagas
3011 2185 3383 2253 imposuissent,
3413 2192 3561 2243 mise-

1967 2280 2084 2324 runt
2122 2288 2204 2325 eos
2243 2274 2585 2337 incarcerem,
2618 2275 2961 2344 prwcipientes
2987 2279 3184 2331 custodi
3212 2290 3265 2332 ut
3296 2281 3560 2351 diligenter

1969 2365 2243 2417 custodiret
2273 2382 2375 2419 eos.
2411 2366 2596 2435 Itaque
2629 2366 2821 2420 Paulus
2849 2377 3016 2421 totum
3047 2370 3187 2435 fecit,
3221 2381 3275 2427 et
3304 2375 3561 2429 miracula

1968 2461 2023 2508 et
2050 2454 2386 2521 doctrinam;
2438 2457 2793 2527 periculorum
2838 2476 2967 2514 vero
3007 2477 3228 2517 consors
3259 2462 3354 2517 fuit
3400 2465 3558 2529 Silus.

1968 2546 2104 2613 Quid
2136 2558 2216 2602 est
2244 2546 2435 2602 Dolens
2455 2538 2622 2603 autem
2654 2549 2894 2605 Paulus?
2923 2552 3195 2620 Malitiam,
3226 2555 3417 2625 inquit,
3447 2557 3559 2611 da:—

1968 2640 2143 2695 monis
2167 2640 2371 2706 videns,
2398 2651 2454 2695 ut
2483 2643 2598 2712 ipsc
2623 2643 2747 2698 alibi
2776 2644 2903 2699 dicit
2943 2663 2956 2699 :
2987 2645 3110 2700 Non
3141 2649 3275 2701 enint
3299 2652 3564 2721 cogitatio-

1969 2748 2054 2785 nes
2079 2733 2187 2801 ejus
2211 2732 2503 2801 ignoramus
2530 2733 2622 2804 (2.
2647 2734 2764 2791 Cor.
2792 2736 2849 2789 2.
2876 2738 2935 2791 Il
2959 2736 3001 2807 ).
3027 2739 3133 2793 Cur
3160 2755 3266 2794 non
3286 2742 3557 2809 dixerunt,

1970 2824 2273 2879 Dromonem
2316 2825 2610 2895 ejecerunt,
2653 2828 2706 2881 in
2747 2828 2914 2882 Deum
2946 2830 3105 2900 impie
3153 2844 3416 2901 egerunt;
3463 2836 3557 2890 sed

1967 2917 2169 2973 crimen
2199 2918 2341 2973 laesa:
2362 2920 2657 2989 majestatis
2686 2920 2989 2977 intentant?
3014 2923 3109 2977 llic
3132 2940 3191 2979 se
3214 2930 3381 2980 victus
3404 2927 3557 2983 vide-

1967 3009 2116 3065 bant.
2138 3010 2227 3066 Sic
2256 3011 2398 3067 etde
2420 3011 2633 3068 Christo
2650 3013 2900 3068 (licebant
2924 3032 2937 3071 :
2973 3014 3094 3069 Non
3112 3018 3348 3072 habemus
3370 3037 3557 3092 regem,

1969 3106 2065 3159 nisi
2091 3104 2341 3161 Cursarem
2373 3106 2569 3179 (Joan.
2595 3108 2684 3163 I9.
2720 3109 2837 3179 I5).
2871 3108 3047 3164 Omnis
3075 3112 3160 3181 qui
3181 3128 3235 3166 se
3275 3129 3439 3184 regem
3476 3119 3561 3185 fa-

1970 3200 2073 3265 cit,
2122 3202 2424 3254 contradicit
2467 3200 2657 3255 Cwsari
2705 3200 2879 3273 (Ibid.
2909 3218 2955 3257 υ.
2996 3204 3119 3275 i2).
3148 3203 3217 3258 Et
3243 3209 3563 3278 conjecerant

1970 3308 2076 3357 eos,
2105 3293 2296 3363 inquit,
2345 3294 2397 3348 in
2441 3310 2709 3347 carcerem.
2752 3294 2972 3365 Magnus
3002 3295 3169 3352 furor.
3194 3296 3284 3352 24.
3317 3297 3418 3364 Qui
3446 3315 3561 3353 cum

1971 3387 2072 3441 tale
2100 3397 2408 3459 prwceptum
2458 3390 2751 3459 accepisset,
2801 3389 3013 3459 conjecit
3052 3390 3167 3444 illos
3194 3391 3245 3444 in
3275 3391 3563 3447 interiorem

1969 3495 2248 3544 carcerem,
2278 3491 2324 3533 e:
2356 3481 2505 3551 pedes
2533 3498 2704 3534 eorum
2736 3481 2938 3535 strinxit
2978 3482 3137 3552 ligno.
3171 3482 3325 3549 Vide,
3356 3485 3444 3539 ille
3471 3502 3565 3541 eos

1971 3567 2023 3621 in
2056 3568 2366 3625 interiorem
2392 3571 2622 3641 conjecit
2651 3554 2921 3627 carcerem
2948 3581 3037 3627 :et
3064 3573 3163 3629 hoc
3180 3588 3248 3629 ex
3281 3576 3568 3644 providen-

1974 3662 2046 3716 tia
2094 3662 2312 3717 factum.
2352 3664 2487 3729 Quia
2520 3666 2660 3718 enim
2694 3664 3010 3719 miraculum
3034 3682 3284 3737 magnum
3319 3668 3560 3726 futurum

1972 3763 2109 3818 erat,
2141 3754 2365 3808 idoneus
2389 3754 2538 3809 locus
2572 3756 2637 3809 ad
2666 3772 2778 3810 rem
2809 3758 3162 3827 evulgandam
3188 3769 3337 3814 extra
3372 3763 3559 3817 urbem

1973 3848 2240 3911 statuitur,
2274 3847 2658 3901 tentationibus
2678 3858 2729 3901 et
2760 3849 3011 3918 periculis
3034 3867 3252 3905 vacuus.
3281 3852 3414 3908 Vide
3435 3870 3567 3924 quo-

1974 3938 2133 3992 modo
2163 3938 2249 3992 hic
2298 3939 2525 4009 scriptor
2550 3940 2722 3993 studia
2769 3956 3053 3995 recensere
3096 3958 3200 3996 non
3258 3945 3564 4000 erubescat.

1974 4030 2130 4085 Certe
2162 4046 2283 4085 cum
2310 4032 2463 4101 quies
2515 4039 2657 4087 esset
2680 4074 2692 4094 ,
2726 4032 2894 4101 magis
2928 4032 3275 4087 attendebant
3316 4035 3398 4099 iis,
3448 4052 3567 4107 qua:

1975 4122 2285 4177 dicebantur
2314 4139 2327 4175 :
2361 4137 2531 4194 neque
2576 4123 2700 4177 urbs
2755 4123 2841 4176 illa
2898 4122 3318 4194 l’hilippensium
3368 4142 3562 4197 magna

1976 4224 2111 4268 erat.
2161 4214 2287 4270 Hmc
2334 4225 2389 4271 et
2441 4230 2538 4269 nos
2566 4214 2817 4281 scientes,
2861 4216 3128 4270 neminem
3158 4217 3564 4274 erubescamus.

1976 4306 2131 4376 Apud
2165 4308 2451 4362 coriarium
2483 4316 2665 4361 manet
2694 4307 2905 4375 Petrus,
2953 4308 3091 4377 apud
3141 4312 3511 4380 purpurariam
3542 4316 3560 4346 ⁸

1979 4402 2192 4457 Paulus.
2226 4402 2326 4458 Ubi
2353 4411 2435 4457 est
2453 4401 2654 4458 fastus?
2677 4401 2838 4473 Igitur
2873 4404 3038 4458 Deum
3073 4421 3371 4475 precemur,
3397 4418 3453 4463 ut
3477 4424 3571 4465 cor

1979 4494 2183 4560 aperiat
2214 4510 2227 4545 :
2263 4492 2401 4547 Deus
2454 4504 2630 4548 autem
2659 4495 2819 4549 corda
2844 4512 2963 4565 quze
2990 4496 3255 4553 voluerint
3291 4502 3490 4570 aperit;
3518 4510 3575 4557 at

1979 4595 2240 4639 cxczecata
2269 4584 2428 4638 corda
2461 4586 2639 4641 videre
2661 4596 2762 4641 est.
2797 4586 2901 4642 Sed
2930 4591 3213 4659 superiora
3238 4600 3565 4662 repetamus.

1982 4676 2193 4744 Mulier,
2222 4678 2410 4748 inquit,
2435 4681 2765 4750 purpuraria,
2794 4684 2937 4751 cujus
2959 4681 3207 4738 Dominus
3234 4702 3321 4738 cor
3339 4690 3560 4756 aperuit,

1982 4781 2033 4822 ut
2062 4770 2335 4824 attenderet
2361 4772 2442 4832 iis,
2469 4788 2580 4840 qua:
2600 4772 2893 4826 dicebantur
2925 4791 2958 4826 a
2995 4774 3187 4831 Paulo.
3216 4778 3441 4846 Aperire
3470 4780 3572 4834 ita-

1983 4879 2086 4930 que
2114 4864 2207 4917 Dei
2252 4873 2355 4930 est,
2383 4865 2661 4919 attendere
2693 4880 2819 4919 vero
2847 4864 3030 4921 illius:
3064 4882 3151 4923 res
3182 4868 3340 4939 igitur
3374 4881 3489 4926 erat
3515 4882 3571 4928 et

1983 4954 2159 5008 divina
2187 4965 2242 5009 et
2270 4954 2521 5010 humana.
2552 4956 2675 5011 Cant
2700 4968 2863 5009 autem
2887 4959 3140 5029 baptizata
3159 4962 3356 5031 fuisset,
3378 4964 3570 5033 inquit,

1986 5048 2251 5116 deprecata
2276 5059 2347 5101 est
2376 5050 2565 5114 dicens,
2598 5048 2657 5102 Si
2670 5049 2940 5118 judicastis
2972 5066 3068 5104 me.
3102 5051 3313 5122 Vide,et
3340 5056 3577 5127 baptiza-

1988 5148 2103 5204 tur,
2136 5150 2189 5194 et
2217 5140 2406 5211 recipit
2436 5140 2708 5208 apostolos
2735 5151 2852 5209 post
2876 5151 3075 5197 tantam
3098 5146 3568 5217 supplicationem,
3626 5186 3635 5197 -

1989 5234 2244 5300 majorem
2275 5247 2433 5302 quam
2461 5230 2603 5284 illam
2632 5230 2940 5287 Ahrahami.
2968 5233 3077 5291 Nec
3108 5236 3232 5291 dicit
3260 5238 3403 5294 aliud
3436 5242 3574 5295 indi-

1989 5326 2153 5389 cium,
2192 5339 2349 5394 quam
2397 5323 2544 5389 illud,
2577 5340 2683 5394 quo
2723 5334 2931 5380 servata
2962 5325 3158 5383 fuerat.
3187 5328 3302 5385 Non
3332 5331 3483 5392 dixit,
3515 5330 3570 5383 Si

1994 5434 2260 5487 magnam,
2294 5418 2335 5471 si
2367 5418 2504 5487 piam
2526 5418 2802 5473 mulierem
2831 5420 3108 5490 iudicastis
3136 5440 3252 5489 me;
3277 5424 3367 5479 sed
3408 5418 3575 5489 quid?

1994 5510 2225 5564 Fidelem
2246 5509 2486 5564 Domino.
2519 5511 2573 5567 Si
2606 5512 2851 5575 Domino,
2889 5512 3054 5567 multo
3080 5516 3247 5584 magis
3273 5514 3438 5569 vobis.
3472 5506 3572 5558 nisi

1994 5602 2269 5658 dubitetis.
2302 5600 2409 5658 Nec
2432 5603 2586 5669 dixit,
2618 5604 2772 5674 Apud
2811 5621 2916 5669 me,
2941 5602 3130 5666 sedJn
3159 5606 3306 5656 domo
3334 5614 3442 5653 mea
3470 5610 3576 5645 mu-

1996 5703 2141 5756 nete;
2172 5704 2227 5746 ut
2258 5694 2562 5751 ostenderet
2603 5710 2662 5750 se
2695 5695 2793 5747 hoc
2820 5710 2938 5747 cum
2971 5708 3163 5759 magna
3193 5690 3459 5745 alacritatr
3503 5682 3575 5732 L1-

2065 5812 2079 5841 ⁸
2118 5810 2310 5868 Quidam
2331 5809 2479 5870 addit,
2504 5816 2548 5859 ct
2566 5810 2896 5874 alictugcnam.
