3950 6208
577 355 685 411 255

578 486 725 526 cere.
757 466 892 522 Vere
922 461 1093 518 ﬁdelis
1116 459 1327 515 mulier.
1367 458 1463 512 Dic
1488 470 1617 510 vero
1646 452 1796 521 mihi,
1823 453 1943 523 quis
1969 459 2049 505 est
2074 449 2162 504 hic

577 557 818 619 daemon?
847 557 1006 617 Deus,
1040 551 1269 621 inquies,
1304 550 1505 622 python
1552 565 1565 603 :
1599 562 1628 600 a
1652 547 1770 600 loco
1809 545 1887 598 sic
1916 551 2157 596 vocatur.

575 651 762 708 Viden‘
782 650 943 705 etiam
969 646 1267 713 Apollinem
1292 658 1412 699 esse
1440 642 1736 696 daemonem
1754 639 1777 691 ?
1797 646 1851 694 et
1868 636 1989 707 quia
2012 634 2158 689 vole-

578 746 669 801 bat
709 744 827 798 illos
869 743 919 796 in
951 739 1273 794 tentationes
1302 735 1539 806 injicere,
1580 741 1639 788 ut
1667 730 1834 801 magis
1881 729 2155 791 excitaret,

571 838 637 890 ad
661 835 764 890 hoc
792 831 1119 903 loquendum
1149 829 1375 883 induxit.

639 926 695 981 2.
726 926 772 981 0
795 924 1045 987 sceleste,
1074 930 1129 977 et
1158 917 1569 975 scelestissimel
1620 916 1679 971 Si
1723 928 1850 984 ergo
1878 911 2015 967 nosti
2039 910 2157 965 illos

571 1021 716 1074 viam
740 1016 931 1072 salutis
955 1014 1293 1081 annuntiare,
1327 1027 1423 1066 cur
1467 1025 1572 1065 non
1621 1005 1893 1078 egrederis
1932 1001 2157 1058 lubens?

570 1113 678 1168 Sed
711 1111 941 1181 idipsum
966 1106 1109 1178 quod
1138 1107 1321 1162 Simon
1349 1103 1582 1169 volebat,
1626 1116 1746 1155 cum
1774 1098 1999 1162 diceret,
2026 1093 2157 1148 Date

571 1204 715 1268 mihi,
746 1212 802 1255 ut
826 1202 908 1255 cui
928 1201 1218 1269 imposuere
1264 1210 1466 1259 manus,
1495 1193 1710 1263 accipiat
1736 1190 1986 1259 Spiritum
2031 1202 2154 1240 san-

567 1305 701 1349 clum
728 1293 877 1367 (Act.
905 1295 958 1347 8.
992 1291 1100 1361 19)
1126 1308 1140 1344 :
1175 1289 1273 1343 hoc
1302 1295 1358 1342 et
1384 1287 1484 1341 iste
1511 1283 1771 1339 faciebat:
1793 1281 1917 1352 quia
1942 1278 2156 1334 videbat

568 1389 688 1443 illos
732 1385 1013 1452 celebrari,
1073 1383 1145 1437 ita
1177 1381 1417 1446 simulat,
1448 1378 1550 1434 hac
1589 1377 1796 1432 ratione
1842 1388 2066 1445 sperans
2094 1388 2153 1428 se

566 1478 971 1552 relinquendum
1003 1492 1122 1532 esse
1157 1476 1483 1544 incorpore,
1532 1472 1577 1526 si
1606 1470 1791 1526 eadem
1817 1468 2147 1539 prtedicaret.

563 1576 619 1632 Si
662 1591 792 1629 vero
829 1572 970 1644 apud
1019 1571 1290 1625 hominem
1345 1568 1466 1622 Non
1492 1576 1565 1621 est
1595 1567 1818 1637 speciosa
1855 1566 1965 1618 laus
1985 1565 2037 1617 in
2065 1580 2152 1617 ore

564 1666 842 1739 peccatoris
870 1664 1067 1736 (Eccli.
1102 1663 1187 1717 15.
1222 1661 1319 1735 9),
1350 1661 1517 1715 multo
1566 1659 1735 1729 magis
1779 1658 1919 1728 apud
1944 1658 2149 1711 daemo-

565 1776 686 1817 nem
722 1778 735 1814 :
766 1760 809 1814 si
837 1759 905 1813 ab
933 1757 1235 1811 hominibus
1259 1754 1620 1811 testimonium
1647 1768 1753 1807 non
1780 1749 2150 1821 accipitChri-

562 1865 698 1923 stus,
731 1869 829 1907 nec
858 1868 888 1909 a
916 1850 1153 1917 Joanne;
1184 1850 1351 1903 multo
1372 1849 1550 1902 minus
1573 1860 1605 1901 a
1649 1844 1913 1900 daemone.
1944 1841 2146 1897 Praedi-

562 1966 689 2005 care
709 1949 848 2003 enim
873 1963 977 2002 non
1006 1958 1089 2002 est
1115 1945 1411 2010 hominum,
1437 1941 1531 1998 scd
1554 1940 1780 2011 Spiritus
1801 1940 1990 1993 sancti.
2014 1936 2147 2005 Quia

563 2044 722 2116 igitur
745 2051 1056 2112 arroganter
1084 2039 1347 2095 faciebant
1369 2036 1684 2103 clamantes,
1702 2033 1937 2089 clamore
1957 2046 2015 2086 se
2036 2039 2149 2085 stu-

566 2151 750 2208 porem
813 2135 1071 2190 allaturos
1128 2131 1436 2202 sperabant,
1491 2127 1775 2183 dicentes:
1808 2123 1879 2178 Hi
1921 2124 2146 2177 homines

560 2229 855 2284 conturbant
875 2229 1124 2283 civitatem
1145 2236 1389 2280 nostram.
1412 2222 1552 2293 Quid
1573 2222 1745 2278 dicis?
1765 2219 2011 2276 credisne
2031 2220 2142 2275 dte-

562 2323 748 2378 moni?
778 2338 874 2376 cur
904 2338 1007 2375 non
1033 2321 1118 2375 hic
1152 2320 1311 2375 etiam
1342 2317 1556 2373 credis?
1583 2317 1677 2372 llle
1705 2314 1853 2380 dicit,
1884 2314 2028 2369 Servi
2048 2312 2145 2368 Dei

559 2414 830 2475 altissimi;
857 2423 915 2467 tu
943 2413 1099 2479 dicis,
1130 2412 1439 2466 Conturbant
1489 2411 1739 2463 civitatem
1767 2418 1990 2464 nostram
2013 2425 2032 2462 :
2057 2408 2145 2463 ille

557 2505 706 2570 dicit,
728 2504 1042 2557 Annuntiant
1064 2503 1206 2556 nobis
1235 2503 1366 2555 viam
1390 2501 1599 2566 salutis;
1623 2510 1678 2555 tu
1699 2514 1826 2555 vero
1838 2499 1988 2564 dicis,
2007 2498 2143 2553 Tra-

559 2598 684 2650 dunt
710 2595 852 2649 nobis
894 2610 1076 2660 mores,
1127 2609 1252 2663 quos
1296 2609 1398 2646 non
1426 2591 1539 2645 licet
1566 2591 1835 2661 suscipere.
1866 2589 1998 2644 Vide
2024 2590 2145 2646 illos

556 2703 729 2759 neque
754 2687 985 2741 dmmoni
1009 2700 1167 2740 aures
1189 2683 1509 2754 prtebentes,
1536 2682 1631 2736 sed
1657 2697 1815 2737 unam
1838 2690 2142 2751 spectantes

554 2779 853 2833 avaritiam.
881 2777 1190 2841 Traxerunt,
1221 2775 1411 2848 inquit,
1443 2789 1528 2828 eos
1563 2774 1616 2827 in
1664 2778 1833 2844 forant
1855 2772 1922 2826 ad
1947 2772 2141 2843 princi-

557 2888 641 2942 pes
674 2885 692 2923 :
716 2880 765 2923 et
792 2869 1013 2923 cucurrit
1039 2868 1177 2938 plebs
1203 2867 1440 2919 adversus
1470 2881 1574 2919 eos.
1602 2864 1738 2920 Vide
1767 2864 1887 2918 illos
1912 2880 2017 2918 non
2049 2878 2138 2917 re-

553 2961 819 3032 spondere
846 2975 946 3016 nec
976 2975 1094 3015 sese
1120 2974 1349 3030 purgare
1373 2976 1388 3025 ;
1440 2968 1497 3013 ut
1518 2958 1723 3027 majore
1741 2958 1850 3013 sint
1875 2956 2017 3026 digni
2044 2955 2139 3009 ad-

553 3055 852 3112 miratione.
884 3054 1015 3110 Nam
1057 3055 1151 3120 ait,
1204 3054 1330 3108 Cum
1364 3053 1614 3122 inﬁrmor,
1662 3061 1779 3105 tunc
1801 3060 1977 3121 potens
2000 3066 2133 3104 sum.

554 3150 748 3221 Suﬂ'icit
775 3130 862 3203 tibi
886 3149 1052 3220 gratia
1096 3164 1239 3212 mea;
1270 3163 1388 3200 nam
1444 3146 1601 3200 virtus
1629 3161 1741 3198 mea
1768 3146 1821 3198 in
1847 3144 2137 3212 inﬁrmitate

551 3243 808 3311 perﬁcitur
829 3240 916 3312 (2.
942 3238 1059 3295 Cor.
1089 3239 1177 3293 12.
1209 3238 1275 3295 10
1319 3248 1366 3292 et
1406 3237 1505 3308 9).
1528 3237 1710 3306 Itaque
1738 3252 1803 3290 ex
1830 3245 2135 3290 mansuetu-

550 3334 675 3387 dine
704 3332 1045 3387 admirabiles
1073 3339 1247 3386 erant.
1289 3330 1498 3397 Quanto
1540 3328 1849 3398 diligentior
1887 3327 2131 3381 custodia

549 3437 683 3493 erat,
712 3435 857 3481 tanto
882 3425 1195 3479 miraculum
1235 3421 1582 3493 splendidius.
1612 3421 1861 3476 Fortasse
1884 3420 1964 3475 sic
1982 3419 2129 3475 sedi-

549 3527 746 3581 tionem
794 3522 984 3578 scdare
1037 3520 1307 3575 volebant.
1354 3518 1488 3585 Quia
1538 3516 1788 3572 videbant
1843 3516 2128 3571 instantem

548 3617 778 3683 turbam,
800 3615 965 3686 plagis
982 3612 1193 3685 quidem
1221 3613 1272 3667 in
1298 3611 1547 3682 praesenti
1574 3609 1807 3664 furorem
1829 3610 2018 3664 sistere
2036 3624 2129 3663 vo-

546 3711 754 3775 lebant;
785 3724 904 3765 cum
937 3718 1113 3762 autem
1155 3708 1206 3761 in
1236 3719 1507 3781 carcerem
1537 3703 1883 3773 conjecerunt
1911 3710 1965 3756 et
1989 3717 2127 3771 prae-

544 3810 799 3873 ceperunt
821 3808 1068 3856 accurate
1111 3799 1333 3863 servari,
1365 3811 1579 3851 causam
1636 3796 1824 3851 audire
1854 3795 2123 3850 volebant.

548 3896 611 3950 Et
638 3895 841 3950 strinxit
869 3896 1025 3967 ligno,
1052 3894 1260 3963 inquit;
1288 3906 1351 3947 ac
1379 3891 1425 3947 si
1450 3890 1676 3957 diceret,
1708 3890 1759 3943 in
1785 3887 2128 3955 nervo.Quot

543 3987 791 4059 lacrytnis
806 3986 962 4057 digna
985 3996 1131 4051 sunt,
1154 4001 1273 4055 qua:
1296 4000 1436 4039 nunc
1464 3984 1731 4054 aguntur?
1757 3983 1835 4036 llli
1863 3982 1997 4036 mala
2029 3995 2126 4051 pa-

540 4080 825 4145 tiebantur,
849 4093 948 4133 nos
967 4079 1018 4132 in
1041 4078 1487 4148 deliciisagimus,
1508 4090 1606 4129 nos
1622 4076 1673 4128 in
1703 4075 1948 4130 theatris.
1970 4074 2124 4129 Unde

537 4172 799 4243 pernicies
844 4171 1038 4226 accidit
1056 4179 1113 4225 et
1132 4170 1543 4239 submeigimur,
1568 4167 1691 4221 dum
1710 4167 1940 4237 quietem
1963 4168 2122 4221 undi-

535 4281 638 4339 que
665 4264 977 4335 quaerimus,
1010 4278 1111 4316 nec
1138 4276 1235 4330 pro
1260 4261 1475 4314 Christo
1504 4259 1749 4314 volumus
1769 4260 1851 4315 vel
1879 4260 2120 4316 convicia

533 4357 818 4418 sustinere,
847 4355 930 4408 vel
955 4354 1117 4407 etiam
1144 4353 1326 4406 verba.
1351 4352 1474 4406 llaec
1498 4351 1806 4423 frequenter
1834 4353 1887 4407 in
1917 4368 2120 4409 memo-

535 4450 668 4503 riam
717 4461 1051 4512 revocemus,
1095 4447 1354 4511 obsecro,
1400 4454 1597 4517 quanta
1648 4446 1723 4500 illi
1774 4447 1915 4517 passi
1967 4446 2112 4513 sint,

531 4551 726 4617 quanta
755 4540 1125 4607 sustinuerint,
1151 4538 1421 4611 quomodo
1447 4554 1547 4594 nec
1568 4539 1782 4605 turbati,
1809 4554 1906 4594 nec
1925 4538 2114 4594 oﬂ'ensi

531 4636 657 4693 sint.
689 4633 783 4689 Dei
808 4647 943 4702 Opus
969 4632 1416 4701 exsequebantur,
1440 4640 1495 4687 et
1520 4631 1636 4687 haec
1660 4634 1799 4702 passi
1828 4640 1972 4687 sunt.
1994 4630 2110 4687 Non

529 4727 778 4782 dicebant
806 4743 818 4778 :
850 4724 959 4779 Cur
989 4724 1089 4780 hoc
1108 4722 1479 4794 praedicamus,
1504 4738 1603 4779 nec
1630 4723 1783 4778 nobis
1806 4723 2110 4795 praesidium

527 4820 680 4875 affert
737 4818 918 4872 Deus?
973 4814 1079 4871 Sed
1128 4824 1182 4870 et
1234 4815 1335 4869 hoc
1377 4814 1482 4870 il-lis
1522 4815 1793 4885 proderat,
1825 4824 1881 4869 et
1908 4816 2109 4885 absque

526 4930 627 4982 ope
667 4930 731 4968 ex
780 4912 893 4982 ipsa
932 4926 1013 4965 re.
1047 4908 1437 4964 constantiores
1481 4907 1768 4974 reddebat,
1820 4909 2105 4975 fortiores,

529 5004 928 5073 imperterritus.
976 5002 1251 5057 Tribulatio
1271 5043 1289 5072 ,
1321 5001 1525 5071 inquit,
1553 5001 1844 5072 patientia»:
1869 5012 2108 5056 oneratur

525 5105 539 5163 ί
570 5098 716 5149 Rom.
750 5098 803 5151 5.
835 5094 925 5166 4).

596 5187 743 5240 Nihil
766 5187 993 5244 inutilius
1018 5187 1195 5241 otioso.
1210 5185 1391 5249 -Ne,
1412 5199 1614 5256 quaeso,
1639 5183 1834 5239 ﬂuxam
1856 5194 1909 5239 et
1933 5185 2105 5241 disso-

525 5280 689 5333 lutam
717 5292 1015 5353 quaeramus
1044 5278 1226 5331 vitam.
1254 5276 1325 5333 Ut
1365 5277 1508 5332 enim
1555 5277 1641 5332 hic
1678 5276 1872 5349 duplex
1902 5277 2101 5333 bonum

523 5382 626 5436 est,
655 5371 796 5440 quod
829 5370 1076 5425 fortiores
1117 5371 1245 5424 ﬂant
1264 5411 1279 5436 ,
1302 5379 1358 5425 et
1383 5371 1523 5439 quod
1550 5385 1740 5442 magna
1766 5372 1836 5426 sit
1861 5387 2098 5428 merces:

518 5464 598 5527 sic
620 5463 688 5517 ibi
710 5460 906 5530 duplex
926 5460 1148 5526 malum,
1167 5461 1307 5530 quod
1331 5462 1598 5517 molliores
1613 5465 1860 5532 evadant,
1880 5475 1934 5521 et
1959 5466 2100 5537 quod

521 5557 586 5611 ad
617 5555 817 5610 nullam
840 5552 1140 5618 utilitatem,
1168 5553 1259 5607 sed
1282 5553 1333 5607 in
1359 5556 1577 5609 malum.
1603 5557 1742 5612 Nihil
1771 5560 1912 5614 enim
1935 5558 2100 5614 inuti-

522 5651 622 5709 lius
668 5646 902 5709 homine,
932 5644 1019 5720 qui
1065 5645 1117 5698 in
1154 5643 1266 5698 otio
1306 5656 1362 5700 et
1398 5645 1605 5703 deliciis
1646 5660 1813 5704 totum
1858 5652 2102 5721 transigit

521 5752 751 5807 tempus.
805 5735 917 5801 Vir,
946 5736 1137 5807 inquit,
1168 5752 1274 5790 non
1305 5738 1580 5806 probatus,
1609 5741 1770 5795 etiam
1797 5742 2056 5811 reprobus
2081 5760 2094 5795 :

517 5830 801 5905 reprobus.
823 5845 929 5887 non
955 5829 1010 5886 in
1040 5831 1123 5889 his
1147 5840 1347 5887 tantum
1380 5831 1782 5903 certaminibus,
1815 5834 1907 5891 sed
1939 5836 2099 5891 etiam

1273 345 1312 401 S
1372 339 1650 401 JOANNIS
1670 334 2146 398 CHRYSOSTOMI
2199 334 2515 395 ARCHIEP.
2545 338 3078 399 CONSTANTINOP.

2268 452 2320 505 i-n
2348 453 2467 509 aliis
2493 454 2764 510 omnibus.
2820 456 2928 511 Res
2967 465 3051 512 est
3095 457 3293 515 inutilis
3335 458 3760 533 desidiazatquein

2266 544 2396 615 ipsis
2438 545 2646 600 deliciis
2685 546 2813 601 nihil
2843 549 2913 603 ita
2941 548 3112 603 fructu
3151 565 3340 605 carens
3385 560 3439 605 ut
3474 551 3659 607 deliciari
3684 552 3759 608 :id

2266 637 2407 692 enim
2448 637 2715 693 fastidium
2740 640 2894 709 parit.
2934 640 3117 712 Neque
3149 645 3291 696 tanta
3324 652 3405 698 est
3429 644 3625 699 ciborum
3645 646 3761 702 desi-

2262 729 2470 802 diaeque
2506 732 2782 802 voluptas;
2814 733 2911 788 sed
2939 734 3118 789 omnia
3160 735 3400 791 deﬂuunt
3426 749 3475 792 et
3493 740 3677 793 avolant.
3702 740 3764 798 Ne

2264 822 2399 877 hanc
2439 839 2761 895 quaeramus.
2807 824 2865 881 Si
2908 826 3053 881 enim
3098 828 3439 885 considerare
3478 831 3767 899 voluerimus,

2262 924 2381 971 uter
2408 918 2623 972 suavius
2648 928 2787 988 agat,
2821 917 2912 988 qui
2940 918 3148 974 laborat
3173 928 3229 974 et
3251 920 3302 974 in
3330 922 3556 976 aerumnis
3574 923 3692 989 vivit,
3712 940 3770 978 an

2260 1007 2350 1078 qui
2376 1009 2657 1065 deiiciatur
2689 1026 2704 1064 :
2737 1010 2885 1065 illum
2914 1011 3129 1065 suavius
3155 1012 3331 1067 vivere
3356 1014 3767 1083 deprehendamus.

2260 1098 2391 1154 Nam
2435 1101 2608 1170 primo
2636 1101 2778 1156 illius
2806 1116 2999 1171 corpus
3023 1117 3219 1158 enerve
3247 1114 3299 1159 et
3326 1104 3541 1174 ineptum
3568 1117 3666 1161 cst:
3690 1106 3773 1162 de-

2260 1191 2384 1247 inde
2410 1193 2653 1262 corporis
2676 1208 2866 1248 sensus
2889 1210 2991 1249 non
3017 1205 3143 1250 sunt
3166 1196 3359 1252 sinceri
3382 1214 3537 1268 neque
3554 1198 3668 1265 sani,
3694 1201 3774 1255 sed

2258 1285 2449 1341 molles
2474 1295 2529 1341 et
2554 1286 2785 1357 languidi
2811 1304 2827 1354 ;
2857 1287 2945 1343 ubi
2972 1304 3102 1344 vero
3126 1290 3203 1345 sic
3228 1306 3315 1345 res
3343 1291 3511 1357 habet,
3535 1309 3678 1364 neque
3700 1310 3774 1349 sa-

2256 1380 2440 1434 nitatis
2468 1380 2713 1450 voluptas
2740 1391 2982 1451 apparet.
3031 1381 3162 1449 Quis
3188 1398 3359 1454 equus
3390 1384 3537 1451 utilis,
3566 1387 3639 1457 qui
3661 1387 3774 1442 deli-

2256 1476 2426 1531 ciatur
2461 1492 2527 1530 an
2569 1477 2657 1546 qui
2682 1486 2963 1533 exercetur
2980 1478 3009 1531 it,
3032 1494 3151 1548 quae
3192 1480 3360 1545 navis,
3390 1496 3500 1550 qua:
3520 1482 3774 1552 navigatan

2254 1585 2373 1641 quae
2407 1568 2640 1625 otiatur?
2676 1586 2796 1641 quae
2821 1585 2988 1640 aqua,
3025 1587 3145 1641 qua:
3172 1571 3288 1627 ﬂuit
3315 1588 3380 1626 an
3410 1590 3517 1643 qua:
3550 1575 3774 1644 quiescit?

2253 1664 2395 1736 quod
2427 1663 2646 1731 ferrum,
2677 1665 2820 1734 quod
2846 1674 3090 1719 movetur
3115 1681 3182 1720 an
3212 1666 3353 1736 quod
3383 1666 3507 1720 nihil
3530 1668 3774 1736 operatur?

2252 1773 2429 1813 annon
2457 1756 2587 1813 illud
2616 1758 2831 1828 quidem
2858 1758 3137 1829 splendet,
3190 1770 3241 1816 et
3268 1771 3484 1831 argento
3509 1762 3661 1818 simile
3685 1774 3757 1817 est

2254 1855 2358 1912 hoc
2384 1864 2560 1909 autem
2590 1854 2834 1924 rubigine
2857 1856 3189 1910 consumitur
3207 1896 3223 1922 ,
3253 1864 3309 1910 et
3337 1856 3511 1911 inutile
3532 1867 3623 1923 est,
3647 1868 3774 1927 atqui

2251 1962 2318 2003 ex
2345 1947 2564 2002 materia
2590 1961 2684 2001 sua
2713 1945 2984 2017 quidpiam
3014 1947 3247 2001 amittit?
3291 1947 3415 2003 Tale
3440 1948 3682 2019 quidpiam
3706 1966 3774 2004 ac

2250 2041 2381 2097 cidit
2406 2042 2595 2096 otiosa:
2619 2041 2813 2095 anima:
2842 2057 2855 2094 :
2889 2040 3080 2111 rubigo
3105 2039 3347 2110 quaedam
3382 2040 3516 2096 illam
3540 2042 3755 2111 pervadit

2250 2143 2304 2191 et
2331 2134 2671 2206 splendorem
2710 2135 2946 2190 corrodit
2984 2143 3283 2205 czeteraque
3322 2135 3513 2189 omnia.
3554 2136 3658 2204 Qua
3690 2147 3774 2191 art.

2248 2228 2367 2298 quis
2394 2228 2531 2283 hanc
2556 2228 2850 2298 rubiginem
2877 2228 3232 2284 absterserit?
3261 2227 3625 2284 Erumnarum
3649 2240 3760 2286 cote

2249 2319 2356 2374 illa:
2377 2320 2559 2375 utilem
2585 2319 2817 2376 reddunt
2836 2319 3065 2374 animam
3087 2323 3211 2374 etin
3240 2320 3480 2375 omnibus
3499 2321 3774 2390 expeditam

2247 2408 2526 2478 Quomodo
2555 2411 2719 2476 enim,
2748 2424 2949 2481 quasso,
2973 2410 3168 2481 poterit
3195 2410 3319 2465 vitia
3348 2410 3627 2478 succidere,
3652 2411 3774 2467 habe

2247 2513 2352 2560 tata
2379 2505 2513 2570 acie,
2538 2513 2591 2560 et
2617 2505 2764 2575 quasi
2788 2505 3060 2574 plumbum
3085 2503 3318 2559 reﬂexa?
3343 2504 3602 2575 quomodo
3622 2504 3774 2561 diabo

2246 2599 2352 2654 lum
2375 2598 2683 2654 confodiet?
2709 2599 2794 2654 cui
2818 2614 2922 2652 non
2946 2607 3027 2652 est
3050 2598 3288 2668 ingratus
3314 2597 3471 2653 homo
3491 2598 3573 2668 qui
3599 2598 3774 2669 pingue

2243 2689 2353 2745 dini
2378 2689 2575 2756 studet,
2604 2705 2667 2744 ac
2694 2689 2839 2744 velut
2868 2688 3038 2758 phoca
3069 2687 3332 2742 trahitur?

2314 2782 2367 2838 5.
2399 2780 2563 2836 Lauta
2588 2798 2758 2837 mensa
2786 2781 3111 2853 vituperatur.
3135 2810 3204 2820 —
3226 2779 3343 2835 Non
3371 2780 3470 2835 hoc
3492 2779 3604 2834 dico
3627 2778 3690 2834 de
3715 2779 3774 2832 iis

2242 2874 2331 2943 qui
2350 2884 2534 2929 natura
2558 2874 2694 2929 tales
2713 2882 2858 2941 sunt,
2880 2872 2973 2928 sed
2995 2871 3060 2927 de
3080 2872 3161 2937 iis,
3175 2872 3264 2941 qui
3280 2887 3345 2927 ex
3360 2871 3589 2927 ciborum
3608 2871 3774 2927 delicii

2242 2966 2366 3022 talia
2411 2966 2512 3022 sibi
2555 2981 2780 3036 corpora
2821 2974 3034 3036 parant,
3062 2980 3183 3019 cum
3230 2973 3420 3019 natura
3459 2980 3550 3019 sua
3592 2964 3774 3033 gracilt

2238 3071 2439 3119 essent.
2466 3062 2622 3117 Ortus
2644 3071 2726 3117 est
2745 3062 2848 3128 sol,
2872 3061 3048 3116 radios
3072 3061 3265 3132 ubique
3285 3060 3594 3130 splendidos
3612 3061 3773 3117 eﬂ‘udi

2237 3153 2475 3225 singulos
2517 3154 2584 3208 ad
2623 3168 2785 3223 Opera
2823 3154 3073 3209 excitavit
3100 3170 3116 3208 :
3146 3154 3378 3224 agricola
3403 3165 3616 3222 sumpto
3646 3154 3773 3223 ligor

2237 3247 2378 3311 exit,
2408 3244 2629 3298 aararius
2658 3244 2906 3298 malleum
2936 3244 3330 3314 apprehendit,
3358 3245 3552 3313 singuli
3581 3247 3774 3300 artiﬁci

2235 3352 2354 3406 quae
2375 3335 2474 3391 sibi
2496 3344 2822 3406 congruunt;
2844 3345 2899 3390 et
2919 3351 3184 3407 quemque
3207 3337 3447 3393 invenies
3469 3338 3767 3393 instrumen

2234 3443 2329 3483 sua
2357 3437 2701 3493 tractantem;
2727 3428 2920 3483 mulier
2973 3429 3152 3483 colum
3182 3429 3266 3483 vel
3299 3437 3564 3484 texturam
3597 3431 3774 3499 arripit

2234 3519 2326 3575 ille
2352 3530 2528 3574 autem
2568 3534 2778 3575 summo
2827 3535 2983 3575 mane
3006 3522 3157 3591 quasi
3190 3536 3381 3591 porcus
3403 3522 3470 3576 ad
3498 3523 3774 3591 pascendu

2231 3621 2473 3667 ventrem
2503 3612 2644 3677 exit,
2676 3627 2922 3681 quaerens
2951 3613 3222 3683 quomodo
3251 3613 3447 3668 lautam
3483 3625 3643 3683 paret
3672 3631 3774 3670 tne:

2231 3719 2366 3759 sam.
2419 3703 2578 3773 Atqui
2625 3704 2910 3759 brutorum
2949 3713 3032 3759 est
3072 3713 3277 3759 tantum
3321 3721 3353 3760 a
3401 3722 3621 3760 summo
3674 3724 3774 3761 mal

2228 3797 2403 3851 cibum
2432 3796 2601 3863 adire,
2625 3797 2745 3865 quia
2772 3796 2838 3850 ad
2870 3796 3005 3850 nihil
3034 3797 3182 3850 utilia
3213 3807 3358 3864 sunt,
3389 3798 3494 3852 nisi
3520 3799 3593 3853 ad
3626 3813 3774 3854 mact

2232 3888 2450 3943 tionem.
2500 3886 2594 3941 llla
2626 3902 2751 3941 vero
2777 3902 2895 3957 qtae
2942 3887 3103 3942 dorso
3146 3898 3390 3958 gestant,
3421 3898 3479 3944 et
3508 3892 3674 3959 operi
3716 3906 3774 3960 ar

2228 3991 2382 4047 sunt,
2431 3981 2544 4050 ipsa
2590 3995 2800 4050 quoque
2847 3988 3007 4035 noctu
3034 3980 3097 4035 ad
3129 3996 3266 4051 opus
3289 3983 3684 4052 egrediuntur.
3745 3984 3773 4038 l

2226 4081 2404 4128 autem
2432 4089 2462 4128 a
2491 4074 2630 4128 lecto
2652 4089 2897 4144 surgens,
2927 4075 3041 4130 sole
3068 4073 3241 4130 forum
3269 4076 3540 4144 replente,
3566 4087 3627 4130 et
3661 4092 3774 4131 orm

2224 4166 2324 4220 bus
2354 4165 2534 4220 labore
2559 4166 2784 4232 satiatis,
2814 4166 2984 4236 surgit
3009 4182 3069 4222 se
3098 4167 3407 4223 distendens
3435 4170 3601 4237 quasi
3636 4185 3774 4239 porc

2223 4257 2514 4327 saginatus,
2540 4266 2819 4327 postquam
2852 4258 3108 4327 optimam
3135 4258 3238 4313 diei
3266 4270 3474 4328 partem
3499 4260 3561 4314 in
3592 4261 3773 4315 tcneh

2222 4351 2573 4419 consumpsit.
2614 4349 2815 4405 Deinde
2863 4352 3029 4406 multo
3060 4361 3301 4422 tempore
3347 4353 3398 4406 in
3441 4353 3597 4407 lecto
3643 4352 3774 4408 sedc

2221 4458 2321 4497 nec
2383 4443 2521 4498 ferre
2570 4451 2745 4514 potest
2794 4457 2939 4512 smpe
2983 4446 3339 4515 vespertinam
3378 4446 3684 4515 crapulam
3711 4489 3729 4512 ,

2221 4532 2306 4589 his
2336 4544 2655 4606 consumpta
2682 4536 2911 4591 maxima
2963 4539 3221 4606 temporis
3272 4546 3447 4606 parte.
3510 4538 3668 4592 Hinc
3726 4554 3774 4592 Si

2218 4637 2471 4693 exornat,
2503 4637 2557 4684 et
2584 4628 2826 4698 procedit
2855 4630 3197 4699 turpitudinis
3235 4632 3626 4701 spectaculum
3655 4674 3673 4698 ,
3713 4635 3774 4685 ni

2217 4717 2421 4773 habens
2474 4720 2740 4785 hominis,
2790 4720 2885 4775 sed
2931 4721 3108 4775 omnia
3151 4721 3558 4777 hominiformis
3610 4723 3773 4778 besti

2214 4818 2355 4873 oculi
2403 4817 2652 4887 lippiunt,
2684 4818 2867 4871 vinum
2896 4833 2959 4872 os
2984 4818 3112 4883 olet,
3147 4817 3340 4871 misera
3366 4819 3565 4871 anima
3592 4820 3774 4887 quasi

2212 4908 2408 4964 lectum
2438 4909 2681 4977 conjecta
2706 4908 2775 4963 ob
2802 4908 3002 4962 illatam
3033 4908 3150 4963 sine
3175 4908 3335 4963 modo
3362 4909 3637 4963 ciborum
3676 4925 3773 4963 sat

2214 5017 2358 5068 nam,
2386 5002 2563 5055 carnis
2605 4999 2813 5070 pondus
2840 5000 3227 5054 circumferens
3256 5004 3393 5053 sicut
3422 5000 3715 5069 elephas.
3759 5000 3774 5054 1

2212 5095 2336 5151 inde
2361 5095 2578 5150 veniens
2604 5094 2656 5147 in
2686 5093 2819 5148 locis
2848 5093 3031 5157 sedet,
3060 5094 3288 5162 taliaque
3313 5093 3446 5149 dicit
3471 5102 3541 5149 et.
3574 5092 3735 5147 facit
3761 5135 3774 5158 ,

2209 5188 2401 5243 melius
2426 5194 2571 5241 esset
2597 5185 2833 5241 dormire
2862 5185 3007 5239 illum
3030 5226 3044 5247 ,
3068 5200 3225 5254 quam
3260 5185 3511 5254 vigilare.
3548 5186 3620 5240 Si
3657 5201 3774 5255 gra

2209 5280 2538 5343 nuntientur,
2564 5277 2738 5348 puella
2756 5277 2943 5347 quavis
2969 5277 3182 5332 mollior
3205 5285 3323 5341 est;
3348 5277 3392 5329 si
3417 5278 3667 5340 suavia,
3696 5294 3774 5345 pu

2208 5372 2242 5426 li
2285 5371 2517 5440 cujusvis
2574 5352 2850 5425 tenerior:
2882 5368 3315 5439 frequentissime
3352 5370 3594 5423 oscitat.
3651 5369 3774 5423 Om

2205 5466 2303 5520 bus
2327 5473 2529 5535 prostat
2549 5464 2685 5518 mala
2703 5463 2898 5518 inferre
2918 5462 3241 5527 volentibus,
3266 5463 3309 5517 si
3333 5478 3440 5518 non
3465 5462 3774 5518 hominih

2206 5567 2352 5611 certe
2392 5555 2667 5611 aﬂ‘ectihus
2702 5576 2717 5611 :
2747 5555 2905 5609 talem
2944 5554 3217 5609 hominem
3248 5553 3401 5609 facile
3429 5555 3727 5609 excitant
3766 5555 3774 5608 i

2204 5648 2631 5718 concupiscentia
2653 5689 2668 5712 ,
2700 5645 2897 5700 invidia
2920 5688 2935 5711 ,
2968 5645 3167 5700 omnia.
3219 5643 3422 5700 Omnes
3475 5645 3773 5700 adulant

2206 5756 2393 5797 omnes
2434 5740 2759 5804 ministrant,
2802 5739 3099 5793 molliorem
3144 5739 3305 5795 solito
3341 5738 3691 5794 reddentes
3742 5756 3774 5792 a

2211 5855 2349 5894 mam
2395 5856 2409 5893 :
2457 5846 2512 5894 et
2551 5833 2786 5909 quotidie
2838 5832 3016 5907 prodit
3066 5848 3185 5888 cum
3238 5848 3425 5903 magna
3490 5836 3774 5889 accessi.
