4036 6220
202 332 296 387 253

201 455 283 507 καὶ
331 456 362 508 6
390 454 676 510 Ἀπόλλων
715 457 931 530 δαίμων
959 461 1100 529 ἐστίς
1163 465 1270 520 Καὶ
1312 468 1435 521 ἐπεὶ
1483 471 1731 529 ἐϐούλετο
1779 478 1858 542 είς

196 543 523 617 πειρασμοίκ
558 545 765 609 αὐτοὺς
801 547 1074 616 ἐμϐαλεῖν,
1133 550 1272 606 ὥστε
1312 555 1510 625 μᾶλλον
1537 562 1854 631 παροξῦναι,

200 631 526 702 παρώρμησε
557 632 768 702 λέγειν.

256 801 319 871 β’.
346 795 415 853 Ὠ
439 803 616 872 μιαρὲ
646 804 739 856 καὶ
772 805 1061 878 παμμίαρε
1082 824 1096 838 ’
1125 811 1174 863 εί
1207 810 1384 865 τοίνυν
1419 812 1585 880 οἶδας,
1624 817 1707 871 δτι
1738 817 1859 872 ὁδὸν

197 887 449 956 σωτηρίας
477 890 941 957 καταγγέλλουσι,
973 894 1024 946 τί
1053 895 1125 968 μὴ
1163 896 1439 962 ἐξίστασαι
1479 901 1654 968 ἐκῶνς
1714 905 1852 959 Ἀλλ’

195 974 315 1045 ὅπερ
331 973 512 1044 Σίμων
548 975 810 1032 ἐϐούλετο
835 979 1035 1048 λέγων’
1068 985 1210 1038 Δότε
1229 1005 1353 1055 μοι,
1391 989 1492 1042 ἵνα
1518 983 1566 1058 ᾧ
1584 992 1692 1045 ἐὰν
1724 991 1853 1047 ἐπι-

195 1060 267 1144 θῶ
295 1061 395 1124 τὰς
435 1061 671 1131 χεῖρας,
715 1067 992 1136 λαμϐάνῃ
1043 1072 1285 1142 Πνεῦμα
1326 1075 1497 1144 ἅγιον
1519 1093 1534 1108 ⁸
1571 1079 1729 1132 τοῦτο
1761 1081 1855 1134 καὶ

193 1139 330 1211 οὗτος
352 1150 526 1202 ἐποίει
548 1165 562 1179 ’
609 1153 800 1224 ἐπειδὴ
827 1150 964 1206 εἶδεν
982 1155 1422 1228 εὐδοκιμοῦντας,
1462 1164 1558 1217 καὶ
1585 1158 1685 1219 ὧδε
1717 1167 1848 1221 ὐπο-

193 1236 433 1305 κρίνεται,
459 1245 485 1273 ⁸
517 1237 701 1312 ταύτῃ
741 1243 1140 1315 προσεδόκησεν
1171 1231 1362 1301 ἐαυτὸν
1397 1250 1649 1320 ἀφίεσθαι
1681 1255 1740 1308 ἐν
1775 1255 1852 1326 τῷ

193 1323 406 1393 σώματι,
442 1328 490 1379 εἰ
521 1327 594 1379 τά
645 1328 786 1380 αὐτά
836 1330 1142 1401 κηρύξειεν.
1195 1335 1258 1386 El
1297 1335 1353 1389 δὲ
1385 1339 1534 1408 παρὰ
1567 1323 1850 1414 ἀνθρώπου

193 1414 303 1481 οὐχ
328 1414 542 1482 ὡραῖος
570 1419 606 1469 ὁ
636 1413 809 1481 αἶνος
835 1419 905 1471 ἐν
927 1419 1007 1485 τῷ
1028 1423 1278 1491 στόματι
1309 1424 1674 1495 ἁμαρτωλοῦ,
1719 1431 1851 1485 πολ-

188 1675 358 1746 πολλῷ
375 1679 569 1746 μᾶλλον
593 1681 747 1751 παρά
764 1681 1036 1749 δαίμονος.
1067 1684 1140 1736 T6
1159 1685 1268 1756 γὰρ
1301 1688 1588 1758 κηρύττειν
1623 1692 1724 1746 οὐκ
1752 1695 1848 1747 ἀν-

190 1762 436 1835 θρώπων,
465 1767 602 1823 ἀλλά
625 1768 941 1839 Πνεύματος
990 1771 1168 1838 ἀγίου.
1224 1773 1373 1827 Ἐπεὶ⁸
1400 1770 1492 1829 οὖν
1517 1776 1850 1845 ἀλαζονικῶς

187 1855 396 1911 ἐποίουν
425 1859 680 1928 βοῶντες,
712 1863 779 1931 τῇ
807 1864 1020 1932 κραυγῇ
1052 1863 1415 1935 καταπλήξειν
1445 1867 1721 1939 ἐνόμισαν,
1757 1870 1847 1924 λέ-

186 1959 365 2011 γοντες
381 1962 395 1976 ο
435 1943 522 2003 Οὖ
529 1965 614 2000 τοι
634 1952 688 2002 oi
712 1949 1010 2016 ἄνθρωποι
1031 1950 1521 2019 ἐκταράσσουσιν
1545 1957 1715 2026 ήμῶν
1734 1959 1848 2028 τὴν

187 2033 372 2088 πόλιν.
403 2034 467 2086 Τί
516 2035 735 2104 λέγεις;
770 2036 930 2108 πείθῃ
971 2037 1048 2110 τῷ
1095 2039 1343 2110 δαίμονι;
1391 2042 1478 2096 διὰ
1511 2045 1564 2098 τί
1603 2046 1724 2117 οὐχ)⁸
1755 2050 1847 2103 καὶ

188 2119 429 2186 ἐνταῦθας
468 2123 714 2182 Ἐκεῖνος
737 2121 904 2192 λέγει,
937 2124 1019 2178 ὅτι
1045 2127 1256 2182 Δοῦλοι
1277 2129 1384 2183 τοῦ
1410 2132 1558 2186 Θεοῦ
1582 2133 1686 2188 τοῦ
1708 2135 1844 2204 ὑψί-

187 2222 348 2261 στουο
385 2211 448 2263 σύ
487 2210 695 2278 λέγεις,
739 2212 820 2264 δτι
859 2213 1378 2281 Ἐκταράσσουσιν
1398 2218 1570 2288 ἡμῶν
1594 2221 1708 2289 τὴν
1735 2225 1843 2276 πό-

188 2297 301 2348 λιν·
341 2298 552 2362 ἐκεῖνος
599 2297 770 2366 λέγει,
822 2301 902 2354 ὅτι
955 2302 1480 2372 Καταγγέλλουσιγ
1512 2307 1656 2375 ἡμῖν
1702 2309 1846 2364 ὀδόν

189 2385 462 2450 σωτηρίας
482 2402 498 2415 ο
538 2386 604 2438 σὺ
647 2385 847 2454 λέγεις,
883 2388 1320 2456 Παραδιὸόασιν
1346 2391 1490 2461 ἡμῖν
1515 2394 1641 2462 ἔθη,
1664 2394 1703 2449 ἆ
1734 2398 1844 2451 οὐκ

189 2470 365 2533 ἔξεστι
406 2473 879 2542 παραδέχεσθαι.
917 2477 1054 2549 Ὅρα
1111 2480 1230 2533 οὐδὲ
1263 2481 1340 2552 τῷ
1391 2481 1604 2554 δαίμονι
1649 2487 1845 2553 αὐτοὺς

194 2561 564 2631 προσέχοντας,
617 2563 752 2617 ἀλλά
780 2565 914 2636 πρὸς
938 2565 996 2618 ἒν
1031 2567 1290 2637 ὁρῶντας,
1329 2573 1428 2641 την
1459 2572 1839 2645 φιλαργυρίαν.

191 2648 488 2704 Evach
512 2668 575 2704 τε
600 2652 843 2718 αὐτοὺς,
875 2655 1056 2724 φησὶν,
1082 2659 1168 2722 είς
1191 2658 1305 2726 τὴν
1331 2661 1555 2731 ἀγορὰν
1577 2664 1672 2717 ἐπὶ
1701 2665 1844 2732 τοὺς

192 2734 497 2804 ἄρχοντας’
539 2742 637 2794 καὶ
665 2743 1012 2813 συνεπέστη
1043 2749 1076 2800 ό
1105 2746 1287 2816 ὄχλος
1308 2752 1434 2802 κατ’
1461 2750 1675 2809 αὐτῶν.
1699 2753 1842 2826 Ὀρα

190 2823 360 2890 αὐτοὺς
414 2829 516 2882 οὐκ
561 2829 1024 2902 ἀποκρινομένους
1056 2833 1177 2887 οὐδὲ
1219 2835 1709 2908 ἀπολογουμένους,
1755 2842 1842 2894 ἵνα

192 2912 422 2978 μείζονος
441 2917 581 2982 ἄξιοι
611 2915 888 2988 θαύματος
933 2919 1215 2988 γένωνται.
1265 2923 1448 2978 Ὅταν
1493 2927 1620 2997 γὰρ,
1656 2929 1838 2999 φησὶν,

189 2999 426 3064 ἀσθενῶ,
454 3004 588 3057 τότε
617 3003 875 3071 δυνατός
899 3009 1030 3075 ειμι.
1065 3007 1266 3076 Ἀρκεῖ
1288 3027 1387 3064 σοι
1422 3012 1461 3080 ὴ
1496 3012 1667 3081 χάρις
1697 3032 1838 3084 μουο

193 3088 224 3154 ἠ
257 3088 355 3158 γὰρ
391 3091 646 3161 δύναμίς
679 3105 799 3162 μου
855 3095 924 3147 ἐν
953 3095 1235 3164 ἀσθενείᾳ
1281 3101 1626 3156 τελειοῦται.
1680 3103 1842 3156 Ὥστε

194 3176 272 3227 καὶ
309 3178 420 3230 ἀπὸ
464 3179 566 3248 τῆς
611 3179 909 3244 ἐπιεικείας
959 3182 1344 3256 θαυμασθῆναι
1403 3187 1598 3252 αὐτοὺς
1653 3191 1840 3262 ἐχρῆν.

195 3260 320 3335 ὐσῳ
345 3267 717 3339 ἀκριϐεστέρα
745 3269 778 3338 ἡ
808 3269 1020 3342 φυλακὴ
1057 3273 1286 3340 γίνεται,
1318 3275 1554 3347 τοσούτῳ
1576 3277 1636 3330 τὸ
1660 3260 1844 3350 θαῦμα

196 3347 572 3425 λαμπρότερον.
606 3357 769 3420 Ἴσως
800 3357 899 3429 τὴν
932 3358 1193 3414 σύστασιν
1227 3363 1452 3430 ἐκκόψαι
1481 3364 1510 3404 ιν
1536 3365 1844 3436 βουλόμενοι

196 3438 329 3494 τοῦτο
356 3444 572 3496 ἐποίουν
593 3445 811 3498 ἐκεῖνοι.
845 3445 1060 3517 Ἐπειδὴ
1081 3443 1218 3501 εἶδον
1238 3449 1329 3501 τὸν
1365 3447 1520 3511 όκλον
1542 3454 1842 3522 ἐφεστῶτα,

196 3531 292 3590 ταῖς
315 3530 412 3599 μὲν
437 3531 675 3600 πληγαῖς
704 3533 796 3586 τὸν
819 3532 988 3604 Θυμὺν
1011 3534 1150 3598 τέως
1184 3537 1376 3608 στῆσαι
1413 3539 1712 3606 ἐϐούλοντο,
1767 3544 1844 3614 τῷ

196 3613 240 3665 δὲ
263 3619 337 3679 εἰς
369 3619 744 3690 δεσμωτήριον
769 3621 1025 3692 ἐμϐαλεῖν
1073 3624 1166 3678 καὶ
1203 3628 1566 3697 παραγγεῖλαι
1586 3613 1843 3699 ἀσφαλῶς

195 3709 382 3774 τηρεῖν,
424 3706 658 3761 ἀκοῦσαι
700 3709 894 3779 ήθελον
921 3709 1016 3764 τοῦ
1055 3711 1397 3783 πράγματος.
1447 3715 1556 3768 Καὶ
1583 3718 1842 3786 ἠσφαλί-

197 3806 344 3858 σατο,
373 3795 559 3866 φησιν,
604 3799 691 3864 εις
723 3796 788 3851 τὸ
816 3798 1024 3864 ξύλον,
1055 3800 1128 3864 ὡς
1170 3800 1234 3854 ἀν
1273 3801 1416 3855 εἴποι
1465 3820 1568 3868 τις,
1614 3806 1706 3869 EE;
1751 3807 1844 3861 τὸν

197 3877 383 3964 νέρϐον.
415 3883 604 3936 Πὸσων
633 3885 881 3956 δακρύων
909 3887 978 3940 τὰ
999 3887 1093 3942 νῦν
1118 3888 1278 3956 diu;
1310 3890 1536 3945 Ἐκεῖνοι
1583 3893 1680 3964 μὲν
1703 3896 1840 3948 ἐπα-

198 3961 272 4051 θον
311 3969 406 4021 ὅσα
429 3971 522 4022 καὶ
569 3970 792 4038 ἔπαθον,
851 3974 1012 4044 ἡμεῖς
1044 3974 1100 4028 δὲ
1148 3977 1204 4029 ἐν
1242 3981 1459 4050 τρυφῇ,
1502 3961 1662 4051 ἡμεῖς
1694 3981 1750 4035 δὲ
1783 3985 1840 4036 ἐν

198 4049 439 4125 Θεάτροις.
474 4058 640 4112 Ὅθεν
679 4061 775 4112 καὶ
801 4061 1172 4133 ἀπολλύμεθα,
1196 4064 1288 4117 κοιλ⁸
1310 4049 1836 4139 καταποντιζόμεθα,

197 4139 356 4196 ἄνεσιν
383 4145 672 4213 ζητοῦντες
714 4149 1010 4220 πανταχοῦ,
1042 4151 1137 4203 καὶ
1165 4151 1284 4205 οὐδὲ
1315 4154 1505 4224 μέχρις
1529 4156 1838 4227 ὀνειδισμοῦ

198 4226 273 4320 ια
305 4232 388 4285 τὸν
408 4236 449 4286 x
459 4236 644 4305 ριστὸν
665 4237 976 4308 ἀνεχόμενοι
1003 4237 1332 4312 λυπηθῆναι,
1360 4244 1482 4297 οὐδὲ
1503 4245 1664 4316 μέχρι
1686 4226 1836 4320 [9⁷η]

198 4312 355 4383 λόγου.
388 4321 608 4384 Τούτοις
658 4325 895 4394 συνεχῶς
932 4324 1434 4400 ἀναμιμνήσκωμεν
1455 4332 1702 4398 ἑαυτοὺς,
1733 4351 1838 4389 πα-

202 4406 411 4472 ρακαλῶ,
438 4409 540 4461 ὅσα
566 4409 785 4474 ἔπαθον,
821 4412 920 4465 ὅσα
963 4413 1278 4485 ὑπέμειναν,
1329 4417 1447 4480 πῶς
1504 4419 1603 4472 οὐκ
1650 4419 1839 4492 ἐθορυ-

197 4487 382 4559 6οῦντο,
433 4495 551 4559 πῶς
599 4497 699 4550 οὐκ
737 4499 1192 4566 ἐσκανδαλίζοντο.
1236 4502 1310 4556 T6
1361 4503 1457 4558 τοῦ
1503 4505 1638 4559 Θεοῦ
1674 4487 1837 4580 ἔργον

199 4579 409 4644 ἐποίουν,
437 4587 530 4638 καί
560 4586 732 4640 ταῦτα
773 4587 1028 4660 ἔπασχον.
1064 4592 1178 4644 Οὐκ
1209 4592 1411 4661 ἔλεγον.
1452 4593 1516 4647 Τί
1539 4592 1696 4650 τοῦτο
1737 4615 1836 4669 κη-

202 4664 466 4740 ρύττομεν,
511 4674 608 4726 καὶ
670 4675 730 4726 οὐ
785 4677 1104 4744 προΐσταται
1165 4680 1321 4750 ἡμῶν
1374 4682 1404 4733 6
1455 4682 1624 4748 Θεόςς
1674 4685 1835 4741 ’Λλλά

199 4759 278 4807 καὶ
331 4761 483 4813 τοῦτο
537 4763 736 4825 αὐτοὺς
779 4763 1012 4832 ὠφέλει,
1066 4767 1159 4819 καὶ
1208 4769 1374 4838 χωρὶς
1435 4770 1535 4839 τῆς
1583 4771 1835 4842 βοηθείας

203 4843 330 4913 αὐτῷ
355 4848 429 4916 τῷ
457 4850 741 4919 πράγματι
772 4851 1162 4923 εὐτονωτέρους
1199 4856 1389 4917 ἐποίει,
1433 4857 1832 4930 ἰσχυροτέρους,

200 4928 624 5006 ἀκαταπλήκτους
651 4946 700 4989 ο.
739 4935 811 4990 ’11
849 4938 1074 5007 θλῖψις,
1115 4943 1299 5012 φησὶν,
1333 4945 1652 5014 ὑπομονὴν
1687 4928 1831 5001 κατ-

199 5020 483 5083 εργάζεται.

257 5106 338 5177 Μὴ
372 5111 434 5181 δὴ
490 5112 582 5164 τὸν
637 5113 803 5183 ὑγρὸν
845 5115 939 5169 καὶ
978 5116 1362 5188 διακεχυμένον
1409 5120 1660 5192 ζητῶμεν
1698 5123 1833 5193 βίον.

201 5189 383 5267 Ὠσπερ
416 5199 524 5271 γὰρ
553 5200 786 5254 ἐνταῦθα
813 5201 1030 5254 διπλοῦν
1074 5204 1134 5256 16
1183 5205 1368 5269 καλὸν,
1412 5189 1494 5260 ὅτι
1518 5189 1577 5261 τε
1623 5189 1835 5281 ἰσχυροὶ

201 5278 411 5342 γίνονται
440 5289 536 5340 καὶ
563 5289 645 5340 ὅτι
676 5289 903 5359 μεγάλοι
936 5293 982 5342 οί
1013 5291 1214 5360 μισθοὶ,
1260 5291 1433 5356 οὕτως
1465 5297 1583 5348 ἐκεῖ
1610 5278 1834 5352 διπλοῦν

201 5364 251 5416 τὸ
271 5372 440 5440 κακον,
467 5375 549 5427 δτι
577 5392 634 5427 τε
677 5376 1051 5448 μαλακώτεροι
1101 5379 1450 5434 καθίστανται
1482 5385 1574 5435 καὶ
1611 5383 1691 5437 ὃτι
1745 5385 1833 5439 ἐπ’

200 5453 347 5510 οὐδενὶ
367 5463 605 5532 χρηστῷ,
643 5462 780 5516 ἀλλά
799 5467 892 5518 καὶ
919 5467 1012 5518 ἐπὶ
1048 5465 1219 5536 κακῷ.
1251 5467 1414 5520 Οὐδὲν
1435 5468 1544 5540 γὰρ
1567 5472 1837 5542 ἀχρηστό-

200 5555 333 5612 τερον
377 5550 658 5619 ἀνθρώπου
705 5552 900 5619 γένοιτ’
932 5551 998 5606 ἂν
1036 5555 1092 5605 ὲν
1137 5554 1318 5608 ἀνέσει
1371 5557 1465 5610 καὶ
1506 5562 1684 5630 τρυφῇ
1741 5561 1835 5614 τὸν

202 5626 388 5686 ᾶπαντα
418 5637 786 5703 διατελοῦντος
840 5641 1048 5710 χρόνον.
1092 5643 1254 5713 ’Δνὴρ
1292 5644 1422 5714 γὰρ,
1463 5626 1835 5715 φησὶνξνάπεί-

204 5729 393 5787 ραστος,
427 5724 520 5778 καὶ
537 5725 824 5795 ἀδόκιμος·
861 5727 1137 5798 ἀδόκιμος,
1161 5731 1261 5784 οὑκ
1285 5732 1342 5783 ἐν
1366 5735 1478 5795 τοῖς
1503 5733 1680 5802 ἀγῶσι
1708 5735 1797 5793 τΤ”
1825 5768 1834 5776 ·

1760 5815 1799 5856 ,Ἴ

255 5889 270 5914 ⁸
289 5897 374 5964 Καὶ
393 5899 500 5948 οὐδὲ
519 5899 842 5964 ὑποκρίνεται,
867 5902 937 5950 sic
965 5913 1093 5964 unus
1112 5901 1281 5952 codex.
1354 5905 1380 5943 δ
1410 5905 1540 5956 Idem
1557 5910 1642 5964 τὴν
1665 5912 1834 5962 στάσιν

204 5947 397 6016 ἐκκόψαι.
461 5947 625 6021 (Alii,
646 5947 790 6028 χωρὶς
827 5947 907 6020 τῆς
937 5963 1150 6022 ἀληθείας
1179 5965 1225 6014 ἐν
1261 5966 1385 6035 αὐτῴ
1423 5971 1490 6032 τῷ
1515 5947 1768 6034 πράγματι.

1221 345 1288 402 IN
1334 349 1513 406 ACTA
1545 353 2326 419 APOSTOLORUM.HOMIL.
2360 365 2552 421 XXXV

3514 377 3620 432 τεο

1952 496 2088 544 τοις,
2118 481 2251 537 ἀλλά
2273 485 2368 538 καὶ
2394 485 2452 539 ἐν
2473 489 2586 553 τοῖς
2617 488 2796 556 ἄλλοις
2825 493 3046 550 ἀπασιν.
3067 496 3372 572 ’Δχρηστον
3391 498 3623 570 πρᾶγμα

1955 568 1988 636 ἡ
2019 567 2221 634 ἄνεσις,
2259 574 2352 626 καὶ
2384 574 2444 627 ἐν
2473 575 2609 646 αὐτῇ
2662 576 2720 629 δέ
2770 582 2835 651 τῇ
2858 585 3034 654 τρυφῇ
3062 567 3410 648 οὐδένόὐτως
3435 567 3620 640 ἀνεπι-

1953 655 2180 726 τήδειον.
2209 657 2285 722 ῶς
2330 659 2389 712 τὸ
2441 665 2692 733 τρυφᾷνο
2753 670 3052 739 προσκορές
3100 671 3209 742 γάρ
3257 673 3422 728 ἐστιν.
3485 672 3621 730 Οῦτε

1958 742 2140 796 σιτίων
2169 745 2328 817 ήδονή
2362 749 2618 820 τοσαύτη,
2654 749 2776 804 οὔτε
2828 755 3082 818 ἀνέσεως,
3132 758 3268 812 ἀλλά
3301 759 3478 813 πάντα
3511 759 3621 826 ἐξί-

1954 829 2092 900 τηλα
2118 833 2324 901 γίνεται
2359 837 2450 889 καὶ
2487 838 2717 910 διαρρεῖ.
2777 841 2866 912 Μὴ
2907 842 2970 914 δὴ
3000 844 3204 914 ταύτην
3253 846 3618 919 ἐπιζητῶμεν.

1953 916 2017 969 El
2046 919 2152 989 γὰρ
2186 925 2406 976 σκοπεῖν
2437 923 2735 998 θελήσομεν
2767 929 2850 992 τίς
2881 931 3027 1000 ἥδιον
3058 931 3254 998 διάγει,
3293 934 3321 985 6
3352 916 3618 1006 πονούμε-

1951 1018 2042 1066 νος
2072 1007 2163 1058 καὶ
2197 1008 2710 1082 ταλαιπωρούμενος
2748 1015 2780 1086 ἢ
2827 1017 2856 1068 6
2897 1017 3115 1088 τρυφῶν
3137 1035 3152 1049 ο
3202 1016 3388 1072 τοῦτον
3419 1022 3621 1090 μᾶλλον

1951 1088 2269 1163 εὑρήσομεν.
2306 1097 2524 1168 Πρῶτον
2557 1101 2652 1170 μὲν
2673 1102 2779 1172 γὰρ
2805 1101 2896 1155 τοῦ
2921 1103 3165 1157 τοιούτου
3195 1104 3255 1157 τὸ
3301 1088 3458 1177 σῶμα
3489 1109 3622 1163 αὐτὸ

1951 1174 2170 1234 ἔκλυτον
2200 1182 2292 1234 καὶ
2323 1184 2664 1256 πεπλαδηκός
2686 1205 2700 1219 ο
2736 1187 2926 1242 ἔπειτα
2982 1192 3078 1244 καὶ
3127 1193 3183 1244 αἱ
3216 1193 3310 1245 τοῦ
3367 1193 3620 1264 σώματος

1950 1265 2228 1336 αἰσθήσεις
2261 1268 2360 1322 οὐκ
2397 1273 2536 1324 εἰσιν
2565 1274 2877 1344 εἰλικρινεῖς
2904 1277 3024 1330 οὐδὲ
3049 1279 3240 1348 ὑγιεῖς,
3269 1279 3404 1333 ἀλλά
3426 1281 3622 1351 χαῦναι

1950 1351 2045 1404 καὶ
2089 1353 2323 1423 μαλακαί
2346 1368 2370 1396 ³
2395 1373 2410 1389 ο
2444 1358 2648 1412 τούτων
2675 1360 2732 1413 δὲ
2758 1363 2857 1415 οὐκ
2883 1363 3077 1428 οὐσῶν,
3129 1366 3249 1418 οὐδὲ
3275 1368 3374 1437 τῆς
3409 1369 3622 1436 ὑγιείας

1945 1437 2108 1511 ἡδονὴ
2146 1442 2409 1510 φαίνεται.
2453 1447 2609 1510 Ποῖος
2659 1447 2823 1512 ἵππος
2864 1451 3153 1521 χρήσιμος,
3195 1455 3223 1506 6
3272 1456 3491 1525 τρυφῶν
3523 1456 3556 1528 ἣ
3589 1461 3620 1512 6

1947 1527 2352 1599 γυμναζόμενος
2371 1547 2384 1596 ;
2413 1533 2541 1586 ποία
2555 1533 2706 1598 ναῦς,
2727 1537 2760 1604 ή
2784 1536 3020 1590 πλέουσα
3042 1539 3125 1611 ἢή
3151 1541 3428 1612 ἀργοῦσαι
3463 1547 3619 1598 ποῖον

1832 1645 1848 1671 ,
1947 1612 2112 1684 ὕδωρ,
2140 1616 2201 1669 τὸ
2225 1617 2465 1691 τρέχονῆ
2488 1621 2549 1674 τὸ
2573 1622 2743 1687 ἑστώς
2764 1641 2777 1689 ;
2804 1628 2953 1689 ποῖος
2977 1627 3215 1699 σίδηρος,
3233 1631 3262 1681 6
3291 1631 3611 1702 κινούμενος

1947 1700 1980 1772 ἢ
2009 1704 2036 1755 6
2070 1701 2143 1774 μὴ
2170 1706 2570 1777 ἐργαζόμενος;
2599 1711 2694 1782 οὐχ
2736 1715 2763 1766 6
2786 1714 2883 1783 μὲν
2906 1714 3240 1787 ἀπολάμπει,
3269 1719 3363 1772 καὶ
3387 1700 3613 1792 ἀργύρῳ

1946 1789 2282 1875 προσέοικεν,
2327 1796 2355 1847 6
2402 1795 2458 1848 δὲ
2500 1799 2758 1852 κατίωται
2790 1803 3064 1872 πανταχοῦ
3090 1803 3361 1875 ἄχρηστος
3391 1789 3486 1872 ῶν,
3517 1789 3620 1863 καὶ

1944 1874 2046 1944 τῆς
2080 1877 2210 1949 ὑλης
2236 1880 2474 1946 ἀπολλύς
2499 1901 2554 1937 τι
2601 1887 2699 1957 τῆς
2729 1888 2973 1953 οίκείας;
3026 1874 3280 1946 Τοιοῦτόν
3312 1911 3366 1946 τι
3404 1894 3617 1962 γίνεται

1946 1963 2038 2016 καὶ
2075 1965 2165 2017 ἐπὶ
2190 1967 2288 2037 τῆς
2317 1969 2591 2042 ἀργούσης
2617 1973 2823 2044 ψυχῆς⁸
2878 1976 2954 2039 ἰός
2973 1994 3055 2040 τις
3082 1979 3252 2048 αὐτῆς
3273 1985 3613 2052 καταχεῖται,

1943 2052 2036 2102 καὶ
2059 2053 2259 2122 τρώγει
2286 2056 2384 2127 τήν
2407 2074 2464 2110 τε
2491 2057 2847 2132 λαμπρότητα
2875 2065 2968 2116 καὶ
2997 2064 3067 2116 τὰ
3094 2065 3227 2118 ἄλλα
3252 2067 3446 2120 πάντα.
3491 2069 3610 2123 Τίνι

1941 2132 2034 2190 οὖν
2052 2138 2116 2191 ἄν
2143 2156 2227 2203 τις
2263 2141 2449 2196 τοῦτον
2482 2145 2815 2216 ἀποσμήξειε
2853 2148 2944 2201 τὸν
2975 2149 3088 2215 ίόν;
3125 2152 3200 2222 Τῇ
3243 2153 3347 2207 τῶν
3382 2154 3614 2224 θλίψεων

1941 2225 2144 2298 ἀκόνῃ·
2183 2223 2341 2282 αὗται
2380 2233 2646 2303 χρήσιμον
2685 2235 3006 2306 ἐργάζονται
3060 2240 3159 2309 τὴν
3197 2240 3376 2312 ψυχὴν
3414 2243 3512 2295 καὶ
3553 2245 3613 2298 ἐν

1942 2313 2106 2366 πᾶσιν
2138 2316 2466 2386 ἐπιτηδείαν.
2528 2321 2650 2384 Πῶς
2699 2322 2826 2394 γὰρ,
2868 2325 2987 2377 είπέ
3055 2343 3164 2396 μοι,
3217 2327 3504 2399 δυνήσεται
3541 2331 3613 2384 τά

1942 2399 2089 2471 πάθη
2132 2400 2372 2472 τέμνειν,
2404 2406 2502 2477 τῆς
2533 2407 2716 2479 ἀκμῆς
2750 2409 3169 2484 ἀμϐλυνθείσης,
3207 2415 3302 2467 καὶ
3345 2416 3610 2486 μολύϐδου

1940 2485 2095 2557 δίκην
2123 2488 2728 2563 ἐπανακαμπτομένης;
2787 2496 2905 2560 πῶς
2943 2497 3033 2550 τὸν
3078 2499 3326 2554 διάϐολον
3350 2485 3609 2571 τρώσεις

1941 2573 2058 2626 Τίνι
2083 2574 2140 2628 δὲ
2181 2577 2280 2629 οὐκ
2304 2576 2451 2630 ἐστιν
2493 2580 2662 2650 ἀηδὴς
2704 2582 2988 2654 ἄνθρωπος
3010 2585 3380 2658 πολυσαρκίαν
3403 2588 3609 2653 ἀσκιῖιν,

1940 2660 2129 2734 φώκης
2163 2663 2318 2734 δίκην
2358 2683 2420 2718 συ
2429 2666 2654 2738 ρόμενος
2678 2685 2692 2731 ;

2010 2755 2079 2816 γ’.
2101 2751 2173 2802 υύ
2195 2751 2450 2822 περὶτῶν
2474 2754 2631 2822 φύσει
2653 2756 2820 2810 όντων
2843 2757 3000 2812 τοῦτο
3022 2760 3184 2828 λέγω,
3200 2761 3336 2815 ἀλλά
3357 2763 3610 2832 περὶτῶν

1940 2837 2003 2890 ἐκ
2031 2839 2130 2910 τῆς
2167 2842 2375 2912 τρυφῆς
2424 2843 2644 2897 τοιαῦτα
2700 2851 3222 2904 κατασκευασάντων
3259 2852 3327 2905 τά
3361 2851 3608 2923 σώματα,

1941 2925 2067 2995 περὶ
2097 2926 2204 2979 τῶν
2239 2927 2448 2982 λεπτῶν
2483 2931 2623 2983 κατὰ
2660 2932 2842 3001 φύσιν.
2876 2935 3170 2991 ’Ᾱνέτειλεν
3214 2940 3242 2992 6
3273 2939 3442 3009 ἥλιος,
3465 2941 3608 3011 λαμ-

1941 3011 2085 3083 πράς
2115 3015 2294 3084 ἀφῆκε
2321 3017 2592 3087 πανταχοῦ
2619 3019 2717 3082 τὰς
2745 3022 2986 3089 ἀκτῖνας,
3015 3025 3235 3095 ήγειρεν
3257 3027 3484 3080 ἕκαστον
3510 3027 3608 3080 ἐπὶ

1941 3099 2008 3153 τά
2034 3099 2200 3171 ἔργα·
2247 3103 2276 3154 6
2302 3103 2541 3172 γεωργὸς
2567 3104 2662 3175 τὴν
2688 3106 2934 3162 δίκελλαν
2968 3109 3147 3164 λαϐὼν
3174 3113 3390 3178 ἔξεισιν,
3419 3116 3449 3165 ό
3480 3115 3610 3185 χαλ-

1941 3188 2174 3252 κοτύπος
2209 3191 2308 3260 τὴν
2348 3191 2575 3262 σφῦραν,
2604 3195 2698 3246 καὶ
2734 3195 2795 3248 τὸ
2832 3195 3164 3270 κατάλληλον
3210 3200 3438 3265 ἕκαστος
3498 3204 3607 3257 τῶν

1940 3275 2301 3346 δημιουργῶν,
2339 3279 2433 3330 καὶ
2497 3281 2747 3351 εὑρήσεις
2795 3282 3022 3338 ἕκαστον
3070 3287 3138 3340 τά
3187 3288 3363 3341 οἰκεῖα
3399 3288 3608 3359 ὄργανα

1943 3365 2478 3436 μεταχειριζόμενον·
2513 3369 2545 3439 ή
2580 3369 2714 3441 γυνὴ
2743 3370 3022 3444 ἠλακάτην
3063 3373 3096 3444 ἦ
3153 3375 3223 3428 τά
3275 3375 3605 3447 ὑφάσματα·

1941 3453 2102 3516 αὐτὸς
2128 3453 2184 3505 δὲ
2205 3453 2451 3525 καθάπερ
2468 3456 2495 3508 6
2512 3459 2690 3526 χοῖρος
2715 3457 2742 3497 δ
2764 3459 2966 3525 εὐθέως
2987 3461 3096 3514 ἀπὸ
3123 3461 3264 3534 πρωῒ
3289 3464 3382 3517 ἐπὶ
3407 3464 3607 3536 βοσκὴν

1941 3538 2110 3604 ἔξεισι
2149 3540 2246 3610 τῆς
2295 3543 2550 3614 γαστρὸς,
2604 3544 2781 3612 ζητῶν
2807 3547 2923 3611 πῶς
2955 3547 3104 3620 [275]
3133 3549 3411 3621 τράπεζαν
3443 3552 3607 3604 πολυ-

1939 3625 2066 3695 τελῆ
2099 3629 2513 3684 κατασκευάσει.
2554 3632 2746 3684 Καίτοι
2778 3633 2886 3688 τῶν
2918 3635 3128 3704 ἀλόγων
3159 3638 3275 3690 ἐστὶ
3304 3639 3462 3708 μόνον
3498 3639 3609 3694 ἀπὸ

1941 3712 2084 3784 πρωῒ
2111 3714 2420 3784 τρέφεσθαι.
2451 3718 2636 3789 ἐπειδὴ
2670 3721 2802 3791 πρὸς
2838 3722 2988 3777 οὐδέν
3028 3725 3143 3777 ἐστι
3169 3726 3438 3796 χρήσιμα,
3467 3727 3606 3781 ἀλλά

1939 3802 2075 3872 πρὸς
2093 3801 2153 3854 τὸ
2173 3802 2486 3870 σφάζεσθαι.
2512 3805 2592 3858 Τά
2615 3807 2672 3860 δὲ
2705 3810 2987 3880 νωτοφόρα
3017 3813 3194 3865 αὐτῶν
3225 3813 3318 3866 καὶ
3342 3813 3606 3883 ἐργασίαν

1938 3890 2302 3961 ἀναδεχόμενα
2331 3892 2424 3944 καὶ
2453 3893 2590 3946 αὐτά
2612 3896 2717 3949 ἀπὸ
2748 3898 2956 3952 νυκτῶν
2987 3901 3078 3952 ἐπί
3108 3901 3167 3952 16
3196 3901 3356 3972 ἔργον
3385 3901 3605 3966 ἔξεισιν.

1938 3973 2102 4042 Οὗτος
2131 3979 2187 4032 δὲ
2218 3981 2325 4034 ἀπὸ
2354 3981 2454 4051 τῆς
2483 3982 2641 4053 εὐνῆς
2672 3985 2930 4050 ἀναστὰς,
2962 3986 3056 4040 τοῦ
3085 3987 3236 4058 ἡλίου
3262 3989 3362 4058 τὴν
3398 3988 3605 4058 ἀγοράν

1937 4066 2328 4137 ἐμπλήσαντος,
2377 4069 2472 4121 κα)⁸
2517 4069 2735 4123 πάντων
2763 4071 3124 4143 κορεσθέντων
3152 4073 3252 4143 τῆς
3287 4073 3492 4136 οἰκείας
3514 4076 3607 4144 ἑρ-

1937 4154 2152 4221 γασίας,
2201 4153 2482 4207 ἀνίσταται
2535 4156 2945 4227 διατεινόμενος,
3004 4157 3254 4231 καθάπερ
3315 4160 3484 4223 ὅντως
3537 4155 3605 4225 ῦς

1937 4241 2297 4312 πιαινόμενος,
2331 4241 2392 4295 16
2430 4242 2711 4296 κάλλιστον
2735 4245 2834 4315 τῆς
2865 4245 3076 4316 ἡμέρας
3119 4247 3178 4299 ἐν
3227 4246 3408 4300 σκότει
3433 4263 3606 4301 κατα-

1934 4328 2198 4394 ναλώσας.
2245 4325 2377 4383 Εἶτα
2412 4330 2642 4402 κάθηται
2678 4332 2842 4385 πολὺν
2893 4332 2986 4385 ἐπὶ
3033 4334 3131 4402 τῆς
3181 4334 3342 4404 εὐνῆς
3389 4334 3603 4406 καιρὸν,

1937 4417 2194 4482 πολλάκις
2217 4417 2337 4472 οὐδὲ
2365 4418 2672 4488 ἀνενεγκεῖν
2697 4421 2713 4438 ⁹
2736 4419 3028 4491 δυνάμενος
3055 4422 3162 4475 ἀπὸ
3189 4422 3288 4492 τῆς
3312 4423 3606 4494 ἐσπερινῆς

1938 4504 2128 4577 μέθης,
2183 4504 2572 4569 καταναλώσας
2611 4505 2703 4560 τὸν
2750 4507 2970 4561 πλείονα
3021 4507 3210 4578 καιρὸν
3272 4509 3329 4560 ἐν
3371 4507 3602 4572 τούτοις.

1936 4587 2068 4646 Εἶτα
2101 4593 2428 4657 καλλωπίζει
2454 4594 2668 4657 ἐαυτὸν,
2697 4597 2791 4648 καὶ
2820 4595 3061 4663 πρόεισιν
3091 4594 3604 4667 ἀσχημοσύνηςθὲ-

1934 4697 2118 4750 ατρον,
2140 4680 2291 4734 οὐδὲν
2313 4680 2449 4752 ἔχων
2472 4681 2782 4751 ἀνθρώπου,
2806 4683 2941 4737 ἀλλά
2971 4684 3146 4737 πάντα
3177 4684 3364 4756 θηρίου
3396 4685 3605 4754 ἀνθρω-

1935 4768 2218 4838 πομόρφου
2243 4785 2259 4799 ⁸
2285 4770 2332 4822 οἱ
2354 4769 2620 4840 ὀφθαλμοὶ
2643 4770 2873 4842 δίυγροι,
2901 4772 3044 4825 οίνου
3077 4771 3139 4823 16
3177 4772 3352 4841 στόμα
3374 4772 3599 4834 ἀπόξον,

1935 4854 2331 4926 ήταλαίπωρος
2353 4856 2497 4927 ψυχὴ
2527 4857 2774 4928 καθάπερ
2820 4859 2910 4910 ἐπὶ
2944 4858 3131 4929 κλίνης
3164 4858 3466 4928 βεϐλημένη
3498 4859 3603 4912 ὑπὸ

1933 4940 2035 5011 τῆς
2061 4941 2313 5012 ἀμέτρως
2349 4943 2678 5014 ἐγχεομένης
2707 4943 3093 5015 ἐωλοκρασίας,
3124 4945 3186 4997 16
3219 4944 3446 5014 μέγεθος
3491 4944 3603 4998 τῶν

1937 5029 2155 5100 σαρκῶν
2183 5030 2551 5101 περιφέρουσα
2580 5031 2828 5102 καθάπερ
2852 5032 3066 5101 ἐλέφας.
3121 5027 3254 5084 Εἶτα
3302 5030 3472 5084 ἐλθὼν
3499 5033 3601 5086 κά-

1938 5116 2095 5185 θηται
2124 5118 2181 5169 ἐν
2207 5117 2410 5181 τόποις,
2443 5117 2537 5170 καὶ
2561 5118 2705 5185 λέγει
2729 5118 2951 5171 τοιαῦτα
2983 5119 3074 5171 καὶ
3103 5121 3264 5179 ποιεί,
3290 5117 3366 5182 ῶς
3389 5118 3602 5188 βέλτιον

1937 5196 2074 5255 εἷναι
2118 5201 2196 5254 ἐτι
2226 5201 2500 5254 καθεύδειν
2524 5201 2685 5254 αὑτὸν
2704 5200 2738 5270 ἢ
2786 5201 3164 5273 ἐγρηγορέναι.
3202 5203 3297 5255 Ἂν
3328 5202 3478 5256 δεινά
3506 5205 3604 5258 ἐπα

1937 5287 2196 5359 αγγελθῇ,
2247 5287 2446 5350 παντὸς
2502 5287 2757 5358 κορασίου
2816 5287 3200 5360 μαλακώτερος
3234 5290 3442 5358 γίνεται
3467 5307 3484 5323 “
3533 5293 3603 5347 ἂν

1937 5375 2169 5446 χρηστὰ,
2199 5376 2399 5438 παντὸς
2440 5375 2652 5428 παιδίου
2686 5376 3041 5447 χαυνότερος·
3093 5377 3311 5449 χάσμης
3368 5379 3517 5449 αὐτῷ
3567 5382 3602 5452 ή

1935 5464 2057 5533 ὄψις
2086 5463 2266 5534 γέμει.
2300 5465 2440 5517 Πᾶσι
2462 5463 2740 5535 πρόκειται
2763 5467 2874 5530 τοῖς
2902 5465 3240 5538 βουλομένοις
3271 5469 3452 5532 κακῶς
3474 5487 3599 5521 1:01.-

1936 5554 2034 5610 εῖν,
2065 5552 2112 5603 εί
2141 5551 2235 5604 καὶ
2269 5551 2344 5620 μὴ
2373 5553 2485 5614 τοῖς
2527 5551 2852 5623 ἀνθρώποις,
2891 5554 3027 5608 ἀλλά
3087 5557 3198 5618 τοῖς
3233 5555 3432 5607 πάθεσι
3453 5570 3468 5585 ο
3505 5552 3600 5606 καὶ

1936 5635 2106 5707 θυμὸς
2132 5635 2223 5688 τὸν
2264 5635 2502 5690 τοιοῦτον
2533 5637 2731 5710 ἐγείρει
2775 5639 2990 5710 ῥᾳδίως,
3023 5640 3118 5694 καὶ
3166 5638 3447 5707 ἐπιθυμία,
3505 5638 3598 5691 καὶ

1939 5725 2224 5794 βασκανία,
2267 5725 2362 5779 καὶ
2389 5726 2584 5781 πάντα.
2639 5728 2846 5790 Πάντες
2873 5727 3247 5787 κολακεύουσι,
3284 5724 3482 5787 πάντες
3515 5725 3599 5777 02.-

1943 5808 2255 5880 ραπεύουσι,
2305 5810 2699 5882 μαλακωτέραν
2766 5811 2800 5880 ἦ
2865 5812 3012 5863 ἐστιν
3069 5803 3420 5878 ἐργαζόμενοι
3499 5805 3598 5881 τὴν

1983 5915 2010 5945 ⁸
2055 5916 2214 5972 Alius,
2257 5919 2338 5965 καὶ
2377 5917 2745 5978 μεμαλαγμέναι.
2810 5913 2964 5965 δΛΙὶἱ-
2991 5915 3032 5961 οί
3072 5911 3240 5974 χοῖροι.
3308 5911 3324 5929 ⁸
3349 5910 3430 5961 Sic
3453 5916 3601 5967 codd.

1944 5979 2146 6042 optime.
2183 5978 2349 6030 Monlf.
2380 5977 2599 6042 ἐνεγκεῖν.
2637 5977 2772 6027 Enn.
