  <div class='ocr_page' id='page_1' title='image "/cluster/home/n/w/nwhite01/storage/ocr_20150623/60/hvd.32044073501942/263.png"; bbox 0 0 4036 6212; ppageno 0'>
   <div class='ocr_carea' id='block_1_1' title="bbox 413 321 520 376">
    <p class='ocr_par' dir='ltr' id='par_1_1' title="bbox 413 321 520 376">
     <span class='ocr_line' id='line_1_1' title="bbox 413 321 520 376; baseline -0.009 0"><span class='ocrx_word' id='word_1_1' title='bbox 413 321 520 376; x_wconf 72' lang='grc'>257</span> 
     </span>
    </p>
   </div>
   <div class='ocr_carea' id='block_1_2' title="bbox 411 427 2089 502">
    <p class='ocr_par' dir='ltr' id='par_1_2' title="bbox 411 427 2089 502">
     <span class='ocr_line' id='line_1_2' title="bbox 411 427 2089 502; baseline 0.001 -20"><span class='ocrx_word' id='word_1_2' title='bbox 411 428 590 501; x_wconf 62' lang='grc' dir='ltr'>ςυχήν</span> <span class='ocrx_word' id='word_1_3' title='bbox 609 443 624 458; x_wconf 88' lang='grc'>⁶</span> <span class='ocrx_word' id='word_1_4' title='bbox 677 429 774 484; x_wconf 72' lang='grc' dir='ltr'>καὶ</span> <span class='ocrx_word' id='word_1_5' title='bbox 799 429 920 483; x_wconf 86' lang='grc' dir='ltr'>καθ’</span> <span class='ocrx_word' id='word_1_6' title='bbox 949 427 1186 500; x_wconf 78' lang='grc' dir='ltr'>ἑκάστην</span> <span class='ocrx_word' id='word_1_7' title='bbox 1211 429 1424 502; x_wconf 75' lang='grc' dir='ltr'>ἡμέραν</span> <span class='ocrx_word' id='word_1_8' title='bbox 1451 432 1688 502; x_wconf 85' lang='grc' dir='ltr'>πρόεισι,</span> <span class='ocrx_word' id='word_1_9' title='bbox 1719 429 1853 484; x_wconf 89' lang='grc' dir='ltr'>πολύ</span> <span class='ocrx_word' id='word_1_10' title='bbox 1891 449 1942 484; x_wconf 89' lang='grc' dir='ltr'>τι</span> <span class='ocrx_word' id='word_1_11' title='bbox 1990 431 2089 501; x_wconf 79' lang='grc' dir='ltr'>τῆς</span> 
     </span>
    </p>
   </div>
   <div class='ocr_carea' id='block_1_3' title="bbox 415 517 2092 592">
    <p class='ocr_par' dir='ltr' id='par_1_3' title="bbox 415 517 2092 592">
     <span class='ocr_line' id='line_1_3' title="bbox 415 517 2092 592; baseline 0.001 -23"><span class='ocrx_word' id='word_1_12' title='bbox 415 519 573 572; x_wconf 86' lang='grc' dir='ltr'>νόσου</span> <span class='ocrx_word' id='word_1_13' title='bbox 606 517 1058 592; x_wconf 77' lang='grc' dir='ltr'>προσλαμϐάνων.</span> <span class='ocrx_word' id='word_1_14' title='bbox 1083 518 1180 571; x_wconf 78' lang='grc' dir='ltr'>’Ἂν</span> <span class='ocrx_word' id='word_1_15' title='bbox 1212 519 1287 581; x_wconf 82' lang='grc' dir='ltr'>είς</span> <span class='ocrx_word' id='word_1_16' title='bbox 1318 520 1657 590; x_wconf 77' lang='grc' dir='ltr'>πραγμάτων</span> <span class='ocrx_word' id='word_1_17' title='bbox 1693 518 1909 589; x_wconf 81' lang='grc' dir='ltr'>ἐμπέσῃ</span> <span class='ocrx_word' id='word_1_18' title='bbox 1938 517 2092 590; x_wconf 87' lang='grc' dir='ltr'>περί-</span> 
     </span>
    </p>
   </div>
   <div class='ocr_carea' id='block_1_4' title="bbox 418 604 2094 676">
    <p class='ocr_par' dir='ltr' id='par_1_4' title="bbox 418 604 2094 676">
     <span class='ocr_line' id='line_1_4' title="bbox 418 604 2094 676; baseline 0.001 -19"><span class='ocrx_word' id='word_1_19' title='bbox 418 623 628 670; x_wconf 88' lang='grc' dir='ltr'>στασιν,</span> <span class='ocrx_word' id='word_1_20' title='bbox 678 605 853 676; x_wconf 82' lang='grc' dir='ltr'>τέφρα</span> <span class='ocrx_word' id='word_1_21' title='bbox 897 605 994 658; x_wconf 69' lang='grc' dir='ltr'>καὶ</span> <span class='ocrx_word' id='word_1_22' title='bbox 1029 605 1176 670; x_wconf 83' lang='grc' dir='ltr'>κόνις</span> <span class='ocrx_word' id='word_1_23' title='bbox 1235 605 1463 675; x_wconf 89' lang='grc' dir='ltr'>γίνεται,</span> <span class='ocrx_word' id='word_1_24' title='bbox 1516 606 1614 658; x_wconf 76' lang='grc' dir='ltr'>καὶ</span> <span class='ocrx_word' id='word_1_25' title='bbox 1658 605 1811 659; x_wconf 82' lang='grc' dir='ltr'>οὐδὲν</span> <span class='ocrx_word' id='word_1_26' title='bbox 1845 605 1992 675; x_wconf 78' lang='grc' dir='ltr'>αὐτῷ</span> <span class='ocrx_word' id='word_1_27' title='bbox 2023 604 2094 659; x_wconf 86' lang='grc' dir='ltr'>τά</span> 
     </span>
    </p>
   </div>
   <div class='ocr_carea' id='block_1_5' title="bbox 419 693 2092 765">
    <p class='ocr_par' dir='ltr' id='par_1_5' title="bbox 419 693 2092 765">
     <span class='ocr_line' id='line_1_5' title="bbox 419 693 2092 765; baseline -0.001 -18"><span class='ocrx_word' id='word_1_28' title='bbox 419 695 622 765; x_wconf 85' lang='grc' dir='ltr'>σηρικά</span> <span class='ocrx_word' id='word_1_29' title='bbox 674 693 866 764; x_wconf 78' lang='grc' dir='ltr'>ἱμάτια</span> <span class='ocrx_word' id='word_1_30' title='bbox 912 693 1300 764; x_wconf 88' lang='grc' dir='ltr'>συμϐάλλεται.</span> <span class='ocrx_word' id='word_1_31' title='bbox 1342 693 1529 749; x_wconf 82' lang='grc' dir='ltr'>Ταῦτα</span> <span class='ocrx_word' id='word_1_32' title='bbox 1571 696 1704 765; x_wconf 81' lang='grc' dir='ltr'>ἡμῖν</span> <span class='ocrx_word' id='word_1_33' title='bbox 1755 694 1855 764; x_wconf 77' lang='grc' dir='ltr'>οὐχ</span> <span class='ocrx_word' id='word_1_34' title='bbox 1909 693 2092 758; x_wconf 86' lang='grc' dir='ltr'>ἁπλῶς</span> 
     </span>
    </p>
   </div>
   <div class='ocr_carea' id='block_1_6' title="bbox 417 779 2094 854">
    <p class='ocr_par' dir='ltr' id='par_1_6' title="bbox 417 779 2094 854">
     <span class='ocr_line' id='line_1_6' title="bbox 417 779 2094 854; baseline -0.002 -20"><span class='ocrx_word' id='word_1_35' title='bbox 417 782 650 854; x_wconf 60' lang='grc' dir='ltr'>εἴρηται,</span> <span class='ocrx_word' id='word_1_36' title='bbox 684 781 800 835; x_wconf 87' lang='grc' dir='ltr'>ἀλλ’</span> <span class='ocrx_word' id='word_1_37' title='bbox 831 783 915 836; x_wconf 83' lang='grc' dir='ltr'>ἵνα</span> <span class='ocrx_word' id='word_1_38' title='bbox 949 783 1326 853; x_wconf 85' lang='grc' dir='ltr'>παιδεύσωμεν</span> <span class='ocrx_word' id='word_1_39' title='bbox 1359 781 1564 854; x_wconf 80' lang='grc' dir='ltr'>μηδένα</span> <span class='ocrx_word' id='word_1_40' title='bbox 1615 781 1800 854; x_wconf 85' lang='grc' dir='ltr'>ἀργῶς</span> <span class='ocrx_word' id='word_1_41' title='bbox 1827 779 1926 852; x_wconf 80' lang='grc' dir='ltr'>ζῇν</span> <span class='ocrx_word' id='word_1_42' title='bbox 1959 780 2094 852; x_wconf 89' lang='grc' dir='ltr'>μηδέ</span> 
     </span>
    </p>
   </div>
   <div class='ocr_carea' id='block_1_7' title="bbox 418 868 2094 942">
    <p class='ocr_par' dir='ltr' id='par_1_7' title="bbox 418 868 2094 942">
     <span class='ocr_line' id='line_1_7' title="bbox 418 868 2094 942; baseline -0.001 -21"><span class='ocrx_word' id='word_1_43' title='bbox 418 870 565 940; x_wconf 77' lang='grc' dir='ltr'>εἰκῇ.</span> <span class='ocrx_word' id='word_1_44' title='bbox 599 870 665 922; x_wconf 86' lang='grc' dir='ltr'><strong>Ἠ</strong></span> <span class='ocrx_word' id='word_1_45' title='bbox 713 870 822 942; x_wconf 81' lang='grc' dir='ltr'>γάρ</span> <span class='ocrx_word' id='word_1_46' title='bbox 858 869 1024 940; x_wconf 90' lang='grc' dir='ltr'>ἀργία</span> <span class='ocrx_word' id='word_1_47' title='bbox 1049 870 1145 922; x_wconf 76' lang='grc' dir='ltr'>καὶ</span> <span class='ocrx_word' id='word_1_48' title='bbox 1173 872 1207 941; x_wconf 79' lang='grc' dir='ltr'>ἡ</span> <span class='ocrx_word' id='word_1_49' title='bbox 1231 871 1410 941; x_wconf 80' lang='grc' dir='ltr'>τρυφὴ</span> <span class='ocrx_word' id='word_1_50' title='bbox 1440 869 1576 940; x_wconf 83' lang='grc' dir='ltr'>πρὸς</span> <span class='ocrx_word' id='word_1_51' title='bbox 1605 869 1870 940; x_wconf 77' lang='grc' dir='ltr'>ἐργασίαν</span> <span class='ocrx_word' id='word_1_52' title='bbox 1904 868 2094 920; x_wconf 82' lang='grc' dir='ltr'>ἀνεπι-</span> 
     </span>
    </p>
   </div>
   <div class='ocr_carea' id='block_1_8' title="bbox 421 955 2094 1028">
    <p class='ocr_par' dir='ltr' id='par_1_8' title="bbox 421 955 2094 1028">
     <span class='ocr_line' id='line_1_8' title="bbox 421 955 2094 1028; baseline -0.002 -19"><span class='ocrx_word' id='word_1_53' title='bbox 421 957 652 1026; x_wconf 83' lang='grc' dir='ltr'>τήδειον,</span> <span class='ocrx_word' id='word_1_54' title='bbox 685 958 822 1028; x_wconf 82' lang='grc' dir='ltr'>πρὸς</span> <span class='ocrx_word' id='word_1_55' title='bbox 849 957 1007 1022; x_wconf 79' lang='grc' dir='ltr'>δόξαν</span> <span class='ocrx_word' id='word_1_56' title='bbox 1059 957 1239 1028; x_wconf 85' lang='grc' dir='ltr'>μόνον,</span> <span class='ocrx_word' id='word_1_57' title='bbox 1272 957 1409 1028; x_wconf 77' lang='grc' dir='ltr'>πρὸς</span> <span class='ocrx_word' id='word_1_58' title='bbox 1462 956 1675 1028; x_wconf 83' lang='grc' dir='ltr'>ἡδονήν.</span> <span class='ocrx_word' id='word_1_59' title='bbox 1733 955 1858 1019; x_wconf 91' lang='grc' dir='ltr'>Πῶς</span> <span class='ocrx_word' id='word_1_60' title='bbox 1893 955 2094 1018; x_wconf 87' lang='grc' dir='ltr'>πάντες</span> 
     </span>
    </p>
   </div>
   <div class='ocr_carea' id='block_1_9' title="bbox 419 1041 2096 1113">
    <p class='ocr_par' dir='ltr' id='par_1_9' title="bbox 419 1041 2096 1113">
     <span class='ocr_line' id='line_1_9' title="bbox 419 1041 2096 1113; baseline -0.001 -17"><span class='ocrx_word' id='word_1_61' title='bbox 419 1045 509 1096; x_wconf 70' lang='grc' dir='ltr'>τίον</span> <span class='ocrx_word' id='word_1_62' title='bbox 531 1044 772 1097; x_wconf 81' lang='grc' dir='ltr'>τοιοῦτον</span> <span class='ocrx_word' id='word_1_63' title='bbox 802 1045 862 1098; x_wconf 83' lang='grc' dir='ltr'>οὐ</span> <span class='ocrx_word' id='word_1_64' title='bbox 884 1045 1348 1112; x_wconf 81' lang='grc' dir='ltr'>καταγνώσονται,</span> <span class='ocrx_word' id='word_1_65' title='bbox 1379 1046 1475 1099; x_wconf 75' lang='grc' dir='ltr'>καὶ</span> <span class='ocrx_word' id='word_1_66' title='bbox 1497 1047 1686 1098; x_wconf 81' lang='grc' dir='ltr'>οἰκεῖοι</span> <span class='ocrx_word' id='word_1_67' title='bbox 1707 1043 1802 1097; x_wconf 70' lang='grc' dir='ltr'>καὶ</span> <span class='ocrx_word' id='word_1_68' title='bbox 1832 1043 1975 1113; x_wconf 86' lang='grc' dir='ltr'>φίλοι</span> <span class='ocrx_word' id='word_1_69' title='bbox 1998 1041 2096 1096; x_wconf 79' lang='grc' dir='ltr'>καὶ</span> 
     </span>
    </p>
   </div>
   <div class='ocr_carea' id='block_1_10' title="bbox 423 1125 2096 1204">
    <p class='ocr_par' dir='ltr' id='par_1_10' title="bbox 423 1125 2096 1204">
     <span class='ocr_line' id='line_1_10' title="bbox 423 1125 2096 1204; baseline -0.001 -21"><span class='ocrx_word' id='word_1_70' title='bbox 423 1133 740 1199; x_wconf 75' lang='grc' dir='ltr'>συγγενεῖςς</span> <span class='ocrx_word' id='word_1_71' title='bbox 803 1132 886 1195; x_wconf 88' lang='grc' dir='ltr'>τίς</span> <span class='ocrx_word' id='word_1_72' title='bbox 925 1132 980 1184; x_wconf 90' lang='grc' dir='ltr'>δέ</span> <span class='ocrx_word' id='word_1_73' title='bbox 1010 1133 1069 1186; x_wconf 87' lang='grc' dir='ltr'>ού</span> <span class='ocrx_word' id='word_1_74' title='bbox 1100 1133 1323 1195; x_wconf 82' lang='grc' dir='ltr'>δικαίως</span> <span class='ocrx_word' id='word_1_75' title='bbox 1364 1134 1499 1204; x_wconf 85' lang='grc' dir='ltr'>ἐρεῖ,</span> <span class='ocrx_word' id='word_1_76' title='bbox 1556 1131 1718 1203; x_wconf 80' lang='grc' dir='ltr'>ἄχθος</span> <span class='ocrx_word' id='word_1_77' title='bbox 1747 1125 1901 1194; x_wconf 76' lang='grc' dir='ltr'>οὗτος</span> <span class='ocrx_word' id='word_1_78' title='bbox 1931 1128 2096 1202; x_wconf 77' lang='grc' dir='ltr'>ἀρούο</span> 
     </span>
    </p>
   </div>
   <div class='ocr_carea' id='block_1_11' title="bbox 424 1216 2096 1291">
    <p class='ocr_par' dir='ltr' id='par_1_11' title="bbox 424 1216 2096 1291">
     <span class='ocr_line' id='line_1_11' title="bbox 424 1216 2096 1291; baseline 0.001 -22"><span class='ocrx_word' id='word_1_79' title='bbox 424 1235 542 1288; x_wconf 88' lang='grc' dir='ltr'>ρας,</span> <span class='ocrx_word' id='word_1_80' title='bbox 566 1219 685 1288; x_wconf 80' lang='grc' dir='ltr'>εἰκῇ</span> <span class='ocrx_word' id='word_1_81' title='bbox 709 1219 982 1289; x_wconf 82' lang='grc' dir='ltr'>παρῆλθεν</span> <span class='ocrx_word' id='word_1_82' title='bbox 1008 1221 1088 1283; x_wconf 89' lang='grc' dir='ltr'>είς</span> <span class='ocrx_word' id='word_1_83' title='bbox 1109 1219 1199 1273; x_wconf 85' lang='grc' dir='ltr'>τὸν</span> <span class='ocrx_word' id='word_1_84' title='bbox 1223 1221 1427 1291; x_wconf 80' lang='grc' dir='ltr'>κόσμον</span> <span class='ocrx_word' id='word_1_85' title='bbox 1453 1221 1483 1273; x_wconf 98' lang='lat'>6</span> <span class='ocrx_word' id='word_1_86' title='bbox 1510 1217 1752 1283; x_wconf 81' lang='grc' dir='ltr'>τοιοῦτος</span> <span class='ocrx_word' id='word_1_87' title='bbox 1776 1235 1789 1249; x_wconf 69' lang='grc' dir='ltr'><strong>υ</strong></span> <span class='ocrx_word' id='word_1_88' title='bbox 1821 1216 2021 1289; x_wconf 81' lang='grc' dir='ltr'>μᾶλλον</span> <span class='ocrx_word' id='word_1_89' title='bbox 2037 1217 2096 1270; x_wconf 85' lang='grc' dir='ltr'>δέ</span> 
     </span>
    </p>
   </div>
   <div class='ocr_carea' id='block_1_12' title="bbox 421 1302 2098 1378">
    <p class='ocr_par' dir='ltr' id='par_1_12' title="bbox 421 1302 2098 1378">
     <span class='ocr_line' id='line_1_12' title="bbox 421 1302 2098 1378; baseline 0.001 -23"><span class='ocrx_word' id='word_1_90' title='bbox 421 1305 521 1356; x_wconf 81' lang='grc' dir='ltr'>οὐκ</span> <span class='ocrx_word' id='word_1_91' title='bbox 551 1306 694 1374; x_wconf 85' lang='grc' dir='ltr'>εἰκῇ,</span> <span class='ocrx_word' id='word_1_92' title='bbox 730 1305 868 1358; x_wconf 81' lang='grc' dir='ltr'>ἀλλὰ</span> <span class='ocrx_word' id='word_1_93' title='bbox 895 1305 993 1359; x_wconf 75' lang='grc' dir='ltr'>καὶ</span> <span class='ocrx_word' id='word_1_94' title='bbox 1021 1307 1114 1359; x_wconf 73' lang='grc' dir='ltr'>ἐπὶ</span> <span class='ocrx_word' id='word_1_95' title='bbox 1160 1305 1313 1378; x_wconf 87' lang='grc' dir='ltr'>κακῷ</span> <span class='ocrx_word' id='word_1_96' title='bbox 1341 1307 1442 1374; x_wconf 84' lang='grc' dir='ltr'>τῆς</span> <span class='ocrx_word' id='word_1_97' title='bbox 1491 1305 1686 1360; x_wconf 76' lang='grc' dir='ltr'>ἐαυτοῦ</span> <span class='ocrx_word' id='word_1_98' title='bbox 1708 1305 1970 1376; x_wconf 81' lang='grc' dir='ltr'>κεφαλῆς,</span> <span class='ocrx_word' id='word_1_99' title='bbox 2001 1302 2098 1358; x_wconf 73' lang='grc' dir='ltr'>ἐπὶ</span> 
     </span>
    </p>
   </div>
   <div class='ocr_carea' id='block_1_13' title="bbox 421 1389 2096 1466">
    <p class='ocr_par' dir='ltr' id='par_1_13' title="bbox 421 1389 2096 1466">
     <span class='ocr_line' id='line_1_13' title="bbox 421 1389 2096 1466; baseline 0.002 -24"><span class='ocrx_word' id='word_1_100' title='bbox 421 1389 570 1464; x_wconf 78' lang='grc' dir='ltr'>λύμῃ</span> <span class='ocrx_word' id='word_1_101' title='bbox 598 1391 721 1464; x_wconf 76' lang='grc' dir='ltr'>ἰδίᾳ,</span> <span class='ocrx_word' id='word_1_102' title='bbox 747 1393 840 1445; x_wconf 75' lang='grc' dir='ltr'>ἐπὶ</span> <span class='ocrx_word' id='word_1_103' title='bbox 879 1392 1051 1466; x_wconf 82' lang='grc' dir='ltr'>βλάϐῃ</span> <span class='ocrx_word' id='word_1_104' title='bbox 1087 1394 1324 1466; x_wconf 87' lang='grc' dir='ltr'>ἐτέρων;</span> <span class='ocrx_word' id='word_1_105' title='bbox 1361 1395 1426 1447; x_wconf 90' lang='grc' dir='ltr'>Τί</span> <span class='ocrx_word' id='word_1_106' title='bbox 1456 1389 1548 1447; x_wconf 78' lang='grc' dir='ltr'>οὖν</span> <span class='ocrx_word' id='word_1_107' title='bbox 1586 1394 1734 1466; x_wconf 76' lang='grc' dir='ltr'>ἥδιον</span> <span class='ocrx_word' id='word_1_108' title='bbox 1766 1393 1926 1465; x_wconf 80' lang='grc' dir='ltr'>αὐτῇ,</span> <span class='ocrx_word' id='word_1_109' title='bbox 1971 1392 2096 1446; x_wconf 78' lang='grc' dir='ltr'>ἴδω-</span> 
     </span>
    </p>
   </div>
   <div class='ocr_carea' id='block_1_14' title="bbox 427 1467 2094 1554">
    <p class='ocr_par' dir='ltr' id='par_1_14' title="bbox 427 1467 2094 1554">
     <span class='ocr_line' id='line_1_14' title="bbox 427 1467 2094 1554; baseline 0.001 -23"><span class='ocrx_word' id='word_1_110' title='bbox 427 1496 526 1549; x_wconf 90' lang='grc' dir='ltr'>μεν</span> <span class='ocrx_word' id='word_1_111' title='bbox 543 1495 556 1509; x_wconf 89' lang='grc'><strong>·</strong></span> <span class='ocrx_word' id='word_1_112' title='bbox 600 1479 757 1533; x_wconf 83' lang='grc' dir='ltr'>τοῦτο</span> <span class='ocrx_word' id='word_1_113' title='bbox 783 1467 1030 1552; x_wconf 63' lang='grc' dir='ltr'>γάρ’ἐστι</span> <span class='ocrx_word' id='word_1_114' title='bbox 1057 1481 1117 1535; x_wconf 78' lang='grc' dir='ltr'>τὸ</span> <span class='ocrx_word' id='word_1_115' title='bbox 1140 1480 1494 1552; x_wconf 78' lang='grc' dir='ltr'>ζητούμενον,</span> <span class='ocrx_word' id='word_1_116' title='bbox 1521 1481 1684 1554; x_wconf 80' lang='grc' dir='ltr'>σχολὴ</span> <span class='ocrx_word' id='word_1_117' title='bbox 1711 1482 1806 1536; x_wconf 78' lang='grc' dir='ltr'>καὶ</span> <span class='ocrx_word' id='word_1_118' title='bbox 1831 1479 2094 1552; x_wconf 80' lang='grc' dir='ltr'>ἀπραξία.</span> 
     </span>
    </p>
   </div>
   <div class='ocr_carea' id='block_1_15' title="bbox 422 1567 2097 1642">
    <p class='ocr_par' dir='ltr' id='par_1_15' title="bbox 422 1567 2097 1642">
     <span class='ocr_line' id='line_1_15' title="bbox 422 1567 2097 1642; baseline 0 -22"><span class='ocrx_word' id='word_1_119' title='bbox 422 1567 533 1620; x_wconf 62' lang='lat' dir='ltr'>Kal</span> <span class='ocrx_word' id='word_1_120' title='bbox 564 1567 617 1621; x_wconf 81' lang='grc' dir='ltr'>τί</span> <span class='ocrx_word' id='word_1_121' title='bbox 651 1569 974 1641; x_wconf 86' lang='grc' dir='ltr'>ἀηδέστερον</span> <span class='ocrx_word' id='word_1_122' title='bbox 1011 1569 1208 1638; x_wconf 84' lang='grc' dir='ltr'>γένοιτ’</span> <span class='ocrx_word' id='word_1_123' title='bbox 1239 1570 1305 1623; x_wconf 85' lang='grc' dir='ltr'>ἂν</span> <span class='ocrx_word' id='word_1_124' title='bbox 1346 1569 1633 1642; x_wconf 87' lang='grc' dir='ltr'>ἀνθρώπου</span> <span class='ocrx_word' id='word_1_125' title='bbox 1683 1569 1836 1622; x_wconf 73' lang='grc' dir='ltr'>οὐδὲν</span> <span class='ocrx_word' id='word_1_126' title='bbox 1880 1567 2097 1638; x_wconf 76' lang='grc' dir='ltr'>ἔχοντος</span> 
     </span>
    </p>
   </div>
   <div class='ocr_carea' id='block_1_16' title="bbox 424 1654 2097 1728">
    <p class='ocr_par' dir='ltr' id='par_1_16' title="bbox 424 1654 2097 1728">
     <span class='ocr_line' id='line_1_16' title="bbox 424 1654 2097 1728; baseline 0 -22"><span class='ocrx_word' id='word_1_127' title='bbox 424 1657 628 1720; x_wconf 87' lang='grc' dir='ltr'>ποιεῖν;</span> <span class='ocrx_word' id='word_1_128' title='bbox 669 1655 721 1710; x_wconf 92' lang='grc' dir='ltr'>τί</span> <span class='ocrx_word' id='word_1_129' title='bbox 777 1656 1198 1728; x_wconf 79' lang='grc' dir='ltr'>μοχθηρότερον,</span> <span class='ocrx_word' id='word_1_130' title='bbox 1251 1656 1305 1710; x_wconf 88' lang='grc' dir='ltr'>τί</span> <span class='ocrx_word' id='word_1_131' title='bbox 1341 1655 1844 1727; x_wconf 84' lang='grc' dir='ltr'>ταλαιπωρότερον;</span> <span class='ocrx_word' id='word_1_132' title='bbox 1889 1654 2097 1725; x_wconf 80' lang='grc' dir='ltr'>μυρίων</span> 
     </span>
    </p>
   </div>
   <div class='ocr_carea' id='block_1_17' title="bbox 422 1739 2096 1814">
    <p class='ocr_par' dir='ltr' id='par_1_17' title="bbox 422 1739 2096 1814">
     <span class='ocr_line' id='line_1_17' title="bbox 422 1739 2096 1814; baseline -0.001 -21"><span class='ocrx_word' id='word_1_133' title='bbox 422 1741 482 1794; x_wconf 82' lang='grc' dir='ltr'>ού</span> <span class='ocrx_word' id='word_1_134' title='bbox 512 1744 689 1814; x_wconf 86' lang='grc' dir='ltr'>χεῖρον</span> <span class='ocrx_word' id='word_1_135' title='bbox 718 1742 876 1796; x_wconf 82' lang='grc' dir='ltr'>τοῦτο</span> <span class='ocrx_word' id='word_1_136' title='bbox 902 1743 1140 1814; x_wconf 85' lang='grc' dir='ltr'>δεσμῶν,</span> <span class='ocrx_word' id='word_1_137' title='bbox 1176 1744 1490 1814; x_wconf 84' lang='grc' dir='ltr'>χασμᾶσθαι</span> <span class='ocrx_word' id='word_1_138' title='bbox 1517 1742 1612 1796; x_wconf 71' lang='grc' dir='ltr'>καὶ</span> <span class='ocrx_word' id='word_1_139' title='bbox 1662 1740 1946 1811; x_wconf 81' lang='grc' dir='ltr'>κεχηνέναι</span> <span class='ocrx_word' id='word_1_140' title='bbox 1979 1739 2096 1792; x_wconf 85' lang='grc' dir='ltr'>δια-</span> 
     </span>
    </p>
   </div>
   <div class='ocr_carea' id='block_1_18' title="bbox 423 1830 2099 1904">
    <p class='ocr_par' dir='ltr' id='par_1_18' title="bbox 423 1830 2099 1904">
     <span class='ocr_line' id='line_1_18' title="bbox 423 1830 2099 1904; baseline -0.001 -23"><span class='ocrx_word' id='word_1_141' title='bbox 423 1830 624 1895; x_wconf 82' lang='grc' dir='ltr'>παντὸς</span> <span class='ocrx_word' id='word_1_142' title='bbox 658 1831 751 1884; x_wconf 79' lang='grc' dir='ltr'>ἐπὶ</span> <span class='ocrx_word' id='word_1_143' title='bbox 780 1831 880 1901; x_wconf 79' lang='grc' dir='ltr'>τῆς</span> <span class='ocrx_word' id='word_1_144' title='bbox 913 1833 1118 1903; x_wconf 78' lang='grc' dir='ltr'>ἀγορᾶς</span> <span class='ocrx_word' id='word_1_145' title='bbox 1168 1833 1472 1904; x_wconf 85' lang='grc' dir='ltr'>καθήμενον</span> <span class='ocrx_word' id='word_1_146' title='bbox 1520 1830 1732 1902; x_wconf 85' lang='grc' dir='ltr'>ὁρῶντα</span> <span class='ocrx_word' id='word_1_147' title='bbox 1776 1830 1902 1892; x_wconf 83' lang='grc' dir='ltr'>τοὺς</span> <span class='ocrx_word' id='word_1_148' title='bbox 1959 1845 2099 1898; x_wconf 84' lang='grc' dir='ltr'>παρ-</span> 
     </span>
    </p>
   </div>
   <div class='ocr_carea' id='block_1_19' title="bbox 429 1915 2102 1991">
    <p class='ocr_par' dir='ltr' id='par_1_19' title="bbox 429 1915 2102 1991">
     <span class='ocr_line' id='line_1_19' title="bbox 429 1915 2102 1991; baseline -0.002 -20"><span class='ocrx_word' id='word_1_149' title='bbox 429 1917 634 1984; x_wconf 85' lang='grc' dir='ltr'>ιόντας;</span> <span class='ocrx_word' id='word_1_150' title='bbox 661 1918 725 1971; x_wconf 86' lang='grc' dir='ltr'><strong>Ἦ</strong></span> <span class='ocrx_word' id='word_1_151' title='bbox 744 1920 848 1991; x_wconf 78' lang='grc' dir='ltr'>γάρ</span> <span class='ocrx_word' id='word_1_152' title='bbox 873 1919 1017 1990; x_wconf 76' lang='grc' dir='ltr'>ψυχὴ</span> <span class='ocrx_word' id='word_1_153' title='bbox 1049 1919 1208 1988; x_wconf 90' lang='grc' dir='ltr'>φύσιν</span> <span class='ocrx_word' id='word_1_154' title='bbox 1231 1919 1428 1990; x_wconf 76' lang='grc' dir='ltr'>ἔχουσα</span> <span class='ocrx_word' id='word_1_155' title='bbox 1453 1918 1546 1972; x_wconf 78' lang='grc' dir='ltr'>τοῦ</span> <span class='ocrx_word' id='word_1_156' title='bbox 1586 1916 1850 1972; x_wconf 87' lang='grc' dir='ltr'>κινεῖσθαι</span> <span class='ocrx_word' id='word_1_157' title='bbox 1880 1915 2102 1970; x_wconf 79' lang='grc' dir='ltr'>διαπανο</span> 
     </span>
    </p>
   </div>
   <div class='ocr_carea' id='block_1_20' title="bbox 424 2003 2100 2078">
    <p class='ocr_par' dir='ltr' id='par_1_20' title="bbox 424 2003 2100 2078">
     <span class='ocr_line' id='line_1_20' title="bbox 424 2003 2100 2078; baseline -0.002 -20"><span class='ocrx_word' id='word_1_158' title='bbox 424 2005 536 2071; x_wconf 82' lang='grc' dir='ltr'>τὸς,</span> <span class='ocrx_word' id='word_1_159' title='bbox 579 2007 678 2061; x_wconf 80' lang='grc' dir='ltr'>ούκ</span> <span class='ocrx_word' id='word_1_160' title='bbox 710 2008 962 2077; x_wconf 84' lang='grc' dir='ltr'>ἀνέχεται</span> <span class='ocrx_word' id='word_1_161' title='bbox 1012 2009 1258 2078; x_wconf 70' lang='grc' dir='ltr'>ἠρεμεῖν.</span> <span class='ocrx_word' id='word_1_162' title='bbox 1300 2008 1652 2078; x_wconf 86' lang='grc' dir='ltr'>Ἐμπρακτον</span> <span class='ocrx_word' id='word_1_163' title='bbox 1679 2005 1740 2058; x_wconf 76' lang='grc' dir='ltr'>τὸ</span> <span class='ocrx_word' id='word_1_164' title='bbox 1777 2003 1915 2070; x_wconf 81' lang='grc' dir='ltr'>ζῶον</span> <span class='ocrx_word' id='word_1_165' title='bbox 1941 2003 2100 2057; x_wconf 79' lang='grc' dir='ltr'>τοῦτο</span> 
     </span>
    </p>
   </div>
   <div class='ocr_carea' id='block_1_21' title="bbox 425 2091 2102 2165">
    <p class='ocr_par' dir='ltr' id='par_1_21' title="bbox 425 2091 2102 2165">
     <span class='ocr_line' id='line_1_21' title="bbox 425 2091 2102 2165; baseline -0.001 -20"><span class='ocrx_word' id='word_1_166' title='bbox 425 2093 678 2164; x_wconf 82' lang='grc' dir='ltr'>ἐποίησεν</span> <span class='ocrx_word' id='word_1_167' title='bbox 703 2095 730 2147; x_wconf 93' lang='lat'>6</span> <span class='ocrx_word' id='word_1_168' title='bbox 776 2095 927 2160; x_wconf 70' lang='grc' dir='ltr'>Θεὸς,</span> <span class='ocrx_word' id='word_1_169' title='bbox 956 2095 1051 2148; x_wconf 75' lang='grc' dir='ltr'>καὶ</span> <span class='ocrx_word' id='word_1_170' title='bbox 1077 2094 1217 2148; x_wconf 80' lang='grc' dir='ltr'>κατὰ</span> <span class='ocrx_word' id='word_1_171' title='bbox 1252 2096 1414 2164; x_wconf 90' lang='grc' dir='ltr'>φύσιν</span> <span class='ocrx_word' id='word_1_172' title='bbox 1444 2093 1591 2165; x_wconf 86' lang='grc' dir='ltr'>αύτῷ</span> <span class='ocrx_word' id='word_1_173' title='bbox 1636 2095 1751 2146; x_wconf 89' lang='grc' dir='ltr'>ἐστι</span> <span class='ocrx_word' id='word_1_174' title='bbox 1777 2092 1837 2145; x_wconf 83' lang='grc' dir='ltr'>τὸ</span> <span class='ocrx_word' id='word_1_175' title='bbox 1868 2091 2102 2163; x_wconf 80' lang='grc' dir='ltr'>ἐργάζε-</span> 
     </span>
    </p>
   </div>
   <div class='ocr_carea' id='block_1_22' title="bbox 429 2180 2102 2254">
    <p class='ocr_par' dir='ltr' id='par_1_22' title="bbox 429 2180 2102 2254">
     <span class='ocr_line' id='line_1_22' title="bbox 429 2180 2102 2254; baseline -0.001 -20"><span class='ocrx_word' id='word_1_176' title='bbox 429 2181 575 2246; x_wconf 87' lang='grc' dir='ltr'>σθαι,</span> <span class='ocrx_word' id='word_1_177' title='bbox 613 2181 762 2253; x_wconf 84' lang='grc' dir='ltr'>παρά</span> <span class='ocrx_word' id='word_1_178' title='bbox 786 2182 947 2251; x_wconf 83' lang='grc' dir='ltr'>φύσιν</span> <span class='ocrx_word' id='word_1_179' title='bbox 980 2183 1036 2236; x_wconf 81' lang='grc' dir='ltr'>δὲ</span> <span class='ocrx_word' id='word_1_180' title='bbox 1073 2183 1134 2234; x_wconf 83' lang='grc' dir='ltr'>τὸ</span> <span class='ocrx_word' id='word_1_181' title='bbox 1171 2183 1381 2254; x_wconf 81' lang='grc' dir='ltr'>ἀργεῖν.</span> <span class='ocrx_word' id='word_1_182' title='bbox 1411 2183 1501 2253; x_wconf 82' lang='grc' dir='ltr'>Μὴ</span> <span class='ocrx_word' id='word_1_183' title='bbox 1529 2181 1637 2236; x_wconf 81' lang='grc' dir='ltr'>ἀπὸ</span> <span class='ocrx_word' id='word_1_184' title='bbox 1660 2181 1764 2234; x_wconf 88' lang='grc' dir='ltr'>τῶν</span> <span class='ocrx_word' id='word_1_185' title='bbox 1801 2180 2102 2233; x_wconf 79' lang='grc' dir='ltr'>νοσούντων</span> 
     </span>
    </p>
   </div>
   <div class='ocr_carea' id='block_1_23' title="bbox 426 2269 2104 2342">
    <p class='ocr_par' dir='ltr' id='par_1_23' title="bbox 426 2269 2104 2342">
     <span class='ocr_line' id='line_1_23' title="bbox 426 2269 2104 2342; baseline -0.002 -20"><span class='ocrx_word' id='word_1_186' title='bbox 426 2269 496 2322; x_wconf 81' lang='grc' dir='ltr'>τά</span> <span class='ocrx_word' id='word_1_187' title='bbox 530 2271 826 2340; x_wconf 85' lang='grc' dir='ltr'>πράγματα</span> <span class='ocrx_word' id='word_1_188' title='bbox 848 2271 1252 2342; x_wconf 78' lang='grc' dir='ltr'>δοκιμάζωμεν,</span> <span class='ocrx_word' id='word_1_189' title='bbox 1277 2270 1412 2324; x_wconf 87' lang='grc' dir='ltr'>ἀλλά</span> <span class='ocrx_word' id='word_1_190' title='bbox 1429 2269 1522 2324; x_wconf 81' lang='grc' dir='ltr'>τοῦ</span> <span class='ocrx_word' id='word_1_191' title='bbox 1553 2270 1878 2340; x_wconf 85' lang='grc' dir='ltr'>πράγματος</span> <span class='ocrx_word' id='word_1_192' title='bbox 1908 2269 2104 2338; x_wconf 88' lang='grc' dir='ltr'>πεῖραν</span> 
     </span>
    </p>
   </div>
   <div class='ocr_carea' id='block_1_24' title="bbox 427 2354 2100 2428">
    <p class='ocr_par' dir='ltr' id='par_1_24' title="bbox 427 2354 2100 2428">
     <span class='ocr_line' id='line_1_24' title="bbox 427 2354 2100 2428; baseline 0.001 -21"><span class='ocrx_word' id='word_1_193' title='bbox 427 2354 700 2425; x_wconf 80' lang='grc' dir='ltr'>λάϐωμεν.</span> <span class='ocrx_word' id='word_1_194' title='bbox 752 2357 914 2410; x_wconf 74' lang='grc' dir='ltr'>Οὐδὲν</span> <span class='ocrx_word' id='word_1_195' title='bbox 970 2358 1167 2428; x_wconf 77' lang='grc' dir='ltr'>σχολῆς</span> <span class='ocrx_word' id='word_1_196' title='bbox 1221 2356 1643 2428; x_wconf 79' lang='grc' dir='ltr'>μοχθηρότερον,</span> <span class='ocrx_word' id='word_1_197' title='bbox 1698 2355 1849 2409; x_wconf 77' lang='grc' dir='ltr'>οὺδέν</span> <span class='ocrx_word' id='word_1_198' title='bbox 1884 2355 2100 2425; x_wconf 86' lang='grc' dir='ltr'>ἀργίας·</span> 
     </span>
    </p>
   </div>
   <div class='ocr_carea' id='block_1_25' title="bbox 426 2443 2107 2517">
    <p class='ocr_par' dir='ltr' id='par_1_25' title="bbox 426 2443 2107 2517">
     <span class='ocr_line' id='line_1_25' title="bbox 426 2443 2107 2517; baseline 0.001 -23"><span class='ocrx_word' id='word_1_199' title='bbox 426 2443 524 2496; x_wconf 80' lang='grc' dir='ltr'>Διά</span> <span class='ocrx_word' id='word_1_200' title='bbox 561 2444 718 2498; x_wconf 82' lang='grc' dir='ltr'>τούτο</span> <span class='ocrx_word' id='word_1_201' title='bbox 753 2447 831 2507; x_wconf 88' lang='grc' dir='ltr'>είς</span> <span class='ocrx_word' id='word_1_202' title='bbox 892 2446 1138 2516; x_wconf 85' lang='grc' dir='ltr'>ἀνάγκην</span> <span class='ocrx_word' id='word_1_203' title='bbox 1198 2447 1343 2517; x_wconf 80' lang='grc' dir='ltr'>ἡμᾶς</span> <span class='ocrx_word' id='word_1_204' title='bbox 1401 2444 1736 2514; x_wconf 82' lang='grc' dir='ltr'>κατέστησεν</span> <span class='ocrx_word' id='word_1_205' title='bbox 1785 2443 2049 2514; x_wconf 79' lang='grc' dir='ltr'>ἐργασίας</span> <span class='ocrx_word' id='word_1_206' title='bbox 2077 2443 2107 2494; x_wconf 90' lang='lat'>6</span> 
     </span>
    </p>
   </div>
   <div class='ocr_carea' id='block_1_26' title="bbox 1173 311 3057 374">
    <p class='ocr_par' dir='ltr' id='par_1_26' title="bbox 1173 311 3057 374">
     <span class='ocr_line' id='line_1_26' title="bbox 1173 311 3057 374; baseline -0.001 -1"><span class='ocrx_word' id='word_1_207' title='bbox 1173 317 1232 373; x_wconf 90' lang='lat' dir='ltr'>S.</span> <span class='ocrx_word' id='word_1_208' title='bbox 1285 314 1573 374; x_wconf 79' lang='lat' dir='ltr'>JOANNIS</span> <span class='ocrx_word' id='word_1_209' title='bbox 1613 314 2107 374; x_wconf 79' lang='lat' dir='ltr'>CHRYSOSTOMI</span> <span class='ocrx_word' id='word_1_210' title='bbox 2141 313 2463 372; x_wconf 79' lang='lat' dir='ltr'>ARCHIEP.</span> <span class='ocrx_word' id='word_1_211' title='bbox 2504 311 3057 372; x_wconf 77' lang='lat' dir='ltr'>CONSTANTlNOP.</span> 
     </span>
    </p>
   </div>
   <div class='ocr_carea' id='block_1_27' title="bbox 3763 311 3880 365">
    <p class='ocr_par' dir='ltr' id='par_1_27' title="bbox 3763 311 3880 365">
     <span class='ocr_line' id='line_1_27' title="bbox 3763 311 3880 365; baseline -0.034 0"><span class='ocrx_word' id='word_1_212' title='bbox 3763 311 3880 365; x_wconf 69' lang='lat'>238</span> 
     </span>
    </p>
   </div>
   <div class='ocr_carea' id='block_1_28' title="bbox 2191 424 3884 503">
    <p class='ocr_par' dir='ltr' id='par_1_28' title="bbox 2191 424 3884 503">
     <span class='ocr_line' id='line_1_28' title="bbox 2191 424 3884 503; baseline 0 -18"><span class='ocrx_word' id='word_1_213' title='bbox 2191 432 2344 496; x_wconf 82' lang='grc' dir='ltr'>θεός.</span> <span class='ocrx_word' id='word_1_214' title='bbox 2399 433 2583 488; x_wconf 81' lang='grc' dir='ltr'>Πάντα</span> <span class='ocrx_word' id='word_1_215' title='bbox 2627 430 2733 503; x_wconf 83' lang='grc' dir='ltr'>γάρ</span> <span class='ocrx_word' id='word_1_216' title='bbox 2780 433 2813 502; x_wconf 80' lang='grc' dir='ltr'>η</span> <span class='ocrx_word' id='word_1_217' title='bbox 2864 429 3031 500; x_wconf 79' lang='grc' dir='ltr'>ἀργία</span> <span class='ocrx_word' id='word_1_218' title='bbox 3064 424 3313 497; x_wconf 85' lang='grc' dir='ltr'>βλάπτει,</span> <span class='ocrx_word' id='word_1_219' title='bbox 3351 427 3445 481; x_wconf 76' lang='grc' dir='ltr'>καὶ</span> <span class='ocrx_word' id='word_1_220' title='bbox 3495 427 3563 482; x_wconf 77' lang='grc' dir='ltr'>τὰ</span> <span class='ocrx_word' id='word_1_221' title='bbox 3595 429 3734 501; x_wconf 81' lang='grc' dir='ltr'>μέλη</span> <span class='ocrx_word' id='word_1_222' title='bbox 3781 429 3884 484; x_wconf 77' lang='grc' dir='ltr'>τοῦ</span> 
     </span>
    </p>
   </div>
   <div class='ocr_carea' id='block_1_29' title="bbox 2195 515 3886 590">
    <p class='ocr_par' dir='ltr' id='par_1_29' title="bbox 2195 515 3886 590">
     <span class='ocr_line' id='line_1_29' title="bbox 2195 515 3886 590; baseline 0 -18"><span class='ocrx_word' id='word_1_223' title='bbox 2195 519 2444 590; x_wconf 88' lang='grc' dir='ltr'>σώματος</span> <span class='ocrx_word' id='word_1_224' title='bbox 2513 521 2651 575; x_wconf 71' lang='grc' dir='ltr'>αὐτὰ</span> <span class='ocrx_word' id='word_1_225' title='bbox 2721 518 2946 590; x_wconf 82' lang='grc' dir='ltr'>βλάπτει</span> <span class='ocrx_word' id='word_1_226' title='bbox 2998 535 3113 580; x_wconf 87' lang='grc' dir='ltr'>πως</span> <span class='ocrx_word' id='word_1_227' title='bbox 3167 517 3201 586; x_wconf 86' lang='grc' dir='ltr'>ή</span> <span class='ocrx_word' id='word_1_228' title='bbox 3251 515 3439 586; x_wconf 84' lang='grc' dir='ltr'>ἀργία.</span> <span class='ocrx_word' id='word_1_229' title='bbox 3491 518 3601 571; x_wconf 80' lang='grc' dir='ltr'>Καὶ</span> <span class='ocrx_word' id='word_1_230' title='bbox 3635 518 3746 590; x_wconf 84' lang='grc' dir='ltr'>γὰρ</span> <span class='ocrx_word' id='word_1_231' title='bbox 3783 519 3886 572; x_wconf 76' lang='grc' dir='ltr'>καὶ</span> 
     </span>
    </p>
   </div>
   <div class='ocr_carea' id='block_1_30' title="bbox 2193 603 3884 679">
    <p class='ocr_par' dir='ltr' id='par_1_30' title="bbox 2193 603 3884 679">
     <span class='ocr_line' id='line_1_30' title="bbox 2193 603 3884 679; baseline -0.002 -18"><span class='ocrx_word' id='word_1_232' title='bbox 2193 607 2470 679; x_wconf 78' lang='grc' dir='ltr'>ὀφθαλμὸς</span> <span class='ocrx_word' id='word_1_233' title='bbox 2485 609 2533 661; x_wconf 89' lang='grc' dir='ltr'>εί</span> <span class='ocrx_word' id='word_1_234' title='bbox 2557 607 2634 678; x_wconf 82' lang='grc' dir='ltr'>μὴ</span> <span class='ocrx_word' id='word_1_235' title='bbox 2654 607 2938 678; x_wconf 73' lang='grc' dir='ltr'>ἐργάζοιτο</span> <span class='ocrx_word' id='word_1_236' title='bbox 2953 604 3013 658; x_wconf 86' lang='grc' dir='ltr'>τὸ</span> <span class='ocrx_word' id='word_1_237' title='bbox 3036 603 3223 666; x_wconf 81' lang='grc' dir='ltr'>αὑτοῦ,</span> <span class='ocrx_word' id='word_1_238' title='bbox 3256 603 3406 676; x_wconf 69' lang='grc'><strong>[274]</strong></span> <span class='ocrx_word' id='word_1_239' title='bbox 3430 605 3522 658; x_wconf 77' lang='grc' dir='ltr'>καὶ</span> <span class='ocrx_word' id='word_1_240' title='bbox 3554 607 3755 677; x_wconf 88' lang='grc' dir='ltr'>στόμα,</span> <span class='ocrx_word' id='word_1_241' title='bbox 3783 608 3884 660; x_wconf 76' lang='grc' dir='ltr'>καὶ</span> 
     </span>
    </p>
   </div>
   <div class='ocr_carea' id='block_1_31' title="bbox 2193 691 3884 766">
    <p class='ocr_par' dir='ltr' id='par_1_31' title="bbox 2193 691 3884 766">
     <span class='ocr_line' id='line_1_31' title="bbox 2193 691 3884 766; baseline -0.001 -18"><span class='ocrx_word' id='word_1_242' title='bbox 2193 695 2403 766; x_wconf 82' lang='grc' dir='ltr'>γαστὴρ</span> <span class='ocrx_word' id='word_1_243' title='bbox 2433 696 2526 748; x_wconf 75' lang='grc' dir='ltr'>καὶ</span> <span class='ocrx_word' id='word_1_244' title='bbox 2557 696 2685 757; x_wconf 79' lang='grc' dir='ltr'>πᾶν,</span> <span class='ocrx_word' id='word_1_245' title='bbox 2724 694 2752 746; x_wconf 87' lang='grc' dir='ltr'>δ</span> <span class='ocrx_word' id='word_1_246' title='bbox 2773 711 2825 745; x_wconf 89' lang='grc' dir='ltr'>τι</span> <span class='ocrx_word' id='word_1_247' title='bbox 2854 692 2920 746; x_wconf 82' lang='grc' dir='ltr'>ἂν</span> <span class='ocrx_word' id='word_1_248' title='bbox 2955 691 3100 744; x_wconf 78' lang='grc' dir='ltr'>εἴποι</span> <span class='ocrx_word' id='word_1_249' title='bbox 3123 709 3206 754; x_wconf 90' lang='grc' dir='ltr'>τις</span> <span class='ocrx_word' id='word_1_250' title='bbox 3238 691 3346 744; x_wconf 89' lang='grc' dir='ltr'>τῶν</span> <span class='ocrx_word' id='word_1_251' title='bbox 3371 693 3573 761; x_wconf 88' lang='grc' dir='ltr'>μελῶν,</span> <span class='ocrx_word' id='word_1_252' title='bbox 3611 694 3690 757; x_wconf 87' lang='grc' dir='ltr'>είς</span> <span class='ocrx_word' id='word_1_253' title='bbox 3722 695 3884 748; x_wconf 86' lang='grc' dir='ltr'>νόσον</span> 
     </span>
    </p>
   </div>
   <div class='ocr_carea' id='block_1_32' title="bbox 2193 778 3876 854">
    <p class='ocr_par' dir='ltr' id='par_1_32' title="bbox 2193 778 3876 854">
     <span class='ocr_line' id='line_1_32' title="bbox 2193 778 3876 854; baseline -0.001 -20"><span class='ocrx_word' id='word_1_254' title='bbox 2193 782 2454 854; x_wconf 79' lang='grc' dir='ltr'>ἐμπίπτει</span> <span class='ocrx_word' id='word_1_255' title='bbox 2485 781 2581 854; x_wconf 85' lang='grc' dir='ltr'>τὴν</span> <span class='ocrx_word' id='word_1_256' title='bbox 2625 782 2891 852; x_wconf 57' lang='grc' dir='ltr'>ἐσχάτην</span> <span class='ocrx_word' id='word_1_257' title='bbox 2941 779 3092 832; x_wconf 71' lang='grc' dir='ltr'>οὐδὲν</span> <span class='ocrx_word' id='word_1_258' title='bbox 3137 779 3196 831; x_wconf 85' lang='grc' dir='ltr'>δὲ</span> <span class='ocrx_word' id='word_1_259' title='bbox 3259 778 3453 842; x_wconf 79' lang='grc' dir='ltr'>οὓτως,</span> <span class='ocrx_word' id='word_1_260' title='bbox 3489 780 3565 844; x_wconf 84' lang='grc' dir='ltr'>ὡς</span> <span class='ocrx_word' id='word_1_261' title='bbox 3626 782 3660 851; x_wconf 81' lang='grc' dir='ltr'><strong>ἡ</strong></span> <span class='ocrx_word' id='word_1_262' title='bbox 3698 781 3876 853; x_wconf 74' lang='grc' dir='ltr'>ψυχή,</span> 
     </span>
    </p>
   </div>
   <div class='ocr_carea' id='block_1_33' title="bbox 2194 867 3879 943">
    <p class='ocr_par' dir='ltr' id='par_1_33' title="bbox 2194 867 3879 943">
     <span class='ocr_line' id='line_1_33' title="bbox 2194 867 3879 943; baseline 0.001 -20"><span class='ocrx_word' id='word_1_263' title='bbox 2194 870 2406 943; x_wconf 78' lang='grc' dir='ltr'>Ὠσπερ</span> <span class='ocrx_word' id='word_1_264' title='bbox 2452 871 2511 925; x_wconf 88' lang='grc' dir='ltr'>δέ</span> <span class='ocrx_word' id='word_1_265' title='bbox 2539 870 2708 942; x_wconf 82' lang='grc' dir='ltr'>ἀργία</span> <span class='ocrx_word' id='word_1_266' title='bbox 2748 869 2938 930; x_wconf 77' lang='grc' dir='ltr'>κακὸν,</span> <span class='ocrx_word' id='word_1_267' title='bbox 2971 867 3113 922; x_wconf 77' lang='grc' dir='ltr'>οὕτω</span> <span class='ocrx_word' id='word_1_268' title='bbox 3143 868 3236 922; x_wconf 71' lang='grc' dir='ltr'>καὶ</span> <span class='ocrx_word' id='word_1_269' title='bbox 3269 870 3499 940; x_wconf 84' lang='grc' dir='ltr'>ἐργασία</span> <span class='ocrx_word' id='word_1_270' title='bbox 3527 872 3560 940; x_wconf 79' lang='grc' dir='ltr'>η</span> <span class='ocrx_word' id='word_1_271' title='bbox 3593 871 3670 942; x_wconf 77' lang='grc' dir='ltr'>μὴ</span> <span class='ocrx_word' id='word_1_272' title='bbox 3705 889 3879 942; x_wconf 82' lang='grc' dir='ltr'>προσ-</span> 
     </span>
    </p>
   </div>
   <div class='ocr_carea' id='block_1_34' title="bbox 2193 955 3880 1031">
    <p class='ocr_par' dir='ltr' id='par_1_34' title="bbox 2193 955 3880 1031">
     <span class='ocr_line' id='line_1_34' title="bbox 2193 955 3880 1031; baseline -0.001 -19"><span class='ocrx_word' id='word_1_273' title='bbox 2193 959 2421 1031; x_wconf 81' lang='grc' dir='ltr'>ἡκουσα.</span> <span class='ocrx_word' id='word_1_274' title='bbox 2464 957 2730 1028; x_wconf 84' lang='grc' dir='ltr'>Καθάπερ</span> <span class='ocrx_word' id='word_1_275' title='bbox 2763 957 2872 1027; x_wconf 83' lang='grc' dir='ltr'>γὰρ</span> <span class='ocrx_word' id='word_1_276' title='bbox 2900 955 3060 1018; x_wconf 79' lang='grc' dir='ltr'>εἴτις</span> <span class='ocrx_word' id='word_1_277' title='bbox 3093 955 3166 1026; x_wconf 86' lang='grc' dir='ltr'>μὴ</span> <span class='ocrx_word' id='word_1_278' title='bbox 3204 955 3394 1018; x_wconf 83' lang='grc' dir='ltr'>ἐσθίει,</span> <span class='ocrx_word' id='word_1_279' title='bbox 3437 959 3514 1020; x_wconf 83' lang='grc' dir='ltr'>είς</span> <span class='ocrx_word' id='word_1_280' title='bbox 3553 959 3680 1020; x_wconf 76' lang='grc' dir='ltr'>τοὺς</span> <span class='ocrx_word' id='word_1_281' title='bbox 3728 959 3880 1011; x_wconf 84' lang='grc' dir='ltr'>ὀδόν-</span> 
     </span>
    </p>
   </div>
   <div class='ocr_carea' id='block_1_35' title="bbox 2193 1042 3877 1115">
    <p class='ocr_par' dir='ltr' id='par_1_35' title="bbox 2193 1042 3877 1115">
     <span class='ocr_line' id='line_1_35' title="bbox 2193 1042 3877 1115; baseline -0.001 -16"><span class='ocrx_word' id='word_1_282' title='bbox 2193 1061 2293 1108; x_wconf 88' lang='grc' dir='ltr'>τας</span> <span class='ocrx_word' id='word_1_283' title='bbox 2326 1043 2644 1115; x_wconf 87' lang='grc' dir='ltr'>βλάπτεται,</span> <span class='ocrx_word' id='word_1_284' title='bbox 2671 1043 2772 1097; x_wconf 84' lang='grc' dir='ltr'>κᾶν</span> <span class='ocrx_word' id='word_1_285' title='bbox 2802 1043 2957 1115; x_wconf 83' lang='grc' dir='ltr'>ἐσθίῃ</span> <span class='ocrx_word' id='word_1_286' title='bbox 2993 1043 3060 1096; x_wconf 83' lang='grc' dir='ltr'>τά</span> <span class='ocrx_word' id='word_1_287' title='bbox 3091 1042 3166 1114; x_wconf 82' lang='grc' dir='ltr'>μὴ</span> <span class='ocrx_word' id='word_1_288' title='bbox 3190 1047 3554 1114; x_wconf 85' lang='grc' dir='ltr'>προσήκοντα,</span> <span class='ocrx_word' id='word_1_289' title='bbox 3597 1048 3744 1097; x_wconf 81' lang='grc' dir='ltr'>ποιεί</span> <span class='ocrx_word' id='word_1_290' title='bbox 3779 1046 3877 1098; x_wconf 70' lang='grc' dir='ltr'>αὖα</span> 
     </span>
    </p>
   </div>
   <div class='ocr_carea' id='block_1_36' title="bbox 2193 1130 3875 1206">
    <p class='ocr_par' dir='ltr' id='par_1_36' title="bbox 2193 1130 3875 1206">
     <span class='ocr_line' id='line_1_36' title="bbox 2193 1130 3875 1206; baseline 0.001 -20"><span class='ocrx_word' id='word_1_291' title='bbox 2193 1133 2320 1197; x_wconf 83' lang='grc' dir='ltr'>τοὺς</span> <span class='ocrx_word' id='word_1_292' title='bbox 2355 1132 2650 1203; x_wconf 71' lang='grc' dir='ltr'>αίμωδιᾷνο</span> <span class='ocrx_word' id='word_1_293' title='bbox 2685 1130 2828 1186; x_wconf 78' lang='grc' dir='ltr'>οὕτω</span> <span class='ocrx_word' id='word_1_294' title='bbox 2852 1132 2916 1202; x_wconf 84' lang='grc' dir='ltr'>δὴ</span> <span class='ocrx_word' id='word_1_295' title='bbox 2942 1132 3037 1184; x_wconf 75' lang='grc' dir='ltr'>καὶ</span> <span class='ocrx_word' id='word_1_296' title='bbox 3069 1131 3322 1193; x_wconf 76' lang='grc' dir='ltr'>ἐνταῦθα,</span> <span class='ocrx_word' id='word_1_297' title='bbox 3353 1131 3418 1185; x_wconf 80' lang='grc' dir='ltr'>ἄν</span> <span class='ocrx_word' id='word_1_298' title='bbox 3443 1150 3503 1185; x_wconf 89' lang='grc' dir='ltr'>τε</span> <span class='ocrx_word' id='word_1_299' title='bbox 3541 1133 3614 1203; x_wconf 78' lang='grc' dir='ltr'>μὴ</span> <span class='ocrx_word' id='word_1_300' title='bbox 3631 1135 3875 1206; x_wconf 80' lang='grc' dir='ltr'>ἐργάζη-</span> 
     </span>
    </p>
   </div>
   <div class='ocr_carea' id='block_1_37' title="bbox 2193 1219 3882 1291">
    <p class='ocr_par' dir='ltr' id='par_1_37' title="bbox 2193 1219 3882 1291">
     <span class='ocr_line' id='line_1_37' title="bbox 2193 1219 3882 1291; baseline 0.001 -16"><span class='ocrx_word' id='word_1_301' title='bbox 2193 1238 2306 1286; x_wconf 85' lang='grc' dir='ltr'>ται,</span> <span class='ocrx_word' id='word_1_302' title='bbox 2336 1220 2404 1274; x_wconf 82' lang='grc' dir='ltr'>ἀν</span> <span class='ocrx_word' id='word_1_303' title='bbox 2435 1235 2495 1272; x_wconf 87' lang='grc' dir='ltr'>τε</span> <span class='ocrx_word' id='word_1_304' title='bbox 2540 1219 2838 1291; x_wconf 74' lang='grc' dir='ltr'>ἐργάζηται</span> <span class='ocrx_word' id='word_1_305' title='bbox 2885 1219 2955 1273; x_wconf 80' lang='grc' dir='ltr'>τὰ</span> <span class='ocrx_word' id='word_1_306' title='bbox 3005 1219 3078 1290; x_wconf 83' lang='grc' dir='ltr'>μὴ</span> <span class='ocrx_word' id='word_1_307' title='bbox 3120 1220 3489 1291; x_wconf 85' lang='grc' dir='ltr'>προσήκοντα,</span> <span class='ocrx_word' id='word_1_308' title='bbox 3519 1222 3618 1290; x_wconf 77' lang='grc' dir='ltr'>τὴν</span> <span class='ocrx_word' id='word_1_309' title='bbox 3665 1224 3882 1276; x_wconf 84' lang='grc' dir='ltr'>οἰκείαν</span> 
     </span>
    </p>
   </div>
   <div class='ocr_carea' id='block_1_38' title="bbox 2195 1306 3876 1378">
    <p class='ocr_par' dir='ltr' id='par_1_38' title="bbox 2195 1306 3876 1378">
     <span class='ocr_line' id='line_1_38' title="bbox 2195 1306 3876 1378; baseline 0.002 -16"><span class='ocrx_word' id='word_1_310' title='bbox 2195 1306 2490 1362; x_wconf 89' lang='grc' dir='ltr'>ἀπόλλυσιν</span> <span class='ocrx_word' id='word_1_311' title='bbox 2524 1307 2697 1377; x_wconf 88' lang='grc' dir='ltr'>ίσχύν.</span> <span class='ocrx_word' id='word_1_312' title='bbox 2729 1307 2940 1363; x_wconf 77' lang='grc' dir='ltr'>Οὐκοῦν</span> <span class='ocrx_word' id='word_1_313' title='bbox 2986 1308 3272 1378; x_wconf 88' lang='grc' dir='ltr'>ἀμφότερα</span> <span class='ocrx_word' id='word_1_314' title='bbox 3301 1308 3526 1377; x_wconf 81' lang='grc' dir='ltr'>φεύγειν</span> <span class='ocrx_word' id='word_1_315' title='bbox 3560 1311 3876 1376; x_wconf 76' lang='grc' dir='ltr'>σπουδάζω-</span> 
     </span>
    </p>
   </div>
   <div class='ocr_carea' id='block_1_39' title="bbox 2199 1395 3878 1469">
    <p class='ocr_par' dir='ltr' id='par_1_39' title="bbox 2199 1395 3878 1469">
     <span class='ocr_line' id='line_1_39' title="bbox 2199 1395 3878 1469; baseline 0.002 -20"><span class='ocrx_word' id='word_1_316' title='bbox 2199 1412 2321 1466; x_wconf 87' lang='grc' dir='ltr'>μεν,</span> <span class='ocrx_word' id='word_1_317' title='bbox 2371 1395 2466 1449; x_wconf 68' lang='grc' dir='ltr'>καὶ</span> <span class='ocrx_word' id='word_1_318' title='bbox 2511 1396 2707 1466; x_wconf 84' lang='grc' dir='ltr'>ἀργίαν</span> <span class='ocrx_word' id='word_1_319' title='bbox 2743 1395 2839 1450; x_wconf 83' lang='grc' dir='ltr'>καὶ</span> <span class='ocrx_word' id='word_1_320' title='bbox 2888 1396 3151 1467; x_wconf 83' lang='grc' dir='ltr'>ἐργασίαν</span> <span class='ocrx_word' id='word_1_321' title='bbox 3200 1397 3400 1466; x_wconf 82' lang='grc' dir='ltr'>ἀργίας</span> <span class='ocrx_word' id='word_1_322' title='bbox 3454 1398 3878 1469; x_wconf 84' lang='grc' dir='ltr'>χαλεπωτέραν.</span> 
     </span>
    </p>
   </div>
   <div class='ocr_carea' id='block_1_40' title="bbox 2198 1481 3881 1556">
    <p class='ocr_par' dir='ltr' id='par_1_40' title="bbox 2198 1481 3881 1556">
     <span class='ocr_line' id='line_1_40' title="bbox 2198 1481 3881 1556; baseline 0.002 -19"><span class='ocrx_word' id='word_1_323' title='bbox 2198 1484 2336 1538; x_wconf 91' lang='grc' dir='ltr'>Ποία</span> <span class='ocrx_word' id='word_1_324' title='bbox 2385 1483 2442 1536; x_wconf 86' lang='grc' dir='ltr'>δὲ</span> <span class='ocrx_word' id='word_1_325' title='bbox 2487 1481 2625 1553; x_wconf 77' lang='grc' dir='ltr'>αὕτη</span> <span class='ocrx_word' id='word_1_326' title='bbox 2681 1483 2828 1548; x_wconf 90' lang='grc' dir='ltr'>ἐστί;</span> <span class='ocrx_word' id='word_1_327' title='bbox 2882 1483 3214 1552; x_wconf 80' lang='grc' dir='ltr'>Πλεονεξίαι,</span> <span class='ocrx_word' id='word_1_328' title='bbox 3244 1484 3434 1556; x_wconf 77' lang='grc' dir='ltr'>θυμὸς,</span> <span class='ocrx_word' id='word_1_329' title='bbox 3465 1486 3780 1556; x_wconf 86' lang='grc' dir='ltr'>βασκανίαι,</span> <span class='ocrx_word' id='word_1_330' title='bbox 3811 1487 3881 1540; x_wconf 81' lang='grc' dir='ltr'>τά</span> 
     </span>
    </p>
   </div>
   <div class='ocr_carea' id='block_1_41' title="bbox 2199 1571 3880 1646">
    <p class='ocr_par' dir='ltr' id='par_1_41' title="bbox 2199 1571 3880 1646">
     <span class='ocr_line' id='line_1_41' title="bbox 2199 1571 3880 1646; baseline 0.002 -22"><span class='ocrx_word' id='word_1_331' title='bbox 2199 1571 2360 1626; x_wconf 86' lang='grc' dir='ltr'>λοιπά</span> <span class='ocrx_word' id='word_1_332' title='bbox 2391 1571 2500 1624; x_wconf 90' lang='grc' dir='ltr'>τῶν</span> <span class='ocrx_word' id='word_1_333' title='bbox 2538 1571 2746 1626; x_wconf 88' lang='grc' dir='ltr'>παθῶν.</span> <span class='ocrx_word' id='word_1_334' title='bbox 2790 1572 2878 1625; x_wconf 86' lang='grc' dir='ltr'>Ἐν</span> <span class='ocrx_word' id='word_1_335' title='bbox 2906 1571 3114 1636; x_wconf 84' lang='grc' dir='ltr'>τούτοις</span> <span class='ocrx_word' id='word_1_336' title='bbox 3153 1574 3254 1645; x_wconf 81' lang='grc' dir='ltr'>τὴν</span> <span class='ocrx_word' id='word_1_337' title='bbox 3285 1574 3484 1646; x_wconf 90' lang='grc' dir='ltr'>ἀργίαν</span> <span class='ocrx_word' id='word_1_338' title='bbox 3529 1574 3880 1645; x_wconf 81' lang='grc' dir='ltr'>μεταδιώκω·</span> 
     </span>
    </p>
   </div>
   <div class='ocr_carea' id='block_1_42' title="bbox 2205 1659 3877 1733">
    <p class='ocr_par' dir='ltr' id='par_1_42' title="bbox 2205 1659 3877 1733">
     <span class='ocr_line' id='line_1_42' title="bbox 2205 1659 3877 1733; baseline 0.002 -20"><span class='ocrx_word' id='word_1_339' title='bbox 2205 1677 2327 1732; x_wconf 85' lang='grc' dir='ltr'>μεν,</span> <span class='ocrx_word' id='word_1_340' title='bbox 2359 1660 2446 1714; x_wconf 76' lang='grc' dir='ltr'>ἵνα</span> <span class='ocrx_word' id='word_1_341' title='bbox 2482 1659 2590 1714; x_wconf 89' lang='grc' dir='ltr'>τῶν</span> <span class='ocrx_word' id='word_1_342' title='bbox 2618 1659 3044 1730; x_wconf 86' lang='grc' dir='ltr'>ἐπηγγελμένων</span> <span class='ocrx_word' id='word_1_343' title='bbox 3087 1662 3218 1732; x_wconf 81' lang='grc' dir='ltr'>ἡμῖν</span> <span class='ocrx_word' id='word_1_344' title='bbox 3267 1662 3487 1730; x_wconf 85' lang='grc' dir='ltr'>ἀγαθῶν</span> <span class='ocrx_word' id='word_1_345' title='bbox 3529 1663 3790 1733; x_wconf 84' lang='grc' dir='ltr'>τύχωμεν</span> <span class='ocrx_word' id='word_1_346' title='bbox 3815 1665 3833 1683; x_wconf 85' lang='grc'>⁶</span> <span class='ocrx_word' id='word_1_347' title='bbox 3862 1705 3877 1726; x_wconf 86' lang='grc'>,</span> 
     </span>
    </p>
   </div>
   <div class='ocr_carea' id='block_1_43' title="bbox 2203 1747 3878 1822">
    <p class='ocr_par' dir='ltr' id='par_1_43' title="bbox 2203 1747 3878 1822">
     <span class='ocr_line' id='line_1_43' title="bbox 2203 1747 3878 1822; baseline -0.003 -20"><span class='ocrx_word' id='word_1_348' title='bbox 2203 1749 2382 1820; x_wconf 87' lang='grc' dir='ltr'>χάριτι</span> <span class='ocrx_word' id='word_1_349' title='bbox 2409 1749 2502 1802; x_wconf 74' lang='grc' dir='ltr'>καὶ</span> <span class='ocrx_word' id='word_1_350' title='bbox 2527 1747 2906 1820; x_wconf 79' lang='grc' dir='ltr'>φιλανθρωπίᾳ</span> <span class='ocrx_word' id='word_1_351' title='bbox 2934 1747 3028 1800; x_wconf 85' lang='grc' dir='ltr'>τοῦ</span> <span class='ocrx_word' id='word_1_352' title='bbox 3063 1748 3267 1820; x_wconf 83' lang='grc' dir='ltr'>Κυρίου</span> <span class='ocrx_word' id='word_1_353' title='bbox 3313 1750 3472 1819; x_wconf 78' lang='grc' dir='ltr'>ἡμῶν</span> <span class='ocrx_word' id='word_1_354' title='bbox 3505 1749 3680 1820; x_wconf 82' lang='grc' dir='ltr'>Ἰησοῦ</span> <span class='ocrx_word' id='word_1_355' title='bbox 3742 1752 3878 1822; x_wconf 81' lang='grc' dir='ltr'>Χρι..</span> 
     </span>
    </p>
   </div>
   <div class='ocr_carea' id='block_1_44' title="bbox 2207 1829 3881 1908">
    <p class='ocr_par' dir='ltr' id='par_1_44' title="bbox 2207 1829 3881 1908">
     <span class='ocr_line' id='line_1_44' title="bbox 2207 1829 3881 1908; baseline 0.001 -18"><span class='ocrx_word' id='word_1_356' title='bbox 2207 1835 2354 1900; x_wconf 80' lang='grc' dir='ltr'>στοῦ,</span> <span class='ocrx_word' id='word_1_357' title='bbox 2390 1835 2508 1906; x_wconf 77' lang='grc' dir='ltr'>μεθ’</span> <span class='ocrx_word' id='word_1_358' title='bbox 2537 1829 2596 1890; x_wconf 75' lang='grc' dir='ltr'>οὗ</span> <span class='ocrx_word' id='word_1_359' title='bbox 2626 1834 2703 1905; x_wconf 86' lang='grc' dir='ltr'>τῷ</span> <span class='ocrx_word' id='word_1_360' title='bbox 2737 1835 2912 1906; x_wconf 76' lang='grc' dir='ltr'>Πατρὶ</span> <span class='ocrx_word' id='word_1_361' title='bbox 2952 1833 3068 1906; x_wconf 76' lang='grc' dir='ltr'>ἅμα</span> <span class='ocrx_word' id='word_1_362' title='bbox 3123 1835 3200 1906; x_wconf 80' lang='grc' dir='ltr'>τῷ</span> <span class='ocrx_word' id='word_1_363' title='bbox 3237 1836 3377 1908; x_wconf 81' lang='grc' dir='ltr'>ἁγίῳ</span> <span class='ocrx_word' id='word_1_364' title='bbox 3411 1837 3689 1908; x_wconf 88' lang='grc' dir='ltr'>Πνεύματι</span> <span class='ocrx_word' id='word_1_365' title='bbox 3732 1839 3881 1902; x_wconf 77' lang='grc' dir='ltr'>δόξα,</span> 
     </span>
    </p>
   </div>
   <div class='ocr_carea' id='block_1_45' title="bbox 2206 1921 3882 1996">
    <p class='ocr_par' dir='ltr' id='par_1_45' title="bbox 2206 1921 3882 1996">
     <span class='ocr_line' id='line_1_45' title="bbox 2206 1921 3882 1996; baseline 0.002 -20"><span class='ocrx_word' id='word_1_366' title='bbox 2206 1924 2425 1996; x_wconf 86' lang='grc' dir='ltr'>κράτος,</span> <span class='ocrx_word' id='word_1_367' title='bbox 2451 1921 2606 1994; x_wconf 81' lang='grc' dir='ltr'>τιμὴ,</span> <span class='ocrx_word' id='word_1_368' title='bbox 2638 1922 2732 1976; x_wconf 81' lang='grc' dir='ltr'>νῦν</span> <span class='ocrx_word' id='word_1_369' title='bbox 2781 1925 2872 1977; x_wconf 72' lang='grc' dir='ltr'>καὶ</span> <span class='ocrx_word' id='word_1_370' title='bbox 2919 1925 3026 1991; x_wconf 68' lang='grc' dir='ltr'>ἀεὶ,</span> <span class='ocrx_word' id='word_1_371' title='bbox 3071 1923 3165 1978; x_wconf 74' lang='grc' dir='ltr'>καὶ</span> <span class='ocrx_word' id='word_1_372' title='bbox 3223 1926 3304 1987; x_wconf 86' lang='grc' dir='ltr'>είς</span> <span class='ocrx_word' id='word_1_373' title='bbox 3350 1926 3476 1989; x_wconf 76' lang='grc' dir='ltr'>τοὺς</span> <span class='ocrx_word' id='word_1_374' title='bbox 3522 1925 3722 1990; x_wconf 73' lang='grc' dir='ltr'>αἰῶνα,</span> <span class='ocrx_word' id='word_1_375' title='bbox 3775 1927 3882 1980; x_wconf 88' lang='grc' dir='ltr'>τῶν</span> 
     </span>
    </p>
   </div>
   <div class='ocr_carea' id='block_1_46' title="bbox 2207 2010 2667 2082">
    <p class='ocr_par' dir='ltr' id='par_1_46' title="bbox 2207 2010 2667 2082">
     <span class='ocr_line' id='line_1_46' title="bbox 2207 2010 2667 2082; baseline -0.002 -16"><span class='ocrx_word' id='word_1_376' title='bbox 2207 2010 2439 2066; x_wconf 76' lang='grc' dir='ltr'>αἰώνων.</span> <span class='ocrx_word' id='word_1_377' title='bbox 2476 2010 2667 2082; x_wconf 71' lang='grc' dir='ltr'>Ἀμήν.</span> 
     </span>
    </p>
   </div>
   <div class='ocr_carea' id='block_1_47' title="bbox 2270 2137 3890 2201">
    <p class='ocr_par' dir='ltr' id='par_1_47' title="bbox 2270 2137 3890 2201">
     <span class='ocr_line' id='line_1_47' title="bbox 2270 2137 3890 2201; baseline -0.001 -11"><span class='ocrx_word' id='word_1_378' title='bbox 2270 2137 2293 2160; x_wconf 81' lang='grc'>⁶</span> <span class='ocrx_word' id='word_1_379' title='bbox 2333 2139 2415 2190; x_wconf 84' lang='lat' dir='ltr'>Sic</span> <span class='ocrx_word' id='word_1_380' title='bbox 2457 2140 2628 2201; x_wconf 80' lang='lat' dir='ltr'>optimi</span> <span class='ocrx_word' id='word_1_381' title='bbox 2671 2140 2812 2190; x_wconf 88' lang='lat' dir='ltr'><strong>codd.</strong></span> <span class='ocrx_word' id='word_1_382' title='bbox 2859 2139 3028 2190; x_wconf 82' lang='lat' dir='ltr'>Edili:</span> <span class='ocrx_word' id='word_1_383' title='bbox 3076 2141 3282 2191; x_wconf 87' lang='grc' dir='ltr'>Ποία....</span> <span class='ocrx_word' id='word_1_384' title='bbox 3318 2140 3450 2199; x_wconf 76' lang='grc' dir='ltr'>ἐστίς</span> <span class='ocrx_word' id='word_1_385' title='bbox 3484 2142 3762 2200; x_wconf 79' lang='grc' dir='ltr'>Πλεονεξία,</span> <span class='ocrx_word' id='word_1_386' title='bbox 3809 2141 3890 2189; x_wconf 69' lang='grc' dir='ltr'>θυν</span> 
     </span>
    </p>
   </div>
   <div class='ocr_carea' id='block_1_48' title="bbox 2243 2202 3886 2322">
    <p class='ocr_par' dir='ltr' id='par_1_48' title="bbox 2243 2202 3886 2322">
     <span class='ocr_line' id='line_1_48' title="bbox 2243 2202 3882 2266; baseline 0 -16"><span class='ocrx_word' id='word_1_387' title='bbox 2243 2202 2314 2259; x_wconf 77' lang='grc' dir='ltr'>ὸς,</span> <span class='ocrx_word' id='word_1_388' title='bbox 2364 2202 2620 2264; x_wconf 84' lang='grc' dir='ltr'>βασκανία,</span> <span class='ocrx_word' id='word_1_389' title='bbox 2670 2203 2832 2264; x_wconf 81' lang='grc' dir='ltr'>ἔριδες,</span> <span class='ocrx_word' id='word_1_390' title='bbox 2878 2203 3029 2266; x_wconf 72' lang='grc' dir='ltr'>φόνοι,</span> <span class='ocrx_word' id='word_1_391' title='bbox 3074 2205 3225 2262; x_wconf 82' lang='grc' dir='ltr'>ζῆλοι,</span> <span class='ocrx_word' id='word_1_392' title='bbox 3268 2205 3350 2251; x_wconf 87' lang='grc' dir='ltr'>καὶ</span> <span class='ocrx_word' id='word_1_393' title='bbox 3390 2206 3450 2252; x_wconf 75' lang='grc' dir='ltr'>τά</span> <span class='ocrx_word' id='word_1_394' title='bbox 3489 2205 3730 2252; x_wconf 80' lang='grc' dir='ltr'>ὑπόλοιπα</span> <span class='ocrx_word' id='word_1_395' title='bbox 3783 2219 3882 2251; x_wconf 82' lang='grc' dir='ltr'>των</span> 
     </span>
     <span class='ocr_line' id='line_1_49' title="bbox 2243 2263 3886 2322; baseline 0 -12"><span class='ocrx_word' id='word_1_396' title='bbox 2243 2265 2484 2312; x_wconf 86' lang='grc' dir='ltr'>καθέκτων</span> <span class='ocrx_word' id='word_1_397' title='bbox 2549 2266 2730 2313; x_wconf 87' lang='grc' dir='ltr'>παθῶν.</span> <span class='ocrx_word' id='word_1_398' title='bbox 2796 2263 2873 2312; x_wconf 88' lang='grc' dir='ltr'>Ἐν</span> <span class='ocrx_word' id='word_1_399' title='bbox 2914 2264 3098 2320; x_wconf 87' lang='grc' dir='ltr'>τούτοις</span> <span class='ocrx_word' id='word_1_400' title='bbox 3144 2265 3392 2322; x_wconf 70' lang='grc' dir='ltr'>ὀφείλομεν</span> <span class='ocrx_word' id='word_1_401' title='bbox 3455 2267 3543 2322; x_wconf 84' lang='grc' dir='ltr'>τὴν</span> <span class='ocrx_word' id='word_1_402' title='bbox 3590 2266 3758 2322; x_wconf 84' lang='grc' dir='ltr'>ἀργίαν</span> <span class='ocrx_word' id='word_1_403' title='bbox 3801 2281 3886 2322; x_wconf 81' lang='grc' dir='ltr'>με·</span> 
     </span>
    </p>
   </div>
   <div class='ocr_carea' id='block_1_49' title="bbox 2209 2281 3872 2399">
    <p class='ocr_par' dir='ltr' id='par_1_49' title="bbox 2209 2281 3872 2399">
     <span class='ocr_line' id='line_1_50' title="bbox 2209 2281 3872 2328; baseline -0.002 -15"><span class='ocrx_word' id='word_1_404' title='bbox 2209 2281 2484 2313; x_wconf 82' lang='grc' dir='ltr'>ακαυεκτων</span> <span class='ocrx_word' id='word_1_405' title='bbox 2549 2281 2730 2313; x_wconf 85' lang='grc' dir='ltr'>παυων.</span> <span class='ocrx_word' id='word_1_406' title='bbox 2798 2281 2873 2312; x_wconf 68' lang='grc' dir='ltr'>ιν</span> <span class='ocrx_word' id='word_1_407' title='bbox 2914 2281 3098 2320; x_wconf 78' lang='grc' dir='ltr'>τούτοις</span> <span class='ocrx_word' id='word_1_408' title='bbox 3144 2281 3392 2327; x_wconf 67' lang='grc' dir='ltr'>οφειιομεν</span> <span class='ocrx_word' id='word_1_409' title='bbox 3455 2281 3543 2322; x_wconf 85' lang='grc' dir='ltr'>την</span> <span class='ocrx_word' id='word_1_410' title='bbox 3590 2282 3758 2328; x_wconf 84' lang='grc' dir='ltr'>αργιαν</span> <span class='ocrx_word' id='word_1_411' title='bbox 3801 2281 3872 2325; x_wconf 85' lang='grc' dir='ltr'>με·</span> 
     </span>
     <span class='ocr_line' id='line_1_51' title="bbox 2209 2326 3872 2399; baseline 0.001 -27"><span class='ocrx_word' id='word_1_412' title='bbox 2209 2326 2477 2399; x_wconf 60' lang='grc' dir='ltr'>ταδιώκειν,</span> <span class='ocrx_word' id='word_1_413' title='bbox 2522 2327 2603 2399; x_wconf 53' lang='grc' dir='ltr'>καί</span> <span class='ocrx_word' id='word_1_414' title='bbox 2631 2328 2717 2384; x_wconf 85' lang='grc' dir='ltr'>τήν</span> <span class='ocrx_word' id='word_1_415' title='bbox 2741 2328 2837 2399; x_wconf 76' lang='grc' dir='ltr'>τῶν</span> <span class='ocrx_word' id='word_1_416' title='bbox 2857 2327 3037 2399; x_wconf 71' lang='grc' dir='ltr'>ἀρετῶν</span> <span class='ocrx_word' id='word_1_417' title='bbox 3080 2327 3300 2399; x_wconf 65' lang='grc' dir='ltr'>ἐργασίαν</span> <span class='ocrx_word' id='word_1_418' title='bbox 3321 2327 3444 2399; x_wconf 74' lang='grc' dir='ltr'>μετά</span> <span class='ocrx_word' id='word_1_419' title='bbox 3460 2328 3623 2399; x_wconf 59' lang='grc' dir='ltr'>πάσης</span> <span class='ocrx_word' id='word_1_420' title='bbox 3653 2328 3872 2399; x_wconf 63' lang='grc' dir='ltr'>σςπουδῆς</span> 
     </span>
    </p>
   </div>
   <div class='ocr_carea' id='block_1_50' title="bbox 2213 2387 3883 2497">
    <p class='ocr_par' dir='ltr' id='par_1_50' title="bbox 2213 2387 3883 2497">
     <span class='ocr_line' id='line_1_52' title="bbox 2213 2387 3883 2497; baseline 0 -63"><span class='ocrx_word' id='word_1_421' title='bbox 2213 2387 2486 2497; x_wconf 48' lang='grc' dir='ltr'>ἱργάζεσθαι</span> <span class='ocrx_word' id='word_1_422' title='bbox 2505 2422 2520 2446; x_wconf 94' lang='grc'>,</span> <span class='ocrx_word' id='word_1_423' title='bbox 2582 2387 2659 2436; x_wconf 76' lang='grc' dir='ltr'>ἵνα</span> <span class='ocrx_word' id='word_1_424' title='bbox 2707 2389 2788 2436; x_wconf 86' lang='grc' dir='ltr'>καὶ</span> <span class='ocrx_word' id='word_1_425' title='bbox 2837 2387 2933 2436; x_wconf 84' lang='grc' dir='ltr'>τῶν</span> <span class='ocrx_word' id='word_1_426' title='bbox 2983 2387 3122 2450; x_wconf 72' lang='grc' dir='ltr'>ἐπηγ.</span> <span class='ocrx_word' id='word_1_427' title='bbox 3167 2388 3278 2450; x_wconf 79' lang='grc' dir='ltr'>ἡμῖν</span> <span class='ocrx_word' id='word_1_428' title='bbox 3324 2387 3518 2450; x_wconf 76' lang='grc' dir='ltr'>ἀγαθῶν</span> <span class='ocrx_word' id='word_1_429' title='bbox 3565 2389 3883 2451; x_wconf 81' lang='grc' dir='ltr'>ἐπιτύχωμεν.</span> 
     </span>
     <span class='ocr_line' id='line_1_53' title="bbox 2255 2463 2347 2497; baseline 0.033 -3"><span class='ocrx_word' id='word_1_430' title='bbox 2255 2463 2284 2494; x_wconf 83' lang='grc' dir='ltr'>ι)</span> <span class='ocrx_word' id='word_1_431' title='bbox 2302 2463 2347 2497; x_wconf 79' lang='lat' dir='ltr'>&#39;r.</span> 
     </span>
    </p>
   </div>
   <div class='ocr_carea' id='block_1_51' title="bbox 2255 2463 2347 2498">
    <p class='ocr_par' dir='ltr' id='par_1_51' title="bbox 2255 2463 2347 2498">
     <span class='ocr_line' id='line_1_54' title="bbox 2255 2463 2347 2498; baseline 0.043 -4"><span class='ocrx_word' id='word_1_432' title='bbox 2255 2463 2347 2498; x_wconf 79' lang='lat' dir='ltr'>Dl‘l&#39;.</span> 
     </span>
    </p>
   </div>
   <div class='ocr_carea' id='block_1_52' title="bbox 3539 2602 3784 2616">
    <p class='ocr_par' dir='ltr' id='par_1_52' title="bbox 3539 2602 3784 2616">
     <span class='ocr_line' id='line_1_55' title="bbox 3539 2602 3784 2616; baseline 0.008 -2"><span class='ocrx_word' id='word_1_433' title='bbox 3539 2602 3784 2616; x_wconf 58' lang='lat'><strong><em>_</em></strong></span> 
     </span>
    </p>
   </div>
   <div class='ocr_carea' id='block_1_53' title="bbox 1968 2696 2392 2766">
    <p class='ocr_par' dir='ltr' id='par_1_53' title="bbox 1968 2696 2392 2766">
     <span class='ocr_line' id='line_1_56' title="bbox 1968 2696 2392 2766; baseline 0.005 -14"><span class='ocrx_word' id='word_1_434' title='bbox 1968 2697 2216 2752; x_wconf 82' lang='lat' dir='ltr'><strong>OMIAIA</strong></span> <span class='ocrx_word' id='word_1_435' title='bbox 2252 2696 2392 2766; x_wconf 73' lang='lat' dir='ltr'>Aq&#39;.</span> 
     </span>
    </p>
   </div>
   <div class='ocr_carea' id='block_1_54' title="bbox 428 2793 2106 2862">
    <p class='ocr_par' dir='ltr' id='par_1_54' title="bbox 428 2793 2106 2862">
     <span class='ocr_line' id='line_1_57' title="bbox 428 2793 2106 2862; baseline -0.004 -10"><span class='ocrx_word' id='word_1_436' title='bbox 428 2797 590 2852; x_wconf 80' lang='grc' dir='ltr'>Κατὰ</span> <span class='ocrx_word' id='word_1_437' title='bbox 627 2794 694 2848; x_wconf 82' lang='grc' dir='ltr'>δὲ</span> <span class='ocrx_word' id='word_1_438' title='bbox 723 2794 790 2850; x_wconf 85' lang='grc' dir='ltr'>τὸ</span> <span class='ocrx_word' id='word_1_439' title='bbox 813 2795 1216 2862; x_wconf 75' lang='grc' dir='ltr'>μεσονύκτιον</span> <span class='ocrx_word' id='word_1_440' title='bbox 1242 2794 1482 2862; x_wconf 78' lang='grc' dir='ltr'>Παῦλος</span> <span class='ocrx_word' id='word_1_441' title='bbox 1517 2793 1615 2848; x_wconf 79' lang='grc' dir='ltr'>καί</span> <span class='ocrx_word' id='word_1_442' title='bbox 1646 2793 1828 2859; x_wconf 81' lang='grc' dir='ltr'>Σίλας</span> <span class='ocrx_word' id='word_1_443' title='bbox 1851 2807 2106 2862; x_wconf 83' lang='grc' dir='ltr'>προσευ-</span> 
     </span>
    </p>
   </div>
   <div class='ocr_carea' id='block_1_55' title="bbox 499 2861 2108 2936">
    <p class='ocr_par' dir='ltr' id='par_1_55' title="bbox 499 2861 2108 2936">
     <span class='ocr_line' id='line_1_58' title="bbox 499 2861 2108 2936; baseline -0.003 -18"><span class='ocrx_word' id='word_1_444' title='bbox 499 2868 742 2936; x_wconf 83' lang='grc' dir='ltr'>χόμενοι</span> <span class='ocrx_word' id='word_1_445' title='bbox 779 2861 1013 2934; x_wconf 81' lang='grc' dir='ltr'>ὕμνουν</span> <span class='ocrx_word' id='word_1_446' title='bbox 1038 2867 1145 2920; x_wconf 85' lang='grc' dir='ltr'>τὸν</span> <span class='ocrx_word' id='word_1_447' title='bbox 1174 2867 1351 2921; x_wconf 88' lang='grc' dir='ltr'>Θεόν·</span> <span class='ocrx_word' id='word_1_448' title='bbox 1382 2861 1481 2920; x_wconf 72' lang='grc' dir='ltr'>καί</span> <span class='ocrx_word' id='word_1_449' title='bbox 1495 2862 1879 2936; x_wconf 80' lang='grc' dir='ltr'>ἐπηκροῶντο</span> <span class='ocrx_word' id='word_1_450' title='bbox 1894 2861 2108 2936; x_wconf 21' lang='grc' dir='ltr'>θαύτῶν</span> 
     </span>
    </p>
   </div>
   <div class='ocr_carea' id='block_1_56' title="bbox 501 2933 2102 3006">
    <p class='ocr_par' dir='ltr' id='par_1_56' title="bbox 501 2933 2102 3006">
     <span class='ocr_line' id='line_1_59' title="bbox 501 2933 2102 3006; baseline 0.001 -18"><span class='ocrx_word' id='word_1_451' title='bbox 501 2933 583 3006; x_wconf 16' lang='grc' dir='ltr'>οίή</span> <span class='ocrx_word' id='word_1_452' title='bbox 611 2933 865 3004; x_wconf 85' lang='grc' dir='ltr'>δέσμιοι.</span> <span class='ocrx_word' id='word_1_453' title='bbox 937 2939 1130 3006; x_wconf 66' lang='grc' dir='ltr'>Ἄφνω</span> <span class='ocrx_word' id='word_1_454' title='bbox 1186 2938 1255 2991; x_wconf 83' lang='grc' dir='ltr'>δὲ</span> <span class='ocrx_word' id='word_1_455' title='bbox 1316 2935 1597 3006; x_wconf 12' lang='grc' dir='ltr'>σεισμός,</span> <span class='ocrx_word' id='word_1_456' title='bbox 1629 2934 1866 3004; x_wconf 78' lang='grc' dir='ltr'>ἐγένετο</span> <span class='ocrx_word' id='word_1_457' title='bbox 1898 2933 2102 3006; x_wconf 65' lang='grc' dir='ltr'>μέγας.</span> 
     </span>
    </p>
   </div>
   <div class='ocr_carea' id='block_1_57' title="bbox 501 3002 2102 3077">
    <p class='ocr_par' dir='ltr' id='par_1_57' title="bbox 501 3002 2102 3077">
     <span class='ocr_line' id='line_1_60' title="bbox 501 3002 2102 3077; baseline -0.002 -18"><span class='ocrx_word' id='word_1_458' title='bbox 501 3005 656 3060; x_wconf 84' lang='grc' dir='ltr'>ὥστε</span> <span class='ocrx_word' id='word_1_459' title='bbox 682 3002 1060 3075; x_wconf 79' lang='grc' dir='ltr'>σαλευθῆναι</span> <span class='ocrx_word' id='word_1_460' title='bbox 1091 3010 1164 3061; x_wconf 86' lang='grc' dir='ltr'>τὰ</span> <span class='ocrx_word' id='word_1_461' title='bbox 1201 3002 1470 3077; x_wconf 60' lang='grc' dir='ltr'>θεμέλια</span> <span class='ocrx_word' id='word_1_462' title='bbox 1503 3005 1623 3077; x_wconf 81' lang='grc' dir='ltr'>τοῦ</span> <span class='ocrx_word' id='word_1_463' title='bbox 1664 3002 2102 3077; x_wconf 61' lang='grc' dir='ltr'>δεσμωτηρίους</span> 
     </span>
    </p>
   </div>
   <div class='ocr_carea' id='block_1_58' title="bbox 499 3071 2106 3147">
    <p class='ocr_par' dir='ltr' id='par_1_58' title="bbox 499 3071 2106 3147">
     <span class='ocr_line' id='line_1_61' title="bbox 499 3071 2106 3147; baseline -0.005 -15"><span class='ocrx_word' id='word_1_464' title='bbox 499 3077 904 3147; x_wconf 17' lang='grc' dir='ltr'>ἀνεῴχθησαν,</span> <span class='ocrx_word' id='word_1_465' title='bbox 940 3071 1002 3130; x_wconf 75' lang='grc' dir='ltr'>τε</span> <span class='ocrx_word' id='word_1_466' title='bbox 1035 3071 1401 3147; x_wconf 78' lang='grc' dir='ltr'>παραχρῆμα</span> <span class='ocrx_word' id='word_1_467' title='bbox 1448 3079 1507 3130; x_wconf 91' lang='grc' dir='ltr'>αί</span> <span class='ocrx_word' id='word_1_468' title='bbox 1555 3075 1724 3144; x_wconf 83' lang='grc' dir='ltr'>θύραι</span> <span class='ocrx_word' id='word_1_469' title='bbox 1755 3071 1970 3140; x_wconf 83' lang='grc' dir='ltr'>πᾶσαι,</span> <span class='ocrx_word' id='word_1_470' title='bbox 2007 3071 2106 3126; x_wconf 81' lang='grc' dir='ltr'>καί</span> 
     </span>
    </p>
   </div>
   <div class='ocr_carea' id='block_1_59' title="bbox 501 3145 1316 3217">
    <p class='ocr_par' dir='ltr' id='par_1_59' title="bbox 501 3145 1316 3217">
     <span class='ocr_line' id='line_1_62' title="bbox 501 3145 1316 3217; baseline 0 -17"><span class='ocrx_word' id='word_1_471' title='bbox 501 3147 746 3201; x_wconf 82' lang='grc' dir='ltr'>πάντων</span> <span class='ocrx_word' id='word_1_472' title='bbox 783 3147 856 3200; x_wconf 82' lang='grc' dir='ltr'>τὰ</span> <span class='ocrx_word' id='word_1_473' title='bbox 880 3145 1074 3217; x_wconf 85' lang='grc' dir='ltr'>δεσμὰ</span> <span class='ocrx_word' id='word_1_474' title='bbox 1110 3145 1316 3214; x_wconf 81' lang='grc' dir='ltr'>ἀνέθη.</span> 
     </span>
    </p>
   </div>
   <div class='ocr_carea' id='block_1_60' title="bbox 500 3245 2106 3320">
    <p class='ocr_par' dir='ltr' id='par_1_60' title="bbox 500 3245 2106 3320">
     <span class='ocr_line' id='line_1_63' title="bbox 500 3245 2106 3320; baseline -0.006 -14"><span class='ocrx_word' id='word_1_475' title='bbox 500 3251 643 3306; x_wconf 84' lang='grc' dir='ltr'>α’.Τί</span> <span class='ocrx_word' id='word_1_476' title='bbox 661 3249 863 3304; x_wconf 88' lang='grc' dir='ltr'>τούτων</span> <span class='ocrx_word' id='word_1_477' title='bbox 887 3251 997 3304; x_wconf 83' lang='grc' dir='ltr'>ίσον</span> <span class='ocrx_word' id='word_1_478' title='bbox 1021 3250 1216 3319; x_wconf 80' lang='grc' dir='ltr'>γένοιτ’</span> <span class='ocrx_word' id='word_1_479' title='bbox 1233 3251 1297 3304; x_wconf 79' lang='grc' dir='ltr'>ἂν</span> <span class='ocrx_word' id='word_1_480' title='bbox 1315 3249 1420 3303; x_wconf 88' lang='grc' dir='ltr'>τῶν</span> <span class='ocrx_word' id='word_1_481' title='bbox 1435 3248 1650 3320; x_wconf 75' lang='grc' dir='ltr'>ψυχῶν;</span> <span class='ocrx_word' id='word_1_482' title='bbox 1669 3245 2106 3316; x_wconf 82' lang='grc' dir='ltr'>Ἑμαστίχθησαν</span> 
     </span>
    </p>
   </div>
   <div class='ocr_carea' id='block_1_61' title="bbox 430 3334 2106 3408">
    <p class='ocr_par' dir='ltr' id='par_1_61' title="bbox 430 3334 2106 3408">
     <span class='ocr_line' id='line_1_64' title="bbox 430 3334 2106 3408; baseline -0.004 -16"><span class='ocrx_word' id='word_1_483' title='bbox 430 3338 631 3402; x_wconf 85' lang='grc' dir='ltr'>πολλὰς</span> <span class='ocrx_word' id='word_1_484' title='bbox 661 3338 874 3408; x_wconf 87' lang='grc' dir='ltr'>πληγάς</span> <span class='ocrx_word' id='word_1_485' title='bbox 893 3339 1168 3402; x_wconf 85' lang='grc' dir='ltr'>λαϐόντες,</span> <span class='ocrx_word' id='word_1_486' title='bbox 1197 3337 1552 3408; x_wconf 83' lang='grc' dir='ltr'>ὑϐρίσθησαν,</span> <span class='ocrx_word' id='word_1_487' title='bbox 1576 3337 1704 3406; x_wconf 83' lang='grc' dir='ltr'>περὶ</span> <span class='ocrx_word' id='word_1_488' title='bbox 1731 3334 1841 3387; x_wconf 90' lang='grc' dir='ltr'>τῶν</span> <span class='ocrx_word' id='word_1_489' title='bbox 1863 3334 2106 3404; x_wconf 85' lang='grc' dir='ltr'>ἐσχάτων</span> 
     </span>
    </p>
   </div>
   <div class='ocr_carea' id='block_1_62' title="bbox 429 3421 2106 3495">
    <p class='ocr_par' dir='ltr' id='par_1_62' title="bbox 429 3421 2106 3495">
     <span class='ocr_line' id='line_1_65' title="bbox 429 3421 2106 3495; baseline -0.005 -14"><span class='ocrx_word' id='word_1_490' title='bbox 429 3426 830 3491; x_wconf 84' lang='grc' dir='ltr'>ἐκινδύνευσαν,</span> <span class='ocrx_word' id='word_1_491' title='bbox 865 3428 944 3489; x_wconf 90' lang='grc' dir='ltr'>είς</span> <span class='ocrx_word' id='word_1_492' title='bbox 973 3425 1034 3478; x_wconf 81' lang='grc' dir='ltr'>τὸ</span> <span class='ocrx_word' id='word_1_493' title='bbox 1069 3425 1221 3490; x_wconf 81' lang='grc' dir='ltr'>ξύλον</span> <span class='ocrx_word' id='word_1_494' title='bbox 1241 3421 1379 3495; x_wconf 83' lang='grc' dir='ltr'>ἦσαν</span> <span class='ocrx_word' id='word_1_495' title='bbox 1417 3421 1822 3494; x_wconf 86' lang='grc' dir='ltr'>ἐμϐεϐλημένοι</span> <span class='ocrx_word' id='word_1_496' title='bbox 1844 3461 1860 3488; x_wconf 93' lang='grc'>,</span> <span class='ocrx_word' id='word_1_497' title='bbox 1895 3422 1976 3484; x_wconf 88' lang='grc' dir='ltr'>είς</span> <span class='ocrx_word' id='word_1_498' title='bbox 2006 3422 2106 3492; x_wconf 83' lang='grc' dir='ltr'>τὴν</span> 
     </span>
    </p>
   </div>
   <div class='ocr_carea' id='block_1_63' title="bbox 431 3509 2102 3585">
    <p class='ocr_par' dir='ltr' id='par_1_63' title="bbox 431 3509 2102 3585">
     <span class='ocr_line' id='line_1_66' title="bbox 431 3509 2102 3585; baseline -0.003 -19"><span class='ocrx_word' id='word_1_499' title='bbox 431 3515 706 3585; x_wconf 80' lang='grc' dir='ltr'>ἐσωτέραν</span> <span class='ocrx_word' id='word_1_500' title='bbox 732 3514 977 3584; x_wconf 82' lang='grc' dir='ltr'>φυλακήν</span> <span class='ocrx_word' id='word_1_501' title='bbox 997 3529 1012 3544; x_wconf 78' lang='grc' dir='ltr'><strong>ο</strong></span> <span class='ocrx_word' id='word_1_502' title='bbox 1045 3514 1142 3566; x_wconf 78' lang='grc' dir='ltr'>καὶ</span> <span class='ocrx_word' id='word_1_503' title='bbox 1164 3513 1284 3566; x_wconf 85' lang='grc' dir='ltr'>ούδέ</span> <span class='ocrx_word' id='word_1_504' title='bbox 1315 3511 1458 3566; x_wconf 75' lang='grc' dir='ltr'>οὕτω</span> <span class='ocrx_word' id='word_1_505' title='bbox 1486 3509 1766 3564; x_wconf 84' lang='grc' dir='ltr'>καθεύδειν</span> <span class='ocrx_word' id='word_1_506' title='bbox 1792 3509 2068 3579; x_wconf 70' lang='grc' dir='ltr'>ἠνείχοντο</span> <span class='ocrx_word' id='word_1_507' title='bbox 2086 3547 2102 3574; x_wconf 92' lang='grc'>,</span> 
     </span>
    </p>
   </div>
   <div class='ocr_carea' id='block_1_64' title="bbox 429 3595 2108 3672">
    <p class='ocr_par' dir='ltr' id='par_1_64' title="bbox 429 3595 2108 3672">
     <span class='ocr_line' id='line_1_67' title="bbox 429 3595 2108 3672; baseline -0.005 -18"><span class='ocrx_word' id='word_1_508' title='bbox 429 3600 546 3654; x_wconf 85' lang='grc' dir='ltr'>ἀλλ’</span> <span class='ocrx_word' id='word_1_509' title='bbox 580 3599 952 3671; x_wconf 76' lang='grc' dir='ltr'>ἐπαννύχιζον.</span> <span class='ocrx_word' id='word_1_510' title='bbox 995 3601 1190 3672; x_wconf 83' lang='grc' dir='ltr'>Ὁρᾶτε</span> <span class='ocrx_word' id='word_1_511' title='bbox 1224 3601 1346 3653; x_wconf 82' lang='grc' dir='ltr'>ὅσον</span> <span class='ocrx_word' id='word_1_512' title='bbox 1388 3601 1422 3670; x_wconf 76' lang='grc' dir='ltr'>ἡ</span> <span class='ocrx_word' id='word_1_513' title='bbox 1448 3597 1625 3667; x_wconf 71' lang='grc' dir='ltr'>θλίψις</span> <span class='ocrx_word' id='word_1_514' title='bbox 1664 3595 2108 3665; x_wconf 85' lang='grc' dir='ltr'>άγαθόν;Ἥμεῖς</span> 
     </span>
    </p>
   </div>
   <div class='ocr_carea' id='block_1_65' title="bbox 431 3684 2104 3759">
    <p class='ocr_par' dir='ltr' id='par_1_65' title="bbox 431 3684 2104 3759">
     <span class='ocr_line' id='line_1_68' title="bbox 431 3684 2104 3759; baseline -0.004 -17"><span class='ocrx_word' id='word_1_515' title='bbox 431 3689 488 3742; x_wconf 82' lang='grc' dir='ltr'>δέ</span> <span class='ocrx_word' id='word_1_516' title='bbox 511 3689 633 3742; x_wconf 82' lang='grc' dir='ltr'>ούδέ</span> <span class='ocrx_word' id='word_1_517' title='bbox 662 3692 719 3742; x_wconf 89' lang='grc' dir='ltr'>ἐν</span> <span class='ocrx_word' id='word_1_518' title='bbox 748 3688 976 3751; x_wconf 84' lang='grc' dir='ltr'>ἁπαλοῖς</span> <span class='ocrx_word' id='word_1_519' title='bbox 996 3688 1146 3754; x_wconf 77' lang='grc' dir='ltr'>ὄντες</span> <span class='ocrx_word' id='word_1_520' title='bbox 1181 3686 1516 3759; x_wconf 80' lang='grc' dir='ltr'>στρώμασιν,</span> <span class='ocrx_word' id='word_1_521' title='bbox 1549 3686 1738 3739; x_wconf 80' lang='grc' dir='ltr'>οὐδένα</span> <span class='ocrx_word' id='word_1_522' title='bbox 1770 3684 2069 3746; x_wconf 78' lang='grc' dir='ltr'>δεδοικότες</span> <span class='ocrx_word' id='word_1_523' title='bbox 2089 3723 2104 3746; x_wconf 92' lang='grc'>,</span> 
     </span>
    </p>
   </div>
   <div class='ocr_carea' id='block_1_66' title="bbox 423 3774 2103 3850">
    <p class='ocr_par' dir='ltr' id='par_1_66' title="bbox 423 3774 2103 3850">
     <span class='ocr_line' id='line_1_69' title="bbox 423 3774 2103 3850; baseline -0.003 -19"><span class='ocrx_word' id='word_1_524' title='bbox 423 3779 558 3848; x_wconf 82' lang='grc' dir='ltr'>-ὂλην</span> <span class='ocrx_word' id='word_1_525' title='bbox 577 3779 676 3849; x_wconf 81' lang='grc' dir='ltr'>τὴν</span> <span class='ocrx_word' id='word_1_526' title='bbox 702 3777 870 3831; x_wconf 88' lang='grc' dir='ltr'>νύκτα</span> <span class='ocrx_word' id='word_1_527' title='bbox 893 3777 1245 3850; x_wconf 89' lang='grc' dir='ltr'>καθεύδομεν.</span> <span class='ocrx_word' id='word_1_528' title='bbox 1264 3778 1417 3848; x_wconf 88' lang='grc' dir='ltr'>Τάχα</span> <span class='ocrx_word' id='word_1_529' title='bbox 1435 3777 1525 3831; x_wconf 88' lang='grc' dir='ltr'>διά</span> <span class='ocrx_word' id='word_1_530' title='bbox 1545 3776 1702 3830; x_wconf 83' lang='grc' dir='ltr'>τοῦτο</span> <span class='ocrx_word' id='word_1_531' title='bbox 1724 3774 2103 3846; x_wconf 73' lang='grc' dir='ltr'>ἐπαννύχιξον,</span> 
     </span>
    </p>
   </div>
   <div class='ocr_carea' id='block_1_67' title="bbox 432 3862 2107 3938">
    <p class='ocr_par' dir='ltr' id='par_1_67' title="bbox 432 3862 2107 3938">
     <span class='ocr_line' id='line_1_70' title="bbox 432 3862 2107 3938; baseline -0.001 -20"><span class='ocrx_word' id='word_1_532' title='bbox 432 3867 620 3937; x_wconf 75' lang='grc' dir='ltr'>ἐπειδὴ</span> <span class='ocrx_word' id='word_1_533' title='bbox 676 3867 735 3919; x_wconf 89' lang='grc' dir='ltr'>ἐν</span> <span class='ocrx_word' id='word_1_534' title='bbox 779 3865 988 3930; x_wconf 90' lang='grc' dir='ltr'>τούτοις</span> <span class='ocrx_word' id='word_1_535' title='bbox 1035 3862 1195 3938; x_wconf 84' lang='grc' dir='ltr'>ἦσαν.</span> <span class='ocrx_word' id='word_1_536' title='bbox 1249 3867 1361 3937; x_wconf 85' lang='grc' dir='ltr'>Ούχ</span> <span class='ocrx_word' id='word_1_537' title='bbox 1407 3867 1442 3937; x_wconf 82' lang='grc' dir='ltr'><strong>ή</strong></span> <span class='ocrx_word' id='word_1_538' title='bbox 1502 3864 1597 3919; x_wconf 83' lang='grc' dir='ltr'>τοῦ</span> <span class='ocrx_word' id='word_1_539' title='bbox 1650 3864 1818 3918; x_wconf 76' lang='grc' dir='ltr'>ὕπνου</span> <span class='ocrx_word' id='word_1_540' title='bbox 1851 3865 2107 3936; x_wconf 72' lang='grc' dir='ltr'>τυραννὶς</span> 
     </span>
    </p>
   </div>
   <div class='ocr_carea' id='block_1_68' title="bbox 430 3950 2108 4027">
    <p class='ocr_par' dir='ltr' id='par_1_68' title="bbox 430 3950 2108 4027">
     <span class='ocr_line' id='line_1_71' title="bbox 430 3950 2108 4027; baseline -0.003 -17"><span class='ocrx_word' id='word_1_541' title='bbox 430 3956 628 4019; x_wconf 78' lang='grc' dir='ltr'>αὐτοὺς</span> <span class='ocrx_word' id='word_1_542' title='bbox 655 3950 820 4021; x_wconf 83' lang='grc' dir='ltr'>εἷλεν,</span> <span class='ocrx_word' id='word_1_543' title='bbox 845 3955 943 4025; x_wconf 83' lang='grc' dir='ltr'>οὐχ</span> <span class='ocrx_word' id='word_1_544' title='bbox 973 3956 1007 4026; x_wconf 83' lang='grc' dir='ltr'>ὴ</span> <span class='ocrx_word' id='word_1_545' title='bbox 1057 3954 1307 4027; x_wconf 85' lang='grc' dir='ltr'>ἀλγηδὼν</span> <span class='ocrx_word' id='word_1_546' title='bbox 1349 3953 1623 4025; x_wconf 76' lang='grc' dir='ltr'>ἔκαμψεν,</span> <span class='ocrx_word' id='word_1_547' title='bbox 1653 3953 1750 4023; x_wconf 80' lang='grc' dir='ltr'>οὐχ</span> <span class='ocrx_word' id='word_1_548' title='bbox 1778 3953 1807 4004; x_wconf 92' lang='lat'>6</span> <span class='ocrx_word' id='word_1_549' title='bbox 1837 3953 1998 4022; x_wconf 87' lang='grc' dir='ltr'>φόϐος</span> <span class='ocrx_word' id='word_1_550' title='bbox 2027 3954 2108 4014; x_wconf 89' lang='grc' dir='ltr'>είς</span> 
     </span>
    </p>
   </div>
   <div class='ocr_carea' id='block_1_69' title="bbox 430 4037 2104 4118">
    <p class='ocr_par' dir='ltr' id='par_1_69' title="bbox 430 4037 2104 4118">
     <span class='ocr_line' id='line_1_72' title="bbox 430 4037 2104 4118; baseline -0.002 -19"><span class='ocrx_word' id='word_1_551' title='bbox 430 4045 664 4118; x_wconf 84' lang='grc' dir='ltr'>ἀπορίαν</span> <span class='ocrx_word' id='word_1_552' title='bbox 691 4044 968 4110; x_wconf 84' lang='grc' dir='ltr'>ἐνέϐαλεν,</span> <span class='ocrx_word' id='word_1_553' title='bbox 999 4045 1113 4099; x_wconf 83' lang='grc' dir='ltr'>ἀλλ’</span> <span class='ocrx_word' id='word_1_554' title='bbox 1144 4045 1282 4100; x_wconf 85' lang='grc' dir='ltr'>αύτά</span> <span class='ocrx_word' id='word_1_555' title='bbox 1303 4045 1368 4116; x_wconf 84' lang='grc' dir='ltr'>δὴ</span> <span class='ocrx_word' id='word_1_556' title='bbox 1395 4044 1567 4098; x_wconf 85' lang='grc' dir='ltr'>ταῦτα</span> <span class='ocrx_word' id='word_1_557' title='bbox 1595 4042 1772 4112; x_wconf 86' lang='grc' dir='ltr'>πολλῴ</span> <span class='ocrx_word' id='word_1_558' title='bbox 1806 4043 2004 4112; x_wconf 82' lang='grc' dir='ltr'>μᾶλλον</span> <span class='ocrx_word' id='word_1_559' title='bbox 2036 4037 2104 4113; x_wconf 79' lang='grc' dir='ltr'>ἦν</span> 
     </span>
    </p>
   </div>
   <div class='ocr_carea' id='block_1_70' title="bbox 430 4130 2101 4204">
    <p class='ocr_par' dir='ltr' id='par_1_70' title="bbox 430 4130 2101 4204">
     <span class='ocr_line' id='line_1_73' title="bbox 430 4130 2101 4204; baseline -0.002 -17"><span class='ocrx_word' id='word_1_560' title='bbox 430 4134 500 4187; x_wconf 77' lang='grc' dir='ltr'>τὰ</span> <span class='ocrx_word' id='word_1_561' title='bbox 529 4134 867 4204; x_wconf 88' lang='grc' dir='ltr'>διεγείροντα</span> <span class='ocrx_word' id='word_1_562' title='bbox 897 4134 1128 4198; x_wconf 79' lang='grc' dir='ltr'>αὐτοὺς,</span> <span class='ocrx_word' id='word_1_563' title='bbox 1166 4135 1261 4188; x_wconf 75' lang='grc' dir='ltr'>καὶ</span> <span class='ocrx_word' id='word_1_564' title='bbox 1296 4133 1488 4204; x_wconf 78' lang='grc' dir='ltr'>ἡδονῆς</span> <span class='ocrx_word' id='word_1_565' title='bbox 1531 4132 1841 4202; x_wconf 84' lang='grc' dir='ltr'>πληροῦντα</span> <span class='ocrx_word' id='word_1_566' title='bbox 1879 4130 2101 4201; x_wconf 81' lang='grc' dir='ltr'>πολλῆς.</span> 
     </span>
    </p>
   </div>
   <div class='ocr_carea' id='block_1_71' title="bbox 428 4217 2102 4290">
    <p class='ocr_par' dir='ltr' id='par_1_71' title="bbox 428 4217 2102 4290">
     <span class='ocr_line' id='line_1_74' title="bbox 428 4217 2102 4290; baseline -0.004 -14"><span class='ocrx_word' id='word_1_567' title='bbox 428 4221 590 4276; x_wconf 81' lang='grc' dir='ltr'>Κατὰ</span> <span class='ocrx_word' id='word_1_568' title='bbox 619 4220 686 4274; x_wconf 83' lang='grc' dir='ltr'>δὲ</span> <span class='ocrx_word' id='word_1_569' title='bbox 730 4221 792 4274; x_wconf 86' lang='grc' dir='ltr'>τὸ</span> <span class='ocrx_word' id='word_1_570' title='bbox 824 4223 1230 4290; x_wconf 80' lang='grc' dir='ltr'>μεσονύκτιον</span> <span class='ocrx_word' id='word_1_571' title='bbox 1263 4221 1497 4289; x_wconf 83' lang='grc' dir='ltr'>ὕμνουν</span> <span class='ocrx_word' id='word_1_572' title='bbox 1543 4218 1652 4272; x_wconf 81' lang='grc' dir='ltr'>τὸν</span> <span class='ocrx_word' id='word_1_573' title='bbox 1693 4217 1861 4283; x_wconf 79' lang='grc' dir='ltr'>Θεὸν,</span> <span class='ocrx_word' id='word_1_574' title='bbox 1917 4219 2102 4288; x_wconf 75' lang='grc' dir='ltr'>φησὶν,</span> 
     </span>
    </p>
   </div>
   <div class='ocr_carea' id='block_1_72' title="bbox 428 4303 2104 4377">
    <p class='ocr_par' dir='ltr' id='par_1_72' title="bbox 428 4303 2104 4377">
     <span class='ocr_line' id='line_1_75' title="bbox 428 4303 2104 4377; baseline -0.001 -17"><span class='ocrx_word' id='word_1_575' title='bbox 428 4307 812 4375; x_wconf 77' lang='grc' dir='ltr'>ἐπηκροῶντο</span> <span class='ocrx_word' id='word_1_576' title='bbox 856 4309 924 4361; x_wconf 88' lang='grc' dir='ltr'>δὲ</span> <span class='ocrx_word' id='word_1_577' title='bbox 954 4308 1156 4363; x_wconf 85' lang='grc' dir='ltr'>αὐτῶν</span> <span class='ocrx_word' id='word_1_578' title='bbox 1198 4311 1252 4362; x_wconf 82' lang='grc' dir='ltr'>οἱ</span> <span class='ocrx_word' id='word_1_579' title='bbox 1305 4307 1556 4374; x_wconf 84' lang='grc' dir='ltr'>δέσμιοι.</span> <span class='ocrx_word' id='word_1_580' title='bbox 1590 4303 1750 4358; x_wconf 87' lang='grc' dir='ltr'>Ξένον</span> <span class='ocrx_word' id='word_1_581' title='bbox 1785 4305 1893 4377; x_wconf 84' lang='grc' dir='ltr'>γὰρ</span> <span class='ocrx_word' id='word_1_582' title='bbox 1931 4306 2104 4359; x_wconf 89' lang='grc' dir='ltr'>ἐδόκει</span> 
     </span>
    </p>
   </div>
   <div class='ocr_carea' id='block_1_73' title="bbox 429 4391 2100 4465">
    <p class='ocr_par' dir='ltr' id='par_1_73' title="bbox 429 4391 2100 4465">
     <span class='ocr_line' id='line_1_76' title="bbox 429 4391 2100 4465; baseline 0.002 -19"><span class='ocrx_word' id='word_1_583' title='bbox 429 4391 568 4448; x_wconf 84' lang='grc' dir='ltr'>εἶναι</span> <span class='ocrx_word' id='word_1_584' title='bbox 593 4397 686 4448; x_wconf 73' lang='grc' dir='ltr'>καὶ</span> <span class='ocrx_word' id='word_1_585' title='bbox 715 4397 1037 4463; x_wconf 78' lang='grc' dir='ltr'>παράδοξον.</span> <span class='ocrx_word' id='word_1_586' title='bbox 1058 4397 1252 4464; x_wconf 66' lang='grc' dir='ltr'>Ἄφνω</span> <span class='ocrx_word' id='word_1_587' title='bbox 1273 4395 1341 4448; x_wconf 87' lang='grc' dir='ltr'>δὲ</span> <span class='ocrx_word' id='word_1_588' title='bbox 1363 4398 1615 4465; x_wconf 77' lang='grc' dir='ltr'>σεισμός</span> <span class='ocrx_word' id='word_1_589' title='bbox 1640 4394 1876 4465; x_wconf 83' lang='grc' dir='ltr'>ἐγένετο</span> <span class='ocrx_word' id='word_1_590' title='bbox 1892 4394 2100 4463; x_wconf 79' lang='grc' dir='ltr'>μέγας,</span> 
     </span>
    </p>
   </div>
   <div class='ocr_carea' id='block_1_74' title="bbox 426 4482 2100 4553">
    <p class='ocr_par' dir='ltr' id='par_1_74' title="bbox 426 4482 2100 4553">
     <span class='ocr_line' id='line_1_77' title="bbox 426 4482 2100 4553; baseline 0.002 -18"><span class='ocrx_word' id='word_1_591' title='bbox 426 4482 586 4536; x_wconf 80' lang='grc' dir='ltr'>ὥστε</span> <span class='ocrx_word' id='word_1_592' title='bbox 643 4486 1019 4551; x_wconf 75' lang='grc' dir='ltr'>σαλευθῆναι</span> <span class='ocrx_word' id='word_1_593' title='bbox 1080 4483 1150 4537; x_wconf 80' lang='grc' dir='ltr'>τὰ</span> <span class='ocrx_word' id='word_1_594' title='bbox 1195 4483 1440 4552; x_wconf 86' lang='grc' dir='ltr'>θεμέλια</span> <span class='ocrx_word' id='word_1_595' title='bbox 1496 4483 1602 4538; x_wconf 87' lang='grc' dir='ltr'>τοῦ</span> <span class='ocrx_word' id='word_1_596' title='bbox 1657 4483 2100 4553; x_wconf 65' lang='grc' dir='ltr'>δεσμωτηρίων</span> 
     </span>
    </p>
   </div>
   <div class='ocr_carea' id='block_1_75' title="bbox 428 4569 2104 4642">
    <p class='ocr_par' dir='ltr' id='par_1_75' title="bbox 428 4569 2104 4642">
     <span class='ocr_line' id='line_1_78' title="bbox 428 4569 2104 4642; baseline -0.001 -16"><span class='ocrx_word' id='word_1_597' title='bbox 428 4569 825 4640; x_wconf 75' lang='grc' dir='ltr'>ἀνεῴχθησαν</span> <span class='ocrx_word' id='word_1_598' title='bbox 878 4590 942 4626; x_wconf 86' lang='grc' dir='ltr'>τε</span> <span class='ocrx_word' id='word_1_599' title='bbox 999 4571 1362 4642; x_wconf 83' lang='grc' dir='ltr'>παραχρῆμα</span> <span class='ocrx_word' id='word_1_600' title='bbox 1417 4572 1608 4627; x_wconf 86' lang='grc' dir='ltr'>πᾶσαι</span> <span class='ocrx_word' id='word_1_601' title='bbox 1650 4575 1710 4626; x_wconf 89' lang='grc' dir='ltr'>αἱ</span> <span class='ocrx_word' id='word_1_602' title='bbox 1751 4573 1944 4642; x_wconf 81' lang='grc' dir='ltr'>θύραι,</span> <span class='ocrx_word' id='word_1_603' title='bbox 2005 4572 2104 4625; x_wconf 82' lang='grc' dir='ltr'>καὶ</span> 
     </span>
    </p>
   </div>
   <div class='ocr_carea' id='block_1_76' title="bbox 429 4660 2102 4731">
    <p class='ocr_par' dir='ltr' id='par_1_76' title="bbox 429 4660 2102 4731">
     <span class='ocr_line' id='line_1_79' title="bbox 429 4660 2102 4731; baseline 0.001 -19"><span class='ocrx_word' id='word_1_604' title='bbox 429 4660 674 4714; x_wconf 81' lang='grc' dir='ltr'>πάντων</span> <span class='ocrx_word' id='word_1_605' title='bbox 696 4661 768 4714; x_wconf 86' lang='grc' dir='ltr'>τὰ</span> <span class='ocrx_word' id='word_1_606' title='bbox 800 4660 992 4731; x_wconf 83' lang='grc' dir='ltr'>δεσμὰ</span> <span class='ocrx_word' id='word_1_607' title='bbox 1013 4661 1218 4730; x_wconf 80' lang='grc' dir='ltr'>ἀνέθη.</span> <span class='ocrx_word' id='word_1_608' title='bbox 1258 4662 1486 4730; x_wconf 82' lang='grc' dir='ltr'>Σεισμὸς</span> <span class='ocrx_word' id='word_1_609' title='bbox 1519 4662 1736 4728; x_wconf 85' lang='grc' dir='ltr'>ἐγένετο</span> <span class='ocrx_word' id='word_1_610' title='bbox 1760 4701 1775 4725; x_wconf 95' lang='grc'>,</span> <span class='ocrx_word' id='word_1_611' title='bbox 1817 4661 1958 4714; x_wconf 84' lang='grc' dir='ltr'>ὥστε</span> <span class='ocrx_word' id='word_1_612' title='bbox 1997 4663 2102 4729; x_wconf 81' lang='grc' dir='ltr'>ἀφ-</span> 
     </span>
    </p>
   </div>
   <div class='ocr_carea' id='block_1_77' title="bbox 429 4748 2103 4820">
    <p class='ocr_par' dir='ltr' id='par_1_77' title="bbox 429 4748 2103 4820">
     <span class='ocr_line' id='line_1_80' title="bbox 429 4748 2103 4820; baseline 0.002 -21"><span class='ocrx_word' id='word_1_613' title='bbox 429 4748 755 4816; x_wconf 75' lang='grc' dir='ltr'>υπνισθῆναι</span> <span class='ocrx_word' id='word_1_614' title='bbox 789 4749 1024 4813; x_wconf 84' lang='grc' dir='ltr'>ἐκεῖνον,</span> <span class='ocrx_word' id='word_1_615' title='bbox 1061 4749 1157 4802; x_wconf 70' lang='grc' dir='ltr'>καὶ</span> <span class='ocrx_word' id='word_1_616' title='bbox 1202 4751 1260 4802; x_wconf 87' lang='grc' dir='ltr'>αί</span> <span class='ocrx_word' id='word_1_617' title='bbox 1311 4749 1474 4817; x_wconf 87' lang='grc' dir='ltr'>θύραι</span> <span class='ocrx_word' id='word_1_618' title='bbox 1527 4749 1912 4820; x_wconf 83' lang='grc' dir='ltr'>ἀνεῴχθησαν,</span> <span class='ocrx_word' id='word_1_619' title='bbox 1962 4748 2103 4802; x_wconf 87' lang='grc' dir='ltr'>ῶστε</span> 
     </span>
    </p>
   </div>
   <div class='ocr_carea' id='block_1_78' title="bbox 430 4832 2102 4909">
    <p class='ocr_par' dir='ltr' id='par_1_78' title="bbox 430 4832 2102 4909">
     <span class='ocr_line' id='line_1_81' title="bbox 430 4832 2102 4909; baseline 0 -20"><span class='ocrx_word' id='word_1_620' title='bbox 430 4835 704 4907; x_wconf 88' lang='grc' dir='ltr'>θαυμάσαι</span> <span class='ocrx_word' id='word_1_621' title='bbox 735 4837 794 4889; x_wconf 86' lang='grc' dir='ltr'>τὸ</span> <span class='ocrx_word' id='word_1_622' title='bbox 813 4837 1052 4906; x_wconf 89' lang='grc' dir='ltr'>γεγονός⁹</span> <span class='ocrx_word' id='word_1_623' title='bbox 1083 4837 1267 4890; x_wconf 75' lang='grc' dir='ltr'>Ταῦτα</span> <span class='ocrx_word' id='word_1_624' title='bbox 1291 4839 1340 4890; x_wconf 91' lang='grc' dir='ltr'>οἱ</span> <span class='ocrx_word' id='word_1_625' title='bbox 1373 4839 1646 4904; x_wconf 82' lang='grc' dir='ltr'>δεσμῶται</span> <span class='ocrx_word' id='word_1_626' title='bbox 1674 4839 1774 4907; x_wconf 72' lang='grc' dir='ltr'>οὐχ</span> <span class='ocrx_word' id='word_1_627' title='bbox 1816 4836 2034 4909; x_wconf 83' lang='grc' dir='ltr'>ἐώρων⁸</span> <span class='ocrx_word' id='word_1_628' title='bbox 2065 4832 2102 4908; x_wconf 81' lang='grc' dir='ltr'>ἦ</span> 
     </span>
    </p>
   </div>
   <div class='ocr_carea' id='block_1_79' title="bbox 429 4923 2104 4994">
    <p class='ocr_par' dir='ltr' id='par_1_79' title="bbox 429 4923 2104 4994">
     <span class='ocr_line' id='line_1_82' title="bbox 429 4923 2104 4994; baseline 0.001 -18"><span class='ocrx_word' id='word_1_629' title='bbox 429 4925 538 4994; x_wconf 73' lang='grc' dir='ltr'>γάρ</span> <span class='ocrx_word' id='word_1_630' title='bbox 559 4923 624 4977; x_wconf 82' lang='grc' dir='ltr'>ἂν</span> <span class='ocrx_word' id='word_1_631' title='bbox 654 4924 850 4993; x_wconf 78' lang='grc' dir='ltr'>ἔφυγον</span> <span class='ocrx_word' id='word_1_632' title='bbox 878 4927 1134 4990; x_wconf 77' lang='grc' dir='ltr'>ἅπαντες.</span> <span class='ocrx_word' id='word_1_633' title='bbox 1169 4926 1471 4992; x_wconf 74' lang='grc' dir='ltr'>Ἕξυπνος</span> <span class='ocrx_word' id='word_1_634' title='bbox 1500 4928 1568 4980; x_wconf 86' lang='grc' dir='ltr'>δὲ</span> <span class='ocrx_word' id='word_1_635' title='bbox 1597 4924 1916 4994; x_wconf 81' lang='grc' dir='ltr'>γενόμενος</span> <span class='ocrx_word' id='word_1_636' title='bbox 1949 4927 1982 4978; x_wconf 85' lang='grc' dir='ltr'>ό</span> <span class='ocrx_word' id='word_1_637' title='bbox 2012 4923 2104 4977; x_wconf 85' lang='grc' dir='ltr'>δε-</span> 
     </span>
    </p>
   </div>
   <div class='ocr_carea' id='block_1_80' title="bbox 429 5011 2104 5083">
    <p class='ocr_par' dir='ltr' id='par_1_80' title="bbox 429 5011 2104 5083">
     <span class='ocr_line' id='line_1_83' title="bbox 429 5011 2104 5083; baseline 0.001 -18"><span class='ocrx_word' id='word_1_638' title='bbox 429 5014 776 5080; x_wconf 62' lang='grc' dir='ltr'>σμοφύλαξ,</span> <span class='ocrx_word' id='word_1_639' title='bbox 809 5013 907 5066; x_wconf 79' lang='grc' dir='ltr'>καὶ</span> <span class='ocrx_word' id='word_1_640' title='bbox 935 5013 1080 5066; x_wconf 85' lang='grc' dir='ltr'>ἰδὼν</span> <span class='ocrx_word' id='word_1_641' title='bbox 1109 5014 1489 5083; x_wconf 79' lang='grc' dir='ltr'>ἀνεῳγμένας</span> <span class='ocrx_word' id='word_1_642' title='bbox 1512 5013 1618 5080; x_wconf 85' lang='grc' dir='ltr'>τὰς</span> <span class='ocrx_word' id='word_1_643' title='bbox 1641 5014 1826 5080; x_wconf 85' lang='grc' dir='ltr'>θύρας</span> <span class='ocrx_word' id='word_1_644' title='bbox 1855 5011 1968 5080; x_wconf 79' lang='grc' dir='ltr'>τῆς</span> <span class='ocrx_word' id='word_1_645' title='bbox 1992 5029 2104 5080; x_wconf 68' lang='grc' dir='ltr'>φυ-</span> 
     </span>
    </p>
   </div>
   <div class='ocr_carea' id='block_1_81' title="bbox 427 5100 2103 5172">
    <p class='ocr_par' dir='ltr' id='par_1_81' title="bbox 427 5100 2103 5172">
     <span class='ocr_line' id='line_1_84' title="bbox 427 5100 2103 5172; baseline -0.002 -18"><span class='ocrx_word' id='word_1_646' title='bbox 427 5100 643 5168; x_wconf 81' lang='grc' dir='ltr'>λακῆς,</span> <span class='ocrx_word' id='word_1_647' title='bbox 667 5102 1062 5171; x_wconf 78' lang='grc' dir='ltr'>σπασάμενος</span> <span class='ocrx_word' id='word_1_648' title='bbox 1081 5102 1384 5172; x_wconf 78' lang='grc' dir='ltr'>μάχαιραν</span> <span class='ocrx_word' id='word_1_649' title='bbox 1415 5102 1673 5172; x_wconf 80' lang='grc' dir='ltr'>ἔμελλεν</span> <span class='ocrx_word' id='word_1_650' title='bbox 1700 5101 1919 5154; x_wconf 80' lang='grc' dir='ltr'>ἑαυτὸν</span> <span class='ocrx_word' id='word_1_651' title='bbox 1939 5101 2103 5153; x_wconf 86' lang='grc' dir='ltr'>ἀναι-</span> 
     </span>
    </p>
   </div>
   <div class='ocr_carea' id='block_1_82' title="bbox 421 5187 2098 5264">
    <p class='ocr_par' dir='ltr' id='par_1_82' title="bbox 421 5187 2098 5264">
     <span class='ocr_line' id='line_1_85' title="bbox 421 5187 2098 5264; baseline -0.008 -10"><span class='ocrx_word' id='word_1_652' title='bbox 421 5187 577 5254; x_wconf 69' lang='grc' dir='ltr'>ρεῗνν</span> <span class='ocrx_word' id='word_1_653' title='bbox 628 5188 878 5258; x_wconf 74' lang='grc' dir='ltr'>νομίζων</span> <span class='ocrx_word' id='word_1_654' title='bbox 928 5190 1080 5264; x_wconf 77' lang='grc'>[275]</span> <span class='ocrx_word' id='word_1_655' title='bbox 1123 5191 1561 5261; x_wconf 58' lang='grc' dir='ltr'>ἐκπεφευγέναι</span> <span class='ocrx_word' id='word_1_656' title='bbox 1603 5189 1746 5256; x_wconf 87' lang='grc' dir='ltr'>τοὺς</span> <span class='ocrx_word' id='word_1_657' title='bbox 1790 5189 2098 5257; x_wconf 82' lang='grc' dir='ltr'>δεσμίους.</span> 
     </span>
    </p>
   </div>
   <div class='ocr_carea' id='block_1_83' title="bbox 443 5273 2103 5350">
    <p class='ocr_par' dir='ltr' id='par_1_83' title="bbox 443 5273 2103 5350">
     <span class='ocr_line' id='line_1_86' title="bbox 443 5273 2103 5350; baseline -0.002 -18"><span class='ocrx_word' id='word_1_658' title='bbox 443 5273 751 5344; x_wconf 59' lang='grc' dir='ltr'>Ἐφώνησε</span> <span class='ocrx_word' id='word_1_659' title='bbox 774 5277 842 5331; x_wconf 86' lang='grc' dir='ltr'>δὲ</span> <span class='ocrx_word' id='word_1_660' title='bbox 867 5279 1036 5347; x_wconf 69' lang='grc' dir='ltr'>φωνῇ</span> <span class='ocrx_word' id='word_1_661' title='bbox 1047 5279 1280 5350; x_wconf 73' lang='grc' dir='ltr'>μεγάλῃ</span> <span class='ocrx_word' id='word_1_662' title='bbox 1304 5283 1337 5335; x_wconf 87' lang='grc' dir='ltr'>ό</span> <span class='ocrx_word' id='word_1_663' title='bbox 1358 5280 1620 5346; x_wconf 87' lang='grc' dir='ltr'>Παῦλος,</span> <span class='ocrx_word' id='word_1_664' title='bbox 1644 5277 1840 5348; x_wconf 76' lang='grc' dir='ltr'>λέγων</span> <span class='ocrx_word' id='word_1_665' title='bbox 1856 5293 1871 5307; x_wconf 78' lang='grc'><strong><em>⁸</em></strong></span> <span class='ocrx_word' id='word_1_666' title='bbox 1896 5276 2103 5344; x_wconf 84' lang='grc' dir='ltr'>Μηδὲν</span> 
     </span>
    </p>
   </div>
   <div class='ocr_carea' id='block_1_84' title="bbox 429 5362 2099 5438">
    <p class='ocr_par' dir='ltr' id='par_1_84' title="bbox 429 5362 2099 5438">
     <span class='ocr_line' id='line_1_87' title="bbox 429 5362 2099 5438; baseline 0.002 -22"><span class='ocrx_word' id='word_1_667' title='bbox 429 5362 666 5431; x_wconf 80' lang='grc' dir='ltr'>πράξῃς</span> <span class='ocrx_word' id='word_1_668' title='bbox 696 5365 932 5430; x_wconf 88' lang='grc' dir='ltr'>σεαυτῷ</span> <span class='ocrx_word' id='word_1_669' title='bbox 967 5369 1158 5420; x_wconf 81' lang='grc' dir='ltr'>κακόν</span> <span class='ocrx_word' id='word_1_670' title='bbox 1180 5383 1193 5396; x_wconf 79' lang='lat'>&#39;</span> <span class='ocrx_word' id='word_1_671' title='bbox 1219 5369 1481 5434; x_wconf 78' lang='grc' dir='ltr'>ἅπαντες</span> <span class='ocrx_word' id='word_1_672' title='bbox 1509 5365 1620 5438; x_wconf 76' lang='grc' dir='ltr'>γάρ</span> <span class='ocrx_word' id='word_1_673' title='bbox 1653 5367 1840 5435; x_wconf 78' lang='grc' dir='ltr'>ἐσμεν</span> <span class='ocrx_word' id='word_1_674' title='bbox 1866 5365 2099 5420; x_wconf 80' lang='grc' dir='ltr'>ἐνθάδε.</span> 
     </span>
    </p>
   </div>
   <div class='ocr_carea' id='block_1_85' title="bbox 443 5450 2099 5526">
    <p class='ocr_par' dir='ltr' id='par_1_85' title="bbox 443 5450 2099 5526">
     <span class='ocr_line' id='line_1_88' title="bbox 443 5450 2099 5526; baseline 0.002 -22"><span class='ocrx_word' id='word_1_675' title='bbox 443 5450 750 5522; x_wconf 84' lang='grc' dir='ltr'>Ἐθαύμασε</span> <span class='ocrx_word' id='word_1_676' title='bbox 775 5453 974 5523; x_wconf 77' lang='grc' dir='ltr'>μᾶλλον</span> <span class='ocrx_word' id='word_1_677' title='bbox 992 5455 1088 5524; x_wconf 76' lang='grc' dir='ltr'>τὴν</span> <span class='ocrx_word' id='word_1_678' title='bbox 1111 5455 1520 5526; x_wconf 80' lang='grc' dir='ltr'>φιλανθρωπίαν</span> <span class='ocrx_word' id='word_1_679' title='bbox 1548 5454 1760 5509; x_wconf 87' lang='grc' dir='ltr'>Παύλου</span> <span class='ocrx_word' id='word_1_680' title='bbox 1781 5471 1796 5485; x_wconf 76' lang='grc' dir='ltr'><strong>ο</strong></span> <span class='ocrx_word' id='word_1_681' title='bbox 1827 5453 2099 5525; x_wconf 81' lang='grc' dir='ltr'>ἐξεπλάγη</span> 
     </span>
    </p>
   </div>
   <div class='ocr_carea' id='block_1_86' title="bbox 425 5539 2104 5614">
    <p class='ocr_par' dir='ltr' id='par_1_86' title="bbox 425 5539 2104 5614">
     <span class='ocr_line' id='line_1_89' title="bbox 425 5539 2104 5614; baseline 0.002 -23"><span class='ocrx_word' id='word_1_682' title='bbox 425 5539 527 5610; x_wconf 79' lang='grc' dir='ltr'>τὴν</span> <span class='ocrx_word' id='word_1_683' title='bbox 559 5539 830 5611; x_wconf 88' lang='grc' dir='ltr'>ἀνδρείαν,</span> <span class='ocrx_word' id='word_1_684' title='bbox 858 5540 940 5593; x_wconf 79' lang='grc' dir='ltr'>ὅτι</span> <span class='ocrx_word' id='word_1_685' title='bbox 967 5542 1061 5594; x_wconf 76' lang='grc' dir='ltr'>καὶ</span> <span class='ocrx_word' id='word_1_686' title='bbox 1097 5545 1290 5610; x_wconf 84' lang='grc' dir='ltr'>φυγεῖν</span> <span class='ocrx_word' id='word_1_687' title='bbox 1323 5543 1619 5614; x_wconf 89' lang='grc' dir='ltr'>δυνάμενος</span> <span class='ocrx_word' id='word_1_688' title='bbox 1651 5544 1751 5596; x_wconf 81' lang='grc' dir='ltr'>οὐκ</span> <span class='ocrx_word' id='word_1_689' title='bbox 1781 5541 1970 5611; x_wconf 79' lang='grc' dir='ltr'>ἔφυγε,</span> <span class='ocrx_word' id='word_1_690' title='bbox 2008 5544 2104 5595; x_wconf 70' lang='grc' dir='ltr'>καὶ</span> 
     </span>
    </p>
   </div>
   <div class='ocr_carea' id='block_1_87' title="bbox 426 5627 2101 5701">
    <p class='ocr_par' dir='ltr' id='par_1_87' title="bbox 426 5627 2101 5701">
     <span class='ocr_line' id='line_1_90' title="bbox 426 5627 2101 5701; baseline 0.002 -21"><span class='ocrx_word' id='word_1_691' title='bbox 426 5629 509 5680; x_wconf 81' lang='grc' dir='ltr'>ὅτι</span> <span class='ocrx_word' id='word_1_692' title='bbox 563 5627 723 5681; x_wconf 78' lang='grc' dir='ltr'>αὐτὸν</span> <span class='ocrx_word' id='word_1_693' title='bbox 755 5627 996 5682; x_wconf 89' lang='grc' dir='ltr'>ἐκώλυσε</span> <span class='ocrx_word' id='word_1_694' title='bbox 1053 5630 1152 5697; x_wconf 87' lang='grc' dir='ltr'>τῆς</span> <span class='ocrx_word' id='word_1_695' title='bbox 1210 5631 1444 5701; x_wconf 80' lang='grc' dir='ltr'>σφαγῆς.</span> <span class='ocrx_word' id='word_1_696' title='bbox 1501 5631 1769 5699; x_wconf 84' lang='grc' dir='ltr'>Αὶτήσας</span> <span class='ocrx_word' id='word_1_697' title='bbox 1815 5630 1884 5683; x_wconf 86' lang='grc' dir='ltr'>δὲ</span> <span class='ocrx_word' id='word_1_698' title='bbox 1936 5630 2101 5699; x_wconf 70' lang='grc' dir='ltr'>φῶτα</span> 
     </span>
    </p>
   </div>
   <div class='ocr_carea' id='block_1_88' title="bbox 428 5716 2100 5788">
    <p class='ocr_par' dir='ltr' id='par_1_88' title="bbox 428 5716 2100 5788">
     <span class='ocr_line' id='line_1_91' title="bbox 428 5716 2100 5788; baseline 0.002 -20"><span class='ocrx_word' id='word_1_699' title='bbox 428 5716 816 5785; x_wconf 67' lang='grc' dir='ltr'>εἰσεπιὶδησε,</span> <span class='ocrx_word' id='word_1_700' title='bbox 850 5716 950 5770; x_wconf 81' lang='grc' dir='ltr'>καί</span> <span class='ocrx_word' id='word_1_701' title='bbox 985 5717 1272 5788; x_wconf 76' lang='grc' dir='ltr'>ἔντρομος</span> <span class='ocrx_word' id='word_1_702' title='bbox 1313 5719 1620 5788; x_wconf 80' lang='grc' dir='ltr'>ὑπάρχων,</span> <span class='ocrx_word' id='word_1_703' title='bbox 1649 5719 1993 5786; x_wconf 83' lang='grc' dir='ltr'>προσέπεσε</span> <span class='ocrx_word' id='word_1_704' title='bbox 2022 5718 2100 5785; x_wconf 84' lang='grc' dir='ltr'>τῷ</span> 
     </span>
    </p>
   </div>
   <div class='ocr_carea' id='block_1_89' title="bbox 432 5804 2100 5875">
    <p class='ocr_par' dir='ltr' id='par_1_89' title="bbox 432 5804 2100 5875">
     <span class='ocr_line' id='line_1_92' title="bbox 432 5804 2100 5875; baseline 0.002 -21"><span class='ocrx_word' id='word_1_705' title='bbox 432 5805 649 5869; x_wconf 76' lang='grc' dir='ltr'>Παύλῳ</span> <span class='ocrx_word' id='word_1_706' title='bbox 689 5806 787 5859; x_wconf 79' lang='grc' dir='ltr'>καί</span> <span class='ocrx_word' id='word_1_707' title='bbox 833 5804 912 5871; x_wconf 83' lang='grc' dir='ltr'>τῷ</span> <span class='ocrx_word' id='word_1_708' title='bbox 944 5807 1130 5872; x_wconf 81' lang='grc' dir='ltr'>Σίλςι,</span> <span class='ocrx_word' id='word_1_709' title='bbox 1165 5807 1262 5859; x_wconf 77' lang='grc' dir='ltr'>καί</span> <span class='ocrx_word' id='word_1_710' title='bbox 1309 5805 1664 5875; x_wconf 76' lang='grc' dir='ltr'>προαγαγὼν</span> <span class='ocrx_word' id='word_1_711' title='bbox 1692 5805 1915 5869; x_wconf 71' lang='grc' dir='ltr'>αὐτοὺς</span> <span class='ocrx_word' id='word_1_712' title='bbox 1965 5806 2100 5869; x_wconf 75' lang='grc' dir='ltr'>ἔξω,</span> 
     </span>
    </p>
   </div>
   <div class='ocr_carea' id='block_1_90' title="bbox 431 5888 2103 5964">
    <p class='ocr_par' dir='ltr' id='par_1_90' title="bbox 431 5888 2103 5964">
     <span class='ocr_line' id='line_1_93' title="bbox 431 5888 2103 5964; baseline 0.001 -21"><span class='ocrx_word' id='word_1_713' title='bbox 431 5893 578 5956; x_wconf 53' lang='grc' dir='ltr'>ἕρη·</span> <span class='ocrx_word' id='word_1_714' title='bbox 613 5895 834 5962; x_wconf 80' lang='grc' dir='ltr'>Κύριοι,</span> <span class='ocrx_word' id='word_1_715' title='bbox 863 5895 921 5948; x_wconf 90' lang='grc' dir='ltr'>τί</span> <span class='ocrx_word' id='word_1_716' title='bbox 944 5911 1022 5964; x_wconf 85' lang='grc' dir='ltr'>με</span> <span class='ocrx_word' id='word_1_717' title='bbox 1058 5893 1155 5948; x_wconf 82' lang='grc' dir='ltr'>δεῖ</span> <span class='ocrx_word' id='word_1_718' title='bbox 1181 5893 1396 5958; x_wconf 78' lang='grc' dir='ltr'>ποιεῖν,</span> <span class='ocrx_word' id='word_1_719' title='bbox 1437 5893 1540 5946; x_wconf 81' lang='grc' dir='ltr'>ἵνα</span> <span class='ocrx_word' id='word_1_720' title='bbox 1575 5891 1781 5957; x_wconf 86' lang='grc' dir='ltr'>σωθῶ;</span> <span class='ocrx_word' id='word_1_721' title='bbox 1804 5888 1957 5955; x_wconf 76' lang='grc' dir='ltr'>Εἶδες</span> <span class='ocrx_word' id='word_1_722' title='bbox 1989 5893 2103 5956; x_wconf 85' lang='grc' dir='ltr'>πῶς</span> 
     </span>
    </p>
   </div>
   <div class='ocr_carea' id='block_1_91' title="bbox 429 5974 2102 6056">
    <p class='ocr_par' dir='ltr' id='par_1_91' title="bbox 429 5974 2102 6056">
     <span class='ocr_line' id='line_1_94' title="bbox 429 5974 2102 6056; baseline 0.005 -27"><span class='ocrx_word' id='word_1_723' title='bbox 429 5977 589 6032; x_wconf 67' lang='grc' dir='ltr'>αὐτὸν</span> <span class='ocrx_word' id='word_1_724' title='bbox 627 5974 732 6035; x_wconf 75' lang='grc' dir='ltr'>εἷλε</span> <span class='ocrx_word' id='word_1_725' title='bbox 767 5983 823 6036; x_wconf 72' lang='grc' dir='ltr'>τὸ</span> <span class='ocrx_word' id='word_1_726' title='bbox 848 5982 1069 6056; x_wconf 77' lang='grc' dir='ltr'>θαῦμα;</span> <span class='ocrx_word' id='word_1_727' title='bbox 1104 5985 1169 6038; x_wconf 83' lang='grc' dir='ltr'>Οἱ</span> <span class='ocrx_word' id='word_1_728' title='bbox 1192 5983 1258 6039; x_wconf 85' lang='grc' dir='ltr'>δὲ</span> <span class='ocrx_word' id='word_1_729' title='bbox 1280 5979 1473 6049; x_wconf 78' lang='grc' dir='ltr'>εἶπεν,</span> <span class='ocrx_word' id='word_1_730' title='bbox 1501 5981 1842 6036; x_wconf 80' lang='grc' dir='ltr'>Πίστευσον</span> <span class='ocrx_word' id='word_1_731' title='bbox 1867 5981 1966 6036; x_wconf 77' lang='grc' dir='ltr'>ἐπὶ</span> <span class='ocrx_word' id='word_1_732' title='bbox 2001 5982 2102 6037; x_wconf 81' lang='grc' dir='ltr'>τὸν</span> 
     </span>
    </p>
   </div>
   <div class='ocr_carea' id='block_1_92' title="bbox 2209 2787 3892 2862">
    <p class='ocr_par' dir='ltr' id='par_1_92' title="bbox 2209 2787 3892 2862">
     <span class='ocr_line' id='line_1_95' title="bbox 2209 2787 3892 2862; baseline 0.002 -18"><span class='ocrx_word' id='word_1_733' title='bbox 2209 2791 2428 2859; x_wconf 83' lang='grc' dir='ltr'>Κύριον</span> <span class='ocrx_word' id='word_1_734' title='bbox 2461 2791 2696 2860; x_wconf 83' lang='grc' dir='ltr'>Ἰησοῦν</span> <span class='ocrx_word' id='word_1_735' title='bbox 2715 2790 2992 2859; x_wconf 84' lang='grc' dir='ltr'>Χριστὸν,</span> <span class='ocrx_word' id='word_1_736' title='bbox 3021 2790 3119 2845; x_wconf 79' lang='grc' dir='ltr'>καί</span> <span class='ocrx_word' id='word_1_737' title='bbox 3139 2792 3386 2862; x_wconf 78' lang='grc' dir='ltr'>σωθήσῃ</span> <span class='ocrx_word' id='word_1_738' title='bbox 3415 2791 3497 2845; x_wconf 87' lang='grc' dir='ltr'>σὺ</span> <span class='ocrx_word' id='word_1_739' title='bbox 3531 2791 3630 2844; x_wconf 79' lang='grc' dir='ltr'>καί</span> <span class='ocrx_word' id='word_1_740' title='bbox 3657 2794 3690 2846; x_wconf 83' lang='grc' dir='ltr'><em>ὁ</em></span> <span class='ocrx_word' id='word_1_741' title='bbox 3715 2787 3892 2860; x_wconf 76' lang='grc' dir='ltr'>οἶκός</span> 
     </span>
    </p>
   </div>
   <div class='ocr_carea' id='block_1_93' title="bbox 2209 2877 3887 2948">
    <p class='ocr_par' dir='ltr' id='par_1_93' title="bbox 2209 2877 3887 2948">
     <span class='ocr_line' id='line_1_96' title="bbox 2209 2877 3887 2948; baseline 0.002 -16"><span class='ocrx_word' id='word_1_742' title='bbox 2209 2894 2348 2932; x_wconf 91' lang='grc' dir='ltr'>σου.</span> <span class='ocrx_word' id='word_1_743' title='bbox 2399 2879 2508 2933; x_wconf 77' lang='grc' dir='ltr'>Καὶ</span> <span class='ocrx_word' id='word_1_744' title='bbox 2556 2878 2871 2948; x_wconf 81' lang='grc' dir='ltr'>ἐλάλησαν</span> <span class='ocrx_word' id='word_1_745' title='bbox 2905 2877 3065 2944; x_wconf 82' lang='grc' dir='ltr'>αὐτῷ</span> <span class='ocrx_word' id='word_1_746' title='bbox 3105 2877 3214 2933; x_wconf 85' lang='grc' dir='ltr'>τὸν</span> <span class='ocrx_word' id='word_1_747' title='bbox 3261 2880 3446 2947; x_wconf 79' lang='grc' dir='ltr'>λόγον</span> <span class='ocrx_word' id='word_1_748' title='bbox 3479 2879 3586 2934; x_wconf 90' lang='grc' dir='ltr'>τοῦ</span> <span class='ocrx_word' id='word_1_749' title='bbox 3632 2881 3887 2948; x_wconf 85' lang='grc' dir='ltr'>Κυρίου,</span> 
     </span>
    </p>
   </div>
   <div class='ocr_carea' id='block_1_94' title="bbox 2209 2965 3888 3036">
    <p class='ocr_par' dir='ltr' id='par_1_94' title="bbox 2209 2965 3888 3036">
     <span class='ocr_line' id='line_1_97' title="bbox 2209 2965 3888 3036; baseline 0.002 -17"><span class='ocrx_word' id='word_1_750' title='bbox 2209 2965 2305 3019; x_wconf 81' lang='grc' dir='ltr'>καί</span> <span class='ocrx_word' id='word_1_751' title='bbox 2338 2965 2489 3022; x_wconf 87' lang='grc' dir='ltr'>πᾶσι</span> <span class='ocrx_word' id='word_1_752' title='bbox 2525 2967 2650 3033; x_wconf 86' lang='grc' dir='ltr'>τοῖς</span> <span class='ocrx_word' id='word_1_753' title='bbox 2675 2967 2746 3021; x_wconf 83' lang='grc' dir='ltr'>ἐν</span> <span class='ocrx_word' id='word_1_754' title='bbox 2772 2966 2847 3036; x_wconf 79' lang='grc' dir='ltr'>τῇ</span> <span class='ocrx_word' id='word_1_755' title='bbox 2885 2968 3041 3034; x_wconf 75' lang='grc' dir='ltr'>οἰκίᾳ</span> <span class='ocrx_word' id='word_1_756' title='bbox 3065 2967 3272 3022; x_wconf 88' lang='grc' dir='ltr'>αὑτοῦ.</span> <span class='ocrx_word' id='word_1_757' title='bbox 3313 2968 3408 3020; x_wconf 86' lang='grc' dir='ltr'>Ἐκ</span> <span class='ocrx_word' id='word_1_758' title='bbox 3441 2968 3535 3021; x_wconf 81' lang='grc' dir='ltr'>τοῦ</span> <span class='ocrx_word' id='word_1_759' title='bbox 3561 2967 3770 3032; x_wconf 78' lang='grc' dir='ltr'>εὐθέως</span> <span class='ocrx_word' id='word_1_760' title='bbox 3793 2969 3888 3022; x_wconf 75' lang='grc' dir='ltr'>λαο</span> 
     </span>
    </p>
   </div>
   <div class='ocr_carea' id='block_1_95' title="bbox 2208 3053 3886 3128">
    <p class='ocr_par' dir='ltr' id='par_1_95' title="bbox 2208 3053 3886 3128">
     <span class='ocr_line' id='line_1_98' title="bbox 2208 3053 3886 3128; baseline 0.002 -22"><span class='ocrx_word' id='word_1_761' title='bbox 2208 3053 2369 3125; x_wconf 79' lang='grc' dir='ltr'>λῆσαι</span> <span class='ocrx_word' id='word_1_762' title='bbox 2399 3054 2547 3124; x_wconf 85' lang='grc' dir='ltr'>αύτῷ</span> <span class='ocrx_word' id='word_1_763' title='bbox 2584 3055 2928 3120; x_wconf 77' lang='grc' dir='ltr'>ἐπεδείξαντο</span> <span class='ocrx_word' id='word_1_764' title='bbox 2959 3055 3058 3128; x_wconf 81' lang='grc' dir='ltr'>τὴν</span> <span class='ocrx_word' id='word_1_765' title='bbox 3088 3055 3214 3127; x_wconf 75' lang='grc' dir='ltr'>περὶ</span> <span class='ocrx_word' id='word_1_766' title='bbox 3246 3055 3411 3109; x_wconf 81' lang='grc' dir='ltr'>αὐτὸν</span> <span class='ocrx_word' id='word_1_767' title='bbox 3450 3055 3886 3128; x_wconf 78' lang='grc' dir='ltr'>φιλανθρωπίαν.</span> 
     </span>
    </p>
   </div>
   <div class='ocr_carea' id='block_1_96' title="bbox 2209 3142 3882 3212">
    <p class='ocr_par' dir='ltr' id='par_1_96' title="bbox 2209 3142 3882 3212">
     <span class='ocr_line' id='line_1_99' title="bbox 2209 3142 3882 3212; baseline 0.002 -16"><span class='ocrx_word' id='word_1_768' title='bbox 2209 3144 2317 3197; x_wconf 79' lang='grc' dir='ltr'>Καὶ</span> <span class='ocrx_word' id='word_1_769' title='bbox 2357 3142 2720 3212; x_wconf 87' lang='grc' dir='ltr'>παραλαϐὼν</span> <span class='ocrx_word' id='word_1_770' title='bbox 2755 3144 2978 3211; x_wconf 84' lang='grc' dir='ltr'>αὐτοὺς</span> <span class='ocrx_word' id='word_1_771' title='bbox 3007 3144 3076 3198; x_wconf 89' lang='grc' dir='ltr'>ἑν</span> <span class='ocrx_word' id='word_1_772' title='bbox 3121 3143 3322 3212; x_wconf 79' lang='grc' dir='ltr'>ἐκείνῃ</span> <span class='ocrx_word' id='word_1_773' title='bbox 3372 3143 3446 3212; x_wconf 81' lang='grc' dir='ltr'>τῇ</span> <span class='ocrx_word' id='word_1_774' title='bbox 3485 3143 3608 3212; x_wconf 78' lang='grc' dir='ltr'>ὥρᾳ</span> <span class='ocrx_word' id='word_1_775' title='bbox 3639 3143 3750 3212; x_wconf 84' lang='grc' dir='ltr'>τῆς</span> <span class='ocrx_word' id='word_1_776' title='bbox 3781 3163 3882 3199; x_wconf 84' lang='grc' dir='ltr'>νυ-</span> 
     </span>
    </p>
   </div>
   <div class='ocr_carea' id='block_1_97' title="bbox 2208 3229 3890 3302">
    <p class='ocr_par' dir='ltr' id='par_1_97' title="bbox 2208 3229 3890 3302">
     <span class='ocr_line' id='line_1_100' title="bbox 2208 3229 3890 3302; baseline 0.003 -19"><span class='ocrx_word' id='word_1_777' title='bbox 2208 3229 2370 3296; x_wconf 83' lang='grc' dir='ltr'>κτὸς,</span> <span class='ocrx_word' id='word_1_778' title='bbox 2400 3230 2663 3284; x_wconf 76' lang='grc' dir='ltr'>ἔλουσεν</span> <span class='ocrx_word' id='word_1_779' title='bbox 2681 3229 2799 3284; x_wconf 86' lang='grc' dir='ltr'>ἀπὸ</span> <span class='ocrx_word' id='word_1_780' title='bbox 2837 3230 2954 3284; x_wconf 91' lang='grc' dir='ltr'>τῶν</span> <span class='ocrx_word' id='word_1_781' title='bbox 2979 3231 3375 3302; x_wconf 61' lang='grc' dir='ltr'>πληγῶνλίαὶ</span> <span class='ocrx_word' id='word_1_782' title='bbox 3409 3234 3735 3301; x_wconf 83' lang='grc' dir='ltr'>ἐϐαπτίσθη</span> <span class='ocrx_word' id='word_1_783' title='bbox 3774 3237 3890 3288; x_wconf 82' lang='grc' dir='ltr'>αὐ-</span> 
     </span>
    </p>
   </div>
   <div class='ocr_carea' id='block_1_98' title="bbox 2207 3316 3888 3390">
    <p class='ocr_par' dir='ltr' id='par_1_98' title="bbox 2207 3316 3888 3390">
     <span class='ocr_line' id='line_1_101' title="bbox 2207 3316 3888 3390; baseline 0.003 -20"><span class='ocrx_word' id='word_1_784' title='bbox 2207 3317 2330 3382; x_wconf 87' lang='grc' dir='ltr'>τὸς,</span> <span class='ocrx_word' id='word_1_785' title='bbox 2363 3316 2462 3370; x_wconf 79' lang='grc' dir='ltr'>καί</span> <span class='ocrx_word' id='word_1_786' title='bbox 2487 3319 2542 3371; x_wconf 82' lang='grc' dir='ltr'>οί</span> <span class='ocrx_word' id='word_1_787' title='bbox 2569 3317 2757 3372; x_wconf 86' lang='grc' dir='ltr'>αὑτοῦ</span> <span class='ocrx_word' id='word_1_788' title='bbox 2779 3317 3002 3385; x_wconf 80' lang='grc' dir='ltr'>πάντες</span> <span class='ocrx_word' id='word_1_789' title='bbox 3029 3319 3409 3390; x_wconf 81' lang='grc' dir='ltr'>παραχρῆμα.</span> <span class='ocrx_word' id='word_1_790' title='bbox 3456 3321 3783 3390; x_wconf 63' lang='grc' dir='ltr'>Ἀναγαγὼν</span> <span class='ocrx_word' id='word_1_791' title='bbox 3816 3339 3888 3375; x_wconf 81' lang='grc' dir='ltr'>τε</span> 
     </span>
    </p>
   </div>
   <div class='ocr_carea' id='block_1_99' title="bbox 2207 3401 3888 3478">
    <p class='ocr_par' dir='ltr' id='par_1_99' title="bbox 2207 3401 3888 3478">
     <span class='ocr_line' id='line_1_102' title="bbox 2207 3401 3888 3478; baseline 0.004 -20"><span class='ocrx_word' id='word_1_792' title='bbox 2207 3405 2429 3471; x_wconf 84' lang='grc' dir='ltr'>αὐτοὺς</span> <span class='ocrx_word' id='word_1_793' title='bbox 2449 3406 2535 3470; x_wconf 84' lang='grc' dir='ltr'>είς</span> <span class='ocrx_word' id='word_1_794' title='bbox 2571 3405 2677 3458; x_wconf 88' lang='grc' dir='ltr'>τὸν</span> <span class='ocrx_word' id='word_1_795' title='bbox 2703 3401 2888 3470; x_wconf 78' lang='grc' dir='ltr'>οἷκον,</span> <span class='ocrx_word' id='word_1_796' title='bbox 2914 3406 3210 3477; x_wconf 84' lang='grc' dir='ltr'>παρέθηκε</span> <span class='ocrx_word' id='word_1_797' title='bbox 3231 3407 3542 3477; x_wconf 75' lang='grc' dir='ltr'>τράπεζαν,</span> <span class='ocrx_word' id='word_1_798' title='bbox 3572 3410 3668 3463; x_wconf 77' lang='grc' dir='ltr'>καί</span> <span class='ocrx_word' id='word_1_799' title='bbox 3698 3412 3888 3478; x_wconf 73' lang='grc' dir='ltr'>ἠγαλ-</span> 
     </span>
    </p>
   </div>
   <div class='ocr_carea' id='block_1_100' title="bbox 2206 3491 3886 3565">
    <p class='ocr_par' dir='ltr' id='par_1_100' title="bbox 2206 3491 3886 3565">
     <span class='ocr_line' id='line_1_103' title="bbox 2206 3491 3886 3565; baseline 0.002 -18"><span class='ocrx_word' id='word_1_800' title='bbox 2206 3491 2377 3547; x_wconf 78' lang='grc' dir='ltr'>λιᾶτο</span> <span class='ocrx_word' id='word_1_801' title='bbox 2410 3493 2651 3548; x_wconf 78' lang='grc' dir='ltr'>πανοικὶ</span> <span class='ocrx_word' id='word_1_802' title='bbox 2679 3495 3092 3560; x_wconf 78' lang='grc' dir='ltr'>πεπιστευκὼς</span> <span class='ocrx_word' id='word_1_803' title='bbox 3113 3495 3192 3560; x_wconf 84' lang='grc' dir='ltr'>τῷ</span> <span class='ocrx_word' id='word_1_804' title='bbox 3213 3496 3356 3562; x_wconf 80' lang='grc' dir='ltr'>Θεῷ.</span> <span class='ocrx_word' id='word_1_805' title='bbox 3380 3498 3633 3550; x_wconf 87' lang='grc' dir='ltr'>Ἐλουσεν</span> <span class='ocrx_word' id='word_1_806' title='bbox 3657 3499 3886 3565; x_wconf 75' lang='grc' dir='ltr'>αὐτοὺς,</span> 
     </span>
    </p>
   </div>
   <div class='ocr_carea' id='block_1_101' title="bbox 2208 3580 3890 3655">
    <p class='ocr_par' dir='ltr' id='par_1_101' title="bbox 2208 3580 3890 3655">
     <span class='ocr_line' id='line_1_104' title="bbox 2208 3580 3890 3655; baseline 0.002 -21"><span class='ocrx_word' id='word_1_807' title='bbox 2208 3580 2395 3649; x_wconf 82' lang='grc' dir='ltr'>ὥσπερ</span> <span class='ocrx_word' id='word_1_808' title='bbox 2420 3581 2777 3652; x_wconf 84' lang='grc' dir='ltr'>ἀμειϐόμενος</span> <span class='ocrx_word' id='word_1_809' title='bbox 2799 3583 2896 3654; x_wconf 83' lang='grc' dir='ltr'>τὴν</span> <span class='ocrx_word' id='word_1_810' title='bbox 2929 3583 3110 3655; x_wconf 90' lang='grc' dir='ltr'>χάριν,</span> <span class='ocrx_word' id='word_1_811' title='bbox 3145 3587 3239 3638; x_wconf 65' lang='grc' dir='ltr'>καὶ</span> <span class='ocrx_word' id='word_1_812' title='bbox 3272 3602 3448 3654; x_wconf 90' lang='grc' dir='ltr'>τιμων</span> <span class='ocrx_word' id='word_1_813' title='bbox 3478 3585 3672 3648; x_wconf 71' lang='grc' dir='ltr'>αὐτοὺς</span> <span class='ocrx_word' id='word_1_814' title='bbox 3709 3583 3782 3638; x_wconf 81' lang='grc' dir='ltr'>δι’</span> <span class='ocrx_word' id='word_1_815' title='bbox 3809 3582 3890 3639; x_wconf 83' lang='grc' dir='ltr'>ὦν</span> 
     </span>
    </p>
   </div>
   <div class='ocr_carea' id='block_1_102' title="bbox 2207 3669 3889 3741">
    <p class='ocr_par' dir='ltr' id='par_1_102' title="bbox 2207 3669 3889 3741">
     <span class='ocr_line' id='line_1_105' title="bbox 2207 3669 3889 3741; baseline 0.003 -20"><span class='ocrx_word' id='word_1_816' title='bbox 2207 3669 2396 3722; x_wconf 85' lang='grc' dir='ltr'>ἐποίει.</span> <span class='ocrx_word' id='word_1_817' title='bbox 2417 3669 2658 3739; x_wconf 78' lang='grc' dir='ltr'>Ἡμέρας</span> <span class='ocrx_word' id='word_1_818' title='bbox 2678 3670 2747 3724; x_wconf 85' lang='grc' dir='ltr'>δὲ</span> <span class='ocrx_word' id='word_1_819' title='bbox 2773 3671 3121 3741; x_wconf 80' lang='grc' dir='ltr'>γενομένης.</span> <span class='ocrx_word' id='word_1_820' title='bbox 3147 3673 3519 3728; x_wconf 77' lang='grc' dir='ltr'>ἀπέστειλαν</span> <span class='ocrx_word' id='word_1_821' title='bbox 3545 3675 3598 3726; x_wconf 80' lang='grc' dir='ltr'>οί</span> <span class='ocrx_word' id='word_1_822' title='bbox 3623 3689 3889 3740; x_wconf 76' lang='grc' dir='ltr'>στρατη-</span> 
     </span>
    </p>
   </div>
   <div class='ocr_carea' id='block_1_103' title="bbox 2208 3756 3888 3830">
    <p class='ocr_par' dir='ltr' id='par_1_103' title="bbox 2208 3756 3888 3830">
     <span class='ocr_line' id='line_1_106' title="bbox 2208 3756 3888 3830; baseline 0.002 -20"><span class='ocrx_word' id='word_1_823' title='bbox 2208 3756 2297 3826; x_wconf 77' lang='grc' dir='ltr'>γοὶ</span> <span class='ocrx_word' id='word_1_824' title='bbox 2340 3757 2482 3824; x_wconf 85' lang='grc' dir='ltr'>τοὺς</span> <span class='ocrx_word' id='word_1_825' title='bbox 2513 3756 2928 3828; x_wconf 75' lang='grc' dir='ltr'>ῥαϐδούχους,</span> <span class='ocrx_word' id='word_1_826' title='bbox 2969 3759 3282 3830; x_wconf 72' lang='grc' dir='ltr'>λέγοντεςο</span> <span class='ocrx_word' id='word_1_827' title='bbox 3337 3761 3674 3814; x_wconf 78' lang='grc' dir='ltr'>Ἀπόλυσον</span> <span class='ocrx_word' id='word_1_828' title='bbox 3742 3759 3888 3826; x_wconf 89' lang='grc' dir='ltr'>τοὺς</span> 
     </span>
    </p>
   </div>
   <div class='ocr_carea' id='block_1_104' title="bbox 2207 3846 3888 3921">
    <p class='ocr_par' dir='ltr' id='par_1_104' title="bbox 2207 3846 3888 3921">
     <span class='ocr_line' id='line_1_107' title="bbox 2207 3846 3888 3921; baseline 0.002 -21"><span class='ocrx_word' id='word_1_829' title='bbox 2207 3846 2559 3915; x_wconf 82' lang='grc' dir='ltr'>ἀνθρώπους</span> <span class='ocrx_word' id='word_1_830' title='bbox 2602 3849 2891 3915; x_wconf 86' lang='grc' dir='ltr'>ἐκείνους.</span> <span class='ocrx_word' id='word_1_831' title='bbox 2954 3851 3235 3920; x_wconf 82' lang='grc' dir='ltr'>Ἔγνωσαν</span> <span class='ocrx_word' id='word_1_832' title='bbox 3299 3852 3427 3915; x_wconf 72' lang='grc' dir='ltr'>ἴσως</span> <span class='ocrx_word' id='word_1_833' title='bbox 3482 3853 3544 3905; x_wconf 83' lang='grc' dir='ltr'>τὸ</span> <span class='ocrx_word' id='word_1_834' title='bbox 3577 3852 3802 3921; x_wconf 76' lang='grc' dir='ltr'>γεγονὸς</span> <span class='ocrx_word' id='word_1_835' title='bbox 3835 3852 3888 3904; x_wconf 69' lang='lat' dir='ltr'>oi</span> 
     </span>
    </p>
   </div>
   <div class='ocr_carea' id='block_1_105' title="bbox 2211 3938 3886 4010">
    <p class='ocr_par' dir='ltr' id='par_1_105' title="bbox 2211 3938 3886 4010">
     <span class='ocr_line' id='line_1_108' title="bbox 2211 3938 3886 4010; baseline 0.002 -21"><span class='ocrx_word' id='word_1_836' title='bbox 2211 3938 2524 4008; x_wconf 67' lang='grc' dir='ltr'>στρατηγοὶ,</span> <span class='ocrx_word' id='word_1_837' title='bbox 2549 3938 2643 3991; x_wconf 76' lang='grc' dir='ltr'>καὶ</span> <span class='ocrx_word' id='word_1_838' title='bbox 2668 3939 2769 3992; x_wconf 89' lang='grc' dir='ltr'>ούκ</span> <span class='ocrx_word' id='word_1_839' title='bbox 2800 3938 3040 4010; x_wconf 84' lang='grc' dir='ltr'>ἐτόλμων</span> <span class='ocrx_word' id='word_1_840' title='bbox 3062 3941 3155 4007; x_wconf 83' lang='grc' dir='ltr'>ἀφ’</span> <span class='ocrx_word' id='word_1_841' title='bbox 3173 3940 3382 3993; x_wconf 79' lang='grc' dir='ltr'>ἑαυτῶν</span> <span class='ocrx_word' id='word_1_842' title='bbox 3406 3941 3645 4009; x_wconf 84' lang='grc' dir='ltr'>ἀφεῖναι.</span> <span class='ocrx_word' id='word_1_843' title='bbox 3675 3940 3886 4010; x_wconf 75' lang='grc' dir='ltr'>Ὰπὴτ-</span> 
     </span>
    </p>
   </div>
   <div class='ocr_carea' id='block_1_106' title="bbox 2209 4025 3888 4096">
    <p class='ocr_par' dir='ltr' id='par_1_106' title="bbox 2209 4025 3888 4096">
     <span class='ocr_line' id='line_1_109' title="bbox 2209 4025 3888 4096; baseline 0.002 -19"><span class='ocrx_word' id='word_1_844' title='bbox 2209 4029 2366 4092; x_wconf 79' lang='grc' dir='ltr'>γειλε</span> <span class='ocrx_word' id='word_1_845' title='bbox 2394 4025 2463 4078; x_wconf 87' lang='grc' dir='ltr'>δὲ</span> <span class='ocrx_word' id='word_1_846' title='bbox 2493 4027 2526 4080; x_wconf 84' lang='grc' dir='ltr'>ό</span> <span class='ocrx_word' id='word_1_847' title='bbox 2564 4025 2956 4096; x_wconf 69' lang='grc' dir='ltr'>δεσμοφύλαξ</span> <span class='ocrx_word' id='word_1_848' title='bbox 3002 4026 3143 4092; x_wconf 87' lang='grc' dir='ltr'>τοὺς</span> <span class='ocrx_word' id='word_1_849' title='bbox 3183 4029 3404 4094; x_wconf 74' lang='grc' dir='ltr'>λόγους</span> <span class='ocrx_word' id='word_1_850' title='bbox 3439 4029 3690 4094; x_wconf 90' lang='grc' dir='ltr'>τούτους</span> <span class='ocrx_word' id='word_1_851' title='bbox 3734 4029 3888 4094; x_wconf 85' lang='grc' dir='ltr'>πρὸς</span> 
     </span>
    </p>
   </div>
   <div class='ocr_carea' id='block_1_107' title="bbox 2207 4113 3885 4184">
    <p class='ocr_par' dir='ltr' id='par_1_107' title="bbox 2207 4113 3885 4184">
     <span class='ocr_line' id='line_1_110' title="bbox 2207 4113 3885 4184; baseline 0.002 -20"><span class='ocrx_word' id='word_1_852' title='bbox 2207 4113 2314 4165; x_wconf 79' lang='grc' dir='ltr'>τὸν</span> <span class='ocrx_word' id='word_1_853' title='bbox 2333 4113 2579 4167; x_wconf 88' lang='grc' dir='ltr'>Παῦλον</span> <span class='ocrx_word' id='word_1_854' title='bbox 2607 4114 2812 4184; x_wconf 71' lang='grc' dir='ltr'>φήσας</span> <span class='ocrx_word' id='word_1_855' title='bbox 2836 4154 2850 4179; x_wconf 92' lang='grc'>,</span> <span class='ocrx_word' id='word_1_856' title='bbox 2883 4113 2971 4168; x_wconf 83' lang='grc' dir='ltr'>ὅτι</span> <span class='ocrx_word' id='word_1_857' title='bbox 3013 4114 3488 4168; x_wconf 80' lang='grc' dir='ltr'>Ἀπεστάλκασιν</span> <span class='ocrx_word' id='word_1_858' title='bbox 3521 4117 3574 4168; x_wconf 85' lang='grc' dir='ltr'>οί</span> <span class='ocrx_word' id='word_1_859' title='bbox 3618 4131 3885 4182; x_wconf 80' lang='grc' dir='ltr'>στρατη·</span> 
     </span>
    </p>
   </div>
   <div class='ocr_carea' id='block_1_108' title="bbox 2207 4199 3889 4272">
    <p class='ocr_par' dir='ltr' id='par_1_108' title="bbox 2207 4199 3889 4272">
     <span class='ocr_line' id='line_1_111' title="bbox 2207 4199 3889 4272; baseline 0.002 -18"><span class='ocrx_word' id='word_1_860' title='bbox 2207 4200 2316 4270; x_wconf 65' lang='lat' dir='ltr'>Tol,</span> <span class='ocrx_word' id='word_1_861' title='bbox 2343 4203 2442 4255; x_wconf 85' lang='grc' dir='ltr'>ἵνα</span> <span class='ocrx_word' id='word_1_862' title='bbox 2468 4202 2830 4272; x_wconf 83' lang='grc' dir='ltr'>ἀπολυθῆτε.</span> <span class='ocrx_word' id='word_1_863' title='bbox 2862 4203 2992 4258; x_wconf 88' lang='grc' dir='ltr'>Νῦν</span> <span class='ocrx_word' id='word_1_864' title='bbox 3025 4199 3138 4258; x_wconf 85' lang='grc' dir='ltr'>οὖν</span> <span class='ocrx_word' id='word_1_865' title='bbox 3159 4204 3512 4270; x_wconf 78' lang='grc' dir='ltr'>ἐξελθόντες</span> <span class='ocrx_word' id='word_1_866' title='bbox 3553 4204 3889 4272; x_wconf 79' lang='grc' dir='ltr'>πορεύεσθε</span> 
     </span>
    </p>
   </div>
   <div class='ocr_carea' id='block_1_109' title="bbox 2205 4279 3887 4364">
    <p class='ocr_par' dir='ltr' id='par_1_109' title="bbox 2205 4279 3887 4364">
     <span class='ocr_line' id='line_1_112' title="bbox 2205 4279 3887 4364; baseline 0.002 -20"><span class='ocrx_word' id='word_1_867' title='bbox 2205 4291 2274 4344; x_wconf 80' lang='grc' dir='ltr'>ἐν</span> <span class='ocrx_word' id='word_1_868' title='bbox 2297 4291 2522 4361; x_wconf 76' lang='grc' dir='ltr'>είρήνῃ.</span> <span class='ocrx_word' id='word_1_869' title='bbox 2560 4293 2621 4346; x_wconf 88' lang='lat'>&#39;0</span> <span class='ocrx_word' id='word_1_870' title='bbox 2650 4293 2719 4346; x_wconf 80' lang='grc' dir='ltr'>δὲ</span> <span class='ocrx_word' id='word_1_871' title='bbox 2747 4293 2987 4360; x_wconf 87' lang='grc' dir='ltr'>Παῦλος</span> <span class='ocrx_word' id='word_1_872' title='bbox 3010 4296 3124 4364; x_wconf 63' lang='grc' dir='ltr'>ἔφη</span> <span class='ocrx_word' id='word_1_873' title='bbox 3161 4279 3309 4362; x_wconf 76' lang='grc' dir='ltr'>πρὸς</span> <span class='ocrx_word' id='word_1_874' title='bbox 3346 4295 3568 4359; x_wconf 84' lang='grc' dir='ltr'>αὐτούς</span> <span class='ocrx_word' id='word_1_875' title='bbox 3590 4309 3605 4324; x_wconf 91' lang='grc'><strong>·</strong></span> <span class='ocrx_word' id='word_1_876' title='bbox 3647 4294 3887 4360; x_wconf 57' lang='grc' dir='ltr'>Δείραν-</span> 
     </span>
    </p>
   </div>
   <div class='ocr_carea' id='block_1_110' title="bbox 2206 4378 3885 4450">
    <p class='ocr_par' dir='ltr' id='par_1_110' title="bbox 2206 4378 3885 4450">
     <span class='ocr_line' id='line_1_113' title="bbox 2206 4378 3885 4450; baseline 0.001 -18"><span class='ocrx_word' id='word_1_877' title='bbox 2206 4396 2304 4447; x_wconf 87' lang='grc' dir='ltr'>τες</span> <span class='ocrx_word' id='word_1_878' title='bbox 2331 4378 2490 4450; x_wconf 72' lang='grc' dir='ltr'>ἡμᾶς</span> <span class='ocrx_word' id='word_1_879' title='bbox 2532 4380 2812 4450; x_wconf 81' lang='grc' dir='ltr'>δημοσίᾳ,</span> <span class='ocrx_word' id='word_1_880' title='bbox 2845 4382 3300 4450; x_wconf 80' lang='grc' dir='ltr'>ἀκατακρίτους,</span> <span class='ocrx_word' id='word_1_881' title='bbox 3349 4381 3701 4447; x_wconf 82' lang='grc' dir='ltr'>ἀνθρώπους</span> <span class='ocrx_word' id='word_1_882' title='bbox 3739 4381 3885 4434; x_wconf 81' lang='grc' dir='ltr'>Ῥω-</span> 
     </span>
    </p>
   </div>
   <div class='ocr_carea' id='block_1_111' title="bbox 2200 4468 3890 4539">
    <p class='ocr_par' dir='ltr' id='par_1_111' title="bbox 2200 4468 3890 4539">
     <span class='ocr_line' id='line_1_114' title="bbox 2200 4468 3890 4539; baseline 0 -17"><span class='ocrx_word' id='word_1_883' title='bbox 2200 4470 2419 4538; x_wconf 87' lang='grc' dir='ltr'>μαίους</span> <span class='ocrx_word' id='word_1_884' title='bbox 2460 4469 2844 4539; x_wconf 84' lang='grc' dir='ltr'>ὑπάρχοντας</span> <span class='ocrx_word' id='word_1_885' title='bbox 2863 4512 2878 4536; x_wconf 94' lang='grc'>,</span> <span class='ocrx_word' id='word_1_886' title='bbox 2907 4470 3129 4524; x_wconf 79' lang='grc' dir='ltr'>ἔϐαλον</span> <span class='ocrx_word' id='word_1_887' title='bbox 3159 4473 3246 4537; x_wconf 82' lang='grc' dir='ltr'>εἰς</span> <span class='ocrx_word' id='word_1_888' title='bbox 3284 4468 3587 4539; x_wconf 70' lang='grc' dir='ltr'>φυλακήν.</span> <span class='ocrx_word' id='word_1_889' title='bbox 3618 4469 3729 4522; x_wconf 77' lang='grc' dir='ltr'>Καί</span> <span class='ocrx_word' id='word_1_890' title='bbox 3767 4470 3890 4524; x_wconf 85' lang='grc' dir='ltr'>νῦν</span> 
     </span>
    </p>
   </div>
   <div class='ocr_carea' id='block_1_112' title="bbox 2205 4556 3891 4628">
    <p class='ocr_par' dir='ltr' id='par_1_112' title="bbox 2205 4556 3891 4628">
     <span class='ocr_line' id='line_1_115' title="bbox 2205 4556 3891 4628; baseline 0 -18"><span class='ocrx_word' id='word_1_891' title='bbox 2205 4557 2396 4625; x_wconf 85' lang='grc' dir='ltr'>λάθρα</span> <span class='ocrx_word' id='word_1_892' title='bbox 2438 4556 2596 4627; x_wconf 71' lang='grc' dir='ltr'>’ἡμᾶς</span> <span class='ocrx_word' id='word_1_893' title='bbox 2629 4557 3034 4622; x_wconf 61' lang='grc' dir='ltr'>ἐκϐάλλουσκ</span> <span class='ocrx_word' id='word_1_894' title='bbox 3089 4560 3170 4612; x_wconf 82' lang='grc' dir='ltr'>Οὐ</span> <span class='ocrx_word' id='word_1_895' title='bbox 3214 4557 3326 4628; x_wconf 74' lang='grc' dir='ltr'>γάρ</span> <span class='ocrx_word' id='word_1_896' title='bbox 3350 4574 3364 4588; x_wconf 89' lang='grc'><strong>·</strong></span> <span class='ocrx_word' id='word_1_897' title='bbox 3398 4556 3560 4610; x_wconf 80' lang='grc' dir='ltr'>ἀλλὰ</span> <span class='ocrx_word' id='word_1_898' title='bbox 3595 4557 3891 4622; x_wconf 80' lang='grc' dir='ltr'>ἐλθόντες</span> 
     </span>
    </p>
   </div>
   <div class='ocr_carea' id='block_1_113' title="bbox 2204 4643 3892 4718">
    <p class='ocr_par' dir='ltr' id='par_1_113' title="bbox 2204 4643 3892 4718">
     <span class='ocr_line' id='line_1_116' title="bbox 2204 4643 3892 4718; baseline -0.002 -18"><span class='ocrx_word' id='word_1_899' title='bbox 2204 4645 2375 4700; x_wconf 79' lang='grc' dir='ltr'>αὐτοὶ</span> <span class='ocrx_word' id='word_1_900' title='bbox 2439 4645 2596 4716; x_wconf 81' lang='grc' dir='ltr'>ἡμᾶς</span> <span class='ocrx_word' id='word_1_901' title='bbox 2656 4646 3133 4718; x_wconf 65' lang='grc' dir='ltr'>ἐξαγαγέτωσαν.</span> <span class='ocrx_word' id='word_1_902' title='bbox 3195 4645 3576 4714; x_wconf 77' lang='grc' dir='ltr'>Ὰνήτγειλαν</span> <span class='ocrx_word' id='word_1_903' title='bbox 3615 4643 3696 4696; x_wconf 89' lang='grc' dir='ltr'>’δὲ</span> <span class='ocrx_word' id='word_1_904' title='bbox 3760 4644 3892 4710; x_wconf 86' lang='grc' dir='ltr'>τοῖς</span> 
     </span>
    </p>
   </div>
   <div class='ocr_carea' id='block_1_114' title="bbox 2205 4733 3891 4805">
    <p class='ocr_par' dir='ltr' id='par_1_114' title="bbox 2205 4733 3891 4805">
     <span class='ocr_line' id='line_1_117' title="bbox 2205 4733 3891 4805; baseline -0.002 -17"><span class='ocrx_word' id='word_1_905' title='bbox 2205 4735 2562 4805; x_wconf 69' lang='grc' dir='ltr'>στρατηγοῖς</span> <span class='ocrx_word' id='word_1_906' title='bbox 2580 4738 2632 4790; x_wconf 93' lang='grc' dir='ltr'>οί</span> <span class='ocrx_word' id='word_1_907' title='bbox 2659 4736 2983 4804; x_wconf 84' lang='grc' dir='ltr'>ῥαϐδοῦχοι</span> <span class='ocrx_word' id='word_1_908' title='bbox 3007 4736 3075 4789; x_wconf 83' lang='grc' dir='ltr'>τὰ</span> <span class='ocrx_word' id='word_1_909' title='bbox 3095 4734 3332 4804; x_wconf 72' lang='grc' dir='ltr'>ῥήματα</span> <span class='ocrx_word' id='word_1_910' title='bbox 3365 4734 3552 4788; x_wconf 86' lang='grc' dir='ltr'>ταῦτα</span> <span class='ocrx_word' id='word_1_911' title='bbox 3577 4749 3588 4761; x_wconf 93' lang='grc'><strong>·</strong></span> <span class='ocrx_word' id='word_1_912' title='bbox 3619 4733 3719 4786; x_wconf 77' lang='grc' dir='ltr'>καί</span> <span class='ocrx_word' id='word_1_913' title='bbox 3743 4734 3891 4802; x_wconf 60' lang='grc' dir='ltr'>ἑροο</span> 
     </span>
    </p>
   </div>
   <div class='ocr_carea' id='block_1_115' title="bbox 2206 4821 3892 4892">
    <p class='ocr_par' dir='ltr' id='par_1_115' title="bbox 2206 4821 3892 4892">
     <span class='ocr_line' id='line_1_118' title="bbox 2206 4821 3892 4892; baseline -0.002 -14"><span class='ocrx_word' id='word_1_914' title='bbox 2206 4825 2481 4892; x_wconf 78' lang='grc' dir='ltr'>ϐήθησαν</span> <span class='ocrx_word' id='word_1_915' title='bbox 2507 4825 2882 4891; x_wconf 82' lang='grc' dir='ltr'>ἀκούσαντες</span> <span class='ocrx_word' id='word_1_916' title='bbox 2901 4865 2915 4888; x_wconf 91' lang='grc'>,</span> <span class='ocrx_word' id='word_1_917' title='bbox 2947 4824 3036 4877; x_wconf 86' lang='grc' dir='ltr'>ὅτι</span> <span class='ocrx_word' id='word_1_918' title='bbox 3074 4823 3346 4891; x_wconf 84' lang='grc' dir='ltr'>Ῥωμαῖοί</span> <span class='ocrx_word' id='word_1_919' title='bbox 3392 4825 3534 4876; x_wconf 79' lang='grc' dir='ltr'>εἰσι.</span> <span class='ocrx_word' id='word_1_920' title='bbox 3570 4821 3682 4875; x_wconf 77' lang='grc' dir='ltr'>Καὶ</span> <span class='ocrx_word' id='word_1_921' title='bbox 3711 4823 3892 4886; x_wconf 66' lang='grc' dir='ltr'>ἐξελε</span> 
     </span>
    </p>
   </div>
   <div class='ocr_carea' id='block_1_116' title="bbox 2207 4910 3891 4981">
    <p class='ocr_par' dir='ltr' id='par_1_116' title="bbox 2207 4910 3891 4981">
     <span class='ocr_line' id='line_1_119' title="bbox 2207 4910 3891 4981; baseline -0.002 -14"><span class='ocrx_word' id='word_1_922' title='bbox 2207 4914 2415 4979; x_wconf 85' lang='grc' dir='ltr'>θόντες</span> <span class='ocrx_word' id='word_1_923' title='bbox 2442 4912 2866 4981; x_wconf 83' lang='grc' dir='ltr'>παρεκάλεσαν</span> <span class='ocrx_word' id='word_1_924' title='bbox 2890 4912 3130 4978; x_wconf 84' lang='grc' dir='ltr'>αὐτοὺς,</span> <span class='ocrx_word' id='word_1_925' title='bbox 3167 4911 3265 4964; x_wconf 81' lang='grc' dir='ltr'>καὶ</span> <span class='ocrx_word' id='word_1_926' title='bbox 3303 4911 3701 4979; x_wconf 75' lang='grc' dir='ltr'>ἐξαγαγόντες</span> <span class='ocrx_word' id='word_1_927' title='bbox 3734 4910 3891 4978; x_wconf 72' lang='grc' dir='ltr'>ἠρώ-</span> 
     </span>
    </p>
   </div>
   <div class='ocr_carea' id='block_1_117' title="bbox 2204 4997 3892 5070">
    <p class='ocr_par' dir='ltr' id='par_1_117' title="bbox 2204 4997 3892 5070">
     <span class='ocr_line' id='line_1_120' title="bbox 2204 4997 3892 5070; baseline -0.002 -17"><span class='ocrx_word' id='word_1_928' title='bbox 2204 5017 2324 5054; x_wconf 88' lang='grc' dir='ltr'>των</span> <span class='ocrx_word' id='word_1_929' title='bbox 2366 5001 2637 5066; x_wconf 78' lang='grc' dir='ltr'>ἐξελθεῖν</span> <span class='ocrx_word' id='word_1_930' title='bbox 2677 5001 2788 5070; x_wconf 84' lang='grc' dir='ltr'>τῆς</span> <span class='ocrx_word' id='word_1_931' title='bbox 2825 5003 3075 5066; x_wconf 82' lang='grc' dir='ltr'>πόλεως.</span> <span class='ocrx_word' id='word_1_932' title='bbox 3128 4999 3514 5064; x_wconf 79' lang='grc' dir='ltr'>Ἐξελθόντες</span> <span class='ocrx_word' id='word_1_933' title='bbox 3551 4997 3621 5051; x_wconf 82' lang='grc' dir='ltr'>δὲ</span> <span class='ocrx_word' id='word_1_934' title='bbox 3659 4999 3733 5051; x_wconf 80' lang='grc' dir='ltr'>ἐκ</span> <span class='ocrx_word' id='word_1_935' title='bbox 3773 4997 3892 5066; x_wconf 82' lang='grc' dir='ltr'>τῆς</span> 
     </span>
    </p>
   </div>
   <div class='ocr_carea' id='block_1_118' title="bbox 2203 5085 3890 5158">
    <p class='ocr_par' dir='ltr' id='par_1_118' title="bbox 2203 5085 3890 5158">
     <span class='ocr_line' id='line_1_121' title="bbox 2203 5085 3890 5158; baseline -0.001 -15"><span class='ocrx_word' id='word_1_936' title='bbox 2203 5087 2508 5158; x_wconf 75' lang='grc' dir='ltr'>φυλακῆς,</span> <span class='ocrx_word' id='word_1_937' title='bbox 2557 5089 2848 5158; x_wconf 76' lang='grc' dir='ltr'>εἰσῆλθον</span> <span class='ocrx_word' id='word_1_938' title='bbox 2888 5089 3036 5156; x_wconf 81' lang='grc' dir='ltr'>πρὸς</span> <span class='ocrx_word' id='word_1_939' title='bbox 3074 5088 3187 5156; x_wconf 78' lang='grc' dir='ltr'>τὴν</span> <span class='ocrx_word' id='word_1_940' title='bbox 3230 5087 3482 5152; x_wconf 79' lang='grc' dir='ltr'>Λυδίαν,</span> <span class='ocrx_word' id='word_1_941' title='bbox 3519 5085 3618 5140; x_wconf 81' lang='grc' dir='ltr'>καί</span> <span class='ocrx_word' id='word_1_942' title='bbox 3650 5085 3890 5153; x_wconf 82' lang='grc' dir='ltr'>ἰδόντες</span> 
     </span>
    </p>
   </div>
   <div class='ocr_carea' id='block_1_119' title="bbox 2204 5174 3888 5246">
    <p class='ocr_par' dir='ltr' id='par_1_119' title="bbox 2204 5174 3888 5246">
     <span class='ocr_line' id='line_1_122' title="bbox 2204 5174 3888 5246; baseline -0.001 -15"><span class='ocrx_word' id='word_1_943' title='bbox 2204 5177 2345 5243; x_wconf 87' lang='grc' dir='ltr'>τοὺς</span> <span class='ocrx_word' id='word_1_944' title='bbox 2377 5177 2680 5246; x_wconf 63' lang='grc' dir='ltr'>ἀδελφοὺς</span> <span class='ocrx_word' id='word_1_945' title='bbox 2714 5175 3136 5243; x_wconf 82' lang='grc' dir='ltr'>παρεκάλεσαν</span> <span class='ocrx_word' id='word_1_946' title='bbox 3169 5175 3411 5241; x_wconf 75' lang='grc' dir='ltr'>αὐτοὺς,</span> <span class='ocrx_word' id='word_1_947' title='bbox 3451 5175 3547 5227; x_wconf 78' lang='grc' dir='ltr'>καὶ</span> <span class='ocrx_word' id='word_1_948' title='bbox 3589 5174 3888 5240; x_wconf 82' lang='grc' dir='ltr'>ἐξῆλθον.</span> 
     </span>
    </p>
   </div>
   <div class='ocr_carea' id='block_1_120' title="bbox 2205 5262 3886 5339">
    <p class='ocr_par' dir='ltr' id='par_1_120' title="bbox 2205 5262 3886 5339">
     <span class='ocr_line' id='line_1_123' title="bbox 2205 5262 3886 5339; baseline -0.002 -19"><span class='ocrx_word' id='word_1_949' title='bbox 2205 5267 2315 5320; x_wconf 74' lang='grc' dir='ltr'>Καὶ</span> <span class='ocrx_word' id='word_1_950' title='bbox 2343 5267 2451 5320; x_wconf 89' lang='grc' dir='ltr'>τῶν</span> <span class='ocrx_word' id='word_1_951' title='bbox 2475 5267 2796 5339; x_wconf 90' lang='grc' dir='ltr'>στρατηγῶν</span> <span class='ocrx_word' id='word_1_952' title='bbox 2833 5265 3188 5336; x_wconf 85' lang='grc' dir='ltr'>δηλωσάντων</span> <span class='ocrx_word' id='word_1_953' title='bbox 3216 5267 3244 5318; x_wconf 92' lang='lat'>6</span> <span class='ocrx_word' id='word_1_954' title='bbox 3284 5263 3496 5328; x_wconf 78' lang='grc' dir='ltr'>Παῦλος</span> <span class='ocrx_word' id='word_1_955' title='bbox 3522 5264 3622 5316; x_wconf 81' lang='grc' dir='ltr'>οὐκ</span> <span class='ocrx_word' id='word_1_956' title='bbox 3657 5262 3886 5334; x_wconf 78' lang='grc' dir='ltr'>ἐξέρχε-</span> 
     </span>
    </p>
   </div>
   <div class='ocr_carea' id='block_1_121' title="bbox 2204 5353 3886 5431">
    <p class='ocr_par' dir='ltr' id='par_1_121' title="bbox 2204 5353 3886 5431">
     <span class='ocr_line' id='line_1_124' title="bbox 2204 5353 3886 5431; baseline -0.005 -16"><span class='ocrx_word' id='word_1_957' title='bbox 2204 5379 2324 5415; x_wconf 85' lang='grc' dir='ltr'>ται·</span> <span class='ocrx_word' id='word_1_958' title='bbox 2355 5361 2494 5431; x_wconf 91' lang='grc' dir='ltr'>τάχα</span> <span class='ocrx_word' id='word_1_959' title='bbox 2522 5359 2610 5414; x_wconf 83' lang='grc' dir='ltr'>διὰ</span> <span class='ocrx_word' id='word_1_960' title='bbox 2639 5360 2738 5430; x_wconf 86' lang='grc' dir='ltr'>τὴν</span> <span class='ocrx_word' id='word_1_961' title='bbox 2770 5359 2969 5413; x_wconf 84' lang='grc' dir='ltr'>Λυδίαν</span> <span class='ocrx_word' id='word_1_962' title='bbox 2991 5370 3039 5421; x_wconf 74' lang='grc' dir='ltr'>ει,</span> <span class='ocrx_word' id='word_1_963' title='bbox 3065 5357 3162 5411; x_wconf 80' lang='grc' dir='ltr'>καὶ</span> <span class='ocrx_word' id='word_1_964' title='bbox 3189 5357 3313 5419; x_wconf 78' lang='grc' dir='ltr'>τοὺς</span> <span class='ocrx_word' id='word_1_965' title='bbox 3345 5354 3541 5418; x_wconf 77' lang='grc' dir='ltr'>ἀλλους</span> <span class='ocrx_word' id='word_1_966' title='bbox 3574 5353 3848 5426; x_wconf 81' lang='grc' dir='ltr'>ἀδελφούς</span> <span class='ocrx_word' id='word_1_967' title='bbox 3871 5373 3886 5386; x_wconf 88' lang='grc'><strong>·</strong></span> 
     </span>
    </p>
   </div>
   <div class='ocr_carea' id='block_1_122' title="bbox 2205 5441 3890 5522">
    <p class='ocr_par' dir='ltr' id='par_1_122' title="bbox 2205 5441 3890 5522">
     <span class='ocr_line' id='line_1_125' title="bbox 2205 5441 3890 5522; baseline -0.004 -19"><span class='ocrx_word' id='word_1_968' title='bbox 2205 5449 2237 5522; x_wconf 84' lang='grc' dir='ltr'><strong>ῆ</strong></span> <span class='ocrx_word' id='word_1_969' title='bbox 2279 5449 2374 5503; x_wconf 68' lang='grc' dir='ltr'>καὶ</span> <span class='ocrx_word' id='word_1_970' title='bbox 2432 5449 2614 5519; x_wconf 91' lang='grc' dir='ltr'>φοϐῶν</span> <span class='ocrx_word' id='word_1_971' title='bbox 2661 5449 2877 5511; x_wconf 78' lang='grc' dir='ltr'>αὐτοὺς,</span> <span class='ocrx_word' id='word_1_972' title='bbox 2919 5447 3006 5500; x_wconf 89' lang='grc' dir='ltr'>ίνα</span> <span class='ocrx_word' id='word_1_973' title='bbox 3063 5445 3139 5516; x_wconf 82' lang='grc' dir='ltr'>μὴ</span> <span class='ocrx_word' id='word_1_974' title='bbox 3198 5443 3526 5515; x_wconf 89' lang='grc' dir='ltr'>νομισθῶσιν</span> <span class='ocrx_word' id='word_1_975' title='bbox 3575 5441 3890 5513; x_wconf 76' lang='grc' dir='ltr'>ἠξιωκότες</span> 
     </span>
    </p>
   </div>
   <div class='ocr_carea' id='block_1_123' title="bbox 2203 5530 3887 5604">
    <p class='ocr_par' dir='ltr' id='par_1_123' title="bbox 2203 5530 3887 5604">
     <span class='ocr_line' id='line_1_126' title="bbox 2203 5530 3887 5604; baseline -0.006 -12"><span class='ocrx_word' id='word_1_976' title='bbox 2203 5537 2600 5604; x_wconf 84' lang='grc' dir='ltr'>ἀπολελύσθαι,</span> <span class='ocrx_word' id='word_1_977' title='bbox 2656 5537 2752 5591; x_wconf 78' lang='grc' dir='ltr'>καὶ</span> <span class='ocrx_word' id='word_1_978' title='bbox 2803 5536 2890 5588; x_wconf 78' lang='grc' dir='ltr'>ἵνα</span> <span class='ocrx_word' id='word_1_979' title='bbox 2929 5534 3023 5588; x_wconf 73' lang='grc' dir='ltr'>καὶ</span> <span class='ocrx_word' id='word_1_980' title='bbox 3078 5535 3203 5595; x_wconf 81' lang='grc' dir='ltr'>τοὺς</span> <span class='ocrx_word' id='word_1_981' title='bbox 3259 5531 3450 5596; x_wconf 82' lang='grc' dir='ltr'>ἀλλους</span> <span class='ocrx_word' id='word_1_982' title='bbox 3479 5533 3538 5584; x_wconf 87' lang='grc' dir='ltr'>ἐν</span> <span class='ocrx_word' id='word_1_983' title='bbox 3592 5530 3887 5602; x_wconf 66' lang='grc' dir='ltr'>παρρησία</span> 
     </span>
    </p>
   </div>
   <div class='ocr_carea' id='block_1_124' title="bbox 2203 5615 3887 5698">
    <p class='ocr_par' dir='ltr' id='par_1_124' title="bbox 2203 5615 3887 5698">
     <span class='ocr_line' id='line_1_127' title="bbox 2203 5615 3887 5698; baseline -0.005 -18"><span class='ocrx_word' id='word_1_984' title='bbox 2203 5629 2604 5698; x_wconf 84' lang='grc' dir='ltr'>καταστήσωσι.</span> <span class='ocrx_word' id='word_1_985' title='bbox 2635 5624 2928 5696; x_wconf 82' lang='grc' dir='ltr'>Τριπλοῦν,</span> <span class='ocrx_word' id='word_1_986' title='bbox 2968 5623 3262 5692; x_wconf 73' lang='grc' dir='ltr'>ἀγαπητοὶ,</span> <span class='ocrx_word' id='word_1_987' title='bbox 3301 5622 3361 5674; x_wconf 84' lang='grc' dir='ltr'>τὺ</span> <span class='ocrx_word' id='word_1_988' title='bbox 3391 5621 3645 5691; x_wconf 78' lang='grc' dir='ltr'>ἔγκλημα</span> <span class='ocrx_word' id='word_1_989' title='bbox 3661 5615 3767 5689; x_wconf 84' lang='grc' dir='ltr'>ἦν,</span> <span class='ocrx_word' id='word_1_990' title='bbox 3797 5621 3887 5673; x_wconf 81' lang='grc' dir='ltr'>δτι</span> 
     </span>
    </p>
   </div>
   <div class='ocr_carea' id='block_1_125' title="bbox 2203 5709 3886 5785">
    <p class='ocr_par' dir='ltr' id='par_1_125' title="bbox 2203 5709 3886 5785">
     <span class='ocr_line' id='line_1_128' title="bbox 2203 5709 3886 5785; baseline -0.005 -16"><span class='ocrx_word' id='word_1_991' title='bbox 2203 5717 2295 5769; x_wconf 73' lang='grc' dir='ltr'>καὶ</span> <span class='ocrx_word' id='word_1_992' title='bbox 2341 5716 2660 5785; x_wconf 85' lang='grc' dir='ltr'>Ῥωμαίους,</span> <span class='ocrx_word' id='word_1_993' title='bbox 2694 5713 2789 5766; x_wconf 72' lang='grc' dir='ltr'>καὶ</span> <span class='ocrx_word' id='word_1_994' title='bbox 2826 5711 3243 5779; x_wconf 83' lang='grc' dir='ltr'>ἀκατακρίτους,</span> <span class='ocrx_word' id='word_1_995' title='bbox 3283 5712 3377 5763; x_wconf 72' lang='grc' dir='ltr'>καὶ</span> <span class='ocrx_word' id='word_1_996' title='bbox 3413 5710 3649 5782; x_wconf 74' lang='grc' dir='ltr'>δημοσία</span> <span class='ocrx_word' id='word_1_997' title='bbox 3680 5709 3886 5764; x_wconf 66' lang='grc' dir='ltr'>ἔϐαλον</span> 
     </span>
    </p>
   </div>
   <div class='ocr_carea' id='block_1_126' title="bbox 2202 5797 3886 5872">
    <p class='ocr_par' dir='ltr' id='par_1_126' title="bbox 2202 5797 3886 5872">
     <span class='ocr_line' id='line_1_129' title="bbox 2202 5797 3886 5872; baseline -0.003 -15"><span class='ocrx_word' id='word_1_998' title='bbox 2202 5807 2277 5866; x_wconf 73' lang='grc' dir='ltr'>εἰς</span> <span class='ocrx_word' id='word_1_999' title='bbox 2321 5804 2583 5872; x_wconf 79' lang='grc' dir='ltr'>φυλακήν.</span> <span class='ocrx_word' id='word_1_1000' title='bbox 2632 5803 2824 5872; x_wconf 82' lang='grc' dir='ltr'>Ὁρᾷς,</span> <span class='ocrx_word' id='word_1_1001' title='bbox 2865 5803 2946 5854; x_wconf 87' lang='grc' dir='ltr'>δτι</span> <span class='ocrx_word' id='word_1_1002' title='bbox 2990 5801 3081 5854; x_wconf 73' lang='grc' dir='ltr'>καὶ</span> <span class='ocrx_word' id='word_1_1003' title='bbox 3129 5799 3442 5869; x_wconf 86' lang='grc' dir='ltr'>ἀνθρώπινα</span> <span class='ocrx_word' id='word_1_1004' title='bbox 3475 5797 3886 5862; x_wconf 74' lang='grc' dir='ltr'>κατεσκεύαζον</span> 
     </span>
    </p>
   </div>
   <div class='ocr_carea' id='block_1_127' title="bbox 2202 5885 3883 5958">
    <p class='ocr_par' dir='ltr' id='par_1_127' title="bbox 2202 5885 3883 5958">
     <span class='ocr_line' id='line_1_130' title="bbox 2202 5885 3883 5958; baseline -0.003 -12"><span class='ocrx_word' id='word_1_1005' title='bbox 2202 5891 2390 5946; x_wconf 73' lang='grc' dir='ltr'>πολλά.</span> <span class='ocrx_word' id='word_1_1006' title='bbox 2455 5889 2827 5958; x_wconf 76' lang='grc' dir='ltr'>Ἐξετάσωμεν</span> <span class='ocrx_word' id='word_1_1007' title='bbox 2875 5889 3011 5958; x_wconf 80' lang='grc' dir='ltr'>πρὸς</span> <span class='ocrx_word' id='word_1_1008' title='bbox 3060 5887 3273 5957; x_wconf 78' lang='grc' dir='ltr'>ἐκείνην</span> <span class='ocrx_word' id='word_1_1009' title='bbox 3309 5886 3408 5956; x_wconf 78' lang='grc' dir='ltr'>τὴν</span> <span class='ocrx_word' id='word_1_1010' title='bbox 3450 5885 3620 5939; x_wconf 82' lang='grc' dir='ltr'>νύκτα</span> <span class='ocrx_word' id='word_1_1011' title='bbox 3668 5886 3883 5949; x_wconf 72' lang='grc' dir='ltr'>ταύτας</span> 
     </span>
    </p>
   </div>
   <div class='ocr_carea' id='block_1_128' title="bbox 2266 5983 3378 6052">
    <p class='ocr_par' dir='ltr' id='par_1_128' title="bbox 2266 5983 3378 6052">
     <span class='ocr_line' id='line_1_131' title="bbox 2266 5983 3378 6052; baseline -0.004 -13"><span class='ocrx_word' id='word_1_1012' title='bbox 2266 5992 2290 6022; x_wconf 86' lang='grc'><strong><em>⁸</em></strong></span> <span class='ocrx_word' id='word_1_1013' title='bbox 2318 5990 2418 6040; x_wconf 72' lang='lat' dir='ltr'>Alli</span> <span class='ocrx_word' id='word_1_1014' title='bbox 2443 5989 2696 6052; x_wconf 67' lang='grc' dir='ltr'>ἐξέρχεται,</span> <span class='ocrx_word' id='word_1_1015' title='bbox 2721 5988 2842 6036; x_wconf 82' lang='grc' dir='ltr'>άλλά</span> <span class='ocrx_word' id='word_1_1016' title='bbox 2868 5989 2950 6036; x_wconf 88' lang='grc' dir='ltr'>καὶ</span> <span class='ocrx_word' id='word_1_1017' title='bbox 2972 5988 3050 6036; x_wconf 78' lang='grc' dir='ltr'>διὰ</span> <span class='ocrx_word' id='word_1_1018' title='bbox 3079 5983 3166 6041; x_wconf 77' lang='grc' dir='ltr'>τὴν</span> <span class='ocrx_word' id='word_1_1019' title='bbox 3185 5986 3378 6036; x_wconf 81' lang='grc' dir='ltr'>Λυδίαν.</span> 
     </span>
    </p>
   </div>
  </div>
