3950 6208
300 337 395 391 3-37
1220 354 1287 409 ΙΝ
1326 354 1508 411 ACTA
1547 354 2071 416 APOSTOLORUM.
2110 356 2340 413 HOMIL.
2383 357 2620 418 XXXVI.

302 474 489 529 morbi.
539 472 600 528 Si
628 472 683 527 in
711 470 1044 541 negotiorum
1072 467 1439 525 difﬁcultatem
1467 471 1685 538 incidat,
1711 471 1883 542 pulvis

300 575 346 620 et
366 564 502 619 cinis
528 562 805 627 redditur;
854 562 1094 628 nihilque
1119 561 1167 616 ei
1195 561 1381 616 serica:
1419 571 1595 618 vestes
1634 574 1879 634 prosunt.

301 653 416 709 Ιίκρ
447 671 556 708 non
589 654 706 708 sine
734 668 896 707 causa
924 668 954 705 a
986 651 1135 706 nobis
1161 652 1409 706 dicuntur
1434 694 1448 718 ,
1476 653 1569 709 sed
1600 663 1659 709 ut
1685 656 1880 711 docea-

300 764 428 813 mus,
453 765 521 803 ne
545 749 669 819 quis
694 749 869 802 otiose
892 756 947 801 et
968 745 1225 801 inutiliter
1244 748 1405 800 vivat.
1454 744 1631 802 Otium
1648 764 1885 819 namque

302 852 350 897 et
375 841 585 895 delicia:
616 840 682 894 ad
715 855 849 909 opus
901 838 1137 903 inutiles,
1170 837 1234 891 ad
1264 839 1487 908 gloriam
1536 839 1709 895 solum
1738 849 1791 894 et
1818 838 1883 893 ad

303 934 624 1001 voluptatem
656 941 800 986 sunt.
860 929 1138 997 Quomodo
1168 945 1273 985 non
1304 945 1490 991 omnes
1523 931 1678 986 talem
1711 931 1884 986 homi-

300 1040 413 1078 nem
442 1023 708 1076 damnent
730 1062 748 1085 ,
781 1021 1084 1087 domestici,
1113 1021 1271 1076 amici
1296 1063 1311 1087 ,
1345 1023 1553 1092 cognati
1576 1022 1597 1073 ?
1620 1024 1739 1092 quis
1778 1037 1883 1076 non

297 1114 403 1183 jure
428 1113 609 1177 dicat,
641 1110 858 1167 Pondus
890 1119 1047 1166 terra:
1073 1110 1161 1166 hic
1186 1121 1291 1177 est,
1320 1110 1512 1166 frustra
1544 1111 1599 1166 in
1629 1112 1883 1169 mundum

301 1206 522 1275 prodiit;
554 1205 665 1259 imo
683 1219 790 1259 non
817 1203 1034 1268 frustra,
1063 1203 1159 1259 sed
1186 1204 1237 1258 in
1262 1204 1459 1258 malum
1490 1205 1677 1275 capitis
1703 1205 1807 1271 sui,
1830 1206 1882 1258 in

300 1298 587 1368 perniciem
632 1312 824 1363 suam,
864 1296 919 1351 in
963 1296 1213 1351 damnum
1270 1296 1540 1350 aliorum?
1593 1296 1718 1366 quid
1764 1296 1883 1353 dul-

300 1394 406 1446 cius
446 1391 564 1445 otio
630 1388 919 1444 videmus?
995 1388 1127 1444 illud
1170 1388 1312 1443 enim
1364 1394 1448 1442 est
1496 1388 1636 1458 quod
1691 1389 1884 1457 quaeri-

303 1495 400 1547 tur,
447 1484 621 1538 otium
652 1491 710 1537 et
735 1480 968 1537 vacatio.
1016 1480 1084 1535 Et
1111 1479 1236 1551 quid
1288 1479 1544 1551 ingratius
1581 1479 1740 1535 fuerit
1783 1480 1883 1535 ho-

303 1590 435 1631 mine
489 1573 625 1629 nihil
681 1571 920 1628 habente
970 1570 1113 1642 quod
1142 1571 1430 1643 operetur?
1480 1571 1607 1641 quid
1652 1570 1878 1636 foedius,

305 1664 423 1734 quid
470 1662 767 1718 miserius?
813 1675 991 1715 annon
1022 1660 1126 1716 hoc
1151 1660 1448 1716 innumeris
1475 1660 1627 1731 pejus
1655 1671 1738 1716 est
1762 1661 1881 1716 vin-

312 1758 457 1823 culis,
503 1758 735 1812 oscitare
773 1769 986 1825 semper
1013 1754 1067 1808 in
1098 1752 1213 1808 foro
1241 1753 1538 1818 sedentem,
1564 1768 1630 1808 ac
1659 1763 1880 1823 praeter-

314 1860 490 1905 euutes
524 1846 807 1917 spectare?
856 1847 1047 1901 Anima
1089 1845 1287 1916 quippe
1313 1859 1381 1900 ex
1406 1853 1595 1899 natura
1643 1843 1882 1909 habens,

314 1952 363 1992 ut
380 1954 585 2011 semper
606 1947 907 2002 moveatur,
924 1937 1154 2007 quietem
1178 1952 1284 1991 non
1306 1938 1425 1992 fert.
1448 1936 1528 1991 Ad
1551 1935 1877 2006 operandam

306 2034 432 2087 Deus
460 2032 563 2088 hoc
589 2031 791 2087 animal
842 2030 966 2088 fecit
997 2052 1011 2086 :
1051 2029 1343 2086 secundum
1388 2038 1632 2084 naturam
1659 2028 1774 2099 ejus
1800 2038 1881 2083 est

302 2125 431 2195 quod
462 2133 721 2194 operetur
740 2166 755 2191 ,
785 2131 969 2179 contra
1003 2132 1243 2177 naturam
1274 2121 1417 2192 quod
1444 2123 1514 2176 sit
1536 2122 1760 2177 otiosus.
1802 2120 1880 2176 Ne

301 2218 362 2269 ab
382 2217 539 2287 :egris
570 2233 687 2271 rem
717 2216 1063 2286 exploremus
1083 2257 1098 2280 ,
1124 2214 1219 2270 sed
1247 2214 1426 2284 operis
1453 2214 1874 2284 experimentum

3456 368 3559 426 εδδ

1987 475 2277 545 capiamus.
2331 475 2473 533 Nihil
2522 479 2667 548 otio,
2699 479 2831 537 nihil
2881 480 3084 540 desidia
3130 481 3560 543 deterius:ideo

1990 568 2144 624 nobis
2168 568 2304 625 Deus
2324 570 2595 626 laborandi
2617 573 2986 631 necessitatem
3008 575 3281 646 imposuit.
3300 578 3565 636 Omnibus

1989 662 2187 731 quippe
2216 671 2372 717 nocet
2397 664 2585 730 otium,
2615 665 2849 734 ipsisque
2866 668 3107 735 corporis
3127 667 3401 723 membris.
3429 669 3561 724 Nam

1991 755 2177 810 oculus
2201 757 2243 810 si
2270 770 2375 810 non
2396 764 2663 825 operetur,
2686 756 2917 828 itemque
2942 774 3023 825 os,
3048 770 3231 816 venter
3255 771 3309 818 et
3334 762 3559 833 quodvis

1992 846 2291 901 membrum
2311 888 2325 913 ,
2356 847 2408 901 in
2435 857 2733 903 extremum
2779 849 2963 905 incidit
2991 854 3232 908 morbum
3263 872 3278 908 :
3306 856 3399 910 sed
3429 856 3562 911 nihil

1992 939 2063 993 ita
2091 938 2275 994 labore
2319 948 2440 1010 eget
2470 951 2529 995 ut
2557 942 2753 997 anima.
2786 943 2934 998 Sicut
2962 954 3138 1000 autem
3165 947 3331 1001 otium
3363 950 3561 1004 malum

1992 1037 2093 1095 est,
2123 1029 2193 1083 ita
2222 1044 2433 1099 quoque
2458 1034 2699 1101 Operatio
2726 1049 2832 1088 non
2859 1050 3176 1105 congruens.
3204 1038 3563 1104 Quemadmo-

1991 1122 2117 1177 dum
2146 1124 2287 1180 enitn
2333 1124 2380 1180 si
2431 1127 2547 1195 quis
2593 1142 2697 1181 non
2725 1127 2867 1195 edat,
2899 1130 2952 1183 in
2981 1129 3227 1186 dentibus
3252 1132 3489 1197 laeditur;
3518 1135 3563 1189 si

1992 1233 2110 1286 qua:
2139 1232 2242 1272 non
2270 1229 2578 1287 competunt
2606 1220 2747 1286 edat,
2778 1230 2835 1275 ut
2861 1220 3244 1292 obstupescant
3268 1224 3431 1281 efﬁcit
3452 1243 3468 1281 :
3491 1227 3563 1282 ita

1932 1347 1947 1362 .
1992 1319 2047 1364 et
2076 1308 2194 1376 hic,
2227 1309 2341 1365 sive
2396 1327 2500 1365 non
2548 1321 2815 1382 operetur,
2850 1315 2963 1369 sive
3010 1328 3262 1384 aperetur
3306 1333 3424 1388 qme
3456 1335 3561 1375 non

1990 1414 2222 1474 oportet,
2251 1404 2357 1459 vim
2393 1405 2586 1459 amittit
2630 1421 2802 1461 suam.
2858 1408 3000 1478 Ergo
3045 1416 3329 1480 utrumque
3384 1411 3565 1483 lugere

1991 1496 2301 1552 studeamus
2323 1538 2340 1564 ,
2370 1508 2426 1552 et
2454 1499 2620 1551 Otium
2650 1506 2704 1552 et
2728 1513 2862 1567 opus
2888 1500 2997 1553 otio
3022 1502 3255 1570 gravius.
3285 1503 3564 1570 Quodnam

1992 1589 2121 1643 illud
2149 1590 2267 1644 est?
2298 1590 2552 1652 Avaritia,
2586 1590 2685 1656 ira,
2718 1591 2930 1657 invidia,
2950 1578 3339 1663 contentiones,
3360 1598 3558 1666 caedes,

1990 1680 2383 1745 aunulationes,
2432 1690 2488 1735 et
2530 1681 2735 1751 reliqua
2763 1682 2909 1737 vitia.
2958 1684 3040 1737 Ab
3084 1683 3169 1739 his
3191 1701 3380 1743 vacare
3403 1688 3567 1745 debe-

1991 1788 2143 1839 mus,
2175 1782 2228 1828 et
2255 1774 2503 1828 virtutum
2534 1775 2895 1843 operationem
2940 1790 3061 1830 cum
3102 1779 3246 1833 omni
3291 1780 3563 1851 diligentia

1993 1868 2259 1937 persequi,
2303 1875 2362 1921 ut
2404 1868 2661 1938 promissa
2715 1882 3106 1939 consequamur
3160 1871 3338 1937 bona,
3392 1876 3559 1943 gratia

1989 1968 2044 2013 et
2084 1958 2407 2029 benignitate
2466 1957 2671 2012 Domini
2718 1959 2884 2014 nostri
2924 1959 3055 2015 Jesu
3098 1960 3318 2026 Christi,
3351 1966 3562 2033 quicum

1990 2054 2131 2110 Patri
2154 2064 2207 2109 et
2230 2053 2447 2123 Spiritui
2469 2062 2652 2107 sancto
2671 2053 2858 2123 gloria,
2882 2054 3182 2122 imperium,
3208 2054 3397 2124 honor,
3426 2072 3563 2110 nunc

1988 2156 2042 2203 et.
2069 2161 2302 2216 semper,
2333 2152 2389 2201 et
2414 2144 2466 2199 in
2492 2144 2683 2200 saecula
2712 2145 3047 2200 surculorum.
3094 2149 3284 2201 Amen.

3494 2328 3562 2341 -ο

1604 2380 1952 2443 HOMILIA
1993 2381 2294 2442 XXXVI.

304 2487 419 2543 ω.
448 2487 537 2541 16.
570 2500 622 2539 v.
654 2485 743 2540 9.5.
800 2483 973 2538 Media
1027 2494 1194 2537 autem
1242 2492 1387 2538 nocte
1422 2482 1621 2538 Paulus
1652 2496 1697 2537 et
1743 2483 1882 2538 Silas

366 2590 566 2633 orantes
607 2578 886 2631 laudabant
947 2577 1143 2641 Deum;
1181 2587 1228 2631 et
1265 2576 1535 2631 audiebant
1582 2594 1665 2631 eos
1699 2577 1871 2631 vincti.

369 2674 456 2727 9.6.
494 2673 677 2727 Subito
705 2688 819 2725 vero
849 2680 995 2726 terra
1036 2680 1199 2725 motus
1240 2671 1405 2740 factus
1434 2680 1507 2724 est
1537 2686 1781 2741 magnus,
1812 2670 1885 2723 ita

373 2777 424 2820 ut
450 2778 764 2821 morerentur
803 2764 1133 2834 fundamenta
1165 2764 1486 2818 carcerisret
1508 2765 1674 2817 statim
1701 2774 1880 2834 aperta

370 2869 483 2912 sunt
537 2858 709 2912 anmia
753 2858 917 2924 ostia,
967 2866 1013 2910 et
1057 2856 1401 2910 universarum
1456 2856 1657 2910 vincula
1718 2854 1884 2910 soluta

373 2960 505 3004 sunt.

376 3062 422 3113 l.
448 3060 586 3128 Quid
609 3060 695 3114 his
717 3074 811 3129 par
832 3058 990 3115 fuerit
1009 3057 1323 3113 animabus?
1352 3056 1526 3127 Virgis
1546 3057 1671 3113 crcsi
1693 3058 1884 3115 multas

313 3169 480 3223 plagas
519 3161 862 3223 acceperant,
892 3152 1246 3207 contumelias
1283 3160 1339 3206 et
1383 3160 1620 3206 extrema
1652 3152 1883 3221 pericula

310 3248 596 3313 subierant,
629 3248 682 3300 in
712 3246 854 3316 ligno
881 3246 1041 3300 vincti
1072 3253 1242 3308 erant,
1277 3243 1329 3298 in
1357 3259 1573 3299 carcere
1605 3245 1879 3298 interiori:

308 3349 357 3393 et
392 3355 457 3393 ne
485 3340 566 3393 sic
593 3339 807 3409 quidem
835 3354 1080 3393 somnum
1110 3352 1302 3407 capere
1335 3337 1606 3401 volebant,
1638 3335 1733 3391 sed
1762 3351 1882 3403 per-

309 3431 538 3498 vigilium
562 3429 809 3499 agebant.
835 3426 1037 3483 Videtis
1058 3436 1313 3498 quantum
1335 3428 1404 3481 sit
1427 3425 1643 3481 afflictio
1663 3425 1884 3485 bonum?

307 3520 406 3576 Nos
443 3531 626 3576 autem
674 3520 726 3574 in
770 3519 1020 3574 mollibus
1058 3519 1209 3574 lectis
1236 3518 1353 3573 sine
1401 3518 1511 3572 ullo
1548 3527 1753 3572 terrore
1790 3532 1884 3586 per

310 3620 466 3665 totam
522 3613 820 3666 dormimus
869 3622 1098 3667 noctem.
1156 3611 1317 3666 Forte
1374 3610 1494 3665 ideo
1549 3610 1881 3680 pervigilium

304 3706 545 3771 agebant,
601 3704 725 3773 quia
768 3704 868 3758 hoc
910 3705 964 3758 in
1002 3712 1144 3757 statu
1173 3712 1345 3757 erant.
1399 3701 1516 3755 Non
1551 3701 1670 3755 illos
1708 3703 1882 3757 somni

314 3798 552 3864 tyrannis
596 3796 756 3865 cepit,
804 3811 908 3849 non
947 3795 1101 3849 dolor
1140 3793 1365 3857 inflexit,
1398 3808 1503 3847 non
1554 3793 1713 3848 timor
1751 3807 1883 3847 con-

309 3897 575 3941 sternatos
603 3886 870 3951 reddidit;
911 3886 1004 3940 sed
1037 3886 1150 3941 lucc
1183 3885 1353 3939 multo
1393 3884 1560 3955 magis
1591 3884 1709 3940 illos
1742 3883 1885 3939 exci-

309 3978 508 4047 labant,
554 3988 611 4033 et
655 3979 819 4033 multa
850 3977 1130 4047 replebant
1172 3977 1463 4045 voluptate.
1512 3974 1688 4029 Media
1715 3985 1884 4035 autem

310 4081 469 4135 nocte,
532 4070 726 4140 inquit,
785 4079 987 4124 orantes
1042 4069 1321 4123 laudabant
1367 4068 1569 4121 Deum:
1617 4066 1885 4121 audiebant

308 4173 466 4214 autem
504 4163 621 4215 illos
669 4162 839 4215 vincti.
890 4161 1098 4216 Novum
1131 4160 1275 4215 enim
1307 4167 1361 4214 ct
1398 4158 1716 4229 stupendum
1748 4157 1886 4211 vide.

308 4249 455 4304 batur
477 4268 620 4306 esse.
646 4252 827 4307 Subito
850 4267 961 4305 vero
993 4262 1139 4305 terrm
1168 4260 1331 4304 matus
1361 4253 1524 4323 factus
1551 4258 1621 4304 est
1648 4265 1880 4320 magnus,

308 4343 377 4396 ita
402 4357 453 4397 ut
483 4357 803 4399 morerentur
830 4346 1159 4416 fundamenta
1178 4345 1433 4397 carceris:
1463 4353 1510 4397 et
1532 4343 1701 4397 statim
1730 4358 1881 4411 aper-

308 4443 357 4483 ta
377 4447 490 4489 sunt
531 4438 663 4491 ostia
689 4438 879 4503 omnia,
901 4448 949 4492 et
971 4438 1316 4491 universorum
1336 4435 1535 4489 vincula
1556 4434 1721 4488 saluta
1742 4444 1879 4487 sunt.

307 4523 480 4583 Terra
521 4540 696 4584 matus
735 4530 901 4583 factus
937 4538 1039 4594 cst,
1081 4530 1154 4583 ita
1181 4537 1239 4582 ut
1266 4537 1450 4581 custos
1490 4528 1816 4582 excitaretur
1846 4542 1878 4581 a

305 4633 523 4688 somno;
546 4633 600 4677 et
622 4623 757 4678 ostia
780 4632 961 4693 aperta
990 4631 1136 4689 sunt,
1163 4622 1231 4674 ita
1255 4630 1311 4675 ut
1332 4636 1417 4675 res
1439 4630 1578 4675 esset
1596 4618 1878 4673 mirabilis.

304 4710 426 4767 llaec
454 4713 614 4768 vincti
650 4730 755 4767 non
789 4714 1073 4777 videbant;
1104 4712 1341 4782 alioquin
1374 4711 1634 4781 fugissent
1665 4725 1880 4765 omnes.

300 4801 387 4856 27.
424 4806 825 4877 Expergefactus
852 4816 1018 4860 autent
1041 4816 1229 4869 custos,
1258 4815 1304 4858 et
1330 4804 1499 4858 videns
1516 4805 1707 4874 januas
1734 4820 1883 4872 aper-

299 4905 375 4950 tas
413 4900 653 4964 carceris,
702 4900 963 4969 euaginata
1012 4896 1187 4969 gladio
1232 4897 1424 4951 colebat
1470 4913 1523 4951 se
1569 4898 1875 4965 inter/icere,

298 4991 551 5045 extimus
608 4992 801 5061 fugisse
855 4992 1066 5044 cinctos.
1116 4990 1206 5045 28.
1261 4988 1506 5045 Clamavit
1548 5000 1715 5044 autent
1764 5005 1881 5044 uoce

302 5098 481 5151 magna
511 5083 731 5146 Paulus,
762 5084 969 5138 dicens:
998 5082 1151 5137 Nihil
1172 5083 1257 5136 tibi
1280 5084 1405 5136 mali
1423 5084 1637 5152 feceris:
1659 5083 1879 5137 uniuersi

295 5178 427 5228 enim
459 5179 540 5231 hic
567 5194 763 5231 sumus.
814 5178 1123 5233 Admiratus
1160 5186 1244 5231 est
1292 5178 1456 5245 magis
1495 5176 1879 5248 benignitatem

296 5265 483 5323 Pauli:
510 5270 790 5339 obstupuit
823 5270 1211 5332 fortitudinem,
1244 5269 1383 5338 quod
1415 5284 1535 5324 cum
1559 5269 1740 5337 lugere
1769 5282 1883 5339 pos-

292 5371 396 5424 set,
429 5378 539 5417 non
588 5361 801 5431 fugerit,
833 5362 1056 5431 etquod
1099 5363 1270 5429 ipsum
1312 5376 1343 5415 a
1370 5361 1517 5415 caule
1559 5360 1877 5415 cohibuerit.

294 5451 383 5508 29.
416 5453 591 5508 Petita
605 5464 772 5508 autent
800 5454 989 5508 lumine
1008 5456 1345 5523 introgressus
1365 5463 1458 5517 est,
1484 5463 1530 5506 et
1560 5454 1882 5522 tremefactus

292 5547 512 5613 procidit
543 5557 663 5600 ante
704 5545 928 5599 Paulum
969 5555 1014 5599 et
1065 5546 1250 5611 Silam,
1284 5545 1373 5601 50.
1420 5556 1464 5597 et
1493 5544 1770 5612 producens
1798 5560 1881 5597 eas

290 5642 453 5703 foras,
483 5640 645 5691 dixit:
692 5636 917 5696 Domini.
946 5638 1069 5707 quill
1102 5656 1180 5692 me
1218 5648 1416 5707 oportet
1447 5641 1612 5707 facere
1638 5647 1690 5689 ut
1715 5637 1880 5690 salvus

288 5729 661 5787 ﬁam3V'i4len'
688 5741 885 5800 quanta
918 5730 1064 5784 illum
1094 5733 1296 5803 ceperit
1325 5728 1647 5784 admiratio?
1677 5728 1765 5783 3i.
1818 5729 1881 5781 At

285 5822 363 5877 iui
397 5824 674 5878 dixerunt:
715 5821 874 5877 Crede
917 5822 969 5877 in
1008 5822 1279 5884 Dominum
1303 5824 1483 5880 Iesum
1525 5821 1799 5890 Christum,
1833 5832 1878 5877 et

1990 2485 2159 2539 salvus
2188 2486 2284 2537 eris
2314 2493 2368 2536 tu
2395 2493 2439 2537 et
2468 2484 2647 2538 domus
2674 2493 2779 2539 tua.
2814 2484 2902 2539 52.
2931 2486 2999 2539 Et
3027 2488 3217 2558 laquuti
3243 2502 3359 2545 sunt
3385 2492 3429 2545 ei
3457 2508 3567 2548 uer-

1991 2578 2105 2630 bum
2135 2574 2362 2641 Domini,
2396 2587 2441 2629 et
2469 2579 2701 2631 omnibus
2729 2579 2818 2647 qui
2844 2589 2987 2632 erant
3017 2581 3068 2634 in
3096 2583 3246 2635 domo
3271 2585 3400 2654 ejus.
3429 2586 3562 2650 Quia

1989 2668 2169 2722 statim
2212 2668 2410 2738 loquuti
2452 2678 2579 2723 sunt
2624 2669 2721 2735 illi,
2763 2670 3100 2727 declararunt
3145 2675 3561 2731 misericordiam

1990 2775 2112 2830 erga
2144 2760 2310 2815 illum.
2338 2760 2426 2815 35.
2449 2758 2516 2813 Et
2546 2762 2815 2831 assumptis
2840 2764 2942 2818 illis
2972 2764 3023 2816 in
3042 2767 3215 2818 eadem
3237 2766 3361 2820 liora
3383 2770 3562 2833 noctis,

1991 2853 2109 2907 lavit
2148 2854 2328 2924 plagas
2378 2869 2583 2907 eorum:
2608 2864 2655 2908 et
2698 2856 2982 2923 baptizatus
3020 2866 3095 2910 est
3140 2858 3282 2925 ipse,
3312 2869 3358 2912 et
3399 2861 3566 2915 omnis

1990 2946 2169 3000 domus
2215 2947 2323 3015 ejus
2370 2947 2626 3000 continua.
2659 2948 2747 3002 54.
2796 2946 3017 3018 Cumque
3048 2950 3360 3017 perduxisset
3386 2968 3468 3005 eos
3509 2956 3561 3006 in

1990 3040 2194 3093 domum
2221 3056 2383 3106 suam,
2411 3042 2648 3110 apposuit
2675 3057 2916 3106 mensam,
2945 3051 2991 3095 et
3017 3045 3278 3097 exsultavit
3306 3061 3422 3098 cum
3458 3056 3561 3101 tota

1991 3132 2139 3186 domo
2172 3133 2380 3187 credens
2420 3131 2545 3187 Dea.
2586 3132 2737 3187 Lavit
2763 3149 2874 3200 cos,
2911 3135 3061 3204 quasi
3106 3138 3330 3207 gratiam
3368 3155 3562 3210 repen-

1990 3225 2144 3292 dens,
2178 3235 2231 3281 et
2260 3226 2336 3281 sic
2368 3227 2488 3281 illos
2526 3227 2813 3282 honorans.
2861 3227 2949 3284 55.
2996 3228 3061 3282 Et
3098 3246 3213 3283 cum
3265 3232 3373 3286 dies
3400 3236 3564 3301 factus

1988 3327 2133 3384 esset,
2164 3320 2404 3372 miserunt
2430 3320 2756 3389 magistratus
2796 3321 3017 3387 lictores,
3058 3322 3313 3377 dicentes:
3354 3323 3566 3379 Dimitte

1989 3412 2214 3465 homines
2243 3412 2379 3466 illos.
2427 3410 2798 3482 Coguoverant
2822 3414 2956 3468 forte
2978 3416 3167 3469 factum
3200 3417 3562 3485 magistratus,

1990 3510 2044 3555 et
2072 3503 2472 3558 nongaudebant
2498 3519 2593 3573 per
2619 3507 2823 3574 scipsos
2851 3506 3138 3561 dimittere.
3168 3508 3255 3563 36.
3296 3506 3565 3563 Nuntiavit

1989 3608 2154 3650 autem
2180 3607 2344 3652 custos
2370 3600 2585 3653 carceris
2610 3599 2757 3653 verba
2785 3599 2892 3653 [nec
2920 3598 3108 3665 Paula,
3137 3601 3308 3656 dicens
3329 3617 3347 3654 :
3398 3600 3561 3656 Mise-

1990 3696 2105 3740 runt
2132 3687 2472 3757 magistratus,
2496 3699 2550 3742 ut
2576 3689 2919 3743 dimittamini.
2949 3690 3100 3744 Nunc
3126 3692 3282 3761 igitur
3308 3704 3562 3757 exeuntes,

1988 3779 2055 3832 ite
2082 3779 2133 3832 in
2156 3796 2296 3848 pace.
2330 3779 2527 3835 Paulus
2550 3792 2717 3835 autem
2742 3782 2867 3836 dixit
2892 3783 2995 3837 eis:
3022 3785 3111 3839 '57.
3154 3785 3321 3839 Cazsos
3350 3802 3441 3838 nos
3471 3803 3564 3853 pu-

1991 3871 2135 3937 blice,
2166 3872 2499 3936 indemnatos,
2526 3872 2751 3926 homines
2784 3871 3059 3939 Romanos,
3092 3875 3334 3928 miserunt
3358 3877 3412 3929 in
3448 3892 3564 3928 car-

1988 3979 2186 4025 cerem;
2229 3972 2275 4015 et
2316 3979 2451 4016 nunc
2493 3964 2683 4017 occulte
2734 3981 2824 4018 nos
2866 3966 3113 4034 ejiciunt?
3166 3966 3287 4021 Non
3335 3971 3426 4033 ita,
3476 3971 3567 4024 sed

1988 4058 2207 4121 veniant,
2250 4056 2341 4113 58.
2392 4066 2440 4111 et
2490 4057 2588 4127 ipsi
2632 4074 2722 4111 nos
2773 4059 2996 4124 ejiciant.
3050 4059 3363 4113 Nuntiarunt
3396 4072 3565 4116 autem

1992 4149 2360 4220 magistratibus
2383 4150 2583 4205 lictores
2608 4150 2714 4205 lucc
2735 4151 2917 4204 verba:
2943 4152 3312 4221 timueruntque
3348 4154 3563 4207 audien-

1990 4252 2081 4305 tes,
2111 4243 2245 4313 quod
2284 4242 2503 4296 Romani
2532 4252 2713 4296 essent.
2742 4242 2830 4297 39.
2861 4241 2925 4293 Et
2952 4242 3138 4311 egressi
3167 4243 3416 4310 deprecati
3442 4255 3561 4299 sunt

1990 4350 2093 4397 eos,
2123 4343 2169 4387 et
2198 4333 2400 4388 eductas
2424 4334 2689 4405 rogabant,
2718 4343 2770 4387 ut
2790 4332 3144 4405 egrederentur
3170 4352 3197 4389 e
3229 4336 3443 4391 ciuitate.
3471 4337 3560 4393 40.

1992 4423 2195 4495 Egressi
2230 4436 2398 4479 autem
2439 4427 2501 4479 de
2535 4442 2753 4490 carcere,
2796 4426 3005 4495 ingressi
3048 4437 3163 4481 sunt
3204 4430 3271 4481 ad
3310 4427 3569 4499 Lydiam:

1988 4527 2035 4570 et
2065 4517 2179 4570 visis
2232 4517 2475 4588 fratribus
2502 4518 2755 4572 exlrortati
2802 4530 2918 4572 sunt
2953 4534 3056 4584 eos,
3098 4529 3146 4572 et
3185 4522 3396 4591 profecti
3426 4533 3564 4577 sunt.

1988 4607 2160 4662 Etiam
2187 4610 2585 4680 magistratibus
2606 4611 3044 4666 denuntiantihus
3074 4612 3269 4668 Paulus
3296 4630 3401 4669 non
3430 4617 3559 4676 exit.

1989 4698 2124 4754 forte
2151 4712 2368 4770 propter
2398 4701 2619 4773 Lydiam
2640 4745 2654 4768 ,
2681 4712 2735 4758 et
2764 4704 2898 4758 alios
2927 4703 3146 4758 fratres:
3175 4706 3255 4759 vel
3286 4718 3341 4760 ut
3372 4716 3566 4761 terreat

1989 4792 2133 4859 illos,
2154 4811 2219 4850 ne
2244 4804 2554 4863 putarentur
2576 4807 2762 4866 rogatur
2784 4813 2879 4851 sun
2897 4796 3100 4852 dimissi
3124 4798 3304 4861 fuisse,
3332 4808 3387 4853 ut
3404 4801 3562 4854 etiam

1988 4888 2108 4941 aliis
2136 4888 2380 4942 fiduciam
2414 4888 2678 4944 indereut.
2708 4889 2947 4960 Triplex,
2970 4890 3172 4955 dilecti,
3191 4892 3392 4945 crimen
3415 4902 3561 4945 erat:

1988 4982 2127 5052 quod
2154 4981 2439 5047 Romanos,
2472 4983 2611 5052 quod
2643 4999 2744 5036 non
2768 4982 3067 5049 damnatos,
3098 4983 3237 5053 quod
3271 4983 3483 5053 publice
3512 4986 3563 5040 in

1989 5092 2257 5131 carcerem
2296 5077 2671 5144 conjecissent.
2718 5076 2875 5131 Vides
2905 5077 3026 5130 illos
3071 5076 3297 5145 plurima
3329 5076 3566 5134 humano

1990 5182 2138 5221 more
2158 5166 2370 5222 fecisse.
2398 5167 2751 5236 Exquiramus
2770 5177 2979 5222 noctem
2996 5167 3161 5231 illam,
3186 5184 3304 5223 cum
3324 5171 3571 5227 noctibus

1992 5259 2188 5315 nostris
2236 5258 2619 5331 comparando,
2674 5259 2762 5314 ubi
2814 5260 3256 5325 comessationes,
3312 5263 3565 5330 ebrietas,

1988 5351 2237 5415 lascivia;
2266 5349 2354 5405 ubi
2383 5364 2605 5405 somnus
2632 5366 2661 5405 a
2693 5360 2869 5405 morte
2897 5349 3027 5405 nihil
3055 5350 3334 5419 differens,
3366 5353 3456 5407 ubi
3482 5355 3563 5409 vi-

1987 5445 2128 5513 gilia:
2157 5457 2348 5498 somno
2376 5443 2492 5513 ipso
2516 5443 2813 5513 graviores.
2870 5444 2975 5498 Alii
3002 5444 3145 5498 enim
3170 5444 3463 5503 dormiunt.
3492 5447 3562 5498 ita

1988 5547 2046 5590 ut
2093 5535 2221 5591 nihil
2266 5536 2534 5601 sentiant;
2578 5537 2667 5590 alii
2716 5536 3090 5592 miserabiliter
3125 5536 3362 5607 vigilant,
3408 5536 3563 5590 dolos

1989 5638 2279 5692 struentes,
2328 5630 2395 5683 dc
2425 5629 2664 5698 pecuniis
2708 5638 2980 5691 curantes,
3012 5638 3067 5683 ut
3116 5630 3442 5684 ulciscantur
3469 5641 3564 5682 eos

1988 5724 2075 5792 qui
2118 5736 2177 5775 se
2217 5721 2473 5776 laeserunt
2514 5719 2827 5781 studentes,
2876 5720 3183 5774 inimicitias
3215 5718 3563 5789 meditantes,

1993 5819 2150 5874 verba
2188 5811 2576 5871 contumeliosa
2604 5820 2867 5869 transacto
2895 5814 2979 5867 die
3008 5825 3189 5865 secum
3223 5818 3567 5880 reputantes;
