3950 6208
601 372 704 432 ἒ59

595 491 676 543 sic
696 489 788 543 iraa
810 487 983 557 ignem
1005 480 1356 549 succendunt,
1379 489 1435 536 et
1461 479 1810 534 intolerabilia
1834 483 2166 548 perpetrant.

601 577 877 649 Perpende
909 574 1178 646 quomodo
1204 574 1393 629 Petrus
1421 571 1738 626 dormiebat.
1771 571 1872 624 Per
1900 569 2175 637 diSpensa-

599 672 796 726 tionem
828 667 959 723 illud
987 667 1184 722 factum
1229 673 1350 721 est:
1387 663 1606 734 angelus
1633 662 1776 717 enim
1810 660 2045 725 advenit,
2077 672 2174 712 ne-

596 762 902 829 minemque
949 775 1064 815 rem
1112 766 1316 829 gestam
1367 757 1506 810 scire
1551 753 1858 824 oportebat;
1901 761 1953 806 et
1982 750 2175 806 merito

596 847 833 918 quidem,
863 858 919 904 ut
945 864 1013 905 ne
1056 859 1236 904 custos
1281 846 1513 902 carceris
1549 845 1783 914 seipsum
1827 844 2171 898 interﬁceret.

598 941 668 995 Et
695 955 790 994 cur
818 955 926 994 non
956 940 1099 994 aliud
1131 941 1342 1009 signum
1383 939 1579 992 factum
1604 937 1716 991 est?
1746 936 1876 1004 Quia
1903 934 2032 988 illud
2063 949 2174 988 ma-

595 1032 738 1085 xime
764 1031 936 1100 ipsum
960 1031 1228 1086 attrahere
1250 1040 1306 1084 et
1327 1028 1644 1084 confirmare
1660 1035 1889 1098 poterat,
1911 1025 2172 1096 siquidem

604 1122 695 1175 ille
737 1121 1129 1190 periclitaturus
1175 1132 1309 1187 erat,
1354 1121 1454 1175 nisi
1500 1121 1570 1175 ita
1612 1121 1805 1175 factum
1841 1127 2022 1174 esset:
2066 1132 2172 1171 non

599 1212 744 1266 enim
772 1214 840 1266 ita
864 1213 1014 1283 signa
1042 1213 1276 1276 trahunt,
1298 1223 1354 1267 ut
1375 1228 1435 1268 ea
1453 1229 1570 1283 quae
1595 1212 1662 1267 ad
1688 1214 1910 1266 salutem
1934 1220 2172 1265 nostram

593 1303 842 1357 attinent.
894 1303 972 1357 Ne
1005 1303 1278 1358 videretur
1310 1314 1467 1359 terra:
1509 1313 1712 1358 motum
1752 1317 1847 1372 per
1893 1316 1952 1358 se
1978 1301 2195 1356 factum-

595 1409 735 1461 esse,
768 1403 1048 1464 sequutum
1095 1403 1178 1450 est
1220 1394 1294 1462 id,
1343 1395 1486 1466 quod
1519 1394 1618 1464 ipsi
1661 1393 1966 1448 testimonio
2006 1401 2170 1446 esset.

596 1484 666 1538 Et
693 1495 850 1539 noctu
877 1485 1107 1540 accidit:
1140 1486 1272 1540 nihil
1299 1487 1441 1540 enim
1465 1485 1531 1539 ad
1561 1484 1970 1539 ostentationem
2003 1481 2172 1547 facie-

598 1577 747 1642 bant,
777 1578 870 1634 sed
893 1579 958 1632 ad
988 1579 1239 1633 salutem.
1263 1577 1378 1633 Non
1400 1579 1570 1633 malus
1591 1585 1707 1632 erat
1723 1576 1955 1632 carceris
1969 1583 2171 1631 custos:

599 1669 909 1738 conjecerat
937 1670 1055 1725 illos
1078 1670 1130 1724 in
1165 1671 1468 1725 interiorem
1493 1685 1784 1736 carcerem,
1807 1668 1948 1740 quod
1973 1669 2044 1723 ita
2070 1668 2172 1724 sibi

589 1758 798 1830 jussum
826 1771 987 1826 esset,
1016 1778 1120 1816 non
1149 1770 1294 1816 motu
1325 1776 1442 1816 suo.
1474 1761 1542 1815 Et
1567 1776 1662 1816 cur
1687 1777 1792 1816 non
1820 1770 1944 1816 ante
1973 1759 2173 1815 clama-

593 1852 669 1906 vit
698 1852 923 1907 Paulus?
951 1853 1356 1908 Perturbatione
1383 1853 1574 1923 plenus
1600 1863 1716 1907 erat
1743 1853 1924 1918 homo,
1953 1865 2053 1908 nec
2077 1851 2172 1906 ad-

594 1943 828 1998 misisset
849 1944 1031 1998 verba.
1065 1944 1188 1999 ldeo
1214 1960 1336 1999 cum
1361 1945 1583 2000 vidisset
1620 1945 1767 1998 illum
1803 1959 1923 2000 sese
1951 1944 2170 1999 interfe-

593 2042 826 2099 cturum,
880 2045 1217 2112 prmoccupsit
1239 2045 1293 2090 et
1342 2036 1555 2103 clamat,
1593 2035 1821 2090 dicens:
1874 2034 2059 2090 Omnes
2091 2035 2172 2090 hic

593 2143 789 2180 sumus.
821 2127 945 2183 Ideo
973 2129 1063 2183 ille
1091 2128 1261 2183 Petito
1282 2129 1683 2194 lumineinsiliit,
1711 2138 1756 2182 et
1782 2137 1898 2182 ante
1926 2126 2168 2192 Paulum,

591 2217 779 2287 inquit,
809 2229 853 2273 et
873 2219 1038 2274 Silam
1065 2221 1298 2290 procidit.
1330 2221 1408 2274 Ad
1439 2220 1599 2289 pedes
1639 2221 1798 2275 vincti
1823 2221 2048 2290 procidit
2080 2234 2172 2275 cu-

593 2319 726 2363 stos.
760 2309 826 2363 Et
857 2312 1027 2365 eduxit
1061 2313 1178 2365 illos
1203 2313 1363 2382 foras,
1402 2313 1656 2382 dixitque:
1683 2311 1907 2380 Domini,
1935 2313 2056 2382 quid
2096 2327 2174 2365 me

591 2411 782 2469 oportet
804 2406 990 2471 facere,
1013 2413 1068 2456 ut
1095 2404 1265 2457 salvus
1289 2403 1424 2457 sim?
1446 2403 1707 2470 Quidnam
1729 2403 2016 2458 dixerunt?
2041 2404 2171 2460 Vide

595 2494 742 2546 illum
772 2509 877 2547 non
908 2495 976 2548 ob
1020 2494 1121 2549 hoc
1146 2495 1366 2564 diligere
1412 2495 1554 2565 quod
1599 2505 1843 2551 servatus
1867 2506 2030 2565 esset,
2074 2496 2170 2552 sed

593 2583 736 2650 quod
762 2583 830 2638 de
857 2584 1054 2638 virtute
1083 2585 1504 2654 obstupesceret.

659 2675 714 2728 2.
756 2675 917 2731 Vides
960 2677 1084 2746 quid
1122 2678 1249 2744 illic,
1283 2679 1410 2748 quid
1459 2678 1615 2734 isthic
1656 2679 1850 2734 iactum
1896 2680 2007 2734 sit?
2052 2679 2169 2735 lllic

591 2766 762 2836 puella
809 2767 1032 2822 liberata
1061 2775 1142 2823 est
1178 2783 1208 2823 a
1240 2769 1470 2840 maligno
1496 2770 1684 2839 spiritu
1709 2812 1725 2837 ,
1749 2781 1801 2825 et
1826 2771 1878 2825 in
1899 2785 2170 2828 carcerem

589 2858 935 2930 eonjecerunt
960 2875 1052 2915 eos
1073 2901 1089 2928 ,
1118 2861 1258 2930 quod
1297 2861 1438 2915 illam
1465 2877 1495 2915 a
1525 2861 1770 2918 dmmone
1805 2862 2162 2930 liberassent;

597 2951 686 3006 hic
732 2952 906 3007 solum
946 2953 1138 3023 januas
1184 2966 1397 3023 apertas
1436 2955 1818 3020 ostenderunt,
1868 2966 1922 3012 et
1965 2958 2172 3027 aperuit

585 3044 777 3114 januas
802 3045 980 3100 cordis
1010 3046 1149 3100 illius
1177 3088 1191 3114 ,
1219 3047 1379 3101 solvit
1402 3048 1610 3102 vincula
1637 3047 1863 3118 duplicia
1885 3090 1902 3114 ,
1931 3049 2172 3105 accendit

591 3141 772 3194 lumen
811 3139 940 3194 illud
976 3157 989 3194 :
1020 3155 1140 3194 nam
1173 3141 1307 3194 etin
1343 3140 1506 3196 corde
1544 3141 1659 3211 ejus
1687 3141 1776 3195 lux
1823 3141 2075 3211 fulgebat.
2109 3143 2173 3198 Et

596 3232 786 3286 insiliit
809 3241 862 3287 et
887 3233 1111 3301 procidit
1139 3251 1151 3287 :
1178 3248 1277 3287 nec
1305 3234 1596 3304 interrogat
1623 3234 1890 3304 quomodo
1920 3251 2006 3290 res
2033 3235 2168 3289 facta

589 3324 698 3388 sit,
727 3324 854 3395 quid
892 3323 1085 3378 factum
1117 3325 1217 3388 sit;
1249 3325 1343 3378 sed
1369 3326 1547 3378 statim
1579 3324 1688 3378 ait:
1718 3325 1851 3391 Quid
1876 3341 1953 3378 me
1977 3333 2171 3394 oportet

590 3421 757 3486 facere
781 3425 834 3469 ut
855 3417 1023 3471 salvus
1049 3415 1180 3470 sim?
1219 3415 1356 3482 Quid
1381 3430 1509 3486 ergo
1538 3415 1770 3470 Paulus?
1802 3415 1958 3470 Crede
1979 3417 2031 3470 in
2061 3415 2170 3470 Do-

591 3510 784 3563 minum
813 3509 990 3564 Iesum
1034 3509 1323 3575 Christum,
1362 3520 1408 3563 et
1434 3504 1602 3563 saluus
1643 3510 1771 3576 eris,
1803 3510 2004 3580 inquit,
2035 3520 2089 3564 tu
2126 3520 2172 3566 et

589 3599 768 3654 domus
793 3610 898 3653 tua.
924 3599 1034 3655 Hoc
1061 3599 1292 3655 maxime
1315 3599 1558 3655 homines
1587 3599 1790 3665 allicit,
1822 3601 1964 3671 quod
1994 3611 2047 3656 et
2073 3603 2172 3656 do-

596 3708 716 3747 nius
763 3693 908 3748 salva
945 3693 1033 3748 sit.
1066 3691 1134 3745 Et
1159 3692 1352 3762 loquuti
1382 3701 1500 3744 sunt
1538 3691 1585 3744 ei
1609 3690 1838 3758 verbum,
1869 3701 1918 3746 et
1941 3692 2172 3746 omnibus

588 3786 674 3855 qui
700 3795 841 3839 erant
870 3786 923 3838 in
949 3785 1096 3838 domo
1123 3786 1256 3855 ejus.
1282 3783 1436 3837 Lavit
1461 3797 1558 3840 eos
1581 3823 1597 3850 ,
1623 3792 1678 3839 et
1701 3783 1844 3839 lotus
1871 3792 1955 3840 est
1995 3802 2008 3838 :
2051 3784 2170 3840 illos

590 3877 805 3946 quidem
848 3892 878 3932 a
925 3877 1090 3948 plagis
1112 3876 1315 3943 abluit,
1342 3877 1454 3946 ipse
1479 3891 1508 3931 a
1547 3878 1776 3948 peccatis
1800 3878 2014 3934 ablutus
2040 3889 2122 3934 est
2153 3896 2168 3933 :

591 3971 848 4037 nutrivit,
881 3980 934 4025 et
964 3970 1196 4024 nutritus
1221 3978 1322 4025 est.
1355 3969 1417 4024 Et
1448 3970 1751 4037 exsultavit,
1786 3971 1977 4042 inquit.
2005 3973 2166 4042 Atqui

591 4060 722 4114 nihil
744 4070 858 4115 erat
884 4061 985 4115 nisi
1011 4061 1172 4115 verba
1200 4069 1402 4115 tantum
1429 4069 1483 4115 et
1498 4077 1621 4132 spes
1642 4062 1800 4116 bona.
1825 4062 1937 4117 Hoc
1963 4063 2170 4134 signum

592 4164 731 4221 erat,
749 4153 1042 4209 credidisse
1059 4153 1229 4220 illum,
1254 4153 1355 4208 sibi
1376 4154 1550 4208 omnia
1572 4154 1794 4209 remissa
1821 4153 2005 4210 fuisse.
2033 4157 2170 4224 Quid

589 4246 812 4300 custode
827 4246 1061 4300 carceris
1087 4246 1272 4315 pejus?
1295 4245 1420 4315 quid
1443 4245 1729 4312 crudelius,
1757 4247 1879 4316 quid
1907 4247 2172 4304 ferocius?

591 4337 840 4389 Attamen
870 4351 990 4389 cum
1021 4336 1186 4389 multo
1219 4337 1337 4389 illos
1373 4337 1608 4406 suscepit
1638 4339 1862 4394 honore.
1892 4339 2006 4394 Non
2030 4342 2170 4411 quod

589 4435 834 4479 servatus
861 4435 1006 4480 esset
1035 4467 1049 4492 ,
1081 4428 1292 4495 gavisus
1321 4436 1404 4480 est
1427 4469 1440 4491 ,
1473 4429 1565 4483 sed
1598 4429 1751 4496 Quod
1788 4430 1898 4485 Deo
1927 4435 2169 4490 crederet.

592 4516 751 4570 Crede
772 4556 788 4578 ,
826 4515 1033 4585 inquit,
1060 4517 1113 4568 in
1144 4515 1441 4572 Dominum.
1483 4518 1606 4574 Ideo
1634 4520 1795 4588 dixit,
1834 4522 1932 4590 Qui
1962 4525 2174 4578 credidit

593 4606 723 4672 Deo,
748 4615 805 4660 ut
825 4623 891 4661 ne
906 4606 1178 4662 videretur
1198 4610 1348 4678 quasi
1367 4609 1650 4666 damnatus
1665 4622 1718 4668 et
1744 4625 1992 4684 peccator
2013 4617 2169 4672 solvi.

592 4699 795 4755 Idcirco
818 4699 999 4754 dicunt
1035 4717 1048 4754 :
1080 4697 1246 4755 Cwsos
1272 4719 1361 4756 nos
1388 4703 1585 4771 publice
1610 4706 1921 4761 indemnatos
1951 4709 2174 4763 homines

591 4792 914 4858 coniecerunt
962 4792 1015 4845 iu
1059 4809 1347 4858 carcerem;
1382 4805 1438 4848 ut
1476 4810 1580 4850 non
1627 4797 1785 4851 modo
1823 4801 2027 4868 gratia),
2079 4801 2174 4855 sed

593 4886 753 4939 etiam
805 4884 1040 4954 ipsorum
1086 4896 1230 4940 esset
1264 4902 1418 4955 Opus.
1456 4886 1589 4942 Vide
1619 4899 1674 4942 ut
1700 4889 1846 4943 varia
1895 4891 2173 4962 dispenset

593 4979 784 5046 gratia,
817 4978 1087 5048 quomodo
1117 4979 1206 5034 ille
1231 4995 1478 5049 egressus
1508 4990 1611 5044 est,
1642 4984 1911 5052 quomodo
1941 4985 2047 5053 hic,
2073 4987 2176 5043 etsi

595 5078 818 5139 uterque
843 5071 1118 5140 apostolus
1153 5083 1317 5126 esset.
1352 5072 1680 5139 Timuerunt,
1726 5073 1916 5146 inquit.
1959 5077 2175 5134 Timent

597 5161 722 5227 quia
753 5161 978 5214 Romani
1009 5171 1156 5228 sunt,
1189 5179 1294 5218 non
1324 5165 1448 5235 quia
1480 5165 1673 5235 injuste
1701 5169 2068 5236 conjecerunt.
2100 5171 2168 5226 Et

595 5260 896 5319 rogaverunt
934 5251 1072 5318 illos,
1104 5261 1158 5305 ut
1186 5254 1378 5307 exirent
1419 5272 1481 5308 ea:
1522 5257 1739 5310 civitate.
1772 5257 1922 5314 llanc
1970 5262 2175 5329 petiere

595 5340 841 5410 gratiam.
875 5341 952 5394 Illi
996 5358 1124 5396 vero
1158 5354 1217 5398 ut
1242 5356 1504 5401 venerunt
1531 5349 1597 5402 ad
1632 5347 1854 5420 Lydiam
1885 5360 1940 5406 et
1981 5354 2176 5408 conﬁr-

598 5439 814 5486 marunt
839 5446 954 5486 eam
980 5472 996 5498 ,
1028 5433 1106 5487 sic
1142 5434 1366 5502 profecti
1394 5446 1535 5491 sunt.
1569 5439 1684 5495 Non
1710 5444 1991 5512 Oportebat
2030 5445 2173 5500 enim

599 5521 912 5592 hospitalem
942 5522 1087 5578 illam
1118 5524 1168 5578 in
1196 5541 1366 5596 agone
1391 5538 1445 5582 et
1468 5531 1826 5590 sollicitudine
1849 5536 2175 5606 relinquere.

598 5615 815 5686 Egressi
847 5625 1021 5673 autem
1051 5626 1174 5673 sunt
1198 5659 1212 5684 ,
1241 5633 1347 5673 non
1375 5620 1477 5674 illis
1501 5622 1954 5695 obtemperantes,
1987 5628 2083 5684 sed
2109 5628 2176 5684 ad

597 5709 1033 5782 praedicationem
1061 5710 1372 5768 festinantes
1399 5754 1413 5779 ,
1445 5729 1564 5770 cum
1595 5718 1784 5774 civitas
1817 5737 1913 5790 per
1940 5723 2173 5779 miracu-

601 5799 710 5857 lum
739 5802 866 5858 illud
910 5801 1040 5859 satis
1077 5802 1256 5876 adjuta
1298 5803 1503 5862 fuisset.
1547 5807 1658 5865 Non
1705 5814 1986 5881 oportebat
2028 5817 2167 5872 ultra

1365 369 1424 425 S.
1461 365 1736 424 JOANNIS
1772 357 2248 422 CHRYSOSTOMI
2283 357 2598 414 ARClllEP.
2639 354 3167 413 CONSTANTINOP.
3729 355 3790 408 ⁸ὶῦ

2284 488 2519 528 manere.
2565 471 2694 527 Nam
2736 473 3047 527 miraculum
3094 471 3265 540 majus
3307 478 3528 540 apparet
3575 469 3789 539 magisqu

2280 564 2474 619 clamat
2500 573 2619 634 post
2649 564 3036 635 profectionem
3074 578 3261 617 eorum
3290 562 3378 631 qui
3407 561 3573 630 ipsum
3601 570 3791 629 patravc

2279 665 2420 710 rant.
2455 657 2661 711 Etenim
2691 657 2928 712 custodis
2956 656 3187 711 carceris
3230 654 3363 710 fidos
3411 669 3505 724 pro
3550 669 3671 708 voce
3698 663 3791 707 eral

2277 746 2412 814 Quid
2443 746 2564 802 huic
2605 748 2680 802 rei
2715 749 2845 817 par?
2873 747 3088 817 Ligatur
3129 756 3182 800 et
3210 745 3372 801 solvit
3417 746 3632 814 ligatus;
3680 745 3791 798 solv:

2276 837 2473 906 duplex
2517 838 2814 903 vinculum;
2846 838 3096 908 ligantem
3140 853 3198 892 se
3241 837 3400 890 solvit
3444 852 3538 906 per
3579 836 3672 889 hoc
3697 852 3791 905 quo

2277 925 2391 996 ipse
2422 927 2613 998 ligatus
2651 931 2738 983 sit.
2772 928 2896 984 Haec
2923 944 3048 983 vere
3077 935 3203 982 sunt
3248 929 3432 998 gratia:
3469 942 3641 997 Opera.
3683 927 3791 981 Nm.

2277 1035 2416 1089 ergo,
2446 1019 2635 1089 inquit,
2663 1021 2868 1093 egressi,
2901 1020 2969 1073 ite
2990 1021 3044 1074 in
3073 1036 3195 1090 pace
3223 1037 3241 1073 :
3272 1019 3324 1074 id
3350 1028 3452 1086 est,
3479 1035 3597 1074 cum
3635 1022 3791 1075 securi

2277 1117 2405 1178 tate,
2431 1111 2565 1166 nihil
2591 1112 2858 1167 timentes.
2888 1111 3058 1167 Simul
3086 1112 3226 1166 hunc
3250 1112 3431 1166 volunt
3457 1120 3603 1166 extra
3628 1113 3791 1182 pericii

2276 1200 2385 1255 lum
2434 1201 2571 1270 ﬁeri,
2624 1219 2692 1258 ne
2735 1212 2856 1273 post
2899 1203 3013 1258 haec
3049 1212 3352 1258 accusetur.
3386 1203 3451 1257 Et
3479 1217 3581 1257 non
3619 1203 3791 1256 dicunt

2273 1295 2456 1350 (laesos
2500 1311 2600 1352 nos
2642 1297 2987 1367 conjecerunt
3015 1298 3069 1352 in
3096 1312 3365 1352 carcerem
3389 1338 3404 1363 ,
3436 1298 3556 1367 quia
3593 1297 3791 1351 miracul

2274 1386 2477 1455 cperati
2523 1401 2735 1442 eramus
2774 1403 2791 1444 :
2823 1403 2992 1459 neque
3021 1389 3163 1443 enim
3200 1389 3284 1443 his
3329 1388 3707 1452 attendebant;
3740 1405 3791 1443 se

2273 1476 2416 1547 quod
2447 1477 2660 1533 illorum
2686 1478 2894 1534 animos
2922 1489 3209 1535 concutere
3238 1487 3481 1550 poterat,
3513 1478 3540 1532 1
3548 1480 3791 1533 indemnati

2275 1569 2465 1640 inquit,
2493 1579 2537 1624 et
2570 1570 2844 1625 Romanos.
2876 1571 3043 1640 Hujus
3065 1572 3225 1626 vincti
3256 1585 3465 1640 semper
3483 1584 3737 1625 memores
3762 1587 3787 1624 s

2273 1676 2411 1729 mus,
2437 1672 2491 1718 et
2509 1678 2613 1718 non
2637 1664 2895 1718 miraculi.
2927 1664 3064 1732 Quid
3091 1664 3272 1720 dicent
3292 1664 3538 1734 gentiles,
3566 1666 3791 1734 quomod

2273 1756 2476 1812 vinctus
2519 1771 2638 1810 cum
2681 1765 2846 1821 esset,
2890 1757 3058 1811 suasit
3099 1756 3388 1811 vincienti?
3419 1756 3480 1809 Et
3529 1772 3705 1826 quem,
3759 1757 3791 1810 il

2271 1846 2492 1916 quiunt,
2523 1847 2830 1916 persuaderi
2860 1847 3174 1916 oportebat,
3207 1847 3310 1900 nisi
3355 1846 3637 1901 scelestum
3666 1846 3791 1900 born

2272 1952 2416 2004 nem,
2445 1938 2699 1993 miserum
2731 1980 2746 2004 ,
2776 1939 2866 2008 qui
2899 1949 3130 1994 mentem
3162 1954 3268 1993 non
3294 1938 3533 2004 haberet,
3565 1939 3707 1993 mille
3732 1957 3791 1994 mi

2274 2028 2340 2082 lis
2363 2039 2610 2084 onustum
2629 2038 2680 2084 et
2697 2038 2850 2099 captu
2870 2029 3118 2084 facilem?
3147 2029 3270 2085 Haec
3290 2029 3504 2100 insuper
3529 2029 3791 2100 proferunl

2273 2120 2402 2188 Quis
2431 2123 2673 2188 credidit,
2711 2123 2812 2177 nisi
2859 2124 3138 2188 coriarius,
3170 2125 3482 2193 purpuraria
3505 2164 3518 2187 ,
3547 2124 3791 2178 eunuchu

2274 2224 2456 2270 custos
2485 2216 2738 2282 carceris,
2767 2215 2907 2270 servi
2936 2225 2990 2270 et
3030 2216 3324 2272 mulieres?
3350 2216 3482 2284 Quid
3513 2232 3638 2287 ergo
3667 2216 3786 2273 dice

2275 2314 2566 2375 poterunt,
2605 2306 2817 2377 quando
2867 2320 2999 2374 eos,
3047 2307 3135 2377 qui
3181 2307 3232 2361 in
3285 2307 3625 2378 dignitatibus
3672 2325 3791 2363 eran

2273 2397 2630 2468 producemus
2661 2417 2674 2453 :
2703 2399 3069 2454 centurionem
3100 2440 3114 2464 ,
3163 2402 3531 2469 proconsulem
3558 2443 3573 2468 ,
3621 2403 3754 2457 alios
3783 2421 3791 2455 ι

2275 2490 2370 2544 illo
2398 2489 2466 2544 ad
2498 2490 2598 2544 hoc
2621 2505 2787 2560 usque
2809 2499 3017 2560 tempus
3039 2531 3056 2557 ,
3087 2491 3454 2560 imperatores,
3489 2495 3678 2563 reges?
3734 2495 3791 2564 Eg

2233 2656 2238 2659 _
2273 2596 2403 2637 vero
2428 2582 2568 2636 aliud
2596 2582 2764 2652 majus
2789 2580 2910 2637 dico
2939 2599 2953 2635 :
2984 2583 3127 2652 ipsos
3157 2583 3373 2638 viliores
3406 2584 3521 2638 illos
3543 2583 3786 2638 videamu

2273 2678 2476 2750 Ecquid
2500 2677 2572 2732 ibi
2598 2677 2811 2740 mirum,
2836 2675 3193 2747 inquies?ﬂoc
3219 2687 3366 2732 certe
3389 2678 3611 2732 mirum:
3637 2680 3791 2734 etenii

2272 2774 2318 2828 si
2373 2773 2440 2829 de
2487 2772 2644 2828 rebus
2698 2772 3005 2843 vulgaribus
3061 2772 3324 2838 crederet,
3373 2789 3476 2827 non
3517 2775 3702 2828 mirum
3754 2791 3791 2828 e:

2271 2873 2388 2931 set;
2420 2879 2539 2918 cum
2571 2879 2701 2919 vero
2729 2862 2798 2918 de
2825 2864 3222 2919 resurrectione
3249 2905 3263 2929 ,
3292 2865 3359 2919 de
3385 2880 3544 2935 regno
3568 2866 3791 2921 ca:lorun

2272 2956 2341 3010 de
2379 2958 2485 3011 vita
2535 2955 2901 3026 philosophica
2949 2957 3068 3026 quis
3116 2957 3457 3026 pOpularibus
3512 2958 3745 3027 loquitur

2274 3047 2566 3119 persuadet
2592 3089 2606 3114 ,
2636 3048 2738 3102 hoc
2763 3048 3059 3104 mirabilius
3100 3051 3222 3113 erit,
3264 3065 3422 3119 quam
3448 3050 3491 3104 si
3520 3052 3787 3120 sapientib

2273 3139 2647 3210 persuasisset.
2677 3139 2808 3195 Cum
2841 3140 2983 3195 enim
3012 3155 3117 3195 non
3162 3151 3245 3196 est
3284 3142 3597 3211 periculum,
3638 3153 3696 3199 et
3739 3161 3791 3213 qi

2273 3232 2482 3300 suadet,
2505 3247 2536 3287 e
2562 3248 2620 3288 re
2646 3233 2928 3288 stultitiam
2957 3234 3010 3288 in
3039 3233 3271 3289 medium
3303 3234 3582 3305 proferunt
3602 3253 3617 3302 ;
3640 3252 3791 3305 quam

2273 3331 2450 3376 autem
2477 3323 2596 3392 quis
2624 3323 2824 3378 dixerit
2849 3337 3005 3377 servo
3034 3324 3330 3378 secundum
3365 3334 3416 3379 te
3449 3345 3460 3380 :
3493 3325 3550 3382 Si
3580 3327 3712 3380 mihi
3743 3346 3791 3380 cr

2274 3414 2388 3478 das,
2419 3415 2735 3485 periclitaris
2758 3457 2772 3477 ,
2805 3430 2991 3470 omnes
3021 3417 3239 3472 habebis
3266 3419 3357 3472 tibi
3381 3419 3647 3480 inimicos.
3690 3436 3791 3490 opu

2275 3516 2350 3562 tet
2372 3517 2422 3563 te
2450 3509 2606 3575 mori,
2639 3508 2783 3563 mille
2814 3508 2995 3564 subire
3022 3509 3195 3575 mala;
3225 3511 3407 3582 sicque
3444 3513 3587 3567 illius
3611 3516 3791 3568 anima

2274 3601 2449 3672 capiat
2476 3617 2489 3653 :
2520 3616 2625 3655 non
2642 3600 2750 3671 jam
2775 3601 2875 3655 hoc
2896 3601 3214 3671 insipientia:
3238 3613 3338 3658 est.
3372 3602 3504 3658 Nam
3532 3606 3576 3659 si
3603 3605 3791 3678 dogma

2275 3692 2596 3763 voluptatem
2638 3692 2900 3748 haberent
2919 3735 2935 3760 ,
2960 3693 3080 3762 jure
3109 3695 3227 3764 quis
3256 3694 3361 3750 hoc
3386 3695 3587 3750 diceret
3611 3714 3625 3762 ;
3657 3699 3707 3751 si
3738 3715 3791 3752 vc

2276 3784 2350 3853 id,
2397 3785 2538 3856 quod
2569 3784 2775 3840 nollent
2815 3784 3115 3856 philosophi
3157 3784 3390 3854 discere,
3428 3801 3617 3842 servus
3659 3788 3791 3842 disc:

2275 3877 2448 3946 majus
2490 3885 2571 3932 est
2602 3876 2937 3931 miraculum.
2967 3876 3032 3931 Et
3061 3876 3106 3931 si
3135 3878 3294 3932 vultis
3314 3918 3329 3945 ,
3361 3878 3652 3933 coriarium
3691 3883 3791 3950 ipSl

2277 3972 2328 4024 in
2361 3970 2593 4025 medium
2622 3970 2964 4034 adducamus,
2994 3977 3049 4025 et
3077 3968 3352 4026 videamus
3381 3972 3504 4040 quid
3536 3972 3640 4042 ipsi
3678 3973 3791 4028 Peti

2277 4061 2558 4131 loquatur;
2610 4061 2693 4117 vel
2736 4062 2780 4116 si
2829 4062 3021 4130 placet,
3065 4060 3239 4131 ipsum
3285 4061 3560 4117 custodem
3605 4077 3791 4119 carcer

2275 4153 2410 4219 Quid
2439 4168 2565 4223 ergo
2595 4154 2692 4224 ipsi
2722 4153 2850 4208 dicit
2874 4153 3113 4208 Paulus?
3138 4153 3381 4208 Christus
3408 4155 3718 4210 resurrexit
3747 4199 3762 4224 ,

2277 4245 2599 4300 resurrectio
2644 4256 2977 4300 mortuorum
3010 4256 3063 4301 et
3095 4262 3356 4317 regnum;
3400 4255 3454 4300 et
3497 4247 3696 4302 statim
3751 4266 3791 4318 ιιι

2278 4339 2444 4394 suasit
2467 4338 2619 4394 facile
2658 4338 2918 4394 credenti.
2949 4338 3089 4406 Quid
3117 4342 3285 4410 ergo?
3309 4339 3376 4395 de
3403 4339 3508 4393 vita
3539 4341 3685 4395 nihil
3719 4343 3791 4396 di:

2277 4431 2418 4500 quod
2446 4446 2632 4500 sapere
2663 4439 2926 4500 oporteat,
2960 4431 3100 4501 quod
3127 4432 3362 4500 pecuniis
3394 4433 3700 4501 imperare,
3730 4450 3791 4503 qu

2278 4538 2383 4577 non
2414 4538 2534 4579 esse
2580 4521 2927 4577 inhumanum
2970 4533 3245 4593 oporteat,
3278 4525 3417 4594 quod
3448 4525 3588 4580 bona
3620 4543 3734 4582 sua
3762 4544 3791 4583 e

2278 4614 2448 4683 ganda
2474 4615 2578 4668 sint
2600 4614 2756 4667 aliis?
2775 4613 2954 4684 Neque
2982 4617 3124 4669 enim
3149 4616 3263 4670 lucc
3289 4616 3585 4672 credidisse
3609 4618 3723 4673 insi
3731 4621 3791 4689 pii

2280 4708 2347 4761 tis
2373 4717 2507 4773 erat,
2535 4707 2629 4763 sed
2659 4708 2833 4777 magni
2860 4708 3043 4762 animi.
3077 4709 3207 4763 Esto
3234 4710 3376 4764 enim
3401 4710 3499 4779 ipsi
3526 4710 3791 4780 dogmata

2280 4797 2583 4867 insipientia
2601 4799 2933 4868 acceperint;
2952 4801 3111 4853 vitam
3137 4801 3278 4854 illam
3296 4801 3737 4871 philosophicam
3760 4820 3791 4855 ς

2279 4893 2476 4962 cipere,
2524 4908 2591 4946 an
2640 4892 2941 4963 insipientis
2983 4895 3169 4949 esset?
3215 4893 3396 4964 Itaque
3429 4906 3642 4964 quanto
3709 4914 3791 4950 nia

2281 4983 2537 5053 insipiens
2562 4991 2705 5037 esset
2732 4984 2822 5053 qui
2848 4983 3245 5053 obtemperaret
3269 5027 3284 5051 ,
3316 4994 3372 5039 et
3399 4995 3583 5040 tamen
3611 5002 3682 5040 ea
3711 5002 3791 5041 Sll!

2281 5084 2451 5146 peret,
2501 5091 2620 5145 quae
2661 5074 2994 5146 philosophis
3025 5075 3349 5146 persuadere
3393 5076 3718 5148 philosophi
3781 5096 3791 5131 l

2281 5177 2523 5240 possent,
2555 5170 2727 5238 majus
2756 5179 2901 5225 esset
2933 5169 3249 5224 miraculum
3279 5186 3291 5222 :
3321 5171 3555 5224 maxime
3587 5186 3732 5225 vero
3763 5187 3791 5225 c

2282 5261 2534 5316 mulieres
2585 5271 2636 5316 et
2686 5262 2828 5316 servi
2873 5261 3282 5331 persuadentur,
3311 5271 3366 5317 et
3407 5277 3504 5332 per
3543 5277 3725 5332 opera
3775 5262 3791 5315 l

2283 5352 2574 5417 exhibent,
2607 5369 2725 5423 qua:
2752 5368 2852 5408 nec
2878 5354 3132 5409 Platones
3161 5369 3260 5409 nec
3288 5355 3376 5409 alii
3405 5371 3600 5410 omnes
3633 5357 3738 5408 ulli
3772 5371 3791 5423 ς

2283 5443 2508 5499 suadere
2536 5452 2846 5513 potuerunt.
2888 5444 2956 5499 Et
2981 5459 3077 5499 cur
3107 5445 3241 5499 nulli
3281 5445 3439 5501 dico?
3482 5445 3564 5501 Ne
3594 5446 3708 5501 sibi
3760 5445 3791 5516 i1

2281 5533 2520 5603 quidem.
2552 5535 2685 5589 Nam
2724 5535 2876 5590 Plato
2917 5536 3132 5604 quidem
3176 5539 3438 5606 persuasit
3479 5539 3754 5608 pecunias
3787 5553 3791 5590 l

2283 5638 2404 5680 esse
2431 5625 2870 5692 contemnendas,
2895 5627 2984 5696 qui
3017 5637 3189 5681 tantas
3211 5627 3492 5682 facultates
3520 5637 3579 5682 et
3603 5642 3754 5696 opes
3785 5642 3791 5678 :

2284 5715 2548 5786 nulosque
2577 5732 2769 5773 aureos
2813 5728 2868 5772 et
2913 5717 3119 5788 phialas
3145 5719 3382 5789 possedit
3407 5720 3508 5790 (a).
3551 5718 3720 5786 Quod
3757 5734 3786 5769 v

2348 5826 2420 5890 (α)
2453 5829 2754 5880 Ριιδεόὶνὶιθω
2796 5829 2944 5881 fuisse
2984 5830 3226 5883 Platonem
3260 5834 3612 5884 asseverabant
3633 5826 3791 5891 quida
