4036 6220
239 251 331 308 269

1214 244 1282 301 IN
1318 246 1501 302 ACTA
1534 245 2322 311 APOSTOLORUMJIOMIL.
2358 249 2594 309 XXXVI.

3513 269 3620 325 εοο

229 363 315 427 τὰς
343 362 553 425 νύκτας.
582 359 704 414 ἔνθα
738 359 911 447 κῶμοι
949 359 1041 412 καλ⁸
1072 357 1239 447 μέθαι
1282 360 1376 412 καὶ¹
1401 360 1699 430 ἁσέλγειαι,
1728 360 1854 415 ἔνθα
1959 361 2149 434 αὐτὴν,
2188 362 2358 429 οὔτως
2387 366 2631 435 ἐξῆλθον.
2669 368 2741 421 Οὐ
2762 369 2871 441 γὰρ
2904 369 3010 424 ἔδει
3040 371 3137 444 τὴν
3164 374 3436 447 ξενοδόχον
3465 379 3619 446 ἀφεῖ-

230 451 377 513 ὕπνος
412 449 633 502 θανάτου
660 447 811 499 οὐδὲν
844 445 1161 517 διεστηκώς,
1201 447 1326 500 ἔνθα
1361 449 1656 519 ἀγρυπνίαι
1687 449 1852 502 ὐπνου
1958 467 2044 503 ναι
2061 452 2117 503 ἐν
2134 452 2302 520 ἀγῶνι
2319 454 2413 505 καὶ
2433 456 2691 528 μερίμνῃ.
2712 458 2959 529 Ἐξῆλθον
2974 459 3050 523 δὲ,
3069 462 3166 514 οὐκ
3185 445 3412 527 ἐκείνοις
3434 445 3621 517 πειθό-

228 537 598 611 χαλεπώτεραι.
628 536 687 587 Οἱ
720 535 819 605 μὲν
844 534 947 605 γὰρ
970 534 1313 589 καθεύδουσιν
1345 537 1773 608 ἀνεπαισθήτως,
1805 538 1855 591 οί
1962 554 2142 608 μενοι,
2177 539 2312 593 ἀλλά
2334 540 2426 593 ἐπὶ
2457 541 2516 594 16
2546 543 2808 614 κήρυγμα
2844 547 3179 613 σπεύδοντες,
3216 549 3365 623 [277]
3390 552 3489 620 τῆς
3516 551 3618 603 πό-

229 632 278 685 66
307 629 655 700 ἐγρηγόρασιν
688 626 933 689 ἐλεεινῶς
957 627 1047 680 καὶ
1077 627 1294 692 ἀθλίως,
1328 627 1509 692 δόλους
1542 629 1858 700 ράπτοντες,

230 719 349 788 ὐπέρ
394 716 684 786 χρημάτων
738 714 1132 784 φροντίζοντες,
1171 715 1319 779 ὅπως
1373 710 1686 786 ἀμύνωνται
1736 716 1860 781 τοὺς

231 806 518 867 ἀδικοῦντας
552 803 939 866 σπουδάζοντες
962 842 977 863 ,
1016 802 1215 873 ἐχθραν
1257 803 1605 874 μελετῶντες,
1641 805 1859 876 ῥήματα

233 890 490 963 ὑϐριστικά
514 890 631 959 μεθ’
654 889 869 960 ἡμέραν
893 890 1272 961 ἀναλεγόμενοι
1296 908 1310 922 ·
1342 890 1484 945 οὕτω
1509 892 1569 946 τὸ
1589 893 1701 962 πῦρ
1724 910 1859 946 σκα-

232 980 421 1033 λεύονσι·
461 981 559 1050 τῆς
603 978 790 1049 ὀργῆς,
838 977 906 1032 τά
958 978 1206 1050 ἀφόρητα
1243 979 1619 1051 ἐργαζόμενοι.
1658 981 1858 1035 Σκόπει

233 1067 331 1130 πῶς
358 1066 550 1136 Πέτρος
591 1064 893 1118 ἐκάθευδεν.
938 1065 1310 1134 Οἰκονομικῶς
1344 1068 1519 1119 ἐκεῖνο
1544 1067 1765 1135 γέγονεν
1784 1082 1798 1095 ⁶
1830 1069 1861 1121 6

234 1153 433 1224 ἄγγελος
455 1152 559 1223 γάρ
590 1152 942 1223 παρεγένετο,
963 1151 1057 1204 καὶ
1077 1151 1264 1205 οὐδένα
1285 1153 1449 1223 ἐχρῆν
1478 1154 1602 1206 ἰδεῖν
1626 1154 1685 1206 16
1709 1154 1862 1222 γενό-

235 1258 369 1312 μενον
388 1257 401 1271 ·
433 1240 523 1293 καὶ
558 1238 715 1292 τοῦτο
746 1238 908 1292 πάλιν
936 1238 1133 1304 καλῶς,
1170 1240 1254 1291 ἵνα
1284 1239 1496 1310 κωλυθῇ
1535 1242 1563 1293 6
1590 1240 1860 1311 δεσμοφύ-

233 1328 314 1394 λαξ
334 1327 524 1381 ἀνελεῖν
548 1327 757 1380 ἑαυτόν.
782 1326 895 1379 Kal
917 1326 1005 1380 διὰ
1032 1326 1083 1380 τί
1107 1326 1181 1397 μὴ
1212 1327 1337 1381 ἄλλο
1358 1330 1579 1399 σημεῖον
1606 1329 1858 1397 γέγονενς

235 1417 335 1471 Ὅτι
372 1416 519 1470 τοῦτο
551 1415 706 1488 [276]
744 1415 976 1486 μάλιστα
1015 1416 1179 1471 αὐτὸν
1213 1416 1503 1485 ἐφελκύσαι
1541 1417 1636 1471 καὶ
1675 1420 1859 1471 πεῖσαι

234 1506 391 1558 ἱκανὸν
414 1502 478 1577 ἦν
501 1518 552 1568 ι,
576 1506 713 1557 ὅπου
750 1521 815 1572 γε
848 1502 942 1557 καὶ
969 1503 1131 1567 αὐτὸς
1163 1504 1534 1558 ἐκινδύνευσεν
1559 1504 1624 1558 ἂν
1643 1545 1657 1570 ,
1694 1508 1741 1559 εί
1781 1507 1857 1579 μὴ

232 1593 448 1661 γέγονεν’
477 1592 535 1645 οὐ
556 1591 670 1662 γάρ
696 1589 839 1644 οὕτω
861 1589 929 1643 τά
956 1588 1208 1656 θαύματα
1236 1591 1383 1661 ἡμᾶς
1404 1592 1564 1662 αἱρεῖ,
1592 1592 1666 1657 ώς
1690 1592 1758 1647 τὰ
1780 1596 1861 1660 είς

234 1681 474 1752 σωτηρίαν
504 1680 786 1752 ἡμετέραν
820 1680 1041 1750 ἥκοντα.
1085 1681 1201 1734 Ἵνα
1238 1679 1314 1751 μὴ
1356 1680 1480 1751 δόξῃ
1528 1682 1637 1735 ἀπὸ
1663 1684 1857 1737 ταύτο-

234 1765 377 1835 μάτου
410 1762 739 1834 γεγενῆσθαι
786 1763 814 1815 6
855 1763 1110 1835 σεισμὸς,
1144 1764 1548 1836 ἐπηκολούθησε
1584 1766 1859 1821 καὶτοῦτο

233 1855 393 1924 ἐκείνῳ
443 1852 778 1925 μαρτυροῦν.
814 1854 922 1906 Kal
964 1855 1021 1908 ἐν
1050 1853 1208 1907 νυκτὶ
1254 1854 1528 1923 φαίνεταιο
1562 1856 1713 1911 οὐδὲν
1749 1857 1857 1929 γὰρ

231 1940 345 2013 πρὸς
375 1942 647 2010 ἐπίδειξιν,
702 1941 838 1995 ἀλλά
871 1941 1005 2012 πρὸς
1048 1944 1322 2013 σωτηρίαν
1367 1942 1613 1999 ἐποίουν.
1649 1945 1761 1998 Οὐκ
1789 1941 1859 2017 ἦν

231 2030 469 2100 πονηρδςό
495 2028 877 2100 δεσμοφύλαξ·
919 2028 1109 2083 ἔϐαλεν
1136 2031 1332 2094 αὐτοὺς
1358 2033 1437 2095 εἰς
1459 2031 1555 2103 τὴν
1586 2033 1858 2104 ἐσωτέραν

233 2114 462 2185 φυλακὴν,
486 2114 868 2187 παραγγελίαν
888 2115 1140 2186 τοιαύτην
1169 2115 1369 2181 λαϐὼν,
1398 2118 1497 2171 οὐκ
1522 2120 1613 2188 ἀφ’
1640 2119 1854 2176 ἐαυτοῦ.

231 2202 322 2256 Kal
348 2203 426 2257 διὰ
455 2204 506 2257 τί
543 2204 625 2274 μὴ
659 2203 765 2274 πρὸ
804 2202 993 2256 τούτου
1021 2203 1243 2273 ἐϐόησεν
1270 2206 1297 2258 6
1338 2204 1581 2271 Παῦλος;
1618 2206 1857 2277 Θορύϐου

235 2289 443 2356 μεστὸςὸ
470 2290 765 2361 ἄνθρωπος
794 2285 862 2361 ἦν
906 2289 1003 2342 καὶ
1030 2290 1304 2361 ταραχῆς,
1339 2290 1435 2343 καὶ
1484 2291 1581 2345 οὐκ
1616 2290 1681 2345 ἂν
1723 2310 1862 2362 παρ-

233 2376 434 2444 εδέξατο.
458 2380 550 2432 Διά
585 2378 764 2444 τοῦτο,
791 2379 879 2432 ὅτε
903 2376 1040 2432 εῐδεν
1073 2380 1263 2432 ἐαυτὸν
1297 2379 1553 2450 μέλλοντα
1582 2381 1822 2451 ἀναιρεῖν
1840 2420 1857 2446 ,

232 2464 715 2536 προκαταλαμϐάνει
735 2466 827 2518 καὶ
853 2466 972 2537 βοᾷ,
1002 2465 1175 2535 λέγων
1195 2479 1209 2495 ⁸
1242 2467 1448 2530 Πάντες
1469 2466 1632 2538 ἐσμὲν
1653 2468 1857 2521 ἐνθάδε.

232 2549 312 2603 Διά
334 2552 477 2605 τοῦτο
519 2553 623 2606 καὶ
666 2553 903 2624 Αίτήσας
952 2553 1105 2621 φῶτα
1148 2553 1508 2625 είσεπήδησε,
1551 2554 1646 2608 καὶ
1690 2572 1860 2626 προσ-

234 2636 363 2691 έπεσε
384 2638 456 2710 τῷ
490 2640 715 2711 Παύλῳ,
770 2641 935 2711 φησι,
972 2640 1067 2695 καὶ
1102 2640 1179 2711 τῷ
1222 2640 1380 2713 Σίλᾳ.
1415 2642 1508 2705 Εἰς
1541 2643 1667 2705 τούς
1696 2642 1861 2707 πόδας

236 2728 527 2796 προσπίπτει
563 2728 662 2781 τοῦ
690 2727 965 2799 δεσμώτου
992 2731 1019 2782 6
1052 2727 1246 2798 φύλαξ.
1280 2729 1392 2783 Kal
1419 2730 1647 2800 προάγει
1668 2731 1863 2795 αὐτοὺς

236 2811 317 2877 ἔξω
347 2815 430 2867 καὶ
464 2815 617 2884 λέγει
645 2831 659 2845 ’
696 2815 911 2885 Κύριοι,
951 2815 1004 2868 τί
1037 2832 1105 2886 με
1132 2817 1210 2870 δεῖ
1230 2819 1423 2878 ποιεῖν,
1457 2818 1544 2871 ἵνα
1575 2816 1728 2870 σωθῶ
1748 2858 1762 2882 ,
1797 2817 1862 2869 Τί

234 2901 320 2972 γὰρ
345 2896 513 2968 εἷπον;
556 2904 705 2973 Ὅρα
733 2901 894 2956 αὐτὸν
920 2904 1018 2956 οὐκ
1061 2903 1247 2973 ἐπειδὴ
1292 2904 1520 2977 διεσώθη
1562 2905 1658 2959 ἐπὶ
1690 2904 1864 2978 τούτῳ

236 2990 506 3058 στέργοντα,
544 2991 690 3044 ἀλλά
714 2993 813 3060 τὴν
834 2990 1063 3062 δύναμιν
1093 2992 1449 3060 ἐκπλαγέντα.

292 3072 344 3141 β’.
363 3071 502 3139 Εἶδες
519 3074 582 3129 τί
608 3075 727 3127 ἐκεῖ
750 3074 959 3143 γέγονε,
976 3078 1071 3128 καὶ
1087 3076 1141 3129 τί
1165 3076 1423 3142 δνταῦθα;
1441 3077 1587 3130 Ἐκεῖ
1606 3076 1864 3148 παιδίσκη

235 3159 478 3235 ἀπηλλάγη
528 3161 869 3233 πνεύματος,
918 3164 1015 3217 καὶ
1069 3165 1155 3229 είς
1201 3165 1571 3236 δεσμωτήριον
1614 3165 1864 3221 ἐνέϐαλον

236 3248 413 3315 αὐτούς,
445 3254 520 3308 ὅτι
571 3250 949 3321 ἠλευθέρωσαν
986 3252 1155 3323 αὐτὴν
1187 3251 1281 3305 τοῦ
1314 3253 1561 3322 δαίμονος
1584 3269 1596 3282 ·
1633 3252 1865 3306 ἐνταῦθα

240 3336 370 3407 μόνον
395 3338 608 3406 ἔδειξαν
641 3339 809 3410 θύρας
840 3339 1158 3410 ἀνεῳγυίας,
1200 3340 1293 3393 καὶ
1333 3340 1540 3411 ἧνοιξεν
1578 3340 1739 3394 αὐτοῦ
1765 3340 1866 3411 τῆς

239 3428 421 3498 καρδίας
452 3433 553 3496 τὰς
592 3429 783 3501 θύρας,
814 3428 967 3482 ἔλυσε
996 3428 1170 3499 δεσμά
1195 3427 1374 3493 διπλᾶ,
1422 3425 1559 3499 ἦψεν
1596 3430 1769 3482 ἐκεῖνο
1804 3429 1865 3483 τὸ

238 3518 359 3589 φῶςο
401 3520 459 3573 16
490 3520 608 3591 γὰρ
659 3519 717 3570 ἐν
760 3519 825 3588 τῇ
881 3515 1078 3587 καρδίᾳ
1112 3515 1276 3568 αὐτοῦ
1319 3514 1433 3585 φῶς
1476 3515 1704 3586 ἔλαμπε.
1756 3516 1866 3570 Kal

238 3609 520 3680 εἰσεπήδησε
569 3605 664 3659 καὶ
712 3604 1037 3674 προσέπεσε,
1067 3603 1163 3656 καλ⁵
1189 3602 1287 3655 οὐκ
1312 3603 1511 3674 ἐρωτᾷ,
1548 3602 1673 3665 Πῶς
1709 3600 1868 3655 τοῦτο

238 3694 426 3764 γέγονε;
449 3698 511 3749 Τί
535 3694 793 3764 γέγονεν;
817 3691 931 3745 ἀλλ’
957 3689 1156 3754 εὐθέως
1183 3689 1341 3760 φησί·
1366 3689 1427 3744 Τί
1446 3706 1522 3758 με
1542 3688 1637 3742 δεῖ
1652 3690 1864 3754 ποιεῖν,

239 3782 319 3835 Ira
348 3783 550 3849 σωθῶ;
588 3783 653 3834 Τί
698 3776 791 3834 οῦν
848 3779 876 3831 6
916 3777 1164 3845 Παῦλος;
1213 3778 1555 3831 Πίστευσον
1604 3776 1702 3829 ἐπὶ
1760 3776 1869 3830 τὸν

239 3870 421 3937 Κύριον
461 3868 711 3938 Ἰησοῦν
740 3866 1014 3935 Χριστόν,
1054 3864 1153 3917 καί
1186 3863 1455 3930 σωθήσῃ,
1485 3862 1636 3932 φησὶ,
1668 3861 1749 3916 σὺ
1770 3863 1869 3916 καὶ

239 3960 265 4008 ό
287 3954 427 4025 οίκός
450 3975 594 4014 σου.
632 3953 880 4008 Μάλιστα
910 3952 1065 4005 τοῦτο
1092 3953 1215 4014 τοὺς
1241 3950 1556 4020 ἀνθρώπους
1584 3949 1868 4019 ἐφέλκεται

240 4044 285 4096 τὸ
304 4047 383 4099 καί
406 4047 493 4101 τὸν
522 4041 675 4098 οἷκον
722 4040 887 4095 αὐτοῦ
919 4039 1176 4110 σωθῆναι.
1221 4038 1327 4092 Καὶ
1372 4036 1685 4105 ἐλάλησαν
1708 4033 1869 4102 αὐτῷ

239 4131 324 4185 τὸν
340 4135 538 4204 λόγον,
571 4130 671 4185 καί
702 4127 852 4184 πᾶσι
895 4127 1019 4191 τοῖς
1047 4126 1116 4179 ἐν
1145 4123 1219 4193 τῇ
1254 4125 1410 4192 οίκίᾳ
1440 4123 1646 4179 αὐτοῦ.
1682 4124 1870 4176 Ἕλου-

242 4235 314 4272 σεν
342 4223 555 4286 αὐτοὺς,
588 4220 684 4273 καὶ
713 4216 936 4287 ἐλούθηο
966 4214 1203 4276 ἐκείνους
1237 4212 1335 4284 μὲν
1370 4211 1476 4265 ἀπὸ
1515 4210 1621 4265 τῶν
1647 4210 1869 4281 πληγῶν

239 4305 444 4375 ἔλουσεν,
485 4308 655 4370 αὐτὸς
686 4306 742 4359 δὲ
781 4305 889 4358 ἀπὸ
934 4303 1040 4355 τῶν
1083 4300 1366 4372 ἁμαρτιῶν
1415 4298 1641 4369 ἐλούθη·
1676 4298 1870 4370 ἔθρεψε

241 4396 316 4447 καὶ
356 4399 582 4470 ἐτράφη.
636 4394 749 4449 Καὶ
798 4389 1158 4463 ἠγαλλιᾶτο,
1208 4389 1374 4460 φησί·
1402 4387 1578 4442 καίτοι
1606 4387 1755 4441 οὐδὲν
1778 4382 1868 4458 ἦν,

240 4482 351 4538 ἀλλά
371 4489 586 4557 ῥήματα
624 4484 782 4555 μόνον
811 4481 904 4534 καὶ
942 4478 1155 4541 ἐλπίδες
1182 4476 1432 4547 χρησταί.
1455 4474 1623 4528 Τοῦτο
1648 4477 1873 4545 σημεῖον

239 4561 296 4639 ἦν
309 4572 391 4625 τοῦ
421 4572 845 4627 πεπιστευκέναι
880 4566 1059 4630 αὐτὸν,
1084 4566 1165 4619 ὃτι
1199 4564 1414 4617 πάντων
1441 4562 1637 4633 ἀφέθη.
1666 4561 1728 4615 Τί
1755 4562 1873 4615 δεσ-

242 4660 523 4728 μοφύλακος
540 4661 743 4731 χεῖρον;
760 4657 813 4710 τί
838 4654 893 4707 δὲ
909 4651 1262 4725 ώμότερονςτί
1282 4650 1340 4704 δέ
1356 4647 1711 4722 ἀγριώτερον;
1729 4649 1871 4703 Ἀλλ’

241 4744 365 4813 ὅμως
400 4749 536 4818 μετά
565 4745 771 4815 πολλῆς
814 4742 1011 4805 αὐτοὺς
1055 4739 1347 4803 ὑπεδέξατο
1380 4740 1477 4808 τῆς
1529 4737 1714 4808 τιμῆς.
1760 4737 1874 4791 Οὐκ

243 4828 402 4902 ἐπειδὴ
427 4830 628 4902 ἐσώθη,
660 4826 962 4899 εὐφράνθη,
1000 4825 1134 4878 ἀλλά
1168 4819 1585 4888 Πεπιστευκὼς
1611 4819 1688 4886 τῷ
1708 4818 1830 4885 Θεῷ
1855 4859 1871 4875 .

244 4917 579 4985 Πίστευσον,
610 4917 796 4989 φησιν,
839 4913 939 4969 ἐπὶ
984 4913 1093 4967 τὸν
1117 4912 1355 4979 Κύριον.
1409 4908 1508 4962 Διά
1538 4907 1696 4960 τοῦτο
1717 4905 1835 4960 εἷπε
1855 4947 1871 4973 ,

243 5000 636 5068 Πεπιστευκὼς
656 5000 739 5067 τῷ
779 4996 918 5063 Θεῷ,
950 4996 1037 5050 ἵνα
1068 4994 1142 5066 μὴ
1170 4994 1295 5063 δόξῃ
1316 4992 1392 5055 ὡς
1424 4991 1708 5053 κατάδικος
1738 4992 1875 5043 ἀπο-

245 5079 457 5152 λύεσθαι,
472 5088 565 5140 καὶ
588 5086 665 5149 ὡς
688 5080 1041 5156 ἡμαρτηκὼς.
1070 5080 1169 5132 Διά
1190 5077 1349 5130 τοῦτο
1366 5075 1613 5142 λέγουσι’
1637 5074 1876 5141 Δείραν-

245 5185 325 5238 τες
350 5174 497 5243 ἡμᾶς
522 5172 784 5244 δημοσίᾳ
805 5168 1234 5238 ἀκατακρίτους
1262 5162 1629 5232 ἀνθρώπους,
1656 5161 1878 5215 ἔϐαλον

242 5259 316 5325 είς
336 5260 633 5330 φυλακὴν,
664 5261 751 5312 ἵνα
788 5257 862 5329 μὴ
896 5256 1053 5327 μόνον
1085 5254 1184 5325 τῆς
1216 5252 1460 5323 χάριτος,
1494 5248 1631 5304 ἀλλά
1657 5248 1753 5303 καὶ
1779 5250 1873 5302 αὐ-

242 5344 335 5397 τῶν
364 5342 397 5420 ᾖ
421 5346 479 5399 16
505 5347 757 5417 πρᾶγμα.
801 5341 940 5412 Ὅρα
980 5338 1215 5420 διάφορα.
1238 5337 1336 5408 τὴν
1362 5335 1524 5406 χάριν
1565 5332 1879 5403 οἰκονομοῦ-

248 5444 351 5499 σαν,
371 5417 492 5496 ’πῶς
526 5436 730 5494 ἐκεῖνος
770 5428 984 5499 ἐξῆλθε,
1015 5426 1131 5490 πῶς
1159 5417 1335 5487 οὗτος,
1362 5422 1540 5476 καίτοι
1579 5420 1878 5491 ἀμφότεροι

244 5517 520 5576 ἀπόστολοι.
556 5518 1010 5589 Ἐφοϐήθησαν,
1052 5513 1205 5583 φησί.
1242 5508 1565 5573 Φοϐοῦνται,
1601 5509 1684 5562 ὃτι
1741 5508 1878 5561 Ῥω-

250 5607 377 5672 μαῖοί
400 5610 546 5672 εἰσιν,
585 5608 688 5677 οὐχ
724 5607 807 5659 ὃτι
851 5603 1046 5664 ἀδίκως
1071 5599 1339 5653 ἐνέϐαλον.
1374 5597 1485 5652 Καὶ
1513 5594 1750 5664 ἠρώτων
1773 5596 1870 5649 αὐ·

246 5694 371 5758 τοὺς
394 5695 654 5759 ἐξελθεῖν
682 5693 802 5749 ἀπὸ
818 5690 927 5759 τῆς
948 5691 1197 5754 πόλεως.
1220 5687 1396 5758 Χάριν
1418 5685 1627 5756 ᾔτησαν
1649 5681 1874 5753 ταύτην.

250 5780 301 5830 0!
356 5778 410 5834 δὲ
438 5781 673 5848 ἐλθόντες
728 5781 864 5852 πρὸς
906 5778 1005 5849 τὴν
1056 5776 1288 5838 Λυδίαν,
1345 5774 1438 5828 καὶ
1480 5769 1878 5843 βεϐαιώσαντες

306 5877 320 5901 “
338 5882 431 5931 λὶῖῖ
448 5885 576 5935 αὐτὸν
600 5884 931 5951 ἐφειλκύσατο,
960 5882 1118 5937 ἱκανὸν
1141 5882 1191 5929 ὃν
1214 5880 1389 5928 πεῖσαι.

1898 5040 1905 5047 ι

1910 5063 1939 5080 ς

1956 623 2093 688 λεως
2126 624 2214 678 διὰ
2241 625 2334 679 τοῦ
2379 626 2655 697 θαύματος
2688 630 2885 694 ἱκανῶς
2918 633 3320 706 ώφεληθείσης·
3355 636 3460 689 ἔδει
3509 636 3620 708 γὰρ

1960 711 2035 782 μὴ
2070 713 2406 783 παραμένειν
2437 714 2641 768 λοιπόν.
2670 716 2742 769 Τὸ
2776 717 2883 789 γὰρ
2914 719 3095 791 θαῦμα
3133 722 3315 792 μεῖξον
3348 724 3616 792 φαίνεται,

1954 799 2062 852 τῶν
2098 801 2489 871 ἐργασαμένων
2537 804 3001 875 άποδημησάντων
3040 809 3170 862 αὐτὸ
3208 811 3407 879 μᾶλλον
3457 812 3613 882 βοῶν·

1955 889 1990 957 ἡ
2022 888 2129 959 γὰρ
2152 888 2244 941 τοῦ
2279 889 2686 961 δεσμοφύλακος
2716 893 2898 956 πίστις
2929 895 3049 948 ἀντὶ
3083 899 3263 968 φωνῆς
3288 895 3374 969 ἦν.
3403 902 3467 953 Τί
3489 899 3584 953 τού
3610 924 3620 935 α

1956 992 2048 1028 του
2080 976 2228 1045 ίσονς
2279 979 2564 1047 Δεσμεῖται
2607 980 2701 1033 καὶ
2744 980 2861 1033 λύει
2889 981 3202 1052 δεδεμένος,
3240 985 3355 1039 λύει
3395 988 3616 1043 διπλοῦν

1954 1061 2189 1132 δεσμόνο
2229 1064 2319 1117 τὸν
2364 1064 2600 1136 δήσαντα
2649 1066 2807 1120 ἔλυσε
2859 1068 2948 1122 διὰ
2991 1070 3083 1122 τοῦ
3125 1071 3363 1141 δεθῆναι.
3411 1075 3616 1139 Ὄντως

1954 1148 2129 1203 ταῦτα
2154 1151 2371 1220 χάριτος
2399 1151 2556 1221 ἔργα.
2578 1153 2708 1207 Νῦν
2735 1149 2871 1219 οὖν,
2906 1155 3090 1223 φησὶν,
3119 1156 3485 1225 ἐξελθόντες,
3513 1176 3617 1213 που

1948 1241 2202 1308 ρεύεσθε
2240 1242 2309 1295 ἐν
2344 1241 2552 1310 είρήνῃ
2573 1260 2587 1274 ·
2622 1244 2884 1307 τουτέστι,
2932 1246 3068 1315 μετὰ
3106 1247 3420 1315 ἀσφαλείας,
3452 1249 3620 1321 μηδὲν

1955 1327 2273 1393 δεδοικότες.
2312 1328 2523 1391 Ἀλλως
2569 1329 2626 1382 δὲ
2665 1331 2758 1383 καὶ
2800 1331 2986 1384 τοῦτον
3014 1345 3039 1372 ι
3074 1333 3179 1396 ἔξω
3216 1334 3459 1388 κινδύνου
3495 1335 3620 1405 βού-

1956 1415 2135 1468 λονται
2178 1416 2467 1484 γενέσθαι,
2501 1418 2591 1470 ἴνα
2633 1418 2709 1489 μὴ
2758 1420 2893 1489 μετά
2934 1418 3107 1474 ταῦτα
3156 1421 3474 1492 ἐγκαλῆται.
3510 1424 3620 1477 Kal

1954 1503 2016 1556 οὐ
2036 1503 2271 1572 λέγουσι,
2298 1505 2584 1575 Δείραντες
2606 1508 2752 1577 ἡμᾶς
2771 1506 2959 1561 ἔϐαλον
2976 1510 3054 1572 είς
3076 1508 3341 1580 φυλακὴν,
3369 1510 3621 1581 θαύματα

1955 1591 2386 1663 ἐργασαμένουςο
2418 1593 2537 1646 οὐδέ
2577 1595 2685 1665 γὰρ
2723 1593 2931 1658 τούτοις
2964 1599 3277 1668 προσεῖχον·
3322 1598 3437 1651 ἀλλ’
3466 1599 3494 1652 6
3523 1600 3623 1670 μά-

1954 1677 2109 1732 λιστα
2136 1679 2314 1733 αὐτῶν
2354 1681 2527 1733 σεῖσαι
2582 1680 2680 1752 τὴν
2716 1682 2952 1735 διάνοιαν
2988 1682 3241 1751 ἐδύνατο,
3291 1684 3621 1754 Ἀκατακρίο

1955 1783 2136 1833 τους,
2191 1767 2357 1838 φησὶ,
2415 1767 2514 1821 καί
2560 1768 2886 1837 Ῥωμαίους
2950 1769 3354 1838 ὑπάρχοντας.
3414 1771 3617 1827 Τούτου

1960 1854 2390 1924 μνημονεύωμεν
2428 1854 2524 1908 τοῦ
2554 1854 2833 1926 δεσμώτου
2860 1856 2887 1896 ι)
2919 1856 3226 1921 διαπαντὸς,
3262 1859 3338 1930 μὴ
3365 1859 3457 1913 τοῦ
3489 1859 3620 1913 θαύ-

1960 1957 2147 2011 ματος.
2201 1942 2267 1994 Τί
2321 1943 2537 2014 ἐροῦσιν
2583 1943 2877 2013 Ἕλληνες,
2919 1944 3037 2007 πῶς
3086 1944 3368 2017 δεσμώτης
3424 1946 3501 2000 ῶν
3526 1947 3620 2001 16v

1955 2027 2339 2098 δεσμοφύλακα
2379 2029 2591 2095 ἕπεισε;
2620 2030 2729 2082 Kal
2751 2029 2893 2093 τίνα,
2926 2032 3079 2099 φησι,
3114 2032 3402 2103 πεισθῆναι
3429 2034 3619 2104 ἐχρῆν,

1955 2114 1989 2184 ἢ
2032 2115 2227 2186 μιαρὸν
2272 2114 2556 2188 ἄνθρωπον
2608 2117 2701 2169 καὶ
2748 2117 3089 2186 ταλαίπωρον
3134 2120 3227 2172 καὶ
3279 2119 3377 2172 οὐκ
3427 2121 3619 2190 ἔχοντα

1953 2200 2099 2263 νοῦν,
2126 2200 2334 2271 μυρίων
2355 2213 2376 2240 ο
2395 2202 2632 2271 γέμοντα
2644 2203 2827 2256 κακῶν
2843 2204 2934 2255 καὶ
2950 2203 3363 2274 εὐπαράγωγον;
3381 2207 3501 2259 Ἔτι
3524 2207 3620 2260 καὶ

1954 2288 2125 2341 ταῦτα
2154 2290 2512 2361 προφέρουσι·
2547 2290 2640 2353 Τίς
2655 2290 2837 2361 γάρ,ἣ
2870 2290 3122 2360 βυρσεύς,
3158 2292 3614 2363 πορφυρόπωλις,

1956 2375 2227 2446 εὐνοῦχος,
2254 2375 2612 2446 δεσμοφύλαξ,
2641 2376 2813 2429 δοῦλοι
2845 2377 2936 2429 καὶ
2976 2379 3228 2445 γυναῖκες
3259 2377 3616 2444 ἐπίστευσανς

1956 2462 2021 2517 Τί
2036 2458 2127 2517 οῦν
2149 2465 2321 2517 εἰπεῖν
2337 2463 2683 2535 δυνήσονται,
2706 2466 2832 2518 ὅταν
2846 2465 2937 2517 καὶ
2952 2465 3076 2526 τοὺς
3100 2466 3157 2517 ἐν
3187 2464 3457 2535 ἀξιώμασι
3477 2482 3621 2536 παρ-

1957 2552 2251 2623 αγάγωμεν
2271 2593 2285 2618 ,
2332 2551 2424 2605 τὸν
2453 2553 2880 2624 ἑκατόνταρχον,
2915 2552 3004 2605 τὸν
3043 2552 3383 2621 ἀνθύπατον,
3411 2555 3535 2617 τούς
3558 2551 3621 2619 ἐξ

1957 2640 2163 2713 ἐκείνου
2197 2640 2359 2710 μέχρι
2386 2640 2478 2692 τοῦ
2515 2640 2608 2693 νῦν
2630 2682 2646 2707 ,
2673 2641 2870 2704 αὐτοὺς
2908 2641 3032 2705 τοὺς
3080 2641 3449 2713 κρατοῦντας,
3494 2643 3621 2705 τοὺς

1960 2718 2230 2797 βασιλεῖς;
2290 2727 2431 2796 Ἐγὼ
2464 2728 2518 2781 δὲ
2546 2728 2732 2800 ἕτερον
2770 2728 2913 2798 λέγω
2934 2728 3124 2782 τούτου
3171 2729 3352 2800 μεῖζον
3381 2746 3393 2759 ·
3424 2730 3621 2793 αὐτοὺς

1956 2818 2083 2879 τοὺς
2124 2816 2359 2880 εὐτελεῖς
2408 2806 2623 2886 ἴδωμεν.
2673 2817 2783 2870 Καὶ
2825 2816 2927 2869 ποῦ
2964 2818 3023 2868 16
3061 2816 3401 2886 θαυμαστὸν,
3443 2816 3618 2888 φησί;

1959 2904 2130 2957 Τοῦτο
2166 2904 2265 2974 μὲν
2290 2900 2382 2957 οὖν
2417 2902 2755 2972 θαυμαστόν*
2786 2903 2850 2956 ἂν
2892 2904 2991 2974 μὲν
3026 2904 3135 2974 γὰρ
3164 2904 3358 2975 πεισθῇ
3385 2921 3465 2967 τις
3494 2906 3623 2975 περὶ

1958 2992 2066 3054 τῶν
2091 2992 2382 3061 τυχόντων,
2416 2991 2567 3043 οὐδὲν
2612 2990 2946 3060 θαυμαστόν·
2983 2990 3112 3043 ὅταν
3140 2989 3195 3042 δὲ
3229 2991 3357 3060 περὶ
3387 2990 3623 3044 ἀναστά-

1962 3097 2117 3143 σεως,
2174 3079 2302 3150 περὶ
2358 3078 2632 3149 βασιλείας
2686 3078 2959 3150 οὐρανῶν,
2997 3079 3125 3150 περὶ
3173 3078 3287 3149 βίου
3333 3078 3622 3148 φιλοσόφου

1959 3168 2213 3240 ἀνδράσιν
2237 3166 2477 3220 εὐτελέσι
2521 3167 2833 3237 διαλέγηται
2876 3168 2968 3219 καὶ
3017 3167 3212 3238 πείθῃ,
3249 3166 3625 3237 θαυμαστότε-

1966 3273 2055 3328 ρον
2083 3256 2256 3319 ἐσται,
2282 3255 2314 3326 ἢ
2342 3256 2389 3308 εἰ
2414 3255 2611 3324 σοφοὺς
2646 3254 2882 3306 ἔπειθεν.
2922 3254 3089 3307 Ὅταν
3120 3256 3229 3324 γάρ
3268 3253 3344 3325 μὴ
3442 3254 3625 3306 κίνδυ-

1960 3361 2070 3409 νος,
2103 3345 2197 3398 καὶ
2222 3343 2384 3416 πείθῃ
2399 3361 2499 3408 τις,
2519 3342 2700 3406 καλῶς
2726 3342 2823 3411 τὴν
2840 3342 3021 3395 ἄνοιαν
3050 3343 3128 3405 είς
3149 3341 3310 3412 μέσον
3343 3342 3622 3413 φέρουσιν·

1960 3432 2087 3487 ὅταν
2108 3432 2163 3485 δὲ
2186 3431 2316 3502 λέγῃ
2347 3430 2424 3501 τῷ
2448 3430 2617 3501 δούλῳ
2643 3426 2783 3483 κατά
2813 3427 2893 3490 σέ,
2926 3429 3006 3481 ὅτι
3028 3469 3042 3493 ,
3090 3430 3188 3481 ’Ἂν
3219 3429 3444 3499 πεισθῇς
3474 3430 3623 3499 ἐμοὶ,

1962 3520 2309 3584 κινδυνεύεις,
2345 3520 2551 3581 πάντας
2576 3518 2721 3583 ἔξεις
2759 3516 3081 3586 πολεμίους,
3118 3516 3198 3569 δεῖ
3229 3533 3285 3568 σε
3311 3516 3624 3581 ἀποθανεῖν,

1966 3609 2131 3680 μυρία
2148 3607 2338 3660 παθεῖν
2353 3607 2517 3672 κακά,
2535 3602 2654 3659 εἶτα
2667 3606 2836 3667 οὓτως
2852 3605 2947 3676 ἓλῃ
2961 3606 3060 3675 τὴν
3079 3604 3256 3675 ψυχὴν
3280 3605 3507 3669 ἐκείνου,
3526 3606 3630 3659 οὐκ

1962 3695 2043 3748 ἔτι
2064 3693 2221 3747 τοῦτο
2248 3693 2452 3755 ἀνοίας.
2491 3694 2553 3744 EE
2590 3693 2685 3762 μὲν
2721 3692 2828 3763 γὰρ
2859 3692 2927 3745 τά
2961 3692 3208 3761 δόγματα
3239 3691 3432 3762 ἡδονὴν
3460 3688 3627 3761 εἶχεν,

1962 3782 2184 3844 εἰκότως
2216 3780 2279 3834 ἄν
2300 3797 2383 3844 τις
2411 3780 2570 3832 τοῦτο
2596 3775 2753 3831 εἶπεν
2775 3793 2788 3806 ⁸
2822 3781 2869 3832 εί
2904 3780 2958 3831 δὲ
2978 3820 2993 3845 ,
3032 3779 3168 3849 ὅπερ
3196 3779 3295 3831 οὐκ
3327 3779 3392 3832 ἂν
3426 3778 3631 3833 εἴλοντο

1964 3870 2239 3939 φιλόσοφοι
2254 3867 2464 3939 μαθεῖν,
2476 3866 2632 3919 τοῦτο
2646 3869 2672 3919 6
2686 3865 2865 3928 δοῦλος
2882 3866 3140 3934 μανθάνει
3154 3867 3333 3935 μεῖζον
3350 3867 3408 3919 16
3419 3866 3626 3936 θαῦμα.

1964 3958 2074 4009 Kal
2105 3957 2152 4008 εί
2176 3954 2451 4027 βούλεσθε,
2476 3953 2568 4005 16v
2609 3951 2942 4022 βυρσοδέψην
2974 3952 3136 4005 αὐτὸν
3164 3954 3244 4015 είς
3285 3952 3448 4021 μέσον
3471 3953 3627 4023 ἐνέγ-

1964 4059 2176 4113 κωμεν,
2208 4041 2305 4095 καὶ
2335 4040 2534 4110 ἴδωμεν
2584 4038 2636 4092 τί
2691 4038 2840 4106 αὐτῷ
2877 4037 3145 4105 διελέγετο
3177 4039 3206 4089 6
3234 4038 3476 4108 Πέτρος⁶
3512 4038 3546 4109 ἤ
3578 4041 3628 4093 εί

1967 4132 2139 4195 θέλεις
2150 4130 2312 4184 αὐτόν
2335 4129 2523 4183 τοῦτον
2536 4128 2626 4181 τὸν
2648 4126 3050 4197 δεσμοφύλακα.
3064 4126 3129 4177 Τί
3146 4122 3238 4179 οῦν
3253 4125 3398 4197 αὐτῷ
3426 4120 3578 4179 εἶπεν
3599 4128 3629 4179 6

1966 4219 2213 4285 Παῦλος;
2250 4219 2371 4272 Ὅτι
2404 4220 2432 4271 6
2464 4214 2699 4287 Χριστὸς
2732 4214 2959 4285 ἀνέστη,
3006 4213 3193 4284 φησὶν,
3225 4214 3306 4267 ὅτι
3332 4213 3631 4279 ἀνάστασίς

1966 4311 2081 4363 ἐστι
2103 4305 2332 4378 νεκρῶν,
2364 4306 2446 4359 ὃτι
2480 4303 2755 4375 βασιλεῐαο
2787 4303 2881 4357 καὶ
2915 4302 3136 4355 ἔπεισεν
3171 4300 3408 4365 εὐκόλως
3429 4302 3633 4370 εὐπαρο

1967 4397 2182 4466 άγωγον
2226 4394 2373 4447 δντα.
2425 4392 2489 4446 Τί
2510 4387 2635 4457 οὗν;
2686 4390 2815 4461 περὶ
2858 4388 2974 4460 βίου
3004 4388 3156 4442 οὐδὲν
3185 4383 3356 4451 εἶπεν,
3408 4388 3488 4441 ὃτι
3520 4404 3631 4440 σω-

1967 4488 2182 4558 φρονεῖν
2212 4484 2309 4547 δεῖ,
2337 4484 2419 4536 δτι
2447 4480 2745 4551 χρημάτων
2779 4480 3022 4550 κρατεῖν,
3073 4476 3155 4529 ὅτι
3195 4475 3270 4547 μὴ
3300 4472 3437 4529 εἶναι
3458 4474 3629 4546 ὠμὸν,

1970 4577 2051 4630 ὅτι
2075 4575 2144 4629 τὰ
2170 4571 2336 4628 αὐτοῦ
2384 4571 2582 4625 διδόναι
2622 4568 2857 4640 ἐτέροις;
2897 4566 2973 4620 Οὐ
3011 4566 3117 4637 γὰρ
3143 4565 3207 4635 δὴ
3240 4564 3333 4619 καὶ
3368 4565 3427 4618 16
3460 4564 3633 4619 ταῦτα

1969 4665 2254 4737 πεισθῆναι
2286 4662 2472 4725 ἀνοίας
2494 4657 2595 4732 ἦν,
2630 4658 2767 4714 ἀλλά
2797 4659 2889 4712 καὶ
2933 4657 3178 4728 μεγάλης
3213 4656 3409 4727 ψυχῆς.
3451 4657 3632 4710 Ἔστω

1968 4754 2076 4825 γὰρ
2096 4754 2163 4807 τὰ
2191 4753 2439 4822 δόγματα
2480 4749 2584 4801 ὐπὸ
2621 4747 2808 4809 ἀνοίας
2853 4745 3052 4815 μᾶλλον
3088 4744 3287 4807 αὐτοὺς
3334 4744 3633 4814 παραδέχε-

1972 4842 2122 4895 σθαι·
2176 4840 2236 4893 τὸ
2288 4839 2401 4909 βίον
2452 4837 2594 4890 οὕτω
2663 4833 2952 4903 φιλόσοφον
3004 4830 3425 4901 καταδέχεσθαι,
3473 4830 3633 4892 ποίας

1974 4932 2160 4994 ἀνοίας
2183 4926 2283 5000 ἦνι
2309 4928 2471 4981 ’Ὠστε
2498 4926 2607 4994 ὃσῳ
2629 4922 2694 4976 ἂν
2714 4915 2993 4991 ἀνόητοςῇ
3023 4921 3051 4972 6
3088 4916 3406 4987 πειθόμενος
3429 4958 3444 4981 ,
3481 4915 3632 4989 [278}

1974 5018 2230 5087 πείθηται
2281 5014 2339 5067 δὲ
2383 5011 2578 5075 ταῦτα,
2618 5008 2655 5063 6.
2710 5008 2844 5080 μηδέ
2899 5006 3178 5075 φιλόσοφοι
3203 5004 3386 5055 πεῖσαι
3409 5001 3634 5073 ἴσχυσαν

1970 5108 2096 5169 τοὺς
2121 5102 2444 5174 φιλοσόφους
2466 5140 2482 5167 ,
2518 5098 2702 5170 μεῖζον
2736 5095 2797 5147 16
2833 5092 3017 5163 θαῦμα
3040 5089 3280 5159 γίνεται,
3317 5089 3551 5160 μάλιστα
3576 5091 3633 5144 δὲ

1972 5194 2100 5248 ὅταν
2126 5192 2220 5245 καλ⁵
2262 5191 2520 5258 γυναῖκες
2569 5184 2664 5237 καὶ
2705 5180 2882 5236 δοῦλοι
2927 5179 3240 5241 πείθωνται,
3283 5176 3380 5230 καὶ
3418 5176 3506 5231 διὰ
3522 5177 3635 5233 τῶν

1972 5282 2150 5354 ἔργων
2172 5277 2347 5331 ταῦτα
2377 5272 2795 5345 ἐπιδείκνυνται,
2822 5268 2962 5342 άπερ
2993 5265 3276 5354 Πλάτωνες
3302 5264 3396 5320 καὶ
3430 5265 3634 5354 πάντες

1975 5353 2169 5426 ἐκεῖνοι
2188 5366 2381 5421 οὐδένα
2426 5364 2609 5415 πεῖσαι
2646 5360 2890 5430 ἴσχυσαν.
2912 5356 3022 5411 Kal
3042 5354 3095 5410 τί
3115 5353 3277 5424 λέγω,
3300 5354 3383 5408 ὃτι
3407 5353 3632 5420 οὐδένας

1975 5456 2108 5512 οὐδὲ
2137 5451 2378 5514 ἑαυτούς.
2412 5450 2535 5502 Ὀτι
2556 5446 2663 5517 γὰρ
2705 5444 3001 5517 χρημάτων
3034 5443 3094 5496 οὐ
3136 5441 3216 5495 δεῖ
3253 5440 3633 5511 καταφρονεῖν,

1974 5544 2201 5602 Πλάτων
2274 5538 2490 5603 ἔπεισε,
2560 5532 2830 5604 τοσαύτην
2887 5530 3206 5603 περιουσίαν
3282 5528 3376 5581 καὶ
3432 5523 3634 5592 πλῆθος

1976 5629 2272 5705 χρημάτων
2313 5626 2409 5681 καὶ
2455 5621 2774 5685 δακτυλίους
2828 5617 3063 5691 χρυσοῦς
3106 5617 3200 5670 καὶ
3255 5613 3450 5683 φιάλας
3476 5624 3635 5681 περι-

2038 5749 2065 5778 “
2100 5747 2182 5797 Sic
2226 5743 2571 5805 rescriptumg
2595 5737 2750 5805 tribug
2771 5750 2888 5785 mss.
2920 5742 2974 5805 εἰ
3002 5733 3187 5805 Saviln1
3213 5719 3619 5805 ‘hli0nlf:g_10§30.j

1978 5786 2207 5860 Enni-Vb
2228 5786 3098 5861 ξῖξνέξῦᾗῖὶίοτείίδεσμοφύλακος.
3164 5792 3187 5822 ⁸
3213 5789 3324 5838 Mss.
3348 5786 3474 5846 νοῦν,
3504 5786 3631 5859 ἀλλὰ

1983 5870 2175 5935 μυρίων.
