4036 6212
355 283 450 337 261

357 396 753 468 ποιησάμενος·
783 394 863 447 ὅτι
881 390 939 445 δὲ
961 384 1120 459 δόξης
1141 387 1201 440 ού
1224 386 1330 457 χρὴ
1363 384 1721 455 καταφρονεῖν
1749 380 1845 449 τῆς
1874 375 2023 449 παρά

356 489 465 542 τῶν
496 484 742 548 πολλῶν,
782 479 1078 551 Σωκράτης
1119 476 1335 539 αὐτοῖς,
1383 473 1486 526 κᾶν
1549 470 1715 542 μυρία
1764 468 2024 537 φιλοσοφῇ

360 575 491 646 περὶ
547 574 759 632 τούτου,
811 568 1091 621 δείκνυσι·
1134 563 1312 615 πάντα
1369 561 1477 629 γὰρ
1522 558 1656 629 πρὸς
1700 556 1855 646 δόξαν
1883 553 2027 646 ὀρῶν

360 640 552 715 ἐποίει.
575 658 685 712 Καὶ
705 657 758 709 εί
783 672 846 723 γε
870 653 977 707 τῶν
1010 650 1217 704 ἐκείνου
1238 650 1410 717 λόγων
1438 646 1689 717 ἔμπειροι
1714 640 1833 715 ἦτε,
1862 641 2028 695 πολὺν

362 751 427 803 ἂν
453 749 542 800 τὸν
572 746 713 815 ὑπὲρ
747 742 954 795 τούτων
998 739 1223 809 ἐκίνησα
1265 736 1421 804 λόγον
1445 777 1459 800 ,
1508 734 1599 785 καὶ
1629 730 1802 794 ἔδειξα
1832 728 2028 815 πολλὴν

359 836 500 907 παρ’
535 835 718 896 αὐτοῖς
758 833 857 903 τὴν
891 829 1192 900 εἰρωνείαν,
1235 826 1288 878 εί
1322 842 1383 893 γε
1409 818 1489 886 οἷς
1522 824 1549 874 6
1581 819 1827 891 μαθητὴς
1864 814 2027 871 αὑτοῦ

361 925 508 992 λέγει
538 920 822 974 πείθεσθαι
876 919 1005 989 χρὴ,
1057 918 1150 969 καὶ
1188 914 1305 977 πῶς
1359 912 1468 965 ἀπὸ
1509 907 1812 973 κενοδοξίας
1855 906 2030 959 πάντα

362 1012 508 1082 αὐτῷ
538 1011 607 1063 τά
627 1009 930 1079 γράμματα
961 1005 1057 1075 τὴν
1089 1002 1345 1056 ὑπόθεσιν
1376 999 1507 1071 ἔχει.
1832 1056 1835 1059 ς

445 1081 596 1151 Ἀλλ’
645 1096 887 1158 ἐκείνους
933 1093 1179 1163 ἀφέντες,
1230 1090 1363 1161 πρὸς
1400 1088 1549 1158 ἡμᾶς
1590 1083 1786 1147 αὐτοὺς
1824 1081 2033 1152 διαλεχ-

366 1187 566 1258 θῶμεν.
614 1184 768 1238 Μετὰ
828 1183 937 1251 γάρ
995 1180 1101 1232 τῶν
1160 1178 1483 1248 εἰρημένων,
1541 1174 1634 1226 καὶ
1687 1172 1841 1224 τοῦτο
1888 1169 2032 1258 ἔστιν

366 1279 565 1341 εἰπεῖν,
594 1276 676 1327 ὅτι
700 1273 793 1326 καὶ
824 1270 960 1341 μετά
985 1267 1244 1321 κινδύνων
1272 1265 1445 1318 ταῦτα
1482 1261 1778 1314 ἐπείθοντο.
1821 1259 1913 1330 Μὴ
1941 1253 2032 1311 οὖν

364 1361 748 1433 ἀναισχύντει,
784 1359 909 1412 ἀλλ’
957 1357 1297 1426 ἐννοήσωμεν
1337 1350 1549 1421 ἐκείνην
1600 1350 1698 1419 τὴν
1753 1346 1945 1410 νύκτα,
1975 1345 2035 1399 τὸ

369 1450 545 1516 ξύλον,
575 1450 702 1511 τοὺς
736 1447 971 1518 ῦμνους,
995 1443 1089 1498 καὶ
1123 1442 1282 1495 τοῦτο
1320 1442 1490 1492 ποιεῖν
1527 1435 1913 1506 σπουδάζωμεν
1942 1435 2036 1487 καὶ

366 1541 564 1609 ἡμεῖς,
623 1537 718 1590 καὶ
769 1534 1050 1604 ἀνοίξομεν
1105 1532 1235 1601 ἡμῖν
1293 1528 1412 1598 οὐχὶ
1448 1526 1851 1596 δεσμωτήριον,
1910 1522 2035 1576 ἀλλ’

368 1627 617 1698 οὐρανόν.
643 1628 740 1677 “Av
775 1621 1084 1692 εὐχώμεθα,
1128 1618 1221 1672 καὶ
1256 1617 1347 1669 τὸν
1387 1614 1615 1687 οὐρανὸν
1642 1611 1849 1677 ἀνοῖξαι
1872 1611 2032 1682 δυνη-

370 1715 593 1786 σόμεθα.
632 1712 816 1774 Ἠλίας
844 1710 939 1762 καὶ
986 1708 1194 1760 ἔκλεισε
1234 1705 1326 1758 καὶ
1370 1703 1548 1775 ἤνοιξε
1585 1702 1675 1754 τὸν
1710 1699 1938 1770 ούρανὸν
1966 1701 2030 1771 τῇ

369 1802 522 1872 εὐχῇ.
551 1799 706 1851 Ἔστι
734 1800 828 1850 κα)⁵
847 1798 903 1848 ἐν
927 1794 1138 1867 οὐρανῷ
1159 1792 1552 1863 δεσμωτήριον.
1578 1789 1735 1842 Ὀσα
1760 1786 1853 1853 ἂν,
1878 1787 2031 1856 φησί,

370 1889 598 1957 δήσητε
621 1887 718 1940 ἐπὶ
747 1883 855 1952 τῆς
878 1883 1011 1954 γῆς,
1043 1882 1215 1935 ἕσται
1253 1879 1539 1948 δεδεμένα
1574 1877 1643 1930 ἐν
1675 1874 1752 1941 τῷ
1778 1876 2031 1943 οὐρανῷ.

369 1975 673 2046 Εύχώμεθα
724 1973 866 2028 κατὰ
910 1972 1099 2035 νύκτα,
1133 1970 1226 2022 καὶ
1267 1968 1501 2038 λύσομεν
1532 1967 1705 2018 ταῦτα
1736 1964 1804 2017 τά
1837 1964 2032 2033 δεσμά.

371 2065 494 2118 Ὀτι
524 2064 631 2132 γάρ
686 2061 844 2132 εὐχαὶ
891 2060 1266 2130 ἁμαρτήματα
1316 2056 1522 2121 λύουσι,
1566 2054 1799 2107 πειθέτω
1830 2054 2032 2123 ἡμᾶςή

369 2153 539 2223 χήρα,
582 2149 815 2202 πειθέτω
865 2149 1011 2217 ἡμᾶς
1046 2149 1253 2208 ἐκεῖνος
1283 2146 1309 2197 ὁ
1360 2144 1511 2213 φίλος
1544 2145 1572 2196 6
1607 2142 1744 2213 ἀωρὶ
1767 2140 1871 2196 τῶν
1907 2158 2037 2193 νυκ-

369 2241 478 2293 τῶν
515 2238 787 2308 ἐπιμένων
834 2237 928 2290 καὶ
968 2234 1200 2307 κρούων,
1252 2231 1486 2285 πειθέτω
1526 2232 1673 2301 ἡμᾶς
1703 2228 1998 2301 Κορνήλιος
2022 2245 2035 2258 ·

370 2331 441 2383 Αἱ
462 2326 792 2395 προσευχαί
820 2339 935 2378 σου
952 2324 1079 2394 γὰρ,
1112 2321 1265 2391 φησὶ,
1284 2321 1381 2374 καί
1410 2322 1469 2373 al
1500 2318 1901 2388 ἐλεημοσύναι
1925 2332 2040 2370 σου

371 2414 679 2480 ἀνέϐησαν
701 2411 958 2466 ἐνώπιον
982 2411 1089 2464 τοῦ
1122 2410 1271 2463 Θεοῦ
1295 2425 1309 2439 ·
1357 2407 1591 2461 πειθέτω
1639 2408 1785 2476 ἡμᾶς
1808 2404 2039 2470 Παῦλος,

372 2504 547 2572 λέγων
569 2519 583 2534 ·
633 2502 696 2555 Ἡ
734 2500 801 2553 δὲ
829 2500 1015 2564 ὄντως
1054 2498 1209 2566 χήρα
1238 2496 1337 2550 καί
1367 2494 1753 2565 μεμονωμένη
1784 2494 2045 2562 ἤλπικεν

372 2592 470 2645 ἐπὶ
501 2590 606 2644 τὸν
629 2589 776 2642 Θεὸν
802 2589 899 2641 καὶ
930 2585 1253 2655 προσμένει
1275 2585 1402 2650 ταῖς
1424 2583 1671 2649 δεήσεσι
1695 2582 1916 2647 νυκτὸς
1945 2584 2043 2636 καί

374 2680 617 2750 ἡμέρας.
645 2679 709 2731 Εἰ
745 2678 874 2747 περὶ
915 2678 1090 2746 χήρας
1120 2676 1325 2737 ἐκεῖνος
1367 2672 1424 2724 δὲ
1458 2671 1629 2724 ταῦτα
1669 2670 1839 2739 λέγει,
1881 2669 2044 2723 ἀσθε-

374 2767 499 2830 νοῦς
527 2764 804 2834 γυναικὸς,
839 2762 1019 2833 πολλῷ
1046 2761 1245 2832 μᾶλλον
1276 2760 1405 2830 περὶ
1428 2758 1655 2829 ἀνδρῶν.
1810 2814 1825 2822 ν

448 2856 557 2908 Καὶ
588 2853 690 2924 ἤδη
715 2851 992 2921 διελέχθην
1023 2850 1172 2920 ύμῖν,
1216 2849 1309 2902 καὶ
1345 2846 1437 2901 νῦν
1482 2845 1610 2917 ἐρῶ·
1639 2843 2048 2917 Διεγειρώμεθα

376 2946 475 3015 τὴν
490 2943 679 2997 νύκτα·
708 2941 808 2995 κᾶν
832 2942 906 3011 μὴ
926 2938 1123 3001 πολλὰς
1138 2938 1302 3009 εὐχὰς
1329 2938 1508 3006 ποιῆς,
1547 2936 1677 3006 μίαν
1702 2937 1923 3005 ποίησον
1956 2951 2051 3006 με-

376 3034 444 3086 τὰ
470 3031 703 3103 νήψεως,
734 3029 826 3082 καὶ
855 3029 1031 3100 ἀρκεῖ·
1064 3027 1216 3080 οὐδὲν
1244 3025 1407 3077 πλέον
1456 3022 1691 3077 ἀπαιτῶ·
1719 3024 1821 3077 κᾶν
1846 3023 1921 3094 μὴ
1954 3016 2047 3094 μευ

380 3120 683 3183 σονύκτιον,
717 3117 854 3188 πρὸς
890 3116 1056 3177 αὑτὸν
1086 3114 1217 3181 γοῦν
1251 3113 1339 3167 τὸν
1371 3112 1586 3185 ὄρθρον.
1617 3112 1820 3179 Δεῖξον,
1868 3112 1949 3164 ὅτι
1989 3112 2050 3165 ού

378 3209 473 3262 τοῦ
506 3207 757 3278 σώματος
801 3206 961 3275 μόνον
1008 3204 1155 3257 ἐστὶν
1200 3201 1377 3273 ήνῦξ,
1407 3200 1545 3254 ἀλλὰ
1593 3202 1687 3255 καὶ
1716 3201 1814 3270 τῆς
1854 3200 2049 3271 ψυχῆς·

386 3297 461 3369 μὴ
489 3298 699 3369 ἀνάσχῃ
742 3292 1031 3363 παρελθεῖν
1082 3292 1251 3363 αὐτὴν
1294 3291 1501 3363 ἀργῶς,
1554 3290 1667 3343 ἀλλ’
1689 3288 1917 3360 ἄμειψαι
1963 3289 2055 3341 τὸν

382 3388 658 3457 Δεσπότην
686 3384 920 3456 ἀμοιϐὴν
953 3381 1183 3453 ταύτην·
1219 3380 1419 3451 μᾶλλον
1452 3380 1508 3433 δὲ
1542 3381 1635 3435 καὶ
1693 3379 1832 3449 αὑτὴ
1863 3380 1942 3442 εἰς
1972 3379 2053 3439 ⁴σὲ

385 3478 730 3547 περιέρχεται
758 3487 806 3529 α.
836 3474 969 3527 Εἰπὲ
998 3473 1060 3543 δή
1100 3489 1213 3541 μοι,
1245 3473 1291 3524 εἰ
1326 3471 1616 3541 πράγματι
1665 3469 2055 3541 περιπέσοιμεν

383 3562 627 3635 χαλεπῷ,
662 3562 782 3614 τίνα
804 3560 904 3612 οὐκ
932 3559 1221 3629 ἀξιοῦμεν;
1276 3556 1378 3610 κᾶν
1410 3557 1619 3627 ταχέως
1662 3558 1760 3627 τῆς
1790 3557 2057 3627 αἰτήσεως

384 3651 659 3721 τύχωμεν,
715 3648 1078 3717 ἀναπνέομεν.
1128 3644 1224 3707 Τίς
1261 3663 1341 3698 σοι
1392 3645 1467 3715 δῷ
1509 3645 1723 3715 ἕτοιμον
1788 3640 1927 3698 εἰναι
1970 3644 2057 3697 τὸν

384 3736 704 3806 ἀξιούμενον
739 3734 900 3805 χάριν
931 3750 1011 3785 σοι
1049 3732 1192 3802 ἔχειν
1246 3732 1326 3784 ὃτι
1379 3731 1587 3797 ἀξιοῖς;
1620 3732 1704 3795 τίς
1740 3748 1821 3784 σοι
1876 3729 1951 3801 δῷ
1984 3729 2058 3802 μὴ

386 3824 657 3895 περιιέναι
684 3824 778 3875 καὶ
812 3820 995 3890 ζητεῖν
1022 3820 1140 3872 τίνα
1162 3820 1433 3886 ἀξιώσεις,
1464 3819 1578 3873 ἀλλ’
1605 3821 1784 3890 εὑρεῖν
1812 3819 2057 3889 ἓτοιμον;

390 3914 467 3984 μὴ
503 3912 703 3981 ἐτέρων
724 3908 950 3970 δεῖσθαι,
990 3908 1076 3962 ἵνα
1105 3909 1172 3961 δι’
1209 3908 1436 3961 ἐκείνων
1464 3908 1729 3981 άξιώσῃς;
1771 3908 1835 3962 Τί
1871 3907 2058 3961 τούτου

390 4000 611 4072 μεῖξον;
645 3992 812 4062 Οὗτος
844 3998 952 4070 γάρ
980 3999 1100 4051 τότε
1135 3996 1368 4067 μάλιστα
1391 4000 1552 4062 ποιεῖ,
1585 3998 1711 4050 ὅταν
1747 3996 1821 4067 μὴ
1857 3996 2060 4068 ἐτέρων

387 4087 692 4159 δεηθῶμεν·
723 4086 975 4156 καθάπερ
1005 4085 1158 4154 φίλος
1202 4086 1425 4155 γνήσιος
1473 4084 1595 4137 τότε
1643 4084 1874 4155 μάλιστα
1930 4086 2062 4155 ἡμῖν

389 4177 609 4242 ἐγκαλεί
634 4175 709 4239 ώς
743 4175 815 4229 ού.
838 4172 1131 4244 θαρροῦσιν
1168 4171 1333 4224 αὐτοῦ
1386 4174 1451 4241 τῇ
1483 4170 1655 4241 φιλίᾳ,
1683 4173 1812 4225 ὃταν
1859 4173 2059 4244 ἐτέρων

388 4266 527 4336 πρὸς
550 4263 711 4317 αὑτὸν
739 4260 886 4334 [279]
916 4262 1197 4332 δεηθῶμεν
1252 4261 1359 4312 τῶν
1388 4260 1703 4325 ἀξιούντων.
1758 4260 1914 4315 Οὕτω
1965 4261 2060 4314 καὶ

388 4354 551 4422 ἡμεῖς
580 4348 839 4418 ποιοῦμεν
873 4350 965 4400 ἐπὶ
993 4348 1101 4400 τῶν
1148 4350 1297 4418 ἡμᾶς
1324 4348 1638 4414 ἀξιούντων·
1676 4350 1799 4401 τότε
1825 4349 2058 4419 μάλιστα

390 4440 574 4501 αὐτοῖς
630 4434 989 4507 χαριζόμεθα,
1049 4435 1177 4488 ὃταν
1207 4435 1272 4487 δι’
1305 4435 1515 4488 ἑαυτῶν
1574 4438 1725 4507 ἡμῖν,
1758 4437 1853 4490 καὶ
1873 4432 1935 4490 οῦ
1989 4438 2057 4493 δι’

391 4524 593 4594 ἐτέρων
615 4524 900 4594 προσίωσι.
932 4522 997 4575 Τί
1037 4519 1151 4586 οῦν,
1194 4522 1379 4593 φησὶν,
1408 4523 1473 4578 ἂν
1496 4525 1954 4597 προσκεκρουκὼς
1980 4521 2059 4595 ὧ;

392 4612 606 4666 Παῦσαι
632 4610 989 4682 προσκρούων
1022 4610 1114 4664 καὶ
1167 4611 1457 4681 δάκρυσον,
1489 4613 1583 4664 καὶ
1608 4612 1751 4666 οὕτω
1778 4614 2066 4685 πρόσελθε,

393 4701 487 4752 καὶ
531 4697 740 4769 ταχέως
794 4698 885 4749 ἐπὶ
921 4699 1032 4761 τοῖς
1062 4697 1349 4769 προτέροις
1391 4698 1553 4751 αὐτὸν
1607 4699 1763 4752 ἵλεων
1796 4702 2065 4772 ποιήσεις.

394 4785 527 4841 Εἰπὲ
559 4785 737 4856 μόνον,
782 4787 864 4839 ὅτι
894 4786 1300 4857 Προσέκρουσα·
1353 4787 1473 4839 εἰπέ
1502 4787 1566 4839 ἐκ
1593 4786 1769 4858 ψυχῆς
1812 4789 1905 4843 καὶ
1936 4808 2068 4860 γνη-

395 4874 514 4938 σίας
538 4872 795 4938 διανοίας,
830 4875 924 4928 καὶ
979 4874 1155 4927 πάντα
1185 4873 1420 4927 λέλυται.
1459 4875 1574 4927 Ούκ
1628 4877 1915 4948 ἐπιθυμεῖς
1977 4878 2069 4932 οῦ-

457 4976 477 4999 ⁸
494 4978 638 5026 Alius
669 4978 1014 5041 περιτρέπεται.

1063 269 1121 324 S.
1157 264 1440 325 JOANNIS
1476 260 1958 319 CIIRYSOSTOMI
1997 257 2314 315 ARCIIIEP.
2354 254 2899 316 CONSTANTINOP.

3686 255 3795 307 2’32

2125 394 2230 439 τως
2262 375 2529 446 ἀφεθῆναι
2553 375 2618 427 σὺ
2638 388 2666 415 α
2689 376 2791 437 τὰς
2809 372 3081 444 ἁμαρτίας
3110 389 3223 438 σου,
3246 371 3321 434 ώς
3346 370 3504 434 αὐτὸς
3534 369 3796 440 ἐπιθυμει

2125 464 2341 533 ἀφεῖναί
2392 480 2483 515 σου
2515 465 2583 517 τά
2632 464 3026 533 ἁμαρτήματα.
3076 461 3199 513 Ὅτι
3232 458 3340 529 γάρ
3371 458 3470 511 οὒκ
3507 458 3799 525 ἐπιθυμεῖς

2128 554 2214 615 σὺ,
2239 551 2489 622 ἐννόησον
2509 551 2590 603 ὅτι
2620 550 2740 603 οῦδὲ
2772 550 3072 622 ἀγρυπνεῖν
3100 546 3373 617 καταδέχῃ
3399 545 3518 599 οὐδὲ
3536 546 3804 616 χρήματα

2130 641 2399 711 προΐεσαι·
2434 639 2593 702 αὐτὸς
2614 639 2692 705 δὲ,
2748 638 2836 692 ἳνα
2876 639 2985 708 ἀφῇ
3016 636 3170 708 ἡμῶν
3196 637 3295 699 τάς
3347 636 3645 706 ἁμαρτίας,
3700 633 3803 687 τοῦ

2128 726 2465 795 Μονογενοῦς
2491 728 2593 780 οὐκ
2622 727 2893 796 ἐφείσατο,
2929 725 3023 779 τοῦ
3052 724 3274 796 γνησίου
3303 723 3517 787 Παιδὸς,
3546 722 3642 775 τοῦ
3675 740 3807 775 συν·

2132 817 2342 888 θρόνου.
2386 818 2572 888 Ὁρᾷς,
2599 816 2863 879 ὅτιαύτὸς
2896 815 3094 886 μᾶλλον
3152 813 3409 883 ἐπιθυμεῖ
3452 811 3667 880 ἀφεῖναί
3718 828 3808 863 σοι

2130 907 2197 959 τὰ
2225 908 2625 977 άμαρτήματα;
2653 907 2743 976 Μὴ
2774 904 2836 976 δὴ
2881 903 3147 973 ὀκνῶμεν,
3181 902 3317 973 μηδὲ
3347 899 3804 970 άναὸαλλώμεθα.

2130 995 2511 1067 Φιλάνθρωπός
2565 995 2806 1048 ἐστικαὶ
2852 992 3076 1061 ἀγαθός·
3136 991 3295 1063 μόνον
3348 987 3603 1061 ἀφορμὴν
3651 988 3807 1057 αὐτῷ

2132 1085 2329 1156 δῶμεν,
2363 1085 2457 1138 καὶ
2485 1083 2663 1147 τοῦτο,
2700 1084 2787 1137 ἵνα
2845 1084 3005 1154 ἡμεῖς
3043 1081 3120 1152 μὴ
3178 1081 3442 1151 ἄχρηστοι
3489 1076 3807 1149 γενώμεθα,

2133 1174 2255 1225 ἐπεὶ
2287 1172 2380 1225 καὶ
2407 1173 2574 1243 χωρὶς
2604 1170 2791 1225 τούτου
2838 1171 3105 1223 ἀπέλυσεν
3128 1168 3212 1222 ἀν·
3262 1166 3380 1220 ἀλλ’
3425 1165 3613 1235 ῶσπερ
3641 1168 3811 1237 ἡμεῖς

2134 1263 2225 1314 ἐπὶ
2266 1261 2374 1314 τῶν
2403 1260 2627 1315 οἰκετῶν
2656 1260 2763 1314 τῶν
2813 1258 3095 1330 ἡμετέρων
3149 1257 3315 1328 μυρία
3363 1255 3671 1325 πλάττομεν
3710 1257 3811 1308 καὶ

2137 1348 2475 1420 συντίθεμεν·
2504 1348 2646 1401 οῦτω
2670 1349 2763 1401 καὶ
2791 1347 2953 1410 αὐτὸς
2974 1347 3065 1399 ἐπὶ
3094 1346 3191 1416 τῆς
3222 1344 3496 1416 ἡμετέρας
3525 1343 3811 1413 σωτηρίας

2132 1442 2299 1494 ποιεῖ.
2331 1438 2773 1509 Προφθάσωμεν
2816 1435 2883 1490 τὸ
2925 1438 3248 1505 πρόσωπον
3270 1434 3457 1488 αὐτοῦ
3491 1433 3559 1486 ἐν
3595 1432 3816 1501 ἐξομο-

2135 1532 2409 1601 λογήσει,
2447 1531 2528 1583 ὅτι
2582 1528 2816 1601 χρηστός
2861 1529 2977 1580 ἐστι
3033 1525 3127 1578 καὶ
3171 1526 3439 1595 ἐπιεικής.
3484 1522 3609 1574 Ἐἀν
3636 1522 3693 1574 δὲ
3733 1521 3812 1590 μὴ

2138 1620 2369 1690 ἐπικαλῇ
2423 1619 2480 1670 ἐν
2509 1617 2755 1689 ἀληθεία,
2792 1616 2925 1687 μηδὲ
2958 1614 3116 1685 θέλῃς
3148 1614 3320 1666 εἰπεῖν
3359 1614 3423 1664 ἐκ
3449 1610 3674 1680 καρδίας
3727 1609 3814 1662 ὅτι

2142 1709 2332 1777 Ἀφες,
2367 1706 2482 1760 ἀλλ’
2513 1705 2622 1758 ἀπὸ
2647 1705 2936 1775 στόματος,
2971 1702 3023 1756 τί
3055 1702 3270 1772 ποιήσει
3304 1700 3467 1762 αὑτός
3494 1716 3507 1764 ;
3542 1697 3607 1750 Τί
3637 1700 3814 1764 ἐστιν,

2139 1798 2195 1851 ἐν
2223 1794 2453 1866 ἀληθείᾳ
2484 1794 2699 1860 καλεῖν;
2722 1792 2874 1847 Μετά
2891 1791 3286 1864 προαιρέσεως,
3316 1790 3455 1861 μετά
3474 1786 3814 1859 προθυμίας,

2144 1883 2279 1954 μετά
2308 1883 2543 1946 διανοίας
2569 1880 2911 1951 εἰλικρινοῦς·
2932 1874 3041 1933 οἷον
3071 1880 3163 1931 ἐπὶ
3194 1878 3300 1931 τῶν
3324 1876 3509 1949 μύρων
3535 1876 3819 1943 λέγουσιν,

2141 1971 2390 2042 ἀληθινόν
2420 1973 2584 2033 ἐστιν,
2616 1971 2767 2023 οὐδὲν
2798 1969 2910 2039 ἔχει
2930 1968 3101 2021 νόθον·
3154 1966 3295 2019 οὕτω
3329 1967 3421 2019 καὶ
3443 1967 3574 2017 ἐκεῖ.
3612 1964 3672 2017 '0
3722 1964 3822 2017 ὀνο

2142 2078 2248 2123 τως
2287 2059 2446 2114 αὐτὸν
2469 2058 2669 2122 καλῶν,
2701 2060 2795 2112 καὶ
2843 2060 2870 2111 ὁ
2901 2056 3067 2119 ὅντως
3098 2054 3263 2110 αὑτοῦ
3323 2053 3597 2124 δεόμενος,
3644 2069 3821 2121 προσο

2144 2149 2352 2220 εδρεύει
2394 2148 2705 2215 διαπαντὸς,
2753 2148 2851 2201 οῦκ
2877 2149 3166 2217 ἀφίσταται
3211 2147 3314 2208 ἕως
3370 2142 3435 2197 ἂν
3467 2142 3630 2212 λάϐῃ·
3683 2143 3713 2193 ὁ
3756 2142 3819 2194 δὲ

2147 2238 2329 2302 ἁπλῶς
2361 2237 2770 2308 ἀφοσιούμενος,
2810 2236 2903 2290 καὶ
2933 2234 3081 2306 αὐτῷ
3108 2234 3282 2303 τούτῳ
3319 2233 3480 2303 νόμον
3508 2231 3733 2301 πληρῶν
3763 2229 3817 2290 δ,

2146 2329 2244 2381 οὐκ
2269 2329 2325 2380 ἐν
2349 2327 2576 2398 ἀληθείᾳ
2627 2326 2800 2381 καλεῖ,
2856 2327 2971 2388 Πᾶς
3028 2326 3177 2388 ὅστις
3210 2323 3276 2377 ἂν
3301 2317 3389 2395 ᾖς,
3426 2322 3500 2393 μὴ
3526 2322 3676 2388 λέγε,
3734 2322 3825 2373 ὅτι

2160 2416 2505 2487 Ἀμαρτωλός
2526 2419 2660 2486 είμι,
2695 2415 2873 2479 υ.όνον,
2904 2414 3039 2469 ἀλλὰ
3071 2414 3166 2467 καὶ
3204 2412 3474 2475 σπούδαζε
3504 2408 3828 2472 ἀπαλλάξαι.

2151 2505 2343 2558 σαυτὸν
2389 2504 2593 2573 ταύτης
2623 2505 2722 2573 τῆς
2763 2503 2940 2575 δόξης·
2970 2501 3043 2573 μὴ
3073 2502 3219 2571 λέγε,
3261 2500 3395 2555 ἀλλά
3420 2499 3514 2553 καὶ
3545 2499 3726 2567 ἄλγει.
3754 2498 3827 2551 Εἰ

2150 2592 2355 2660 ἀλγεῖς,
2389 2592 2727 2656 σπουδάζεις·
2779 2594 2827 2644 εἰ
2878 2591 2951 2661 μὴ
3007 2588 3346 2652 σπουδάζεις,
3380 2588 3479 2640 ούκ
3511 2587 3715 2654 ἀλγεῖς·
3766 2586 3829 2637 εί

2154 2683 2227 2750 μὴ
2250 2680 2453 2748 ἀλγεῖς,
2482 2680 2782 2750 χλευάζεις.
2833 2680 2928 2742 Τίς
2987 2678 3159 2747 λέγων
3186 2679 3268 2730 ὅτι
3315 2676 3489 2741 Νοσῶ,
3519 2675 3580 2727 ού
3632 2674 3829 2727 πάντα.

2152 2771 2296 2821 ποιεῖ
2317 2769 2459 2823 ὥστε
2484 2768 2907 2839 ἀπαλλαγῆναι;
2948 2768 3105 2836 Μέγα
3150 2766 3314 2820 ὅπλον
3344 2766 3493 2836 εύχή.
3540 2764 3603 2817 Εἰ
3654 2764 3833 2832 ὑμεῖς

2151 2857 2350 2922 οἴδατε,
2378 2860 2530 2928 φησὶ,
2567 2858 2774 2929 δόματα
2800 2857 2981 2926 ἀγαθά
3026 2856 3222 2910 διδόναι
3253 2858 3364 2918 τοῖς
3394 2855 3602 2916 τέκνοις
3637 2852 3827 2921 ὑμῶν,

2153 2949 2304 3018 πόσῳ
2346 2947 2544 3018 μᾶλλον
2579 2950 2606 3001 6
2628 2947 2815 3017 Πατὴρ
2836 2946 3028 3015 ὑμῶν;
3065 2945 3164 2998 Διά
3186 2945 3240 2997 τί
3275 2945 3337 2997 ού
3362 2944 3534 3006 θέλεις
3586 2939 3832 3012 προσελ-

2154 3034 2303 3099 θεῖν;
2334 3034 2481 3086 Φιλεῖ
2504 3051 2584 3098 σε,
2620 3033 2839 3087 δύναται
2863 3034 3079 3086 πάντων
3111 3032 3290 3086 πλέον·
3315 3033 3409 3085 καὶ
3443 3029 3694 3101 βούλεται
3728 3036 3829 3081 και

2152 3120 2393 3184 δύναται,
2429 3122 2480 3173 τί
2508 3120 2568 3173 τὸ
2591 3121 2835 3188 κωλύον;
2868 3120 3054 3174 Ούδέν.
3088 3120 3294 3174 Οὐκοῦν
3340 3118 3655 3190 προσίωμεν
3683 3116 3832 3186 μετὰ

2154 3211 2406 3275 πίστεως,
2432 3208 2745 3281 προσίωμεν
2779 3211 2845 3263 τὰ
2865 3210 3013 3282 δῶρα
3056 3210 3457 3281 προσφέροντες
3487 3206 3522 3260 ἂ
3548 3204 3829 3274 βούλεται.

2155 3298 2581 3369 ἀμνησικακίαν,
2604 3298 2969 3370 χρηστότητα,
3010 3298 3313 3369 πραότητα·
3348 3295 3469 3349 Κᾶν
3499 3291 3832 3364 ἁμαρτωλὸς

2153 3385 2239 3461 ᾗς,
2277 3389 2413 3461 μετά
2442 3390 2757 3462 παρρησίας
2786 3390 2946 3443 αὐτὸν
2977 3390 3302 3459 ἀπαιτήσεις
3327 3387 3426 3460 τὴν
3474 3386 3835 3457 συγχώρησιν

2154 3475 2263 3529 τῶν
2293 3476 2729 3547 ἁμαρτημάτων,
2761 3476 2900 3548 ἔχων
2926 3477 3093 3543 δεῖξαι
3128 3477 3281 3549 παρὰ
3313 3476 3496 3547 σαυτῷ
3522 3474 3680 3528 τοῦτο
3728 3490 3836 3542 γε-

2155 3564 2472 3634 γενημένον·
2493 3564 2557 3617 ἂν
2582 3564 2639 3617 δὲ
2656 3564 2864 3628 δίκαιος
2892 3561 2980 3636 ᾖς,
3001 3563 3271 3617 καὶτοῦτο
3302 3564 3376 3635 μὴ
3398 3565 3528 3635 ἔχῃς
3558 3562 3619 3615 τὸ
3646 3563 3840 3633 ἀμνη-

2160 3653 2424 3716 σικακεῖν,
2458 3652 2607 3704 οὐδὲν
2636 3651 2871 3723 ὤνησας.
2893 3654 3007 3706 Οὐκ
3032 3652 3180 3706 ἐστιν
3206 3651 3491 3723 ἄνθρωπον
3520 3651 3730 3720 ἀφέντα
3752 3653 3839 3721 τῷ

2159 3739 2404 3810 πλησίον,
2438 3742 2512 3811 μὴ
2535 3742 2795 3812 ἀκριϐοῦς
2820 3746 3000 3813 τυχεῖν
3037 3743 3133 3813 τῆς
3154 3742 3421 3812 ἀφέσεως·
3448 3740 3842 3811 φιλανθρωπό-

2157 3845 2313 3898 τερος
2339 3826 2446 3900 γὰρ
2468 3829 2625 3899 ἡμῶν
2647 3831 2994 3901 ἀσυγκρίτως
3036 3831 3182 3884 ἐστὶν
3208 3831 3236 3882 6
3266 3830 3419 3894 Θεός·
3474 3829 3633 3883 τοῦτο
3665 3832 3844 3884 παντὶ

2157 3917 2313 3988 δῆλον
2345 3928 2390 3972 (ε.
2425 3918 2487 3971 Τί
2517 3918 2725 3987 λέγεις;
2761 3919 2885 3972 Ἐὰν
2908 3921 3087 3991 εἴπῃς,
3125 3920 3440 3991 Ἦδικήθην,
3467 3920 3638 3991 ὀργῆς
3663 3921 3845 3991 ἐκρά-

2159 4023 2320 4074 τησα,
2372 4006 2543 4079 θυμοῦ
2581 4008 2843 4078 ἐπήρειαν
2892 4007 3092 4062 ἔπαθον
3120 4008 3207 4062 διὰ
3236 4010 3297 4062 τὸ
3348 4009 3439 4063 σὸν
3474 4010 3843 4080 πρόσταγμα,

2160 4096 2260 4147 οὐκ
2282 4095 2482 4166 ἀφήσει
2508 4096 2604 4149 καὶ
2628 4095 2791 4159 αὐτός
2814 4112 2828 4160 ;
2868 4096 3091 4160 Πάντως
3117 4098 3247 4166 γοῦν
3281 4098 3502 4168 ἀφήσει.
3537 4097 3703 4150 Ὥστε
3732 4115 3847 4151 κα-

2163 4183 2475 4253 θαρίσωμεν
2523 4183 2617 4255 τήν
2664 4184 2841 4255 ψυχὴν
2867 4187 2967 4256 τῆς
3001 4188 3388 4256 μνησικακίας.
3455 4187 3641 4258 Ἀρκεῖ
3672 4188 3849 4241 τοῦτο

2163 4272 2292 4342 ἡμῖν
2332 4271 2463 4344 πρὸς
2498 4271 2559 4325 τὸ
2588 4273 2941 4344 ἀκουσθῆναι,
2984 4275 3078 4329 καὶ
3109 4275 3246 4346 μετά
3269 4276 3485 4345 νήψεως
3518 4277 3853 4349 προσευχώ-

2166 4359 2326 4428 μεθα,
2359 4360 2454 4414 καὶ
2492 4359 2641 4432 [280]
2674 4360 2875 4433 πολλῆς
2921 4363 3022 4432 τῆς
3068 4363 3414 4435 προσεδρίας,
3439 4364 3526 4417 ἵνα
3575 4364 3851 4433 δαψιλοῦς

2163 4450 2262 4521 τῆς
2290 4449 2421 4520 παρ’
2446 4448 2610 4503 αὑτοῦ
2648 4450 3056 4522 φιλανθρωπίας
3100 4451 3524 4517 ἀπολαύσαντες,
3558 4454 3854 4519 καταξιω-

2169 4536 2348 4607 θῶμεν
2379 4538 2486 4591 τῶν
2509 4539 2930 4611 ἐπηγγελμένων
2991 4540 3230 4608 ἀγαθῶν,
3284 4541 3467 4612 χάριτι
3516 4541 3613 4595 καὶ
3646 4542 3857 4610 φιλοιν-

2165 4624 2377 4696 θρωπίᾳ
2401 4626 2494 4679 τοῦ
2528 4628 2731 4699 Κυρίου
2786 4629 2943 4700 ἡμῶν
2991 4629 3163 4700 Ἰησοῦ
3209 4628 3465 4700 Χριστοῦ,
3515 4631 3636 4700 μεθ’
3658 4624 3723 4684 οὗ
3768 4633 3856 4703 τῷ

2163 4714 2339 4786 Πατρὶ
2366 4715 2482 4786 ἅμα
2508 4716 2585 4787 τῷ
2616 4718 2756 4789 ἁγίῳ
2784 4718 3061 4790 Πνεύματι
3092 4718 3239 4783 δόξα,
3281 4720 3499 4790 κράτος,
3546 4721 3710 4794 τιμὴ,
3750 4723 3855 4776 νῦν

2164 4803 2258 4857 καὶ
2279 4803 2386 4865 ἀεὶ,
2416 4804 2511 4857 καὶ
2533 4806 2614 4868 είς
2644 4808 2770 4870 τοὺς
2798 4807 3002 4870 αἰῶνας
3033 4808 3141 4860 τῶν
3181 4808 3411 4863 αἰώνων.
3457 4809 3658 4880 Ἀμήν.

2172 4987 2194 5015 e
2222 4924 2391 5015 :15!“
2406 4926 2870 5015 Ἑὶὲοιὲωιῖ
2890 4928 3265 5015 Egi,“
3287 4931 3427 4993 μόνον
3452 4930 3597 4980 τοῦτο
3617 4934 3852 4996 πληρῶν.

2222 4982 2372 5047 Illud,
2406 4982 2555 5035 τόῡτσ
2570 4990 2708 5037 παντὶ
2756 4991 2915 5050 δῆλον,
2936 4992 3083 5040 deest
3122 4993 3173 5041 in
3218 4982 3333 5042 unb.

528 5177 3174 5209 .__________________________—_________

1944 5382 2188 5439 OMIAIA
2224 5388 2341 5443 AZ'.

397 5530 917 5608 Δισδεύσαντεςλδὲ
940 5534 1052 5602 τὴν
1085 5536 1432 5605 Ἀμφίπολιν
1484 5540 1581 5594 καὶ
1624 5541 2057 5608 Ἀπολλωνίαν,

466 5600 661 5685 ἦιρθογί
675 5600 1287 5685 είςλθεσσαῖίονιῖκὴᾳν,
1341 5608 1497 5685 ἀξίου
1545 5608 1625 5685 ἦν
1659 5612 1698 5679 ἡ
1734 5600 2058 5685 συναγωγή

468 5674 604 5753 τῶν.
628 5674 966 5753 Ῐζουδαίων.
1009 5677 1169 5753 βατὰ
1209 5676 1277 5729 δὲ
1319 5678 1395 5753 τὸ,
1450 5674 1650 5753 εἰωθὸς
1687 5674 1776 5747 ’τῷ
1822 5674 2058 5752 Ποὶὐλω,

470 5747 713 5821 εἰσῆλθε
769 5747 916 5821 πρὸ-ς
954 5747 1194 5821 αὐτούς,
1226 5748 1339 5821 οιαὶ
1371 5748 1467 5821 ἐςτί
1517 5752 1783 5805 σάϐϐατα
1818 5756 1946 5821 τρία
1976 5747 2061 5808 διξ

471 5814 705 5889 ελέγεζο
720 5816 1049 5889 αὑτοῖςλάπὸ
1074 5817 1192 5889 τῶν
1214 5818 1489 5887 Γραρῶν,
1503 5820 1818 5889 διανοίγων
1837 5814 1933 5877 5ιαί
1948 5842 2059 5878 πα-

465 5884 862 5955 ρατιθέμενος,
910 5887 996 5941 ὅτι
1041 5888 1147 5942 τὸν
1196 5884 1451 5958 Χριστὸν
1503 5890 1623 5944 ἔδει
1672 5884 1901 5962 παθεῖν,
1960 5898 2052 5950 καί

2233 5551 2571 5635 ᾀγασςῆναέι
2604 5557 2672 5635 ἐκ
2702 5556 2951 5635 νεκρῶν,
2978 5560 3073 5635 καὶ
3098 5560 3187 5635 ὅτι
3213 5557 3408 5635 οὗτός
3429 5561 3559 5615 ἐστι
3588 5562 3866 5631 Χριστὸς

2248 5622 2497 5691 Ἰησοῦς,
2536 5626 2607 5680 ὃν
2637 5627 2751 5698 ἐγὼ
2781 5622 3167 5699 καταγγέλλω
3193 5631 3355 5701 ὑμῖν.

2236 5727 2306 5775 α’.
2337 5720 2507 5775 Πάλιν
2550 5722 2650 5787 τὰς
2687 5725 2785 5795 μὲν
2819 5726 3022 5797 μικράς
3056 5729 3460 5799 παρατρέχουσι
3501 5730 3707 5795 πόλεις,
3748 5735 3867 5787 ἐπὶ

2161 5808 2217 5862 δὲ
2274 5810 2373 5873 τὰς
2414 5810 2634 5880 μείζοδς
2698 5815 3028 5883 ἐπείγονται,
3078 5817 3287 5870 ἐκεῖθεν
3336 5818 3589 5891 καθάπερ
3642 5820 3704 5873 ἐκ
3768 5839 3867 5873 τι-

2163 5915 2249 5960 νος
2276 5898 2458 5968 πηγῆς
2491 5899 2774 5969 μέλλοντος
2803 5903 2895 5956 τοῦ
2920 5904 3077 5972 λόγου
3104 5905 3376 5977 διαῤῥέειν
3430 5909 3510 5970 είς
3543 5908 3639 5971 τὰς
3695 5907 3861 5984 πλη-
