3950 6208
227 248 306 305 ΞΜ

225 366 409 431 gloriam
444 366 759 436 popularem
796 367 1077 439 despicere
1113 386 1220 425 non
1251 382 1547 443 oporteret,
1577 374 1773 431 Socra-

225 466 289 513 tes
328 459 453 528 ipse,
497 460 591 530 qui
628 467 910 533 tantopere
969 461 1467 535 pltilOSOphabatur,
1515 469 1769 536 ostendit,

223 552 292 621 qui
316 553 483 607 omnia
522 553 593 609 ad
633 554 860 625 gloriam
907 554 1155 611 faciebat.
1203 558 1267 611 Et
1296 559 1339 614 si
1371 559 1587 630 quidem
1627 562 1772 617 illius

224 644 575 699 sententiarum
624 647 782 715 periti
837 648 1047 712 essetis,
1098 649 1323 704 mttltum
1371 649 1455 705 his
1498 652 1568 706 de
1610 653 1770 708 rebus

225 750 491 789 sermonem
530 750 806 791 moverem
835 778 849 799 ,
881 737 1335 809 ostenderemque
1381 741 1598 795 multam
1630 743 1767 813 apud

223 826 318 879 iilos
354 840 466 880 esse
516 826 767 892 ironiam,
810 828 856 881 si
909 829 1122 898 quidem
1169 830 1419 900 discipuli
1465 833 1583 901 ejus
1611 832 1767 889 dictis

223 915 398 970 credere
428 915 508 969 fas
537 916 647 981 sit;
677 927 731 971 et
752 918 1021 986 quomodo
1046 934 1078 974 a
1105 935 1238 974 vana
1254 921 1423 991 gloria
1444 938 1630 979 omnes
1652 924 1765 995 ejus

224 1005 355 1059 litera:
371 1016 743 1075 argumentum
771 1006 1020 1062 habeant.

272 1096 315 1149 3.
338 1096 431 1150 Sed
463 1096 643 1151 missis
669 1097 794 1161 illis,
826 1098 979 1153 nobis
1004 1100 1132 1169 ipsis
1162 1100 1465 1171 loquamur.
1498 1105 1628 1159 Nam
1658 1120 1755 1160 su-

219 1201 288 1255 pra
328 1186 475 1242 dictis
528 1187 633 1243 hoc
672 1204 885 1259 quoque
932 1191 1256 1259 addendum,
1300 1196 1444 1265 quod
1488 1212 1609 1251 eum
1662 1213 1762 1253 suo

220 1279 411 1346 periculo
442 1280 526 1335 Itis
556 1281 1013 1351 obtemperarent.
1044 1284 1122 1340 Ne
1150 1286 1311 1356 igitur
1348 1288 1632 1357 impudens
1660 1292 1755 1357 sis,

216 1370 581 1440 sedcogitemus
607 1372 755 1427 illam
776 1383 1008 1440 noctem,
1038 1376 1262 1447 lignum,
1286 1378 1547 1450 hymnos;
1576 1391 1629 1436 et
1659 1384 1760 1439 hoc

217 1476 293 1513 nos
318 1460 477 1517 facere
505 1462 821 1523 Studeamus
847 1507 861 1532 ,
889 1476 943 1521 et
973 1469 1279 1537 aperiemus
1317 1472 1471 1526 nobis
1507 1489 1611 1529 non
1643 1491 1760 1529 car-

213 1567 381 1620 cerem,
403 1553 496 1608 sed
531 1556 749 1611 czelum.
784 1556 839 1612 Si
871 1573 1171 1628 precemur,
1201 1562 1399 1617 etclam
1426 1564 1599 1633 ipsum
1625 1581 1756 1636 ape-

214 1646 306 1700 rire
351 1647 652 1715 poterimus.
705 1649 851 1705 Elias
895 1660 948 1706 et
991 1652 1183 1708 clausit
1203 1663 1259 1709 et
1299 1657 1510 1725 aperuit
1566 1659 1753 1713 ctelum

216 1737 453 1806 precibus.
495 1738 579 1792 Est
626 1755 843 1811 quoque
883 1742 935 1796 in
966 1744 1098 1798 czelo
1148 1760 1355 1801 carcer.
1388 1746 1749 1820 Quaecumque,

219 1830 381 1898 inquit,
414 1832 675 1901 ligaveritis
696 1850 851 1901 super
878 1846 1085 1903 terram,
1116 1850 1263 1892 erunt
1288 1840 1447 1911 ligata
1475 1852 1524 1895 et
1549 1843 1602 1897 in
1628 1844 1751 1899 creto

214 1922 390 1991 (llatt/t.
419 1925 496 1979 l6.
522 1926 635 1997 19).
660 1927 951 1984 Precemur
968 1941 1147 1997 noctu,
1179 1941 1236 1987 et
1255 1932 1371 1989 haec
1397 1935 1606 1991 vincula
1636 1940 1749 1993 Sol-

207 2028 377 2068 remus.
404 2015 553 2083 Quod
588 2018 734 2072 enim
766 2034 951 2088 preces
973 2033 1187 2092 peccata
1213 2025 1463 2095 solvant,
1494 2029 1646 2085 nobis
1671 2031 1747 2084 vi-

204 2104 284 2157 dua
312 2107 641 2174 persuadeat,
675 2110 870 2181 illeque
900 2113 1103 2169 anticus
1124 2116 1213 2185 qui
1245 2117 1561 2188 intempesta
1593 2130 1748 2178 nocte

205 2211 469 2264 perseverat
522 2212 578 2256 et
632 2203 808 2271 pulsat
860 2223 873 2257 :
918 2208 1232 2274 persuadeat
1291 2219 1346 2265 et
1388 2212 1669 2270 Cornelius
1728 2236 1741 2271 :

207 2289 431 2345 Orationes
453 2303 556 2347 tua:
574 2335 591 2359 ,
624 2294 823 2364 inquit,
854 2307 901 2351 et
925 2298 1253 2371 eleemosyna:
1279 2312 1380 2356 tua:
1408 2307 1745 2361 ascenderunt

205 2382 242 2432 in
264 2395 508 2451 conspectu
549 2384 646 2438 Dei
676 2385 809 2455 (Act.
843 2388 931 2444 10.
959 2388 1015 2458 4)
1044 2406 1058 2453 ;
1092 2393 1408 2460 persuadeat
1434 2396 1584 2450 nobis
1610 2397 1747 2452 Pau-

207 2474 265 2527 lus
283 2475 451 2529 dicens
480 2494 495 2528 :
524 2477 652 2541 ρυω
677 2488 842 2533 autent
870 2497 982 2535 vere
1010 2482 1160 2535 vidua
1180 2494 1251 2537 est
1274 2494 1320 2538 et
1345 2486 1595 2556 solitaria,
1625 2505 1741 2559 spe—

204 2566 299 2616 rat-it
326 2570 375 2618 in
403 2566 589 2633 Deum,
634 2578 680 2622 et
707 2581 988 2637 perseverat
1026 2575 1082 2626 in
1124 2576 1356 2643 precibus
1400 2587 1545 2632 nocte
1570 2588 1617 2632 et
1662 2580 1744 2635 die

204 2658 274 2722 (l.
302 2656 424 2711 Tim.
456 2660 509 2715 5.
543 2661 635 2726 5).
681 2659 739 2716 Si
777 2662 845 2717 de
870 2663 1026 2719 vidua
1052 2707 1067 2728 ,
1097 2665 1306 2722 infirma
1334 2670 1593 2737 muliere,
1626 2672 1742 2728 haec

203 2748 267 2800 ille
284 2749 420 2813 dicit,
450 2750 615 2806 multo
646 2754 815 2823 magis
844 2753 912 2810 de
942 2756 1090 2811 viris.
1406 2748 1409 2751 ’

255 2840 491 2895 (nandum
522 2845 967 2901 noctu.—Etiam
999 2847 1105 2903 dixi
1159 2848 1330 2917 vobis,
1373 2859 1428 2907 et
1485 2868 1625 2911 nunc
1654 2854 1737 2910 di-

199 2946 286 2984 eam
313 2952 324 2985 :
350 2933 655 2990 Excitemur
681 2947 864 3003 nocte;
905 2942 1110 2995 etiamsi
1155 2957 1264 2998 non
1307 2946 1503 3001 multas
1532 2948 1737 3002 oratio-

198 3036 270 3075 nes
288 3026 503 3092 emittas,
538 3042 695 3083 unam
726 3030 910 3087 emitte
937 3046 1059 3086 cum
1100 3034 1392 3104 vigilantia,
1419 3047 1475 3094 et
1500 3038 1731 3095 sufficit:

196 3112 298 3167 nihil
317 3118 531 3187 amplius
560 3128 705 3188 peto.
733 3119 788 3175 Si
820 3136 927 3175 non
961 3122 1132 3177 media
1163 3137 1344 3193 nocte,
1373 3129 1563 3183 saltem
1598 3131 1733 3185 dilu-

192 3207 302 3259 calo.
331 3207 558 3265 Ostende
597 3221 809 3267 noctem
846 3228 951 3268 non
981 3215 1141 3270 modo
1170 3219 1412 3288 corporis
1450 3236 1590 3284 esse,
1636 3223 1733 3279 sed

189 3296 315 3351 etiam
340 3302 529 3356 anima:
562 3320 576 3356 :
604 3318 673 3358 ne
700 3304 843 3361 sinas
872 3306 1017 3361 illam
1060 3308 1323 3365 inutiliter
1348 3313 1600 3381 transire,
1637 3315 1732 3371 sed

188 3387 373 3446 [termino
395 3395 533 3450 hanc
560 3396 723 3452 vicem
750 3399 1014 3469 repende;
1046 3401 1155 3456 imo
1183 3403 1296 3473 ipsa
1340 3405 1391 3459 in
1428 3417 1479 3461 te
1502 3410 1729 3464 reverti-

179 3487 259 3533 tur.
293 3481 378 3538 Die
406 3484 559 3549 mihi,
599 3487 646 3541 si
674 3488 725 3541 in
747 3504 908 3559 grave
937 3493 1202 3561 negotium
1246 3494 1547 3564 incidimus,
1571 3514 1727 3569 quem

172 3584 258 3623 non
282 3577 596 3643 precamur?
620 3580 735 3633 etsi
761 3582 1065 3647 petitionem
1096 3585 1200 3639 cito
1228 3587 1595 3658 impetramus,
1625 3593 1727 3647 uti-

169 3678 252 3729 que
276 3668 619 3734 respiramus.
650 3672 778 3737 Quis
809 3674 901 3728 tibi
928 3674 1037 3739 det,
1068 3686 1125 3732 ut
1164 3678 1210 3733 is
1234 3680 1324 3749 qui
1356 3692 1590 3752 rogatur,
1628 3701 1722 3755 pa-

188 3764 289 3807 .zttts
307 3758 373 3811 sit
399 3758 464 3813 ad
494 3759 798 3816 habendum
823 3765 915 3819 tibi
943 3767 1186 3835 gratiam,
1213 3769 1355 3839 quod
1383 3774 1581 3841 rogas?
1602 3776 1724 3845 quis

166 3846 241 3895 ubi
266 3848 368 3912 det,
405 3861 463 3905 ut
498 3867 607 3906 non
648 3853 961 3921 Circumeas,
1003 3873 1252 3928 quaerens
1280 3876 1309 3914 a
1340 3878 1447 3932 quo
1485 3876 1718 3935 peteres,

160 3936 238 3988 sed
263 3952 497 4007 paratum
524 3944 783 4012 invenias,
817 3964 918 4003 nec
942 3949 1060 4005 aliis
1077 3966 1212 4020 opus
1233 3950 1450 4023 habeas,
1472 3971 1568 4025 per
1588 3973 1722 4027 quos

160 4032 329 4091 petas?
352 4032 491 4099 Quid
522 4034 625 4092 hoc
645 4038 815 4108 majus
841 4041 957 4096 est?
982 4040 1079 4097 Hic
1107 4043 1304 4114 quippe
1336 4055 1460 4102 tunc
1488 4050 1719 4107 maxime

157 4115 281 4182 frit.
312 4139 431 4181 cum
473 4128 751 4193 non.alios
789 4147 1073 4203 rogamus;
1125 4144 1186 4191 ut
1227 4136 1469 4195 sincerus
1515 4141 1719 4199 amicus

156 4219 263 4267 "me
300 4220 527 4276 maxime
568 4237 665 4277 nos
691 4223 955 4295 objurgat,
992 4228 1134 4297 quod
1165 4244 1271 4284 non
1312 4232 1431 4302 ejus
1466 4235 1717 4292 amicitiae

154 4298 377 4393 fidatnus,
406 4324 526 4365 cum
566 4311 702 4367 alios
738 4314 1052 4373 adhibemus
1081 4321 1170 4390 qui
1200 4298 1371 4391 ipsum
1404 4338 1709 4393 precentur.

149 4389 224 4446 Sic
251 4405 305 4449 et
331 4415 426 4455 nos
454 4403 675 4460 facimus
702 4406 765 4461 iis
812 4408 901 4478 qui
936 4424 1033 4465 nos
1062 4422 1252 4482 rogant
1282 4432 1295 4469 :
1329 4422 1453 4470 tunc
1481 4418 1711 4477 maxime

152 4482 200 4533 ὦ
234 4494 455 4555 gratiam
499 4498 772 4567 largimur,
818 4501 1031 4571 quando
1061 4519 1157 4573 per
1198 4506 1422 4575 seipsos,
1466 4525 1572 4563 non
1616 4525 1711 4579 per

150 4573 278 4639 alios,
309 4583 372 4636 ad
403 4601 498 4640 nos
526 4590 806 4647 accedunt.
848 4593 985 4659 Quid
1012 4610 1160 4666 ergo,
1203 4596 1430 4667 inquies,
1462 4601 1506 4654 si
1535 4601 1707 4657 offen-

148 4666 292 4722 t'en'm
316 4674 338 4725 ?
366 4675 647 4735 Offendere
674 4681 858 4738 desine
888 4693 942 4739 et
970 4685 1238 4758 lacrymas
1267 4666 1464 4756 funde;
1495 4692 1574 4747 sic
1610 4708 1703 4749 ac-

144 4758 254 4813 (εὼε
296 4775 347 4819 et
371 4769 478 4824 cito
522 4770 573 4825 in
602 4773 790 4843 primis
828 4775 977 4831 illum
1005 4777 1274 4848 placatum
1308 4779 1568 4839 invenies.
1609 4785 1703 4841 Dic

141 4940 599 5018 ιέ-εεςιξβιιόβτφ
623 4948 817 5000 videtur
838 4950 1087 5005 Diodorus
1120 4956 1305 5008 Siculus
1334 4957 1369 5007 l.
1399 4960 1607 5018 16,cum
1631 4964 1702 5014 ait

142 5006 235 5083 3?
265 5003 554 5077 {Dionysio
576 5015 785 5083 tyranno
810 5003 1191 5083 venundatum—ti
1202 5003 1481 5083 discipulis,
1498 5003 1695 5075 {i1

138 5064 239 5108 ιω
262 5064 494 5121 limis:
515 5064 677 5136 pre'tio
698 5064 1008 5139 redemptum
1029 5064 1202 5129 fuisse.

1129 254 1197 310 IN
1233 255 1413 312 ACTA
1440 260 1954 322 Al'OSTOLOllUM.
1995 270 2225 328 HOMIL.
2266 272 2525 336 XXXV".

3357 315 3458 372 269

1857 1660 1998 1756 sione
2021 1663 2191 1735 (Psaf.
2222 1671 2309 1727 94.
2338 1674 2415 1747 2),
2449 1682 2569 1747 quia
2594 1683 2761 1741 bonus
2784 1660 2836 1744 et
2862 1660 3096 1753 clemens
3122 1710 3220 1756 est.

1928 1751 2174 1814 lnvocare
2199 1762 2253 1816 iu
2279 1768 2483 1824 veritate
2504 1774 2641 1841 quid.
2661 1807 2731 1817 —
2747 1779 2802 1834 Si
2826 1797 2953 1838 vero
2975 1802 3079 1842 non
3102 1790 3434 1854 invocaveris

1856 1844 1909 1899 in
1937 1850 2177 1919 veritate,
2224 1872 2324 1913 nec
2353 1877 2418 1915 ex
2455 1867 2615 1921 corde
2658 1869 2839 1929 dicere
2876 1878 3025 1945 velis,
3069 1882 3306 1955 Dimitte,
3339 1892 3435 1947 sed

1854 1951 1921 2040 ex
1958 1955 2053 1996 ore
2086 1952 2311 2015 tantum,
2354 1954 2477 2022 quid
2511 1957 2623 2027 ipse
2663 1962 2855 2021 faciet?
2883 1967 3019 2036 Quid
3050 1985 3152 2041 est,
3187 1951 3434 2040 invocare

1853 2028 1905 2082 in
1932 2033 2346 2095 veritate?Cum
2376 2044 2758 2118 alacritate-ex
2790 2059 2968 2114 animo
2996 2064 3208 2122 sincero
3232 2087 3245 2135 ;
3281 2082 3337 2126 nt
3364 2075 3431 2131 de

1852 2126 2132 2220 unguentis
2171 2128 2382 2197 dicitur,
2434 2135 2710 2197 Sincerum
2752 2156 2853 2215 est,
2899 2150 3029 2207 nihil
3070 2156 3424 2220 adulterinum

1852 2210 2010 2267 habet
2042 2233 2055 2269 :
2083 2217 2161 2272 sic
2189 2230 2243 2274 et
2271 2221 2396 2278 illic.
2428 2226 2526 2295 Qui
2562 2246 2685 2288 vere
2715 2210 2886 2305 ipsum
2918 2241 3130 2301 invocat
3160 2259 3213 2305 et
3244 2269 3428 2322 preca-

1852 2308 1955 2369 tur,
1989 2321 2296 2374 perseverat
2319 2330 2552 2389 semper,
2584 2339 2682 2379 nec
2706 2327 2925 2398 desinit,
2952 2333 3123 2393 donec
3152 2308 3377 2414 accipiat
3411 2366 3424 2403 :

1847 2395 1937 2463 qui
1965 2411 2093 2455 vero
2121 2404 2481 2471 perfunctorie
2526 2417 2654 2484 agit,
2701 2419 2825 2477 licet
2854 2425 2931 2480 sic
2970 2427 3139 2500 legem
3188 2395 3424 2509 impleat,

1853 2501 1957 2542 non
1986 2490 2196 2548 invocat
2238 2498 2290 2552 in
2320 2503 2561 2561 veritate.
2598 2510 2846 2583 Quisquis
2888 2519 2981 2586 sis,
3025 2539 3093 2578 ne
3134 2490 3287 2583 dicasr
3313 2490 3427 2587 tan:

1846 2585 1979 2647 tum,
2014 2582 2268 2643 Peccator
2291 2605 2431 2656 sum,
2472 2598 2565 2652 sed
2603 2617 2750 2669 cura,
2802 2617 2857 2661 ut
2896 2610 2964 2665 ab
3010 2612 3109 2671 hac
3152 2620 3425 2677 existima-

1845 2671 1987 2771 tione
2019 2684 2069 2730 te
2108 2677 2303 2738 liberes
2334 2704 2347 2739 ;
2375 2701 2442 2741 ne
2484 2688 2631 2746 dicas
2661 2703 2885 2765 tantum,
2924 2704 3019 2758 sed
3046 2716 3099 2761 et
3128 2708 3331 2768 doleas.
3365 2715 3421 2771 Si

1841 2760 2012 2830 doles,
2040 2783 2255 2838 operam
2285 2776 2547 2847 adhibes;
2578 2785 2623 2838 si
2654 2802 2758 2841 non
2792 2805 3009 2859 operam
3040 2798 3281 2868 adhibes,
3311 2822 3417 2861 non

1840 2854 2026 2924 doles;
2073 2861 2117 2915 si
2163 2878 2268 2920 non
2299 2866 2470 2938 doles,
2502 2873 2714 2931 irrides.
2758 2879 2888 2947 Quis
2924 2886 3127 2952 dicens,
3171 2891 3417 2964 Egroto,

1839 2962 1944 3003 non
1971 2954 2148 3009 omnia
2174 2960 2300 3029 agit,
2330 2972 2390 3016 ut
2431 2970 2689 3024 sanetur?
2713 2972 2959 3044 Magnum
2992 2983 3153 3039 telum
3181 2954 3272 3043 est
3291 2954 3415 3048 ora;

1840 3039 1933 3095 tio.
1964 3042 2026 3099 Si
2050 3062 2155 3115 vos,
2188 3050 2380 3122 inqttit,
2413 3060 2569 3115 nostis
2599 3063 2727 3119 bona
2761 3068 2881 3123 data
2907 3072 3030 3128 dare
3056 3077 3179 3145 [iliis
3218 3086 3413 3152 vestris,

1835 3146 2023 3237 quanto
2054 3156 2213 3213 magis
2251 3143 2407 3201 Pater
2429 3161 2585 3208 vester
2607 3155 2756 3226 (Luc.
2784 3161 2870 3216 ll.
2908 3166 2995 3237 l3)
3019 3143 3176 3226 ?-Cur
3201 3191 3304 3231 non
3336 3143 3414 3235 vis

1833 3228 2135 3286 accedere?
2180 3234 2256 3291 Te
2302 3252 2465 3307 amat,
2514 3246 2629 3313 plus
2677 3262 2853 3319 potest
2894 3273 3051 3327 quam
3097 3280 3285 3323 omnes
3318 3288 3330 3323 :
3361 3283 3415 3327 et

1833 3320 1947 3375 vult
1978 3332 2042 3425 et
2089 3333 2300 3397 potest;
2334 3335 2457 3402 quid
2490 3337 2753 3410 impedit?
2778 3320 2937 3403 Nihil.
2985 3351 3126 3425 Ergo
3154 3320 3281 3415 cum
3308 3320 3411 3420 fide

1832 3413 2147 3513 accedamus
2177 3436 2190 3473 :
2220 3426 2537 3484 accedamus
2583 3434 2721 3490 dona
2778 3439 3063 3501 offerentes
3111 3465 3228 3519 qua:
3256 3458 3369 3510 vult
3394 3500 3410 3525 ,

1831 3500 2143 3572 injuriarum
2196 3512 2541 3586 oblivionem,
2583 3521 2986 3602 benignitatem,
3042 3500 3409 3602 mairsuetudi:

1831 3607 1974 3648 nem.
2002 3598 2113 3653 Etsi
2144 3616 2392 3672 peccator
2419 3612 2513 3676 sis,
2540 3628 2659 3669 cum
2687 3618 2877 3677 fiducia
2903 3625 2969 3680 ab
2997 3626 3114 3698 ipso
3136 3637 3409 3692 remissio-

1829 3702 1950 3742 nem
1977 3702 2314 3758 peccatorum
2344 3713 2513 3770 petes,
2537 3708 2581 3762 si
2613 3712 2783 3777 possis
2808 3720 3092 3778 ostendere
3110 3724 3209 3781 hoc
3232 3730 3402 3799 ipsum

1826 3796 1856 3833 a
1888 3790 1939 3835 te
1967 3782 2161 3840 factum
2188 3804 2306 3845 esse
2340 3810 2351 3845 :
2382 3796 2424 3848 si
2456 3812 2583 3853 vero
2604 3803 2778 3869 justus
2822 3810 2918 3876 sis,
2963 3830 3061 3870 nec
3088 3782 3398 3889 injuriarum

1826 3873 2150 3945 oblivionem
2178 3880 2394 3950 habeas,
2426 3890 2555 3945 nihil
2578 3894 2671 3948 tibi
2696 3873 2933 3966 prodest.
2961 3905 3075 3963 Non
3111 3873 3400 3987 potest-qui

1825 3968 2068 4034 proximo
2093 3970 2312 4040 dimisit,
2344 3994 2450 4033 non
2482 3983 2690 4051 plenam
2715 3992 2923 4048 veniam
2955 3968 3211 4072 consequi
3239 4022 3253 4059 :
3283 3968 3400 4064 sine

1823 4060 1928 4113 ulla
1956 4063 2098 4118 enim
2137 4072 2536 4138 comparatione
2575 4077 2889 4138 clementior
2918 4089 3074 4144 nobis
3101 4060 3184 4149 est
3214 4096 3353 4153 Deus
3383 4120 3396 4154 :

1822 4151 1923 4209 hoc
1950 4157 2115 4213 cuivis
2150 4162 2325 4230 palam
2355 4177 2457 4221 est.
2484 4169 2620 4235 Quid
2665 4173 2836 4231 dicis?
2863 4177 2916 4234 Si
2947 4181 3166 4254 dixeris,

1818 4247 1911 4315 fni,
1943 4251 2076 4306 iram
2106 4252 2309 4323 domui,
2354 4256 2549 4317 furoris
2591 4265 2695 4320 vim
2729 4271 2923 4337 pertuli
2952 4247 3168 4346 propter
3197 4247 3399 4351 praeces

1819 4350 1968 4408 ptum
1995 4350 2163 4411 tuum,
2196 4361 2371 4404 annon
2421 4360 2475 4406 et
2522 4355 2634 4424 ipse
2676 4357 2948 4418 dimittet?
2977 4350 3209 4426 Omnino
3250 4386 3397 4432 certe

1815 4430 2065 4489 dimittet.
2096 4435 2274 4508 Itaque
2293 4442 2523 4499 animam
2545 4462 2827 4519 purgemus
2848 4456 2915 4509 ab
2942 4458 3252 4529 injuriarum
3276 4484 3386 4525 tne-

1813 4526 2003 4581 moria.
2032 4528 2237 4587 Sufficit
2268 4532 2370 4589 hoc
2398 4536 2571 4603 nobis,
2604 4552 2660 4595 ut
2685 4547 3050 4620 exaudiamur,
3077 4570 3139 4610 ac
3166 4558 3393 4629 vigilan-

1812 4627 1895 4673 ter
1925 4630 1979 4675 et
2006 4637 2125 4677 cum
2154 4632 2549 4694 perseverantia
2576 4650 2875 4706 precemur,
2924 4654 2979 4699 ut
3019 4627 3238 4719 copiose
3267 4657 3384 4726 ejus

1811 4712 2094 4769 clementia
2122 4716 2379 4788 fruentes,
2413 4727 2671 4791 promissa
2698 4744 3047 4802 assequamur
3074 4740 3208 4797 bona
3237 4788 3250 4811 ,
3274 4712 3394 4816 gra-

1809 4804 1877 4857 tia
1909 4814 1962 4860 et
2005 4807 2332 4880 benignitate
2375 4814 2581 4872 Domini
2631 4824 2799 4877 nostri
2840 4825 2963 4881 Jesu
3004 4804 3392 4907 Christi,'qni-

1807 4911 1927 4953 cum
1961 4898 2102 4954 Patri
2133 4911 2187 4956 et
2226 4903 2444 4974 Spiritui
2491 4921 2696 4980 sancto,
2744 4915 2933 4984 gloria,
2982 4898 3389 4994 imperiutn,hoo

1803 5002 1942 5055 nor,
1977 5004 2117 5045 nunc
2170 5003 2225 5048 et
2278 5008 2509 5066 semper,
2575 5012 2628 5055 et
2686 5002 2739 5056 in
2797 5008 2989 5064 saecula
3044 5018 3385 5076 saeculorum.

1803 5082 1994 5135 Amen.

1358 5215 1703 5281 HOMILIA
1744 5219 2082 5283 XXXVII.

132 5316 240 5374 (υ.
268 5326 352 5381 l7.
384 5346 437 5383 v.
468 5332 521 5387 l.
545 5327 668 5388 Cum
694 5342 860 5389 autem
887 5337 1321 5405 perambulassent
1348 5341 1693 5413 Amphipolim

191 5426 230 5465 rt
252 5418 593 5489 Apolloniam,
622 5437 859 5480 venerunt
890 5426 1326 5494 Thessalonicam,
1359 5434 1445 5486 ubi
1473 5444 1581 5488 erat
1608 5452 1693 5506 sy-

190 5524 368 5581 Plguga
391 5511 714 5569 Judaorum.
742 5516 795 5571 2.
825 5518 1121 5574 Secundum
1149 5522 1564 5577 consuetudinem
1594 5542 1692 5580 au-

188 5606 269 5653 tat
302 5604 499 5661 Paulus
529 5609 749 5664 introivit
773 5613 842 5665 ad
871 5629 956 5667 eos
983 5630 1003 5667 :
1027 5624 1075 5669 et
1103 5634 1193 5684 per
1216 5617 1427 5671 sabbata
1455 5618 1553 5671 tria
1576 5619 1687 5674 dis-

194 5710 235 5743 κ
260 5696 363 5752 σόαι
389 5700 458 5755 eis
486 5701 551 5756 de
577 5701 882 5775 Scripturis,
916 5706 968 5762 3.
996 5708 1298 5785 adaperiens
1328 5719 1377 5765 et
1399 5710 1679 5783 insinuans,

1871 5346 1989 5415 quia
2017 5344 2271 5403 Christum
2299 5353 2519 5421 aportuit
2556 5357 2663 5425 pati
2696 5368 2744 5411 et
2784 5377 3046 5434 resurgere
3070 5385 3102 5420 α
3131 5375 3381 5442 mortuis;

1872 5449 1919 5493 et
1947 5441 2064 5508 quia
2104 5442 2185 5496 hic
2226 5454 2299 5497 est
2328 5445 2553 5503 Christus
2595 5448 2764 5519 Iesus,
2813 5472 2958 5526 quem
3000 5476 3090 5531 ego
3133 5441 3379 5522 annuntio

1866 5533 2023 5588 vobis.

1869 5624 1921 5677 1.
1954 5622 2159 5679 Rursus
2206 5641 2399 5696 parvas
2446 5641 2861 5701 prartercurrnnt
2903 5641 3165 5708 civitates,
3210 5653 3264 5698 et
3302 5643 3369 5698 ad

1793 5714 2025 5786 majores
2071 5716 2346 5793 festinant,
2375 5724 2514 5795 quod
2543 5725 2667 5782 inde
2693 5730 2843 5798 quasi
2874 5746 2941 5786 ex
2976 5731 3118 5786 fonte
3147 5732 3368 5787 verbum
