4036 6220
553 299 654 354 263

549 415 770 469 deberet
816 411 868 464 in
915 409 1116 464 vicinas
1164 406 1323 461 urbes
1352 421 1589 460 manare.
1630 405 1733 460 Pro
1767 418 1916 459 more
1949 412 2126 458 autem

549 520 647 559 suo
674 502 889 556 intravit
916 500 1107 553 Paulus
1137 497 1189 553 in
1222 511 1546 568 synagogam
1572 496 1904 552 Jud:eorum.
1927 495 2127 563 Quatu-

550 597 629 651 vis
654 596 882 659 dixerat,
928 592 1273 646 Convertimur
1305 592 1372 644 ad
1400 599 1568 659 gentes
1594 589 1731 659 (Aet.
1763 589 1848 644 15.
1878 586 1991 660 46),
2022 603 2125 643 non

548 687 885 757 relinquebat
916 686 1073 748 illos;
1106 684 1198 738 sed
1228 697 1422 751 magno
1461 682 1581 736 illos
1624 681 1800 735 studio
1836 695 2128 751 proseque-

547 780 724 835 batur.
758 779 891 833 Audi
923 778 1065 832 enim
1098 776 1247 830 illum
1289 776 1551 830 dicentem
1578 790 1592 828 :
1624 773 1853 840 Fratres,
1891 772 2128 842 benepla-

549 873 705 925 citum
741 870 908 925 cordis
947 870 1064 935 mei,
1096 879 1143 923 et
1184 869 1403 939 precatio
1445 867 1512 920 ad
1543 866 1707 921 Deum
1736 882 1828 937 pro
1868 865 2034 921 Israel
2055 875 2127 920 est

549 965 618 1018 ad
642 964 856 1018 salutem
891 964 1064 1032 (Rom.
1090 961 1287 1033 10.1);
1312 972 1385 1027 et,
1410 961 1677 1031 Cupiebam
1715 961 1982 1015 anathema
2022 977 2128 1015 esse

547 1074 580 1109 α
609 1055 808 1111 Christo
840 1071 932 1126 pro
960 1055 1198 1123 fratribus
1232 1053 1354 1107 meis
1384 1052 1547 1119 (Ibid.
1589 1053 1642 1108 9.
1676 1050 1755 1122 5).
1794 1052 1907 1106 lloc
1945 1058 2124 1105 autem

552 1148 777 1205 faciebat
802 1158 1017 1217 propter
1045 1144 1451 1214 promissionem
1494 1144 1584 1199 Dei
1612 1152 1666 1199 et
1707 1142 1951 1214 gloriam,
1980 1151 2035 1196 et
2059 1156 2126 1196 ne

551 1244 653 1296 boc
681 1240 1052 1295 olfendiculum
1084 1247 1226 1293 esset
1252 1238 1520 1308 gentibus.
1560 1234 1624 1290 Et
1655 1254 1745 1306 per
1783 1235 1992 1290 sabbata
2028 1235 2127 1289 tria

548 1332 820 1387 disserebat
864 1331 934 1385 eis
973 1330 1035 1384 de
1075 1328 1373 1399 Scripturis,
1420 1328 1717 1396 adaperiens
1759 1336 1805 1381 et
1841 1327 2121 1393 insinuans,

545 1426 665 1496 quia
692 1424 946 1479 Christum
974 1422 1196 1490 oportuit
1226 1421 1331 1492 pati
1367 1430 1413 1474 et
1452 1436 1709 1489 resurgere
1745 1436 1777 1472 a
1804 1420 2051 1482 mortuis;
2080 1431 2125 1471 et

544 1518 664 1588 quia
691 1516 771 1569 hic
793 1512 946 1569 Iesus
974 1514 1224 1579 Christus,
1252 1529 1400 1582 quem
1438 1528 1529 1582 ego
1557 1511 1803 1565 annuntio
1831 1510 1989 1565 vobis.
2035 1509 2125 1564 Vi-

543 1608 640 1663 des
666 1607 812 1663 ilium
842 1615 967 1660 ante
1004 1603 1186 1659 omnia
1215 1603 1515 1673 passionem
1562 1601 1892 1673 praedicare?
1932 1600 2022 1658 Sic
2049 1601 2124 1657 illi

546 1715 652 1755 non
679 1696 1089 1763 erubescebant,
1118 1695 1210 1751 sed
1239 1694 1479 1750 sciebant
1507 1692 1610 1747 hoc
1638 1692 1872 1748 salutare
1896 1707 2033 1747 esse.
2065 1692 2121 1746 4.

543 1791 614 1847 Et
643 1792 849 1859 quidam
873 1807 936 1845 ex
960 1789 1031 1844 eis
1056 1788 1398 1852 crediderunt,
1420 1796 1465 1841 et
1490 1785 1713 1856 adjuncti
1742 1794 1859 1839 sunt
1887 1785 2050 1839 Paulo
2077 1794 2124 1839 et

542 1885 691 1952 Silia,
724 1892 772 1938 et
811 1884 873 1937 de
914 1882 1189 1936 colentibus
1231 1879 1498 1951 gentilibus
1539 1878 1807 1932 multitudo
1842 1894 2046 1949 magna,
2075 1886 2123 1932 et

540 1978 772 2031 mulieres
800 1974 988 2029 nobiles
1008 1990 1107 2028 non
1130 1987 1325 2043 paucat.
1355 1972 1625 2026 Summam
1647 1969 1780 2025 dixit
1806 1969 2080 2025 conciouis
2104 1987 2118 2025 :

539 2069 611 2123 ita
653 2066 860 2121 alienus
883 2073 967 2121 est
991 2079 1021 2119 a
1058 2062 1440 2133 superfluitate,
1486 2075 1583 2115 nec
1618 2061 1810 2130 ubique
1840 2060 2122 2115 conciones

539 2168 677 2213 tutas
705 2156 913 2212 recitat.
956 2156 1009 2211 5.
1054 2154 1287 2209 Zelantes
1326 2164 1494 2207 autem
1534 2151 1706 2206 Judaei
1744 2151 2010 2216 increduli,
2040 2168 2123 2205 as-

537 2258 882 2320 sumentesque
902 2248 964 2302 de
984 2247 1131 2316 vulgo
1161 2248 1295 2301 viros
1316 2246 1563 2317 quosdam
1587 2242 1767 2309 malos,
1798 2253 1843 2298 et
1870 2243 2015 2297 turba
2035 2248 2120 2315 fa-

536 2352 617 2396 cta
644 2341 1014 2395 concitaverunt
1042 2339 1325 2402 civitatem;
1354 2346 1400 2390 et
1428 2336 1716 2390 invadentes
1742 2334 1946 2388 dontum
1965 2332 2121 2388 Iaso-

536 2433 635 2495 nis,
663 2431 952 2502 qua'rebant
980 2446 1064 2483 eos
1106 2428 1382 2500 producere
1417 2428 1470 2481 in
1521 2426 1796 2497 populum;
1825 2427 1878 2481 6.
1917 2437 1963 2480 et
2005 2443 2119 2481 cum

536 2539 637 2577 non
666 2522 967 2575 invenissent
993 2537 1097 2585 eos,
1123 2527 1383 2572 traxerunt
1406 2516 1647 2571 Iasonem
1673 2528 1718 2571 et
1746 2518 1991 2588 quosdam
2012 2521 2120 2590 fra-

535 2627 636 2670 tres
660 2615 728 2668 ad
756 2614 1008 2685 principes
1025 2613 1262 2679 civitatis,
1283 2611 1556 2665 clamantes
1578 2627 1597 2665 :
1618 2610 1690 2665 Hi
1709 2621 1824 2665 sunt
1846 2612 1929 2681 qui
1948 2614 2118 2667 urbem

534 2708 805 2773 concitant,
834 2715 880 2760 et
904 2706 1001 2759 huc
1022 2714 1277 2768 venerunt,
1306 2704 1357 2761 7.
1386 2721 1508 2774 quos
1532 2706 1749 2774 suscepit
1772 2704 1933 2761 Iason
1954 2724 1975 2773 ;
1995 2716 2040 2762 et
2065 2707 2118 2760 hi

535 2816 705 2854 omnes
751 2809 925 2853 contra
971 2797 1170 2851 decreta
1216 2794 1429 2850 Cwsaris
1475 2796 1688 2866 faciunt,
1739 2814 1905 2869 regem
1956 2799 2117 2854 alium

535 2893 755 2946 dicentes
781 2907 886 2945 esse
908 2886 1104 2943 Iesum.
1133 2887 1177 2943 Ο
1210 2888 1601 2943 accusationem
1625 2889 1637 2941 l
1671 2887 1875 2944 Rursus
1906 2890 2117 2945 violata:

536 2981 825 3053 maiestatis
845 2987 1099 3035 accusant
1121 2993 1236 3043 eos,
1255 2976 1510 3044 Dicentes,
1541 2978 1806 3048 inquiunt,
1834 2995 1940 3034 esse
1958 2980 2116 3034 alium

535 3089 698 3143 regem
724 3070 925 3125 Iesum.
958 3068 1013 3123 8.
1054 3067 1438 3123 Concitaverunt
1472 3078 1639 3121 autem
1669 3068 1863 3138 plebem
1899 3078 1947 3123 et
1975 3072 2115 3139 prino

534 3168 668 3235 cipes
691 3164 905 3217 civitatis
924 3160 1185 3214 audientes
1214 3160 1339 3214 lucc.
1368 3159 1423 3213 9.
1451 3158 1516 3212 lt't
1545 3169 1750 3230 accepta
1775 3160 2117 3228 satisfactione

535 3274 563 3309 a
587 3256 779 3308 Iasone
806 3263 852 3307 et
877 3269 910 3305 a
934 3252 1149 3317 caeteris,
1177 3250 1474 3304 dimiserunt
1504 3265 1605 3305 eos.
1636 3250 1997 3306 Admirandus
2024 3253 2112 3308 ille

535 3348 612 3401 vir
640 3356 775 3408 erat,
824 3344 915 3415 qui
958 3341 1191 3412 pericula
1239 3340 1436 3407 adibat,
1479 3351 1534 3396 et
1575 3343 1827 3398 emiserat
1861 3359 1975 3400 eos.
2022 3345 2111 3401 10.

534 3438 747 3492 Fratres
770 3450 886 3489 vero
926 3433 1190 3503 confestim
1216 3448 1306 3503 per
1345 3442 1539 3485 noctem
1564 3433 1860 3488 dimiserunt
1891 3433 2114 3491 Paulum

532 3539 579 3583 et
607 3528 772 3582 Silam
797 3526 851 3580 in
874 3523 1124 3579 Beroeam.
1157 3522 1258 3591 Qui
1285 3539 1399 3576 cum
1431 3524 1697 3589 venissent,
1726 3526 1779 3579 in
1804 3544 2114 3599 synagogam

529 3620 828 3674 Iudteorum
869 3616 1187 3669 introierant.
1220 3614 1307 3669 11.
1356 3613 1426 3668 lli
1455 3624 1622 3669 autem
1659 3627 1802 3671 erant
1844 3619 2114 3676 nobiliores

530 3726 725 3773 eorum,
756 3707 842 3779 qui
866 3715 981 3761 sunt
1005 3703 1392 3773 Thessalonica,
1436 3708 1523 3778 qui
1563 3721 1886 3779 susceperunt
1911 3711 2114 3767 verbum

532 3819 645 3855 cum
676 3800 812 3855 omni
840 3799 1098 3864 aviditate,
1144 3797 1368 3871 quotidie
1408 3808 1689 3854 scrutantes
1720 3801 2037 3873 Scripturas,
2069 3805 2114 3858 si

531 3896 639 3947 liae
664 3892 736 3945 ita
775 3907 831 3945 se
863 3889 1122 3945 haberent.
1162 3887 1469 3955 Nobiliores,
1502 3889 1694 3959 inquit,
1733 3892 1785 3947 id
1828 3903 1929 3960 est,
1962 3910 2115 3949 man-

529 3985 811 4041 suetiores.
857 3983 923 4037 Et
968 3982 1109 4049 vide,
1153 3998 1260 4038 non
1305 3982 1684 4053 perfunctorie,
1729 3984 1827 4040 sed
1869 3996 2112 4043 accurate

529 4080 901 4133 scrutabantur
949 4076 1249 4147 Scriptores
1298 4077 1385 4145 (id
1433 4077 1576 4132 enim
1628 4078 1891 4148 significat
1938 4080 2107 4149 illud,

529 4165 797 4243 datam-2w)
821 4188 836 4236 ;
865 4170 1110 4235 volebant
1134 4170 1330 4240 quippe
1355 4184 1420 4223 ex
1449 4169 1577 4239 ipsis
1612 4171 1870 4226 certiores
1897 4172 2010 4227 fieri
2043 4174 2111 4230 de

533 4264 779 4333 paSsione
804 4278 818 4326 ;
845 4261 955 4330 jam
980 4262 1120 4316 enim
1152 4260 1509 4315 crediderant.
1536 4260 1623 4315 12.
1650 4260 1719 4316 Et
1748 4264 1894 4317 multi
1910 4266 2111 4333 quidem

530 4354 848 4408 crediderunt
876 4367 939 4404 ea:
978 4351 1069 4415 eis,
1098 4360 1143 4404 et
1181 4352 1414 4404 mulieres
1441 4352 1650 4423 gentiles
1690 4354 1912 4411 honesta:
1935 4367 1980 4411 et
2018 4361 2110 4414 viri

530 4464 630 4501 non
662 4445 828 4515 pauci.
861 4442 929 4500 l3
974 4442 1102 4497 Cum
1120 4452 1284 4497 autem
1310 4448 1653 4514 cognovissent
1672 4447 1725 4501 in
1751 4446 2111 4508 Thessalonica

529 4537 723 4600 Iudwi,
751 4534 871 4604 quia
900 4542 945 4587 et
974 4531 1164 4587 Beroeaa
1192 4534 1524 4604 prwdicatum
1548 4546 1620 4590 est
1645 4555 1676 4590 a
1704 4537 1873 4594 Paulo
1908 4543 2109 4598 verbum

532 4630 651 4695 Dei,
684 4635 921 4682 venerunt
947 4635 993 4679 et
1030 4624 1152 4679 illuc
1177 4639 1540 4683 commoventes
1580 4631 1975 4691 multitudinem.
2017 4638 2105 4693 H.

535 4724 819 4792 Statimque
848 4729 966 4772 tunc
992 4715 1214 4771 Paulum
1255 4717 1554 4774 dimiserunt
1592 4726 1795 4793 fratres,
1837 4736 1891 4781 ut
1924 4730 2110 4785 veniret

530 4832 686 4886 usque
712 4814 779 4866 ad
807 4827 944 4865 mare
970 4826 988 4864 :
1018 4810 1157 4865 Silus
1179 4820 1343 4864 autem
1375 4820 1421 4865 et
1452 4810 1737 4871 Timotheus
1763 4835 2110 4880 remanserunt

528 4909 617 4963 ibi.
652 4906 783 4961 \‘ide
824 4903 975 4959 illum
1014 4910 1069 4958 et
1108 4902 1385 4959 cedentem
1415 4914 1469 4959 et
1508 4908 1811 4975 instantem,
1842 4914 2109 4986 multaque

532 5000 946 5070 bumanogtnnre
990 4992 1292 5049 facientem.
1337 4995 1423 5050 15.
1455 4995 1553 5063 Qui
1596 5009 1760 5054 autem
1800 5001 2110 5061 deducebant

532 5089 777 5155 Paulum,
817 5087 1161 5158 perduxerunt
1184 5102 1297 5139 eum
1338 5104 1494 5154 usque
1532 5090 1791 5158 Athenas;
1829 5103 1877 5148 et
1904 5112 2108 5167 accepto

533 5184 777 5239 mandato
804 5183 864 5235 ab
894 5198 950 5236 eo
976 5180 1045 5234 ad
1080 5179 1247 5236 Silam
1275 5188 1322 5235 et
1355 5179 1693 5250 Timotheum,
1727 5195 1780 5239 ut
1806 5202 1958 5257 quam
1982 5190 2111 5244 cele-

530 5281 654 5333 riter
678 5278 919 5342 venirent,
945 5276 1156 5346 profecti
1184 5284 1319 5329 sunt.
1353 5276 1461 5332 Sed
1486 5278 1759 5346 superiora
1786 5290 2107 5352 repetamus.

536 5368 639 5424 Per
677 5366 884 5421 sabbata
927 5367 1046 5432 tria,
1086 5367 1274 5437 inquit,
1320 5367 1612 5438 loquebatur
1648 5370 1740 5434 eis,
1784 5374 2016 5442 aperiens
2050 5391 2114 5429 ea:

532 5457 831 5530 Scripturis.
856 5457 1038 5522 Recte,
1063 5457 1276 5527 quando
1299 5460 1572 5516 vacabant.
1598 5462 1687 5517 Sic
1701 5462 1947 5520 Christus
1970 5481 2113 5522 scm-

536 5569 631 5626 per
654 5551 901 5614 faciebat,
934 5565 964 5604 a
989 5550 1277 5621 Scripturis
1305 5553 1496 5623 ubiqttc
1522 5554 1812 5618 disserens.
1846 5575 1944 5615 nec
1972 5575 2114 5617 sem-

535 5662 626 5719 per
650 5648 803 5716 sigua
833 5642 1053 5698 faciens.
1083 5642 1217 5710 Quia
1241 5644 1382 5697 enim
1419 5645 1473 5699 in
1514 5645 1616 5701 hoc
1644 5650 1897 5705 contrarii
1936 5662 2107 5718 erant,

531 5747 585 5795 et
613 5735 763 5804 quasi
782 5732 1123 5807 deceptorem
1149 5743 1203 5790 et
1228 5733 1667 5806 praistigiatorem
1696 5739 1866 5810 ipsum
1902 5742 2106 5799 calum~

1225 290 1282 348 S.
1322 287 1597 347 JOANNIS
1632 286 2109 346 CHRYSOSTOMI
2146 283 2461 345 ARCHIEP.
2503 278 3032 347 CONSTANTINOP.

3706 291 3824 347 9.64

2233 402 2536 471 niabantur,
2579 405 2699 460 ideo
2739 406 2851 475 ipse
2888 423 2918 461 a
2955 402 3241 478 Scripturis
3277 407 3512 462 disserit.
3552 405 3688 460 Nam
3723 410 3822 477 qui

2231 508 2328 563 per
2354 496 2469 549 sola
2515 496 2665 566 signa
2717 497 3038 566 persuadere
3078 507 3322 561 conatur,
3360 498 3483 568 jure
3527 509 3824 568 suspectus

2230 592 2315 638 est
2342 601 2356 639 :
2388 586 2476 654 qui
2505 601 2633 641 vero
2659 601 2739 642 ex
2764 586 3054 657 Scripturis
3083 589 3382 658 persuadet,
3412 604 3532 644 non
3575 591 3726 645 venit
3762 590 3821 644 in

2232 676 2376 732 illam
2407 678 2787 748 suSpicionem.
2814 681 2883 735 Et
2920 696 3063 752 saepe
3089 682 3387 737 invenimus
3410 697 3533 737 eum
3564 682 3821 738 doctrina

2234 769 2588 838 persuadere;
2614 785 2842 841 cumque
2879 781 3056 827 autem
3084 772 3379 828 Antiochia:
3410 773 3652 839 doceret,
3684 787 3825 829 eon-

2229 870 2442 933 gregata
2482 872 2565 918 est
2591 862 2658 918 ad
2699 864 2845 919 illum
2883 862 3072 921 civitas
3103 884 3116 920 :
3143 866 3217 921 ita
3252 881 3503 937 magnum
3541 865 3818 935 quoddam

2231 953 2333 1010 hoc
2359 964 2461 1021 est,
2487 970 2588 1011 nec
2620 958 2827 1027 signum
2870 959 3066 1023 minus,
3095 958 3189 1013 sed
3232 972 3363 1013 sane
3396 959 3710 1013 maximum.
3749 959 3822 1013 Et

2230 1062 2297 1102 ne
2323 1057 2569 1118 putarent
2603 1064 2661 1105 se
2699 1060 2866 1106 totum
2905 1067 3083 1123 posse,
3123 1052 3381 1123 permittit
3415 1053 3555 1109 Deus
3598 1064 3655 1108 ut
3693 1054 3816 1125 pel-

2231 1136 2426 1191 lantur.
2462 1138 2576 1193 Duo
2601 1140 2743 1195 enim
2775 1141 2897 1195 binc
2930 1141 3313 1211 proveniebant
3340 1159 3355 1196 :
3388 1158 3493 1198 non
3521 1143 3688 1198 altum
3722 1159 3820 1198 sa-

2229 1228 2447 1299 piebant
2468 1231 2618 1300 quasi
2647 1230 2746 1301 ipsi
2776 1243 3133 1303 superassent,
3175 1249 3349 1305 neque
3385 1235 3730 1290 terrebantur
3761 1245 3820 1292 ut

2229 1323 2344 1389 rei;
2385 1322 2454 1377 ita
2489 1337 2554 1377 ex
2584 1325 2880 1379 oeconomia
2920 1334 3054 1389 erat,
3082 1326 3221 1396 quod
3252 1336 3592 1381 vocarentur.
3630 1326 3821 1382 Colen-

2229 1414 2354 1468 tium
2383 1414 2663 1484 gentilium,
2697 1415 2886 1485 inquit,
2915 1416 3201 1484 multitudo,
3229 1427 3274 1471 et
3311 1435 3374 1471 ex
3405 1419 3675 1489 gentilibus
3724 1420 3820 1472 ho-

2228 1505 2380 1559 nestis
2404 1504 2691 1559 mulieribus
2716 1517 2763 1560 et
2791 1523 2854 1561 ea:
2884 1508 3003 1562 viris
3031 1524 3133 1562 non
3163 1510 3316 1578 pauci
3350 1510 3694 1564 crediderunt.
3731 1510 3816 1565 Illi

2227 1613 2354 1653 vero
2384 1607 2589 1653 contra.
2631 1597 2912 1666 Quomodo
2960 1610 3137 1654 autem
3181 1600 3271 1670 qui
3318 1600 3469 1666 dicit,
3516 1601 3584 1654 Ut
3623 1618 3719 1655 nos
3747 1604 3816 1656 ad

2226 1701 2415 1763 gentes,
2455 1692 2535 1745 illi
2562 1702 2729 1746 autem
2750 1692 2821 1745 ad
2848 1693 3277 1748 circumcisionem
3313 1693 3457 1759 (Gal.
3498 1694 3553 1747 9..
3582 1694 3662 1764 9),
3687 1711 3813 1750 cum

2226 1782 2424 1838 ludatis
2466 1783 2807 1839 disserebat?
2835 1784 2947 1839 Hoc
2983 1800 3051 1840 ex
3078 1785 3367 1840 abundanti
3405 1786 3653 1841 faciebat.
3704 1787 3815 1843 Sed

2225 1876 2270 1929 si
2298 1874 2497 1930 Iudaeis
2532 1876 2798 1931 disserere
2831 1877 3131 1946 oportebat,
3160 1877 3428 1947 quomodo
3465 1894 3681 1933 rursum
3732 1878 3815 1934 di-

2225 1965 2380 2022 cebat
2410 1985 2423 2021 :
2459 1967 2559 2034 Qui
2588 1968 2721 2021 enim
2758 1980 2994 2037 operatus
3029 1979 3103 2023 est
3142 1969 3222 2023 illi
3254 1969 3307 2023 in
3345 1970 3808 2039 circumcisionem,

2225 2069 2460 2130 operatus
2480 2070 2552 2114 est
2573 2060 2697 2113 mihi
2722 2060 2851 2114 inter
2870 2069 3039 2131 gentes
3065 2060 3226 2129 (Ibid.
3258 2077 3307 2116 v.
3341 2062 3399 2131 8)
3421 2063 3445 2116 ‘l
3470 2064 3626 2118 Sicut
3644 2065 3809 2120 etiam

2226 2151 2301 2206 illi
2344 2152 2594 2222 gentibus
2642 2153 3017 2223 loquebantur,
3066 2154 3187 2209 licet
3227 2154 3294 2208 ad
3340 2155 3805 2212 circumcisionem

2225 2244 2487 2315 segregati
2523 2262 2538 2299 :
2570 2243 2643 2299 ita
2679 2253 2733 2300 ct
2764 2245 2850 2301 bic
2894 2247 3089 2316 stepius
3133 2262 3253 2302 cum
3299 2249 3546 2317 gentibus
3593 2250 3804 2319 agebat,

2225 2352 2326 2392 nec
2351 2346 2528 2393 tamen
2557 2338 2771 2393 Iudaeos
2808 2338 3128 2410 negligebat,
3173 2349 3233 2394 ut
3263 2355 3331 2396 ne
3374 2341 3690 2397 viderentur
3727 2342 3807 2398 di—

2222 2428 2321 2484 visi
2350 2443 2489 2485 esse.

2291 2523 2346 2577 2.
2388 2522 2492 2578 Cur
2545 2522 2741 2578 Paulus
2776 2525 2831 2579 in
2871 2540 3155 2599 synagogas
3204 2525 3526 2581 intraret.—-
3550 2525 3618 2582 Et
3664 2542 3807 2598 quo-

2225 2615 2405 2683 modo,
2430 2616 2661 2685 inquies,
2689 2618 2837 2687 prius
2859 2618 2911 2673 in
2933 2632 3229 2690 synagogas
3251 2621 3479 2676 intrabat
3500 2623 3523 2674 ?
3543 2622 3647 2677 Sed
3668 2637 3805 2692 gen-

2223 2707 2403 2763 tilibus
2430 2708 2784 2778 persuadebat
2810 2725 2903 2780 per
2925 2710 3159 2779 Iudaeos,
3190 2721 3245 2767 et
3267 2728 3333 2768 ex
3362 2714 3425 2768 iis
3451 2730 3569 2783 quae
3595 2715 3802 2771 Iudaeis

2221 2799 2453 2855 dicebat.
2484 2800 2698 2856 Sciebat
2720 2801 2862 2856 enim
2890 2800 2993 2857 hoc
3021 2803 3307 2872 gentilibus
3342 2804 3408 2859 ad
3438 2805 3595 2861 fidem
3626 2807 3804 2863 addu-

2220 2892 2406 2948 cendis
2436 2892 2688 2947 idoneum
2718 2907 2858 2948 esse.
2888 2892 3014 2947 ideo
3051 2894 3260 2951 dicebat
3285 2914 3300 2952 :
3322 2894 3387 2950 In
3421 2908 3668 2966 quantum
3709 2915 3803 2968 ego

2219 3001 2330 3038 sum
2356 2984 2576 3055 gentium
2619 2987 2881 3054 apostolus
2919 2985 3092 3057 (Rom.
3142 2988 3229 3041 H.
3278 2988 3387 3059 15).
3438 2989 3803 3060 Epistolznque

2218 3078 2337 3145 ejus
2362 3093 2550 3134 omnes
2577 3087 2763 3133 contra
2787 3078 3001 3134 Judteos
3025 3090 3295 3136 certamen
3329 3082 3641 3151 praeferunt.
3669 3084 3801 3151 Quia

2220 3170 2495 3236 Christum,
2541 3171 2733 3241 inquit,
2776 3172 3034 3242 oportebat
3071 3175 3199 3243 pati.
3247 3174 3304 3229 Si
3355 3176 3460 3245 pati
3495 3177 3795 3245 oportebat,

2218 3278 2347 3333 ergo
2370 3272 2426 3320 et
2463 3278 2770 3333 resurgere;
2818 3264 2921 3321 hoc
2964 3268 3106 3321 enim
3150 3268 3307 3339 longe
3352 3270 3647 3325 mirabilius
3684 3281 3788 3339 est,

2216 3368 2373 3423 quam
2413 3353 2564 3409 illud.
2611 3354 2667 3411 Si
2708 3355 2850 3410 enim
2876 3371 3020 3421 eum,
3050 3359 3137 3429 qui
3187 3360 3319 3415 nihil
3364 3361 3555 3430 injuste
3580 3374 3783 3433 egerat,

2218 3445 2374 3499 morti
2406 3445 2640 3513 tradidit,
2685 3449 2853 3502 multo
2898 3451 3067 3520 magis
3095 3454 3372 3508 suscitavit
3411 3454 3573 3508 illum.
3617 3454 3795 3509 ,Ιαάωὶ

2216 3545 2382 3589 autem
2420 3536 2688 3607 increduli,
2723 3543 2994 3611 assumptis
3025 3544 3306 3613 forensibus
3345 3547 3656 3617 quibusdam,
3689 3559 3799 3602 tur-

2217 3624 2398 3683 barunt
2424 3630 2694 3698 civitatem,
2729 3632 2915 3702 inquit.
2948 3634 3130 3704 Itaque
3157 3636 3334 3705 plures
3359 3648 3511 3693 erant
3545 3642 3795 3710 gentiles.

2218 3719 2287 3774 Et
2327 3731 2731 3790 assumpserunt
2770 3725 3062 3794 quosdam;
3116 3727 3237 3796 quia
3283 3744 3388 3783 non
3432 3744 3492 3786 se
3539 3733 3799 3802 putabant

2217 3813 2347 3867 satis
2371 3828 2492 3869 esse
2520 3812 2687 3868 Judaei
2713 3814 2778 3869 ad
2806 3814 3147 3884 seditionem,
3177 3828 3232 3874 et
3258 3822 3379 3891 quia
3419 3824 3795 3884 rationabilem

2215 3918 2428 3959 causam
2453 3920 2559 3960 non
2585 3905 2868 3961 habebant.
2896 3908 2972 3962 Ex
2994 3910 3219 3966 tumultu
3240 3927 3454 3982 semper
3478 3916 3593 3972 base
3615 3920 3799 3977 omnia

2216 3998 2516 4068 perﬁciunt,
2541 4008 2595 4053 et
2621 4001 2908 4069 assumptis
2937 4001 3193 4071 improbis
3220 4004 3543 4065 hominibus.
3572 4011 3694 4067 Non
3718 4016 3801 4069 in-

2215 4092 2370 4143 ventis
2398 4101 2562 4144 autem
2588 4089 2713 4158 illis,
2745 4091 2935 4162 inquit,
2967 4103 3226 4150 traxerunt
3249 4094 3509 4155 Iasonem.
3540 4101 3584 4157 0
3613 4090 3801 4175 tyran-

2215 4180 2429 4235 nidem!
2460 4181 2543 4236 Ab
2568 4182 2772 4238 aedibus
2797 4185 2914 4240 sine
2935 4199 3093 4241 causa
3121 4187 3242 4243 illos
3263 4191 3562 4248 trahebant.
3596 4194 3668 4250 Ili
3688 4214 3801 4252 ont—

2214 4289 2301 4327 nes
2317 4282 2490 4327 contra
2510 4274 2706 4329 decreta
2729 4275 2944 4332 Caesaris
2968 4280 3182 4349 faciunt,
3211 4298 3377 4353 regem
3398 4286 3555 4340 alium
3576 4288 3806 4347 dicentes

2213 4381 2320 4419 esse
2346 4364 2542 4420 Iesum.
2574 4365 2707 4434 Quia
2737 4367 2812 4422 illi
2854 4369 2983 4425 nihil
3019 4370 3249 4428 decretis
3291 4380 3615 4433 contrarium
3648 4380 3803 4439 dice-

2214 4458 2362 4524 bant,
2390 4473 2489 4514 nec
2513 4459 2781 4515 civitatem
2804 4463 3164 4530 concitabant,
3195 4466 3246 4521 in
3273 4467 3415 4523 aliud
3443 4470 3561 4526 illos
3587 4473 3799 4531 crimen

2214 4549 2434 4616 ducunt,
2479 4560 2534 4606 et
2571 4550 2713 4606 laesa:
2756 4554 3049 4623 maiestatis
3092 4557 3230 4613 falso
3256 4571 3526 4618 accusant.
3575 4565 3641 4618 Et
3667 4569 3799 4635 quid

2216 4642 2431 4707 timetis,
2466 4643 2727 4712 siquidem
2770 4655 3013 4701 mortuus
3040 4651 3165 4703 est?
3195 4649 3346 4719 Vide,
3375 4655 3646 4722 quomodo
3675 4674 3802 4726 per-

2214 4735 2560 4807 scqnutiones
2605 4736 2799 4807 ubique
2843 4739 3273 4810 praedicationem
3317 4758 3688 4814 promoveant.
3727 4750 3804 4804 Ili

2215 4837 2380 4880 autem
2405 4837 2548 4883 erant
2575 4828 2842 4884 nobiliores
2877 4847 3068 4898 eorum,
3099 4833 3187 4902 qui
3222 4843 3337 4888 sunt
3381 4835 3796 4909 Thessalonicae;

2214 4917 2267 4971 id
2297 4927 2395 4982 est,
2428 4919 2558 4973 nihil
2589 4920 2713 4973 mali
2744 4919 3027 4978 faciebant.
3058 4921 3163 4977 Sed
3185 4925 3274 4979 alii
3304 4926 3516 4996 quidem
3543 4931 3801 4988 credide-

2214 5017 2379 5073 runt;
2427 5008 2481 5063 hi
2526 5025 2656 5064 vero
2701 5012 3024 5067 contrarium
3072 5012 3274 5070 faciunt
3322 5018 3598 5075 turbantes
3651 5023 3801 5080 illos.

2217 5100 2374 5156 Multi
2402 5111 2569 5156 autem
2605 5120 2667 5158 ea:
2693 5105 2797 5158 illis
2822 5115 2870 5159 et
2904 5122 2968 5160 ea:
2992 5108 3261 5176 gentilibus
3299 5112 3597 5169 mulieribus
3626 5119 3802 5171 credi-

2216 5192 2421 5247 derunt.
2453 5192 2551 5248 llic
2587 5210 2772 5250 rursus
2813 5197 3040 5265 gentiles
3090 5200 3336 5257 credunt.
3387 5204 3467 5261 Tu
3505 5223 3637 5263 vero
3664 5212 3801 5266 mihi

2216 5284 2524 5341 consideres
2552 5286 2734 5353 velim,
2768 5286 2913 5356 ipsos
2940 5303 3037 5359 per
3060 5294 3415 5352 oeconomiam
3442 5297 3663 5369 fugisse,
3691 5316 3800 5358 non

2217 5394 2330 5449 pra:
2354 5387 2534 5435 metu:
2557 5380 2791 5451 alioquin
2816 5382 2958 5437 enim
2985 5383 3145 5439 tinem
3165 5384 3417 5444 fecissent
3447 5393 3797 5462 przedicandi,

2220 5484 2321 5525 nec
2341 5472 2506 5540 magis
2526 5471 2956 5529 exacerbassent.
2980 5474 3084 5530 Sed
3104 5476 3230 5533 hinc
3245 5478 3351 5535 duo
3368 5484 3689 5541 eveniebant
3709 5503 3725 5539 :
3746 5496 3804 5541 ct

2220 5561 2432 5617 illorum
2465 5562 2615 5618 furor
2649 5566 3103 5636 exstinguebatur,
3138 5580 3192 5625 et
3228 5571 3539 5641 praedicatio
3568 5591 3805 5649 angeba-

2220 5660 2327 5709 tur.
2357 5653 2630 5725 Condigne
2670 5664 2849 5712 autem
2892 5658 2958 5715 de
2998 5660 3209 5717 illorum
3242 5664 3473 5721 tumultu
3523 5666 3675 5733 dicit,
3706 5683 3804 5724 ve-

2150 5788 2155 5794 .
2194 5836 2197 5837 7
2225 5747 2372 5806 uisse
2400 5764 2494 5807 eos
2537 5750 2662 5809 illuc
2688 5752 2868 5812 turbas
2897 5756 3259 5829 concitantes;
3289 5757 3557 5820 infrenem
3585 5763 3804 5821 illorum
