  <div class='ocr_page' id='page_1' title='image "/cluster/home/n/w/nwhite01/storage/ocr_20150623/60/hvd.32044073501942/271.png"; bbox 0 0 4036 6220; ppageno 0'>
   <div class='ocr_carea' id='block_1_1' title="bbox 459 299 563 353">
    <p class='ocr_par' dir='ltr' id='par_1_1' title="bbox 459 299 563 353">
     <span class='ocr_line' id='line_1_1' title="bbox 459 299 563 353; baseline -0.019 0"><span class='ocrx_word' id='word_1_1' title='bbox 459 299 563 353; x_wconf 72' lang='lat'>9.65</span> 
     </span>
    </p>
   </div>
   <div class='ocr_carea' id='block_1_2' title="bbox 459 395 2118 485">
    <p class='ocr_par' dir='ltr' id='par_1_2' title="bbox 459 409 2118 485">
     <span class='ocr_line' id='line_1_2' title="bbox 459 409 2118 485; baseline 0 -17"><span class='ocrx_word' id='word_1_2' title='bbox 459 413 776 474; x_wconf 78' lang='grc' dir='ltr'>σαλεύοντες</span> <span class='ocrx_word' id='word_1_3' title='bbox 807 410 928 473; x_wconf 81' lang='grc' dir='ltr'>τοὺς</span> <span class='ocrx_word' id='word_1_4' title='bbox 973 409 1180 478; x_wconf 76' lang='grc' dir='ltr'>ὄχλους,</span> <span class='ocrx_word' id='word_1_5' title='bbox 1229 409 1327 478; x_wconf 76' lang='grc' dir='ltr'>τὴν</span> <span class='ocrx_word' id='word_1_6' title='bbox 1357 412 1655 466; x_wconf 77' lang='grc' dir='ltr'>ἀκάθεκτον</span> <span class='ocrx_word' id='word_1_7' title='bbox 1714 417 1910 485; x_wconf 85' lang='grc' dir='ltr'>μανίαν</span> <span class='ocrx_word' id='word_1_8' title='bbox 1941 416 2118 469; x_wconf 74' lang='grc' dir='ltr'>αὐτῶν</span> 
     </span>
    </p>
   </div>
   <div class='ocr_carea' id='block_1_3' title="bbox 456 494 2120 569">
    <p class='ocr_par' dir='ltr' id='par_1_3' title="bbox 456 494 2120 569">
     <span class='ocr_line' id='line_1_3' title="bbox 456 494 2120 569; baseline -0.002 -13"><span class='ocrx_word' id='word_1_9' title='bbox 456 501 847 569; x_wconf 74' lang='grc' dir='ltr'>αἰνιττόμενος.</span> <span class='ocrx_word' id='word_1_10' title='bbox 904 494 1136 561; x_wconf 81' lang='grc' dir='ltr'>Εὐθέως</span> <span class='ocrx_word' id='word_1_11' title='bbox 1160 495 1227 548; x_wconf 87' lang='grc' dir='ltr'>δὲ</span> <span class='ocrx_word' id='word_1_12' title='bbox 1252 496 1692 560; x_wconf 69' lang='grc' dir='ltr'>ἐξαπέστειλαν</span> <span class='ocrx_word' id='word_1_13' title='bbox 1737 501 1844 553; x_wconf 82' lang='grc' dir='ltr'>τὸν</span> <span class='ocrx_word' id='word_1_14' title='bbox 1877 501 2120 553; x_wconf 72' lang='grc' dir='ltr'>Παῦλον</span> 
     </span>
    </p>
   </div>
   <div class='ocr_carea' id='block_1_4' title="bbox 455 585 2115 654">
    <p class='ocr_par' dir='ltr' id='par_1_4' title="bbox 455 585 2115 654">
     <span class='ocr_line' id='line_1_4' title="bbox 455 585 2115 654; baseline -0.009 -11"><span class='ocrx_word' id='word_1_15' title='bbox 455 592 509 643; x_wconf 80' lang='grc' dir='ltr'>οἱ</span> <span class='ocrx_word' id='word_1_16' title='bbox 546 585 794 654; x_wconf 65' lang='grc' dir='ltr'>ἀδελφοί</span> <span class='ocrx_word' id='word_1_17' title='bbox 827 585 1202 652; x_wconf 75' lang='grc' dir='ltr'>πορεύεσθαι,</span> <span class='ocrx_word' id='word_1_18' title='bbox 1249 585 1432 654; x_wconf 62' lang='grc' dir='ltr'>φησιν,</span> <span class='ocrx_word' id='word_1_19' title='bbox 1476 585 1552 652; x_wconf 85' lang='grc' dir='ltr'>ὡς</span> <span class='ocrx_word' id='word_1_20' title='bbox 1601 586 1697 639; x_wconf 81' lang='grc' dir='ltr'>ἐπὶ</span> <span class='ocrx_word' id='word_1_21' title='bbox 1727 587 1840 653; x_wconf 83' lang='grc' dir='ltr'>τὴν</span> <span class='ocrx_word' id='word_1_22' title='bbox 1894 587 2115 641; x_wconf 59' lang='lat' dir='ltr'>adma.</span> 
     </span>
    </p>
   </div>
   <div class='ocr_carea' id='block_1_5' title="bbox 453 670 2122 743">
    <p class='ocr_par' dir='ltr' id='par_1_5' title="bbox 453 670 2122 743">
     <span class='ocr_line' id='line_1_5' title="bbox 453 670 2122 743; baseline -0.004 -13"><span class='ocrx_word' id='word_1_23' title='bbox 453 691 598 730; x_wconf 85' lang='grc' dir='ltr'>σαν.</span> <span class='ocrx_word' id='word_1_24' title='bbox 666 671 928 726; x_wconf 79' lang='grc' dir='ltr'>Ἐνταῦθα</span> <span class='ocrx_word' id='word_1_25' title='bbox 961 671 1147 724; x_wconf 77' lang='grc' dir='ltr'>λοιπὸν</span> <span class='ocrx_word' id='word_1_26' title='bbox 1211 671 1302 724; x_wconf 72' lang='grc' dir='ltr'>τὸν</span> <span class='ocrx_word' id='word_1_27' title='bbox 1348 670 1555 724; x_wconf 80' lang='grc' dir='ltr'>Παῦλον</span> <span class='ocrx_word' id='word_1_28' title='bbox 1616 672 1889 743; x_wconf 81' lang='grc' dir='ltr'>πέμπουσι</span> <span class='ocrx_word' id='word_1_29' title='bbox 1943 675 2122 742; x_wconf 85' lang='grc' dir='ltr'>μόνον·</span> 
     </span>
    </p>
   </div>
   <div class='ocr_carea' id='block_1_6' title="bbox 457 759 2124 836">
    <p class='ocr_par' dir='ltr' id='par_1_6' title="bbox 457 759 2124 836">
     <span class='ocr_line' id='line_1_6' title="bbox 457 759 2124 836; baseline -0.002 -18"><span class='ocrx_word' id='word_1_30' title='bbox 457 765 586 836; x_wconf 77' lang='grc' dir='ltr'>περί</span> <span class='ocrx_word' id='word_1_31' title='bbox 624 763 732 834; x_wconf 77' lang='grc' dir='ltr'>γὰρ</span> <span class='ocrx_word' id='word_1_32' title='bbox 764 760 930 816; x_wconf 82' lang='grc' dir='ltr'>αὐτοῦ</span> <span class='ocrx_word' id='word_1_33' title='bbox 961 759 1335 825; x_wconf 89' lang='grc' dir='ltr'>ἐδεδοίκεισαν,</span> <span class='ocrx_word' id='word_1_34' title='bbox 1365 762 1438 831; x_wconf 81' lang='grc' dir='ltr'>μή</span> <span class='ocrx_word' id='word_1_35' title='bbox 1469 778 1520 813; x_wconf 88' lang='grc' dir='ltr'>τι</span> <span class='ocrx_word' id='word_1_36' title='bbox 1553 761 1720 832; x_wconf 86' lang='grc' dir='ltr'>πάθῃ,</span> <span class='ocrx_word' id='word_1_37' title='bbox 1751 761 1810 814; x_wconf 80' lang='grc' dir='ltr'>τὸ</span> <span class='ocrx_word' id='word_1_38' title='bbox 1834 761 2124 830; x_wconf 80' lang='grc' dir='ltr'>κεφάλαιον</span> 
     </span>
    </p>
   </div>
   <div class='ocr_carea' id='block_1_7' title="bbox 453 847 2122 920">
    <p class='ocr_par' dir='ltr' id='par_1_7' title="bbox 453 847 2122 920">
     <span class='ocr_line' id='line_1_7' title="bbox 453 847 2122 920; baseline 0.002 -14"><span class='ocrx_word' id='word_1_39' title='bbox 453 851 636 906; x_wconf 75' lang='grc' dir='ltr'>αὐτῶν</span> <span class='ocrx_word' id='word_1_40' title='bbox 659 849 792 904; x_wconf 77' lang='grc' dir='ltr'>αὐτὸ</span> <span class='ocrx_word' id='word_1_41' title='bbox 840 848 918 904; x_wconf 72' lang='grc' dir='ltr'>ὃν·</span> <span class='ocrx_word' id='word_1_42' title='bbox 947 847 1119 912; x_wconf 77' lang='grc' dir='ltr'>οὕτως</span> <span class='ocrx_word' id='word_1_43' title='bbox 1160 849 1221 901; x_wconf 80' lang='grc' dir='ltr'>ού</span> <span class='ocrx_word' id='word_1_44' title='bbox 1258 847 1535 918; x_wconf 82' lang='grc' dir='ltr'>πανταχοῦ</span> <span class='ocrx_word' id='word_1_45' title='bbox 1595 850 1627 920; x_wconf 84' lang='grc' dir='ltr'>ἠ</span> <span class='ocrx_word' id='word_1_46' title='bbox 1663 848 1823 919; x_wconf 87' lang='grc' dir='ltr'>χάρις</span> <span class='ocrx_word' id='word_1_47' title='bbox 1879 849 2122 918; x_wconf 68' lang='grc' dir='ltr'>ἐνήργει.</span> 
     </span>
    </p>
   </div>
   <div class='ocr_carea' id='block_1_8' title="bbox 455 937 2126 1009">
    <p class='ocr_par' dir='ltr' id='par_1_8' title="bbox 455 937 2126 1009">
     <span class='ocr_line' id='line_1_8' title="bbox 455 937 2126 1009; baseline -0.003 -13"><span class='ocrx_word' id='word_1_48' title='bbox 455 941 572 996; x_wconf 86' lang='grc' dir='ltr'>ἀλλ’</span> <span class='ocrx_word' id='word_1_49' title='bbox 607 940 693 994; x_wconf 76' lang='grc' dir='ltr'>εἷα</span> <span class='ocrx_word' id='word_1_50' title='bbox 727 941 923 1003; x_wconf 80' lang='grc' dir='ltr'>αὐτοὺς</span> <span class='ocrx_word' id='word_1_51' title='bbox 961 938 1053 992; x_wconf 71' lang='grc' dir='ltr'>καὶ</span> <span class='ocrx_word' id='word_1_52' title='bbox 1096 937 1412 1009; x_wconf 85' lang='grc' dir='ltr'>ἀνθρώπινα</span> <span class='ocrx_word' id='word_1_53' title='bbox 1447 940 1637 1005; x_wconf 83' lang='grc' dir='ltr'>ποιεῖν,</span> <span class='ocrx_word' id='word_1_54' title='bbox 1680 937 2007 992; x_wconf 87' lang='grc' dir='ltr'>διανιστῶσα</span> <span class='ocrx_word' id='word_1_55' title='bbox 2029 939 2126 991; x_wconf 83' lang='grc' dir='ltr'>αὐ-</span> 
     </span>
    </p>
   </div>
   <div class='ocr_carea' id='block_1_9' title="bbox 454 1024 2119 1096">
    <p class='ocr_par' dir='ltr' id='par_1_9' title="bbox 454 1024 2119 1096">
     <span class='ocr_line' id='line_1_9' title="bbox 454 1024 2119 1096; baseline -0.002 -15"><span class='ocrx_word' id='word_1_56' title='bbox 454 1031 580 1092; x_wconf 80' lang='grc' dir='ltr'>τοῦς</span> <span class='ocrx_word' id='word_1_57' title='bbox 614 1028 708 1081; x_wconf 69' lang='grc' dir='ltr'>καὶ</span> <span class='ocrx_word' id='word_1_58' title='bbox 753 1027 1120 1092; x_wconf 88' lang='grc' dir='ltr'>διυπνίζουσα,</span> <span class='ocrx_word' id='word_1_59' title='bbox 1181 1026 1273 1079; x_wconf 73' lang='grc' dir='ltr'>καὶ</span> <span class='ocrx_word' id='word_1_60' title='bbox 1305 1027 1382 1088; x_wconf 86' lang='grc' dir='ltr'>εἰς</span> <span class='ocrx_word' id='word_1_61' title='bbox 1435 1025 1707 1096; x_wconf 89' lang='grc' dir='ltr'>μέριμναν</span> <span class='ocrx_word' id='word_1_62' title='bbox 1759 1024 2119 1094; x_wconf 89' lang='grc' dir='ltr'>ἐμϐάλλουσα.</span> 
     </span>
    </p>
   </div>
   <div class='ocr_carea' id='block_1_10' title="bbox 459 1112 2122 1189">
    <p class='ocr_par' dir='ltr' id='par_1_10' title="bbox 459 1112 2122 1189">
     <span class='ocr_line' id='line_1_10' title="bbox 459 1112 2122 1189; baseline -0.003 -19"><span class='ocrx_word' id='word_1_63' title='bbox 459 1119 603 1189; x_wconf 84' lang='grc' dir='ltr'>’Ὀρα</span> <span class='ocrx_word' id='word_1_64' title='bbox 626 1114 775 1184; x_wconf 86' lang='grc' dir='ltr'>γοῦν,</span> <span class='ocrx_word' id='word_1_65' title='bbox 815 1115 918 1178; x_wconf 73' lang='grc' dir='ltr'>ἕως</span> <span class='ocrx_word' id='word_1_66' title='bbox 947 1113 1224 1166; x_wconf 75' lang='grc' dir='ltr'>Φιλίππων</span> <span class='ocrx_word' id='word_1_67' title='bbox 1251 1112 1422 1165; x_wconf 76' lang='grc' dir='ltr'>ἔσωσε</span> <span class='ocrx_word' id='word_1_68' title='bbox 1443 1113 1623 1182; x_wconf 85' lang='grc' dir='ltr'>μόνον,</span> <span class='ocrx_word' id='word_1_69' title='bbox 1653 1113 1900 1165; x_wconf 88' lang='grc' dir='ltr'>ἐντεῦθεν</span> <span class='ocrx_word' id='word_1_70' title='bbox 1945 1112 1999 1165; x_wconf 86' lang='grc' dir='ltr'>δὲ</span> <span class='ocrx_word' id='word_1_71' title='bbox 2023 1112 2122 1166; x_wconf 82' lang='grc' dir='ltr'>οὐκ</span> 
     </span>
    </p>
   </div>
   <div class='ocr_carea' id='block_1_11' title="bbox 412 1199 2123 1270">
    <p class='ocr_par' dir='ltr' id='par_1_11' title="bbox 412 1199 2123 1270">
     <span class='ocr_line' id='line_1_11' title="bbox 412 1199 2123 1270; baseline -0.002 -14"><span class='ocrx_word' id='word_1_72' title='bbox 412 1203 421 1210; x_wconf 83' lang='grc'><em>’</em></span> <span class='ocrx_word' id='word_1_73' title='bbox 458 1205 560 1256; x_wconf 78' lang='grc' dir='ltr'>ἔτι.</span> <span class='ocrx_word' id='word_1_74' title='bbox 592 1202 700 1257; x_wconf 77' lang='grc' dir='ltr'>Καὶ</span> <span class='ocrx_word' id='word_1_75' title='bbox 751 1202 1038 1265; x_wconf 79' lang='grc' dir='ltr'>λαϐόντες</span> <span class='ocrx_word' id='word_1_76' title='bbox 1066 1199 1347 1267; x_wconf 71' lang='grc' dir='ltr'>ἐντολὴν,</span> <span class='ocrx_word' id='word_1_77' title='bbox 1384 1201 1537 1270; x_wconf 73' lang='grc' dir='ltr'>φησὶ,</span> <span class='ocrx_word' id='word_1_78' title='bbox 1598 1199 1747 1266; x_wconf 76' lang='grc' dir='ltr'>,πρὸς</span> <span class='ocrx_word' id='word_1_79' title='bbox 1802 1200 1908 1251; x_wconf 79' lang='grc' dir='ltr'>τὸν</span> <span class='ocrx_word' id='word_1_80' title='bbox 1935 1199 2123 1252; x_wconf 80' lang='grc' dir='ltr'>Σίλαν</span> 
     </span>
    </p>
   </div>
   <div class='ocr_carea' id='block_1_12' title="bbox 458 1285 2122 1359">
    <p class='ocr_par' dir='ltr' id='par_1_12' title="bbox 458 1285 2122 1359">
     <span class='ocr_line' id='line_1_12' title="bbox 458 1285 2122 1359; baseline -0.005 -12"><span class='ocrx_word' id='word_1_81' title='bbox 458 1292 689 1346; x_wconf 75' lang='grc' dir='ltr'>καὶτὸν</span> <span class='ocrx_word' id='word_1_82' title='bbox 719 1290 1013 1359; x_wconf 80' lang='grc' dir='ltr'>Τιμόθεον,</span> <span class='ocrx_word' id='word_1_83' title='bbox 1043 1289 1143 1340; x_wconf 82' lang='grc' dir='ltr'>ἵνα</span> <span class='ocrx_word' id='word_1_84' title='bbox 1189 1288 1270 1353; x_wconf 86' lang='grc' dir='ltr'>ὡς</span> <span class='ocrx_word' id='word_1_85' title='bbox 1303 1287 1555 1356; x_wconf 82' lang='grc' dir='ltr'>τάχιστα</span> <span class='ocrx_word' id='word_1_86' title='bbox 1587 1287 1805 1340; x_wconf 79' lang='grc' dir='ltr'>ἔλθωσι</span> <span class='ocrx_word' id='word_1_87' title='bbox 1836 1285 1978 1354; x_wconf 79' lang='grc' dir='ltr'>πρὸς</span> <span class='ocrx_word' id='word_1_88' title='bbox 2017 1289 2122 1340; x_wconf 84' lang='grc' dir='ltr'>αὺ-</span> 
     </span>
    </p>
   </div>
   <div class='ocr_carea' id='block_1_13' title="bbox 460 1373 2122 1447">
    <p class='ocr_par' dir='ltr' id='par_1_13' title="bbox 460 1373 2122 1447">
     <span class='ocr_line' id='line_1_13' title="bbox 460 1373 2122 1447; baseline -0.005 -14"><span class='ocrx_word' id='word_1_89' title='bbox 460 1383 583 1443; x_wconf 84' lang='grc' dir='ltr'>τι’ν,</span> <span class='ocrx_word' id='word_1_90' title='bbox 615 1379 901 1447; x_wconf 71' lang='grc' dir='ltr'>ἐξῄεσαν.</span> <span class='ocrx_word' id='word_1_91' title='bbox 933 1376 1041 1428; x_wconf 75' lang='grc' dir='ltr'>Καὶ</span> <span class='ocrx_word' id='word_1_92' title='bbox 1074 1374 1232 1428; x_wconf 88' lang='grc' dir='ltr'>τοῦτο</span> <span class='ocrx_word' id='word_1_93' title='bbox 1262 1376 1508 1439; x_wconf 75' lang='grc' dir='ltr'>εἰκότως.</span> <span class='ocrx_word' id='word_1_94' title='bbox 1535 1376 1598 1428; x_wconf 85' lang='grc' dir='ltr'><strong>Εἰ</strong></span> <span class='ocrx_word' id='word_1_95' title='bbox 1636 1373 1746 1446; x_wconf 82' lang='grc' dir='ltr'>γὰρ</span> <span class='ocrx_word' id='word_1_96' title='bbox 1793 1375 1886 1428; x_wconf 74' lang='grc' dir='ltr'>καὶ</span> <span class='ocrx_word' id='word_1_97' title='bbox 1911 1374 2122 1437; x_wconf 84' lang='grc' dir='ltr'>Παῦλος</span> 
     </span>
    </p>
   </div>
   <div class='ocr_carea' id='block_1_14' title="bbox 457 1463 2121 1540">
    <p class='ocr_par' dir='ltr' id='par_1_14' title="bbox 457 1463 2121 1540">
     <span class='ocr_line' id='line_1_14' title="bbox 457 1463 2121 1540; baseline -0.004 -20"><span class='ocrx_word' id='word_1_98' title='bbox 457 1466 545 1540; x_wconf 75' lang='grc' dir='ltr'>ἧν,</span> <span class='ocrx_word' id='word_1_99' title='bbox 569 1469 716 1538; x_wconf 83' lang='grc' dir='ltr'>ὅμως</span> <span class='ocrx_word' id='word_1_100' title='bbox 749 1466 916 1518; x_wconf 85' lang='grc' dir='ltr'>ἐδεῖτο</span> <span class='ocrx_word' id='word_1_101' title='bbox 945 1465 1190 1517; x_wconf 83' lang='grc' dir='ltr'>ἐκείνων.</span> <span class='ocrx_word' id='word_1_102' title='bbox 1218 1465 1359 1534; x_wconf 79' lang='grc' dir='ltr'>’Λρα</span> <span class='ocrx_word' id='word_1_103' title='bbox 1390 1463 1566 1527; x_wconf 81' lang='grc' dir='ltr'>καλῶς</span> <span class='ocrx_word' id='word_1_104' title='bbox 1594 1463 1883 1532; x_wconf 70' lang='grc' dir='ltr'>ἠπείγοντο</span> <span class='ocrx_word' id='word_1_105' title='bbox 1897 1465 1975 1525; x_wconf 87' lang='grc' dir='ltr'>εἰς</span> <span class='ocrx_word' id='word_1_106' title='bbox 2005 1463 2121 1514; x_wconf 84' lang='grc' dir='ltr'>Μα-</span> 
     </span>
    </p>
   </div>
   <div class='ocr_carea' id='block_1_15' title="bbox 457 1548 2121 1623">
    <p class='ocr_par' dir='ltr' id='par_1_15' title="bbox 457 1548 2121 1623">
     <span class='ocr_line' id='line_1_15' title="bbox 457 1548 2121 1623; baseline -0.005 -13"><span class='ocrx_word' id='word_1_107' title='bbox 457 1555 699 1610; x_wconf 86' lang='grc' dir='ltr'>κεδονίαν</span> <span class='ocrx_word' id='word_1_108' title='bbox 725 1554 829 1607; x_wconf 68' lang='grc' dir='ltr'>ὑπὸ</span> <span class='ocrx_word' id='word_1_109' title='bbox 863 1552 954 1607; x_wconf 88' lang='grc' dir='ltr'>τοῦ</span> <span class='ocrx_word' id='word_1_110' title='bbox 986 1552 1140 1606; x_wconf 84' lang='grc' dir='ltr'>Θεοῦ’</span> <span class='ocrx_word' id='word_1_111' title='bbox 1193 1551 1422 1623; x_wconf 80' lang='grc' dir='ltr'>λαμπρά</span> <span class='ocrx_word' id='word_1_112' title='bbox 1473 1552 1581 1622; x_wconf 72' lang='grc' dir='ltr'>γὰρ</span> <span class='ocrx_word' id='word_1_113' title='bbox 1610 1548 1676 1623; x_wconf 83' lang='grc' dir='ltr'>ἦν</span> <span class='ocrx_word' id='word_1_114' title='bbox 1709 1552 1860 1622; x_wconf 78' lang='grc' dir='ltr'>καὶὴ</span> <span class='ocrx_word' id='word_1_115' title='bbox 1931 1549 2121 1612; x_wconf 84' lang='grc' dir='ltr'>Ἑλλάς</span> 
     </span>
    </p>
   </div>
   <div class='ocr_carea' id='block_1_16' title="bbox 456 1637 2120 1711">
    <p class='ocr_par' dir='ltr' id='par_1_16' title="bbox 456 1637 2120 1711">
     <span class='ocr_line' id='line_1_16' title="bbox 456 1637 2120 1711; baseline -0.005 -13"><span class='ocrx_word' id='word_1_116' title='bbox 456 1645 658 1698; x_wconf 87' lang='grc' dir='ltr'>λοιπόν·</span> <span class='ocrx_word' id='word_1_117' title='bbox 699 1642 825 1696; x_wconf 77' lang='grc' dir='ltr'>ἐπεὶ</span> <span class='ocrx_word' id='word_1_118' title='bbox 850 1643 940 1695; x_wconf 76' lang='grc' dir='ltr'>καὶ</span> <span class='ocrx_word' id='word_1_119' title='bbox 973 1641 1110 1693; x_wconf 85' lang='grc' dir='ltr'>ἀλλα</span> <span class='ocrx_word' id='word_1_120' title='bbox 1160 1639 1389 1711; x_wconf 85' lang='grc' dir='ltr'>περιττά</span> <span class='ocrx_word' id='word_1_121' title='bbox 1433 1641 1624 1694; x_wconf 81' lang='grc' dir='ltr'>ἐποίει.</span> <span class='ocrx_word' id='word_1_122' title='bbox 1668 1640 1727 1693; x_wconf 92' lang='lat' dir='ltr'>&#39;O</span> <span class='ocrx_word' id='word_1_123' title='bbox 1781 1637 2011 1710; x_wconf 79' lang='grc' dir='ltr'>Χριστὸς</span> <span class='ocrx_word' id='word_1_124' title='bbox 2040 1637 2120 1690; x_wconf 88' lang='grc' dir='ltr'>δι-</span> 
     </span>
    </p>
   </div>
   <div class='ocr_carea' id='block_1_17' title="bbox 456 1719 2118 1798">
    <p class='ocr_par' dir='ltr' id='par_1_17' title="bbox 456 1719 2118 1798">
     <span class='ocr_line' id='line_1_17' title="bbox 456 1719 2118 1798; baseline -0.004 -13"><span class='ocrx_word' id='word_1_125' title='bbox 456 1733 642 1798; x_wconf 80' lang='grc' dir='ltr'>έταξεν</span> <span class='ocrx_word' id='word_1_126' title='bbox 667 1733 729 1784; x_wconf 89' lang='grc' dir='ltr'>ἐκ</span> <span class='ocrx_word' id='word_1_127' title='bbox 761 1728 855 1782; x_wconf 83' lang='grc' dir='ltr'>τοῦ</span> <span class='ocrx_word' id='word_1_128' title='bbox 880 1727 1197 1796; x_wconf 71' lang='grc' dir='ltr'>εὐαγγελίου</span> <span class='ocrx_word' id='word_1_129' title='bbox 1231 1726 1350 1798; x_wconf 80' lang='grc' dir='ltr'>ζῇν,</span> <span class='ocrx_word' id='word_1_130' title='bbox 1374 1719 1527 1789; x_wconf 76' lang='grc' dir='ltr'>οὗτος</span> <span class='ocrx_word' id='word_1_131' title='bbox 1554 1727 1609 1779; x_wconf 86' lang='grc' dir='ltr'>δέ</span> <span class='ocrx_word' id='word_1_132' title='bbox 1637 1726 1768 1779; x_wconf 83' lang='grc' dir='ltr'>αύτὺ</span> <span class='ocrx_word' id='word_1_133' title='bbox 1799 1727 1897 1778; x_wconf 82' lang='grc' dir='ltr'>οὐκ</span> <span class='ocrx_word' id='word_1_134' title='bbox 1925 1726 2118 1778; x_wconf 83' lang='grc' dir='ltr'>ἐποίει’</span> 
     </span>
    </p>
   </div>
   <div class='ocr_carea' id='block_1_18' title="bbox 454 1807 2120 1889">
    <p class='ocr_par' dir='ltr' id='par_1_18' title="bbox 454 1807 2120 1889">
     <span class='ocr_line' id='line_1_18' title="bbox 454 1807 2120 1889; baseline -0.004 -16"><span class='ocrx_word' id='word_1_135' title='bbox 454 1823 482 1873; x_wconf 85' lang='grc' dir='ltr'>ὁ</span> <span class='ocrx_word' id='word_1_136' title='bbox 518 1817 751 1889; x_wconf 83' lang='grc' dir='ltr'>Χριστὸς</span> <span class='ocrx_word' id='word_1_137' title='bbox 772 1818 872 1870; x_wconf 88' lang='grc' dir='ltr'>ούκ</span> <span class='ocrx_word' id='word_1_138' title='bbox 894 1815 1214 1870; x_wconf 87' lang='grc' dir='ltr'>ἀπέστειλεν</span> <span class='ocrx_word' id='word_1_139' title='bbox 1235 1814 1398 1867; x_wconf 80' lang='grc' dir='ltr'>αὑτὸν</span> <span class='ocrx_word' id='word_1_140' title='bbox 1421 1813 1720 1883; x_wconf 76' lang='grc' dir='ltr'>βαπτίζειν,</span> <span class='ocrx_word' id='word_1_141' title='bbox 1757 1807 1907 1876; x_wconf 69' lang='grc' dir='ltr'>οὗτος</span> <span class='ocrx_word' id='word_1_142' title='bbox 1933 1811 1988 1865; x_wconf 88' lang='grc' dir='ltr'>δέ</span> <span class='ocrx_word' id='word_1_143' title='bbox 2004 1813 2120 1866; x_wconf 76' lang='grc' dir='ltr'>ἐϐά·</span> 
     </span>
    </p>
   </div>
   <div class='ocr_carea' id='block_1_19' title="bbox 457 1897 2120 1978">
    <p class='ocr_par' dir='ltr' id='par_1_19' title="bbox 457 1897 2120 1978">
     <span class='ocr_line' id='line_1_19' title="bbox 457 1897 2120 1978; baseline -0.005 -18"><span class='ocrx_word' id='word_1_144' title='bbox 457 1908 663 1972; x_wconf 67' lang='grc' dir='ltr'>πτιζεν.</span> <span class='ocrx_word' id='word_1_145' title='bbox 692 1908 834 1978; x_wconf 83' lang='grc' dir='ltr'>Ὅρα</span> <span class='ocrx_word' id='word_1_146' title='bbox 865 1905 980 1967; x_wconf 88' lang='grc' dir='ltr'>πῶς</span> <span class='ocrx_word' id='word_1_147' title='bbox 1013 1904 1333 1976; x_wconf 73' lang='grc' dir='ltr'>ἀντίρροπος</span> <span class='ocrx_word' id='word_1_148' title='bbox 1364 1902 1578 1955; x_wconf 86' lang='grc' dir='ltr'>πάντων</span> <span class='ocrx_word' id='word_1_149' title='bbox 1606 1897 1673 1971; x_wconf 81' lang='grc' dir='ltr'>ἦν</span> <span class='ocrx_word' id='word_1_150' title='bbox 1700 1901 1900 1972; x_wconf 80' lang='grc' dir='ltr'>Πέτρος</span> <span class='ocrx_word' id='word_1_151' title='bbox 1919 1901 1998 1963; x_wconf 83' lang='grc' dir='ltr'>εἰς</span> <span class='ocrx_word' id='word_1_152' title='bbox 2024 1899 2120 1969; x_wconf 79' lang='grc' dir='ltr'>τὴν</span> 
     </span>
    </p>
   </div>
   <div class='ocr_carea' id='block_1_20' title="bbox 455 1990 2117 2068">
    <p class='ocr_par' dir='ltr' id='par_1_20' title="bbox 455 1990 2117 2068">
     <span class='ocr_line' id='line_1_20' title="bbox 455 1990 2117 2068; baseline -0.004 -19"><span class='ocrx_word' id='word_1_153' title='bbox 455 1997 777 2068; x_wconf 79' lang='grc' dir='ltr'>περιτομὴν,</span> <span class='ocrx_word' id='word_1_154' title='bbox 813 1990 962 2057; x_wconf 76' lang='grc' dir='ltr'>οὗτος</span> <span class='ocrx_word' id='word_1_155' title='bbox 981 1995 1060 2056; x_wconf 85' lang='grc' dir='ltr'>εἰς</span> <span class='ocrx_word' id='word_1_156' title='bbox 1074 1993 1143 2046; x_wconf 78' lang='grc' dir='ltr'>τὰ</span> <span class='ocrx_word' id='word_1_157' title='bbox 1160 1992 1308 2063; x_wconf 79' lang='grc' dir='ltr'>ἔθνη,</span> <span class='ocrx_word' id='word_1_158' title='bbox 1327 1995 1403 2056; x_wconf 86' lang='grc' dir='ltr'>είς</span> <span class='ocrx_word' id='word_1_159' title='bbox 1419 1993 1479 2044; x_wconf 85' lang='grc' dir='ltr'>τὸ</span> <span class='ocrx_word' id='word_1_160' title='bbox 1495 1992 1654 2045; x_wconf 90' lang='grc' dir='ltr'>πλέον</span> <span class='ocrx_word' id='word_1_161' title='bbox 1689 1991 1874 2062; x_wconf 90' lang='grc' dir='ltr'>μέρος.</span> <span class='ocrx_word' id='word_1_162' title='bbox 1893 1991 2001 2044; x_wconf 79' lang='grc' dir='ltr'>Καὶ</span> <span class='ocrx_word' id='word_1_163' title='bbox 2015 1994 2117 2044; x_wconf 81' lang='grc' dir='ltr'>λα-</span> 
     </span>
    </p>
   </div>
   <div class='ocr_carea' id='block_1_21' title="bbox 455 2078 2121 2150">
    <p class='ocr_par' dir='ltr' id='par_1_21' title="bbox 455 2078 2121 2150">
     <span class='ocr_line' id='line_1_21' title="bbox 455 2078 2121 2150; baseline -0.004 -14"><span class='ocrx_word' id='word_1_164' title='bbox 455 2085 661 2148; x_wconf 59' lang='grc' dir='ltr'>θόντες</span> <span class='ocrx_word' id='word_1_165' title='bbox 677 2085 739 2135; x_wconf 83' lang='grc' dir='ltr'>τὸ</span> <span class='ocrx_word' id='word_1_166' title='bbox 763 2081 990 2145; x_wconf 77' lang='grc' dir='ltr'>ἱκανὸν,</span> <span class='ocrx_word' id='word_1_167' title='bbox 1011 2080 1166 2150; x_wconf 62' lang='grc' dir='ltr'>φησι,</span> <span class='ocrx_word' id='word_1_168' title='bbox 1185 2081 1343 2147; x_wconf 76' lang='grc' dir='ltr'>παρὰ</span> <span class='ocrx_word' id='word_1_169' title='bbox 1358 2080 1462 2133; x_wconf 87' lang='grc' dir='ltr'>τοῦ</span> <span class='ocrx_word' id='word_1_170' title='bbox 1487 2078 1775 2144; x_wconf 82' lang='grc' dir='ltr'>Ἰάσονος,</span> <span class='ocrx_word' id='word_1_171' title='bbox 1803 2079 2121 2132; x_wconf 63' lang='grc' dir='ltr'>ἀπέλυσαν</span> 
     </span>
    </p>
   </div>
   <div class='ocr_carea' id='block_1_22' title="bbox 453 2164 2118 2240">
    <p class='ocr_par' dir='ltr' id='par_1_22' title="bbox 453 2164 2118 2240">
     <span class='ocr_line' id='line_1_22' title="bbox 453 2164 2118 2240; baseline -0.004 -16"><span class='ocrx_word' id='word_1_172' title='bbox 453 2171 694 2235; x_wconf 78' lang='grc' dir='ltr'>αὐτούς.</span> <span class='ocrx_word' id='word_1_173' title='bbox 723 2171 863 2240; x_wconf 86' lang='grc' dir='ltr'>Ὅρα</span> <span class='ocrx_word' id='word_1_174' title='bbox 887 2170 1002 2231; x_wconf 82' lang='grc' dir='ltr'>πῶς</span> <span class='ocrx_word' id='word_1_175' title='bbox 1042 2167 1200 2222; x_wconf 77' lang='grc' dir='ltr'>ἱκανά</span> <span class='ocrx_word' id='word_1_176' title='bbox 1225 2169 1348 2230; x_wconf 76' lang='grc' dir='ltr'>δοὺς</span> <span class='ocrx_word' id='word_1_177' title='bbox 1387 2167 1572 2220; x_wconf 85' lang='grc' dir='ltr'>Ἰάσων</span> <span class='ocrx_word' id='word_1_178' title='bbox 1590 2165 1860 2234; x_wconf 67' lang='grc' dir='ltr'>ἐξέπεμψε</span> <span class='ocrx_word' id='word_1_179' title='bbox 1887 2164 2118 2227; x_wconf 76' lang='grc' dir='ltr'>Παῦλον,</span> 
     </span>
    </p>
   </div>
   <div class='ocr_carea' id='block_1_23' title="bbox 454 2251 2118 2329">
    <p class='ocr_par' dir='ltr' id='par_1_23' title="bbox 454 2251 2118 2329">
     <span class='ocr_line' id='line_1_23' title="bbox 454 2251 2118 2329; baseline -0.004 -18"><span class='ocrx_word' id='word_1_180' title='bbox 454 2261 592 2312; x_wconf 79' lang='grc' dir='ltr'>ὥστε</span> <span class='ocrx_word' id='word_1_181' title='bbox 632 2257 780 2329; x_wconf 70' lang='grc'>[285]</span> <span class='ocrx_word' id='word_1_182' title='bbox 819 2258 916 2326; x_wconf 78' lang='grc' dir='ltr'>τὴν</span> <span class='ocrx_word' id='word_1_183' title='bbox 942 2257 1119 2327; x_wconf 68' lang='grc' dir='ltr'>ψυχὴν</span> <span class='ocrx_word' id='word_1_184' title='bbox 1145 2256 1306 2310; x_wconf 82' lang='grc' dir='ltr'>αὑτοῦ</span> <span class='ocrx_word' id='word_1_185' title='bbox 1329 2255 1523 2309; x_wconf 78' lang='grc' dir='ltr'>ἔδωκεν</span> <span class='ocrx_word' id='word_1_186' title='bbox 1553 2256 1691 2322; x_wconf 77' lang='grc' dir='ltr'>ὑπὲρ</span> <span class='ocrx_word' id='word_1_187' title='bbox 1713 2254 1896 2308; x_wconf 79' lang='grc' dir='ltr'>αὐτοῦ.</span> <span class='ocrx_word' id='word_1_188' title='bbox 1925 2251 2118 2314; x_wconf 74' lang='grc' dir='ltr'>Οὗτοι,</span> 
     </span>
    </p>
   </div>
   <div class='ocr_carea' id='block_1_24' title="bbox 457 2344 2121 2418">
    <p class='ocr_par' dir='ltr' id='par_1_24' title="bbox 457 2344 2121 2418">
     <span class='ocr_line' id='line_1_24' title="bbox 457 2344 2121 2418; baseline -0.002 -19"><span class='ocrx_word' id='word_1_189' title='bbox 457 2349 642 2417; x_wconf 61' lang='grc' dir='ltr'>φησιν,</span> <span class='ocrx_word' id='word_1_190' title='bbox 658 2344 821 2418; x_wconf 81' lang='grc' dir='ltr'>ἦσαν</span> <span class='ocrx_word' id='word_1_191' title='bbox 841 2347 1250 2416; x_wconf 78' lang='grc' dir='ltr'>εὐγενέστεροι</span> <span class='ocrx_word' id='word_1_192' title='bbox 1271 2347 1391 2399; x_wconf 81' lang='grc' dir='ltr'>τῶν</span> <span class='ocrx_word' id='word_1_193' title='bbox 1403 2347 1472 2399; x_wconf 79' lang='grc' dir='ltr'>ἐν</span> <span class='ocrx_word' id='word_1_194' title='bbox 1498 2347 1940 2412; x_wconf 65' lang='grc' dir='ltr'>Θεσσαλονίκῃ·</span> <span class='ocrx_word' id='word_1_195' title='bbox 1966 2363 2121 2397; x_wconf 82' lang='grc' dir='ltr'>τουτ-</span> 
     </span>
    </p>
   </div>
   <div class='ocr_carea' id='block_1_25' title="bbox 457 2432 2120 2503">
    <p class='ocr_par' dir='ltr' id='par_1_25' title="bbox 457 2432 2120 2503">
     <span class='ocr_line' id='line_1_25' title="bbox 457 2432 2120 2503; baseline -0.001 -18"><span class='ocrx_word' id='word_1_196' title='bbox 457 2435 593 2497; x_wconf 87' lang='grc' dir='ltr'>έστι,</span> <span class='ocrx_word' id='word_1_197' title='bbox 649 2432 789 2486; x_wconf 84' lang='grc' dir='ltr'>κατὰ</span> <span class='ocrx_word' id='word_1_198' title='bbox 830 2433 926 2502; x_wconf 75' lang='grc' dir='ltr'>τὴν</span> <span class='ocrx_word' id='word_1_199' title='bbox 955 2433 1154 2503; x_wconf 79' lang='grc' dir='ltr'>ἀρετὴν</span> <span class='ocrx_word' id='word_1_200' title='bbox 1183 2433 1334 2494; x_wconf 74' lang='grc' dir='ltr'>ὄντες</span> <span class='ocrx_word' id='word_1_201' title='bbox 1384 2432 1542 2485; x_wconf 89' lang='grc' dir='ltr'>τοῦτο</span> <span class='ocrx_word' id='word_1_202' title='bbox 1580 2433 1674 2485; x_wconf 73' lang='grc' dir='ltr'>καὶ</span> <span class='ocrx_word' id='word_1_203' title='bbox 1705 2433 1804 2503; x_wconf 86' lang='grc' dir='ltr'>τὴν</span> <span class='ocrx_word' id='word_1_204' title='bbox 1839 2433 1974 2503; x_wconf 81' lang='grc' dir='ltr'>πρὸς</span> <span class='ocrx_word' id='word_1_205' title='bbox 2028 2433 2120 2484; x_wconf 81' lang='grc' dir='ltr'>τὸν</span> 
     </span>
    </p>
   </div>
   <div class='ocr_carea' id='block_1_26' title="bbox 455 2517 2120 2587">
    <p class='ocr_par' dir='ltr' id='par_1_26' title="bbox 455 2517 2120 2587">
     <span class='ocr_line' id='line_1_26' title="bbox 455 2517 2120 2587; baseline 0 -17"><span class='ocrx_word' id='word_1_206' title='bbox 455 2519 588 2572; x_wconf 81' lang='grc' dir='ltr'>Θεὸν</span> <span class='ocrx_word' id='word_1_207' title='bbox 628 2519 830 2573; x_wconf 90' lang='grc' dir='ltr'>πίστιν.</span> <span class='ocrx_word' id='word_1_208' title='bbox 854 2519 1078 2584; x_wconf 82' lang='grc' dir='ltr'>Οἵτινες</span> <span class='ocrx_word' id='word_1_209' title='bbox 1097 2517 1379 2580; x_wconf 77' lang='grc' dir='ltr'>ἐδέξαντο</span> <span class='ocrx_word' id='word_1_210' title='bbox 1407 2517 1515 2571; x_wconf 87' lang='grc' dir='ltr'>τὸν</span> <span class='ocrx_word' id='word_1_211' title='bbox 1537 2518 1722 2587; x_wconf 67' lang='grc' dir='ltr'>λόγον</span> <span class='ocrx_word' id='word_1_212' title='bbox 1747 2518 1897 2586; x_wconf 76' lang='grc' dir='ltr'>μετὰ</span> <span class='ocrx_word' id='word_1_213' title='bbox 1917 2517 2120 2584; x_wconf 83' lang='grc' dir='ltr'>πάσης</span> 
     </span>
    </p>
   </div>
   <div class='ocr_carea' id='block_1_27' title="bbox 453 2604 2121 2676">
    <p class='ocr_par' dir='ltr' id='par_1_27' title="bbox 453 2604 2121 2676">
     <span class='ocr_line' id='line_1_27' title="bbox 453 2604 2121 2676; baseline -0.002 -15"><span class='ocrx_word' id='word_1_214' title='bbox 453 2606 808 2676; x_wconf 79' lang='grc' dir='ltr'>προθυμίας,</span> <span class='ocrx_word' id='word_1_215' title='bbox 843 2605 995 2675; x_wconf 75' lang='grc' dir='ltr'>φησί,</span> <span class='ocrx_word' id='word_1_216' title='bbox 1027 2604 1092 2657; x_wconf 87' lang='grc' dir='ltr'>τὸ</span> <span class='ocrx_word' id='word_1_217' title='bbox 1129 2605 1256 2659; x_wconf 83' lang='grc' dir='ltr'>καθ’</span> <span class='ocrx_word' id='word_1_218' title='bbox 1303 2604 1529 2672; x_wconf 76' lang='grc' dir='ltr'>ἡμέραν</span> <span class='ocrx_word' id='word_1_219' title='bbox 1560 2606 1983 2672; x_wconf 82' lang='grc' dir='ltr'>ἀνακρίνοντες</span> <span class='ocrx_word' id='word_1_220' title='bbox 2017 2607 2121 2672; x_wconf 73' lang='grc' dir='ltr'>τὰς</span> 
     </span>
    </p>
   </div>
   <div class='ocr_carea' id='block_1_28' title="bbox 456 2690 2119 2762">
    <p class='ocr_par' dir='ltr' id='par_1_28' title="bbox 456 2690 2119 2762">
     <span class='ocr_line' id='line_1_28' title="bbox 456 2690 2119 2762; baseline -0.002 -15"><span class='ocrx_word' id='word_1_221' title='bbox 456 2693 722 2762; x_wconf 58' lang='grc' dir='ltr'>Γραφὰς,</span> <span class='ocrx_word' id='word_1_222' title='bbox 735 2695 785 2745; x_wconf 84' lang='grc' dir='ltr'>εί</span> <span class='ocrx_word' id='word_1_223' title='bbox 796 2693 922 2758; x_wconf 80' lang='grc' dir='ltr'>ἔχοι</span> <span class='ocrx_word' id='word_1_224' title='bbox 937 2691 1119 2745; x_wconf 85' lang='grc' dir='ltr'>ταῦτα</span> <span class='ocrx_word' id='word_1_225' title='bbox 1131 2690 1452 2761; x_wconf 83' lang='grc' dir='ltr'>οὗτως.ούχ</span> <span class='ocrx_word' id='word_1_226' title='bbox 1464 2690 1649 2753; x_wconf 82' lang='grc' dir='ltr'>ἁπλῶς</span> <span class='ocrx_word' id='word_1_227' title='bbox 1664 2691 1811 2762; x_wconf 79' lang='grc' dir='ltr'>ῥύμῃ</span> <span class='ocrx_word' id='word_1_228' title='bbox 1822 2691 1940 2744; x_wconf 78' lang='grc' dir='ltr'>οὐδὲ</span> <span class='ocrx_word' id='word_1_229' title='bbox 1955 2690 2119 2762; x_wconf 81' lang='grc' dir='ltr'>ζήλῳ.</span> 
     </span>
    </p>
   </div>
   <div class='ocr_carea' id='block_1_29' title="bbox 530 2767 2119 2851">
    <p class='ocr_par' dir='ltr' id='par_1_29' title="bbox 530 2767 2119 2851">
     <span class='ocr_line' id='line_1_29' title="bbox 530 2767 2119 2851; baseline -0.002 -17"><span class='ocrx_word' id='word_1_230' title='bbox 530 2781 719 2834; x_wconf 86' lang='grc' dir='ltr'>Καίτοι</span> <span class='ocrx_word' id='word_1_231' title='bbox 745 2778 943 2849; x_wconf 82' lang='grc' dir='ltr'>μείζων</span> <span class='ocrx_word' id='word_1_232' title='bbox 976 2779 1008 2847; x_wconf 81' lang='grc' dir='ltr'>ἡ</span> <span class='ocrx_word' id='word_1_233' title='bbox 1036 2777 1188 2839; x_wconf 81' lang='grc' dir='ltr'>πόλις</span> <span class='ocrx_word' id='word_1_234' title='bbox 1220 2773 1307 2849; x_wconf 84' lang='grc' dir='ltr'>ἦν,</span> <span class='ocrx_word' id='word_1_235' title='bbox 1329 2777 1575 2849; x_wconf 82' lang='grc' dir='ltr'>ἀγοραῖοι</span> <span class='ocrx_word' id='word_1_236' title='bbox 1597 2778 1872 2850; x_wconf 82' lang='grc' dir='ltr'>ἄνθρωποι</span> <span class='ocrx_word' id='word_1_237' title='bbox 1899 2767 2045 2851; x_wconf 79' lang='grc' dir='ltr'>ἦσαν</span> <span class='ocrx_word' id='word_1_238' title='bbox 2059 2782 2119 2831; x_wconf 83' lang='grc' dir='ltr'>ἐν</span> 
     </span>
    </p>
   </div>
   <div class='ocr_carea' id='block_1_30' title="bbox 453 2864 2116 2938">
    <p class='ocr_par' dir='ltr' id='par_1_30' title="bbox 453 2864 2116 2938">
     <span class='ocr_line' id='line_1_30' title="bbox 453 2864 2116 2938; baseline -0.002 -17"><span class='ocrx_word' id='word_1_239' title='bbox 453 2869 613 2938; x_wconf 71' lang='grc' dir='ltr'>αὐτῇο</span> <span class='ocrx_word' id='word_1_240' title='bbox 634 2865 944 2936; x_wconf 80' lang='grc' dir='ltr'>θαυμαστὸν</span> <span class='ocrx_word' id='word_1_241' title='bbox 971 2865 1027 2917; x_wconf 91' lang='grc' dir='ltr'>δέ</span> <span class='ocrx_word' id='word_1_242' title='bbox 1045 2865 1194 2917; x_wconf 80' lang='grc' dir='ltr'>οὐδὲν</span> <span class='ocrx_word' id='word_1_243' title='bbox 1228 2865 1323 2917; x_wconf 73' lang='grc' dir='ltr'>καὶ</span> <span class='ocrx_word' id='word_1_244' title='bbox 1361 2865 1410 2915; x_wconf 90' lang='grc' dir='ltr'>εί</span> <span class='ocrx_word' id='word_1_245' title='bbox 1430 2866 1485 2918; x_wconf 84' lang='grc' dir='ltr'>ἐν</span> <span class='ocrx_word' id='word_1_246' title='bbox 1521 2864 1727 2934; x_wconf 81' lang='grc' dir='ltr'>μείζονι</span> <span class='ocrx_word' id='word_1_247' title='bbox 1759 2865 1973 2936; x_wconf 88' lang='grc' dir='ltr'>χείρους</span> <span class='ocrx_word' id='word_1_248' title='bbox 1990 2867 2116 2919; x_wconf 86' lang='grc' dir='ltr'>εἰσί.</span> 
     </span>
    </p>
   </div>
   <div class='ocr_carea' id='block_1_31' title="bbox 454 2949 2120 3024">
    <p class='ocr_par' dir='ltr' id='par_1_31' title="bbox 454 2949 2120 3024">
     <span class='ocr_line' id='line_1_31' title="bbox 454 2949 2120 3024; baseline -0.002 -15"><span class='ocrx_word' id='word_1_249' title='bbox 454 2955 705 3009; x_wconf 81' lang='grc' dir='ltr'>Μάλιστα</span> <span class='ocrx_word' id='word_1_250' title='bbox 723 2953 822 3024; x_wconf 80' lang='grc' dir='ltr'>μὲν</span> <span class='ocrx_word' id='word_1_251' title='bbox 837 2949 930 3006; x_wconf 83' lang='grc' dir='ltr'>οῦν</span> <span class='ocrx_word' id='word_1_252' title='bbox 947 2953 1026 3016; x_wconf 86' lang='grc' dir='ltr'>είς</span> <span class='ocrx_word' id='word_1_253' title='bbox 1049 2952 1147 3022; x_wconf 79' lang='grc' dir='ltr'>τὴν</span> <span class='ocrx_word' id='word_1_254' title='bbox 1169 2952 1390 3022; x_wconf 83' lang='grc' dir='ltr'>μείζονα</span> <span class='ocrx_word' id='word_1_255' title='bbox 1407 2953 1620 3022; x_wconf 82' lang='grc' dir='ltr'>χείρους</span> <span class='ocrx_word' id='word_1_256' title='bbox 1642 2949 1780 3007; x_wconf 79' lang='grc' dir='ltr'>εἶναι</span> <span class='ocrx_word' id='word_1_257' title='bbox 1801 2954 1964 3016; x_wconf 84' lang='grc' dir='ltr'>εἰκὸς.</span> <span class='ocrx_word' id='word_1_258' title='bbox 1993 2954 2120 3006; x_wconf 77' lang='grc' dir='ltr'>ἔνθα</span> 
     </span>
    </p>
   </div>
   <div class='ocr_carea' id='block_1_32' title="bbox 454 3039 2114 3112">
    <p class='ocr_par' dir='ltr' id='par_1_32' title="bbox 454 3039 2114 3112">
     <span class='ocr_line' id='line_1_32' title="bbox 454 3039 2114 3112; baseline -0.002 -17"><span class='ocrx_word' id='word_1_259' title='bbox 454 3043 648 3096; x_wconf 75' lang='grc' dir='ltr'>πολλαὶ</span> <span class='ocrx_word' id='word_1_260' title='bbox 663 3042 768 3094; x_wconf 88' lang='grc' dir='ltr'>τῶν</span> <span class='ocrx_word' id='word_1_261' title='bbox 785 3040 1037 3111; x_wconf 84' lang='grc' dir='ltr'>ταραχῶν</span> <span class='ocrx_word' id='word_1_262' title='bbox 1049 3042 1104 3094; x_wconf 88' lang='grc' dir='ltr'>αἱ</span> <span class='ocrx_word' id='word_1_263' title='bbox 1125 3040 1370 3110; x_wconf 80' lang='grc' dir='ltr'>ἀφορμαί</span> <span class='ocrx_word' id='word_1_264' title='bbox 1377 3081 1389 3093; x_wconf 91' lang='grc'>.</span> <span class='ocrx_word' id='word_1_265' title='bbox 1405 3039 1672 3111; x_wconf 84' lang='grc' dir='ltr'>Καθάπερ</span> <span class='ocrx_word' id='word_1_266' title='bbox 1687 3041 1795 3112; x_wconf 87' lang='grc' dir='ltr'>γὰρ</span> <span class='ocrx_word' id='word_1_267' title='bbox 1809 3042 1866 3094; x_wconf 81' lang='grc' dir='ltr'>ἐν</span> <span class='ocrx_word' id='word_1_268' title='bbox 1885 3041 2114 3110; x_wconf 87' lang='grc' dir='ltr'>σώματι,</span> 
     </span>
    </p>
   </div>
   <div class='ocr_carea' id='block_1_33' title="bbox 451 3122 2121 3200">
    <p class='ocr_par' dir='ltr' id='par_1_33' title="bbox 451 3122 2121 3200">
     <span class='ocr_line' id='line_1_33' title="bbox 451 3122 2121 3200; baseline -0.002 -17"><span class='ocrx_word' id='word_1_269' title='bbox 451 3131 581 3184; x_wconf 82' lang='grc' dir='ltr'>ὅταν</span> <span class='ocrx_word' id='word_1_270' title='bbox 605 3132 638 3200; x_wconf 85' lang='grc' dir='ltr'>ἡ</span> <span class='ocrx_word' id='word_1_271' title='bbox 669 3129 820 3191; x_wconf 89' lang='grc' dir='ltr'>νόσος</span> <span class='ocrx_word' id='word_1_272' title='bbox 857 3127 1212 3197; x_wconf 89' lang='grc' dir='ltr'>χαλεπωτέρα</span> <span class='ocrx_word' id='word_1_273' title='bbox 1247 3122 1304 3197; x_wconf 79' lang='grc' dir='ltr'>ᾖ,</span> <span class='ocrx_word' id='word_1_274' title='bbox 1332 3125 1550 3180; x_wconf 82' lang='grc' dir='ltr'>πλείονα</span> <span class='ocrx_word' id='word_1_275' title='bbox 1594 3127 1706 3196; x_wconf 76' lang='grc' dir='ltr'>ἔχει</span> <span class='ocrx_word' id='word_1_276' title='bbox 1727 3127 1824 3197; x_wconf 83' lang='grc' dir='ltr'>τὴν</span> <span class='ocrx_word' id='word_1_277' title='bbox 1857 3126 1989 3198; x_wconf 80' lang='grc' dir='ltr'>ὓλην</span> <span class='ocrx_word' id='word_1_278' title='bbox 2027 3128 2121 3179; x_wconf 80' lang='grc' dir='ltr'>καὶ</span> 
     </span>
    </p>
   </div>
   <div class='ocr_carea' id='block_1_34' title="bbox 451 3211 2120 3287">
    <p class='ocr_par' dir='ltr' id='par_1_34' title="bbox 451 3211 2120 3287">
     <span class='ocr_line' id='line_1_34' title="bbox 451 3211 2120 3287; baseline -0.004 -17"><span class='ocrx_word' id='word_1_279' title='bbox 451 3216 550 3287; x_wconf 79' lang='grc' dir='ltr'>τὴν</span> <span class='ocrx_word' id='word_1_280' title='bbox 573 3216 800 3286; x_wconf 77' lang='grc' dir='ltr'>τροφήν·</span> <span class='ocrx_word' id='word_1_281' title='bbox 833 3213 974 3265; x_wconf 83' lang='grc' dir='ltr'>οῦτω</span> <span class='ocrx_word' id='word_1_282' title='bbox 1004 3211 1068 3281; x_wconf 83' lang='grc' dir='ltr'>δὴ</span> <span class='ocrx_word' id='word_1_283' title='bbox 1114 3213 1208 3264; x_wconf 76' lang='grc' dir='ltr'>καὶ</span> <span class='ocrx_word' id='word_1_284' title='bbox 1239 3211 1490 3274; x_wconf 83' lang='grc' dir='ltr'>ἐνταῦθα,</span> <span class='ocrx_word' id='word_1_285' title='bbox 1525 3213 1661 3282; x_wconf 83' lang='grc' dir='ltr'>ὅπερ</span> <span class='ocrx_word' id='word_1_286' title='bbox 1689 3213 1746 3265; x_wconf 84' lang='grc' dir='ltr'>ἐν</span> <span class='ocrx_word' id='word_1_287' title='bbox 1786 3213 1993 3282; x_wconf 81' lang='grc' dir='ltr'>Ἰκονίῳ</span> <span class='ocrx_word' id='word_1_288' title='bbox 2027 3213 2120 3280; x_wconf 92' lang='grc' dir='ltr'>γέ-</span> 
     </span>
    </p>
   </div>
   <div class='ocr_carea' id='block_1_35' title="bbox 453 3297 2121 3371">
    <p class='ocr_par' dir='ltr' id='par_1_35' title="bbox 453 3297 2121 3371">
     <span class='ocr_line' id='line_1_35' title="bbox 453 3297 2121 3371; baseline -0.002 -16"><span class='ocrx_word' id='word_1_289' title='bbox 453 3320 599 3371; x_wconf 90' lang='grc' dir='ltr'>γονε,</span> <span class='ocrx_word' id='word_1_290' title='bbox 633 3303 728 3354; x_wconf 76' lang='grc' dir='ltr'>καὶ</span> <span class='ocrx_word' id='word_1_291' title='bbox 755 3299 850 3352; x_wconf 85' lang='grc' dir='ltr'>νῦν</span> <span class='ocrx_word' id='word_1_292' title='bbox 881 3298 1108 3365; x_wconf 89' lang='grc' dir='ltr'>γίνεται.</span> <span class='ocrx_word' id='word_1_293' title='bbox 1155 3299 1264 3350; x_wconf 81' lang='grc' dir='ltr'>Καὶ</span> <span class='ocrx_word' id='word_1_294' title='bbox 1295 3297 1573 3366; x_wconf 76' lang='grc' dir='ltr'>ἐξέρχεται</span> <span class='ocrx_word' id='word_1_295' title='bbox 1593 3301 1626 3351; x_wconf 62' lang='grc' dir='ltr'>«ό</span> <span class='ocrx_word' id='word_1_296' title='bbox 1657 3298 1886 3362; x_wconf 82' lang='grc' dir='ltr'>Παῦλος,</span> <span class='ocrx_word' id='word_1_297' title='bbox 1916 3300 2001 3352; x_wconf 79' lang='grc' dir='ltr'>ἵνα</span> <span class='ocrx_word' id='word_1_298' title='bbox 2027 3302 2121 3352; x_wconf 77' lang='grc' dir='ltr'>καὶ</span> 
     </span>
    </p>
   </div>
   <div class='ocr_carea' id='block_1_36' title="bbox 452 3384 2121 3459">
    <p class='ocr_par' dir='ltr' id='par_1_36' title="bbox 452 3384 2121 3459">
     <span class='ocr_line' id='line_1_36' title="bbox 452 3384 2121 3459; baseline -0.001 -18"><span class='ocrx_word' id='word_1_299' title='bbox 452 3391 551 3459; x_wconf 79' lang='grc' dir='ltr'>τῆς</span> <span class='ocrx_word' id='word_1_300' title='bbox 585 3388 783 3456; x_wconf 85' lang='grc' dir='ltr'>ἐτέρων</span> <span class='ocrx_word' id='word_1_301' title='bbox 835 3384 1109 3446; x_wconf 83' lang='grc' dir='ltr'>ἀπωλείας</span> <span class='ocrx_word' id='word_1_302' title='bbox 1148 3385 1305 3455; x_wconf 88' lang='grc' dir='ltr'>δίκην</span> <span class='ocrx_word' id='word_1_303' title='bbox 1337 3385 1485 3437; x_wconf 88' lang='grc' dir='ltr'>δῶσι.</span> <span class='ocrx_word' id='word_1_304' title='bbox 1526 3385 1624 3438; x_wconf 84' lang='grc' dir='ltr'>Διά</span> <span class='ocrx_word' id='word_1_305' title='bbox 1651 3385 1809 3439; x_wconf 88' lang='grc' dir='ltr'>τοῦτο</span> <span class='ocrx_word' id='word_1_306' title='bbox 1841 3387 1934 3440; x_wconf 77' lang='grc' dir='ltr'>καὶ</span> <span class='ocrx_word' id='word_1_307' title='bbox 1976 3388 2121 3440; x_wconf 79' lang='grc' dir='ltr'>Παῦ-</span> 
     </span>
    </p>
   </div>
   <div class='ocr_carea' id='block_1_37' title="bbox 453 3471 2121 3542">
    <p class='ocr_par' dir='ltr' id='par_1_37' title="bbox 453 3471 2121 3542">
     <span class='ocr_line' id='line_1_37' title="bbox 453 3471 2121 3542; baseline 0.002 -16"><span class='ocrx_word' id='word_1_308' title='bbox 453 3477 544 3539; x_wconf 83' lang='grc' dir='ltr'>λος</span> <span class='ocrx_word' id='word_1_309' title='bbox 569 3474 743 3542; x_wconf 73' lang='grc' dir='ltr'>ἔλεγε·</span> <span class='ocrx_word' id='word_1_310' title='bbox 788 3474 1158 3527; x_wconf 75' lang='grc' dir='ltr'>Κωλυόντων</span> <span class='ocrx_word' id='word_1_311' title='bbox 1187 3471 1345 3541; x_wconf 74' lang='grc' dir='ltr'>ἡμᾶς</span> <span class='ocrx_word' id='word_1_312' title='bbox 1376 3473 1499 3538; x_wconf 82' lang='grc' dir='ltr'>τοῖς</span> <span class='ocrx_word' id='word_1_313' title='bbox 1524 3473 1726 3528; x_wconf 79' lang='grc' dir='ltr'>ἔθνεσι</span> <span class='ocrx_word' id='word_1_314' title='bbox 1755 3476 1985 3530; x_wconf 73' lang='grc' dir='ltr'>λαλεῖν.</span> <span class='ocrx_word' id='word_1_315' title='bbox 2011 3479 2121 3530; x_wconf 67' lang='grc' dir='ltr'>Καὶ</span> 
     </span>
    </p>
   </div>
   <div class='ocr_carea' id='block_1_38' title="bbox 451 3560 2120 3635">
    <p class='ocr_par' dir='ltr' id='par_1_38' title="bbox 451 3560 2120 3635">
     <span class='ocr_line' id='line_1_38' title="bbox 451 3560 2120 3635; baseline 0.001 -20"><span class='ocrx_word' id='word_1_316' title='bbox 451 3561 539 3615; x_wconf 76' lang='grc' dir='ltr'>διὰ</span> <span class='ocrx_word' id='word_1_317' title='bbox 590 3561 642 3614; x_wconf 87' lang='grc' dir='ltr'>τί</span> <span class='ocrx_word' id='word_1_318' title='bbox 679 3561 753 3630; x_wconf 80' lang='grc' dir='ltr'>μὴ</span> <span class='ocrx_word' id='word_1_319' title='bbox 794 3560 1092 3628; x_wconf 88' lang='grc' dir='ltr'>ἐνέμειναν,</span> <span class='ocrx_word' id='word_1_320' title='bbox 1143 3560 1324 3630; x_wconf 72' lang='grc' dir='ltr'>φησὶν,</span> <span class='ocrx_word' id='word_1_321' title='bbox 1385 3560 1649 3627; x_wconf 83' lang='grc' dir='ltr'>ἐνταῦθα;</span> <span class='ocrx_word' id='word_1_322' title='bbox 1694 3561 1784 3614; x_wconf 86' lang='grc' dir='ltr'>διὰ</span> <span class='ocrx_word' id='word_1_323' title='bbox 1816 3563 1867 3616; x_wconf 86' lang='grc' dir='ltr'>τί</span> <span class='ocrx_word' id='word_1_324' title='bbox 1897 3565 1970 3634; x_wconf 84' lang='grc' dir='ltr'>μὴ</span> <span class='ocrx_word' id='word_1_325' title='bbox 2022 3583 2120 3635; x_wconf 75' lang='grc' dir='ltr'>ση-</span> 
     </span>
    </p>
   </div>
   <div class='ocr_carea' id='block_1_39' title="bbox 457 3647 2121 3721">
    <p class='ocr_par' dir='ltr' id='par_1_39' title="bbox 457 3647 2121 3721">
     <span class='ocr_line' id='line_1_39' title="bbox 457 3647 2121 3721; baseline 0.002 -19"><span class='ocrx_word' id='word_1_326' title='bbox 457 3651 586 3721; x_wconf 84' lang='grc' dir='ltr'>μεῖα</span> <span class='ocrx_word' id='word_1_327' title='bbox 643 3648 936 3717; x_wconf 81' lang='grc' dir='ltr'>ἐποίησαν;</span> <span class='ocrx_word' id='word_1_328' title='bbox 982 3648 1045 3700; x_wconf 77' lang='grc' dir='ltr'>Εἰ</span> <span class='ocrx_word' id='word_1_329' title='bbox 1083 3648 1191 3716; x_wconf 81' lang='grc' dir='ltr'>γὰρ</span> <span class='ocrx_word' id='word_1_330' title='bbox 1234 3648 1367 3709; x_wconf 84' lang='grc' dir='ltr'>ἐκεῖ,</span> <span class='ocrx_word' id='word_1_331' title='bbox 1419 3647 1546 3700; x_wconf 82' lang='grc' dir='ltr'>ἔνΟα</span> <span class='ocrx_word' id='word_1_332' title='bbox 1595 3648 1890 3717; x_wconf 81' lang='grc' dir='ltr'>ἐλιθάζετο,</span> <span class='ocrx_word' id='word_1_333' title='bbox 1930 3651 2121 3720; x_wconf 72' lang='grc' dir='ltr'>ἔμενεν</span> 
     </span>
    </p>
   </div>
   <div class='ocr_carea' id='block_1_40' title="bbox 455 3733 2121 3807">
    <p class='ocr_par' dir='ltr' id='par_1_40' title="bbox 455 3733 2121 3807">
     <span class='ocr_line' id='line_1_40' title="bbox 455 3733 2121 3807; baseline 0.002 -18"><span class='ocrx_word' id='word_1_334' title='bbox 455 3736 637 3791; x_wconf 74' lang='grc' dir='ltr'>ἰκανὸν</span> <span class='ocrx_word' id='word_1_335' title='bbox 662 3735 871 3807; x_wconf 90' lang='grc' dir='ltr'>χρόνον,</span> <span class='ocrx_word' id='word_1_336' title='bbox 909 3733 1086 3804; x_wconf 84' lang='grc' dir='ltr'>πολλῷ</span> <span class='ocrx_word' id='word_1_337' title='bbox 1115 3733 1314 3804; x_wconf 80' lang='grc' dir='ltr'>μᾶλλον</span> <span class='ocrx_word' id='word_1_338' title='bbox 1356 3735 1604 3788; x_wconf 83' lang='grc' dir='ltr'>ἐνταῦθα.</span> <span class='ocrx_word' id='word_1_339' title='bbox 1645 3737 1744 3790; x_wconf 82' lang='grc' dir='ltr'>Διά</span> <span class='ocrx_word' id='word_1_340' title='bbox 1773 3739 1860 3803; x_wconf 88' lang='grc' dir='ltr'>τί;</span> <span class='ocrx_word' id='word_1_341' title='bbox 1889 3739 2002 3792; x_wconf 84' lang='grc' dir='ltr'>Οὐκ</span> <span class='ocrx_word' id='word_1_342' title='bbox 2034 3739 2121 3792; x_wconf 72' lang='grc' dir='ltr'>ἀεὶ</span> 
     </span>
    </p>
   </div>
   <div class='ocr_carea' id='block_1_41' title="bbox 451 3821 2121 3898">
    <p class='ocr_par' dir='ltr' id='par_1_41' title="bbox 451 3821 2121 3898">
     <span class='ocr_line' id='line_1_41' title="bbox 451 3821 2121 3898; baseline 0.001 -21"><span class='ocrx_word' id='word_1_343' title='bbox 451 3824 700 3878; x_wconf 80' lang='grc' dir='ltr'>ἐϐούλετο</span> <span class='ocrx_word' id='word_1_344' title='bbox 737 3821 953 3884; x_wconf 80' lang='grc' dir='ltr'>τούτους</span> <span class='ocrx_word' id='word_1_345' title='bbox 1010 3824 1210 3893; x_wconf 85' lang='grc' dir='ltr'>σημεῖα</span> <span class='ocrx_word' id='word_1_346' title='bbox 1252 3831 1270 3852; x_wconf 86' lang='grc'><strong><em>⁸</em></strong></span> <span class='ocrx_word' id='word_1_347' title='bbox 1311 3825 1483 3874; x_wconf 84' lang='grc' dir='ltr'>ποιεῖν</span> <span class='ocrx_word' id='word_1_348' title='bbox 1521 3823 1673 3886; x_wconf 83' lang='grc' dir='ltr'>Θεός·</span> <span class='ocrx_word' id='word_1_349' title='bbox 1729 3824 1824 3877; x_wconf 90' lang='grc' dir='ltr'>τοῦ</span> <span class='ocrx_word' id='word_1_350' title='bbox 1875 3825 1984 3897; x_wconf 85' lang='grc' dir='ltr'>γὰρ</span> <span class='ocrx_word' id='word_1_351' title='bbox 2028 3843 2121 3898; x_wconf 87' lang='grc' dir='ltr'>ση-</span> 
     </span>
    </p>
   </div>
   <div class='ocr_carea' id='block_1_42' title="bbox 454 3903 2122 3984">
    <p class='ocr_par' dir='ltr' id='par_1_42' title="bbox 454 3903 2122 3984">
     <span class='ocr_line' id='line_1_42' title="bbox 454 3903 2122 3984; baseline 0.001 -20"><span class='ocrx_word' id='word_1_352' title='bbox 454 3915 583 3982; x_wconf 82' lang='grc' dir='ltr'>μεῖα</span> <span class='ocrx_word' id='word_1_353' title='bbox 611 3912 784 3962; x_wconf 83' lang='grc' dir='ltr'>ποιεῖν</span> <span class='ocrx_word' id='word_1_354' title='bbox 803 3911 901 3980; x_wconf 78' lang='grc' dir='ltr'>οὐχ</span> <span class='ocrx_word' id='word_1_355' title='bbox 922 3903 1082 3979; x_wconf 79' lang='grc' dir='ltr'>ἧττον</span> <span class='ocrx_word' id='word_1_356' title='bbox 1117 3910 1338 3978; x_wconf 90' lang='grc' dir='ltr'>σημεῖον</span> <span class='ocrx_word' id='word_1_357' title='bbox 1367 3908 1427 3962; x_wconf 83' lang='grc' dir='ltr'>τὸ</span> <span class='ocrx_word' id='word_1_358' title='bbox 1447 3909 1807 3982; x_wconf 80' lang='grc' dir='ltr'>διωκομένους</span> <span class='ocrx_word' id='word_1_359' title='bbox 1839 3913 2122 3984; x_wconf 86' lang='grc' dir='ltr'>περιγενέ-</span> 
     </span>
    </p>
   </div>
   <div class='ocr_carea' id='block_1_43' title="bbox 453 3995 2120 4071">
    <p class='ocr_par' dir='ltr' id='par_1_43' title="bbox 453 3995 2120 4071">
     <span class='ocr_line' id='line_1_43' title="bbox 453 3995 2120 4071; baseline -0.002 -19"><span class='ocrx_word' id='word_1_360' title='bbox 453 3999 576 4052; x_wconf 82' lang='grc' dir='ltr'>σθαι</span> <span class='ocrx_word' id='word_1_361' title='bbox 608 3998 776 4068; x_wconf 64' lang='grc' dir='ltr'>χωρὶς</span> <span class='ocrx_word' id='word_1_362' title='bbox 799 3997 1059 4068; x_wconf 81' lang='grc' dir='ltr'>σημείων.</span> <span class='ocrx_word' id='word_1_363' title='bbox 1096 3997 1258 4048; x_wconf 82' lang='grc' dir='ltr'>Ὥστε</span> <span class='ocrx_word' id='word_1_364' title='bbox 1287 3995 1536 4066; x_wconf 84' lang='grc' dir='ltr'>καθάπερ</span> <span class='ocrx_word' id='word_1_365' title='bbox 1562 3997 1656 4050; x_wconf 91' lang='grc' dir='ltr'>νῦν</span> <span class='ocrx_word' id='word_1_366' title='bbox 1690 3999 1858 4068; x_wconf 81' lang='grc' dir='ltr'>χωρὶς</span> <span class='ocrx_word' id='word_1_367' title='bbox 1881 4001 2120 4071; x_wconf 83' lang='grc' dir='ltr'>σημείων</span> 
     </span>
    </p>
   </div>
   <div class='ocr_carea' id='block_1_44' title="bbox 450 4084 2118 4159">
    <p class='ocr_par' dir='ltr' id='par_1_44' title="bbox 450 4084 2118 4159">
     <span class='ocr_line' id='line_1_44' title="bbox 450 4084 2118 4159; baseline -0.001 -19"><span class='ocrx_word' id='word_1_368' title='bbox 450 4090 665 4159; x_wconf 84' lang='grc' dir='ltr'>κρατεῖ,</span> <span class='ocrx_word' id='word_1_369' title='bbox 702 4084 845 4138; x_wconf 78' lang='grc' dir='ltr'>οὕτω</span> <span class='ocrx_word' id='word_1_370' title='bbox 875 4085 971 4138; x_wconf 76' lang='grc' dir='ltr'>καὶ</span> <span class='ocrx_word' id='word_1_371' title='bbox 998 4085 1120 4138; x_wconf 87' lang='grc' dir='ltr'>τότε</span> <span class='ocrx_word' id='word_1_372' title='bbox 1169 4084 1436 4153; x_wconf 88' lang='grc' dir='ltr'>πολλαχοῦ</span> <span class='ocrx_word' id='word_1_373' title='bbox 1468 4084 1716 4137; x_wconf 84' lang='grc' dir='ltr'>ἐϐούλετο</span> <span class='ocrx_word' id='word_1_374' title='bbox 1747 4089 1987 4155; x_wconf 89' lang='grc' dir='ltr'>κρατεῖν.</span> <span class='ocrx_word' id='word_1_375' title='bbox 2042 4089 2118 4140; x_wconf 82' lang='grc' dir='ltr'>Οὐ</span> 
     </span>
    </p>
   </div>
   <div class='ocr_carea' id='block_1_45' title="bbox 449 4173 2120 4245">
    <p class='ocr_par' dir='ltr' id='par_1_45' title="bbox 449 4173 2120 4245">
     <span class='ocr_line' id='line_1_45' title="bbox 449 4173 2120 4245; baseline 0.001 -19"><span class='ocrx_word' id='word_1_376' title='bbox 449 4175 628 4227; x_wconf 81' lang='grc' dir='ltr'>τοίνυν</span> <span class='ocrx_word' id='word_1_377' title='bbox 660 4173 780 4226; x_wconf 79' lang='grc' dir='ltr'>ούδέ</span> <span class='ocrx_word' id='word_1_378' title='bbox 815 4175 863 4225; x_wconf 91' lang='grc' dir='ltr'>οἰ</span> <span class='ocrx_word' id='word_1_379' title='bbox 886 4173 1172 4226; x_wconf 81' lang='grc' dir='ltr'>ἀπόστολοι</span> <span class='ocrx_word' id='word_1_380' title='bbox 1215 4173 1506 4241; x_wconf 81' lang='grc' dir='ltr'>ἐπέτρεχον</span> <span class='ocrx_word' id='word_1_381' title='bbox 1532 4175 1644 4234; x_wconf 87' lang='grc' dir='ltr'>τοῖς</span> <span class='ocrx_word' id='word_1_382' title='bbox 1692 4173 1959 4244; x_wconf 78' lang='grc' dir='ltr'>σημείοις,</span> <span class='ocrx_word' id='word_1_383' title='bbox 1983 4176 2120 4245; x_wconf 78' lang='grc' dir='ltr'>ὅπερ</span> 
     </span>
    </p>
   </div>
   <div class='ocr_carea' id='block_1_46' title="bbox 450 4255 2120 4327">
    <p class='ocr_par' dir='ltr' id='par_1_46' title="bbox 450 4255 2120 4327">
     <span class='ocr_line' id='line_1_46' title="bbox 450 4255 2120 4327; baseline -0.011 -15"><span class='ocrx_word' id='word_1_384' title='bbox 450 4255 543 4312; x_wconf 78' lang='grc' dir='ltr'>οῦν</span> <span class='ocrx_word' id='word_1_385' title='bbox 574 4259 669 4311; x_wconf 73' lang='grc' dir='ltr'>καὶ</span> <span class='ocrx_word' id='word_1_386' title='bbox 695 4258 854 4319; x_wconf 84' lang='grc' dir='ltr'>αὑτός</span> <span class='ocrx_word' id='word_1_387' title='bbox 879 4273 1064 4326; x_wconf 83' lang='grc' dir='ltr'>φησιν’</span> <span class='ocrx_word' id='word_1_388' title='bbox 1109 4255 1296 4324; x_wconf 84' lang='grc' dir='ltr'>Ἡμεῖς</span> <span class='ocrx_word' id='word_1_389' title='bbox 1342 4255 1410 4307; x_wconf 86' lang='grc' dir='ltr'>δὲ</span> <span class='ocrx_word' id='word_1_390' title='bbox 1448 4257 1835 4326; x_wconf 83' lang='grc' dir='ltr'>κηρύσσομεν</span> <span class='ocrx_word' id='word_1_391' title='bbox 1859 4261 2120 4327; x_wconf 63' lang='grc' dir='ltr'>Χριστὸν</span> 
     </span>
    </p>
   </div>
   <div class='ocr_carea' id='block_1_47' title="bbox 453 4343 2119 4416">
    <p class='ocr_par' dir='ltr' id='par_1_47' title="bbox 453 4343 2119 4416">
     <span class='ocr_line' id='line_1_47' title="bbox 453 4343 2119 4416; baseline 0.002 -17"><span class='ocrx_word' id='word_1_392' title='bbox 453 4343 931 4413; x_wconf 79' lang='grc' dir='ltr'>ἐσταυρωμένον.</span> <span class='ocrx_word' id='word_1_393' title='bbox 959 4346 1083 4406; x_wconf 82' lang='grc' dir='ltr'>Τοῖς</span> <span class='ocrx_word' id='word_1_394' title='bbox 1109 4346 1306 4413; x_wconf 85' lang='grc' dir='ltr'>σημεῖα</span> <span class='ocrx_word' id='word_1_395' title='bbox 1331 4343 1571 4414; x_wconf 77' lang='grc' dir='ltr'>ζητοῦσι,</span> <span class='ocrx_word' id='word_1_396' title='bbox 1613 4347 1724 4410; x_wconf 87' lang='grc' dir='ltr'>τοῖς</span> <span class='ocrx_word' id='word_1_397' title='bbox 1757 4347 1969 4416; x_wconf 73' lang='grc' dir='ltr'>σοφίαν,</span> <span class='ocrx_word' id='word_1_398' title='bbox 1991 4350 2119 4403; x_wconf 81' lang='grc' dir='ltr'>ταῦ-</span> 
     </span>
    </p>
   </div>
   <div class='ocr_carea' id='block_1_48' title="bbox 449 4428 2120 4500">
    <p class='ocr_par' dir='ltr' id='par_1_48' title="bbox 449 4428 2120 4500">
     <span class='ocr_line' id='line_1_48' title="bbox 449 4428 2120 4500; baseline 0.002 -15"><span class='ocrx_word' id='word_1_399' title='bbox 449 4450 518 4485; x_wconf 86' lang='grc' dir='ltr'>τα</span> <span class='ocrx_word' id='word_1_400' title='bbox 551 4431 822 4500; x_wconf 79' lang='grc' dir='ltr'>διδόαμεν,</span> <span class='ocrx_word' id='word_1_401' title='bbox 855 4429 890 4482; x_wconf 78' lang='grc' dir='ltr'>ἃ</span> <span class='ocrx_word' id='word_1_402' title='bbox 948 4428 1082 4499; x_wconf 81' lang='grc' dir='ltr'>μηδέ</span> <span class='ocrx_word' id='word_1_403' title='bbox 1108 4432 1246 4499; x_wconf 84' lang='grc' dir='ltr'>μετὰ</span> <span class='ocrx_word' id='word_1_404' title='bbox 1270 4430 1512 4500; x_wconf 80' lang='grc' dir='ltr'>σημείων</span> <span class='ocrx_word' id='word_1_405' title='bbox 1537 4431 1756 4486; x_wconf 87' lang='grc' dir='ltr'>δύναται</span> <span class='ocrx_word' id='word_1_406' title='bbox 1785 4436 1991 4499; x_wconf 88' lang='grc' dir='ltr'>πεῖσαι,</span> <span class='ocrx_word' id='word_1_407' title='bbox 2024 4437 2120 4490; x_wconf 77' lang='grc' dir='ltr'>καὶ</span> 
     </span>
    </p>
   </div>
   <div class='ocr_carea' id='block_1_49' title="bbox 449 4515 2116 4590">
    <p class='ocr_par' dir='ltr' id='par_1_49' title="bbox 449 4515 2116 4590">
     <span class='ocr_line' id='line_1_49' title="bbox 449 4515 2116 4590; baseline 0.003 -21"><span class='ocrx_word' id='word_1_408' title='bbox 449 4516 731 4585; x_wconf 84' lang='grc' dir='ltr'>πείθομεν.</span> <span class='ocrx_word' id='word_1_409' title='bbox 795 4515 956 4568; x_wconf 83' lang='grc' dir='ltr'>’Ὥστε</span> <span class='ocrx_word' id='word_1_410' title='bbox 999 4515 1142 4584; x_wconf 87' lang='grc' dir='ltr'>μέγα</span> <span class='ocrx_word' id='word_1_411' title='bbox 1202 4515 1362 4568; x_wconf 90' lang='grc' dir='ltr'>τοῦτο</span> <span class='ocrx_word' id='word_1_412' title='bbox 1419 4522 1642 4587; x_wconf 76' lang='grc' dir='ltr'>σημεῖον</span> <span class='ocrx_word' id='word_1_413' title='bbox 1683 4515 1773 4589; x_wconf 81' lang='grc' dir='ltr'>ἦν.</span> <span class='ocrx_word' id='word_1_414' title='bbox 1811 4522 1951 4590; x_wconf 82' lang='grc' dir='ltr'>Ὅρα</span> <span class='ocrx_word' id='word_1_415' title='bbox 1989 4522 2116 4590; x_wconf 83' lang='grc' dir='ltr'>γοῦν</span> 
     </span>
    </p>
   </div>
   <div class='ocr_carea' id='block_1_50' title="bbox 450 4601 2117 4678">
    <p class='ocr_par' dir='ltr' id='par_1_50' title="bbox 450 4601 2117 4678">
     <span class='ocr_line' id='line_1_50' title="bbox 450 4601 2117 4678; baseline 0.004 -23"><span class='ocrx_word' id='word_1_416' title='bbox 450 4601 792 4664; x_wconf 74' lang='grc' dir='ltr'>ἐπιταθέντος</span> <span class='ocrx_word' id='word_1_417' title='bbox 843 4601 936 4654; x_wconf 91' lang='grc' dir='ltr'>τοῦ</span> <span class='ocrx_word' id='word_1_418' title='bbox 969 4601 1342 4671; x_wconf 72' lang='grc' dir='ltr'>κηρύγματος,</span> <span class='ocrx_word' id='word_1_419' title='bbox 1378 4601 1492 4667; x_wconf 91' lang='grc' dir='ltr'>πῶς</span> <span class='ocrx_word' id='word_1_420' title='bbox 1520 4606 1726 4674; x_wconf 86' lang='grc' dir='ltr'>ταχέως</span> <span class='ocrx_word' id='word_1_421' title='bbox 1774 4607 2117 4678; x_wconf 78' lang='grc' dir='ltr'>ἐπιτρέχουσι</span> 
     </span>
    </p>
   </div>
   <div class='ocr_carea' id='block_1_51' title="bbox 449 4687 2117 4760">
    <p class='ocr_par' dir='ltr' id='par_1_51' title="bbox 449 4687 2117 4760">
     <span class='ocr_line' id='line_1_51' title="bbox 449 4687 2117 4760; baseline 0.002 -16"><span class='ocrx_word' id='word_1_422' title='bbox 449 4691 561 4754; x_wconf 84' lang='grc' dir='ltr'>τοῖς</span> <span class='ocrx_word' id='word_1_423' title='bbox 592 4688 857 4759; x_wconf 81' lang='grc' dir='ltr'>σημείοις.</span> <span class='ocrx_word' id='word_1_424' title='bbox 893 4688 1040 4742; x_wconf 85' lang='grc' dir='ltr'>Ἔδει</span> <span class='ocrx_word' id='word_1_425' title='bbox 1064 4687 1172 4759; x_wconf 81' lang='grc' dir='ltr'>γὰρ</span> <span class='ocrx_word' id='word_1_426' title='bbox 1204 4688 1390 4742; x_wconf 85' lang='grc' dir='ltr'>λοιπὸν</span> <span class='ocrx_word' id='word_1_427' title='bbox 1418 4690 1504 4743; x_wconf 80' lang='grc' dir='ltr'>διὰ</span> <span class='ocrx_word' id='word_1_428' title='bbox 1550 4694 1676 4756; x_wconf 82' lang='grc' dir='ltr'>τοὺς</span> <span class='ocrx_word' id='word_1_429' title='bbox 1719 4692 2117 4760; x_wconf 82' lang='grc' dir='ltr'>πιστεύσαντας</span> 
     </span>
    </p>
   </div>
   <div class='ocr_carea' id='block_1_52' title="bbox 452 4771 2111 4848">
    <p class='ocr_par' dir='ltr' id='par_1_52' title="bbox 452 4771 2111 4848">
     <span class='ocr_line' id='line_1_52' title="bbox 452 4771 2111 4848; baseline 0.006 -23"><span class='ocrx_word' id='word_1_430' title='bbox 452 4774 674 4846; x_wconf 89' lang='grc' dir='ltr'>μείζονα</span> <span class='ocrx_word' id='word_1_431' title='bbox 721 4771 857 4828; x_wconf 76' lang='grc' dir='ltr'>εἶναι</span> <span class='ocrx_word' id='word_1_432' title='bbox 910 4778 1112 4847; x_wconf 88' lang='grc' dir='ltr'>σημεῖα</span> <span class='ocrx_word' id='word_1_433' title='bbox 1151 4775 1257 4829; x_wconf 89' lang='grc' dir='ltr'>τῶν</span> <span class='ocrx_word' id='word_1_434' title='bbox 1291 4777 1524 4833; x_wconf 59' lang='grc' dir='ltr'>λοιπῶν</span> <span class='ocrx_word' id='word_1_435' title='bbox 1576 4777 1656 4832; x_wconf 83' lang='grc' dir='ltr'>διὸ</span> <span class='ocrx_word' id='word_1_436' title='bbox 1691 4779 1786 4832; x_wconf 74' lang='grc' dir='ltr'>καὶ</span> <span class='ocrx_word' id='word_1_437' title='bbox 1840 4781 2111 4848; x_wconf 87' lang='grc' dir='ltr'>γίνονται·</span> 
     </span>
    </p>
   </div>
   <div class='ocr_carea' id='block_1_53' title="bbox 449 4860 2115 4932">
    <p class='ocr_par' dir='ltr' id='par_1_53' title="bbox 449 4860 2115 4932">
     <span class='ocr_line' id='line_1_53' title="bbox 449 4860 2115 4932; baseline 0.003 -17"><span class='ocrx_word' id='word_1_438' title='bbox 449 4862 586 4916; x_wconf 89' lang='grc' dir='ltr'>ἀλλά</span> <span class='ocrx_word' id='word_1_439' title='bbox 622 4860 699 4932; x_wconf 86' lang='grc' dir='ltr'>τῷ</span> <span class='ocrx_word' id='word_1_440' title='bbox 728 4861 1030 4932; x_wconf 82' lang='grc' dir='ltr'>ὑποχωρεῖν</span> <span class='ocrx_word' id='word_1_441' title='bbox 1084 4863 1180 4916; x_wconf 76' lang='grc' dir='ltr'>καὶ</span> <span class='ocrx_word' id='word_1_442' title='bbox 1223 4863 1432 4918; x_wconf 85' lang='grc' dir='ltr'>ἐπιέναι</span> <span class='ocrx_word' id='word_1_443' title='bbox 1480 4864 1652 4920; x_wconf 87' lang='grc' dir='ltr'>ταῦτα</span> <span class='ocrx_word' id='word_1_444' title='bbox 1696 4867 1930 4922; x_wconf 86' lang='grc' dir='ltr'>ἐποίουν.</span> <span class='ocrx_word' id='word_1_445' title='bbox 1993 4868 2115 4931; x_wconf 82' lang='grc' dir='ltr'>Ἐξ-</span> 
     </span>
    </p>
   </div>
   <div class='ocr_carea' id='block_1_54' title="bbox 449 4949 2116 5020">
    <p class='ocr_par' dir='ltr' id='par_1_54' title="bbox 449 4949 2116 5020">
     <span class='ocr_line' id='line_1_54' title="bbox 449 4949 2116 5020; baseline 0.004 -20"><span class='ocrx_word' id='word_1_446' title='bbox 449 4949 815 5004; x_wconf 72' lang='grc' dir='ltr'>απέστειλαν</span> <span class='ocrx_word' id='word_1_447' title='bbox 847 4953 1052 5014; x_wconf 74' lang='grc' dir='ltr'>αὐτὸν,</span> <span class='ocrx_word' id='word_1_448' title='bbox 1078 4951 1263 5020; x_wconf 74' lang='grc' dir='ltr'>φησὶν,</span> <span class='ocrx_word' id='word_1_449' title='bbox 1292 4951 1372 5016; x_wconf 88' lang='grc' dir='ltr'>ὡς</span> <span class='ocrx_word' id='word_1_450' title='bbox 1401 4951 1501 5004; x_wconf 77' lang='grc' dir='ltr'>ἐπὶ</span> <span class='ocrx_word' id='word_1_451' title='bbox 1521 4952 1636 5020; x_wconf 79' lang='grc' dir='ltr'>τὴν</span> <span class='ocrx_word' id='word_1_452' title='bbox 1679 4953 2020 5009; x_wconf 75' lang='grc' dir='ltr'>θάλασσαν.</span> <span class='ocrx_word' id='word_1_453' title='bbox 2051 4957 2116 5008; x_wconf 85' lang='grc' dir='ltr'>Τί</span> 
     </span>
    </p>
   </div>
   <div class='ocr_carea' id='block_1_55' title="bbox 449 5033 2114 5113">
    <p class='ocr_par' dir='ltr' id='par_1_55' title="bbox 449 5033 2114 5113">
     <span class='ocr_line' id='line_1_55' title="bbox 449 5033 2114 5113; baseline 0.006 -28"><span class='ocrx_word' id='word_1_454' title='bbox 449 5033 682 5104; x_wconf 81' lang='grc' dir='ltr'>δήποτε;</span> <span class='ocrx_word' id='word_1_455' title='bbox 715 5037 877 5090; x_wconf 86' lang='grc' dir='ltr'>Ὥστε</span> <span class='ocrx_word' id='word_1_456' title='bbox 913 5038 986 5108; x_wconf 83' lang='grc' dir='ltr'>μὴ</span> <span class='ocrx_word' id='word_1_457' title='bbox 1045 5037 1300 5104; x_wconf 82' lang='grc' dir='ltr'>γενέσθαι</span> <span class='ocrx_word' id='word_1_458' title='bbox 1333 5039 1515 5102; x_wconf 79' lang='grc' dir='ltr'>αὐτοῖς</span> <span class='ocrx_word' id='word_1_459' title='bbox 1553 5039 1776 5093; x_wconf 78' lang='grc' dir='ltr'>εύκολον</span> <span class='ocrx_word' id='word_1_460' title='bbox 1806 5042 1904 5113; x_wconf 82' lang='grc' dir='ltr'>τὴν</span> <span class='ocrx_word' id='word_1_461' title='bbox 1944 5043 2114 5096; x_wconf 79' lang='grc' dir='ltr'>κατάο</span> 
     </span>
    </p>
   </div>
   <div class='ocr_carea' id='block_1_56' title="bbox 451 5120 2114 5204">
    <p class='ocr_par' dir='ltr' id='par_1_56' title="bbox 451 5120 2114 5204">
     <span class='ocr_line' id='line_1_56' title="bbox 451 5120 2114 5204; baseline 0.007 -30"><span class='ocrx_word' id='word_1_462' title='bbox 451 5120 632 5193; x_wconf 70' lang='grc' dir='ltr'>ληψιν.</span> <span class='ocrx_word' id='word_1_463' title='bbox 692 5125 848 5179; x_wconf 78' lang='grc' dir='ltr'>Οῦτω</span> <span class='ocrx_word' id='word_1_464' title='bbox 898 5127 1006 5198; x_wconf 85' lang='grc' dir='ltr'>γὰρ</span> <span class='ocrx_word' id='word_1_465' title='bbox 1067 5127 1190 5180; x_wconf 88' lang='grc' dir='ltr'>καθ’</span> <span class='ocrx_word' id='word_1_466' title='bbox 1223 5130 1450 5193; x_wconf 78' lang='grc' dir='ltr'>ἑαυτοὺς</span> <span class='ocrx_word' id='word_1_467' title='bbox 1503 5129 1643 5200; x_wconf 82' lang='grc' dir='ltr'>μέγα</span> <span class='ocrx_word' id='word_1_468' title='bbox 1670 5148 1722 5183; x_wconf 86' lang='grc' dir='ltr'>τι</span> <span class='ocrx_word' id='word_1_469' title='bbox 1752 5131 1994 5204; x_wconf 79' lang='grc' dir='ltr'>ἔπραξαν</span> <span class='ocrx_word' id='word_1_470' title='bbox 2027 5133 2114 5197; x_wconf 79' lang='grc' dir='ltr'>ἂν,</span> 
     </span>
    </p>
   </div>
   <div class='ocr_carea' id='block_1_57' title="bbox 452 5207 2116 5289">
    <p class='ocr_par' dir='ltr' id='par_1_57' title="bbox 452 5207 2116 5289">
     <span class='ocr_line' id='line_1_57' title="bbox 452 5207 2116 5289; baseline 0.01 -30"><span class='ocrx_word' id='word_1_471' title='bbox 452 5207 546 5260; x_wconf 76' lang='grc' dir='ltr'>καὶ</span> <span class='ocrx_word' id='word_1_472' title='bbox 571 5210 686 5277; x_wconf 86' lang='grc' dir='ltr'>μετ’</span> <span class='ocrx_word' id='word_1_473' title='bbox 710 5211 918 5264; x_wconf 85' lang='grc' dir='ltr'>ἐκείνου</span> <span class='ocrx_word' id='word_1_474' title='bbox 953 5213 1121 5266; x_wconf 87' lang='grc' dir='ltr'>πολλά</span> <span class='ocrx_word' id='word_1_475' title='bbox 1149 5215 1352 5284; x_wconf 72' lang='grc' dir='ltr'>ἦνυσαν</span> <span class='ocrx_word' id='word_1_476' title='bbox 1380 5218 1473 5270; x_wconf 77' lang='grc' dir='ltr'>καὶ</span> <span class='ocrx_word' id='word_1_477' title='bbox 1518 5217 1906 5289; x_wconf 88' lang='grc' dir='ltr'>κατώρθωσαν.</span> <span class='ocrx_word' id='word_1_478' title='bbox 1967 5221 2116 5284; x_wconf 87' lang='grc' dir='ltr'>Τέως</span> 
     </span>
    </p>
   </div>
   <div class='ocr_carea' id='block_1_58' title="bbox 452 5294 1318 5366">
    <p class='ocr_par' dir='ltr' id='par_1_58' title="bbox 452 5294 1318 5366">
     <span class='ocr_line' id='line_1_58' title="bbox 452 5294 1318 5366; baseline 0.013 -22"><span class='ocrx_word' id='word_1_479' title='bbox 452 5294 657 5346; x_wconf 83' lang='grc' dir='ltr'>ἐκεῖνον</span> <span class='ocrx_word' id='word_1_480' title='bbox 689 5296 993 5366; x_wconf 83' lang='grc' dir='ltr'>ἐξαρπάσαι</span> <span class='ocrx_word' id='word_1_481' title='bbox 1019 5301 1318 5356; x_wconf 88' lang='grc' dir='ltr'>ἐϐούλοντο.</span> 
     </span>
    </p>
   </div>
   <div class='ocr_carea' id='block_1_59' title="bbox 520 5379 2119 5464">
    <p class='ocr_par' dir='ltr' id='par_1_59' title="bbox 520 5379 2119 5464">
     <span class='ocr_line' id='line_1_59' title="bbox 520 5379 2119 5464; baseline 0.01 -32"><span class='ocrx_word' id='word_1_482' title='bbox 520 5385 590 5447; x_wconf 86' lang='grc' dir='ltr'>γ’.</span> <span class='ocrx_word' id='word_1_483' title='bbox 616 5379 756 5450; x_wconf 83' lang='grc' dir='ltr'>Ὅρα</span> <span class='ocrx_word' id='word_1_484' title='bbox 785 5383 922 5454; x_wconf 89' lang='grc' dir='ltr'>πόσῃ</span> <span class='ocrx_word' id='word_1_485' title='bbox 955 5385 1045 5438; x_wconf 72' lang='grc' dir='ltr'>καὶ</span> <span class='ocrx_word' id='word_1_486' title='bbox 1074 5387 1122 5439; x_wconf 87' lang='grc' dir='ltr'>οἱ</span> <span class='ocrx_word' id='word_1_487' title='bbox 1157 5390 1330 5442; x_wconf 71' lang='grc' dir='ltr'>λοιποὶ</span> <span class='ocrx_word' id='word_1_488' title='bbox 1368 5390 1609 5461; x_wconf 71' lang='grc' dir='ltr'>μαθηταὶ</span> <span class='ocrx_word' id='word_1_489' title='bbox 1641 5391 1769 5464; x_wconf 77' lang='grc' dir='ltr'>περὶ</span> <span class='ocrx_word' id='word_1_490' title='bbox 1800 5394 1924 5457; x_wconf 76' lang='grc' dir='ltr'>τοὺς</span> <span class='ocrx_word' id='word_1_491' title='bbox 1957 5411 2119 5464; x_wconf 72' lang='grc' dir='ltr'>κορυ..</span> 
     </span>
    </p>
   </div>
   <div class='ocr_carea' id='block_1_60' title="bbox 452 5466 2117 5551">
    <p class='ocr_par' dir='ltr' id='par_1_60' title="bbox 452 5466 2117 5551">
     <span class='ocr_line' id='line_1_60' title="bbox 452 5466 2117 5551; baseline 0.007 -31"><span class='ocrx_word' id='word_1_492' title='bbox 452 5466 644 5536; x_wconf 77' lang='grc' dir='ltr'>φαίους</span> <span class='ocrx_word' id='word_1_493' title='bbox 676 5469 913 5539; x_wconf 84' lang='grc' dir='ltr'>ἐχρῶντο</span> <span class='ocrx_word' id='word_1_494' title='bbox 942 5476 1005 5542; x_wconf 78' lang='grc' dir='ltr'>τῇ</span> <span class='ocrx_word' id='word_1_495' title='bbox 1032 5476 1231 5546; x_wconf 84' lang='grc' dir='ltr'>σπουδῇ</span> <span class='ocrx_word' id='word_1_496' title='bbox 1251 5492 1266 5506; x_wconf 72' lang='grc'><strong><em>⁸</em></strong></span> <span class='ocrx_word' id='word_1_497' title='bbox 1303 5478 1417 5530; x_wconf 81' lang='grc' dir='ltr'>ἀλλ’</span> <span class='ocrx_word' id='word_1_498' title='bbox 1437 5479 1535 5549; x_wconf 85' lang='grc' dir='ltr'>οὐχ</span> <span class='ocrx_word' id='word_1_499' title='bbox 1563 5479 1752 5551; x_wconf 84' lang='grc' dir='ltr'>ὥσπερ</span> <span class='ocrx_word' id='word_1_500' title='bbox 1805 5479 1899 5534; x_wconf 85' lang='grc' dir='ltr'>νῦν</span> <span class='ocrx_word' id='word_1_501' title='bbox 1949 5499 2117 5551; x_wconf 73' lang='grc' dir='ltr'>κεχωο</span> 
     </span>
    </p>
   </div>
   <div class='ocr_carea' id='block_1_61' title="bbox 453 5554 2118 5638">
    <p class='ocr_par' dir='ltr' id='par_1_61' title="bbox 453 5554 2118 5638">
     <span class='ocr_line' id='line_1_61' title="bbox 453 5554 2118 5638; baseline 0.009 -33"><span class='ocrx_word' id='word_1_502' title='bbox 453 5554 709 5625; x_wconf 87' lang='grc' dir='ltr'>ρίσμεθα,</span> <span class='ocrx_word' id='word_1_503' title='bbox 743 5556 1047 5627; x_wconf 81' lang='grc' dir='ltr'>διῃρήμεθα</span> <span class='ocrx_word' id='word_1_504' title='bbox 1070 5560 1097 5598; x_wconf 72' lang='grc' dir='ltr'>δ</span> <span class='ocrx_word' id='word_1_505' title='bbox 1131 5563 1352 5630; x_wconf 84' lang='grc' dir='ltr'>μεγάλοι</span> <span class='ocrx_word' id='word_1_506' title='bbox 1396 5565 1490 5618; x_wconf 70' lang='grc' dir='ltr'>καὶ</span> <span class='ocrx_word' id='word_1_507' title='bbox 1521 5567 1739 5638; x_wconf 83' lang='grc' dir='ltr'>μικροί⁶</span> <span class='ocrx_word' id='word_1_508' title='bbox 1795 5569 1843 5620; x_wconf 88' lang='grc' dir='ltr'>οἱ</span> <span class='ocrx_word' id='word_1_509' title='bbox 1881 5568 1977 5637; x_wconf 81' lang='grc' dir='ltr'>μὲν</span> <span class='ocrx_word' id='word_1_510' title='bbox 2029 5570 2118 5620; x_wconf 87' lang='grc' dir='ltr'>ἐπ-</span> 
     </span>
    </p>
   </div>
   <div class='ocr_carea' id='block_1_62' title="bbox 451 5641 2115 5722">
    <p class='ocr_par' dir='ltr' id='par_1_62' title="bbox 451 5641 2115 5722">
     <span class='ocr_line' id='line_1_62' title="bbox 451 5641 2115 5722; baseline 0.008 -28"><span class='ocrx_word' id='word_1_511' title='bbox 451 5641 717 5712; x_wconf 85' lang='grc' dir='ltr'>αιρόμεθα</span> <span class='ocrx_word' id='word_1_512' title='bbox 737 5683 751 5707; x_wconf 91' lang='grc'>,</span> <span class='ocrx_word' id='word_1_513' title='bbox 782 5644 830 5695; x_wconf 89' lang='grc' dir='ltr'>οἱ</span> <span class='ocrx_word' id='word_1_514' title='bbox 867 5644 923 5696; x_wconf 82' lang='grc' dir='ltr'>δὲ</span> <span class='ocrx_word' id='word_1_515' title='bbox 956 5645 1284 5718; x_wconf 72' lang='grc' dir='ltr'>φθονοῦμενΙ</span> <span class='ocrx_word' id='word_1_516' title='bbox 1317 5650 1404 5703; x_wconf 78' lang='grc' dir='ltr'>διὰ</span> <span class='ocrx_word' id='word_1_517' title='bbox 1432 5651 1590 5705; x_wconf 86' lang='grc' dir='ltr'>τοῦτο</span> <span class='ocrx_word' id='word_1_518' title='bbox 1617 5655 1857 5707; x_wconf 88' lang='grc' dir='ltr'>κάκεῖνοι</span> <span class='ocrx_word' id='word_1_519' title='bbox 1894 5654 2115 5722; x_wconf 85' lang='grc' dir='ltr'>φθονοῦ-</span> 
     </span>
    </p>
   </div>
   <div class='ocr_carea' id='block_1_63' title="bbox 453 5731 2114 5812">
    <p class='ocr_par' dir='ltr' id='par_1_63' title="bbox 453 5731 2114 5812">
     <span class='ocr_line' id='line_1_63' title="bbox 453 5731 2114 5812; baseline 0.008 -32"><span class='ocrx_word' id='word_1_520' title='bbox 453 5746 556 5793; x_wconf 85' lang='grc' dir='ltr'>σιν,</span> <span class='ocrx_word' id='word_1_521' title='bbox 589 5731 671 5782; x_wconf 85' lang='grc' dir='ltr'>ὃτι</span> <span class='ocrx_word' id='word_1_522' title='bbox 695 5732 852 5802; x_wconf 73' lang='grc' dir='ltr'>ἡμεῖς</span> <span class='ocrx_word' id='word_1_523' title='bbox 881 5733 1255 5806; x_wconf 75' lang='grc' dir='ltr'>τετυφώμεθα,</span> <span class='ocrx_word' id='word_1_524' title='bbox 1280 5737 1377 5789; x_wconf 84' lang='grc' dir='ltr'>οὐκ</span> <span class='ocrx_word' id='word_1_525' title='bbox 1419 5741 1724 5811; x_wconf 81' lang='grc' dir='ltr'>ἀνεχόμεθα</span> <span class='ocrx_word' id='word_1_526' title='bbox 1745 5742 2114 5812; x_wconf 82' lang='grc' dir='ltr'>ίσηγορεῖσθαι</span> 
     </span>
    </p>
   </div>
   <div class='ocr_carea' id='block_1_64' title="bbox 502 5825 2112 5901">
    <p class='ocr_par' dir='ltr' id='par_1_64' title="bbox 502 5825 2112 5901">
     <span class='ocr_line' id='line_1_64' title="bbox 502 5825 2112 5901; baseline 0.005 -29"><span class='ocrx_word' id='word_1_527' title='bbox 502 5825 701 5901; x_wconf 44' lang='lat' dir='ltr'>:Unps</span> <span class='ocrx_word' id='word_1_528' title='bbox 723 5830 894 5900; x_wconf 72' lang='grc' dir='ltr'>αὐτούς</span> <span class='ocrx_word' id='word_1_529' title='bbox 929 5832 1121 5893; x_wconf 85' lang='grc' dir='ltr'>σημεῖα.</span> <span class='ocrx_word' id='word_1_530' title='bbox 1191 5832 1218 5874; x_wconf 72' lang='grc' dir='ltr'>δ</span> <span class='ocrx_word' id='word_1_531' title='bbox 1245 5832 1380 5883; x_wconf 82' lang='lat' dir='ltr'><strong>Idem</strong></span> <span class='ocrx_word' id='word_1_532' title='bbox 1424 5837 1511 5899; x_wconf 72' lang='grc' dir='ltr'>οὐχ</span> <span class='ocrx_word' id='word_1_533' title='bbox 1547 5840 1710 5901; x_wconf 49' lang='grc' dir='ltr'>ὥςπερ</span> <span class='ocrx_word' id='word_1_534' title='bbox 1757 5834 1837 5883; x_wconf 83' lang='grc' dir='ltr'>νῦν</span> <span class='ocrx_word' id='word_1_535' title='bbox 1881 5853 2112 5901; x_wconf 79' lang='grc' dir='ltr'>κεχωρισ.</span> 
     </span>
    </p>
   </div>
   <div class='ocr_carea' id='block_1_65' title="bbox 457 5889 1696 5952">
    <p class='ocr_par' dir='ltr' id='par_1_65' title="bbox 457 5889 1696 5952">
     <span class='ocr_line' id='line_1_65' title="bbox 457 5889 1696 5952; baseline 0.007 -22"><span class='ocrx_word' id='word_1_536' title='bbox 457 5889 605 5945; x_wconf 61' lang='lat' dir='ltr'>vivat,</span> <span class='ocrx_word' id='word_1_537' title='bbox 639 5889 920 5952; x_wconf 74' lang='grc' dir='ltr'>διῃρημένοι.</span> <span class='ocrx_word' id='word_1_538' title='bbox 999 5889 1007 5893; x_wconf 70' lang='grc'><em>’</em></span> <span class='ocrx_word' id='word_1_539' title='bbox 1483 5889 1511 5899; x_wconf 86' lang='grc'>”</span> <span class='ocrx_word' id='word_1_540' title='bbox 1671 5889 1696 5906; x_wconf 10' lang='grc' dir='ltr'><em>γ’</em></span> 
     </span>
    </p>
   </div>
   <div class='ocr_carea' id='block_1_66' title="bbox 1230 294 3890 360">
    <p class='ocr_par' dir='ltr' id='par_1_66' title="bbox 1230 294 3890 360">
     <span class='ocr_line' id='line_1_66' title="bbox 1230 294 3890 360; baseline 0.004 -12"><span class='ocrx_word' id='word_1_541' title='bbox 1230 294 1286 351; x_wconf 89' lang='lat' dir='ltr'>S.</span> <span class='ocrx_word' id='word_1_542' title='bbox 1329 295 1613 352; x_wconf 70' lang='lat' dir='ltr'>JOANNIS</span> <span class='ocrx_word' id='word_1_543' title='bbox 1652 296 2143 356; x_wconf 68' lang='lat' dir='ltr'>CIIRYSOSTOMI</span> <span class='ocrx_word' id='word_1_544' title='bbox 2183 299 2508 354; x_wconf 77' lang='lat' dir='ltr'>ARCIIIEP.</span> <span class='ocrx_word' id='word_1_545' title='bbox 2551 299 3104 358; x_wconf 63' lang='lat' dir='ltr'>CONSTANTINOP.</span> <span class='ocrx_word' id='word_1_546' title='bbox 3795 306 3890 360; x_wconf 67' lang='lat'>‘266</span> 
     </span>
    </p>
   </div>
   <div class='ocr_carea' id='block_1_67' title="bbox 2229 416 3888 490">
    <p class='ocr_par' dir='ltr' id='par_1_67' title="bbox 2229 416 3888 490">
     <span class='ocr_line' id='line_1_67' title="bbox 2229 416 3888 490; baseline 0.002 -23"><span class='ocrx_word' id='word_1_547' title='bbox 2229 417 2344 484; x_wconf 79' lang='grc' dir='ltr'>μετ’</span> <span class='ocrx_word' id='word_1_548' title='bbox 2367 416 2565 468; x_wconf 77' lang='grc' dir='ltr'>αὐτῶν.</span> <span class='ocrx_word' id='word_1_549' title='bbox 2613 417 2711 468; x_wconf 75' lang='grc' dir='ltr'>Διὰ</span> <span class='ocrx_word' id='word_1_550' title='bbox 2740 417 2893 469; x_wconf 87' lang='grc' dir='ltr'>τοῦτο</span> <span class='ocrx_word' id='word_1_551' title='bbox 2918 419 2973 468; x_wconf 89' lang='grc' dir='ltr'>ἐν</span> <span class='ocrx_word' id='word_1_552' title='bbox 3004 419 3080 488; x_wconf 75' lang='grc' dir='ltr'>τῷ</span> <span class='ocrx_word' id='word_1_553' title='bbox 3113 421 3326 488; x_wconf 81' lang='grc' dir='ltr'>σώματι</span> <span class='ocrx_word' id='word_1_554' title='bbox 3352 422 3383 490; x_wconf 75' lang='grc' dir='ltr'><strong>ἡ</strong></span> <span class='ocrx_word' id='word_1_555' title='bbox 3415 421 3703 490; x_wconf 60' lang='grc' dir='ltr'>συμςωνία</span> <span class='ocrx_word' id='word_1_556' title='bbox 3727 423 3888 484; x_wconf 70' lang='grc' dir='ltr'>ἐστὶν,</span> 
     </span>
    </p>
   </div>
   <div class='ocr_carea' id='block_1_68' title="bbox 2226 503 3887 580">
    <p class='ocr_par' dir='ltr' id='par_1_68' title="bbox 2226 503 3887 580">
     <span class='ocr_line' id='line_1_68' title="bbox 2226 503 3887 580; baseline 0.001 -22"><span class='ocrx_word' id='word_1_557' title='bbox 2226 503 2412 573; x_wconf 79' lang='grc' dir='ltr'>ἐπειδὴ</span> <span class='ocrx_word' id='word_1_558' title='bbox 2442 504 2540 556; x_wconf 85' lang='grc' dir='ltr'>οὐκ</span> <span class='ocrx_word' id='word_1_559' title='bbox 2568 503 2680 556; x_wconf 81' lang='grc' dir='ltr'>ἔστι</span> <span class='ocrx_word' id='word_1_560' title='bbox 2717 505 2980 572; x_wconf 70' lang='grc' dir='ltr'>φυσίωσις</span> <span class='ocrx_word' id='word_1_561' title='bbox 3001 522 3013 536; x_wconf 90' lang='grc'><strong>·</strong></span> <span class='ocrx_word' id='word_1_562' title='bbox 3041 505 3139 557; x_wconf 84' lang='grc' dir='ltr'>οὐκ</span> <span class='ocrx_word' id='word_1_563' title='bbox 3164 506 3276 557; x_wconf 81' lang='grc' dir='ltr'>ἐστι</span> <span class='ocrx_word' id='word_1_564' title='bbox 3299 506 3355 559; x_wconf 66' lang='grc' dir='ltr'>δὲ</span> <span class='ocrx_word' id='word_1_565' title='bbox 3387 507 3674 574; x_wconf 80' lang='grc' dir='ltr'>φυσίωσις,</span> <span class='ocrx_word' id='word_1_566' title='bbox 3707 510 3887 580; x_wconf 76' lang='grc' dir='ltr'>ἐπειδὴ</span> 
     </span>
    </p>
   </div>
   <div class='ocr_carea' id='block_1_69' title="bbox 2225 590 3888 664">
    <p class='ocr_par' dir='ltr' id='par_1_69' title="bbox 2225 590 3888 664">
     <span class='ocr_line' id='line_1_69' title="bbox 2225 590 3888 664; baseline 0.003 -22"><span class='ocrx_word' id='word_1_567' title='bbox 2225 592 2305 653; x_wconf 89' lang='grc' dir='ltr'>είς</span> <span class='ocrx_word' id='word_1_568' title='bbox 2339 591 2582 661; x_wconf 85' lang='grc' dir='ltr'>ἀνάγκην</span> <span class='ocrx_word' id='word_1_569' title='bbox 2621 590 2713 644; x_wconf 90' lang='grc' dir='ltr'>τοῦ</span> <span class='ocrx_word' id='word_1_570' title='bbox 2743 591 2930 662; x_wconf 87' lang='grc' dir='ltr'>χρείαν</span> <span class='ocrx_word' id='word_1_571' title='bbox 2970 591 3213 663; x_wconf 84' lang='grc' dir='ltr'>ἀλλήλων</span> <span class='ocrx_word' id='word_1_572' title='bbox 3268 593 3411 662; x_wconf 86' lang='grc' dir='ltr'>ἐχειν</span> <span class='ocrx_word' id='word_1_573' title='bbox 3458 593 3528 647; x_wconf 84' lang='grc' dir='ltr'>τὰ</span> <span class='ocrx_word' id='word_1_574' title='bbox 3563 594 3700 664; x_wconf 85' lang='grc' dir='ltr'>μέλη</span> <span class='ocrx_word' id='word_1_575' title='bbox 3764 596 3888 647; x_wconf 80' lang='grc' dir='ltr'>καθ-</span> 
     </span>
    </p>
   </div>
   <div class='ocr_carea' id='block_1_70' title="bbox 2225 677 3887 749">
    <p class='ocr_par' dir='ltr' id='par_1_70' title="bbox 2225 677 3887 749">
     <span class='ocr_line' id='line_1_70' title="bbox 2225 677 3887 749; baseline 0.002 -19"><span class='ocrx_word' id='word_1_576' title='bbox 2225 677 2448 749; x_wconf 77' lang='grc' dir='ltr'>έστηκεο</span> <span class='ocrx_word' id='word_1_577' title='bbox 2478 678 2573 730; x_wconf 73' lang='grc' dir='ltr'>καὶ</span> <span class='ocrx_word' id='word_1_578' title='bbox 2603 680 2636 749; x_wconf 80' lang='grc' dir='ltr'>ἡ</span> <span class='ocrx_word' id='word_1_579' title='bbox 2666 680 2873 749; x_wconf 68' lang='grc' dir='ltr'>κεφαλὴ</span> <span class='ocrx_word' id='word_1_580' title='bbox 2923 680 3030 733; x_wconf 91' lang='grc' dir='ltr'>τῶν</span> <span class='ocrx_word' id='word_1_581' title='bbox 3077 679 3252 732; x_wconf 82' lang='grc' dir='ltr'>ποδῶν</span> <span class='ocrx_word' id='word_1_582' title='bbox 3287 680 3476 740; x_wconf 82' lang='grc' dir='ltr'>δεῖται,</span> <span class='ocrx_word' id='word_1_583' title='bbox 3509 681 3604 733; x_wconf 76' lang='grc' dir='ltr'>καὶ</span> <span class='ocrx_word' id='word_1_584' title='bbox 3633 684 3684 732; x_wconf 87' lang='grc' dir='ltr'>οἱ</span> <span class='ocrx_word' id='word_1_585' title='bbox 3733 683 3887 745; x_wconf 81' lang='grc' dir='ltr'>πόδες</span> 
     </span>
    </p>
   </div>
   <div class='ocr_carea' id='block_1_71' title="bbox 2222 766 3885 837">
    <p class='ocr_par' dir='ltr' id='par_1_71' title="bbox 2222 766 3885 837">
     <span class='ocr_line' id='line_1_71' title="bbox 2222 766 3885 837; baseline 0.003 -20"><span class='ocrx_word' id='word_1_586' title='bbox 2222 766 2320 835; x_wconf 75' lang='grc' dir='ltr'>τῆς</span> <span class='ocrx_word' id='word_1_587' title='bbox 2349 766 2610 836; x_wconf 85' lang='grc' dir='ltr'>κεφαλῆς.</span> <span class='ocrx_word' id='word_1_588' title='bbox 2641 767 2751 820; x_wconf 72' lang='grc' dir='ltr'>Καὶ</span> <span class='ocrx_word' id='word_1_589' title='bbox 2778 768 2908 836; x_wconf 78' lang='grc' dir='ltr'>ἡμῖν</span> <span class='ocrx_word' id='word_1_590' title='bbox 2941 767 3097 820; x_wconf 84' lang='grc' dir='ltr'>τοῦτο</span> <span class='ocrx_word' id='word_1_591' title='bbox 3120 769 3371 837; x_wconf 85' lang='grc' dir='ltr'>ἐποίησεν</span> <span class='ocrx_word' id='word_1_592' title='bbox 3396 772 3423 822; x_wconf 87' lang='grc' dir='ltr'>ὁ</span> <span class='ocrx_word' id='word_1_593' title='bbox 3456 769 3608 831; x_wconf 75' lang='grc' dir='ltr'>Θεὸς,</span> <span class='ocrx_word' id='word_1_594' title='bbox 3637 769 3736 821; x_wconf 71' lang='grc' dir='ltr'>καὶ</span> <span class='ocrx_word' id='word_1_595' title='bbox 3775 770 3885 822; x_wconf 76' lang='grc' dir='ltr'>οὐδὲ</span> 
     </span>
    </p>
   </div>
   <div class='ocr_carea' id='block_1_72' title="bbox 2222 851 3883 925">
    <p class='ocr_par' dir='ltr' id='par_1_72' title="bbox 2222 851 3883 925">
     <span class='ocr_line' id='line_1_72' title="bbox 2222 851 3883 925; baseline 0.002 -20"><span class='ocrx_word' id='word_1_596' title='bbox 2222 851 2394 917; x_wconf 75' lang='grc' dir='ltr'>οὕτως</span> <span class='ocrx_word' id='word_1_597' title='bbox 2427 853 2760 923; x_wconf 84' lang='grc' dir='ltr'>ἀνεχόμεθα·</span> <span class='ocrx_word' id='word_1_598' title='bbox 2813 853 2919 906; x_wconf 78' lang='grc' dir='ltr'>ἔδει</span> <span class='ocrx_word' id='word_1_599' title='bbox 2953 854 3050 924; x_wconf 84' lang='grc' dir='ltr'>μὲν</span> <span class='ocrx_word' id='word_1_600' title='bbox 3079 854 3187 925; x_wconf 87' lang='grc' dir='ltr'>γάρ</span> <span class='ocrx_word' id='word_1_601' title='bbox 3215 856 3316 908; x_wconf 67' lang='grc' dir='ltr'>καὶ</span> <span class='ocrx_word' id='word_1_602' title='bbox 3338 855 3507 924; x_wconf 67' lang='grc' dir='ltr'>χωρὶς</span> <span class='ocrx_word' id='word_1_603' title='bbox 3533 855 3723 908; x_wconf 86' lang='grc' dir='ltr'>τούτου</span> <span class='ocrx_word' id='word_1_604' title='bbox 3754 857 3883 924; x_wconf 76' lang='grc' dir='ltr'>ἀγα-</span> 
     </span>
    </p>
   </div>
   <div class='ocr_carea' id='block_1_73' title="bbox 2223 935 3882 1010">
    <p class='ocr_par' dir='ltr' id='par_1_73' title="bbox 2223 935 3882 1010">
     <span class='ocr_line' id='line_1_73' title="bbox 2223 935 3882 1010; baseline 0.002 -19"><span class='ocrx_word' id='word_1_605' title='bbox 2223 957 2332 1010; x_wconf 81' lang='grc' dir='ltr'>πην</span> <span class='ocrx_word' id='word_1_606' title='bbox 2359 935 2516 994; x_wconf 77' lang='grc' dir='ltr'>εἶναι.</span> <span class='ocrx_word' id='word_1_607' title='bbox 2553 941 2624 992; x_wconf 81' lang='grc' dir='ltr'>’Ἡ</span> <span class='ocrx_word' id='word_1_608' title='bbox 2652 940 2750 994; x_wconf 83' lang='grc' dir='ltr'>οὐκ</span> <span class='ocrx_word' id='word_1_609' title='bbox 2775 939 3001 993; x_wconf 87' lang='grc' dir='ltr'>ἀκούετε</span> <span class='ocrx_word' id='word_1_610' title='bbox 3024 941 3203 994; x_wconf 77' lang='grc' dir='ltr'>αὐτῶν</span> <span class='ocrx_word' id='word_1_611' title='bbox 3232 940 3340 993; x_wconf 90' lang='grc' dir='ltr'>τῶν</span> <span class='ocrx_word' id='word_1_612' title='bbox 3372 941 3475 1005; x_wconf 77' lang='grc' dir='ltr'>ἔξω</span> <span class='ocrx_word' id='word_1_613' title='bbox 3497 941 3882 994; x_wconf 84' lang='grc' dir='ltr'>διαϐαλλόντων</span> 
     </span>
    </p>
   </div>
   <div class='ocr_carea' id='block_1_74' title="bbox 2222 1027 3880 1097">
    <p class='ocr_par' dir='ltr' id='par_1_74' title="bbox 2222 1027 3880 1097">
     <span class='ocr_line' id='line_1_74' title="bbox 2222 1027 3880 1097; baseline 0.002 -18"><span class='ocrx_word' id='word_1_614' title='bbox 2222 1029 2388 1096; x_wconf 79' lang='grc' dir='ltr'>ἡμᾶς,</span> <span class='ocrx_word' id='word_1_615' title='bbox 2422 1029 2549 1080; x_wconf 83' lang='grc' dir='ltr'>ὅταν</span> <span class='ocrx_word' id='word_1_616' title='bbox 2589 1027 2820 1095; x_wconf 83' lang='grc' dir='ltr'>λέγωσιν</span> <span class='ocrx_word' id='word_1_617' title='bbox 2842 1043 2855 1057; x_wconf 87' lang='lat'><strong><em>°</em></strong></span> <span class='ocrx_word' id='word_1_618' title='bbox 2888 1029 2942 1080; x_wconf 86' lang='grc' dir='ltr'>αἰ</span> <span class='ocrx_word' id='word_1_619' title='bbox 2972 1030 3147 1097; x_wconf 87' lang='grc' dir='ltr'>χρεῖαι</span> <span class='ocrx_word' id='word_1_620' title='bbox 3173 1027 3377 1096; x_wconf 76' lang='grc' dir='ltr'>φιλίαις</span> <span class='ocrx_word' id='word_1_621' title='bbox 3419 1031 3481 1080; x_wconf 84' lang='grc' dir='ltr'>υἱ</span> <span class='ocrx_word' id='word_1_622' title='bbox 3515 1029 3697 1082; x_wconf 66' lang='grc' dir='ltr'>λαῖκοὶ</span> <span class='ocrx_word' id='word_1_623' title='bbox 3741 1031 3880 1083; x_wconf 82' lang='grc' dir='ltr'>δέον-</span> 
     </span>
    </p>
   </div>
   <div class='ocr_carea' id='block_1_75' title="bbox 2219 1115 3883 1185">
    <p class='ocr_par' dir='ltr' id='par_1_75' title="bbox 2219 1115 3883 1185">
     <span class='ocr_line' id='line_1_75' title="bbox 2219 1115 3883 1185; baseline 0.002 -19"><span class='ocrx_word' id='word_1_624' title='bbox 2219 1132 2308 1166; x_wconf 89' lang='grc' dir='ltr'>ται</span> <span class='ocrx_word' id='word_1_625' title='bbox 2343 1116 2499 1185; x_wconf 79' lang='grc' dir='ltr'>ἡμῶν</span> <span class='ocrx_word' id='word_1_626' title='bbox 2521 1131 2534 1144; x_wconf 83' lang='lat'><strong><em>°</em></strong></span> <span class='ocrx_word' id='word_1_627' title='bbox 2568 1117 2729 1185; x_wconf 77' lang='grc' dir='ltr'>ἡμεῖς</span> <span class='ocrx_word' id='word_1_628' title='bbox 2754 1115 2810 1169; x_wconf 86' lang='grc' dir='ltr'>δέ</span> <span class='ocrx_word' id='word_1_629' title='bbox 2843 1115 3001 1168; x_wconf 82' lang='grc' dir='ltr'>πάλιν</span> <span class='ocrx_word' id='word_1_630' title='bbox 3047 1115 3114 1167; x_wconf 87' lang='grc' dir='ltr'>δι’</span> <span class='ocrx_word' id='word_1_631' title='bbox 3141 1115 3338 1179; x_wconf 86' lang='grc' dir='ltr'>αὐτούς</span> <span class='ocrx_word' id='word_1_632' title='bbox 3373 1118 3556 1185; x_wconf 90' lang='grc' dir='ltr'>ἐσμεν.</span> <span class='ocrx_word' id='word_1_633' title='bbox 3611 1117 3771 1170; x_wconf 83' lang='grc' dir='ltr'>Οῦτω</span> <span class='ocrx_word' id='word_1_634' title='bbox 3800 1119 3883 1171; x_wconf 81' lang='grc' dir='ltr'>καί</span> 
     </span>
    </p>
   </div>
   <div class='ocr_carea' id='block_1_76' title="bbox 2219 1201 3882 1273">
    <p class='ocr_par' dir='ltr' id='par_1_76' title="bbox 2219 1201 3882 1273">
     <span class='ocr_line' id='line_1_76' title="bbox 2219 1201 3882 1273; baseline 0.001 -19"><span class='ocrx_word' id='word_1_635' title='bbox 2219 1201 2528 1264; x_wconf 70' lang='grc' dir='ltr'>διδάσκαλος</span> <span class='ocrx_word' id='word_1_636' title='bbox 2553 1203 2645 1256; x_wconf 75' lang='grc' dir='ltr'>καὶ</span> <span class='ocrx_word' id='word_1_637' title='bbox 2668 1202 2848 1273; x_wconf 84' lang='grc' dir='ltr'>ἄρχων</span> <span class='ocrx_word' id='word_1_638' title='bbox 2872 1203 2970 1255; x_wconf 82' lang='grc' dir='ltr'>οὐκ</span> <span class='ocrx_word' id='word_1_639' title='bbox 3002 1201 3065 1254; x_wconf 80' lang='grc' dir='ltr'>ἂν</span> <span class='ocrx_word' id='word_1_640' title='bbox 3095 1202 3201 1273; x_wconf 73' lang='grc' dir='ltr'>εἴη,</span> <span class='ocrx_word' id='word_1_641' title='bbox 3237 1204 3310 1273; x_wconf 80' lang='grc' dir='ltr'>μὴ</span> <span class='ocrx_word' id='word_1_642' title='bbox 3344 1203 3453 1255; x_wconf 89' lang='grc' dir='ltr'>τῶν</span> <span class='ocrx_word' id='word_1_643' title='bbox 3489 1203 3882 1273; x_wconf 81' lang='grc' dir='ltr'>διδασκομένων</span> 
     </span>
    </p>
   </div>
   <div class='ocr_carea' id='block_1_77' title="bbox 2218 1289 3880 1361">
    <p class='ocr_par' dir='ltr' id='par_1_77' title="bbox 2218 1289 3880 1361">
     <span class='ocr_line' id='line_1_77' title="bbox 2218 1289 3880 1361; baseline 0.001 -20"><span class='ocrx_word' id='word_1_644' title='bbox 2218 1289 2384 1342; x_wconf 76' lang='grc' dir='ltr'>ὅντων</span> <span class='ocrx_word' id='word_1_645' title='bbox 2413 1289 2636 1342; x_wconf 77' lang='grc' dir='ltr'>καὶτῶν</span> <span class='ocrx_word' id='word_1_646' title='bbox 2665 1289 2997 1361; x_wconf 84' lang='grc' dir='ltr'>ἀρχομένων,</span> <span class='ocrx_word' id='word_1_647' title='bbox 3022 1290 3129 1342; x_wconf 75' lang='grc' dir='ltr'>οὐδ’</span> <span class='ocrx_word' id='word_1_648' title='bbox 3149 1289 3212 1342; x_wconf 84' lang='grc' dir='ltr'>ἂν</span> <span class='ocrx_word' id='word_1_649' title='bbox 3248 1289 3568 1354; x_wconf 79' lang='grc' dir='ltr'>ἐπιδείξαιτο</span> <span class='ocrx_word' id='word_1_650' title='bbox 3596 1291 3665 1344; x_wconf 75' lang='grc' dir='ltr'>τὰ</span> <span class='ocrx_word' id='word_1_651' title='bbox 3694 1291 3880 1344; x_wconf 72' lang='grc' dir='ltr'>αὐτοῦ’</span> 
     </span>
    </p>
   </div>
   <div class='ocr_carea' id='block_1_78' title="bbox 2217 1375 3882 1446">
    <p class='ocr_par' dir='ltr' id='par_1_78' title="bbox 2217 1375 3882 1446">
     <span class='ocr_line' id='line_1_78' title="bbox 2217 1375 3882 1446; baseline 0.001 -19"><span class='ocrx_word' id='word_1_652' title='bbox 2217 1376 2279 1428; x_wconf 85' lang='grc' dir='ltr'>ού</span> <span class='ocrx_word' id='word_1_653' title='bbox 2314 1375 2420 1446; x_wconf 76' lang='grc' dir='ltr'>γὰρ</span> <span class='ocrx_word' id='word_1_654' title='bbox 2449 1377 2514 1429; x_wconf 82' lang='grc' dir='ltr'>ἂν</span> <span class='ocrx_word' id='word_1_655' title='bbox 2550 1375 2780 1428; x_wconf 87' lang='grc' dir='ltr'>δύναιτο.</span> <span class='ocrx_word' id='word_1_656' title='bbox 2821 1375 3142 1446; x_wconf 82' lang='grc' dir='ltr'>Καθάπερή</span> <span class='ocrx_word' id='word_1_657' title='bbox 3193 1379 3264 1443; x_wconf 78' lang='grc' dir='ltr'>γῆ</span> <span class='ocrx_word' id='word_1_658' title='bbox 3290 1376 3384 1430; x_wconf 87' lang='grc' dir='ltr'>τοῦ</span> <span class='ocrx_word' id='word_1_659' title='bbox 3424 1376 3694 1446; x_wconf 86' lang='grc' dir='ltr'>γεωργοῦ,</span> <span class='ocrx_word' id='word_1_660' title='bbox 3732 1378 3829 1430; x_wconf 77' lang='grc' dir='ltr'>καὶ</span> <span class='ocrx_word' id='word_1_661' title='bbox 3859 1379 3882 1429; x_wconf 81' lang='grc' dir='ltr'><strong><em>ὁ</em></strong></span> 
     </span>
    </p>
   </div>
   <div class='ocr_carea' id='block_1_79' title="bbox 2218 1460 3882 1533">
    <p class='ocr_par' dir='ltr' id='par_1_79' title="bbox 2218 1460 3882 1533">
     <span class='ocr_line' id='line_1_79' title="bbox 2218 1460 3882 1533; baseline 0.002 -20"><span class='ocrx_word' id='word_1_662' title='bbox 2218 1461 2462 1530; x_wconf 84' lang='grc' dir='ltr'>γεωργὸς</span> <span class='ocrx_word' id='word_1_663' title='bbox 2487 1462 2656 1514; x_wconf 83' lang='grc' dir='ltr'>δεῖται</span> <span class='ocrx_word' id='word_1_664' title='bbox 2685 1460 2832 1533; x_wconf 70' lang='grc'>[(284]</span> <span class='ocrx_word' id='word_1_665' title='bbox 2857 1461 2958 1530; x_wconf 80' lang='grc' dir='ltr'>τῆς</span> <span class='ocrx_word' id='word_1_666' title='bbox 2985 1461 3086 1531; x_wconf 80' lang='grc' dir='ltr'>γῆς</span> <span class='ocrx_word' id='word_1_667' title='bbox 3106 1478 3120 1491; x_wconf 80' lang='grc'><em>’</em></span> <span class='ocrx_word' id='word_1_668' title='bbox 3152 1460 3293 1514; x_wconf 74' lang='grc' dir='ltr'>οὕτω</span> <span class='ocrx_word' id='word_1_669' title='bbox 3335 1463 3428 1515; x_wconf 72' lang='grc' dir='ltr'>καὶ</span> <span class='ocrx_word' id='word_1_670' title='bbox 3451 1462 3706 1516; x_wconf 81' lang='grc' dir='ltr'>ἐνταῦθα.</span> <span class='ocrx_word' id='word_1_671' title='bbox 3731 1465 3882 1516; x_wconf 84' lang='grc' dir='ltr'>Ποῖον</span> 
     </span>
    </p>
   </div>
   <div class='ocr_carea' id='block_1_80' title="bbox 2220 1546 3882 1617">
    <p class='ocr_par' dir='ltr' id='par_1_80' title="bbox 2220 1546 3882 1617">
     <span class='ocr_line' id='line_1_80' title="bbox 2220 1546 3882 1617; baseline 0.003 -19"><span class='ocrx_word' id='word_1_672' title='bbox 2220 1546 2328 1616; x_wconf 76' lang='grc' dir='ltr'>γὰρ</span> <span class='ocrx_word' id='word_1_673' title='bbox 2361 1547 2473 1616; x_wconf 75' lang='grc' dir='ltr'>ἔχει</span> <span class='ocrx_word' id='word_1_674' title='bbox 2513 1547 2700 1617; x_wconf 84' lang='grc' dir='ltr'>μισθὸν</span> <span class='ocrx_word' id='word_1_675' title='bbox 2744 1548 3085 1610; x_wconf 86' lang='grc' dir='ltr'>διδάσκαλος,</span> <span class='ocrx_word' id='word_1_676' title='bbox 3135 1549 3233 1600; x_wconf 81' lang='grc' dir='ltr'>οὐκ</span> <span class='ocrx_word' id='word_1_677' title='bbox 3270 1547 3410 1617; x_wconf 78' lang='grc' dir='ltr'>ἔχων</span> <span class='ocrx_word' id='word_1_678' title='bbox 3459 1549 3723 1613; x_wconf 78' lang='grc' dir='ltr'>ἐπιδεῖξαι</span> <span class='ocrx_word' id='word_1_679' title='bbox 3765 1552 3882 1615; x_wconf 71' lang='grc' dir='ltr'>τοὺς</span> 
     </span>
    </p>
   </div>
   <div class='ocr_carea' id='block_1_81' title="bbox 2219 1633 3882 1707">
    <p class='ocr_par' dir='ltr' id='par_1_81' title="bbox 2219 1633 3882 1707">
     <span class='ocr_line' id='line_1_81' title="bbox 2219 1633 3882 1707; baseline 0.002 -21"><span class='ocrx_word' id='word_1_680' title='bbox 2219 1633 2594 1704; x_wconf 87' lang='grc' dir='ltr'>διδαχθέντας;</span> <span class='ocrx_word' id='word_1_681' title='bbox 2624 1638 2772 1689; x_wconf 90' lang='grc' dir='ltr'>ποῖον</span> <span class='ocrx_word' id='word_1_682' title='bbox 2796 1635 2850 1688; x_wconf 85' lang='grc' dir='ltr'>δέ</span> <span class='ocrx_word' id='word_1_683' title='bbox 2873 1637 2921 1688; x_wconf 87' lang='grc' dir='ltr'>οἰ</span> <span class='ocrx_word' id='word_1_684' title='bbox 2959 1635 3352 1705; x_wconf 85' lang='grc' dir='ltr'>διδασκόμενοι,</span> <span class='ocrx_word' id='word_1_685' title='bbox 3383 1636 3455 1707; x_wconf 78' lang='grc' dir='ltr'>μὴ</span> <span class='ocrx_word' id='word_1_686' title='bbox 3479 1637 3882 1702; x_wconf 85' lang='grc' dir='ltr'>ἀπολαύσαντες</span> 
     </span>
    </p>
   </div>
   <div class='ocr_carea' id='block_1_82' title="bbox 2217 1720 3881 1793">
    <p class='ocr_par' dir='ltr' id='par_1_82' title="bbox 2217 1720 3881 1793">
     <span class='ocr_line' id='line_1_82' title="bbox 2217 1720 3881 1793; baseline 0.001 -19"><span class='ocrx_word' id='word_1_687' title='bbox 2217 1720 2564 1785; x_wconf 86' lang='grc' dir='ltr'>διδασκαλίας</span> <span class='ocrx_word' id='word_1_688' title='bbox 2595 1722 2859 1793; x_wconf 80' lang='grc' dir='ltr'>ἀρίστηςς</span> <span class='ocrx_word' id='word_1_689' title='bbox 2911 1723 3076 1774; x_wconf 84' lang='grc' dir='ltr'>Ὥστε</span> <span class='ocrx_word' id='word_1_690' title='bbox 3111 1721 3310 1792; x_wconf 83' lang='grc' dir='ltr'>ὁμοίως</span> <span class='ocrx_word' id='word_1_691' title='bbox 3347 1723 3593 1790; x_wconf 81' lang='grc' dir='ltr'>ἀλλήλων</span> <span class='ocrx_word' id='word_1_692' title='bbox 3613 1723 3881 1793; x_wconf 77' lang='grc' dir='ltr'>χρῄζομεν</span> 
     </span>
    </p>
   </div>
   <div class='ocr_carea' id='block_1_83' title="bbox 2220 1808 3883 1879">
    <p class='ocr_par' dir='ltr' id='par_1_83' title="bbox 2220 1808 3883 1879">
     <span class='ocr_line' id='line_1_83' title="bbox 2220 1808 3883 1879; baseline 0.002 -20"><span class='ocrx_word' id='word_1_693' title='bbox 2220 1809 2399 1870; x_wconf 84' lang='grc' dir='ltr'>πάλιν,</span> <span class='ocrx_word' id='word_1_694' title='bbox 2456 1809 2550 1862; x_wconf 86' lang='grc' dir='ltr'>καί</span> <span class='ocrx_word' id='word_1_695' title='bbox 2618 1810 2876 1878; x_wconf 86' lang='grc' dir='ltr'>ἄρχοντες</span> <span class='ocrx_word' id='word_1_696' title='bbox 2915 1808 3253 1878; x_wconf 85' lang='grc' dir='ltr'>ἀρχομένων,</span> <span class='ocrx_word' id='word_1_697' title='bbox 3283 1808 3378 1860; x_wconf 77' lang='grc' dir='ltr'>καὶ</span> <span class='ocrx_word' id='word_1_698' title='bbox 3443 1810 3748 1879; x_wconf 76' lang='grc' dir='ltr'>ἡγούμενος</span> <span class='ocrx_word' id='word_1_699' title='bbox 3789 1811 3883 1862; x_wconf 79' lang='grc' dir='ltr'>ὐπ-</span> 
     </span>
    </p>
   </div>
   <div class='ocr_carea' id='block_1_84' title="bbox 2217 1895 3882 1968">
    <p class='ocr_par' dir='ltr' id='par_1_84' title="bbox 2217 1895 3882 1968">
     <span class='ocr_line' id='line_1_84' title="bbox 2217 1895 3882 1968; baseline 0 -19"><span class='ocrx_word' id='word_1_700' title='bbox 2217 1897 2396 1967; x_wconf 88' lang='grc' dir='ltr'>ηκόων</span> <span class='ocrx_word' id='word_1_701' title='bbox 2419 1912 2432 1927; x_wconf 90' lang='grc'><strong>·</strong></span> <span class='ocrx_word' id='word_1_702' title='bbox 2488 1897 2743 1968; x_wconf 82' lang='grc' dir='ltr'>ἄρχοντες</span> <span class='ocrx_word' id='word_1_703' title='bbox 2776 1897 2873 1967; x_wconf 85' lang='grc' dir='ltr'>μὲν</span> <span class='ocrx_word' id='word_1_704' title='bbox 2902 1897 3009 1967; x_wconf 69' lang='grc' dir='ltr'>γὰρ</span> <span class='ocrx_word' id='word_1_705' title='bbox 3065 1895 3274 1948; x_wconf 88' lang='grc' dir='ltr'>πολλῶν</span> <span class='ocrx_word' id='word_1_706' title='bbox 3305 1897 3508 1949; x_wconf 73' lang='grc' dir='ltr'>ἕνεκεν.</span> <span class='ocrx_word' id='word_1_707' title='bbox 3562 1897 3759 1960; x_wconf 69' lang='grc' dir='ltr'>Οὐδεὶς</span> <span class='ocrx_word' id='word_1_708' title='bbox 3784 1899 3882 1968; x_wconf 71' lang='grc' dir='ltr'>γὰρ</span> 
     </span>
    </p>
   </div>
   <div class='ocr_carea' id='block_1_85' title="bbox 2220 1984 3882 2057">
    <p class='ocr_par' dir='ltr' id='par_1_85' title="bbox 2220 1984 3882 2057">
     <span class='ocr_line' id='line_1_85' title="bbox 2220 1984 3882 2057; baseline 0.001 -20"><span class='ocrx_word' id='word_1_709' title='bbox 2220 1985 2379 2056; x_wconf 70' lang='grc' dir='ltr'>ἀρκεῖ</span> <span class='ocrx_word' id='word_1_710' title='bbox 2405 1984 2525 2038; x_wconf 85' lang='grc' dir='ltr'>καθ’</span> <span class='ocrx_word' id='word_1_711' title='bbox 2560 1986 2748 2038; x_wconf 83' lang='grc' dir='ltr'>ἑαυτόν</span> <span class='ocrx_word' id='word_1_712' title='bbox 2776 2003 2826 2038; x_wconf 85' lang='grc' dir='ltr'>τι</span> <span class='ocrx_word' id='word_1_713' title='bbox 2849 1985 3072 2057; x_wconf 80' lang='grc' dir='ltr'>πρᾶξαι,</span> <span class='ocrx_word' id='word_1_714' title='bbox 3101 1985 3164 2039; x_wconf 80' lang='grc' dir='ltr'>ἄν</span> <span class='ocrx_word' id='word_1_715' title='bbox 3192 2002 3249 2038; x_wconf 89' lang='grc' dir='ltr'>τε</span> <span class='ocrx_word' id='word_1_716' title='bbox 3275 1985 3647 2055; x_wconf 82' lang='grc' dir='ltr'>χειροτονῆσαι</span> <span class='ocrx_word' id='word_1_717' title='bbox 3675 1985 3794 2056; x_wconf 83' lang='grc' dir='ltr'>δέῃ,</span> <span class='ocrx_word' id='word_1_718' title='bbox 3827 1988 3882 2038; x_wconf 84' lang='grc' dir='ltr'>ἀν</span> 
     </span>
    </p>
   </div>
   <div class='ocr_carea' id='block_1_86' title="bbox 2218 2070 3964 2144">
    <p class='ocr_par' dir='ltr' id='par_1_86' title="bbox 2218 2070 3964 2144">
     <span class='ocr_line' id='line_1_86' title="bbox 2218 2070 3964 2144; baseline -0.001 -20"><span class='ocrx_word' id='word_1_719' title='bbox 2218 2089 2276 2124; x_wconf 88' lang='grc' dir='ltr'>τε</span> <span class='ocrx_word' id='word_1_720' title='bbox 2312 2071 2504 2142; x_wconf 74' lang='grc' dir='ltr'>βουλὰς</span> <span class='ocrx_word' id='word_1_721' title='bbox 2547 2071 2845 2140; x_wconf 65' lang='grc' dir='ltr'>σκέψασθαι</span> <span class='ocrx_word' id='word_1_722' title='bbox 2889 2072 2981 2124; x_wconf 78' lang='grc' dir='ltr'>καὶ</span> <span class='ocrx_word' id='word_1_723' title='bbox 3021 2071 3263 2141; x_wconf 86' lang='grc' dir='ltr'>γνώμας,</span> <span class='ocrx_word' id='word_1_724' title='bbox 3300 2071 3433 2125; x_wconf 84' lang='grc' dir='ltr'>ἀλλᾶ</span> <span class='ocrx_word' id='word_1_725' title='bbox 3457 2070 3778 2141; x_wconf 76' lang='grc' dir='ltr'>τιμιώτεροι</span> <span class='ocrx_word' id='word_1_726' title='bbox 3805 2073 3881 2139; x_wconf 85' lang='grc' dir='ltr'>γί-</span> <span class='ocrx_word' id='word_1_727' title='bbox 3961 2140 3964 2144; x_wconf 26' lang='grc'>.</span> 
     </span>
    </p>
   </div>
   <div class='ocr_carea' id='block_1_87' title="bbox 2219 2151 3882 2228">
    <p class='ocr_par' dir='ltr' id='par_1_87' title="bbox 2219 2151 3882 2228">
     <span class='ocr_line' id='line_1_87' title="bbox 2219 2151 3882 2228; baseline 0.001 -20"><span class='ocrx_word' id='word_1_728' title='bbox 2219 2174 2397 2212; x_wconf 84' lang='grc' dir='ltr'>νονται</span> <span class='ocrx_word' id='word_1_729' title='bbox 2417 2159 2520 2212; x_wconf 83' lang='grc' dir='ltr'>ἀπὸ</span> <span class='ocrx_word' id='word_1_730' title='bbox 2547 2160 2642 2228; x_wconf 83' lang='grc' dir='ltr'>τῆς</span> <span class='ocrx_word' id='word_1_731' title='bbox 2666 2157 2882 2211; x_wconf 87' lang='grc' dir='ltr'>συνόδου</span> <span class='ocrx_word' id='word_1_732' title='bbox 2909 2157 3003 2210; x_wconf 67' lang='grc' dir='ltr'>καὶ</span> <span class='ocrx_word' id='word_1_733' title='bbox 3023 2156 3115 2209; x_wconf 90' lang='grc' dir='ltr'>τοῦ</span> <span class='ocrx_word' id='word_1_734' title='bbox 3138 2157 3388 2227; x_wconf 79' lang='grc' dir='ltr'>πλήθους.</span> <span class='ocrx_word' id='word_1_735' title='bbox 3419 2151 3562 2220; x_wconf 75' lang='grc' dir='ltr'>υἷον,</span> <span class='ocrx_word' id='word_1_736' title='bbox 3582 2159 3632 2209; x_wconf 87' lang='grc' dir='ltr'>οἱ</span> <span class='ocrx_word' id='word_1_737' title='bbox 3657 2157 3882 2226; x_wconf 80' lang='grc' dir='ltr'>πένητες</span> 
     </span>
    </p>
   </div>
   <div class='ocr_carea' id='block_1_88' title="bbox 2219 2244 3882 2315">
    <p class='ocr_par' dir='ltr' id='par_1_88' title="bbox 2219 2244 3882 2315">
     <span class='ocr_line' id='line_1_88' title="bbox 2219 2244 3882 2315; baseline 0 -18"><span class='ocrx_word' id='word_1_738' title='bbox 2219 2244 2326 2297; x_wconf 86' lang='grc' dir='ltr'>τῶν</span> <span class='ocrx_word' id='word_1_739' title='bbox 2363 2245 2610 2298; x_wconf 88' lang='grc' dir='ltr'>διδόντων</span> <span class='ocrx_word' id='word_1_740' title='bbox 2653 2245 2963 2315; x_wconf 78' lang='grc' dir='ltr'>χρῄζουσιν,</span> <span class='ocrx_word' id='word_1_741' title='bbox 3006 2245 3054 2296; x_wconf 88' lang='grc' dir='ltr'>οί</span> <span class='ocrx_word' id='word_1_742' title='bbox 3085 2244 3314 2307; x_wconf 79' lang='grc' dir='ltr'>διδόντες</span> <span class='ocrx_word' id='word_1_743' title='bbox 3343 2244 3452 2297; x_wconf 85' lang='grc' dir='ltr'>τῶν</span> <span class='ocrx_word' id='word_1_744' title='bbox 3500 2244 3882 2313; x_wconf 87' lang='grc' dir='ltr'>λαμϐανόντων</span> 
     </span>
    </p>
   </div>
   <div class='ocr_carea' id='block_1_89' title="bbox 2219 2329 3882 2400">
    <p class='ocr_par' dir='ltr' id='par_1_89' title="bbox 2219 2329 3882 2400">
     <span class='ocr_line' id='line_1_89' title="bbox 2219 2329 3882 2400; baseline 0.001 -18"><span class='ocrx_word' id='word_1_745' title='bbox 2219 2330 2397 2384; x_wconf 84' lang='grc' dir='ltr'>πάλιν.</span> <span class='ocrx_word' id='word_1_746' title='bbox 2435 2331 2780 2395; x_wconf 67' lang='grc' dir='ltr'>Ἀλλήλους,</span> <span class='ocrx_word' id='word_1_747' title='bbox 2817 2331 2972 2400; x_wconf 69' lang='grc' dir='ltr'>φησὶ,</span> <span class='ocrx_word' id='word_1_748' title='bbox 3024 2329 3459 2395; x_wconf 77' lang='grc' dir='ltr'>κατανοοῦντες</span> <span class='ocrx_word' id='word_1_749' title='bbox 3489 2333 3578 2396; x_wconf 80' lang='grc' dir='ltr'>εἰς</span> <span class='ocrx_word' id='word_1_750' title='bbox 3625 2332 3882 2398; x_wconf 76' lang='grc' dir='ltr'>,παροξυ-</span> 
     </span>
    </p>
   </div>
   <div class='ocr_carea' id='block_1_90' title="bbox 2214 2414 3884 2485">
    <p class='ocr_par' dir='ltr' id='par_1_90' title="bbox 2214 2414 3884 2485">
     <span class='ocr_line' id='line_1_90' title="bbox 2214 2414 3884 2485; baseline 0.001 -17"><span class='ocrx_word' id='word_1_751' title='bbox 2214 2415 2375 2484; x_wconf 81' lang='grc' dir='ltr'>σμὸν</span> <span class='ocrx_word' id='word_1_752' title='bbox 2397 2415 2650 2483; x_wconf 78' lang='grc' dir='ltr'>ἀγάπης,</span> <span class='ocrx_word' id='word_1_753' title='bbox 2689 2416 2785 2469; x_wconf 85' lang='grc' dir='ltr'>καὶ</span> <span class='ocrx_word' id='word_1_754' title='bbox 2814 2414 3014 2468; x_wconf 71' lang='grc' dir='ltr'>καλῶν</span> <span class='ocrx_word' id='word_1_755' title='bbox 3045 2415 3254 2484; x_wconf 80' lang='grc' dir='ltr'>ἔργων,</span> <span class='ocrx_word' id='word_1_756' title='bbox 3296 2416 3394 2468; x_wconf 67' lang='grc' dir='ltr'>Διὰ</span> <span class='ocrx_word' id='word_1_757' title='bbox 3446 2415 3604 2468; x_wconf 84' lang='grc' dir='ltr'>τοῦτο</span> <span class='ocrx_word' id='word_1_758' title='bbox 3667 2417 3884 2485; x_wconf 75' lang='grc' dir='ltr'>μείζονα</span> 
     </span>
    </p>
   </div>
   <div class='ocr_carea' id='block_1_91' title="bbox 2217 2502 3883 2573">
    <p class='ocr_par' dir='ltr' id='par_1_91' title="bbox 2217 2502 3883 2573">
     <span class='ocr_line' id='line_1_91' title="bbox 2217 2502 3883 2573; baseline -0.001 -17"><span class='ocrx_word' id='word_1_759' title='bbox 2217 2503 2438 2557; x_wconf 85' lang='grc' dir='ltr'>δύναται</span> <span class='ocrx_word' id='word_1_760' title='bbox 2469 2503 2531 2555; x_wconf 82' lang='grc' dir='ltr'>τὸ</span> <span class='ocrx_word' id='word_1_761' title='bbox 2557 2504 2733 2555; x_wconf 81' lang='grc' dir='ltr'>κοινὸν</span> <span class='ocrx_word' id='word_1_762' title='bbox 2764 2503 2864 2572; x_wconf 74' lang='grc' dir='ltr'>τῆς</span> <span class='ocrx_word' id='word_1_763' title='bbox 2890 2502 3236 2570; x_wconf 79' lang='grc' dir='ltr'>Ἑκκλησίας,</span> <span class='ocrx_word' id='word_1_764' title='bbox 3271 2503 3363 2556; x_wconf 74' lang='grc' dir='ltr'>καὶ</span> <span class='ocrx_word' id='word_1_765' title='bbox 3405 2503 3549 2573; x_wconf 77' lang='grc' dir='ltr'>ειπερ</span> <span class='ocrx_word' id='word_1_766' title='bbox 3607 2503 3735 2556; x_wconf 79' lang='grc' dir='ltr'>καθ’</span> <span class='ocrx_word' id='word_1_767' title='bbox 3766 2505 3883 2557; x_wconf 74' lang='grc' dir='ltr'>ἐαυ-</span> 
     </span>
    </p>
   </div>
   <div class='ocr_carea' id='block_1_92' title="bbox 2219 2590 3884 2669">
    <p class='ocr_par' dir='ltr' id='par_1_92' title="bbox 2219 2590 3884 2669">
     <span class='ocr_line' id='line_1_92' title="bbox 2219 2590 3884 2669; baseline -0.002 -23"><span class='ocrx_word' id='word_1_768' title='bbox 2219 2595 2308 2646; x_wconf 78' lang='grc' dir='ltr'>τὸν</span> <span class='ocrx_word' id='word_1_769' title='bbox 2320 2594 2380 2645; x_wconf 84' lang='grc' dir='ltr'>οὐ</span> <span class='ocrx_word' id='word_1_770' title='bbox 2406 2592 2624 2646; x_wconf 83' lang='grc' dir='ltr'>δύναταί</span> <span class='ocrx_word' id='word_1_771' title='bbox 2650 2606 2751 2669; x_wconf 58' lang='grc' dir='ltr'>τις,</span> <span class='ocrx_word' id='word_1_772' title='bbox 2774 2591 2908 2661; x_wconf 88' lang='grc' dir='ltr'>μετὰ</span> <span class='ocrx_word' id='word_1_773' title='bbox 2934 2590 3040 2643; x_wconf 86' lang='grc' dir='ltr'>τῶν</span> <span class='ocrx_word' id='word_1_774' title='bbox 3060 2590 3234 2643; x_wconf 77' lang='grc' dir='ltr'>ἄλλων</span> <span class='ocrx_word' id='word_1_775' title='bbox 3253 2592 3529 2660; x_wconf 86' lang='grc' dir='ltr'>γινόμενος</span> <span class='ocrx_word' id='word_1_776' title='bbox 3560 2592 3758 2660; x_wconf 83' lang='grc' dir='ltr'>ἰσχύει.</span> <span class='ocrx_word' id='word_1_777' title='bbox 3793 2593 3884 2643; x_wconf 60' lang='lat' dir='ltr'>Ax)</span> 
     </span>
    </p>
   </div>
   <div class='ocr_carea' id='block_1_93' title="bbox 2218 2677 3883 2750">
    <p class='ocr_par' dir='ltr' id='par_1_93' title="bbox 2218 2677 3883 2750">
     <span class='ocr_line' id='line_1_93' title="bbox 2218 2677 3883 2750; baseline -0.002 -18"><span class='ocrx_word' id='word_1_778' title='bbox 2218 2679 2372 2732; x_wconf 84' lang='grc' dir='ltr'>τοῦτο</span> <span class='ocrx_word' id='word_1_779' title='bbox 2424 2679 2655 2750; x_wconf 86' lang='grc' dir='ltr'>μάλιστα</span> <span class='ocrx_word' id='word_1_780' title='bbox 2697 2679 2986 2746; x_wconf 85' lang='grc' dir='ltr'>ἀναγκαῖαι</span> <span class='ocrx_word' id='word_1_781' title='bbox 3037 2678 3092 2728; x_wconf 89' lang='grc' dir='ltr'>αἱ</span> <span class='ocrx_word' id='word_1_782' title='bbox 3141 2678 3296 2745; x_wconf 80' lang='grc' dir='ltr'>εὐχαὶ</span> <span class='ocrx_word' id='word_1_783' title='bbox 3355 2677 3592 2730; x_wconf 85' lang='grc' dir='ltr'>ἐνταῦθα</span> <span class='ocrx_word' id='word_1_784' title='bbox 3644 2679 3883 2747; x_wconf 82' lang='grc' dir='ltr'>γίνονται</span> 
     </span>
    </p>
   </div>
   <div class='ocr_carea' id='block_1_94' title="bbox 2218 2763 3886 2837">
    <p class='ocr_par' dir='ltr' id='par_1_94' title="bbox 2218 2763 3886 2837">
     <span class='ocr_line' id='line_1_94' title="bbox 2218 2763 3886 2837; baseline -0.001 -18"><span class='ocrx_word' id='word_1_785' title='bbox 2218 2767 2354 2837; x_wconf 80' lang='grc' dir='ltr'>ὑπὲρ</span> <span class='ocrx_word' id='word_1_786' title='bbox 2387 2767 2485 2837; x_wconf 77' lang='grc' dir='ltr'>τῆς</span> <span class='ocrx_word' id='word_1_787' title='bbox 2504 2766 2846 2836; x_wconf 86' lang='grc' dir='ltr'>οἰκουμένης,</span> <span class='ocrx_word' id='word_1_788' title='bbox 2876 2763 3015 2835; x_wconf 81' lang='grc' dir='ltr'>ὑπὲρ</span> <span class='ocrx_word' id='word_1_789' title='bbox 3041 2764 3136 2835; x_wconf 78' lang='grc' dir='ltr'>τῆς</span> <span class='ocrx_word' id='word_1_790' title='bbox 3177 2765 3497 2834; x_wconf 78' lang='grc' dir='ltr'>Ἐκκλησίας</span> <span class='ocrx_word' id='word_1_791' title='bbox 3530 2765 3629 2832; x_wconf 75' lang='grc' dir='ltr'>τῆς</span> <span class='ocrx_word' id='word_1_792' title='bbox 3664 2766 3763 2818; x_wconf 78' lang='grc' dir='ltr'>ἐπὶ</span> <span class='ocrx_word' id='word_1_793' title='bbox 3791 2783 3886 2818; x_wconf 76' lang='grc' dir='ltr'>πεο-</span> 
     </span>
    </p>
   </div>
   <div class='ocr_carea' id='block_1_95' title="bbox 2219 2849 3890 2932">
    <p class='ocr_par' dir='ltr' id='par_1_95' title="bbox 2219 2849 3890 2932">
     <span class='ocr_line' id='line_1_95' title="bbox 2219 2849 3890 2932; baseline -0.004 -25"><span class='ocrx_word' id='word_1_794' title='bbox 2219 2854 2412 2923; x_wconf 83' lang='grc' dir='ltr'>ράτων,</span> <span class='ocrx_word' id='word_1_795' title='bbox 2442 2855 2581 2924; x_wconf 79' lang='grc' dir='ltr'>ὑπὲρ</span> <span class='ocrx_word' id='word_1_796' title='bbox 2605 2854 2700 2932; x_wconf 69' lang='grc' dir='ltr'>τῆς</span> <span class='ocrx_word' id='word_1_797' title='bbox 2718 2852 2958 2922; x_wconf 81' lang='grc' dir='ltr'>εἰρήνης,</span> <span class='ocrx_word' id='word_1_798' title='bbox 2988 2850 3126 2920; x_wconf 78' lang='grc' dir='ltr'>ὑπὲρ</span> <span class='ocrx_word' id='word_1_799' title='bbox 3152 2849 3259 2902; x_wconf 84' lang='grc' dir='ltr'>τῶν</span> <span class='ocrx_word' id='word_1_800' title='bbox 3295 2853 3351 2902; x_wconf 91' lang='grc' dir='ltr'>ἐν</span> <span class='ocrx_word' id='word_1_801' title='bbox 3396 2851 3724 2919; x_wconf 78' lang='grc' dir='ltr'>συμφοραῖς.</span> <span class='ocrx_word' id='word_1_802' title='bbox 3781 2850 3890 2903; x_wconf 74' lang='grc' dir='ltr'>Καὶ</span> 
     </span>
    </p>
   </div>
   <div class='ocr_carea' id='block_1_96' title="bbox 2217 2935 3887 3010">
    <p class='ocr_par' dir='ltr' id='par_1_96' title="bbox 2217 2935 3887 3010">
     <span class='ocr_line' id='line_1_96' title="bbox 2217 2935 3887 3010; baseline -0.003 -17"><span class='ocrx_word' id='word_1_803' title='bbox 2217 2940 2374 2993; x_wconf 89' lang='grc' dir='ltr'>τοῦτο</span> <span class='ocrx_word' id='word_1_804' title='bbox 2399 2942 2427 2992; x_wconf 87' lang='grc' dir='ltr'>ό</span> <span class='ocrx_word' id='word_1_805' title='bbox 2448 2940 2656 3003; x_wconf 87' lang='grc' dir='ltr'>Παῦλος</span> <span class='ocrx_word' id='word_1_806' title='bbox 2677 2939 2824 3010; x_wconf 85' lang='grc' dir='ltr'>δηλοί</span> <span class='ocrx_word' id='word_1_807' title='bbox 2854 2939 3025 3006; x_wconf 85' lang='grc' dir='ltr'>λέγων</span> <span class='ocrx_word' id='word_1_808' title='bbox 3047 2953 3057 2963; x_wconf 87' lang='grc'><strong>·</strong></span> <span class='ocrx_word' id='word_1_809' title='bbox 3101 2940 3226 2992; x_wconf 87' lang='grc' dir='ltr'>Ἵνα</span> <span class='ocrx_word' id='word_1_810' title='bbox 3251 2938 3314 2991; x_wconf 80' lang='grc' dir='ltr'>τὸ</span> <span class='ocrx_word' id='word_1_811' title='bbox 3336 2940 3422 3002; x_wconf 86' lang='grc' dir='ltr'>εἱς</span> <span class='ocrx_word' id='word_1_812' title='bbox 3445 2935 3600 3005; x_wconf 80' lang='grc' dir='ltr'>ἡμᾶς</span> <span class='ocrx_word' id='word_1_813' title='bbox 3623 2937 3887 3006; x_wconf 80' lang='grc' dir='ltr'>χάρισμα</span> 
     </span>
    </p>
   </div>
   <div class='ocr_carea' id='block_1_97' title="bbox 2215 3023 3888 3094">
    <p class='ocr_par' dir='ltr' id='par_1_97' title="bbox 2215 3023 3888 3094">
     <span class='ocr_line' id='line_1_97' title="bbox 2215 3023 3888 3094; baseline -0.004 -15"><span class='ocrx_word' id='word_1_814' title='bbox 2215 3027 2285 3079; x_wconf 87' lang='grc' dir='ltr'>ἐν</span> <span class='ocrx_word' id='word_1_815' title='bbox 2315 3027 2522 3091; x_wconf 77' lang='grc' dir='ltr'>πολλῷ</span> <span class='ocrx_word' id='word_1_816' title='bbox 2551 3027 2848 3094; x_wconf 70' lang='grc' dir='ltr'>προσώπῳ</span> <span class='ocrx_word' id='word_1_817' title='bbox 2873 3025 2969 3080; x_wconf 84' lang='grc' dir='ltr'>διὰ</span> <span class='ocrx_word' id='word_1_818' title='bbox 2997 3025 3246 3078; x_wconf 82' lang='grc' dir='ltr'>πολλῶν</span> <span class='ocrx_word' id='word_1_819' title='bbox 3277 3023 3690 3094; x_wconf 78' lang='grc' dir='ltr'>εὐχαριστηθῇ</span> <span class='ocrx_word' id='word_1_820' title='bbox 3737 3026 3888 3090; x_wconf 74' lang='grc' dir='ltr'>ὑπὲρ</span> 
     </span>
    </p>
   </div>
   <div class='ocr_carea' id='block_1_98' title="bbox 2217 3110 3886 3182">
    <p class='ocr_par' dir='ltr' id='par_1_98' title="bbox 2217 3110 3886 3182">
     <span class='ocr_line' id='line_1_98' title="bbox 2217 3110 3886 3182; baseline -0.002 -17"><span class='ocrx_word' id='word_1_821' title='bbox 2217 3112 2386 3182; x_wconf 78' lang='grc' dir='ltr'>ήμῶν</span> <span class='ocrx_word' id='word_1_822' title='bbox 2409 3128 2422 3144; x_wconf 81' lang='lat'><strong><em>°</em></strong></span> <span class='ocrx_word' id='word_1_823' title='bbox 2461 3114 2758 3176; x_wconf 88' lang='grc' dir='ltr'>τουτέστιν,</span> <span class='ocrx_word' id='word_1_824' title='bbox 2797 3113 2884 3165; x_wconf 81' lang='grc' dir='ltr'>ἵνα</span> <span class='ocrx_word' id='word_1_825' title='bbox 2920 3112 3132 3175; x_wconf 88' lang='grc' dir='ltr'>πολλοῖς</span> <span class='ocrx_word' id='word_1_826' title='bbox 3160 3111 3472 3182; x_wconf 86' lang='grc' dir='ltr'>χαρίσηται.</span> <span class='ocrx_word' id='word_1_827' title='bbox 3496 3112 3606 3164; x_wconf 79' lang='grc' dir='ltr'>Καὶ</span> <span class='ocrx_word' id='word_1_828' title='bbox 3627 3110 3886 3173; x_wconf 80' lang='grc' dir='ltr'>πολλάκις</span> 
     </span>
    </p>
   </div>
   <div class='ocr_carea' id='block_1_99' title="bbox 2218 3191 3888 3263">
    <p class='ocr_par' dir='ltr' id='par_1_99' title="bbox 2218 3191 3888 3263">
     <span class='ocr_line' id='line_1_99' title="bbox 2218 3191 3888 3263; baseline -0.003 -16"><span class='ocrx_word' id='word_1_829' title='bbox 2218 3195 2396 3247; x_wconf 77' lang='grc' dir='ltr'>αὐτῶν</span> <span class='ocrx_word' id='word_1_830' title='bbox 2426 3195 2526 3256; x_wconf 79' lang='grc' dir='ltr'>τὰς</span> <span class='ocrx_word' id='word_1_831' title='bbox 2545 3193 2708 3262; x_wconf 79' lang='grc' dir='ltr'>εὐχὰς</span> <span class='ocrx_word' id='word_1_832' title='bbox 2731 3193 2998 3263; x_wconf 81' lang='grc' dir='ltr'>ἐπιζητεῖ.</span> <span class='ocrx_word' id='word_1_833' title='bbox 3036 3194 3177 3263; x_wconf 84' lang='grc' dir='ltr'>Ὅρα</span> <span class='ocrx_word' id='word_1_834' title='bbox 3201 3192 3295 3246; x_wconf 74' lang='grc' dir='ltr'>καὶ</span> <span class='ocrx_word' id='word_1_835' title='bbox 3320 3192 3414 3244; x_wconf 76' lang='grc' dir='ltr'>ἐπὶ</span> <span class='ocrx_word' id='word_1_836' title='bbox 3440 3191 3552 3245; x_wconf 88' lang='grc' dir='ltr'>τῶν</span> <span class='ocrx_word' id='word_1_837' title='bbox 3586 3193 3888 3245; x_wconf 82' lang='grc' dir='ltr'>Νινευῖτῶν</span> 
     </span>
    </p>
   </div>
   <div class='ocr_carea' id='block_1_100' title="bbox 2217 3275 3890 3350">
    <p class='ocr_par' dir='ltr' id='par_1_100' title="bbox 2217 3275 3890 3350">
     <span class='ocr_line' id='line_1_100' title="bbox 2217 3275 3890 3350; baseline 0.001 -18"><span class='ocrx_word' id='word_1_838' title='bbox 2217 3280 2268 3332; x_wconf 92' lang='grc' dir='ltr'>τί</span> <span class='ocrx_word' id='word_1_839' title='bbox 2301 3296 2462 3349; x_wconf 83' lang='grc' dir='ltr'>φησιν</span> <span class='ocrx_word' id='word_1_840' title='bbox 2488 3281 2516 3332; x_wconf 85' lang='grc' dir='ltr'><strong>ὁ</strong></span> <span class='ocrx_word' id='word_1_841' title='bbox 2533 3280 2683 3343; x_wconf 71' lang='grc' dir='ltr'>Θεόςσ</span> <span class='ocrx_word' id='word_1_842' title='bbox 2717 3280 2857 3349; x_wconf 77' lang='grc' dir='ltr'>Ἐγὼ</span> <span class='ocrx_word' id='word_1_843' title='bbox 2873 3281 2940 3332; x_wconf 84' lang='grc' dir='ltr'>δὲ</span> <span class='ocrx_word' id='word_1_844' title='bbox 2962 3281 3032 3333; x_wconf 87' lang='grc' dir='ltr'>οὐ</span> <span class='ocrx_word' id='word_1_845' title='bbox 3055 3282 3335 3349; x_wconf 77' lang='grc' dir='ltr'>φείσομαι</span> <span class='ocrx_word' id='word_1_846' title='bbox 3357 3280 3469 3348; x_wconf 83' lang='grc' dir='ltr'>τῆς</span> <span class='ocrx_word' id='word_1_847' title='bbox 3484 3280 3732 3344; x_wconf 71' lang='grc' dir='ltr'>πόλεως,</span> <span class='ocrx_word' id='word_1_848' title='bbox 3757 3280 3832 3333; x_wconf 82' lang='grc' dir='ltr'>ὲν</span> <span class='ocrx_word' id='word_1_849' title='bbox 3853 3275 3890 3350; x_wconf 78' lang='grc' dir='ltr'><em>ᾗ</em></span> 
     </span>
    </p>
   </div>
   <div class='ocr_carea' id='block_1_101' title="bbox 2217 3366 3892 3437">
    <p class='ocr_par' dir='ltr' id='par_1_101' title="bbox 2217 3366 3892 3437">
     <span class='ocr_line' id='line_1_101' title="bbox 2217 3366 3892 3437; baseline -0.001 -17"><span class='ocrx_word' id='word_1_850' title='bbox 2217 3367 2562 3420; x_wconf 85' lang='grc' dir='ltr'>κατοικοῦσι</span> <span class='ocrx_word' id='word_1_851' title='bbox 2592 3368 2840 3431; x_wconf 75' lang='grc' dir='ltr'>πλείους</span> <span class='ocrx_word' id='word_1_852' title='bbox 2867 3368 2905 3435; x_wconf 78' lang='grc' dir='ltr'>ἢ</span> <span class='ocrx_word' id='word_1_853' title='bbox 2940 3367 3167 3421; x_wconf 73' lang='grc' dir='ltr'>δώδεκα</span> <span class='ocrx_word' id='word_1_854' title='bbox 3191 3367 3513 3437; x_wconf 81' lang='grc' dir='ltr'>μυριάδες;</span> <span class='ocrx_word' id='word_1_855' title='bbox 3551 3367 3748 3420; x_wconf 81' lang='grc' dir='ltr'>Ὅπου</span> <span class='ocrx_word' id='word_1_856' title='bbox 3776 3366 3892 3421; x_wconf 78' lang='grc' dir='ltr'>δύο</span> 
     </span>
    </p>
   </div>
   <div class='ocr_carea' id='block_1_102' title="bbox 2218 3453 3888 3524">
    <p class='ocr_par' dir='ltr' id='par_1_102' title="bbox 2218 3453 3888 3524">
     <span class='ocr_line' id='line_1_102' title="bbox 2218 3453 3888 3524; baseline -0.002 -16"><span class='ocrx_word' id='word_1_857' title='bbox 2218 3455 2256 3524; x_wconf 76' lang='grc' dir='ltr'><strong>ἢ</strong></span> <span class='ocrx_word' id='word_1_858' title='bbox 2295 3456 2449 3522; x_wconf 83' lang='grc' dir='ltr'>τρεῖς</span> <span class='ocrx_word' id='word_1_859' title='bbox 2477 3457 2595 3508; x_wconf 82' lang='grc' dir='ltr'>εὶσι</span> <span class='ocrx_word' id='word_1_860' title='bbox 2624 3456 3012 3524; x_wconf 73' lang='grc' dir='ltr'>συνηγμένοι,</span> <span class='ocrx_word' id='word_1_861' title='bbox 3044 3455 3228 3524; x_wconf 70' lang='grc' dir='ltr'>φησὶν,</span> <span class='ocrx_word' id='word_1_862' title='bbox 3260 3457 3348 3521; x_wconf 84' lang='grc' dir='ltr'>εἰς</span> <span class='ocrx_word' id='word_1_863' title='bbox 3393 3455 3458 3506; x_wconf 86' lang='grc' dir='ltr'>τὸ</span> <span class='ocrx_word' id='word_1_864' title='bbox 3498 3453 3639 3522; x_wconf 82' lang='grc' dir='ltr'>ἐμόν</span> <span class='ocrx_word' id='word_1_865' title='bbox 3671 3453 3888 3523; x_wconf 81' lang='grc' dir='ltr'>ὄνομα,</span> 
     </span>
    </p>
   </div>
   <div class='ocr_carea' id='block_1_103' title="bbox 2216 3539 3892 3610">
    <p class='ocr_par' dir='ltr' id='par_1_103' title="bbox 2216 3539 3892 3610">
     <span class='ocr_line' id='line_1_103' title="bbox 2216 3539 3892 3610; baseline -0.002 -16"><span class='ocrx_word' id='word_1_866' title='bbox 2216 3541 2343 3595; x_wconf 79' lang='grc' dir='ltr'>ἐκεῖ</span> <span class='ocrx_word' id='word_1_867' title='bbox 2366 3544 2484 3610; x_wconf 78' lang='grc' dir='ltr'>εἰμι</span> <span class='ocrx_word' id='word_1_868' title='bbox 2517 3543 2586 3594; x_wconf 83' lang='grc' dir='ltr'>ἐν</span> <span class='ocrx_word' id='word_1_869' title='bbox 2622 3541 2788 3610; x_wconf 81' lang='grc' dir='ltr'>μέσῳ</span> <span class='ocrx_word' id='word_1_870' title='bbox 2818 3541 3034 3594; x_wconf 86' lang='grc' dir='ltr'>αὐτῶν.</span> <span class='ocrx_word' id='word_1_871' title='bbox 3095 3542 3156 3593; x_wconf 91' lang='grc' dir='ltr'>Εἰ</span> <span class='ocrx_word' id='word_1_872' title='bbox 3207 3541 3265 3593; x_wconf 82' lang='grc' dir='ltr'>δὲ</span> <span class='ocrx_word' id='word_1_873' title='bbox 3303 3541 3394 3593; x_wconf 87' lang='grc' dir='ltr'>δύο</span> <span class='ocrx_word' id='word_1_874' title='bbox 3425 3539 3560 3610; x_wconf 80' lang='grc' dir='ltr'>μέγα</span> <span class='ocrx_word' id='word_1_875' title='bbox 3613 3541 3892 3610; x_wconf 80' lang='grc' dir='ltr'>ἰσχύουσι,</span> 
     </span>
    </p>
   </div>
   <div class='ocr_carea' id='block_1_104' title="bbox 2219 3620 3892 3697">
    <p class='ocr_par' dir='ltr' id='par_1_104' title="bbox 2219 3620 3892 3697">
     <span class='ocr_line' id='line_1_104' title="bbox 2219 3620 3892 3697; baseline -0.004 -17"><span class='ocrx_word' id='word_1_876' title='bbox 2219 3627 2368 3697; x_wconf 81' lang='grc' dir='ltr'>πόσῳ</span> <span class='ocrx_word' id='word_1_877' title='bbox 2403 3627 2603 3697; x_wconf 82' lang='grc' dir='ltr'>μᾶλλον</span> <span class='ocrx_word' id='word_1_878' title='bbox 2640 3627 2886 3692; x_wconf 82' lang='grc' dir='ltr'>πλείους;</span> <span class='ocrx_word' id='word_1_879' title='bbox 2921 3627 2981 3678; x_wconf 88' lang='grc' dir='ltr'>Εἰ</span> <span class='ocrx_word' id='word_1_880' title='bbox 3013 3626 3069 3678; x_wconf 90' lang='grc' dir='ltr'>δέ</span> <span class='ocrx_word' id='word_1_881' title='bbox 3102 3626 3196 3679; x_wconf 69' lang='grc' dir='ltr'>καλ⁵</span> <span class='ocrx_word' id='word_1_882' title='bbox 3224 3620 3304 3687; x_wconf 75' lang='grc' dir='ltr'>εἷς</span> <span class='ocrx_word' id='word_1_883' title='bbox 3337 3625 3412 3678; x_wconf 83' lang='grc' dir='ltr'>ὣν</span> <span class='ocrx_word' id='word_1_884' title='bbox 3457 3625 3721 3695; x_wconf 70' lang='grc' dir='ltr'>ἰσχύσεις,</span> <span class='ocrx_word' id='word_1_885' title='bbox 3779 3626 3892 3678; x_wconf 81' lang='grc' dir='ltr'>ἀλλ’</span> 
     </span>
    </p>
   </div>
   <div class='ocr_carea' id='block_1_105' title="bbox 2217 3707 3894 3784">
    <p class='ocr_par' dir='ltr' id='par_1_105' title="bbox 2217 3707 3894 3784">
     <span class='ocr_line' id='line_1_105' title="bbox 2217 3707 3894 3784; baseline 0 -19"><span class='ocrx_word' id='word_1_886' title='bbox 2217 3714 2315 3784; x_wconf 75' lang='grc' dir='ltr'>οὐχ</span> <span class='ocrx_word' id='word_1_887' title='bbox 2344 3714 2561 3783; x_wconf 84' lang='grc' dir='ltr'>ὁμοίως.</span> <span class='ocrx_word' id='word_1_888' title='bbox 2613 3712 2709 3765; x_wconf 79' lang='grc' dir='ltr'>Διὰ</span> <span class='ocrx_word' id='word_1_889' title='bbox 2746 3712 2880 3764; x_wconf 83' lang='grc' dir='ltr'>τίδὲ</span> <span class='ocrx_word' id='word_1_890' title='bbox 2913 3712 3008 3765; x_wconf 75' lang='grc' dir='ltr'>καὶ</span> <span class='ocrx_word' id='word_1_891' title='bbox 3035 3707 3115 3775; x_wconf 76' lang='grc' dir='ltr'>εἷς</span> <span class='ocrx_word' id='word_1_892' title='bbox 3167 3707 3244 3776; x_wconf 78' lang='grc' dir='ltr'>είς</span> <span class='ocrx_word' id='word_1_893' title='bbox 3302 3711 3391 3764; x_wconf 79' lang='grc' dir='ltr'>διὰ</span> <span class='ocrx_word' id='word_1_894' title='bbox 3435 3711 3488 3764; x_wconf 87' lang='grc' dir='ltr'>τί</span> <span class='ocrx_word' id='word_1_895' title='bbox 3531 3713 3629 3764; x_wconf 86' lang='grc' dir='ltr'>οὑκ</span> <span class='ocrx_word' id='word_1_896' title='bbox 3677 3712 3894 3783; x_wconf 78' lang='grc' dir='ltr'>ἐργάζῃ</span> 
     </span>
    </p>
   </div>
   <div class='ocr_carea' id='block_1_106' title="bbox 2217 3799 3893 3870">
    <p class='ocr_par' dir='ltr' id='par_1_106' title="bbox 2217 3799 3893 3870">
     <span class='ocr_line' id='line_1_106' title="bbox 2217 3799 3893 3870; baseline -0.002 -16"><span class='ocrx_word' id='word_1_897' title='bbox 2217 3801 2471 3865; x_wconf 86' lang='grc' dir='ltr'>πολλούς;</span> <span class='ocrx_word' id='word_1_898' title='bbox 2511 3799 2597 3852; x_wconf 83' lang='grc' dir='ltr'>διὰ</span> <span class='ocrx_word' id='word_1_899' title='bbox 2627 3799 2679 3852; x_wconf 87' lang='grc' dir='ltr'>τί</span> <span class='ocrx_word' id='word_1_900' title='bbox 2710 3799 2782 3868; x_wconf 85' lang='grc' dir='ltr'>μὴ</span> <span class='ocrx_word' id='word_1_901' title='bbox 2808 3799 2933 3870; x_wconf 83' lang='grc' dir='ltr'>γίνῃ</span> <span class='ocrx_word' id='word_1_902' title='bbox 2964 3799 3295 3869; x_wconf 77' lang='grc' dir='ltr'>δημιουργὸς</span> <span class='ocrx_word' id='word_1_903' title='bbox 3319 3800 3574 3870; x_wconf 86' lang='grc' dir='ltr'>ἀγάπης;</span> <span class='ocrx_word' id='word_1_904' title='bbox 3613 3799 3702 3852; x_wconf 79' lang='grc' dir='ltr'>διὰ</span> <span class='ocrx_word' id='word_1_905' title='bbox 3727 3800 3780 3852; x_wconf 92' lang='grc' dir='ltr'>τί</span> <span class='ocrx_word' id='word_1_906' title='bbox 3819 3800 3893 3870; x_wconf 80' lang='grc' dir='ltr'>μὴ</span> 
     </span>
    </p>
   </div>
   <div class='ocr_carea' id='block_1_107' title="bbox 2217 3885 3892 3958">
    <p class='ocr_par' dir='ltr' id='par_1_107' title="bbox 2217 3885 3892 3958">
     <span class='ocr_line' id='line_1_107' title="bbox 2217 3885 3892 3958; baseline -0.003 -16"><span class='ocrx_word' id='word_1_907' title='bbox 2217 3889 2643 3952; x_wconf 76' lang='grc' dir='ltr'>κατασκευάζεις</span> <span class='ocrx_word' id='word_1_908' title='bbox 2689 3886 2894 3955; x_wconf 82' lang='grc' dir='ltr'>φιλίαν;</span> <span class='ocrx_word' id='word_1_909' title='bbox 2951 3887 3024 3939; x_wconf 85' lang='grc' dir='ltr'>Τὸ</span> <span class='ocrx_word' id='word_1_910' title='bbox 3065 3888 3317 3956; x_wconf 84' lang='grc' dir='ltr'>μέγιστον</span> <span class='ocrx_word' id='word_1_911' title='bbox 3347 3887 3448 3957; x_wconf 82' lang='grc' dir='ltr'>τῆς</span> <span class='ocrx_word' id='word_1_912' title='bbox 3479 3887 3682 3958; x_wconf 85' lang='grc' dir='ltr'>ἀρετῆς</span> <span class='ocrx_word' id='word_1_913' title='bbox 3712 3885 3892 3954; x_wconf 77' lang='grc' dir='ltr'>ἐγκώ-</span> 
     </span>
    </p>
   </div>
   <div class='ocr_carea' id='block_1_108' title="bbox 2221 3969 3901 4044">
    <p class='ocr_par' dir='ltr' id='par_1_108' title="bbox 2221 3969 3901 4044">
     <span class='ocr_line' id='line_1_108' title="bbox 2221 3969 3901 4044; baseline 0.001 -18"><span class='ocrx_word' id='word_1_914' title='bbox 2221 3993 2341 4044; x_wconf 91' lang='grc' dir='ltr'>μιον</span> <span class='ocrx_word' id='word_1_915' title='bbox 2374 3976 2474 4028; x_wconf 76' lang='grc' dir='ltr'>οὐκ</span> <span class='ocrx_word' id='word_1_916' title='bbox 2502 3974 2661 4044; x_wconf 76' lang='grc' dir='ltr'>ἔχεις.</span> <span class='ocrx_word' id='word_1_917' title='bbox 2707 3974 2915 4044; x_wconf 83' lang='grc' dir='ltr'>Ὥσπερ</span> <span class='ocrx_word' id='word_1_918' title='bbox 2967 3974 3075 4042; x_wconf 78' lang='grc' dir='ltr'>γὰρ</span> <span class='ocrx_word' id='word_1_919' title='bbox 3104 3973 3163 4026; x_wconf 80' lang='grc' dir='ltr'>τὸ</span> <span class='ocrx_word' id='word_1_920' title='bbox 3195 3974 3260 4026; x_wconf 84' lang='grc' dir='ltr'>ἐκ</span> <span class='ocrx_word' id='word_1_921' title='bbox 3318 3975 3590 4044; x_wconf 84' lang='grc' dir='ltr'>συνθήκης</span> <span class='ocrx_word' id='word_1_922' title='bbox 3624 3969 3771 4027; x_wconf 77' lang='grc' dir='ltr'>εἶναι</span> <span class='ocrx_word' id='word_1_923' title='bbox 3805 3993 3901 4026; x_wconf 82' lang='grc' dir='ltr'>καο</span> 
     </span>
    </p>
   </div>
   <div class='ocr_carea' id='block_1_109' title="bbox 2215 4055 3896 4127">
    <p class='ocr_par' dir='ltr' id='par_1_109' title="bbox 2215 4055 3896 4127">
     <span class='ocr_line' id='line_1_109' title="bbox 2215 4055 3896 4127; baseline 0 -18"><span class='ocrx_word' id='word_1_924' title='bbox 2215 4059 2365 4122; x_wconf 64' lang='grc' dir='ltr'>κοῖος,</span> <span class='ocrx_word' id='word_1_925' title='bbox 2407 4057 2605 4127; x_wconf 83' lang='grc' dir='ltr'>μᾶλλον</span> <span class='ocrx_word' id='word_1_926' title='bbox 2633 4055 2920 4126; x_wconf 75' lang='grc' dir='ltr'>παροξύνει</span> <span class='ocrx_word' id='word_1_927' title='bbox 2950 4056 3039 4108; x_wconf 81' lang='grc' dir='ltr'>τὸν</span> <span class='ocrx_word' id='word_1_928' title='bbox 3069 4055 3199 4109; x_wconf 84' lang='grc' dir='ltr'>Θεόν</span> <span class='ocrx_word' id='word_1_929' title='bbox 3219 4072 3234 4086; x_wconf 76' lang='grc' dir='ltr'>ο</span> <span class='ocrx_word' id='word_1_930' title='bbox 3269 4056 3410 4110; x_wconf 85' lang='grc' dir='ltr'>οῦτω</span> <span class='ocrx_word' id='word_1_931' title='bbox 3441 4058 3534 4109; x_wconf 77' lang='grc' dir='ltr'>καὶ</span> <span class='ocrx_word' id='word_1_932' title='bbox 3570 4057 3632 4109; x_wconf 76' lang='grc' dir='ltr'>τὸ</span> <span class='ocrx_word' id='word_1_933' title='bbox 3673 4058 3737 4110; x_wconf 86' lang='grc' dir='ltr'>ἐν</span> <span class='ocrx_word' id='word_1_934' title='bbox 3763 4061 3896 4126; x_wconf 77' lang='grc' dir='ltr'>ὁμοο</span> 
     </span>
    </p>
   </div>
   <div class='ocr_carea' id='block_1_110' title="bbox 2216 4139 3898 4214">
    <p class='ocr_par' dir='ltr' id='par_1_110' title="bbox 2216 4139 3898 4214">
     <span class='ocr_line' id='line_1_110' title="bbox 2216 4139 3898 4214; baseline -0.001 -18"><span class='ocrx_word' id='word_1_935' title='bbox 2216 4143 2334 4214; x_wconf 77' lang='grc' dir='ltr'>νοίᾳ</span> <span class='ocrx_word' id='word_1_936' title='bbox 2366 4139 2501 4196; x_wconf 80' lang='grc' dir='ltr'>εἶναι</span> <span class='ocrx_word' id='word_1_937' title='bbox 2538 4141 2795 4210; x_wconf 71' lang='grc' dir='ltr'>ἀγαθοὺς,</span> <span class='ocrx_word' id='word_1_938' title='bbox 2841 4141 3039 4212; x_wconf 84' lang='grc' dir='ltr'>μᾶλλον</span> <span class='ocrx_word' id='word_1_939' title='bbox 3079 4142 3377 4211; x_wconf 74' lang='grc' dir='ltr'>εὐφραίνει.</span> <span class='ocrx_word' id='word_1_940' title='bbox 3417 4145 3541 4196; x_wconf 85' lang='grc' dir='ltr'>Οὐκ</span> <span class='ocrx_word' id='word_1_941' title='bbox 3565 4143 3710 4212; x_wconf 78' lang='grc' dir='ltr'>ἔσῃ,</span> <span class='ocrx_word' id='word_1_942' title='bbox 3737 4144 3898 4212; x_wconf 75' lang='grc' dir='ltr'>φησὶ,</span> 
     </span>
    </p>
   </div>
   <div class='ocr_carea' id='block_1_111' title="bbox 2209 4227 3900 4298">
    <p class='ocr_par' dir='ltr' id='par_1_111' title="bbox 2209 4227 3900 4298">
     <span class='ocr_line' id='line_1_111' title="bbox 2209 4227 3900 4298; baseline 0.001 -17"><span class='ocrx_word' id='word_1_943' title='bbox 2209 4229 2358 4297; x_wconf 76' lang='grc' dir='ltr'>μετὰ</span> <span class='ocrx_word' id='word_1_944' title='bbox 2403 4227 2649 4282; x_wconf 74' lang='grc' dir='ltr'>πολλῶν</span> <span class='ocrx_word' id='word_1_945' title='bbox 2691 4229 2789 4281; x_wconf 81' lang='grc' dir='ltr'>ἐπὶ</span> <span class='ocrx_word' id='word_1_946' title='bbox 2836 4228 3034 4295; x_wconf 77' lang='grc' dir='ltr'>κακίᾳ.</span> <span class='ocrx_word' id='word_1_947' title='bbox 3101 4227 3330 4293; x_wconf 83' lang='grc' dir='ltr'>Πάντες</span> <span class='ocrx_word' id='word_1_948' title='bbox 3375 4228 3724 4295; x_wconf 77' lang='grc' dir='ltr'>ἐξέκλιναν,</span> <span class='ocrx_word' id='word_1_949' title='bbox 3779 4230 3900 4298; x_wconf 75' lang='grc' dir='ltr'>ἅμα</span> 
     </span>
    </p>
   </div>
   <div class='ocr_carea' id='block_1_112' title="bbox 2215 4316 3900 4388">
    <p class='ocr_par' dir='ltr' id='par_1_112' title="bbox 2215 4316 3900 4388">
     <span class='ocr_line' id='line_1_112' title="bbox 2215 4316 3900 4388; baseline 0.001 -19"><span class='ocrx_word' id='word_1_950' title='bbox 2215 4316 2647 4384; x_wconf 75' lang='grc' dir='ltr'>ήχρειώθησαν,</span> <span class='ocrx_word' id='word_1_951' title='bbox 2679 4318 2772 4370; x_wconf 69' lang='grc' dir='ltr'>καὶ</span> <span class='ocrx_word' id='word_1_952' title='bbox 2801 4319 3048 4386; x_wconf 85' lang='grc' dir='ltr'>ἐγένοντο</span> <span class='ocrx_word' id='word_1_953' title='bbox 3077 4317 3150 4380; x_wconf 83' lang='grc' dir='ltr'>ὡς</span> <span class='ocrx_word' id='word_1_954' title='bbox 3186 4316 3402 4388; x_wconf 78' lang='grc' dir='ltr'>ᾅδοντες</span> <span class='ocrx_word' id='word_1_955' title='bbox 3431 4319 3488 4369; x_wconf 84' lang='grc' dir='ltr'>ἐν</span> <span class='ocrx_word' id='word_1_956' title='bbox 3515 4322 3636 4381; x_wconf 88' lang='grc' dir='ltr'>ταῖς</span> <span class='ocrx_word' id='word_1_957' title='bbox 3668 4319 3900 4382; x_wconf 83' lang='grc' dir='ltr'>κακίαις</span> 
     </span>
    </p>
   </div>
   <div class='ocr_carea' id='block_1_113' title="bbox 2217 4403 3904 4474">
    <p class='ocr_par' dir='ltr' id='par_1_113' title="bbox 2217 4403 3904 4474">
     <span class='ocr_line' id='line_1_113' title="bbox 2217 4403 3904 4474; baseline 0.001 -18"><span class='ocrx_word' id='word_1_958' title='bbox 2217 4403 2415 4456; x_wconf 79' lang='grc' dir='ltr'>αὐτῶν.</span> <span class='ocrx_word' id='word_1_959' title='bbox 2448 4403 2872 4458; x_wconf 78' lang='grc' dir='ltr'>Κατασκεύασόν</span> <span class='ocrx_word' id='word_1_960' title='bbox 2911 4421 2991 4456; x_wconf 94' lang='grc' dir='ltr'>σοι</span> <span class='ocrx_word' id='word_1_961' title='bbox 3022 4404 3208 4472; x_wconf 85' lang='grc' dir='ltr'>φίλους</span> <span class='ocrx_word' id='word_1_962' title='bbox 3232 4405 3337 4474; x_wconf 75' lang='grc' dir='ltr'>πρὸ</span> <span class='ocrx_word' id='word_1_963' title='bbox 3371 4404 3477 4457; x_wconf 85' lang='grc' dir='ltr'>τῶν</span> <span class='ocrx_word' id='word_1_964' title='bbox 3513 4407 3763 4472; x_wconf 89' lang='grc' dir='ltr'>οἰκείων,</span> <span class='ocrx_word' id='word_1_965' title='bbox 3799 4408 3904 4474; x_wconf 77' lang='grc' dir='ltr'>πρὸ</span> 
     </span>
    </p>
   </div>
   <div class='ocr_carea' id='block_1_114' title="bbox 2214 4488 3903 4562">
    <p class='ocr_par' dir='ltr' id='par_1_114' title="bbox 2214 4488 3903 4562">
     <span class='ocr_line' id='line_1_114' title="bbox 2214 4488 3903 4562; baseline 0.002 -22"><span class='ocrx_word' id='word_1_966' title='bbox 2214 4488 2321 4541; x_wconf 89' lang='grc' dir='ltr'>τῶν</span> <span class='ocrx_word' id='word_1_967' title='bbox 2380 4488 2552 4542; x_wconf 78' lang='grc' dir='ltr'>ἄλλων</span> <span class='ocrx_word' id='word_1_968' title='bbox 2592 4489 2864 4546; x_wconf 83' lang='grc' dir='ltr'>ἁπάντων.</span> <span class='ocrx_word' id='word_1_969' title='bbox 2915 4492 2977 4544; x_wconf 87' lang='grc' dir='ltr'>Εἰ</span> <span class='ocrx_word' id='word_1_970' title='bbox 3031 4491 3060 4542; x_wconf 87' lang='grc' dir='ltr'>ό</span> <span class='ocrx_word' id='word_1_971' title='bbox 3089 4489 3444 4562; x_wconf 81' lang='grc' dir='ltr'>εἰρηνοποιὸς,</span> <span class='ocrx_word' id='word_1_972' title='bbox 3492 4491 3606 4554; x_wconf 79' lang='grc' dir='ltr'>υίὸς</span> <span class='ocrx_word' id='word_1_973' title='bbox 3645 4492 3831 4546; x_wconf 81' lang='grc' dir='ltr'>Θεοῦ’</span> <span class='ocrx_word' id='word_1_974' title='bbox 3876 4495 3903 4544; x_wconf 86' lang='grc' dir='ltr'>ὁ</span> 
     </span>
    </p>
   </div>
   <div class='ocr_carea' id='block_1_115' title="bbox 2217 4575 3907 4648">
    <p class='ocr_par' dir='ltr' id='par_1_115' title="bbox 2217 4575 3907 4648">
     <span class='ocr_line' id='line_1_115' title="bbox 2217 4575 3907 4648; baseline 0.002 -21"><span class='ocrx_word' id='word_1_975' title='bbox 2217 4577 2308 4628; x_wconf 62' lang='grc' dir='ltr'>καί⁵</span> <span class='ocrx_word' id='word_1_976' title='bbox 2340 4575 2527 4644; x_wconf 83' lang='grc' dir='ltr'>φίλους</span> <span class='ocrx_word' id='word_1_977' title='bbox 2563 4577 3007 4644; x_wconf 83' lang='grc' dir='ltr'>κατασκευάζων,</span> <span class='ocrx_word' id='word_1_978' title='bbox 3043 4578 3193 4648; x_wconf 83' lang='grc' dir='ltr'>πόσῳ</span> <span class='ocrx_word' id='word_1_979' title='bbox 3233 4577 3468 4647; x_wconf 85' lang='grc' dir='ltr'>μᾶλλον;</span> <span class='ocrx_word' id='word_1_980' title='bbox 3530 4580 3579 4631; x_wconf 89' lang='grc' dir='ltr'>εἰ</span> <span class='ocrx_word' id='word_1_981' title='bbox 3618 4579 3648 4631; x_wconf 84' lang='grc' dir='ltr'>ὁ</span> <span class='ocrx_word' id='word_1_982' title='bbox 3694 4581 3907 4634; x_wconf 68' lang='grc' dir='ltr'>καταλ-</span> 
     </span>
    </p>
   </div>
   <div class='ocr_carea' id='block_1_116' title="bbox 2215 4658 3904 4728">
    <p class='ocr_par' dir='ltr' id='par_1_116' title="bbox 2215 4658 3904 4728">
     <span class='ocr_line' id='line_1_116' title="bbox 2215 4658 3904 4728; baseline 0.004 -19"><span class='ocrx_word' id='word_1_983' title='bbox 2215 4658 2425 4712; x_wconf 85' lang='grc' dir='ltr'>λάττων</span> <span class='ocrx_word' id='word_1_984' title='bbox 2467 4658 2646 4728; x_wconf 82' lang='grc' dir='ltr'>μόνον,</span> <span class='ocrx_word' id='word_1_985' title='bbox 2681 4658 2796 4721; x_wconf 78' lang='grc' dir='ltr'>υίὸς</span> <span class='ocrx_word' id='word_1_986' title='bbox 2841 4659 2974 4712; x_wconf 90' lang='grc' dir='ltr'>Θεοῦ</span> <span class='ocrx_word' id='word_1_987' title='bbox 3023 4658 3298 4711; x_wconf 82' lang='grc' dir='ltr'>καλεῖται’</span> <span class='ocrx_word' id='word_1_988' title='bbox 3354 4661 3382 4712; x_wconf 86' lang='grc' dir='ltr'>ὁ</span> <span class='ocrx_word' id='word_1_989' title='bbox 3413 4660 3543 4722; x_wconf 82' lang='grc' dir='ltr'>τοὺς</span> <span class='ocrx_word' id='word_1_990' title='bbox 3581 4663 3904 4715; x_wconf 85' lang='grc' dir='ltr'>καταλλατ-</span> 
     </span>
    </p>
   </div>
   <div class='ocr_carea' id='block_1_117' title="bbox 2213 4743 3908 4817">
    <p class='ocr_par' dir='ltr' id='par_1_117' title="bbox 2213 4743 3908 4817">
     <span class='ocr_line' id='line_1_117' title="bbox 2213 4743 3908 4817; baseline 0.001 -21"><span class='ocrx_word' id='word_1_991' title='bbox 2213 4745 2474 4814; x_wconf 89' lang='grc' dir='ltr'>τομένους</span> <span class='ocrx_word' id='word_1_992' title='bbox 2505 4743 2687 4813; x_wconf 72' lang='grc' dir='ltr'>φίλους</span> <span class='ocrx_word' id='word_1_993' title='bbox 2719 4744 2909 4811; x_wconf 87' lang='grc' dir='ltr'>ποιῶν,</span> <span class='ocrx_word' id='word_1_994' title='bbox 2938 4745 3081 4807; x_wconf 88' lang='grc' dir='ltr'>τίνος</span> <span class='ocrx_word' id='word_1_995' title='bbox 3130 4747 3231 4798; x_wconf 80' lang='grc' dir='ltr'>οὐκ</span> <span class='ocrx_word' id='word_1_996' title='bbox 3263 4743 3414 4798; x_wconf 85' lang='grc' dir='ltr'>ἐσται</span> <span class='ocrx_word' id='word_1_997' title='bbox 3445 4744 3624 4811; x_wconf 79' lang='grc' dir='ltr'>ἀξιος;</span> <span class='ocrx_word' id='word_1_998' title='bbox 3675 4750 3908 4817; x_wconf 74' lang='grc' dir='ltr'>Ταύτην</span> 
     </span>
    </p>
   </div>
   <div class='ocr_carea' id='block_1_118' title="bbox 2215 4830 3906 4903">
    <p class='ocr_par' dir='ltr' id='par_1_118' title="bbox 2215 4830 3906 4903">
     <span class='ocr_line' id='line_1_118' title="bbox 2215 4830 3906 4903; baseline 0.004 -20"><span class='ocrx_word' id='word_1_999' title='bbox 2215 4830 2496 4901; x_wconf 81' lang='grc' dir='ltr'>ποιώμεθα</span> <span class='ocrx_word' id='word_1_1000' title='bbox 2528 4831 2625 4900; x_wconf 81' lang='grc' dir='ltr'>τὴν</span> <span class='ocrx_word' id='word_1_1001' title='bbox 2657 4831 2946 4902; x_wconf 84' lang='grc' dir='ltr'>ἐμπορίαν,</span> <span class='ocrx_word' id='word_1_1002' title='bbox 2969 4831 3153 4899; x_wconf 83' lang='grc' dir='ltr'>φίλους</span> <span class='ocrx_word' id='word_1_1003' title='bbox 3181 4831 3426 4900; x_wconf 87' lang='grc' dir='ltr'>ποιῶμεν</span> <span class='ocrx_word' id='word_1_1004' title='bbox 3467 4832 3735 4903; x_wconf 83' lang='grc' dir='ltr'>ἀλλήλοις</span> <span class='ocrx_word' id='word_1_1005' title='bbox 3779 4839 3906 4896; x_wconf 77' lang='grc' dir='ltr'>τοῦς</span> 
     </span>
    </p>
   </div>
   <div class='ocr_carea' id='block_1_119' title="bbox 2213 4918 3910 4989">
    <p class='ocr_par' dir='ltr' id='par_1_119' title="bbox 2213 4918 3910 4989">
     <span class='ocr_line' id='line_1_119' title="bbox 2213 4918 3910 4989; baseline 0.003 -19"><span class='ocrx_word' id='word_1_1006' title='bbox 2213 4919 2458 4988; x_wconf 79' lang='grc' dir='ltr'>ἐχθροὺς,</span> <span class='ocrx_word' id='word_1_1007' title='bbox 2499 4919 2747 4981; x_wconf 72' lang='grc' dir='ltr'>καὶτοὺς</span> <span class='ocrx_word' id='word_1_1008' title='bbox 2793 4919 2892 4972; x_wconf 84' lang='grc' dir='ltr'>οὐκ</span> <span class='ocrx_word' id='word_1_1009' title='bbox 2926 4918 3154 4989; x_wconf 78' lang='grc' dir='ltr'>ἐχθροὺς</span> <span class='ocrx_word' id='word_1_1010' title='bbox 3191 4919 3310 4988; x_wconf 81' lang='grc' dir='ltr'>μὲν,</span> <span class='ocrx_word' id='word_1_1011' title='bbox 3343 4919 3405 4971; x_wconf 83' lang='grc' dir='ltr'>οὐ</span> <span class='ocrx_word' id='word_1_1012' title='bbox 3442 4919 3630 4987; x_wconf 81' lang='grc' dir='ltr'>φίλους</span> <span class='ocrx_word' id='word_1_1013' title='bbox 3677 4921 3769 4987; x_wconf 79' lang='grc' dir='ltr'>δὲ,</span> <span class='ocrx_word' id='word_1_1014' title='bbox 3813 4925 3910 4975; x_wconf 79' lang='grc' dir='ltr'>καὶ</span> 
     </span>
    </p>
   </div>
   <div class='ocr_carea' id='block_1_120' title="bbox 2214 5005 3906 5076">
    <p class='ocr_par' dir='ltr' id='par_1_120' title="bbox 2214 5005 3906 5076">
     <span class='ocr_line' id='line_1_120' title="bbox 2214 5005 3906 5076; baseline 0.001 -19"><span class='ocrx_word' id='word_1_1015' title='bbox 2214 5005 2436 5066; x_wconf 88' lang='grc' dir='ltr'>τούτους</span> <span class='ocrx_word' id='word_1_1016' title='bbox 2466 5006 2887 5075; x_wconf 88' lang='grc' dir='ltr'>συναγάγωμεν,</span> <span class='ocrx_word' id='word_1_1017' title='bbox 2936 5005 3031 5057; x_wconf 74' lang='grc' dir='ltr'>καὶ</span> <span class='ocrx_word' id='word_1_1018' title='bbox 3086 5005 3193 5074; x_wconf 81' lang='grc' dir='ltr'>πρὸ</span> <span class='ocrx_word' id='word_1_1019' title='bbox 3230 5006 3448 5059; x_wconf 85' lang='grc' dir='ltr'>πάντων</span> <span class='ocrx_word' id='word_1_1020' title='bbox 3479 5007 3630 5076; x_wconf 81' lang='grc' dir='ltr'>ἡμᾶς</span> <span class='ocrx_word' id='word_1_1021' title='bbox 3667 5008 3906 5072; x_wconf 78' lang='grc' dir='ltr'>αὐτούς.</span> 
     </span>
    </p>
   </div>
   <div class='ocr_carea' id='block_1_121' title="bbox 2215 5093 3909 5166">
    <p class='ocr_par' dir='ltr' id='par_1_121' title="bbox 2215 5093 3909 5166">
     <span class='ocr_line' id='line_1_121' title="bbox 2215 5093 3909 5166; baseline 0 -20"><span class='ocrx_word' id='word_1_1022' title='bbox 2215 5094 2479 5164; x_wconf 89' lang='grc' dir='ltr'>Καθάπερ</span> <span class='ocrx_word' id='word_1_1023' title='bbox 2503 5093 2610 5164; x_wconf 81' lang='grc' dir='ltr'>γὰρ</span> <span class='ocrx_word' id='word_1_1024' title='bbox 2645 5095 2674 5146; x_wconf 88' lang='grc' dir='ltr'>ὁ</span> <span class='ocrx_word' id='word_1_1025' title='bbox 2703 5093 2760 5146; x_wconf 90' lang='grc' dir='ltr'>ἐν</span> <span class='ocrx_word' id='word_1_1026' title='bbox 2804 5095 2870 5163; x_wconf 82' lang='grc' dir='ltr'>τῇ</span> <span class='ocrx_word' id='word_1_1027' title='bbox 2911 5093 3057 5163; x_wconf 80' lang='grc' dir='ltr'>οἰκίᾳ</span> <span class='ocrx_word' id='word_1_1028' title='bbox 3087 5093 3286 5164; x_wconf 73' lang='grc' dir='ltr'>ἔχθραν</span> <span class='ocrx_word' id='word_1_1029' title='bbox 3317 5094 3477 5164; x_wconf 78' lang='grc' dir='ltr'>ἔχων,</span> <span class='ocrx_word' id='word_1_1030' title='bbox 3502 5095 3596 5147; x_wconf 84' lang='grc' dir='ltr'>καὶ</span> <span class='ocrx_word' id='word_1_1031' title='bbox 3624 5096 3778 5165; x_wconf 79' lang='grc' dir='ltr'>πρὸς</span> <span class='ocrx_word' id='word_1_1032' title='bbox 3810 5094 3909 5166; x_wconf 67' lang='grc' dir='ltr'>τὴν</span> 
     </span>
    </p>
   </div>
   <div class='ocr_carea' id='block_1_122' title="bbox 2214 5179 3912 5250">
    <p class='ocr_par' dir='ltr' id='par_1_122' title="bbox 2214 5179 3912 5250">
     <span class='ocr_line' id='line_1_122' title="bbox 2214 5179 3912 5250; baseline -0.002 -16"><span class='ocrx_word' id='word_1_1033' title='bbox 2214 5183 2448 5248; x_wconf 85' lang='grc' dir='ltr'>γυναῖκα</span> <span class='ocrx_word' id='word_1_1034' title='bbox 2492 5181 2591 5250; x_wconf 86' lang='grc' dir='ltr'>τὴν</span> <span class='ocrx_word' id='word_1_1035' title='bbox 2644 5179 2836 5233; x_wconf 89' lang='grc' dir='ltr'>ἐαυτοῦ</span> <span class='ocrx_word' id='word_1_1036' title='bbox 2885 5179 3204 5249; x_wconf 86' lang='grc' dir='ltr'>διεστηκὼς,</span> <span class='ocrx_word' id='word_1_1037' title='bbox 3250 5181 3352 5233; x_wconf 81' lang='grc' dir='ltr'>οὐκ</span> <span class='ocrx_word' id='word_1_1038' title='bbox 3389 5181 3536 5234; x_wconf 80' lang='grc' dir='ltr'>ἐστιν</span> <span class='ocrx_word' id='word_1_1039' title='bbox 3571 5181 3912 5244; x_wconf 81' lang='grc' dir='ltr'>ἀξιόπιστος</span> 
     </span>
    </p>
   </div>
   <div class='ocr_carea' id='block_1_123' title="bbox 2215 5267 3912 5340">
    <p class='ocr_par' dir='ltr' id='par_1_123' title="bbox 2215 5267 3912 5340">
     <span class='ocr_line' id='line_1_123' title="bbox 2215 5267 3912 5340; baseline 0 -18"><span class='ocrx_word' id='word_1_1040' title='bbox 2215 5269 2431 5340; x_wconf 80' lang='grc' dir='ltr'>ἐτέρους</span> <span class='ocrx_word' id='word_1_1041' title='bbox 2487 5267 2890 5335; x_wconf 83' lang='grc' dir='ltr'>καταλλάττων,</span> <span class='ocrx_word' id='word_1_1042' title='bbox 2938 5267 3054 5320; x_wconf 82' lang='grc' dir='ltr'>ἀλλ’</span> <span class='ocrx_word' id='word_1_1043' title='bbox 3093 5267 3384 5321; x_wconf 85' lang='grc' dir='ltr'>ἀκούσεται</span> <span class='ocrx_word' id='word_1_1044' title='bbox 3405 5285 3421 5301; x_wconf 74' lang='grc' dir='ltr'><strong>ο</strong></span> <span class='ocrx_word' id='word_1_1045' title='bbox 3465 5268 3667 5335; x_wconf 83' lang='grc' dir='ltr'>Ἰατρὲ,</span> <span class='ocrx_word' id='word_1_1046' title='bbox 3725 5268 3912 5338; x_wconf 74' lang='grc' dir='ltr'>θερεί-</span> 
     </span>
    </p>
   </div>
   <div class='ocr_carea' id='block_1_124' title="bbox 2215 5354 3919 5425">
    <p class='ocr_par' dir='ltr' id='par_1_124' title="bbox 2215 5354 3919 5425">
     <span class='ocr_line' id='line_1_124' title="bbox 2215 5354 3919 5425; baseline 0.001 -17"><span class='ocrx_word' id='word_1_1047' title='bbox 2215 5370 2448 5410; x_wconf 80' lang='grc' dir='ltr'>πευσον</span> <span class='ocrx_word' id='word_1_1048' title='bbox 2477 5355 2763 5408; x_wconf 76' lang='grc' dir='ltr'>σεαυτόνο</span> <span class='ocrx_word' id='word_1_1049' title='bbox 2793 5354 2935 5408; x_wconf 82' lang='grc' dir='ltr'>οὓτω</span> <span class='ocrx_word' id='word_1_1050' title='bbox 2972 5355 3037 5425; x_wconf 82' lang='grc' dir='ltr'>δὴ</span> <span class='ocrx_word' id='word_1_1051' title='bbox 3066 5356 3159 5410; x_wconf 73' lang='grc' dir='ltr'>καὶ</span> <span class='ocrx_word' id='word_1_1052' title='bbox 3194 5355 3427 5408; x_wconf 84' lang='grc' dir='ltr'>ἐνταῦθα</span> <span class='ocrx_word' id='word_1_1053' title='bbox 3449 5355 3783 5408; x_wconf 84' lang='grc' dir='ltr'>ἀκούσεται.</span> <span class='ocrx_word' id='word_1_1054' title='bbox 3816 5357 3919 5419; x_wconf 84' lang='grc' dir='ltr'>Τίς</span> 
     </span>
    </p>
   </div>
   <div class='ocr_carea' id='block_1_125' title="bbox 2215 5439 3924 5515">
    <p class='ocr_par' dir='ltr' id='par_1_125' title="bbox 2215 5439 3924 5515">
     <span class='ocr_line' id='line_1_125' title="bbox 2215 5439 3924 5515; baseline -0.001 -19"><span class='ocrx_word' id='word_1_1055' title='bbox 2215 5439 2307 5496; x_wconf 79' lang='grc' dir='ltr'>οὖν</span> <span class='ocrx_word' id='word_1_1056' title='bbox 2345 5445 2490 5496; x_wconf 87' lang='grc' dir='ltr'>ἐστιν</span> <span class='ocrx_word' id='word_1_1057' title='bbox 2515 5444 2645 5511; x_wconf 83' lang='grc' dir='ltr'>ἡμῖν</span> <span class='ocrx_word' id='word_1_1058' title='bbox 2674 5443 2706 5511; x_wconf 85' lang='grc' dir='ltr'>ἡ</span> <span class='ocrx_word' id='word_1_1059' title='bbox 2751 5439 2952 5512; x_wconf 71' lang='grc' dir='ltr'>ἔχθρας</span> <span class='ocrx_word' id='word_1_1060' title='bbox 2999 5442 3062 5494; x_wconf 85' lang='grc' dir='ltr'><strong>Ἠ</strong></span> <span class='ocrx_word' id='word_1_1061' title='bbox 3098 5444 3198 5510; x_wconf 83' lang='grc' dir='ltr'>τῆς</span> <span class='ocrx_word' id='word_1_1062' title='bbox 3235 5441 3414 5512; x_wconf 81' lang='grc' dir='ltr'>ψυχῆς</span> <span class='ocrx_word' id='word_1_1063' title='bbox 3447 5441 3584 5512; x_wconf 77' lang='grc' dir='ltr'>πρὸς</span> <span class='ocrx_word' id='word_1_1064' title='bbox 3615 5441 3687 5494; x_wconf 78' lang='grc' dir='ltr'>τὸ</span> <span class='ocrx_word' id='word_1_1065' title='bbox 3720 5444 3924 5515; x_wconf 82' lang='grc' dir='ltr'>σῶμα,</span> 
     </span>
    </p>
   </div>
   <div class='ocr_carea' id='block_1_126' title="bbox 2215 5525 3927 5601">
    <p class='ocr_par' dir='ltr' id='par_1_126' title="bbox 2215 5525 3927 5601">
     <span class='ocr_line' id='line_1_126' title="bbox 2215 5525 3927 5601; baseline 0.001 -21"><span class='ocrx_word' id='word_1_1066' title='bbox 2215 5529 2373 5600; x_wconf 75' lang='grc' dir='ltr'>ήσιιῆς</span> <span class='ocrx_word' id='word_1_1067' title='bbox 2411 5527 2607 5589; x_wconf 87' lang='grc' dir='ltr'>κακίας</span> <span class='ocrx_word' id='word_1_1068' title='bbox 2641 5525 2778 5596; x_wconf 84' lang='grc' dir='ltr'>πρὸς</span> <span class='ocrx_word' id='word_1_1069' title='bbox 2816 5526 2913 5597; x_wconf 81' lang='grc' dir='ltr'>τὴν</span> <span class='ocrx_word' id='word_1_1070' title='bbox 2951 5527 3173 5598; x_wconf 82' lang='grc' dir='ltr'>ἀρετήν.</span> <span class='ocrx_word' id='word_1_1071' title='bbox 3207 5527 3422 5598; x_wconf 85' lang='grc' dir='ltr'>Ταύτην</span> <span class='ocrx_word' id='word_1_1072' title='bbox 3467 5527 3927 5601; x_wconf 73' lang='grc' dir='ltr'>καταλύσωμεν,</span> 
     </span>
    </p>
   </div>
   <div class='ocr_carea' id='block_1_127' title="bbox 2215 5613 3933 5688">
    <p class='ocr_par' dir='ltr' id='par_1_127' title="bbox 2215 5613 3933 5688">
     <span class='ocr_line' id='line_1_127' title="bbox 2215 5613 3933 5688; baseline -0.001 -21"><span class='ocrx_word' id='word_1_1073' title='bbox 2215 5615 2400 5667; x_wconf 86' lang='grc' dir='ltr'>τοῦτον</span> <span class='ocrx_word' id='word_1_1074' title='bbox 2440 5613 2714 5682; x_wconf 88' lang='grc' dir='ltr'>ἀνέλωμεν</span> <span class='ocrx_word' id='word_1_1075' title='bbox 2756 5613 2847 5666; x_wconf 82' lang='grc' dir='ltr'>τὸν</span> <span class='ocrx_word' id='word_1_1076' title='bbox 2897 5613 3154 5683; x_wconf 89' lang='grc' dir='ltr'>πόλεμον,</span> <span class='ocrx_word' id='word_1_1077' title='bbox 3191 5615 3284 5667; x_wconf 76' lang='grc' dir='ltr'>καὶ</span> <span class='ocrx_word' id='word_1_1078' title='bbox 3331 5615 3452 5666; x_wconf 84' lang='grc' dir='ltr'>τότε</span> <span class='ocrx_word' id='word_1_1079' title='bbox 3497 5615 3615 5683; x_wconf 82' lang='grc' dir='ltr'>μετ’</span> <span class='ocrx_word' id='word_1_1080' title='bbox 3672 5616 3933 5688; x_wconf 72' lang='grc' dir='ltr'>εἰρήνης</span> 
     </span>
    </p>
   </div>
   <div class='ocr_carea' id='block_1_128' title="bbox 2216 5698 3935 5774">
    <p class='ocr_par' dir='ltr' id='par_1_128' title="bbox 2216 5698 3935 5774">
     <span class='ocr_line' id='line_1_128' title="bbox 2216 5698 3935 5774; baseline -0.001 -19"><span class='ocrx_word' id='word_1_1081' title='bbox 2216 5703 2308 5755; x_wconf 70' lang='grc' dir='ltr'>καὶ</span> <span class='ocrx_word' id='word_1_1082' title='bbox 2335 5705 2446 5760; x_wconf 88' lang='grc' dir='ltr'>τοῖς</span> <span class='ocrx_word' id='word_1_1083' title='bbox 2483 5698 2663 5762; x_wconf 74' lang='grc' dir='ltr'>ἄλλοις</span> <span class='ocrx_word' id='word_1_1084' title='bbox 2710 5699 3063 5768; x_wconf 83' lang='grc' dir='ltr'>διαλεξόμεθα</span> <span class='ocrx_word' id='word_1_1085' title='bbox 3111 5701 3250 5769; x_wconf 85' lang='grc' dir='ltr'>μετά</span> <span class='ocrx_word' id='word_1_1086' title='bbox 3288 5699 3488 5770; x_wconf 88' lang='grc' dir='ltr'>πολλῆς</span> <span class='ocrx_word' id='word_1_1087' title='bbox 3527 5699 3624 5767; x_wconf 79' lang='grc' dir='ltr'>τῆς</span> <span class='ocrx_word' id='word_1_1088' title='bbox 3677 5705 3935 5774; x_wconf 77' lang='grc' dir='ltr'>παρῤη-</span> 
     </span>
    </p>
   </div>
   <div class='ocr_carea' id='block_1_129' title="bbox 2217 5784 3939 5859">
    <p class='ocr_par' dir='ltr' id='par_1_129' title="bbox 2217 5784 3939 5859">
     <span class='ocr_line' id='line_1_129' title="bbox 2217 5784 3939 5859; baseline 0.002 -18"><span class='ocrx_word' id='word_1_1089' title='bbox 2217 5791 2357 5854; x_wconf 83' lang='grc' dir='ltr'>σίας,</span> <span class='ocrx_word' id='word_1_1090' title='bbox 2389 5788 2448 5841; x_wconf 80' lang='grc' dir='ltr'>οὐ</span> <span class='ocrx_word' id='word_1_1091' title='bbox 2487 5785 2918 5856; x_wconf 88' lang='grc' dir='ltr'>κατηγοροῦντος</span> <span class='ocrx_word' id='word_1_1092' title='bbox 2955 5784 3110 5855; x_wconf 83' lang='grc' dir='ltr'>ἡμῶν</span> <span class='ocrx_word' id='word_1_1093' title='bbox 3147 5786 3243 5840; x_wconf 86' lang='grc' dir='ltr'>τοῦ</span> <span class='ocrx_word' id='word_1_1094' title='bbox 3285 5786 3602 5850; x_wconf 85' lang='grc' dir='ltr'>συνειδότος.</span> <span class='ocrx_word' id='word_1_1095' title='bbox 3642 5788 3939 5859; x_wconf 76' lang='grc' dir='ltr'>Μάκεται</span> 
     </span>
    </p>
   </div>
   <div class='ocr_carea' id='block_1_130' title="bbox 2220 5871 3943 5950">
    <p class='ocr_par' dir='ltr' id='par_1_130' title="bbox 2220 5871 3943 5950">
     <span class='ocr_line' id='line_1_130' title="bbox 2220 5871 3943 5950; baseline -0.002 -21"><span class='ocrx_word' id='word_1_1096' title='bbox 2220 5875 2389 5944; x_wconf 74' lang='grc' dir='ltr'>θυμὸς</span> <span class='ocrx_word' id='word_1_1097' title='bbox 2436 5871 2737 5942; x_wconf 72' lang='grc' dir='ltr'>ἐπιεικείᾳ,</span> <span class='ocrx_word' id='word_1_1098' title='bbox 2787 5871 3020 5942; x_wconf 85' lang='grc' dir='ltr'>μάχεται</span> <span class='ocrx_word' id='word_1_1099' title='bbox 3081 5872 3380 5945; x_wconf 78' lang='grc' dir='ltr'>χρημάτων</span> <span class='ocrx_word' id='word_1_1100' title='bbox 3427 5873 3567 5945; x_wconf 80' lang='grc' dir='ltr'>ἔρως</span> <span class='ocrx_word' id='word_1_1101' title='bbox 3612 5871 3943 5950; x_wconf 75' lang='grc' dir='ltr'>ὑπεροψίᾳ</span> 
     </span>
    </p>
   </div>
  </div>
