  <div class='ocr_page' id='page_1' title='image "/cluster/home/n/w/nwhite01/storage/ocr_20150623/60/hvd.32044073501942/272.png"; bbox 0 0 3950 6208; ppageno 0'>
   <div class='ocr_carea' id='block_1_1' title="bbox 276 229 377 303">
    <p class='ocr_par' dir='ltr' id='par_1_1' title="bbox 276 229 377 303">
     <span class='ocr_line' id='line_1_1' title="bbox 276 229 377 303; baseline -0.05 -1"><span class='ocrx_word' id='word_1_1' title='bbox 276 229 377 303; x_wconf 72' lang='lat'><strong>265‘</strong></span> 
     </span>
    </p>
   </div>
   <div class='ocr_carea' id='block_1_2' title="bbox 276 336 1800 410">
    <p class='ocr_par' dir='ltr' id='par_1_2' title="bbox 276 336 1800 410">
     <span class='ocr_line' id='line_1_2' title="bbox 276 336 1800 410; baseline -0.018 1"><span class='ocrx_word' id='word_1_2' title='bbox 276 360 465 410; x_wconf 80' lang='lat' dir='ltr'><strong>furorem</strong></span> <span class='ocrx_word' id='word_1_3' title='bbox 491 344 842 404; x_wconf 87' lang='lat' dir='ltr'><strong>subindicans.</strong></span> <span class='ocrx_word' id='word_1_4' title='bbox 876 342 1064 397; x_wconf 87' lang='lat' dir='ltr'><strong>Statim</strong></span> <span class='ocrx_word' id='word_1_5' title='bbox 1106 356 1221 394; x_wconf 85' lang='lat' dir='ltr'><strong>vero</strong></span> <span class='ocrx_word' id='word_1_6' title='bbox 1262 338 1488 392; x_wconf 86' lang='lat' dir='ltr'><strong>Paulum</strong></span> <span class='ocrx_word' id='word_1_7' title='bbox 1534 336 1800 390; x_wconf 84' lang='lat' dir='ltr'><strong>emiserunt</strong></span> 
     </span>
    </p>
   </div>
   <div class='ocr_carea' id='block_1_3' title="bbox 272 424 1805 515">
    <p class='ocr_par' dir='ltr' id='par_1_3' title="bbox 272 424 1805 515">
     <span class='ocr_line' id='line_1_3' title="bbox 272 424 1805 515; baseline -0.015 -18"><span class='ocrx_word' id='word_1_8' title='bbox 272 448 439 515; x_wconf 67' lang='lat' dir='ltr'><strong>fratres,</strong></span> <span class='ocrx_word' id='word_1_9' title='bbox 464 449 513 493; x_wconf 85' lang='lat' dir='ltr'><strong>ut</strong></span> <span class='ocrx_word' id='word_1_10' title='bbox 538 448 641 501; x_wconf 76' lang='lat' dir='ltr'><strong>iret,</strong></span> <span class='ocrx_word' id='word_1_11' title='bbox 671 436 860 505; x_wconf 97' lang='lat' dir='ltr'><strong>inquit,</strong></span> <span class='ocrx_word' id='word_1_12' title='bbox 890 433 1037 502; x_wconf 88' lang='lat' dir='ltr'><strong>quasi</strong></span> <span class='ocrx_word' id='word_1_13' title='bbox 1064 432 1131 484; x_wconf 84' lang='lat' dir='ltr'><strong>ad</strong></span> <span class='ocrx_word' id='word_1_14' title='bbox 1162 446 1318 483; x_wconf 80' lang='lat' dir='ltr'><strong>mare.</strong></span> <span class='ocrx_word' id='word_1_15' title='bbox 1351 429 1413 483; x_wconf 88' lang='lat' dir='ltr'><strong>Ili</strong></span> <span class='ocrx_word' id='word_1_16' title='bbox 1440 428 1547 495; x_wconf 88' lang='lat' dir='ltr'><strong>jam</strong></span> <span class='ocrx_word' id='word_1_17' title='bbox 1579 424 1805 480; x_wconf 78' lang='lat' dir='ltr'><strong>Paulum</strong></span> 
     </span>
    </p>
   </div>
   <div class='ocr_carea' id='block_1_4' title="bbox 271 512 1801 589">
    <p class='ocr_par' dir='ltr' id='par_1_4' title="bbox 271 512 1801 589">
     <span class='ocr_line' id='line_1_4' title="bbox 271 512 1801 589; baseline -0.016 0"><span class='ocrx_word' id='word_1_18' title='bbox 271 512 411 589; x_wconf 77' lang='lat' dir='ltr'><strong>solum</strong></span> <span class='ocrx_word' id='word_1_19' title='bbox 446 532 647 584; x_wconf 91' lang='lat' dir='ltr'><strong>mittunt</strong></span> <span class='ocrx_word' id='word_1_20' title='bbox 680 544 692 579; x_wconf 93' lang='lat'>:</span> <span class='ocrx_word' id='word_1_21' title='bbox 722 524 1035 581; x_wconf 87' lang='lat' dir='ltr'><strong>metuebant</strong></span> <span class='ocrx_word' id='word_1_22' title='bbox 1079 522 1220 576; x_wconf 88' lang='lat' dir='ltr'><strong>enim</strong></span> <span class='ocrx_word' id='word_1_23' title='bbox 1262 535 1330 574; x_wconf 91' lang='lat' dir='ltr'><strong>ne</strong></span> <span class='ocrx_word' id='word_1_24' title='bbox 1375 517 1498 587; x_wconf 91' lang='lat' dir='ltr'><strong>quid</strong></span> <span class='ocrx_word' id='word_1_25' title='bbox 1549 516 1645 584; x_wconf 83' lang='lat' dir='ltr'><strong>ipsi</strong></span> <span class='ocrx_word' id='word_1_26' title='bbox 1679 512 1801 566; x_wconf 84' lang='lat' dir='ltr'><strong>mali</strong></span> 
     </span>
    </p>
   </div>
   <div class='ocr_carea' id='block_1_5' title="bbox 274 599 1802 688">
    <p class='ocr_par' dir='ltr' id='par_1_5' title="bbox 274 599 1802 688">
     <span class='ocr_line' id='line_1_5' title="bbox 274 599 1802 688; baseline -0.014 -11"><span class='ocrx_word' id='word_1_27' title='bbox 274 624 510 682; x_wconf 80' lang='lat' dir='ltr'><strong>accideret,</strong></span> <span class='ocrx_word' id='word_1_28' title='bbox 542 617 677 688; x_wconf 91' lang='lat' dir='ltr'><strong>quod</strong></span> <span class='ocrx_word' id='word_1_29' title='bbox 708 617 810 670; x_wconf 80' lang='lat' dir='ltr'><strong>illis</strong></span> <span class='ocrx_word' id='word_1_30' title='bbox 840 628 1048 668; x_wconf 85' lang='lat' dir='ltr'><strong>summa</strong></span> <span class='ocrx_word' id='word_1_31' title='bbox 1090 626 1216 665; x_wconf 89' lang='lat' dir='ltr'><strong>cura</strong></span> <span class='ocrx_word' id='word_1_32' title='bbox 1258 619 1371 663; x_wconf 86' lang='lat' dir='ltr'><strong>erat</strong></span> <span class='ocrx_word' id='word_1_33' title='bbox 1403 626 1415 661; x_wconf 87' lang='lat'>:</span> <span class='ocrx_word' id='word_1_34' title='bbox 1446 608 1523 661; x_wconf 89' lang='lat' dir='ltr'><strong>sic</strong></span> <span class='ocrx_word' id='word_1_35' title='bbox 1549 621 1653 659; x_wconf 92' lang='lat' dir='ltr'><strong>non</strong></span> <span class='ocrx_word' id='word_1_36' title='bbox 1676 599 1802 657; x_wconf 88' lang='lat' dir='ltr'><strong>ubi-</strong></span> 
     </span>
    </p>
   </div>
   <div class='ocr_carea' id='block_1_6' title="bbox 272 700 1801 783">
    <p class='ocr_par' dir='ltr' id='par_1_6' title="bbox 272 700 1801 783">
     <span class='ocr_line' id='line_1_6' title="bbox 272 700 1801 783; baseline -0.012 -18"><span class='ocrx_word' id='word_1_37' title='bbox 272 730 350 783; x_wconf 85' lang='lat' dir='ltr'><strong>que</strong></span> <span class='ocrx_word' id='word_1_38' title='bbox 373 713 518 783; x_wconf 79' lang='lat' dir='ltr'><strong>gratia</strong></span> <span class='ocrx_word' id='word_1_39' title='bbox 540 709 871 779; x_wconf 77' lang='lat' dir='ltr'><strong>operabatur,</strong></span> <span class='ocrx_word' id='word_1_40' title='bbox 893 705 985 759; x_wconf 91' lang='lat' dir='ltr'><strong>sed</strong></span> <span class='ocrx_word' id='word_1_41' title='bbox 1008 703 1215 757; x_wconf 91' lang='lat' dir='ltr'><strong>sinebat</strong></span> <span class='ocrx_word' id='word_1_42' title='bbox 1234 702 1350 756; x_wconf 89' lang='lat' dir='ltr'><strong>illos</strong></span> <span class='ocrx_word' id='word_1_43' title='bbox 1374 700 1600 754; x_wconf 91' lang='lat' dir='ltr'><strong>humana</strong></span> <span class='ocrx_word' id='word_1_44' title='bbox 1622 711 1801 766; x_wconf 80' lang='lat' dir='ltr'><strong>agere,</strong></span> 
     </span>
    </p>
   </div>
   <div class='ocr_carea' id='block_1_7' title="bbox 274 787 1806 866">
    <p class='ocr_par' dir='ltr' id='par_1_7' title="bbox 274 787 1806 866">
     <span class='ocr_line' id='line_1_7' title="bbox 274 787 1806 866; baseline -0.012 -8"><span class='ocrx_word' id='word_1_45' title='bbox 274 807 365 858; x_wconf 87' lang='lat' dir='ltr'><strong>illos</strong></span> <span class='ocrx_word' id='word_1_46' title='bbox 389 804 603 856; x_wconf 78' lang='lat' dir='ltr'><strong>excitans</strong></span> <span class='ocrx_word' id='word_1_47' title='bbox 640 808 694 853; x_wconf 87' lang='lat' dir='ltr'><strong>et</strong></span> <span class='ocrx_word' id='word_1_48' title='bbox 730 795 1180 866; x_wconf 70' lang='lat' dir='ltr'><strong>expergefaciens,</strong></span> <span class='ocrx_word' id='word_1_49' title='bbox 1223 802 1382 861; x_wconf 89' lang='lat' dir='ltr'><strong>atque</strong></span> <span class='ocrx_word' id='word_1_50' title='bbox 1413 792 1465 844; x_wconf 91' lang='lat' dir='ltr'><strong>in</strong></span> <span class='ocrx_word' id='word_1_51' title='bbox 1496 787 1806 844; x_wconf 58' lang='lat' dir='ltr'><strong>sillicitudi-</strong></span> 
     </span>
    </p>
   </div>
   <div class='ocr_carea' id='block_1_8' title="bbox 272 878 1807 961">
    <p class='ocr_par' dir='ltr' id='par_1_8' title="bbox 272 878 1807 961">
     <span class='ocr_line' id='line_1_8' title="bbox 272 878 1807 961; baseline -0.012 -13"><span class='ocrx_word' id='word_1_52' title='bbox 272 910 365 948; x_wconf 85' lang='lat' dir='ltr'><strong>nem</strong></span> <span class='ocrx_word' id='word_1_53' title='bbox 402 892 643 961; x_wconf 87' lang='lat' dir='ltr'><strong>injicieus.</strong></span> <span class='ocrx_word' id='word_1_54' title='bbox 686 887 817 942; x_wconf 85' lang='lat' dir='ltr'><strong>Vide</strong></span> <span class='ocrx_word' id='word_1_55' title='bbox 864 902 1008 955; x_wconf 80' lang='lat' dir='ltr'><strong>ergo,</strong></span> <span class='ocrx_word' id='word_1_56' title='bbox 1054 899 1223 953; x_wconf 91' lang='lat' dir='ltr'><strong>usque</strong></span> <span class='ocrx_word' id='word_1_57' title='bbox 1267 882 1538 951; x_wconf 85' lang='lat' dir='ltr'><strong>Philippos</strong></span> <span class='ocrx_word' id='word_1_58' title='bbox 1577 878 1807 934; x_wconf 77' lang='lat' dir='ltr'><strong>servavit</strong></span> 
     </span>
    </p>
   </div>
   <div class='ocr_carea' id='block_1_9' title="bbox 270 970 1803 1050">
    <p class='ocr_par' dir='ltr' id='par_1_9' title="bbox 270 970 1803 1050">
     <span class='ocr_line' id='line_1_9' title="bbox 270 970 1803 1050; baseline -0.011 -11"><span class='ocrx_word' id='word_1_59' title='bbox 270 1001 358 1050; x_wconf 86' lang='lat' dir='ltr'><strong>eos,</strong></span> <span class='ocrx_word' id='word_1_60' title='bbox 386 983 491 1037; x_wconf 88' lang='lat' dir='ltr'><strong>inde</strong></span> <span class='ocrx_word' id='word_1_61' title='bbox 516 995 639 1035; x_wconf 85' lang='lat' dir='ltr'><strong>vero</strong></span> <span class='ocrx_word' id='word_1_62' title='bbox 668 996 772 1033; x_wconf 90' lang='lat' dir='ltr'><strong>non</strong></span> <span class='ocrx_word' id='word_1_63' title='bbox 802 978 950 1032; x_wconf 89' lang='lat' dir='ltr'><strong>item.</strong></span> <span class='ocrx_word' id='word_1_64' title='bbox 987 976 1052 1029; x_wconf 84' lang='lat' dir='ltr'><strong>Et</strong></span> <span class='ocrx_word' id='word_1_65' title='bbox 1083 984 1285 1044; x_wconf 76' lang='lat' dir='ltr'><strong>accepto</strong></span> <span class='ocrx_word' id='word_1_66' title='bbox 1314 974 1571 1035; x_wconf 85' lang='lat' dir='ltr'><strong>mandato,</strong></span> <span class='ocrx_word' id='word_1_67' title='bbox 1612 970 1803 1038; x_wconf 78' lang='lat' dir='ltr'><strong>inquit,</strong></span> 
     </span>
    </p>
   </div>
   <div class='ocr_carea' id='block_1_10' title="bbox 267 1062 1807 1138">
    <p class='ocr_par' dir='ltr' id='par_1_10' title="bbox 267 1062 1807 1138">
     <span class='ocr_line' id='line_1_10' title="bbox 267 1062 1807 1138; baseline -0.01 -10"><span class='ocrx_word' id='word_1_68' title='bbox 267 1078 321 1128; x_wconf 75' lang='lat' dir='ltr'><strong>ad</strong></span> <span class='ocrx_word' id='word_1_69' title='bbox 340 1076 482 1131; x_wconf 83' lang='lat' dir='ltr'><strong>Silam</strong></span> <span class='ocrx_word' id='word_1_70' title='bbox 501 1084 545 1126; x_wconf 82' lang='lat' dir='ltr'><strong>et</strong></span> <span class='ocrx_word' id='word_1_71' title='bbox 574 1072 911 1133; x_wconf 80' lang='lat' dir='ltr'><strong>Timotheum,</strong></span> <span class='ocrx_word' id='word_1_72' title='bbox 945 1079 996 1121; x_wconf 89' lang='lat' dir='ltr'><strong>ut</strong></span> <span class='ocrx_word' id='word_1_73' title='bbox 1029 1084 1180 1138; x_wconf 85' lang='lat' dir='ltr'><strong>quant</strong></span> <span class='ocrx_word' id='word_1_74' title='bbox 1209 1066 1467 1120; x_wconf 81' lang='lat' dir='ltr'><strong>celerrime</strong></span> <span class='ocrx_word' id='word_1_75' title='bbox 1492 1064 1714 1117; x_wconf 86' lang='lat' dir='ltr'><strong>venirent</strong></span> <span class='ocrx_word' id='word_1_76' title='bbox 1740 1062 1807 1113; x_wconf 80' lang='lat' dir='ltr'><strong>ad</strong></span> 
     </span>
    </p>
   </div>
   <div class='ocr_carea' id='block_1_11' title="bbox 266 1153 1805 1234">
    <p class='ocr_par' dir='ltr' id='par_1_11' title="bbox 266 1153 1805 1234">
     <span class='ocr_line' id='line_1_11' title="bbox 266 1153 1805 1234; baseline -0.01 -17"><span class='ocrx_word' id='word_1_77' title='bbox 266 1183 375 1228; x_wconf 71' lang='lat' dir='ltr'><strong>enni,</strong></span> <span class='ocrx_word' id='word_1_78' title='bbox 403 1165 601 1234; x_wconf 79' lang='lat' dir='ltr'><strong>profecti</strong></span> <span class='ocrx_word' id='word_1_79' title='bbox 626 1172 761 1215; x_wconf 87' lang='lat' dir='ltr'><strong>sunt.</strong></span> <span class='ocrx_word' id='word_1_80' title='bbox 795 1160 953 1228; x_wconf 89' lang='lat' dir='ltr'><strong>quue</strong></span> <span class='ocrx_word' id='word_1_81' title='bbox 986 1158 1174 1211; x_wconf 90' lang='lat' dir='ltr'><strong>merito</strong></span> <span class='ocrx_word' id='word_1_82' title='bbox 1208 1174 1220 1209; x_wconf 94' lang='lat'>:</span> <span class='ocrx_word' id='word_1_83' title='bbox 1248 1156 1453 1211; x_wconf 86' lang='lat' dir='ltr'><strong>etiamsi</strong></span> <span class='ocrx_word' id='word_1_84' title='bbox 1494 1156 1634 1208; x_wconf 88' lang='lat' dir='ltr'><strong>enim</strong></span> <span class='ocrx_word' id='word_1_85' title='bbox 1667 1153 1805 1206; x_wconf 83' lang='lat' dir='ltr'><strong>Pau-</strong></span> 
     </span>
    </p>
   </div>
   <div class='ocr_carea' id='block_1_12' title="bbox 266 1242 1805 1323">
    <p class='ocr_par' dir='ltr' id='par_1_12' title="bbox 266 1242 1805 1323">
     <span class='ocr_line' id='line_1_12' title="bbox 266 1242 1805 1323; baseline -0.01 -15"><span class='ocrx_word' id='word_1_86' title='bbox 266 1256 329 1308; x_wconf 85' lang='lat' dir='ltr'><strong>lus</strong></span> <span class='ocrx_word' id='word_1_87' title='bbox 352 1262 493 1317; x_wconf 81' lang='lat' dir='ltr'><strong>esset,</strong></span> <span class='ocrx_word' id='word_1_88' title='bbox 526 1268 661 1323; x_wconf 87' lang='lat' dir='ltr'><strong>Opus</strong></span> <span class='ocrx_word' id='word_1_89' title='bbox 706 1250 934 1304; x_wconf 89' lang='lat' dir='ltr'><strong>habebat</strong></span> <span class='ocrx_word' id='word_1_90' title='bbox 979 1249 1103 1302; x_wconf 87' lang='lat' dir='ltr'><strong>illis.</strong></span> <span class='ocrx_word' id='word_1_91' title='bbox 1152 1246 1312 1317; x_wconf 79' lang='lat' dir='ltr'><strong>Igitur</strong></span> <span class='ocrx_word' id='word_1_92' title='bbox 1353 1245 1404 1298; x_wconf 93' lang='lat' dir='ltr'><strong>in</strong></span> <span class='ocrx_word' id='word_1_93' title='bbox 1446 1242 1805 1298; x_wconf 83' lang='lat' dir='ltr'><strong>Macedoniam</strong></span> 
     </span>
    </p>
   </div>
   <div class='ocr_carea' id='block_1_13' title="bbox 265 1335 1806 1413">
    <p class='ocr_par' dir='ltr' id='par_1_13' title="bbox 265 1335 1806 1413">
     <span class='ocr_line' id='line_1_13' title="bbox 265 1335 1806 1413; baseline -0.01 -12"><span class='ocrx_word' id='word_1_94' title='bbox 265 1347 421 1401; x_wconf 83' lang='lat' dir='ltr'><strong>benea</strong></span> <span class='ocrx_word' id='word_1_95' title='bbox 450 1347 547 1400; x_wconf 90' lang='lat' dir='ltr'><strong>Deo</strong></span> <span class='ocrx_word' id='word_1_96' title='bbox 599 1342 1045 1413; x_wconf 85' lang='lat' dir='ltr'><strong>impellebantur;</strong></span> <span class='ocrx_word' id='word_1_97' title='bbox 1089 1339 1229 1393; x_wconf 75' lang='lat' dir='ltr'><strong>clara</strong></span> <span class='ocrx_word' id='word_1_98' title='bbox 1272 1351 1502 1405; x_wconf 79' lang='lat' dir='ltr'><strong>namque</strong></span> <span class='ocrx_word' id='word_1_99' title='bbox 1544 1335 1653 1404; x_wconf 89' lang='lat' dir='ltr'><strong>jam</strong></span> <span class='ocrx_word' id='word_1_100' title='bbox 1693 1343 1806 1387; x_wconf 87' lang='lat' dir='ltr'><strong>erat</strong></span> 
     </span>
    </p>
   </div>
   <div class='ocr_carea' id='block_1_14' title="bbox 266 1425 1805 1503">
    <p class='ocr_par' dir='ltr' id='par_1_14' title="bbox 266 1425 1805 1503">
     <span class='ocr_line' id='line_1_14' title="bbox 266 1425 1805 1503; baseline -0.009 -12"><span class='ocrx_word' id='word_1_101' title='bbox 266 1437 430 1491; x_wconf 68' lang='lat' dir='ltr'><strong>Gracia</strong></span> <span class='ocrx_word' id='word_1_102' title='bbox 457 1456 469 1489; x_wconf 88' lang='lat'><strong>:</strong></span> <span class='ocrx_word' id='word_1_103' title='bbox 496 1437 731 1503; x_wconf 80' lang='lat' dir='ltr'><strong>alioquin</strong></span> <span class='ocrx_word' id='word_1_104' title='bbox 773 1444 829 1487; x_wconf 89' lang='lat' dir='ltr'><strong>et</strong></span> <span class='ocrx_word' id='word_1_105' title='bbox 856 1434 956 1486; x_wconf 89' lang='lat' dir='ltr'><strong>alia</strong></span> <span class='ocrx_word' id='word_1_106' title='bbox 1000 1440 1195 1501; x_wconf 67' lang='lat' dir='ltr'><strong>prarter</strong></span> <span class='ocrx_word' id='word_1_107' title='bbox 1240 1429 1609 1483; x_wconf 83' lang='lat' dir='ltr'><strong>necessitatem</strong></span> <span class='ocrx_word' id='word_1_108' title='bbox 1644 1425 1805 1479; x_wconf 81' lang='lat' dir='ltr'><strong>facie-</strong></span> 
     </span>
    </p>
   </div>
   <div class='ocr_carea' id='block_1_15' title="bbox 269 1515 1806 1594">
    <p class='ocr_par' dir='ltr' id='par_1_15' title="bbox 269 1515 1806 1594">
     <span class='ocr_line' id='line_1_15' title="bbox 269 1515 1806 1594; baseline -0.009 -14"><span class='ocrx_word' id='word_1_109' title='bbox 269 1528 355 1581; x_wconf 91' lang='lat' dir='ltr'><strong>bat.</strong></span> <span class='ocrx_word' id='word_1_110' title='bbox 381 1527 610 1582; x_wconf 86' lang='lat' dir='ltr'><strong>Christus</strong></span> <span class='ocrx_word' id='word_1_111' title='bbox 636 1526 873 1594; x_wconf 88' lang='lat' dir='ltr'><strong>jusserat</strong></span> <span class='ocrx_word' id='word_1_112' title='bbox 892 1522 959 1576; x_wconf 81' lang='lat' dir='ltr'><strong>tle</strong></span> <span class='ocrx_word' id='word_1_113' title='bbox 989 1520 1266 1590; x_wconf 81' lang='lat' dir='ltr'><strong>evangelio</strong></span> <span class='ocrx_word' id='word_1_114' title='bbox 1293 1520 1471 1573; x_wconf 88' lang='lat' dir='ltr'><strong>vivere</strong></span> <span class='ocrx_word' id='word_1_115' title='bbox 1498 1518 1571 1589; x_wconf 92' lang='lat' dir='ltr'><strong>(I.</strong></span> <span class='ocrx_word' id='word_1_116' title='bbox 1607 1515 1720 1569; x_wconf 82' lang='lat' dir='ltr'><strong>Cor.</strong></span> <span class='ocrx_word' id='word_1_117' title='bbox 1752 1516 1806 1568; x_wconf 86' lang='lat'><strong>9.</strong></span> 
     </span>
    </p>
   </div>
   <div class='ocr_carea' id='block_1_16' title="bbox 270 1609 1806 1688">
    <p class='ocr_par' dir='ltr' id='par_1_16' title="bbox 270 1609 1806 1688">
     <span class='ocr_line' id='line_1_16' title="bbox 270 1609 1806 1688; baseline -0.009 -16"><span class='ocrx_word' id='word_1_118' title='bbox 270 1620 368 1688; x_wconf 77' lang='lat' dir='ltr'><strong>ll);</strong></span> <span class='ocrx_word' id='word_1_119' title='bbox 393 1620 655 1674; x_wconf 87' lang='lat' dir='ltr'><strong>hicantem</strong></span> <span class='ocrx_word' id='word_1_120' title='bbox 684 1633 789 1671; x_wconf 88' lang='lat' dir='ltr'><strong>non</strong></span> <span class='ocrx_word' id='word_1_121' title='bbox 820 1615 1076 1670; x_wconf 85' lang='lat' dir='ltr'><strong>faciebat:</strong></span> <span class='ocrx_word' id='word_1_122' title='bbox 1100 1613 1339 1668; x_wconf 86' lang='lat' dir='ltr'><strong>Christus</strong></span> <span class='ocrx_word' id='word_1_123' title='bbox 1368 1627 1471 1665; x_wconf 86' lang='lat' dir='ltr'><strong>non</strong></span> <span class='ocrx_word' id='word_1_124' title='bbox 1498 1610 1637 1663; x_wconf 87' lang='lat' dir='ltr'><strong>misit</strong></span> <span class='ocrx_word' id='word_1_125' title='bbox 1661 1609 1806 1659; x_wconf 85' lang='lat' dir='ltr'><strong>illum</strong></span> 
     </span>
    </p>
   </div>
   <div class='ocr_carea' id='block_1_17' title="bbox 272 1698 1808 1778">
    <p class='ocr_par' dir='ltr' id='par_1_17' title="bbox 272 1698 1808 1778">
     <span class='ocr_line' id='line_1_17' title="bbox 272 1698 1808 1778; baseline -0.005 -19"><span class='ocrx_word' id='word_1_126' title='bbox 272 1710 486 1778; x_wconf 77' lang='lat' dir='ltr'><strong>baptitare</strong></span> <span class='ocrx_word' id='word_1_127' title='bbox 514 1710 588 1777; x_wconf 87' lang='lat' dir='ltr'><strong>(I.</strong></span> <span class='ocrx_word' id='word_1_128' title='bbox 628 1708 746 1761; x_wconf 82' lang='lat' dir='ltr'><strong>Cor.</strong></span> <span class='ocrx_word' id='word_1_129' title='bbox 792 1708 844 1763; x_wconf 90' lang='grc'><strong>1.</strong></span> <span class='ocrx_word' id='word_1_130' title='bbox 890 1705 1015 1773; x_wconf 83' lang='grc'><strong>17);</strong></span> <span class='ocrx_word' id='word_1_131' title='bbox 1052 1703 1135 1757; x_wconf 88' lang='lat' dir='ltr'><strong>hic</strong></span> <span class='ocrx_word' id='word_1_132' title='bbox 1166 1717 1293 1757; x_wconf 87' lang='lat' dir='ltr'><strong>vero</strong></span> <span class='ocrx_word' id='word_1_133' title='bbox 1322 1700 1640 1770; x_wconf 89' lang='lat' dir='ltr'><strong>baptizabat.</strong></span> <span class='ocrx_word' id='word_1_134' title='bbox 1680 1698 1808 1753; x_wconf 79' lang='lat' dir='ltr'><strong>Vide</strong></span> 
     </span>
    </p>
   </div>
   <div class='ocr_carea' id='block_1_18' title="bbox 274 1790 1810 1869">
    <p class='ocr_par' dir='ltr' id='par_1_18' title="bbox 274 1790 1810 1869">
     <span class='ocr_line' id='line_1_18' title="bbox 274 1790 1810 1869; baseline -0.006 -18"><span class='ocrx_word' id='word_1_135' title='bbox 274 1802 485 1869; x_wconf 80' lang='lat' dir='ltr'><strong>quemndo</strong></span> <span class='ocrx_word' id='word_1_136' title='bbox 508 1798 875 1854; x_wconf 82' lang='lat' dir='ltr'><strong>conferendus</strong></span> <span class='ocrx_word' id='word_1_137' title='bbox 916 1796 1164 1851; x_wconf 91' lang='lat' dir='ltr'><strong>omnibus</strong></span> <span class='ocrx_word' id='word_1_138' title='bbox 1204 1802 1338 1847; x_wconf 89' lang='lat' dir='ltr'><strong>erat.</strong></span> <span class='ocrx_word' id='word_1_139' title='bbox 1380 1794 1569 1847; x_wconf 88' lang='lat' dir='ltr'><strong>Petrus</strong></span> <span class='ocrx_word' id='word_1_140' title='bbox 1610 1790 1675 1843; x_wconf 92' lang='lat' dir='ltr'><strong>ad</strong></span> <span class='ocrx_word' id='word_1_141' title='bbox 1706 1791 1810 1843; x_wconf 83' lang='lat' dir='ltr'><strong>cir-</strong></span> 
     </span>
    </p>
   </div>
   <div class='ocr_carea' id='block_1_19' title="bbox 268 1880 1809 1957">
    <p class='ocr_par' dir='ltr' id='par_1_19' title="bbox 268 1880 1809 1957">
     <span class='ocr_line' id='line_1_19' title="bbox 268 1880 1809 1957; baseline -0.006 -14"><span class='ocrx_word' id='word_1_142' title='bbox 268 1892 618 1955; x_wconf 71' lang='lat' dir='ltr'><strong>(Illnt&#39;lSItIIlenl,</strong></span> <span class='ocrx_word' id='word_1_143' title='bbox 651 1892 736 1943; x_wconf 90' lang='lat' dir='ltr'><strong>hic</strong></span> <span class='ocrx_word' id='word_1_144' title='bbox 758 1888 823 1941; x_wconf 89' lang='lat' dir='ltr'><strong>ad</strong></span> <span class='ocrx_word' id='word_1_145' title='bbox 850 1898 1059 1957; x_wconf 82' lang='lat' dir='ltr'><strong>gentes,</strong></span> <span class='ocrx_word' id='word_1_146' title='bbox 1087 1886 1153 1939; x_wconf 91' lang='lat' dir='ltr'><strong>ad</strong></span> <span class='ocrx_word' id='word_1_147' title='bbox 1192 1885 1446 1953; x_wconf 80' lang='lat' dir='ltr'><strong>majorem</strong></span> <span class='ocrx_word' id='word_1_148' title='bbox 1483 1891 1709 1951; x_wconf 88' lang='lat' dir='ltr'><strong>partem.</strong></span> <span class='ocrx_word' id='word_1_149' title='bbox 1741 1880 1809 1933; x_wconf 84' lang='lat' dir='ltr'><strong>Et</strong></span> 
     </span>
    </p>
   </div>
   <div class='ocr_carea' id='block_1_20' title="bbox 264 1972 1806 2049">
    <p class='ocr_par' dir='ltr' id='par_1_20' title="bbox 264 1972 1806 2049">
     <span class='ocr_line' id='line_1_20' title="bbox 264 1972 1806 2049; baseline -0.005 -19"><span class='ocrx_word' id='word_1_150' title='bbox 264 1990 445 2048; x_wconf 75' lang='lat' dir='ltr'><strong>accepta,</strong></span> <span class='ocrx_word' id='word_1_151' title='bbox 474 1981 665 2049; x_wconf 81' lang='lat' dir='ltr'><strong>inquit,</strong></span> <span class='ocrx_word' id='word_1_152' title='bbox 695 1978 1042 2047; x_wconf 72' lang='lat' dir='ltr'><strong>satisfactione</strong></span> <span class='ocrx_word' id='word_1_153' title='bbox 1075 1992 1106 2028; x_wconf 92' lang='lat' dir='ltr'><strong>a</strong></span> <span class='ocrx_word' id='word_1_154' title='bbox 1138 1974 1350 2039; x_wconf 85' lang='lat' dir='ltr'><strong>Jasone,</strong></span> <span class='ocrx_word' id='word_1_155' title='bbox 1376 1972 1677 2026; x_wconf 82' lang='lat' dir='ltr'><strong>dimiserunt</strong></span> <span class='ocrx_word' id='word_1_156' title='bbox 1704 1987 1806 2025; x_wconf 88' lang='lat' dir='ltr'><strong>eos.</strong></span> 
     </span>
    </p>
   </div>
   <div class='ocr_carea' id='block_1_21' title="bbox 263 2063 1809 2143">
    <p class='ocr_par' dir='ltr' id='par_1_21' title="bbox 263 2063 1809 2143">
     <span class='ocr_line' id='line_1_21' title="bbox 263 2063 1809 2143; baseline -0.006 -17"><span class='ocrx_word' id='word_1_157' title='bbox 263 2072 365 2128; x_wconf 86' lang='lat' dir='ltr'><strong>Vide</strong></span> <span class='ocrx_word' id='word_1_158' title='bbox 398 2073 661 2143; x_wconf 80' lang='lat' dir='ltr'><strong>quomodo</strong></span> <span class='ocrx_word' id='word_1_159' title='bbox 688 2070 1051 2125; x_wconf 72' lang='lat' dir='ltr'><strong>satisfactione</strong></span> <span class='ocrx_word' id='word_1_160' title='bbox 1081 2067 1201 2122; x_wconf 90' lang='lat' dir='ltr'><strong>data</strong></span> <span class='ocrx_word' id='word_1_161' title='bbox 1232 2068 1392 2121; x_wconf 88' lang='lat' dir='ltr'><strong>.Iason</strong></span> <span class='ocrx_word' id='word_1_162' title='bbox 1432 2065 1651 2119; x_wconf 91' lang='lat' dir='ltr'><strong>Paulum</strong></span> <span class='ocrx_word' id='word_1_163' title='bbox 1676 2063 1809 2118; x_wconf 85' lang='lat' dir='ltr'><strong>emi-</strong></span> 
     </span>
    </p>
   </div>
   <div class='ocr_carea' id='block_1_22' title="bbox 256 2154 1805 2230">
    <p class='ocr_par' dir='ltr' id='par_1_22' title="bbox 256 2154 1805 2230">
     <span class='ocr_line' id='line_1_22' title="bbox 256 2154 1805 2230; baseline -0.01 -10"><span class='ocrx_word' id='word_1_164' title='bbox 256 2167 343 2229; x_wconf 86' lang='lat' dir='ltr'><strong>sit;</strong></span> <span class='ocrx_word' id='word_1_165' title='bbox 367 2179 414 2219; x_wconf 70' lang='grc' dir='ltr'><strong>ει</strong></span> <span class='ocrx_word' id='word_1_166' title='bbox 440 2168 502 2219; x_wconf 91' lang='lat' dir='ltr'><strong>ita</strong></span> <span class='ocrx_word' id='word_1_167' title='bbox 528 2166 770 2219; x_wconf 85' lang='lat' dir='ltr'><strong>animam</strong></span> <span class='ocrx_word' id='word_1_168' title='bbox 803 2178 955 2216; x_wconf 90' lang='lat' dir='ltr'><strong>suam</strong></span> <span class='ocrx_word' id='word_1_169' title='bbox 1001 2175 1098 2230; x_wconf 89' lang='lat' dir='ltr'><strong>pro</strong></span> <span class='ocrx_word' id='word_1_170' title='bbox 1138 2159 1230 2212; x_wconf 86' lang='lat' dir='ltr'><strong>illo</strong></span> <span class='ocrx_word' id='word_1_171' title='bbox 1266 2158 1457 2228; x_wconf 78' lang='lat' dir='ltr'><strong>posuit.</strong></span> <span class='ocrx_word' id='word_1_172' title='bbox 1493 2155 1585 2221; x_wconf 86' lang='lat' dir='ltr'><strong>Hi,</strong></span> <span class='ocrx_word' id='word_1_173' title='bbox 1616 2154 1805 2224; x_wconf 85' lang='lat' dir='ltr'><strong>inquit,</strong></span> 
     </span>
    </p>
   </div>
   <div class='ocr_carea' id='block_1_23' title="bbox 254 2248 1809 2315">
    <p class='ocr_par' dir='ltr' id='par_1_23' title="bbox 254 2248 1809 2315">
     <span class='ocr_line' id='line_1_23' title="bbox 254 2248 1809 2315; baseline -0.008 -5"><span class='ocrx_word' id='word_1_174' title='bbox 254 2259 686 2313; x_wconf 70' lang='lat' dir='ltr'><strong>truntnabilissimi</strong></span> <span class='ocrx_word' id='word_1_175' title='bbox 718 2252 1243 2310; x_wconf 82' lang='lat' dir='ltr'><strong>Tltessalonicensium</strong></span> <span class='ocrx_word' id='word_1_176' title='bbox 1262 2266 1281 2315; x_wconf 90' lang='lat'><strong>;</strong></span> <span class='ocrx_word' id='word_1_177' title='bbox 1313 2251 1364 2304; x_wconf 88' lang='lat' dir='ltr'><strong>id</strong></span> <span class='ocrx_word' id='word_1_178' title='bbox 1395 2257 1497 2315; x_wconf 90' lang='lat' dir='ltr'><strong>est,</strong></span> <span class='ocrx_word' id='word_1_179' title='bbox 1536 2248 1727 2301; x_wconf 81' lang='lat' dir='ltr'><strong>virtute</strong></span> <span class='ocrx_word' id='word_1_180' title='bbox 1756 2255 1809 2299; x_wconf 89' lang='lat' dir='ltr'><strong>et</strong></span> 
     </span>
    </p>
   </div>
   <div class='ocr_carea' id='block_1_24' title="bbox 255 2336 1809 2420">
    <p class='ocr_par' dir='ltr' id='par_1_24' title="bbox 255 2336 1809 2420">
     <span class='ocr_line' id='line_1_24' title="bbox 255 2336 1809 2420; baseline -0.008 -19"><span class='ocrx_word' id='word_1_181' title='bbox 255 2349 337 2403; x_wconf 76' lang='lat' dir='ltr'><strong>fide</strong></span> <span class='ocrx_word' id='word_1_182' title='bbox 369 2365 483 2420; x_wconf 76' lang='lat' dir='ltr'><strong>erga</strong></span> <span class='ocrx_word' id='word_1_183' title='bbox 526 2351 721 2404; x_wconf 83' lang='lat' dir='ltr'><strong>Deum.</strong></span> <span class='ocrx_word' id='word_1_184' title='bbox 767 2347 865 2413; x_wconf 82' lang='lat' dir='ltr'><strong>Qui</strong></span> <span class='ocrx_word' id='word_1_185' title='bbox 902 2352 1229 2415; x_wconf 77' lang='lat' dir='ltr'><strong>susceperunt</strong></span> <span class='ocrx_word' id='word_1_186' title='bbox 1275 2340 1477 2394; x_wconf 81' lang='lat' dir='ltr'><strong>verbum</strong></span> <span class='ocrx_word' id='word_1_187' title='bbox 1518 2355 1634 2392; x_wconf 84' lang='lat' dir='ltr'><strong>cum</strong></span> <span class='ocrx_word' id='word_1_188' title='bbox 1673 2336 1809 2391; x_wconf 89' lang='lat' dir='ltr'><strong>omni</strong></span> 
     </span>
    </p>
   </div>
   <div class='ocr_carea' id='block_1_25' title="bbox 252 2428 1809 2508">
    <p class='ocr_par' dir='ltr' id='par_1_25' title="bbox 252 2428 1809 2508">
     <span class='ocr_line' id='line_1_25' title="bbox 252 2428 1809 2508; baseline -0.008 -15"><span class='ocrx_word' id='word_1_189' title='bbox 252 2442 494 2504; x_wconf 75' lang='lat' dir='ltr'><strong>alacritate,</strong></span> <span class='ocrx_word' id='word_1_190' title='bbox 528 2439 726 2508; x_wconf 74' lang='lat' dir='ltr'><strong>inquit,</strong></span> <span class='ocrx_word' id='word_1_191' title='bbox 753 2436 976 2506; x_wconf 82' lang='lat' dir='ltr'><strong>quotidie</strong></span> <span class='ocrx_word' id='word_1_192' title='bbox 996 2442 1274 2488; x_wconf 84' lang='lat' dir='ltr'><strong>scrutantes</strong></span> <span class='ocrx_word' id='word_1_193' title='bbox 1295 2431 1612 2500; x_wconf 86' lang='lat' dir='ltr'><strong>Scripturas,</strong></span> <span class='ocrx_word' id='word_1_194' title='bbox 1633 2428 1679 2481; x_wconf 88' lang='lat' dir='ltr'><strong>si</strong></span> <span class='ocrx_word' id='word_1_195' title='bbox 1702 2429 1809 2481; x_wconf 77' lang='lat' dir='ltr'><strong>lucc</strong></span> 
     </span>
    </p>
   </div>
   <div class='ocr_carea' id='block_1_26' title="bbox 252 2520 1603 2592">
    <p class='ocr_par' dir='ltr' id='par_1_26' title="bbox 252 2520 1603 2592">
     <span class='ocr_line' id='line_1_26' title="bbox 252 2520 1603 2592; baseline -0.006 -10"><span class='ocrx_word' id='word_1_196' title='bbox 252 2534 307 2582; x_wconf 83' lang='lat' dir='ltr'><strong>ita</strong></span> <span class='ocrx_word' id='word_1_197' title='bbox 329 2547 375 2584; x_wconf 88' lang='lat' dir='ltr'><strong>se</strong></span> <span class='ocrx_word' id='word_1_198' title='bbox 401 2530 656 2584; x_wconf 79' lang='lat' dir='ltr'><strong>haberent.</strong></span> <span class='ocrx_word' id='word_1_199' title='bbox 691 2529 806 2581; x_wconf 68' lang='lat' dir='ltr'><strong>Non</strong></span> <span class='ocrx_word' id='word_1_200' title='bbox 833 2537 1034 2581; x_wconf 89' lang='lat' dir='ltr'><strong>temere</strong></span> <span class='ocrx_word' id='word_1_201' title='bbox 1063 2540 1127 2579; x_wconf 78' lang='lat' dir='ltr'><strong>ex</strong></span> <span class='ocrx_word' id='word_1_202' title='bbox 1154 2524 1356 2592; x_wconf 89' lang='lat' dir='ltr'><strong>impetu</strong></span> <span class='ocrx_word' id='word_1_203' title='bbox 1386 2531 1440 2576; x_wconf 90' lang='lat' dir='ltr'><strong>et</strong></span> <span class='ocrx_word' id='word_1_204' title='bbox 1466 2520 1603 2575; x_wconf 87' lang='lat' dir='ltr'><strong>zelo.</strong></span> 
     </span>
    </p>
   </div>
   <div class='ocr_carea' id='block_1_27' title="bbox 310 2611 1802 2689">
    <p class='ocr_par' dir='ltr' id='par_1_27' title="bbox 310 2611 1802 2689">
     <span class='ocr_line' id='line_1_27' title="bbox 310 2611 1802 2689; baseline -0.005 -18"><span class='ocrx_word' id='word_1_205' title='bbox 310 2620 365 2673; x_wconf 87' lang='lat' dir='ltr'><strong>In</strong></span> <span class='ocrx_word' id='word_1_206' title='bbox 385 2622 661 2689; x_wconf 84' lang='lat' dir='ltr'><strong>majoribus</strong></span> <span class='ocrx_word' id='word_1_207' title='bbox 682 2618 960 2671; x_wconf 80' lang='lat' dir='ltr'><strong>civitatibus</strong></span> <span class='ocrx_word' id='word_1_208' title='bbox 979 2617 1172 2686; x_wconf 81' lang='lat' dir='ltr'><strong>pejores</strong></span> <span class='ocrx_word' id='word_1_209' title='bbox 1194 2611 1672 2680; x_wconf 67' lang='lat' dir='ltr'><strong>homines—Atqui</strong></span> <span class='ocrx_word' id='word_1_210' title='bbox 1696 2626 1802 2665; x_wconf 88' lang='lat' dir='ltr'><strong>ma-</strong></span> 
     </span>
    </p>
   </div>
   <div class='ocr_carea' id='block_1_28' title="bbox 247 2705 1807 2780">
    <p class='ocr_par' dir='ltr' id='par_1_28' title="bbox 247 2705 1807 2780">
     <span class='ocr_line' id='line_1_28' title="bbox 247 2705 1807 2780; baseline -0.004 -16"><span class='ocrx_word' id='word_1_211' title='bbox 247 2712 314 2780; x_wconf 73' lang='lat' dir='ltr'><strong>jor</strong></span> <span class='ocrx_word' id='word_1_212' title='bbox 338 2714 454 2767; x_wconf 90' lang='lat' dir='ltr'><strong>urbs</strong></span> <span class='ocrx_word' id='word_1_213' title='bbox 477 2722 590 2767; x_wconf 89' lang='lat' dir='ltr'><strong>erat</strong></span> <span class='ocrx_word' id='word_1_214' title='bbox 620 2754 635 2776; x_wconf 87' lang='lat'><strong>,</strong></span> <span class='ocrx_word' id='word_1_215' title='bbox 667 2720 722 2765; x_wconf 92' lang='lat' dir='ltr'><strong>et</strong></span> <span class='ocrx_word' id='word_1_216' title='bbox 752 2711 990 2765; x_wconf 91' lang='lat' dir='ltr'><strong>forenses</strong></span> <span class='ocrx_word' id='word_1_217' title='bbox 1022 2708 1261 2763; x_wconf 88' lang='lat' dir='ltr'><strong>homines</strong></span> <span class='ocrx_word' id='word_1_218' title='bbox 1288 2715 1441 2760; x_wconf 88' lang='lat' dir='ltr'><strong>erant</strong></span> <span class='ocrx_word' id='word_1_219' title='bbox 1471 2705 1539 2758; x_wconf 91' lang='lat' dir='ltr'><strong>ibi</strong></span> <span class='ocrx_word' id='word_1_220' title='bbox 1572 2722 1584 2756; x_wconf 91' lang='lat'>:</span> <span class='ocrx_word' id='word_1_221' title='bbox 1617 2707 1807 2758; x_wconf 88' lang='lat' dir='ltr'><strong>mirum</strong></span> 
     </span>
    </p>
   </div>
   <div class='ocr_carea' id='block_1_29' title="bbox 251 2798 1808 2869">
    <p class='ocr_par' dir='ltr' id='par_1_29' title="bbox 251 2798 1808 2869">
     <span class='ocr_line' id='line_1_29' title="bbox 251 2798 1808 2869; baseline -0.004 -14"><span class='ocrx_word' id='word_1_222' title='bbox 251 2814 399 2856; x_wconf 79' lang='lat' dir='ltr'><strong>autem</strong></span> <span class='ocrx_word' id='word_1_223' title='bbox 428 2812 683 2867; x_wconf 84' lang='lat' dir='ltr'><strong>nonest,</strong></span> <span class='ocrx_word' id='word_1_224' title='bbox 724 2805 768 2855; x_wconf 91' lang='lat' dir='ltr'><strong>si</strong></span> <span class='ocrx_word' id='word_1_225' title='bbox 812 2804 865 2854; x_wconf 92' lang='lat' dir='ltr'><strong>in</strong></span> <span class='ocrx_word' id='word_1_226' title='bbox 906 2802 1107 2869; x_wconf 82' lang='lat' dir='ltr'><strong>majore</strong></span> <span class='ocrx_word' id='word_1_227' title='bbox 1151 2798 1365 2853; x_wconf 82' lang='lat' dir='ltr'><strong>civitate</strong></span> <span class='ocrx_word' id='word_1_228' title='bbox 1410 2798 1622 2867; x_wconf 89' lang='lat' dir='ltr'><strong>pejores</strong></span> <span class='ocrx_word' id='word_1_229' title='bbox 1665 2806 1808 2851; x_wconf 88' lang='lat' dir='ltr'><strong>sunt.</strong></span> 
     </span>
    </p>
   </div>
   <div class='ocr_carea' id='block_1_30' title="bbox 248 2886 1809 2963">
    <p class='ocr_par' dir='ltr' id='par_1_30' title="bbox 248 2886 1809 2963">
     <span class='ocr_line' id='line_1_30' title="bbox 248 2886 1809 2963; baseline -0.004 -18"><span class='ocrx_word' id='word_1_230' title='bbox 248 2894 378 2947; x_wconf 83' lang='lat' dir='ltr'><strong>Certe</strong></span> <span class='ocrx_word' id='word_1_231' title='bbox 404 2896 451 2946; x_wconf 91' lang='lat' dir='ltr'><strong>in</strong></span> <span class='ocrx_word' id='word_1_232' title='bbox 478 2895 694 2963; x_wconf 86' lang='lat' dir='ltr'><strong>majore</strong></span> <span class='ocrx_word' id='word_1_233' title='bbox 722 2892 931 2962; x_wconf 84' lang='lat' dir='ltr'><strong>pejores</strong></span> <span class='ocrx_word' id='word_1_234' title='bbox 951 2905 1071 2944; x_wconf 89' lang='lat' dir='ltr'><strong>esse</strong></span> <span class='ocrx_word' id='word_1_235' title='bbox 1088 2887 1376 2943; x_wconf 85' lang='lat' dir='ltr'><strong>verisimile</strong></span> <span class='ocrx_word' id='word_1_236' title='bbox 1396 2898 1498 2950; x_wconf 89' lang='lat' dir='ltr'><strong>est,</strong></span> <span class='ocrx_word' id='word_1_237' title='bbox 1523 2886 1612 2941; x_wconf 87' lang='lat' dir='ltr'><strong>ubi</strong></span> <span class='ocrx_word' id='word_1_238' title='bbox 1631 2888 1809 2940; x_wconf 69' lang='lat' dir='ltr'><strong>multa)</strong></span> 
     </span>
    </p>
   </div>
   <div class='ocr_carea' id='block_1_31' title="bbox 248 2978 1808 3046">
    <p class='ocr_par' dir='ltr' id='par_1_31' title="bbox 248 2978 1808 3046">
     <span class='ocr_line' id='line_1_31' title="bbox 248 2978 1808 3046; baseline -0.004 -11"><span class='ocrx_word' id='word_1_239' title='bbox 248 2993 348 3036; x_wconf 86' lang='lat' dir='ltr'><strong>sunt</strong></span> <span class='ocrx_word' id='word_1_240' title='bbox 372 2986 653 3039; x_wconf 90' lang='lat' dir='ltr'><strong>turbarum</strong></span> <span class='ocrx_word' id='word_1_241' title='bbox 687 2983 1016 3037; x_wconf 84' lang='lat' dir='ltr'><strong>occasiones.</strong></span> <span class='ocrx_word' id='word_1_242' title='bbox 1049 2979 1119 3035; x_wconf 90' lang='lat' dir='ltr'><strong>Ut</strong></span> <span class='ocrx_word' id='word_1_243' title='bbox 1148 2979 1291 3034; x_wconf 91' lang='lat' dir='ltr'><strong>enim</strong></span> <span class='ocrx_word' id='word_1_244' title='bbox 1323 2978 1375 3031; x_wconf 90' lang='lat' dir='ltr'><strong>in</strong></span> <span class='ocrx_word' id='word_1_245' title='bbox 1406 2991 1661 3046; x_wconf 87' lang='lat' dir='ltr'><strong>corpore,</strong></span> <span class='ocrx_word' id='word_1_246' title='bbox 1687 2992 1808 3031; x_wconf 90' lang='lat' dir='ltr'><strong>cum</strong></span> 
     </span>
    </p>
   </div>
   <div class='ocr_carea' id='block_1_32' title="bbox 246 3067 1805 3143">
    <p class='ocr_par' dir='ltr' id='par_1_32' title="bbox 246 3067 1805 3143">
     <span class='ocr_line' id='line_1_32' title="bbox 246 3067 1805 3143; baseline -0.003 -19"><span class='ocrx_word' id='word_1_247' title='bbox 246 3076 431 3129; x_wconf 84' lang='lat' dir='ltr'><strong>morbus</strong></span> <span class='ocrx_word' id='word_1_248' title='bbox 461 3085 545 3129; x_wconf 88' lang='lat' dir='ltr'><strong>est</strong></span> <span class='ocrx_word' id='word_1_249' title='bbox 574 3073 820 3143; x_wconf 82' lang='lat' dir='ltr'><strong>gravior,</strong></span> <span class='ocrx_word' id='word_1_250' title='bbox 853 3072 973 3141; x_wconf 88' lang='lat' dir='ltr'><strong>plus</strong></span> <span class='ocrx_word' id='word_1_251' title='bbox 1001 3070 1159 3124; x_wconf 87' lang='lat' dir='ltr'><strong>habet</strong></span> <span class='ocrx_word' id='word_1_252' title='bbox 1184 3068 1425 3123; x_wconf 65' lang='lat' dir='ltr'><strong>materiae</strong></span> <span class='ocrx_word' id='word_1_253' title='bbox 1454 3078 1507 3121; x_wconf 92' lang='lat' dir='ltr'><strong>et</strong></span> <span class='ocrx_word' id='word_1_254' title='bbox 1533 3067 1805 3120; x_wconf 88' lang='lat' dir='ltr'><strong>alimenti:</strong></span> 
     </span>
    </p>
   </div>
   <div class='ocr_carea' id='block_1_33' title="bbox 246 3157 1809 3231">
    <p class='ocr_par' dir='ltr' id='par_1_33' title="bbox 246 3157 1809 3231">
     <span class='ocr_line' id='line_1_33' title="bbox 246 3157 1809 3231; baseline -0.003 -16"><span class='ocrx_word' id='word_1_255' title='bbox 246 3165 303 3215; x_wconf 82' lang='lat' dir='ltr'><strong>ita</strong></span> <span class='ocrx_word' id='word_1_256' title='bbox 341 3166 512 3218; x_wconf 89' lang='lat' dir='ltr'><strong>ethoc</strong></span> <span class='ocrx_word' id='word_1_257' title='bbox 560 3165 731 3229; x_wconf 76' lang='lat' dir='ltr'><strong>luco,</strong></span> <span class='ocrx_word' id='word_1_258' title='bbox 765 3162 904 3231; x_wconf 87' lang='lat' dir='ltr'><strong>quod</strong></span> <span class='ocrx_word' id='word_1_259' title='bbox 930 3170 985 3215; x_wconf 92' lang='lat' dir='ltr'><strong>et</strong></span> <span class='ocrx_word' id='word_1_260' title='bbox 1012 3159 1173 3214; x_wconf 86' lang='lat' dir='ltr'><strong>Iconii</strong></span> <span class='ocrx_word' id='word_1_261' title='bbox 1204 3157 1400 3212; x_wconf 88' lang='lat' dir='ltr'><strong>factum</strong></span> <span class='ocrx_word' id='word_1_262' title='bbox 1435 3168 1552 3223; x_wconf 85' lang='lat' dir='ltr'><strong>est,</strong></span> <span class='ocrx_word' id='word_1_263' title='bbox 1587 3168 1641 3211; x_wconf 89' lang='lat' dir='ltr'><strong>et</strong></span> <span class='ocrx_word' id='word_1_264' title='bbox 1671 3171 1809 3210; x_wconf 90' lang='lat' dir='ltr'><strong>nuuc</strong></span> 
     </span>
    </p>
   </div>
   <div class='ocr_carea' id='block_1_34' title="bbox 241 3250 1808 3327">
    <p class='ocr_par' dir='ltr' id='par_1_34' title="bbox 241 3250 1808 3327">
     <span class='ocr_line' id='line_1_34' title="bbox 241 3250 1808 3327; baseline -0.004 -19"><span class='ocrx_word' id='word_1_265' title='bbox 241 3272 441 3327; x_wconf 83' lang='lat' dir='ltr'><strong>quoque.</strong></span> <span class='ocrx_word' id='word_1_266' title='bbox 476 3257 545 3311; x_wconf 86' lang='lat' dir='ltr'><strong>Et</strong></span> <span class='ocrx_word' id='word_1_267' title='bbox 575 3254 861 3325; x_wconf 77' lang='lat' dir='ltr'><strong>egreditur</strong></span> <span class='ocrx_word' id='word_1_268' title='bbox 893 3253 1105 3317; x_wconf 85' lang='lat' dir='ltr'><strong>Paulus,</strong></span> <span class='ocrx_word' id='word_1_269' title='bbox 1136 3261 1192 3306; x_wconf 90' lang='lat' dir='ltr'><strong>ut</strong></span> <span class='ocrx_word' id='word_1_270' title='bbox 1221 3261 1275 3305; x_wconf 92' lang='lat' dir='ltr'><strong>et</strong></span> <span class='ocrx_word' id='word_1_271' title='bbox 1298 3251 1522 3304; x_wconf 89' lang='lat' dir='ltr'><strong>aliorum</strong></span> <span class='ocrx_word' id='word_1_272' title='bbox 1556 3250 1808 3319; x_wconf 89' lang='lat' dir='ltr'><strong>perniciei</strong></span> 
     </span>
    </p>
   </div>
   <div class='ocr_carea' id='block_1_35' title="bbox 242 3341 1809 3413">
    <p class='ocr_par' dir='ltr' id='par_1_35' title="bbox 242 3341 1809 3413">
     <span class='ocr_line' id='line_1_35' title="bbox 242 3341 1809 3413; baseline -0.004 -11"><span class='ocrx_word' id='word_1_273' title='bbox 242 3360 400 3413; x_wconf 69' lang='lat' dir='ltr'><strong>mas</strong></span> <span class='ocrx_word' id='word_1_274' title='bbox 424 3348 572 3402; x_wconf 88' lang='lat' dir='ltr'><strong>dent.</strong></span> <span class='ocrx_word' id='word_1_275' title='bbox 616 3346 740 3401; x_wconf 88' lang='lat' dir='ltr'><strong>Ideo</strong></span> <span class='ocrx_word' id='word_1_276' title='bbox 764 3345 978 3400; x_wconf 89' lang='lat' dir='ltr'><strong>dicebat</strong></span> <span class='ocrx_word' id='word_1_277' title='bbox 1008 3344 1202 3398; x_wconf 85' lang='lat' dir='ltr'><strong>Paulus</strong></span> <span class='ocrx_word' id='word_1_278' title='bbox 1235 3360 1248 3396; x_wconf 91' lang='lat'>:</span> <span class='ocrx_word' id='word_1_279' title='bbox 1282 3341 1676 3395; x_wconf 80' lang='lat' dir='ltr'><strong>Prohibentibus</strong></span> <span class='ocrx_word' id='word_1_280' title='bbox 1719 3357 1809 3395; x_wconf 88' lang='lat' dir='ltr'><strong>nos</strong></span> 
     </span>
    </p>
   </div>
   <div class='ocr_carea' id='block_1_36' title="bbox 238 3432 1805 3507">
    <p class='ocr_par' dir='ltr' id='par_1_36' title="bbox 238 3432 1805 3507">
     <span class='ocr_line' id='line_1_36' title="bbox 238 3432 1805 3507; baseline -0.002 -20"><span class='ocrx_word' id='word_1_281' title='bbox 238 3436 353 3505; x_wconf 72' lang='lat' dir='ltr'><strong>loqui</strong></span> <span class='ocrx_word' id='word_1_282' title='bbox 373 3438 615 3507; x_wconf 73' lang='lat' dir='ltr'><strong>gentibus</strong></span> <span class='ocrx_word' id='word_1_283' title='bbox 646 3437 732 3505; x_wconf 88' lang='lat' dir='ltr'><strong>(I.</strong></span> <span class='ocrx_word' id='word_1_284' title='bbox 767 3436 942 3489; x_wconf 81' lang='lat' dir='ltr'><strong>Thess.</strong></span> <span class='ocrx_word' id='word_1_285' title='bbox 965 3435 1019 3488; x_wconf 90' lang='lat'><strong>2.</strong></span> <span class='ocrx_word' id='word_1_286' title='bbox 1051 3435 1175 3503; x_wconf 84' lang='grc'><strong>16).</strong></span> <span class='ocrx_word' id='word_1_287' title='bbox 1206 3434 1271 3487; x_wconf 79' lang='lat' dir='ltr'><strong>Et</strong></span> <span class='ocrx_word' id='word_1_288' title='bbox 1294 3447 1390 3487; x_wconf 87' lang='lat' dir='ltr'><strong>cur</strong></span> <span class='ocrx_word' id='word_1_289' title='bbox 1417 3432 1592 3498; x_wconf 90' lang='lat' dir='ltr'><strong>isthic,</strong></span> <span class='ocrx_word' id='word_1_290' title='bbox 1617 3432 1805 3501; x_wconf 88' lang='lat' dir='ltr'><strong>inquit,</strong></span> 
     </span>
    </p>
   </div>
   <div class='ocr_carea' id='block_1_37' title="bbox 237 3521 1807 3593">
    <p class='ocr_par' dir='ltr' id='par_1_37' title="bbox 237 3521 1807 3593">
     <span class='ocr_line' id='line_1_37' title="bbox 237 3521 1807 3593; baseline -0.001 -16"><span class='ocrx_word' id='word_1_291' title='bbox 237 3541 323 3579; x_wconf 81' lang='lat' dir='ltr'><strong>non</strong></span> <span class='ocrx_word' id='word_1_292' title='bbox 363 3526 729 3583; x_wconf 79' lang='lat' dir='ltr'><strong>manserunt?</strong></span> <span class='ocrx_word' id='word_1_293' title='bbox 776 3540 874 3579; x_wconf 90' lang='lat' dir='ltr'><strong>cur</strong></span> <span class='ocrx_word' id='word_1_294' title='bbox 922 3540 1026 3579; x_wconf 89' lang='lat' dir='ltr'><strong>non</strong></span> <span class='ocrx_word' id='word_1_295' title='bbox 1076 3525 1224 3593; x_wconf 82' lang='lat' dir='ltr'><strong>signa</strong></span> <span class='ocrx_word' id='word_1_296' title='bbox 1268 3522 1544 3577; x_wconf 88' lang='lat' dir='ltr'><strong>fecerunt?</strong></span> <span class='ocrx_word' id='word_1_297' title='bbox 1586 3522 1716 3575; x_wconf 77' lang='lat' dir='ltr'><strong>Nam</strong></span> <span class='ocrx_word' id='word_1_298' title='bbox 1762 3521 1807 3576; x_wconf 91' lang='lat' dir='ltr'><strong>si</strong></span> 
     </span>
    </p>
   </div>
   <div class='ocr_carea' id='block_1_38' title="bbox 232 3615 1805 3686">
    <p class='ocr_par' dir='ltr' id='par_1_38' title="bbox 232 3615 1805 3686">
     <span class='ocr_line' id='line_1_38' title="bbox 232 3615 1805 3686; baseline -0.001 -16"><span class='ocrx_word' id='word_1_299' title='bbox 232 3615 354 3681; x_wconf 86' lang='lat' dir='ltr'><strong>illic,</strong></span> <span class='ocrx_word' id='word_1_300' title='bbox 410 3620 497 3673; x_wconf 90' lang='lat' dir='ltr'><strong>ubi</strong></span> <span class='ocrx_word' id='word_1_301' title='bbox 556 3616 840 3686; x_wconf 84' lang='lat' dir='ltr'><strong>lapidatus</strong></span> <span class='ocrx_word' id='word_1_302' title='bbox 894 3624 1015 3680; x_wconf 89' lang='lat' dir='ltr'><strong>est,</strong></span> <span class='ocrx_word' id='word_1_303' title='bbox 1066 3615 1262 3668; x_wconf 91' lang='lat' dir='ltr'><strong>mansit</strong></span> <span class='ocrx_word' id='word_1_304' title='bbox 1316 3615 1480 3668; x_wconf 92' lang='lat' dir='ltr'><strong>multo</strong></span> <span class='ocrx_word' id='word_1_305' title='bbox 1533 3622 1805 3682; x_wconf 86' lang='lat' dir='ltr'><strong>tempore;</strong></span> 
     </span>
    </p>
   </div>
   <div class='ocr_carea' id='block_1_39' title="bbox 231 3704 1809 3781">
    <p class='ocr_par' dir='ltr' id='par_1_39' title="bbox 231 3704 1809 3781">
     <span class='ocr_line' id='line_1_39' title="bbox 231 3704 1809 3781; baseline -0.001 -21"><span class='ocrx_word' id='word_1_306' title='bbox 231 3710 374 3763; x_wconf 83' lang='lat' dir='ltr'><strong>multo</strong></span> <span class='ocrx_word' id='word_1_307' title='bbox 397 3712 571 3781; x_wconf 76' lang='lat' dir='ltr'><strong>magis</strong></span> <span class='ocrx_word' id='word_1_308' title='bbox 605 3708 699 3763; x_wconf 80' lang='lat' dir='ltr'><strong>hic</strong></span> <span class='ocrx_word' id='word_1_309' title='bbox 729 3707 1050 3762; x_wconf 89' lang='lat' dir='ltr'><strong>manendum</strong></span> <span class='ocrx_word' id='word_1_310' title='bbox 1081 3714 1217 3759; x_wconf 87' lang='lat' dir='ltr'><strong>erat.</strong></span> <span class='ocrx_word' id='word_1_311' title='bbox 1254 3705 1467 3772; x_wconf 86' lang='lat' dir='ltr'><strong>Quare?</strong></span> <span class='ocrx_word' id='word_1_312' title='bbox 1508 3704 1623 3759; x_wconf 90' lang='lat' dir='ltr'><strong>Non</strong></span> <span class='ocrx_word' id='word_1_313' title='bbox 1663 3720 1809 3759; x_wconf 89' lang='lat' dir='ltr'><strong>sem-</strong></span> 
     </span>
    </p>
   </div>
   <div class='ocr_carea' id='block_1_40' title="bbox 227 3798 1809 3869">
    <p class='ocr_par' dir='ltr' id='par_1_40' title="bbox 227 3798 1809 3869">
     <span class='ocr_line' id='line_1_40' title="bbox 227 3798 1809 3869; baseline -0.001 -15"><span class='ocrx_word' id='word_1_314' title='bbox 227 3814 309 3869; x_wconf 84' lang='lat' dir='ltr'><strong>per</strong></span> <span class='ocrx_word' id='word_1_315' title='bbox 333 3803 539 3857; x_wconf 79' lang='lat' dir='ltr'><strong>volebat</strong></span> <span class='ocrx_word' id='word_1_316' title='bbox 566 3802 723 3855; x_wconf 86' lang='lat' dir='ltr'><strong>Deus</strong></span> <span class='ocrx_word' id='word_1_317' title='bbox 750 3800 871 3853; x_wconf 90' lang='lat' dir='ltr'><strong>illos</strong></span> <span class='ocrx_word' id='word_1_318' title='bbox 896 3799 1009 3853; x_wconf 70' lang='lat' dir='ltr'><strong>hare</strong></span> <span class='ocrx_word' id='word_1_319' title='bbox 1037 3799 1186 3868; x_wconf 80' lang='lat' dir='ltr'><strong>signa</strong></span> <span class='ocrx_word' id='word_1_320' title='bbox 1218 3798 1391 3852; x_wconf 82' lang='lat' dir='ltr'><strong>facere</strong></span> <span class='ocrx_word' id='word_1_321' title='bbox 1417 3813 1429 3847; x_wconf 86' lang='lat'><strong>:</strong></span> <span class='ocrx_word' id='word_1_322' title='bbox 1461 3813 1635 3867; x_wconf 89' lang='lat' dir='ltr'><strong>neque</strong></span> <span class='ocrx_word' id='word_1_323' title='bbox 1665 3800 1809 3853; x_wconf 90' lang='lat' dir='ltr'><strong>enim</strong></span> 
     </span>
    </p>
   </div>
   <div class='ocr_carea' id='block_1_41' title="bbox 226 3886 1808 3960">
    <p class='ocr_par' dir='ltr' id='par_1_41' title="bbox 226 3886 1808 3960">
     <span class='ocr_line' id='line_1_41' title="bbox 226 3886 1808 3960; baseline 0 -19"><span class='ocrx_word' id='word_1_324' title='bbox 226 3891 378 3944; x_wconf 86' lang='lat' dir='ltr'><strong>minus</strong></span> <span class='ocrx_word' id='word_1_325' title='bbox 402 3892 634 3960; x_wconf 79' lang='lat' dir='ltr'><strong>signum</strong></span> <span class='ocrx_word' id='word_1_326' title='bbox 660 3896 743 3943; x_wconf 86' lang='lat' dir='ltr'><strong>est</strong></span> <span class='ocrx_word' id='word_1_327' title='bbox 785 3889 901 3941; x_wconf 90' lang='lat' dir='ltr'><strong>sine</strong></span> <span class='ocrx_word' id='word_1_328' title='bbox 946 3888 1113 3957; x_wconf 78' lang='lat' dir='ltr'><strong>signis</strong></span> <span class='ocrx_word' id='word_1_329' title='bbox 1151 3886 1402 3953; x_wconf 80' lang='lat' dir='ltr'><strong>vincere,</strong></span> <span class='ocrx_word' id='word_1_330' title='bbox 1452 3902 1611 3956; x_wconf 90' lang='lat' dir='ltr'><strong>quam</strong></span> <span class='ocrx_word' id='word_1_331' title='bbox 1659 3888 1808 3957; x_wconf 77' lang='lat' dir='ltr'><strong>signa</strong></span> 
     </span>
    </p>
   </div>
   <div class='ocr_carea' id='block_1_42' title="bbox 225 3977 1805 4051">
    <p class='ocr_par' dir='ltr' id='par_1_42' title="bbox 225 3977 1805 4051">
     <span class='ocr_line' id='line_1_42' title="bbox 225 3977 1805 4051; baseline -0.001 -20"><span class='ocrx_word' id='word_1_332' title='bbox 225 3978 396 4035; x_wconf 75' lang='lat' dir='ltr'><strong>facere.</strong></span> <span class='ocrx_word' id='word_1_333' title='bbox 434 3981 670 4051; x_wconf 78' lang='lat' dir='ltr'><strong>Itaque,</strong></span> <span class='ocrx_word' id='word_1_334' title='bbox 704 3980 841 4033; x_wconf 88' lang='lat' dir='ltr'><strong>sicut</strong></span> <span class='ocrx_word' id='word_1_335' title='bbox 870 3993 1009 4032; x_wconf 91' lang='lat' dir='ltr'><strong>nunc</strong></span> <span class='ocrx_word' id='word_1_336' title='bbox 1033 4018 1049 4043; x_wconf 93' lang='lat'><strong>,</strong></span> <span class='ocrx_word' id='word_1_337' title='bbox 1077 3978 1276 4047; x_wconf 90' lang='lat' dir='ltr'><strong>absque</strong></span> <span class='ocrx_word' id='word_1_338' title='bbox 1306 3977 1470 4047; x_wconf 79' lang='lat' dir='ltr'><strong>signis</strong></span> <span class='ocrx_word' id='word_1_339' title='bbox 1515 3978 1766 4045; x_wconf 62' lang='lat' dir='ltr'><strong>prarvalet</strong></span> <span class='ocrx_word' id='word_1_340' title='bbox 1792 3995 1805 4030; x_wconf 92' lang='lat'><strong>:</strong></span> 
     </span>
    </p>
   </div>
   <div class='ocr_carea' id='block_1_43' title="bbox 221 4067 1808 4139">
    <p class='ocr_par' dir='ltr' id='par_1_43' title="bbox 221 4067 1808 4139">
     <span class='ocr_line' id='line_1_43' title="bbox 221 4067 1808 4139; baseline -0.001 -17"><span class='ocrx_word' id='word_1_341' title='bbox 221 4071 285 4125; x_wconf 82' lang='lat' dir='ltr'><strong>sic</strong></span> <span class='ocrx_word' id='word_1_342' title='bbox 306 4081 357 4127; x_wconf 89' lang='lat' dir='ltr'><strong>et</strong></span> <span class='ocrx_word' id='word_1_343' title='bbox 384 4083 513 4127; x_wconf 86' lang='lat' dir='ltr'><strong>tunc</strong></span> <span class='ocrx_word' id='word_1_344' title='bbox 546 4085 704 4139; x_wconf 61' lang='lat' dir='ltr'><strong>smpe</strong></span> <span class='ocrx_word' id='word_1_345' title='bbox 731 4069 940 4123; x_wconf 85' lang='lat' dir='ltr'><strong>volebat</strong></span> <span class='ocrx_word' id='word_1_346' title='bbox 964 4069 1198 4122; x_wconf 83' lang='lat' dir='ltr'><strong>vincere.</strong></span> <span class='ocrx_word' id='word_1_347' title='bbox 1229 4067 1410 4137; x_wconf 91' lang='lat' dir='ltr'><strong>Itaque</strong></span> <span class='ocrx_word' id='word_1_348' title='bbox 1438 4082 1537 4122; x_wconf 90' lang='lat' dir='ltr'><strong>nec</strong></span> <span class='ocrx_word' id='word_1_349' title='bbox 1582 4067 1808 4136; x_wconf 89' lang='lat' dir='ltr'><strong>apostoli</strong></span> 
     </span>
    </p>
   </div>
   <div class='ocr_carea' id='block_1_44' title="bbox 223 4156 1807 4233">
    <p class='ocr_par' dir='ltr' id='par_1_44' title="bbox 223 4156 1807 4233">
     <span class='ocr_line' id='line_1_44' title="bbox 223 4156 1807 4233; baseline -0.001 -19"><span class='ocrx_word' id='word_1_350' title='bbox 223 4160 278 4214; x_wconf 72' lang='lat' dir='ltr'><strong>ad</strong></span> <span class='ocrx_word' id='word_1_351' title='bbox 302 4164 447 4233; x_wconf 78' lang='lat' dir='ltr'><strong>signa</strong></span> <span class='ocrx_word' id='word_1_352' title='bbox 479 4163 826 4225; x_wconf 87' lang='lat' dir='ltr'><strong>currebant,</strong></span> <span class='ocrx_word' id='word_1_353' title='bbox 860 4169 917 4213; x_wconf 87' lang='lat' dir='ltr'><strong>ut</strong></span> <span class='ocrx_word' id='word_1_354' title='bbox 943 4169 997 4213; x_wconf 89' lang='lat' dir='ltr'><strong>et</strong></span> <span class='ocrx_word' id='word_1_355' title='bbox 1028 4160 1140 4227; x_wconf 90' lang='lat' dir='ltr'><strong>ipse</strong></span> <span class='ocrx_word' id='word_1_356' title='bbox 1169 4160 1242 4212; x_wconf 85' lang='lat' dir='ltr'><strong>ait</strong></span> <span class='ocrx_word' id='word_1_357' title='bbox 1275 4176 1289 4211; x_wconf 87' lang='lat'><strong>:</strong></span> <span class='ocrx_word' id='word_1_358' title='bbox 1325 4156 1436 4211; x_wconf 88' lang='lat' dir='ltr'><strong>Nos</strong></span> <span class='ocrx_word' id='word_1_359' title='bbox 1459 4168 1624 4212; x_wconf 86' lang='lat' dir='ltr'><strong>autem</strong></span> <span class='ocrx_word' id='word_1_360' title='bbox 1672 4175 1807 4228; x_wconf 77' lang='lat' dir='ltr'><strong>prte-</strong></span> 
     </span>
    </p>
   </div>
   <div class='ocr_carea' id='block_1_45' title="bbox 220 4248 1807 4321">
    <p class='ocr_par' dir='ltr' id='par_1_45' title="bbox 220 4248 1807 4321">
     <span class='ocr_line' id='line_1_45' title="bbox 220 4248 1807 4321; baseline 0.001 -18"><span class='ocrx_word' id='word_1_361' title='bbox 220 4254 433 4307; x_wconf 64' lang='lat' dir='ltr'><strong>dicamus</strong></span> <span class='ocrx_word' id='word_1_362' title='bbox 463 4254 743 4307; x_wconf 74' lang='lat' dir='ltr'><strong>Christum</strong></span> <span class='ocrx_word' id='word_1_363' title='bbox 767 4251 1065 4318; x_wconf 67' lang='lat' dir='ltr'><strong>cruci/imum</strong></span> <span class='ocrx_word' id='word_1_364' title='bbox 1096 4251 1114 4317; x_wconf 99' lang='lat'><strong>(</strong></span> <span class='ocrx_word' id='word_1_365' title='bbox 1144 4250 1192 4302; x_wconf 90' lang='lat' dir='ltr'><strong>I.</strong></span> <span class='ocrx_word' id='word_1_366' title='bbox 1221 4248 1341 4303; x_wconf 87' lang='lat' dir='ltr'><strong>Cor.</strong></span> <span class='ocrx_word' id='word_1_367' title='bbox 1376 4251 1426 4303; x_wconf 87' lang='lat' dir='ltr'><strong>I.</strong></span> <span class='ocrx_word' id='word_1_368' title='bbox 1473 4248 1599 4321; x_wconf 79' lang='lat'><strong>23).</strong></span> <span class='ocrx_word' id='word_1_369' title='bbox 1647 4248 1807 4319; x_wconf 79' lang='lat' dir='ltr'><strong>Signa</strong></span> 
     </span>
    </p>
   </div>
   <div class='ocr_carea' id='block_1_46' title="bbox 218 4340 1808 4412">
    <p class='ocr_par' dir='ltr' id='par_1_46' title="bbox 218 4340 1808 4412">
     <span class='ocr_line' id='line_1_46' title="bbox 218 4340 1808 4412; baseline -0.001 -15"><span class='ocrx_word' id='word_1_370' title='bbox 218 4345 577 4410; x_wconf 62' lang='lat' dir='ltr'><strong>querentibus</strong></span> <span class='ocrx_word' id='word_1_371' title='bbox 608 4352 666 4398; x_wconf 88' lang='lat' dir='ltr'><strong>et</strong></span> <span class='ocrx_word' id='word_1_372' title='bbox 708 4341 1061 4412; x_wconf 83' lang='lat' dir='ltr'><strong>sapientiam,</strong></span> <span class='ocrx_word' id='word_1_373' title='bbox 1112 4340 1227 4395; x_wconf 64' lang='lat' dir='ltr'><strong>haec</strong></span> <span class='ocrx_word' id='word_1_374' title='bbox 1275 4340 1501 4403; x_wconf 89' lang='lat' dir='ltr'><strong>damus,</strong></span> <span class='ocrx_word' id='word_1_375' title='bbox 1550 4356 1666 4406; x_wconf 74' lang='lat' dir='ltr'><strong>qure</strong></span> <span class='ocrx_word' id='word_1_376' title='bbox 1710 4356 1808 4395; x_wconf 91' lang='lat' dir='ltr'><strong>nec</strong></span> 
     </span>
    </p>
   </div>
   <div class='ocr_carea' id='block_1_47' title="bbox 214 4430 1802 4504">
    <p class='ocr_par' dir='ltr' id='par_1_47' title="bbox 214 4430 1802 4504">
     <span class='ocr_line' id='line_1_47' title="bbox 214 4430 1802 4504; baseline 0 -19"><span class='ocrx_word' id='word_1_377' title='bbox 214 4447 323 4486; x_wconf 77' lang='lat' dir='ltr'><strong>eum</strong></span> <span class='ocrx_word' id='word_1_378' title='bbox 368 4435 546 4504; x_wconf 73' lang='lat' dir='ltr'><strong>signis</strong></span> <span class='ocrx_word' id='word_1_379' title='bbox 598 4430 917 4503; x_wconf 86' lang='lat' dir='ltr'><strong>persuaderi</strong></span> <span class='ocrx_word' id='word_1_380' title='bbox 966 4438 1229 4501; x_wconf 87' lang='lat' dir='ltr'><strong>possunt,</strong></span> <span class='ocrx_word' id='word_1_381' title='bbox 1296 4438 1349 4485; x_wconf 90' lang='lat' dir='ltr'><strong>et</strong></span> <span class='ocrx_word' id='word_1_382' title='bbox 1398 4432 1802 4500; x_wconf 88' lang='lat' dir='ltr'><strong>persuademus.</strong></span> 
     </span>
    </p>
   </div>
   <div class='ocr_carea' id='block_1_48' title="bbox 218 4520 1809 4594">
    <p class='ocr_par' dir='ltr' id='par_1_48' title="bbox 218 4520 1809 4594">
     <span class='ocr_line' id='line_1_48' title="bbox 218 4520 1809 4594; baseline 0.003 -21"><span class='ocrx_word' id='word_1_383' title='bbox 218 4521 381 4593; x_wconf 79' lang='lat' dir='ltr'><strong>Itaque</strong></span> <span class='ocrx_word' id='word_1_384' title='bbox 408 4539 680 4594; x_wconf 82' lang='lat' dir='ltr'><strong>magnum</strong></span> <span class='ocrx_word' id='word_1_385' title='bbox 711 4522 838 4575; x_wconf 89' lang='lat' dir='ltr'><strong>illud</strong></span> <span class='ocrx_word' id='word_1_386' title='bbox 868 4521 1078 4591; x_wconf 85' lang='lat' dir='ltr'><strong>signum</strong></span> <span class='ocrx_word' id='word_1_387' title='bbox 1110 4528 1243 4575; x_wconf 89' lang='lat' dir='ltr'><strong>erat.</strong></span> <span class='ocrx_word' id='word_1_388' title='bbox 1278 4520 1409 4576; x_wconf 89' lang='lat' dir='ltr'><strong>Vide</strong></span> <span class='ocrx_word' id='word_1_389' title='bbox 1434 4536 1559 4591; x_wconf 81' lang='lat' dir='ltr'><strong>ergo</strong></span> <span class='ocrx_word' id='word_1_390' title='bbox 1575 4522 1685 4592; x_wconf 90' lang='lat' dir='ltr'><strong>jam</strong></span> <span class='ocrx_word' id='word_1_391' title='bbox 1716 4538 1809 4577; x_wconf 79' lang='lat' dir='ltr'><strong>ex-</strong></span> 
     </span>
    </p>
   </div>
   <div class='ocr_carea' id='block_1_49' title="bbox 212 4612 1802 4685">
    <p class='ocr_par' dir='ltr' id='par_1_49' title="bbox 212 4612 1802 4685">
     <span class='ocr_line' id='line_1_49' title="bbox 212 4612 1802 4685; baseline -0.001 -17"><span class='ocrx_word' id='word_1_392' title='bbox 212 4623 348 4670; x_wconf 79' lang='lat' dir='ltr'><strong>tensa</strong></span> <span class='ocrx_word' id='word_1_393' title='bbox 404 4614 850 4685; x_wconf 71' lang='lat' dir='ltr'><strong>prardicatione,</strong></span> <span class='ocrx_word' id='word_1_394' title='bbox 903 4628 1060 4683; x_wconf 90' lang='lat' dir='ltr'><strong>quam</strong></span> <span class='ocrx_word' id='word_1_395' title='bbox 1108 4612 1216 4666; x_wconf 92' lang='lat' dir='ltr'><strong>cito</strong></span> <span class='ocrx_word' id='word_1_396' title='bbox 1264 4622 1479 4667; x_wconf 88' lang='lat' dir='ltr'><strong>currant</strong></span> <span class='ocrx_word' id='word_1_397' title='bbox 1515 4613 1582 4667; x_wconf 90' lang='lat' dir='ltr'><strong>ad</strong></span> <span class='ocrx_word' id='word_1_398' title='bbox 1633 4614 1802 4685; x_wconf 81' lang='lat' dir='ltr'><strong>signa.</strong></span> 
     </span>
    </p>
   </div>
   <div class='ocr_carea' id='block_1_50' title="bbox 212 4700 1806 4772">
    <p class='ocr_par' dir='ltr' id='par_1_50' title="bbox 212 4700 1806 4772">
     <span class='ocr_line' id='line_1_50' title="bbox 212 4700 1806 4772; baseline -0.001 -14"><span class='ocrx_word' id='word_1_399' title='bbox 212 4704 497 4771; x_wconf 75' lang='lat' dir='ltr'><strong>Oportebat</strong></span> <span class='ocrx_word' id='word_1_400' title='bbox 520 4704 679 4759; x_wconf 87' lang='lat' dir='ltr'><strong>enim</strong></span> <span class='ocrx_word' id='word_1_401' title='bbox 698 4702 809 4772; x_wconf 89' lang='lat' dir='ltr'><strong>jam</strong></span> <span class='ocrx_word' id='word_1_402' title='bbox 837 4711 1055 4771; x_wconf 85' lang='lat' dir='ltr'><strong>prepter</strong></span> <span class='ocrx_word' id='word_1_403' title='bbox 1076 4700 1361 4756; x_wconf 90' lang='lat' dir='ltr'><strong>credentes</strong></span> <span class='ocrx_word' id='word_1_404' title='bbox 1388 4702 1537 4770; x_wconf 90' lang='lat' dir='ltr'><strong>plura</strong></span> <span class='ocrx_word' id='word_1_405' title='bbox 1567 4716 1687 4757; x_wconf 88' lang='lat' dir='ltr'><strong>esse</strong></span> <span class='ocrx_word' id='word_1_406' title='bbox 1734 4702 1806 4756; x_wconf 56' lang='lat' dir='ltr'><strong>si-</strong></span> 
     </span>
    </p>
   </div>
   <div class='ocr_carea' id='block_1_51' title="bbox 207 4793 1807 4867">
    <p class='ocr_par' dir='ltr' id='par_1_51' title="bbox 207 4793 1807 4867">
     <span class='ocr_line' id='line_1_51' title="bbox 207 4793 1807 4867; baseline -0.002 -15"><span class='ocrx_word' id='word_1_407' title='bbox 207 4813 319 4866; x_wconf 68' lang='lat' dir='ltr'><strong>gas,</strong></span> <span class='ocrx_word' id='word_1_408' title='bbox 347 4814 517 4867; x_wconf 89' lang='lat' dir='ltr'><strong>quam</strong></span> <span class='ocrx_word' id='word_1_409' title='bbox 554 4797 693 4851; x_wconf 88' lang='lat' dir='ltr'><strong>alibi</strong></span> <span class='ocrx_word' id='word_1_410' title='bbox 726 4812 739 4847; x_wconf 89' lang='lat'>:</span> <span class='ocrx_word' id='word_1_411' title='bbox 774 4797 952 4864; x_wconf 88' lang='lat' dir='ltr'><strong>itaque</strong></span> <span class='ocrx_word' id='word_1_412' title='bbox 983 4795 1143 4860; x_wconf 78' lang='lat' dir='ltr'><strong>fiunt;</strong></span> <span class='ocrx_word' id='word_1_413' title='bbox 1172 4793 1266 4849; x_wconf 91' lang='lat' dir='ltr'><strong>sed</strong></span> <span class='ocrx_word' id='word_1_414' title='bbox 1302 4793 1601 4849; x_wconf 88' lang='lat' dir='ltr'><strong>recedendo</strong></span> <span class='ocrx_word' id='word_1_415' title='bbox 1629 4804 1683 4848; x_wconf 90' lang='lat' dir='ltr'><strong>et</strong></span> <span class='ocrx_word' id='word_1_416' title='bbox 1718 4809 1807 4849; x_wconf 86' lang='lat' dir='ltr'><strong>ac-</strong></span> 
     </span>
    </p>
   </div>
   <div class='ocr_carea' id='block_1_52' title="bbox 206 4884 1807 4954">
    <p class='ocr_par' dir='ltr' id='par_1_52' title="bbox 206 4884 1807 4954">
     <span class='ocr_line' id='line_1_52' title="bbox 206 4884 1807 4954; baseline -0.001 -13"><span class='ocrx_word' id='word_1_417' title='bbox 206 4888 441 4943; x_wconf 74' lang='lat' dir='ltr'><strong>cedentia</strong></span> <span class='ocrx_word' id='word_1_418' title='bbox 463 4889 565 4942; x_wconf 82' lang='lat' dir='ltr'><strong>illa</strong></span> <span class='ocrx_word' id='word_1_419' title='bbox 599 4886 888 4941; x_wconf 87' lang='lat' dir='ltr'><strong>faciebant.</strong></span> <span class='ocrx_word' id='word_1_420' title='bbox 915 4884 1393 4951; x_wconf 86' lang='lat' dir='ltr'><strong>Emiseruntillum,</strong></span> <span class='ocrx_word' id='word_1_421' title='bbox 1417 4885 1624 4953; x_wconf 91' lang='lat' dir='ltr'><strong>inquit,</strong></span> <span class='ocrx_word' id='word_1_422' title='bbox 1663 4886 1807 4954; x_wconf 88' lang='lat' dir='ltr'><strong>quasi</strong></span> 
     </span>
    </p>
   </div>
   <div class='ocr_carea' id='block_1_53' title="bbox 206 4974 1801 5048">
    <p class='ocr_par' dir='ltr' id='par_1_53' title="bbox 206 4974 1801 5048">
     <span class='ocr_line' id='line_1_53' title="bbox 206 4974 1801 5048; baseline 0.001 -17"><span class='ocrx_word' id='word_1_423' title='bbox 206 4980 269 5031; x_wconf 69' lang='lat' dir='ltr'><strong>ad</strong></span> <span class='ocrx_word' id='word_1_424' title='bbox 295 4997 454 5035; x_wconf 66' lang='lat' dir='ltr'><strong>mare.</strong></span> <span class='ocrx_word' id='word_1_425' title='bbox 482 4978 727 5048; x_wconf 85' lang='lat' dir='ltr'><strong>Quare?</strong></span> <span class='ocrx_word' id='word_1_426' title='bbox 756 4976 825 5032; x_wconf 88' lang='lat' dir='ltr'><strong>Ut</strong></span> <span class='ocrx_word' id='word_1_427' title='bbox 852 4993 957 5032; x_wconf 89' lang='lat' dir='ltr'><strong>non</strong></span> <span class='ocrx_word' id='word_1_428' title='bbox 999 4985 1221 5047; x_wconf 88' lang='lat' dir='ltr'><strong>possent</strong></span> <span class='ocrx_word' id='word_1_429' title='bbox 1249 4976 1395 5031; x_wconf 91' lang='lat' dir='ltr'><strong>illum</strong></span> <span class='ocrx_word' id='word_1_430' title='bbox 1425 4974 1579 5032; x_wconf 90' lang='lat' dir='ltr'><strong>facile</strong></span> <span class='ocrx_word' id='word_1_431' title='bbox 1606 4992 1801 5047; x_wconf 88' lang='lat' dir='ltr'><strong>appre-</strong></span> 
     </span>
    </p>
   </div>
   <div class='ocr_carea' id='block_1_54' title="bbox 208 5067 1801 5137">
    <p class='ocr_par' dir='ltr' id='par_1_54' title="bbox 208 5067 1801 5137">
     <span class='ocr_line' id='line_1_54' title="bbox 208 5067 1801 5137; baseline 0.003 -19"><span class='ocrx_word' id='word_1_432' title='bbox 208 5070 458 5125; x_wconf 62' lang='lat' dir='ltr'><strong>hendere.</strong></span> <span class='ocrx_word' id='word_1_433' title='bbox 495 5069 665 5125; x_wconf 83' lang='lat' dir='ltr'><strong>Adeo</strong></span> <span class='ocrx_word' id='word_1_434' title='bbox 703 5083 798 5137; x_wconf 87' lang='lat' dir='ltr'><strong>per</strong></span> <span class='ocrx_word' id='word_1_435' title='bbox 824 5082 883 5122; x_wconf 89' lang='lat' dir='ltr'><strong>se</strong></span> <span class='ocrx_word' id='word_1_436' title='bbox 911 5068 1009 5137; x_wconf 89' lang='lat' dir='ltr'><strong>ipsi</strong></span> <span class='ocrx_word' id='word_1_437' title='bbox 1054 5082 1304 5137; x_wconf 79' lang='lat' dir='ltr'><strong>magnum</strong></span> <span class='ocrx_word' id='word_1_438' title='bbox 1353 5067 1477 5136; x_wconf 90' lang='lat' dir='ltr'><strong>quid</strong></span> <span class='ocrx_word' id='word_1_439' title='bbox 1524 5068 1801 5136; x_wconf 66' lang='lat' dir='ltr'><strong>pra&#39;stitis-</strong></span> 
     </span>
    </p>
   </div>
   <div class='ocr_carea' id='block_1_55' title="bbox 204 5156 1797 5227">
    <p class='ocr_par' dir='ltr' id='par_1_55' title="bbox 204 5156 1797 5227">
     <span class='ocr_line' id='line_1_55' title="bbox 204 5156 1797 5227; baseline 0.001 -15"><span class='ocrx_word' id='word_1_440' title='bbox 204 5170 334 5227; x_wconf 80' lang='lat' dir='ltr'><strong>seat,</strong></span> <span class='ocrx_word' id='word_1_441' title='bbox 364 5171 415 5216; x_wconf 88' lang='lat' dir='ltr'><strong>et</strong></span> <span class='ocrx_word' id='word_1_442' title='bbox 447 5174 587 5215; x_wconf 84' lang='lat' dir='ltr'><strong>cum</strong></span> <span class='ocrx_word' id='word_1_443' title='bbox 616 5157 707 5212; x_wconf 93' lang='lat' dir='ltr'><strong>illo</strong></span> <span class='ocrx_word' id='word_1_444' title='bbox 725 5157 885 5212; x_wconf 88' lang='lat' dir='ltr'><strong>multa</strong></span> <span class='ocrx_word' id='word_1_445' title='bbox 904 5156 1042 5213; x_wconf 87' lang='lat' dir='ltr'><strong>bene</strong></span> <span class='ocrx_word' id='word_1_446' title='bbox 1061 5165 1343 5227; x_wconf 79' lang='lat' dir='ltr'><strong>gesserunt</strong></span> <span class='ocrx_word' id='word_1_447' title='bbox 1361 5171 1423 5211; x_wconf 89' lang='lat' dir='ltr'><strong>ac</strong></span> <span class='ocrx_word' id='word_1_448' title='bbox 1444 5157 1797 5227; x_wconf 86' lang='lat' dir='ltr'><strong>perfecerunt.</strong></span> 
     </span>
    </p>
   </div>
   <div class='ocr_carea' id='block_1_56' title="bbox 206 5248 1137 5307">
    <p class='ocr_par' dir='ltr' id='par_1_56' title="bbox 206 5248 1137 5307">
     <span class='ocr_line' id='line_1_56' title="bbox 206 5248 1137 5307; baseline 0.002 -6"><span class='ocrx_word' id='word_1_449' title='bbox 206 5248 417 5307; x_wconf 70' lang='grc' dir='ltr'><strong>ιειιιτῑω</strong></span> <span class='ocrx_word' id='word_1_450' title='bbox 449 5252 624 5306; x_wconf 84' lang='lat' dir='ltr'><strong>illum</strong></span> <span class='ocrx_word' id='word_1_451' title='bbox 652 5265 840 5305; x_wconf 86' lang='lat' dir='ltr'><strong>eruere</strong></span> <span class='ocrx_word' id='word_1_452' title='bbox 867 5249 1137 5305; x_wconf 79' lang='lat' dir='ltr'><strong>volebant.</strong></span> 
     </span>
    </p>
   </div>
   <div class='ocr_carea' id='block_1_57' title="bbox 265 5340 1804 5411">
    <p class='ocr_par' dir='ltr' id='par_1_57' title="bbox 265 5340 1804 5411">
     <span class='ocr_line' id='line_1_57' title="bbox 265 5340 1804 5411; baseline -0.001 -15"><span class='ocrx_word' id='word_1_453' title='bbox 265 5342 319 5396; x_wconf 76' lang='lat'><strong>3.</strong></span> <span class='ocrx_word' id='word_1_454' title='bbox 353 5343 493 5397; x_wconf 67' lang='lat' dir='ltr'><strong>Vide</strong></span> <span class='ocrx_word' id='word_1_455' title='bbox 522 5349 734 5410; x_wconf 85' lang='lat' dir='ltr'><strong>quanta</strong></span> <span class='ocrx_word' id='word_1_456' title='bbox 764 5340 1010 5409; x_wconf 83' lang='lat' dir='ltr'><strong>discipuli</strong></span> <span class='ocrx_word' id='word_1_457' title='bbox 1038 5354 1162 5411; x_wconf 78' lang='lat' dir='ltr'><strong>erga</strong></span> <span class='ocrx_word' id='word_1_458' title='bbox 1194 5340 1492 5410; x_wconf 64' lang='lat' dir='ltr'><strong>praecipuos</strong></span> <span class='ocrx_word' id='word_1_459' title='bbox 1520 5340 1804 5395; x_wconf 89' lang='lat' dir='ltr'><strong>utebantur</strong></span> 
     </span>
    </p>
   </div>
   <div class='ocr_carea' id='block_1_58' title="bbox 199 5430 1803 5494">
    <p class='ocr_par' dir='ltr' id='par_1_58' title="bbox 199 5430 1803 5494">
     <span class='ocr_line' id='line_1_58' title="bbox 199 5430 1803 5494; baseline 0.002 -11"><span class='ocrx_word' id='word_1_460' title='bbox 199 5442 450 5486; x_wconf 59' lang='lat' dir='ltr'><strong>curant</strong></span> <span class='ocrx_word' id='word_1_461' title='bbox 508 5447 631 5486; x_wconf 87' lang='lat' dir='ltr'><strong>non</strong></span> <span class='ocrx_word' id='word_1_462' title='bbox 679 5431 813 5484; x_wconf 81' lang='lat' dir='ltr'><strong>sicut</strong></span> <span class='ocrx_word' id='word_1_463' title='bbox 860 5444 1001 5485; x_wconf 89' lang='lat' dir='ltr'><strong>nunc</strong></span> <span class='ocrx_word' id='word_1_464' title='bbox 1042 5431 1199 5485; x_wconf 85' lang='lat' dir='ltr'><strong>divisi</strong></span> <span class='ocrx_word' id='word_1_465' title='bbox 1246 5446 1469 5494; x_wconf 85' lang='lat' dir='ltr'><strong>sumus;</strong></span> <span class='ocrx_word' id='word_1_466' title='bbox 1515 5430 1803 5486; x_wconf 88' lang='lat' dir='ltr'><strong>dividimur</strong></span> 
     </span>
    </p>
   </div>
   <div class='ocr_carea' id='block_1_59' title="bbox 201 5520 1796 5591">
    <p class='ocr_par' dir='ltr' id='par_1_59' title="bbox 201 5520 1796 5591">
     <span class='ocr_line' id='line_1_59' title="bbox 201 5520 1796 5591; baseline 0.001 -18"><span class='ocrx_word' id='word_1_467' title='bbox 201 5534 426 5591; x_wconf 77' lang='lat' dir='ltr'><strong>namque</strong></span> <span class='ocrx_word' id='word_1_468' title='bbox 456 5520 629 5591; x_wconf 81' lang='lat' dir='ltr'><strong>parvi</strong></span> <span class='ocrx_word' id='word_1_469' title='bbox 653 5528 706 5574; x_wconf 87' lang='lat' dir='ltr'><strong>et</strong></span> <span class='ocrx_word' id='word_1_470' title='bbox 730 5520 907 5591; x_wconf 76' lang='lat' dir='ltr'><strong>magni</strong></span> <span class='ocrx_word' id='word_1_471' title='bbox 937 5537 951 5573; x_wconf 89' lang='lat'><strong>:</strong></span> <span class='ocrx_word' id='word_1_472' title='bbox 983 5522 1124 5576; x_wconf 91' lang='lat' dir='ltr'><strong>inter</strong></span> <span class='ocrx_word' id='word_1_473' title='bbox 1161 5535 1257 5576; x_wconf 90' lang='lat' dir='ltr'><strong>uos</strong></span> <span class='ocrx_word' id='word_1_474' title='bbox 1310 5520 1399 5575; x_wconf 83' lang='lat' dir='ltr'><strong>alii</strong></span> <span class='ocrx_word' id='word_1_475' title='bbox 1445 5521 1796 5588; x_wconf 75' lang='lat' dir='ltr'><strong>extolluntur,</strong></span> 
     </span>
    </p>
   </div>
   <div class='ocr_carea' id='block_1_60' title="bbox 201 5608 1795 5681">
    <p class='ocr_par' dir='ltr' id='par_1_60' title="bbox 201 5608 1795 5681">
     <span class='ocr_line' id='line_1_60' title="bbox 201 5608 1795 5681; baseline 0 -17"><span class='ocrx_word' id='word_1_476' title='bbox 201 5609 614 5674; x_wconf 74' lang='lat' dir='ltr'><strong>aliiinvide-st;</strong></span> <span class='ocrx_word' id='word_1_477' title='bbox 662 5608 884 5679; x_wconf 88' lang='lat' dir='ltr'><strong>ideoque</strong></span> <span class='ocrx_word' id='word_1_478' title='bbox 910 5609 1175 5674; x_wconf 86' lang='lat' dir='ltr'><strong>invident,</strong></span> <span class='ocrx_word' id='word_1_479' title='bbox 1208 5612 1331 5681; x_wconf 84' lang='lat' dir='ltr'><strong>quia</strong></span> <span class='ocrx_word' id='word_1_480' title='bbox 1380 5625 1479 5667; x_wconf 85' lang='lat' dir='ltr'><strong>nos</strong></span> <span class='ocrx_word' id='word_1_481' title='bbox 1528 5610 1795 5679; x_wconf 86' lang='lat' dir='ltr'><strong>intlamur,</strong></span> 
     </span>
    </p>
   </div>
   <div class='ocr_carea' id='block_1_61' title="bbox 1164 210 2587 281">
    <p class='ocr_par' dir='ltr' id='par_1_61' title="bbox 1164 210 2587 281">
     <span class='ocr_line' id='line_1_61' title="bbox 1164 210 2587 281; baseline -0.009 -3"><span class='ocrx_word' id='word_1_482' title='bbox 1164 222 1231 278; x_wconf 81' lang='lat' dir='ltr'><strong>IN</strong></span> <span class='ocrx_word' id='word_1_483' title='bbox 1264 224 1447 281; x_wconf 76' lang='lat' dir='ltr'><strong>ACTA</strong></span> <span class='ocrx_word' id='word_1_484' title='bbox 1491 213 2009 275; x_wconf 62' lang='lat' dir='ltr'><strong>AI’OSTOLORURI.</strong></span> <span class='ocrx_word' id='word_1_485' title='bbox 2056 212 2282 269; x_wconf 60' lang='lat' dir='ltr'><strong>IIOSIIL.</strong></span> <span class='ocrx_word' id='word_1_486' title='bbox 2325 210 2587 269; x_wconf 75' lang='lat' dir='ltr'><strong>XXXVII.</strong></span> 
     </span>
    </p>
   </div>
   <div class='ocr_carea' id='block_1_62' title="bbox 3386 212 3487 271">
    <p class='ocr_par' dir='ltr' id='par_1_62' title="bbox 3386 212 3487 271">
     <span class='ocr_line' id='line_1_62' title="bbox 3386 212 3487 271; baseline 0.069 -6"><span class='ocrx_word' id='word_1_487' title='bbox 3386 212 3487 271; x_wconf 62' lang='grc' dir='ltr'><strong>Ἢ]ῗὶ</strong></span> 
     </span>
    </p>
   </div>
   <div class='ocr_carea' id='block_1_63' title="bbox 1914 325 3491 397">
    <p class='ocr_par' dir='ltr' id='par_1_63' title="bbox 1914 325 3491 397">
     <span class='ocr_line' id='line_1_63' title="bbox 1914 325 3491 397; baseline 0.001 -15"><span class='ocrx_word' id='word_1_488' title='bbox 1914 342 2012 382; x_wconf 87' lang='lat' dir='ltr'><strong>nec</strong></span> <span class='ocrx_word' id='word_1_489' title='bbox 2065 328 2293 397; x_wconf 87' lang='lat' dir='ltr'><strong>patimur</strong></span> <span class='ocrx_word' id='word_1_490' title='bbox 2346 326 2625 395; x_wconf 79' lang='lat' dir='ltr'><strong>aequaliter</strong></span> <span class='ocrx_word' id='word_1_491' title='bbox 2666 340 2825 396; x_wconf 82' lang='lat' dir='ltr'><strong>agere</strong></span> <span class='ocrx_word' id='word_1_492' title='bbox 2873 340 2995 380; x_wconf 89' lang='lat' dir='ltr'><strong>cum</strong></span> <span class='ocrx_word' id='word_1_493' title='bbox 3045 325 3166 381; x_wconf 86' lang='lat' dir='ltr'><strong>illis.</strong></span> <span class='ocrx_word' id='word_1_494' title='bbox 3211 327 3413 383; x_wconf 82' lang='lat' dir='ltr'><strong>Idcirco</strong></span> <span class='ocrx_word' id='word_1_495' title='bbox 3442 330 3491 383; x_wconf 90' lang='lat' dir='ltr'><strong>in</strong></span> 
     </span>
    </p>
   </div>
   <div class='ocr_carea' id='block_1_64' title="bbox 1910 417 3491 486">
    <p class='ocr_par' dir='ltr' id='par_1_64' title="bbox 1910 417 3491 486">
     <span class='ocr_line' id='line_1_64' title="bbox 1910 417 3491 486; baseline 0.001 -14"><span class='ocrx_word' id='word_1_496' title='bbox 1910 433 2138 486; x_wconf 90' lang='lat' dir='ltr'><strong>corpore</strong></span> <span class='ocrx_word' id='word_1_497' title='bbox 2183 426 2476 471; x_wconf 89' lang='lat' dir='ltr'><strong>concentus</strong></span> <span class='ocrx_word' id='word_1_498' title='bbox 2515 427 2626 480; x_wconf 86' lang='lat' dir='ltr'><strong>est,</strong></span> <span class='ocrx_word' id='word_1_499' title='bbox 2664 417 2785 485; x_wconf 87' lang='lat' dir='ltr'><strong>quia</strong></span> <span class='ocrx_word' id='word_1_500' title='bbox 2835 432 2940 472; x_wconf 93' lang='lat' dir='ltr'><strong>non</strong></span> <span class='ocrx_word' id='word_1_501' title='bbox 2984 426 3066 471; x_wconf 84' lang='lat' dir='ltr'><strong>est</strong></span> <span class='ocrx_word' id='word_1_502' title='bbox 3104 418 3307 472; x_wconf 84' lang='lat' dir='ltr'><strong>inﬂatio</strong></span> <span class='ocrx_word' id='word_1_503' title='bbox 3338 437 3352 473; x_wconf 90' lang='lat'><strong>:</strong></span> <span class='ocrx_word' id='word_1_504' title='bbox 3386 434 3491 474; x_wconf 88' lang='lat' dir='ltr'><strong>nou</strong></span> 
     </span>
    </p>
   </div>
   <div class='ocr_carea' id='block_1_65' title="bbox 1910 511 3491 583">
    <p class='ocr_par' dir='ltr' id='par_1_65' title="bbox 1910 511 3491 583">
     <span class='ocr_line' id='line_1_65' title="bbox 1910 511 3491 583; baseline 0.001 -16"><span class='ocrx_word' id='word_1_505' title='bbox 1910 522 1994 567; x_wconf 89' lang='lat' dir='ltr'><strong>est</strong></span> <span class='ocrx_word' id='word_1_506' title='bbox 2019 524 2193 566; x_wconf 88' lang='lat' dir='ltr'><strong>autem</strong></span> <span class='ocrx_word' id='word_1_507' title='bbox 2225 513 2431 565; x_wconf 84' lang='lat' dir='ltr'><strong>inﬂatio</strong></span> <span class='ocrx_word' id='word_1_508' title='bbox 2452 553 2467 577; x_wconf 91' lang='lat'><strong>,</strong></span> <span class='ocrx_word' id='word_1_509' title='bbox 2500 512 2621 579; x_wconf 88' lang='lat' dir='ltr'><strong>quia</strong></span> <span class='ocrx_word' id='word_1_510' title='bbox 2651 512 2728 565; x_wconf 90' lang='lat' dir='ltr'><strong>sic</strong></span> <span class='ocrx_word' id='word_1_511' title='bbox 2757 512 2995 565; x_wconf 89' lang='lat' dir='ltr'><strong>membra</strong></span> <span class='ocrx_word' id='word_1_512' title='bbox 3023 511 3280 583; x_wconf 88' lang='lat' dir='ltr'><strong>disposita</strong></span> <span class='ocrx_word' id='word_1_513' title='bbox 3322 523 3446 568; x_wconf 89' lang='lat' dir='ltr'><strong>sunt</strong></span> <span class='ocrx_word' id='word_1_514' title='bbox 3475 555 3491 579; x_wconf 87' lang='lat'><strong>,</strong></span> 
     </span>
    </p>
   </div>
   <div class='ocr_carea' id='block_1_66' title="bbox 1912 600 3490 671">
    <p class='ocr_par' dir='ltr' id='par_1_66' title="bbox 1912 600 3490 671">
     <span class='ocr_line' id='line_1_66' title="bbox 1912 600 3490 671; baseline 0.003 -18"><span class='ocrx_word' id='word_1_515' title='bbox 1912 610 1968 653; x_wconf 93' lang='lat' dir='ltr'><strong>ut</strong></span> <span class='ocrx_word' id='word_1_516' title='bbox 1996 602 2135 654; x_wconf 92' lang='lat' dir='ltr'><strong>aliud</strong></span> <span class='ocrx_word' id='word_1_517' title='bbox 2165 602 2269 654; x_wconf 89' lang='lat' dir='ltr'><strong>alio</strong></span> <span class='ocrx_word' id='word_1_518' title='bbox 2298 614 2430 669; x_wconf 85' lang='lat' dir='ltr'><strong>opus</strong></span> <span class='ocrx_word' id='word_1_519' title='bbox 2464 600 2654 655; x_wconf 78' lang='lat' dir='ltr'><strong>habeat</strong></span> <span class='ocrx_word' id='word_1_520' title='bbox 2684 618 2695 652; x_wconf 93' lang='lat'><strong>:</strong></span> <span class='ocrx_word' id='word_1_521' title='bbox 2728 610 2884 670; x_wconf 88' lang='lat' dir='ltr'><strong>caput</strong></span> <span class='ocrx_word' id='word_1_522' title='bbox 2905 601 3127 671; x_wconf 85' lang='lat' dir='ltr'><strong>pedibus</strong></span> <span class='ocrx_word' id='word_1_523' title='bbox 3155 618 3288 671; x_wconf 90' lang='lat' dir='ltr'><strong>opus</strong></span> <span class='ocrx_word' id='word_1_524' title='bbox 3312 603 3490 669; x_wconf 82' lang='lat' dir='ltr'><strong>habet,</strong></span> 
     </span>
    </p>
   </div>
   <div class='ocr_carea' id='block_1_67' title="bbox 1911 690 3494 765">
    <p class='ocr_par' dir='ltr' id='par_1_67' title="bbox 1911 690 3494 765">
     <span class='ocr_line' id='line_1_67' title="bbox 1911 690 3494 765; baseline 0.003 -20"><span class='ocrx_word' id='word_1_525' title='bbox 1911 701 1963 745; x_wconf 90' lang='lat' dir='ltr'><strong>et</strong></span> <span class='ocrx_word' id='word_1_526' title='bbox 1992 690 2154 761; x_wconf 87' lang='lat' dir='ltr'><strong>pedes</strong></span> <span class='ocrx_word' id='word_1_527' title='bbox 2179 691 2373 760; x_wconf 89' lang='lat' dir='ltr'><strong>capite.</strong></span> <span class='ocrx_word' id='word_1_528' title='bbox 2402 690 2467 743; x_wconf 85' lang='lat' dir='ltr'><strong>Et</strong></span> <span class='ocrx_word' id='word_1_529' title='bbox 2494 690 2597 744; x_wconf 92' lang='lat' dir='ltr'><strong>hoc</strong></span> <span class='ocrx_word' id='word_1_530' title='bbox 2625 691 2777 745; x_wconf 89' lang='lat' dir='ltr'><strong>nobis</strong></span> <span class='ocrx_word' id='word_1_531' title='bbox 2816 692 2936 745; x_wconf 86' lang='lat' dir='ltr'><strong>fecit</strong></span> <span class='ocrx_word' id='word_1_532' title='bbox 2983 693 3153 761; x_wconf 89' lang='lat' dir='ltr'><strong>Deus,</strong></span> <span class='ocrx_word' id='word_1_533' title='bbox 3199 710 3372 765; x_wconf 90' lang='lat' dir='ltr'><strong>neque</strong></span> <span class='ocrx_word' id='word_1_534' title='bbox 3417 697 3494 751; x_wconf 78' lang='lat' dir='ltr'><strong>sic</strong></span> 
     </span>
    </p>
   </div>
   <div class='ocr_carea' id='block_1_68' title="bbox 1912 784 3491 855">
    <p class='ocr_par' dir='ltr' id='par_1_68' title="bbox 1912 784 3491 855">
     <span class='ocr_line' id='line_1_68' title="bbox 1912 784 3491 855; baseline 0.004 -18"><span class='ocrx_word' id='word_1_535' title='bbox 1912 785 2234 837; x_wconf 88' lang='lat' dir='ltr'><strong>sustinemus</strong></span> <span class='ocrx_word' id='word_1_536' title='bbox 2268 800 2280 833; x_wconf 93' lang='lat'>:</span> <span class='ocrx_word' id='word_1_537' title='bbox 2316 792 2589 852; x_wconf 85' lang='lat' dir='ltr'><strong>oporteret</strong></span> <span class='ocrx_word' id='word_1_538' title='bbox 2615 784 2753 836; x_wconf 87' lang='lat' dir='ltr'><strong>enim</strong></span> <span class='ocrx_word' id='word_1_539' title='bbox 2782 824 2796 847; x_wconf 97' lang='lat'><strong>,</strong></span> <span class='ocrx_word' id='word_1_540' title='bbox 2828 784 3033 838; x_wconf 89' lang='lat' dir='ltr'><strong>etiamsi</strong></span> <span class='ocrx_word' id='word_1_541' title='bbox 3068 786 3169 840; x_wconf 91' lang='lat' dir='ltr'><strong>hoc</strong></span> <span class='ocrx_word' id='word_1_542' title='bbox 3196 803 3301 841; x_wconf 91' lang='lat' dir='ltr'><strong>non</strong></span> <span class='ocrx_word' id='word_1_543' title='bbox 3327 798 3491 855; x_wconf 88' lang='lat' dir='ltr'><strong>esset,</strong></span> 
     </span>
    </p>
   </div>
   <div class='ocr_carea' id='block_1_69' title="bbox 1913 875 3492 946">
    <p class='ocr_par' dir='ltr' id='par_1_69' title="bbox 1913 875 3492 946">
     <span class='ocr_line' id='line_1_69' title="bbox 1913 875 3492 946; baseline 0.004 -17"><span class='ocrx_word' id='word_1_544' title='bbox 1913 877 2186 931; x_wconf 87' lang='lat' dir='ltr'><strong>caritatem</strong></span> <span class='ocrx_word' id='word_1_545' title='bbox 2216 892 2355 931; x_wconf 85' lang='lat' dir='ltr'><strong>esse.</strong></span> <span class='ocrx_word' id='word_1_546' title='bbox 2387 878 2578 931; x_wconf 87' lang='lat' dir='ltr'><strong>Annon</strong></span> <span class='ocrx_word' id='word_1_547' title='bbox 2611 875 2805 930; x_wconf 89' lang='lat' dir='ltr'><strong>auditis</strong></span> <span class='ocrx_word' id='word_1_548' title='bbox 2829 888 3080 931; x_wconf 76' lang='lat' dir='ltr'><strong>externos</strong></span> <span class='ocrx_word' id='word_1_549' title='bbox 3102 920 3116 943; x_wconf 89' lang='lat'><strong>,</strong></span> <span class='ocrx_word' id='word_1_550' title='bbox 3147 879 3237 946; x_wconf 90' lang='lat' dir='ltr'><strong>qui</strong></span> <span class='ocrx_word' id='word_1_551' title='bbox 3268 895 3366 934; x_wconf 90' lang='lat' dir='ltr'><strong>nos</strong></span> <span class='ocrx_word' id='word_1_552' title='bbox 3400 895 3492 935; x_wconf 85' lang='lat' dir='ltr'><strong>ca-</strong></span> 
     </span>
    </p>
   </div>
   <div class='ocr_carea' id='block_1_70' title="bbox 1914 965 3491 1035">
    <p class='ocr_par' dir='ltr' id='par_1_70' title="bbox 1914 965 3491 1035">
     <span class='ocr_line' id='line_1_70' title="bbox 1914 965 3491 1035; baseline 0.004 -15"><span class='ocrx_word' id='word_1_553' title='bbox 1914 967 2264 1031; x_wconf 89' lang='lat' dir='ltr'><strong>lumniantur,</strong></span> <span class='ocrx_word' id='word_1_554' title='bbox 2300 967 2513 1035; x_wconf 86' lang='lat' dir='ltr'><strong>quando</strong></span> <span class='ocrx_word' id='word_1_555' title='bbox 2539 966 2725 1019; x_wconf 90' lang='lat' dir='ltr'><strong>dicunt</strong></span> <span class='ocrx_word' id='word_1_556' title='bbox 2758 982 2771 1018; x_wconf 87' lang='lat'><strong>:</strong></span> <span class='ocrx_word' id='word_1_557' title='bbox 2817 965 2987 1020; x_wconf 90' lang='lat' dir='ltr'><strong>Utiles</strong></span> <span class='ocrx_word' id='word_1_558' title='bbox 3028 969 3313 1023; x_wconf 65' lang='lat' dir='ltr'><strong>amicitiae?</strong></span> <span class='ocrx_word' id='word_1_559' title='bbox 3349 970 3491 1025; x_wconf 87' lang='lat' dir='ltr'><strong>Laici</strong></span> 
     </span>
    </p>
   </div>
   <div class='ocr_carea' id='block_1_71' title="bbox 1916 1058 3495 1129">
    <p class='ocr_par' dir='ltr' id='par_1_71' title="bbox 1916 1058 3495 1129">
     <span class='ocr_line' id='line_1_71' title="bbox 1916 1058 3495 1129; baseline 0.003 -17"><span class='ocrx_word' id='word_1_560' title='bbox 1916 1060 2068 1112; x_wconf 89' lang='lat' dir='ltr'><strong>nohis</strong></span> <span class='ocrx_word' id='word_1_561' title='bbox 2102 1074 2236 1127; x_wconf 76' lang='lat' dir='ltr'><strong>Opus</strong></span> <span class='ocrx_word' id='word_1_562' title='bbox 2265 1058 2494 1122; x_wconf 88' lang='lat' dir='ltr'><strong>habent;</strong></span> <span class='ocrx_word' id='word_1_563' title='bbox 2546 1072 2643 1111; x_wconf 92' lang='lat' dir='ltr'><strong>nos</strong></span> <span class='ocrx_word' id='word_1_564' title='bbox 2694 1072 2825 1112; x_wconf 87' lang='lat' dir='ltr'><strong>vero</strong></span> <span class='ocrx_word' id='word_1_565' title='bbox 2866 1072 3076 1112; x_wconf 78' lang='lat' dir='ltr'><strong>rursum</strong></span> <span class='ocrx_word' id='word_1_566' title='bbox 3121 1070 3337 1129; x_wconf 87' lang='lat' dir='ltr'><strong>propter</strong></span> <span class='ocrx_word' id='word_1_567' title='bbox 3377 1063 3495 1117; x_wconf 90' lang='lat' dir='ltr'><strong>illos</strong></span> 
     </span>
    </p>
   </div>
   <div class='ocr_carea' id='block_1_72' title="bbox 1913 1148 3493 1218">
    <p class='ocr_par' dir='ltr' id='par_1_72' title="bbox 1913 1148 3493 1218">
     <span class='ocr_line' id='line_1_72' title="bbox 1913 1148 3493 1218; baseline 0.001 -15"><span class='ocrx_word' id='word_1_568' title='bbox 1913 1164 2115 1203; x_wconf 88' lang='lat' dir='ltr'><strong>sumus.</strong></span> <span class='ocrx_word' id='word_1_569' title='bbox 2144 1148 2232 1203; x_wconf 89' lang='lat' dir='ltr'><strong>Sic</strong></span> <span class='ocrx_word' id='word_1_570' title='bbox 2257 1164 2355 1203; x_wconf 88' lang='lat' dir='ltr'><strong>nec</strong></span> <span class='ocrx_word' id='word_1_571' title='bbox 2401 1148 2589 1203; x_wconf 92' lang='lat' dir='ltr'><strong>doctor</strong></span> <span class='ocrx_word' id='word_1_572' title='bbox 2634 1163 2733 1201; x_wconf 91' lang='lat' dir='ltr'><strong>nec</strong></span> <span class='ocrx_word' id='word_1_573' title='bbox 2780 1149 3028 1218; x_wconf 87' lang='lat' dir='ltr'><strong>princeps</strong></span> <span class='ocrx_word' id='word_1_574' title='bbox 3075 1159 3258 1215; x_wconf 88' lang='lat' dir='ltr'><strong>esset,</strong></span> <span class='ocrx_word' id='word_1_575' title='bbox 3301 1152 3344 1205; x_wconf 91' lang='lat' dir='ltr'><strong>si</strong></span> <span class='ocrx_word' id='word_1_576' title='bbox 3388 1167 3493 1207; x_wconf 90' lang='lat' dir='ltr'><strong>non</strong></span> 
     </span>
    </p>
   </div>
   <div class='ocr_carea' id='block_1_73' title="bbox 1914 1238 3496 1312">
    <p class='ocr_par' dir='ltr' id='par_1_73' title="bbox 1914 1238 3496 1312">
     <span class='ocr_line' id='line_1_73' title="bbox 1914 1238 3496 1312; baseline 0.003 -19"><span class='ocrx_word' id='word_1_577' title='bbox 1914 1241 2161 1295; x_wconf 89' lang='lat' dir='ltr'><strong>adessent</strong></span> <span class='ocrx_word' id='word_1_578' title='bbox 2186 1239 2431 1309; x_wconf 85' lang='lat' dir='ltr'><strong>discipuli</strong></span> <span class='ocrx_word' id='word_1_579' title='bbox 2458 1248 2511 1295; x_wconf 89' lang='lat' dir='ltr'><strong>et</strong></span> <span class='ocrx_word' id='word_1_580' title='bbox 2538 1238 2760 1305; x_wconf 88' lang='lat' dir='ltr'><strong>subditi,</strong></span> <span class='ocrx_word' id='word_1_581' title='bbox 2794 1253 2969 1308; x_wconf 84' lang='lat' dir='ltr'><strong>neque</strong></span> <span class='ocrx_word' id='word_1_582' title='bbox 2998 1241 3236 1295; x_wconf 88' lang='lat' dir='ltr'><strong>facerent</strong></span> <span class='ocrx_word' id='word_1_583' title='bbox 3260 1257 3379 1312; x_wconf 76' lang='lat' dir='ltr'><strong>qua:</strong></span> <span class='ocrx_word' id='word_1_584' title='bbox 3402 1257 3496 1298; x_wconf 88' lang='lat' dir='ltr'><strong>sua</strong></span> 
     </span>
    </p>
   </div>
   <div class='ocr_carea' id='block_1_74' title="bbox 1913 1329 3496 1399">
    <p class='ocr_par' dir='ltr' id='par_1_74' title="bbox 1913 1329 3496 1399">
     <span class='ocr_line' id='line_1_74' title="bbox 1913 1329 3496 1399; baseline 0.004 -16"><span class='ocrx_word' id='word_1_585' title='bbox 1913 1340 2080 1385; x_wconf 91' lang='lat' dir='ltr'><strong>sunt:</strong></span> <span class='ocrx_word' id='word_1_586' title='bbox 2115 1346 2219 1384; x_wconf 89' lang='lat' dir='ltr'><strong>non</strong></span> <span class='ocrx_word' id='word_1_587' title='bbox 2266 1331 2406 1385; x_wconf 88' lang='lat' dir='ltr'><strong>enim</strong></span> <span class='ocrx_word' id='word_1_588' title='bbox 2460 1338 2697 1399; x_wconf 89' lang='lat' dir='ltr'><strong>possent.</strong></span> <span class='ocrx_word' id='word_1_589' title='bbox 2745 1329 3204 1395; x_wconf 85' lang='lat' dir='ltr'><strong>Quemadmodum</strong></span> <span class='ocrx_word' id='word_1_590' title='bbox 3254 1342 3307 1387; x_wconf 92' lang='lat' dir='ltr'><strong>et</strong></span> <span class='ocrx_word' id='word_1_591' title='bbox 3357 1342 3496 1389; x_wconf 86' lang='lat' dir='ltr'><strong>terra</strong></span> 
     </span>
    </p>
   </div>
   <div class='ocr_carea' id='block_1_75' title="bbox 1914 1422 3493 1492">
    <p class='ocr_par' dir='ltr' id='par_1_75' title="bbox 1914 1422 3493 1492">
     <span class='ocr_line' id='line_1_75' title="bbox 1914 1422 3493 1492; baseline 0.004 -17"><span class='ocrx_word' id='word_1_592' title='bbox 1914 1422 2145 1492; x_wconf 81' lang='lat' dir='ltr'><strong>agricola</strong></span> <span class='ocrx_word' id='word_1_593' title='bbox 2173 1464 2186 1488; x_wconf 92' lang='lat'><strong>,</strong></span> <span class='ocrx_word' id='word_1_594' title='bbox 2220 1432 2273 1477; x_wconf 89' lang='lat' dir='ltr'><strong>et</strong></span> <span class='ocrx_word' id='word_1_595' title='bbox 2300 1422 2531 1491; x_wconf 79' lang='lat' dir='ltr'><strong>agricola</strong></span> <span class='ocrx_word' id='word_1_596' title='bbox 2578 1430 2718 1475; x_wconf 89' lang='lat' dir='ltr'><strong>terra</strong></span> <span class='ocrx_word' id='word_1_597' title='bbox 2768 1437 2900 1491; x_wconf 91' lang='lat' dir='ltr'><strong>opus</strong></span> <span class='ocrx_word' id='word_1_598' title='bbox 2942 1423 3100 1477; x_wconf 87' lang='lat' dir='ltr'><strong>habet</strong></span> <span class='ocrx_word' id='word_1_599' title='bbox 3129 1441 3141 1477; x_wconf 91' lang='lat'><strong>:</strong></span> <span class='ocrx_word' id='word_1_600' title='bbox 3170 1424 3238 1478; x_wconf 91' lang='lat' dir='ltr'><strong>ita</strong></span> <span class='ocrx_word' id='word_1_601' title='bbox 3292 1436 3341 1481; x_wconf 87' lang='lat' dir='ltr'><strong>et</strong></span> <span class='ocrx_word' id='word_1_602' title='bbox 3386 1427 3493 1481; x_wconf 91' lang='lat' dir='ltr'><strong>hic.</strong></span> 
     </span>
    </p>
   </div>
   <div class='ocr_carea' id='block_1_76' title="bbox 1914 1513 3499 1587">
    <p class='ocr_par' dir='ltr' id='par_1_76' title="bbox 1914 1513 3499 1587">
     <span class='ocr_line' id='line_1_76' title="bbox 1914 1513 3499 1587; baseline 0.006 -21"><span class='ocrx_word' id='word_1_603' title='bbox 1914 1514 2083 1580; x_wconf 87' lang='lat' dir='ltr'><strong>Quam</strong></span> <span class='ocrx_word' id='word_1_604' title='bbox 2116 1514 2259 1568; x_wconf 90' lang='lat' dir='ltr'><strong>enim</strong></span> <span class='ocrx_word' id='word_1_605' title='bbox 2291 1513 2593 1569; x_wconf 90' lang='lat' dir='ltr'><strong>mercedem</strong></span> <span class='ocrx_word' id='word_1_606' title='bbox 2620 1513 2779 1567; x_wconf 89' lang='lat' dir='ltr'><strong>habet</strong></span> <span class='ocrx_word' id='word_1_607' title='bbox 2805 1514 2993 1568; x_wconf 85' lang='lat' dir='ltr'><strong>doctor</strong></span> <span class='ocrx_word' id='word_1_608' title='bbox 3015 1556 3027 1579; x_wconf 92' lang='lat'><strong>,</strong></span> <span class='ocrx_word' id='word_1_609' title='bbox 3058 1515 3147 1585; x_wconf 90' lang='lat' dir='ltr'><strong>qui</strong></span> <span class='ocrx_word' id='word_1_610' title='bbox 3172 1532 3276 1571; x_wconf 88' lang='lat' dir='ltr'><strong>non</strong></span> <span class='ocrx_word' id='word_1_611' title='bbox 3322 1529 3499 1587; x_wconf 88' lang='lat' dir='ltr'><strong>potest</strong></span> 
     </span>
    </p>
   </div>
   <div class='ocr_carea' id='block_1_77' title="bbox 1920 1606 3496 1682">
    <p class='ocr_par' dir='ltr' id='par_1_77' title="bbox 1920 1606 3496 1682">
     <span class='ocr_line' id='line_1_77' title="bbox 1920 1606 3496 1682; baseline 0.005 -25"><span class='ocrx_word' id='word_1_612' title='bbox 1920 1607 2203 1661; x_wconf 77' lang='lat' dir='ltr'><strong>ostendere</strong></span> <span class='ocrx_word' id='word_1_613' title='bbox 2230 1606 2295 1660; x_wconf 91' lang='lat' dir='ltr'><strong>ab</strong></span> <span class='ocrx_word' id='word_1_614' title='bbox 2322 1621 2379 1661; x_wconf 92' lang='lat' dir='ltr'><strong>se</strong></span> <span class='ocrx_word' id='word_1_615' title='bbox 2406 1606 2630 1661; x_wconf 89' lang='lat' dir='ltr'><strong>edoctos</strong></span> <span class='ocrx_word' id='word_1_616' title='bbox 2655 1607 2677 1658; x_wconf 91' lang='lat'><strong>?</strong></span> <span class='ocrx_word' id='word_1_617' title='bbox 2707 1622 2862 1675; x_wconf 87' lang='lat' dir='ltr'><strong>quam</strong></span> <span class='ocrx_word' id='word_1_618' title='bbox 2893 1607 2923 1659; x_wconf 90' lang='lat' dir='ltr'><strong>ii</strong></span> <span class='ocrx_word' id='word_1_619' title='bbox 2958 1608 3044 1676; x_wconf 90' lang='lat' dir='ltr'><strong>qui</strong></span> <span class='ocrx_word' id='word_1_620' title='bbox 3077 1608 3338 1665; x_wconf 80' lang='lat' dir='ltr'><strong>docentur</strong></span> <span class='ocrx_word' id='word_1_621' title='bbox 3362 1653 3375 1673; x_wconf 86' lang='lat'><strong>,</strong></span> <span class='ocrx_word' id='word_1_622' title='bbox 3409 1618 3496 1682; x_wconf 89' lang='lat' dir='ltr'><strong>qui</strong></span> 
     </span>
    </p>
   </div>
   <div class='ocr_carea' id='block_1_78' title="bbox 1917 1698 3498 1770">
    <p class='ocr_par' dir='ltr' id='par_1_78' title="bbox 1917 1698 3498 1770">
     <span class='ocr_line' id='line_1_78' title="bbox 1917 1698 3498 1770; baseline 0.008 -21"><span class='ocrx_word' id='word_1_623' title='bbox 1917 1712 2017 1750; x_wconf 89' lang='lat' dir='ltr'><strong>nou</strong></span> <span class='ocrx_word' id='word_1_624' title='bbox 2048 1698 2249 1768; x_wconf 90' lang='lat' dir='ltr'><strong>optima</strong></span> <span class='ocrx_word' id='word_1_625' title='bbox 2298 1699 2545 1752; x_wconf 89' lang='lat' dir='ltr'><strong>fruuntur</strong></span> <span class='ocrx_word' id='word_1_626' title='bbox 2592 1698 2876 1752; x_wconf 87' lang='lat' dir='ltr'><strong>doctrina?</strong></span> <span class='ocrx_word' id='word_1_627' title='bbox 2926 1700 3109 1770; x_wconf 87' lang='lat' dir='ltr'><strong>Itaque</strong></span> <span class='ocrx_word' id='word_1_628' title='bbox 3143 1703 3278 1758; x_wconf 92' lang='lat' dir='ltr'><strong>alter</strong></span> <span class='ocrx_word' id='word_1_629' title='bbox 3328 1705 3498 1761; x_wconf 87' lang='lat' dir='ltr'><strong>altero</strong></span> 
     </span>
    </p>
   </div>
   <div class='ocr_carea' id='block_1_79' title="bbox 1914 1788 3500 1858">
    <p class='ocr_par' dir='ltr' id='par_1_79' title="bbox 1914 1788 3500 1858">
     <span class='ocr_line' id='line_1_79' title="bbox 1914 1788 3500 1858; baseline 0.007 -16"><span class='ocrx_word' id='word_1_630' title='bbox 1914 1804 2047 1858; x_wconf 89' lang='lat' dir='ltr'><strong>opus</strong></span> <span class='ocrx_word' id='word_1_631' title='bbox 2074 1788 2356 1855; x_wconf 90' lang='lat' dir='ltr'><strong>habemus,</strong></span> <span class='ocrx_word' id='word_1_632' title='bbox 2388 1799 2441 1844; x_wconf 90' lang='lat' dir='ltr'><strong>et</strong></span> <span class='ocrx_word' id='word_1_633' title='bbox 2471 1789 2738 1858; x_wconf 84' lang='lat' dir='ltr'><strong>principes</strong></span> <span class='ocrx_word' id='word_1_634' title='bbox 2784 1790 3045 1857; x_wconf 88' lang='lat' dir='ltr'><strong>subditis,</strong></span> <span class='ocrx_word' id='word_1_635' title='bbox 3096 1802 3149 1848; x_wconf 91' lang='lat' dir='ltr'><strong>et</strong></span> <span class='ocrx_word' id='word_1_636' title='bbox 3192 1794 3298 1850; x_wconf 81' lang='lat' dir='ltr'><strong>dux</strong></span> <span class='ocrx_word' id='word_1_637' title='bbox 3341 1800 3500 1853; x_wconf 84' lang='lat' dir='ltr'><strong>obsc-</strong></span> 
     </span>
    </p>
   </div>
   <div class='ocr_carea' id='block_1_80' title="bbox 1914 1879 3494 1956">
    <p class='ocr_par' dir='ltr' id='par_1_80' title="bbox 1914 1879 3494 1956">
     <span class='ocr_line' id='line_1_80' title="bbox 1914 1879 3494 1956; baseline 0.008 -23"><span class='ocrx_word' id='word_1_638' title='bbox 1914 1879 2203 1950; x_wconf 91' lang='lat' dir='ltr'><strong>queutibus</strong></span> <span class='ocrx_word' id='word_1_639' title='bbox 2235 1899 2249 1934; x_wconf 87' lang='lat'><strong>:</strong></span> <span class='ocrx_word' id='word_1_640' title='bbox 2283 1882 2553 1951; x_wconf 84' lang='lat' dir='ltr'><strong>principes</strong></span> <span class='ocrx_word' id='word_1_641' title='bbox 2583 1898 2813 1951; x_wconf 87' lang='lat' dir='ltr'><strong>namque</strong></span> <span class='ocrx_word' id='word_1_642' title='bbox 2843 1883 3134 1939; x_wconf 90' lang='lat' dir='ltr'><strong>multorum</strong></span> <span class='ocrx_word' id='word_1_643' title='bbox 3161 1888 3327 1956; x_wconf 80' lang='lat' dir='ltr'><strong>gratia</strong></span> <span class='ocrx_word' id='word_1_644' title='bbox 3351 1903 3494 1946; x_wconf 91' lang='lat' dir='ltr'><strong>sunt.</strong></span> 
     </span>
    </p>
   </div>
   <div class='ocr_carea' id='block_1_81' title="bbox 1914 1970 3499 2044">
    <p class='ocr_par' dir='ltr' id='par_1_81' title="bbox 1914 1970 3499 2044">
     <span class='ocr_line' id='line_1_81' title="bbox 1914 1970 3499 2044; baseline 0.006 -19"><span class='ocrx_word' id='word_1_645' title='bbox 1914 1971 2081 2025; x_wconf 89' lang='lat' dir='ltr'><strong>Nemo</strong></span> <span class='ocrx_word' id='word_1_646' title='bbox 2112 1972 2253 2025; x_wconf 90' lang='lat' dir='ltr'><strong>enim</strong></span> <span class='ocrx_word' id='word_1_647' title='bbox 2280 1970 2477 2025; x_wconf 83' lang='lat' dir='ltr'><strong>sufﬁcit</strong></span> <span class='ocrx_word' id='word_1_648' title='bbox 2504 1987 2598 2040; x_wconf 89' lang='lat' dir='ltr'><strong>per</strong></span> <span class='ocrx_word' id='word_1_649' title='bbox 2623 1972 2855 2039; x_wconf 87' lang='lat' dir='ltr'><strong>seipsum</strong></span> <span class='ocrx_word' id='word_1_650' title='bbox 2885 1974 3079 2043; x_wconf 86' lang='lat' dir='ltr'><strong>aliquid</strong></span> <span class='ocrx_word' id='word_1_651' title='bbox 3105 1980 3315 2043; x_wconf 88' lang='lat' dir='ltr'><strong>operari</strong></span> <span class='ocrx_word' id='word_1_652' title='bbox 3340 2022 3354 2044; x_wconf 94' lang='lat'><strong>,</strong></span> <span class='ocrx_word' id='word_1_653' title='bbox 3386 1982 3499 2035; x_wconf 82' lang='lat' dir='ltr'><strong>sive</strong></span> 
     </span>
    </p>
   </div>
   <div class='ocr_carea' id='block_1_82' title="bbox 1913 2068 3493 2142">
    <p class='ocr_par' dir='ltr' id='par_1_82' title="bbox 1913 2068 3493 2142">
     <span class='ocr_line' id='line_1_82' title="bbox 1913 2068 3493 2142; baseline 0.002 -20"><span class='ocrx_word' id='word_1_654' title='bbox 1913 2068 2162 2122; x_wconf 88' lang='lat' dir='ltr'><strong>ordinare</strong></span> <span class='ocrx_word' id='word_1_655' title='bbox 2188 2078 2469 2137; x_wconf 90' lang='lat' dir='ltr'><strong>oporteat,</strong></span> <span class='ocrx_word' id='word_1_656' title='bbox 2503 2069 2615 2123; x_wconf 90' lang='lat' dir='ltr'><strong>sive</strong></span> <span class='ocrx_word' id='word_1_657' title='bbox 2644 2069 2865 2123; x_wconf 82' lang='lat' dir='ltr'><strong>coasilia</strong></span> <span class='ocrx_word' id='word_1_658' title='bbox 2897 2080 2951 2124; x_wconf 91' lang='lat' dir='ltr'><strong>et</strong></span> <span class='ocrx_word' id='word_1_659' title='bbox 2975 2072 3270 2126; x_wconf 87' lang='lat' dir='ltr'><strong>sententias</strong></span> <span class='ocrx_word' id='word_1_660' title='bbox 3306 2073 3493 2142; x_wconf 81' lang='lat' dir='ltr'><strong>explo-</strong></span> 
     </span>
    </p>
   </div>
   <div class='ocr_carea' id='block_1_83' title="bbox 1914 2156 3498 2221">
    <p class='ocr_par' dir='ltr' id='par_1_83' title="bbox 1914 2156 3498 2221">
     <span class='ocr_line' id='line_1_83' title="bbox 1914 2156 3498 2221; baseline 0.003 -10"><span class='ocrx_word' id='word_1_661' title='bbox 1914 2175 2032 2213; x_wconf 89' lang='lat' dir='ltr'><strong>rare</strong></span> <span class='ocrx_word' id='word_1_662' title='bbox 2056 2199 2071 2221; x_wconf 90' lang='lat'><strong>,</strong></span> <span class='ocrx_word' id='word_1_663' title='bbox 2114 2160 2207 2214; x_wconf 90' lang='lat' dir='ltr'><strong>sed</strong></span> <span class='ocrx_word' id='word_1_664' title='bbox 2255 2156 2627 2215; x_wconf 74' lang='lat' dir='ltr'><strong>honoratiores</strong></span> <span class='ocrx_word' id='word_1_665' title='bbox 2675 2161 2744 2213; x_wconf 87' lang='lat' dir='ltr'><strong>illi</strong></span> <span class='ocrx_word' id='word_1_666' title='bbox 2787 2172 2910 2215; x_wconf 85' lang='lat' dir='ltr'><strong>sunt</strong></span> <span class='ocrx_word' id='word_1_667' title='bbox 2938 2177 2966 2215; x_wconf 88' lang='lat' dir='ltr'><strong>a</strong></span> <span class='ocrx_word' id='word_1_668' title='bbox 2997 2174 3137 2217; x_wconf 77' lang='lat' dir='ltr'><strong>etetu</strong></span> <span class='ocrx_word' id='word_1_669' title='bbox 3173 2173 3227 2217; x_wconf 90' lang='lat' dir='ltr'><strong>et</strong></span> <span class='ocrx_word' id='word_1_670' title='bbox 3257 2165 3498 2219; x_wconf 84' lang='lat' dir='ltr'><strong>multitu-</strong></span> 
     </span>
    </p>
   </div>
   <div class='ocr_carea' id='block_1_84' title="bbox 1912 2249 3494 2321">
    <p class='ocr_par' dir='ltr' id='par_1_84' title="bbox 1912 2249 3494 2321">
     <span class='ocr_line' id='line_1_84' title="bbox 1912 2249 3494 2321; baseline 0.003 -18"><span class='ocrx_word' id='word_1_671' title='bbox 1912 2250 2059 2303; x_wconf 87' lang='lat' dir='ltr'><strong>dine.</strong></span> <span class='ocrx_word' id='word_1_672' title='bbox 2086 2249 2326 2319; x_wconf 81' lang='lat' dir='ltr'><strong>Exempli</strong></span> <span class='ocrx_word' id='word_1_673' title='bbox 2353 2251 2542 2319; x_wconf 74' lang='lat' dir='ltr'><strong>gratia,</strong></span> <span class='ocrx_word' id='word_1_674' title='bbox 2574 2266 2836 2321; x_wconf 61' lang='lat' dir='ltr'><strong>pauperes</strong></span> <span class='ocrx_word' id='word_1_675' title='bbox 2864 2250 3111 2305; x_wconf 86' lang='lat' dir='ltr'><strong>dantibus</strong></span> <span class='ocrx_word' id='word_1_676' title='bbox 3139 2263 3294 2321; x_wconf 79' lang='lat' dir='ltr'><strong>egent</strong></span> <span class='ocrx_word' id='word_1_677' title='bbox 3318 2294 3332 2317; x_wconf 87' lang='lat'><strong>,</strong></span> <span class='ocrx_word' id='word_1_678' title='bbox 3360 2254 3494 2308; x_wconf 84' lang='lat' dir='ltr'><strong>dan-</strong></span> 
     </span>
    </p>
   </div>
   <div class='ocr_carea' id='block_1_85' title="bbox 1915 2340 3491 2416">
    <p class='ocr_par' dir='ltr' id='par_1_85' title="bbox 1915 2340 3491 2416">
     <span class='ocr_line' id='line_1_85' title="bbox 1915 2340 3491 2416; baseline 0.003 -21"><span class='ocrx_word' id='word_1_679' title='bbox 1915 2351 1993 2395; x_wconf 88' lang='lat' dir='ltr'><strong>tes</strong></span> <span class='ocrx_word' id='word_1_680' title='bbox 2039 2341 2439 2410; x_wconf 88' lang='lat' dir='ltr'><strong>accipientibus.</strong></span> <span class='ocrx_word' id='word_1_681' title='bbox 2499 2340 2593 2395; x_wconf 83' lang='lat' dir='ltr'><strong>Vos</strong></span> <span class='ocrx_word' id='word_1_682' title='bbox 2631 2352 2800 2395; x_wconf 87' lang='lat' dir='ltr'><strong>mutuo</strong></span> <span class='ocrx_word' id='word_1_683' title='bbox 2845 2344 3249 2411; x_wconf 80' lang='lat' dir='ltr'><strong>considerantes,</strong></span> <span class='ocrx_word' id='word_1_684' title='bbox 3301 2347 3491 2416; x_wconf 87' lang='lat' dir='ltr'><strong>inquit,</strong></span> 
     </span>
    </p>
   </div>
   <div class='ocr_carea' id='block_1_86' title="bbox 1912 2432 3494 2504">
    <p class='ocr_par' dir='ltr' id='par_1_86' title="bbox 1912 2432 3494 2504">
     <span class='ocr_line' id='line_1_86' title="bbox 1912 2432 3494 2504; baseline 0.006 -21"><span class='ocrx_word' id='word_1_685' title='bbox 1912 2432 1980 2484; x_wconf 86' lang='lat' dir='ltr'><strong>ad</strong></span> <span class='ocrx_word' id='word_1_686' title='bbox 2008 2432 2353 2485; x_wconf 86' lang='lat' dir='ltr'><strong>incitationem</strong></span> <span class='ocrx_word' id='word_1_687' title='bbox 2372 2433 2599 2486; x_wconf 84' lang='lat' dir='ltr'><strong>caritatis</strong></span> <span class='ocrx_word' id='word_1_688' title='bbox 2629 2443 2675 2487; x_wconf 89' lang='lat' dir='ltr'><strong>et</strong></span> <span class='ocrx_word' id='word_1_689' title='bbox 2702 2434 2946 2487; x_wconf 85' lang='lat' dir='ltr'><strong>bonorum</strong></span> <span class='ocrx_word' id='word_1_690' title='bbox 2967 2452 3173 2504; x_wconf 79' lang='lat' dir='ltr'><strong>operum</strong></span> <span class='ocrx_word' id='word_1_691' title='bbox 3199 2436 3381 2503; x_wconf 81' lang='lat' dir='ltr'><strong>(Hebr.</strong></span> <span class='ocrx_word' id='word_1_692' title='bbox 3409 2439 3494 2493; x_wconf 83' lang='lat' dir='ltr'><strong>I0.</strong></span> 
     </span>
    </p>
   </div>
   <div class='ocr_carea' id='block_1_87' title="bbox 1911 2521 3499 2596">
    <p class='ocr_par' dir='ltr' id='par_1_87' title="bbox 1911 2521 3499 2596">
     <span class='ocr_line' id='line_1_87' title="bbox 1911 2521 3499 2596; baseline 0.006 -21"><span class='ocrx_word' id='word_1_693' title='bbox 1911 2521 2040 2591; x_wconf 65' lang='lat'><strong>24).</strong></span> <span class='ocrx_word' id='word_1_694' title='bbox 2079 2521 2202 2577; x_wconf 90' lang='lat' dir='ltr'><strong>Ideo</strong></span> <span class='ocrx_word' id='word_1_695' title='bbox 2233 2524 2381 2591; x_wconf 89' lang='lat' dir='ltr'><strong>plura</strong></span> <span class='ocrx_word' id='word_1_696' title='bbox 2412 2532 2590 2591; x_wconf 88' lang='lat' dir='ltr'><strong>potest</strong></span> <span class='ocrx_word' id='word_1_697' title='bbox 2620 2524 2874 2577; x_wconf 78' lang='lat' dir='ltr'><strong>Ecclesia:</strong></span> <span class='ocrx_word' id='word_1_698' title='bbox 2900 2535 3109 2591; x_wconf 73' lang='lat' dir='ltr'><strong>emtas;</strong></span> <span class='ocrx_word' id='word_1_699' title='bbox 3139 2529 3358 2596; x_wconf 90' lang='lat' dir='ltr'><strong>etquod</strong></span> <span class='ocrx_word' id='word_1_700' title='bbox 3389 2530 3499 2584; x_wconf 82' lang='lat' dir='ltr'><strong>sin-</strong></span> 
     </span>
    </p>
   </div>
   <div class='ocr_carea' id='block_1_88' title="bbox 1911 2615 3495 2691">
    <p class='ocr_par' dir='ltr' id='par_1_88' title="bbox 1911 2615 3495 2691">
     <span class='ocr_line' id='line_1_88' title="bbox 1911 2615 3495 2691; baseline 0.008 -28"><span class='ocrx_word' id='word_1_701' title='bbox 1911 2615 2015 2681; x_wconf 80' lang='lat' dir='ltr'><strong>guli</strong></span> <span class='ocrx_word' id='word_1_702' title='bbox 2047 2630 2140 2683; x_wconf 83' lang='lat' dir='ltr'><strong>per</strong></span> <span class='ocrx_word' id='word_1_703' title='bbox 2173 2631 2363 2669; x_wconf 90' lang='lat' dir='ltr'><strong>senon</strong></span> <span class='ocrx_word' id='word_1_704' title='bbox 2402 2624 2662 2684; x_wconf 90' lang='lat' dir='ltr'><strong>possunt,</strong></span> <span class='ocrx_word' id='word_1_705' title='bbox 2715 2631 2835 2669; x_wconf 88' lang='lat' dir='ltr'><strong>cum</strong></span> <span class='ocrx_word' id='word_1_706' title='bbox 2881 2617 3005 2671; x_wconf 90' lang='lat' dir='ltr'><strong>aliis</strong></span> <span class='ocrx_word' id='word_1_707' title='bbox 3045 2618 3213 2687; x_wconf 88' lang='lat' dir='ltr'><strong>juncti</strong></span> <span class='ocrx_word' id='word_1_708' title='bbox 3253 2632 3495 2691; x_wconf 85' lang='lat' dir='ltr'><strong>possunt.</strong></span> 
     </span>
    </p>
   </div>
   <div class='ocr_carea' id='block_1_89' title="bbox 1890 2705 3493 2780">
    <p class='ocr_par' dir='ltr' id='par_1_89' title="bbox 1890 2705 3493 2780">
     <span class='ocr_line' id='line_1_89' title="bbox 1890 2705 3493 2780; baseline 0.006 -21"><span class='ocrx_word' id='word_1_709' title='bbox 1890 2706 2036 2763; x_wconf 83' lang='lat' dir='ltr'><strong>Ideo</strong></span> <span class='ocrx_word' id='word_1_710' title='bbox 2063 2705 2152 2759; x_wconf 90' lang='lat' dir='ltr'><strong>hic</strong></span> <span class='ocrx_word' id='word_1_711' title='bbox 2172 2708 2402 2760; x_wconf 79' lang='lat' dir='ltr'><strong>maxime</strong></span> <span class='ocrx_word' id='word_1_712' title='bbox 2426 2708 2743 2761; x_wconf 71' lang='lat' dir='ltr'><strong>necessaria:</strong></span> <span class='ocrx_word' id='word_1_713' title='bbox 2775 2717 2899 2761; x_wconf 90' lang='lat' dir='ltr'><strong>sunt</strong></span> <span class='ocrx_word' id='word_1_714' title='bbox 2942 2724 3130 2778; x_wconf 90' lang='lat' dir='ltr'><strong>preces</strong></span> <span class='ocrx_word' id='word_1_715' title='bbox 3181 2726 3277 2779; x_wconf 87' lang='lat' dir='ltr'><strong>pro</strong></span> <span class='ocrx_word' id='word_1_716' title='bbox 3322 2714 3454 2768; x_wconf 89' lang='lat' dir='ltr'><strong>orbe</strong></span> <span class='ocrx_word' id='word_1_717' title='bbox 3479 2756 3493 2780; x_wconf 92' lang='lat'><strong>,</strong></span> 
     </span>
    </p>
   </div>
   <div class='ocr_carea' id='block_1_90' title="bbox 1914 2795 3498 2873">
    <p class='ocr_par' dir='ltr' id='par_1_90' title="bbox 1914 2795 3498 2873">
     <span class='ocr_line' id='line_1_90' title="bbox 1914 2795 3498 2873; baseline 0.008 -26"><span class='ocrx_word' id='word_1_718' title='bbox 1914 2810 2008 2863; x_wconf 87' lang='lat' dir='ltr'><strong>pro</strong></span> <span class='ocrx_word' id='word_1_719' title='bbox 2035 2795 2271 2849; x_wconf 87' lang='lat' dir='ltr'><strong>Ecclesia</strong></span> <span class='ocrx_word' id='word_1_720' title='bbox 2302 2812 2420 2865; x_wconf 74' lang='lat' dir='ltr'><strong>qua:</strong></span> <span class='ocrx_word' id='word_1_721' title='bbox 2448 2797 2499 2849; x_wconf 92' lang='lat' dir='ltr'><strong>in</strong></span> <span class='ocrx_word' id='word_1_722' title='bbox 2529 2797 2723 2850; x_wconf 82' lang='lat' dir='ltr'><strong>ﬁnibus</strong></span> <span class='ocrx_word' id='word_1_723' title='bbox 2753 2808 2838 2851; x_wconf 88' lang='lat' dir='ltr'><strong>est</strong></span> <span class='ocrx_word' id='word_1_724' title='bbox 2861 2841 2875 2865; x_wconf 94' lang='lat'><strong>,</strong></span> <span class='ocrx_word' id='word_1_725' title='bbox 2928 2815 3022 2868; x_wconf 86' lang='lat' dir='ltr'><strong>pro</strong></span> <span class='ocrx_word' id='word_1_726' title='bbox 3074 2817 3201 2870; x_wconf 89' lang='lat' dir='ltr'><strong>pace</strong></span> <span class='ocrx_word' id='word_1_727' title='bbox 3228 2844 3243 2868; x_wconf 91' lang='lat'><strong>,</strong></span> <span class='ocrx_word' id='word_1_728' title='bbox 3294 2820 3391 2873; x_wconf 87' lang='lat' dir='ltr'><strong>pro</strong></span> <span class='ocrx_word' id='word_1_729' title='bbox 3434 2807 3498 2860; x_wconf 83' lang='lat' dir='ltr'><strong>iis</strong></span> 
     </span>
    </p>
   </div>
   <div class='ocr_carea' id='block_1_91' title="bbox 1911 2885 3495 2959">
    <p class='ocr_par' dir='ltr' id='par_1_91' title="bbox 1911 2885 3495 2959">
     <span class='ocr_line' id='line_1_91' title="bbox 1911 2885 3495 2959; baseline 0.008 -22"><span class='ocrx_word' id='word_1_730' title='bbox 1911 2886 1998 2953; x_wconf 92' lang='lat' dir='ltr'><strong>qui</strong></span> <span class='ocrx_word' id='word_1_731' title='bbox 2040 2886 2241 2939; x_wconf 91' lang='lat' dir='ltr'><strong>suntin</strong></span> <span class='ocrx_word' id='word_1_732' title='bbox 2266 2885 2589 2939; x_wconf 87' lang='lat' dir='ltr'><strong>calamitate.</strong></span> <span class='ocrx_word' id='word_1_733' title='bbox 2624 2886 2686 2940; x_wconf 80' lang='lat' dir='ltr'><strong>Et</strong></span> <span class='ocrx_word' id='word_1_734' title='bbox 2736 2886 2837 2940; x_wconf 88' lang='lat' dir='ltr'><strong>hoc</strong></span> <span class='ocrx_word' id='word_1_735' title='bbox 2887 2890 3079 2942; x_wconf 84' lang='lat' dir='ltr'><strong>Paulus</strong></span> <span class='ocrx_word' id='word_1_736' title='bbox 3127 2892 3362 2959; x_wconf 88' lang='lat' dir='ltr'><strong>indicat,</strong></span> <span class='ocrx_word' id='word_1_737' title='bbox 3410 2896 3495 2949; x_wconf 91' lang='lat' dir='ltr'><strong>di-</strong></span> 
     </span>
    </p>
   </div>
   <div class='ocr_carea' id='block_1_92' title="bbox 1911 2976 3497 3055">
    <p class='ocr_par' dir='ltr' id='par_1_92' title="bbox 1911 2976 3497 3055">
     <span class='ocr_line' id='line_1_92' title="bbox 1911 2976 3497 3055; baseline 0.006 -25"><span class='ocrx_word' id='word_1_738' title='bbox 1911 2991 2040 3030; x_wconf 87' lang='lat' dir='ltr'><strong>cens</strong></span> <span class='ocrx_word' id='word_1_739' title='bbox 2072 2995 2084 3029; x_wconf 90' lang='lat'><strong>:</strong></span> <span class='ocrx_word' id='word_1_740' title='bbox 2125 2976 2189 3029; x_wconf 83' lang='lat' dir='ltr'><strong>Ut</strong></span> <span class='ocrx_word' id='word_1_741' title='bbox 2222 2978 2367 3047; x_wconf 85' lang='lat' dir='ltr'><strong>ejus,</strong></span> <span class='ocrx_word' id='word_1_742' title='bbox 2396 2993 2510 3047; x_wconf 79' lang='lat' dir='ltr'><strong>qua:</strong></span> <span class='ocrx_word' id='word_1_743' title='bbox 2537 2978 2590 3031; x_wconf 90' lang='lat' dir='ltr'><strong>in</strong></span> <span class='ocrx_word' id='word_1_744' title='bbox 2618 2978 2758 3031; x_wconf 88' lang='lat' dir='ltr'><strong>nobis</strong></span> <span class='ocrx_word' id='word_1_745' title='bbox 2789 2990 2894 3043; x_wconf 89' lang='lat' dir='ltr'><strong>est,</strong></span> <span class='ocrx_word' id='word_1_746' title='bbox 2947 2982 3234 3036; x_wconf 85' lang='lat' dir='ltr'><strong>donationis</strong></span> <span class='ocrx_word' id='word_1_747' title='bbox 3284 2986 3336 3038; x_wconf 87' lang='lat' dir='ltr'><strong>in</strong></span> <span class='ocrx_word' id='word_1_748' title='bbox 3381 3004 3497 3055; x_wconf 83' lang='lat' dir='ltr'><strong>per-</strong></span> 
     </span>
    </p>
   </div>
   <div class='ocr_carea' id='block_1_93' title="bbox 1911 3067 3492 3147">
    <p class='ocr_par' dir='ltr' id='par_1_93' title="bbox 1911 3067 3492 3147">
     <span class='ocr_line' id='line_1_93' title="bbox 1911 3067 3492 3147; baseline 0.008 -28"><span class='ocrx_word' id='word_1_749' title='bbox 1911 3069 2047 3120; x_wconf 89' lang='lat' dir='ltr'><strong>sonis</strong></span> <span class='ocrx_word' id='word_1_750' title='bbox 2073 3067 2243 3119; x_wconf 87' lang='lat' dir='ltr'><strong>multis</strong></span> <span class='ocrx_word' id='word_1_751' title='bbox 2275 3084 2362 3135; x_wconf 88' lang='lat' dir='ltr'><strong>per</strong></span> <span class='ocrx_word' id='word_1_752' title='bbox 2390 3068 2577 3120; x_wconf 89' lang='lat' dir='ltr'><strong>multos</strong></span> <span class='ocrx_word' id='word_1_753' title='bbox 2605 3069 2784 3137; x_wconf 69' lang='lat' dir='ltr'><strong>gratias</strong></span> <span class='ocrx_word' id='word_1_754' title='bbox 2811 3078 3029 3138; x_wconf 89' lang='lat' dir='ltr'><strong>agantur</strong></span> <span class='ocrx_word' id='word_1_755' title='bbox 3076 3088 3167 3140; x_wconf 86' lang='lat' dir='ltr'><strong>pro</strong></span> <span class='ocrx_word' id='word_1_756' title='bbox 3216 3074 3359 3129; x_wconf 87' lang='lat' dir='ltr'><strong>nobis</strong></span> <span class='ocrx_word' id='word_1_757' title='bbox 3402 3077 3492 3147; x_wconf 93' lang='lat'><strong>(2.</strong></span> 
     </span>
    </p>
   </div>
   <div class='ocr_carea' id='block_1_94' title="bbox 1912 3157 3496 3229">
    <p class='ocr_par' dir='ltr' id='par_1_94' title="bbox 1912 3157 3496 3229">
     <span class='ocr_line' id='line_1_94' title="bbox 1912 3157 3496 3229; baseline 0.006 -16"><span class='ocrx_word' id='word_1_758' title='bbox 1912 3157 2030 3213; x_wconf 87' lang='lat' dir='ltr'><strong>Cor.</strong></span> <span class='ocrx_word' id='word_1_759' title='bbox 2066 3159 2117 3213; x_wconf 87' lang='grc'><strong>1.</strong></span> <span class='ocrx_word' id='word_1_760' title='bbox 2150 3159 2211 3213; x_wconf 90' lang='grc'><strong>11</strong></span> <span class='ocrx_word' id='word_1_761' title='bbox 2238 3159 2280 3228; x_wconf 93' lang='grc'><strong>).</strong></span> <span class='ocrx_word' id='word_1_762' title='bbox 2317 3158 2426 3212; x_wconf 92' lang='lat' dir='ltr'><strong>Iloc</strong></span> <span class='ocrx_word' id='word_1_763' title='bbox 2455 3167 2554 3223; x_wconf 87' lang='lat' dir='ltr'><strong>est,</strong></span> <span class='ocrx_word' id='word_1_764' title='bbox 2588 3169 2643 3211; x_wconf 94' lang='lat' dir='ltr'><strong>ut</strong></span> <span class='ocrx_word' id='word_1_765' title='bbox 2674 3160 2855 3212; x_wconf 85' lang='lat' dir='ltr'><strong>multis</strong></span> <span class='ocrx_word' id='word_1_766' title='bbox 2883 3162 3049 3229; x_wconf 79' lang='lat' dir='ltr'><strong>gratia</strong></span> <span class='ocrx_word' id='word_1_767' title='bbox 3077 3165 3400 3220; x_wconf 77' lang='lat' dir='ltr'><strong>conferatur.</strong></span> <span class='ocrx_word' id='word_1_768' title='bbox 3421 3171 3496 3224; x_wconf 86' lang='lat' dir='ltr'><strong>Ac</strong></span> 
     </span>
    </p>
   </div>
   <div class='ocr_carea' id='block_1_95' title="bbox 1912 3251 3492 3322">
    <p class='ocr_par' dir='ltr' id='par_1_95' title="bbox 1912 3251 3492 3322">
     <span class='ocr_line' id='line_1_95' title="bbox 1912 3251 3492 3322; baseline 0.005 -18"><span class='ocrx_word' id='word_1_769' title='bbox 1912 3266 2054 3320; x_wconf 60' lang='lat' dir='ltr'><strong>saepe</strong></span> <span class='ocrx_word' id='word_1_770' title='bbox 2085 3251 2293 3305; x_wconf 89' lang='lat' dir='ltr'><strong>illorum</strong></span> <span class='ocrx_word' id='word_1_771' title='bbox 2326 3266 2511 3320; x_wconf 79' lang='lat' dir='ltr'><strong>preces</strong></span> <span class='ocrx_word' id='word_1_772' title='bbox 2542 3252 2783 3321; x_wconf 89' lang='lat' dir='ltr'><strong>requirit.</strong></span> <span class='ocrx_word' id='word_1_773' title='bbox 2819 3252 2949 3307; x_wconf 85' lang='lat' dir='ltr'><strong>Vide</strong></span> <span class='ocrx_word' id='word_1_774' title='bbox 2990 3255 3115 3322; x_wconf 68' lang='lat' dir='ltr'><strong>quid</strong></span> <span class='ocrx_word' id='word_1_775' title='bbox 3159 3256 3301 3311; x_wconf 78' lang='lat' dir='ltr'><strong>dicat</strong></span> <span class='ocrx_word' id='word_1_776' title='bbox 3351 3259 3492 3314; x_wconf 89' lang='lat' dir='ltr'><strong>Deus</strong></span> 
     </span>
    </p>
   </div>
   <div class='ocr_carea' id='block_1_96' title="bbox 1912 3342 3495 3421">
    <p class='ocr_par' dir='ltr' id='par_1_96' title="bbox 1912 3342 3495 3421">
     <span class='ocr_line' id='line_1_96' title="bbox 1912 3342 3495 3421; baseline 0.006 -25"><span class='ocrx_word' id='word_1_777' title='bbox 1912 3353 1965 3397; x_wconf 88' lang='lat' dir='ltr'><strong>et</strong></span> <span class='ocrx_word' id='word_1_778' title='bbox 1995 3343 2240 3397; x_wconf 83' lang='lat' dir='ltr'><strong>Ninivitis</strong></span> <span class='ocrx_word' id='word_1_779' title='bbox 2272 3361 2283 3396; x_wconf 92' lang='lat'>:</span> <span class='ocrx_word' id='word_1_780' title='bbox 2327 3342 2435 3412; x_wconf 83' lang='lat' dir='ltr'><strong>Ego</strong></span> <span class='ocrx_word' id='word_1_781' title='bbox 2457 3359 2573 3395; x_wconf 70' lang='lat' dir='ltr'><strong>vero</strong></span> <span class='ocrx_word' id='word_1_782' title='bbox 2601 3360 2700 3396; x_wconf 92' lang='lat' dir='ltr'><strong>non</strong></span> <span class='ocrx_word' id='word_1_783' title='bbox 2730 3361 2934 3412; x_wconf 77' lang='lat' dir='ltr'><strong>parcam</strong></span> <span class='ocrx_word' id='word_1_784' title='bbox 2965 3345 3091 3409; x_wconf 85' lang='lat' dir='ltr'><strong>urbi,</strong></span> <span class='ocrx_word' id='word_1_785' title='bbox 3127 3348 3211 3399; x_wconf 87' lang='lat' dir='ltr'><strong>ubi</strong></span> <span class='ocrx_word' id='word_1_786' title='bbox 3239 3359 3354 3402; x_wconf 87' lang='lat' dir='ltr'><strong>sunt</strong></span> <span class='ocrx_word' id='word_1_787' title='bbox 3382 3353 3495 3421; x_wconf 84' lang='lat' dir='ltr'><strong>plus</strong></span> 
     </span>
    </p>
   </div>
   <div class='ocr_carea' id='block_1_97' title="bbox 1912 3432 3502 3507">
    <p class='ocr_par' dir='ltr' id='par_1_97' title="bbox 1912 3432 3502 3507">
     <span class='ocr_line' id='line_1_97' title="bbox 1912 3432 3502 3507; baseline 0.008 -23"><span class='ocrx_word' id='word_1_788' title='bbox 1912 3450 2061 3502; x_wconf 83' lang='lat' dir='ltr'><strong>quant</strong></span> <span class='ocrx_word' id='word_1_789' title='bbox 2087 3443 2287 3498; x_wconf 86' lang='lat' dir='ltr'><strong>centum</strong></span> <span class='ocrx_word' id='word_1_790' title='bbox 2312 3434 2487 3504; x_wconf 80' lang='lat' dir='ltr'><strong>viginti</strong></span> <span class='ocrx_word' id='word_1_791' title='bbox 2514 3432 2675 3486; x_wconf 84' lang='lat' dir='ltr'><strong>millia</strong></span> <span class='ocrx_word' id='word_1_792' title='bbox 2706 3432 2864 3505; x_wconf 83' lang='lat' dir='ltr'><strong>(Jan.</strong></span> <span class='ocrx_word' id='word_1_793' title='bbox 2901 3436 2952 3488; x_wconf 73' lang='grc'><strong>4.</strong></span> <span class='ocrx_word' id='word_1_794' title='bbox 2988 3437 3046 3490; x_wconf 80' lang='lat' dir='ltr'><strong>II</strong></span> <span class='ocrx_word' id='word_1_795' title='bbox 3074 3437 3134 3507; x_wconf 87' lang='lat'><strong>)?</strong></span> <span class='ocrx_word' id='word_1_796' title='bbox 3170 3438 3268 3492; x_wconf 88' lang='lat' dir='ltr'><strong>Ubi</strong></span> <span class='ocrx_word' id='word_1_797' title='bbox 3297 3441 3396 3494; x_wconf 88' lang='lat' dir='ltr'><strong>duo</strong></span> <span class='ocrx_word' id='word_1_798' title='bbox 3420 3444 3502 3497; x_wconf 75' lang='lat' dir='ltr'><strong>vel</strong></span> 
     </span>
    </p>
   </div>
   <div class='ocr_carea' id='block_1_98' title="bbox 1912 3526 3496 3595">
    <p class='ocr_par' dir='ltr' id='par_1_98' title="bbox 1912 3526 3496 3595">
     <span class='ocr_line' id='line_1_98' title="bbox 1912 3526 3496 3595; baseline 0.005 -18"><span class='ocrx_word' id='word_1_799' title='bbox 1912 3534 2039 3589; x_wconf 88' lang='lat' dir='ltr'><strong>trcs,</strong></span> <span class='ocrx_word' id='word_1_800' title='bbox 2072 3526 2277 3594; x_wconf 91' lang='lat' dir='ltr'><strong>inquit,</strong></span> <span class='ocrx_word' id='word_1_801' title='bbox 2306 3526 2595 3595; x_wconf 70' lang='lat' dir='ltr'><strong>congregati</strong></span> <span class='ocrx_word' id='word_1_802' title='bbox 2625 3526 2811 3593; x_wconf 78' lang='lat' dir='ltr'><strong>fuerint</strong></span> <span class='ocrx_word' id='word_1_803' title='bbox 2832 3527 2882 3578; x_wconf 87' lang='lat' dir='ltr'><strong>in</strong></span> <span class='ocrx_word' id='word_1_804' title='bbox 2911 3528 3111 3580; x_wconf 84' lang='lat' dir='ltr'><strong>nomine</strong></span> <span class='ocrx_word' id='word_1_805' title='bbox 3138 3546 3265 3595; x_wconf 88' lang='lat' dir='ltr'><strong>meo,</strong></span> <span class='ocrx_word' id='word_1_806' title='bbox 3298 3530 3365 3584; x_wconf 89' lang='lat' dir='ltr'><strong>ibi</strong></span> <span class='ocrx_word' id='word_1_807' title='bbox 3386 3550 3496 3586; x_wconf 88' lang='lat' dir='ltr'><strong>smn</strong></span> 
     </span>
    </p>
   </div>
   <div class='ocr_carea' id='block_1_99' title="bbox 1912 3615 3495 3687">
    <p class='ocr_par' dir='ltr' id='par_1_99' title="bbox 1912 3615 3495 3687">
     <span class='ocr_line' id='line_1_99' title="bbox 1912 3615 3495 3687; baseline 0.005 -19"><span class='ocrx_word' id='word_1_808' title='bbox 1912 3619 1964 3669; x_wconf 89' lang='lat' dir='ltr'><strong>in</strong></span> <span class='ocrx_word' id='word_1_809' title='bbox 1998 3617 2161 3670; x_wconf 86' lang='lat' dir='ltr'><strong>medio</strong></span> <span class='ocrx_word' id='word_1_810' title='bbox 2187 3632 2356 3669; x_wconf 86' lang='lat' dir='ltr'><strong>eorum</strong></span> <span class='ocrx_word' id='word_1_811' title='bbox 2387 3615 2620 3687; x_wconf 82' lang='lat' dir='ltr'><strong>(Matth.</strong></span> <span class='ocrx_word' id='word_1_812' title='bbox 2652 3617 2737 3670; x_wconf 80' lang='lat'><strong>18.</strong></span> <span class='ocrx_word' id='word_1_813' title='bbox 2770 3616 2898 3687; x_wconf 80' lang='lat'><strong>20).</strong></span> <span class='ocrx_word' id='word_1_814' title='bbox 2933 3617 2990 3672; x_wconf 88' lang='lat' dir='ltr'><strong>Si</strong></span> <span class='ocrx_word' id='word_1_815' title='bbox 3016 3628 3191 3673; x_wconf 89' lang='lat' dir='ltr'><strong>autem</strong></span> <span class='ocrx_word' id='word_1_816' title='bbox 3224 3620 3329 3675; x_wconf 93' lang='lat' dir='ltr'><strong>duo</strong></span> <span class='ocrx_word' id='word_1_817' title='bbox 3358 3624 3495 3676; x_wconf 90' lang='lat' dir='ltr'><strong>mul-</strong></span> 
     </span>
    </p>
   </div>
   <div class='ocr_carea' id='block_1_100' title="bbox 1916 3710 3494 3778">
    <p class='ocr_par' dir='ltr' id='par_1_100' title="bbox 1916 3710 3494 3778">
     <span class='ocr_line' id='line_1_100' title="bbox 1916 3710 3494 3778; baseline 0.004 -16"><span class='ocrx_word' id='word_1_818' title='bbox 1916 3717 2023 3762; x_wconf 91' lang='lat' dir='ltr'><strong>tum</strong></span> <span class='ocrx_word' id='word_1_819' title='bbox 2054 3717 2316 3778; x_wconf 89' lang='lat' dir='ltr'><strong>possunt,</strong></span> <span class='ocrx_word' id='word_1_820' title='bbox 2347 3718 2545 3776; x_wconf 89' lang='lat' dir='ltr'><strong>quanto</strong></span> <span class='ocrx_word' id='word_1_821' title='bbox 2582 3710 2749 3777; x_wconf 81' lang='lat' dir='ltr'><strong>magis</strong></span> <span class='ocrx_word' id='word_1_822' title='bbox 2795 3711 3006 3777; x_wconf 90' lang='lat' dir='ltr'><strong>plures?</strong></span> <span class='ocrx_word' id='word_1_823' title='bbox 3050 3710 3103 3765; x_wconf 89' lang='lat' dir='ltr'><strong>Si</strong></span> <span class='ocrx_word' id='word_1_824' title='bbox 3158 3728 3287 3768; x_wconf 88' lang='lat' dir='ltr'><strong>vero</strong></span> <span class='ocrx_word' id='word_1_825' title='bbox 3335 3716 3494 3768; x_wconf 89' lang='lat' dir='ltr'><strong>etiam</strong></span> 
     </span>
    </p>
   </div>
   <div class='ocr_carea' id='block_1_101' title="bbox 1915 3796 3496 3866">
    <p class='ocr_par' dir='ltr' id='par_1_101' title="bbox 1915 3796 3496 3866">
     <span class='ocr_line' id='line_1_101' title="bbox 1915 3796 3496 3866; baseline 0.003 -15"><span class='ocrx_word' id='word_1_826' title='bbox 1915 3813 2049 3851; x_wconf 92' lang='lat' dir='ltr'><strong>unus</strong></span> <span class='ocrx_word' id='word_1_827' title='bbox 2082 3796 2282 3866; x_wconf 88' lang='lat' dir='ltr'><strong>possit;</strong></span> <span class='ocrx_word' id='word_1_828' title='bbox 2327 3805 2381 3848; x_wconf 84' lang='lat' dir='ltr'><strong>at</strong></span> <span class='ocrx_word' id='word_1_829' title='bbox 2426 3811 2529 3849; x_wconf 92' lang='lat' dir='ltr'><strong>non</strong></span> <span class='ocrx_word' id='word_1_830' title='bbox 2578 3796 2875 3865; x_wconf 65' lang='lat' dir='ltr'><strong>aequaliter.</strong></span> <span class='ocrx_word' id='word_1_831' title='bbox 2918 3797 3024 3851; x_wconf 88' lang='lat' dir='ltr'><strong>Cur</strong></span> <span class='ocrx_word' id='word_1_832' title='bbox 3074 3816 3209 3854; x_wconf 92' lang='lat' dir='ltr'><strong>unus</strong></span> <span class='ocrx_word' id='word_1_833' title='bbox 3250 3804 3350 3856; x_wconf 90' lang='lat' dir='ltr'><strong>es?</strong></span> <span class='ocrx_word' id='word_1_834' title='bbox 3402 3818 3496 3857; x_wconf 91' lang='lat' dir='ltr'><strong>cur</strong></span> 
     </span>
    </p>
   </div>
   <div class='ocr_carea' id='block_1_102' title="bbox 1914 3885 3498 3949">
    <p class='ocr_par' dir='ltr' id='par_1_102' title="bbox 1914 3885 3498 3949">
     <span class='ocr_line' id='line_1_102' title="bbox 1914 3885 3498 3949; baseline 0.006 -8"><span class='ocrx_word' id='word_1_835' title='bbox 1914 3888 2109 3942; x_wconf 89' lang='lat' dir='ltr'><strong>multos</strong></span> <span class='ocrx_word' id='word_1_836' title='bbox 2138 3902 2246 3939; x_wconf 88' lang='lat' dir='ltr'><strong>non</strong></span> <span class='ocrx_word' id='word_1_837' title='bbox 2273 3885 2446 3939; x_wconf 90' lang='lat' dir='ltr'><strong>facis?</strong></span> <span class='ocrx_word' id='word_1_838' title='bbox 2474 3902 2570 3939; x_wconf 84' lang='lat' dir='ltr'><strong>cur</strong></span> <span class='ocrx_word' id='word_1_839' title='bbox 2595 3902 2700 3939; x_wconf 90' lang='lat' dir='ltr'><strong>non</strong></span> <span class='ocrx_word' id='word_1_840' title='bbox 2753 3903 2810 3940; x_wconf 91' lang='lat' dir='ltr'><strong>es</strong></span> <span class='ocrx_word' id='word_1_841' title='bbox 2851 3902 3038 3944; x_wconf 87' lang='lat' dir='ltr'><strong>anetor</strong></span> <span class='ocrx_word' id='word_1_842' title='bbox 3077 3894 3361 3947; x_wconf 85' lang='lat' dir='ltr'><strong>caritatis?</strong></span> <span class='ocrx_word' id='word_1_843' title='bbox 3402 3910 3498 3949; x_wconf 91' lang='lat' dir='ltr'><strong>cur</strong></span> 
     </span>
    </p>
   </div>
   <div class='ocr_carea' id='block_1_103' title="bbox 1914 3978 3494 4048">
    <p class='ocr_par' dir='ltr' id='par_1_103' title="bbox 1914 3978 3494 4048">
     <span class='ocr_line' id='line_1_103' title="bbox 1914 3978 3494 4048; baseline 0.003 -13"><span class='ocrx_word' id='word_1_844' title='bbox 1914 3997 2018 4037; x_wconf 92' lang='lat' dir='ltr'><strong>nou</strong></span> <span class='ocrx_word' id='word_1_845' title='bbox 2050 3979 2339 4033; x_wconf 90' lang='lat' dir='ltr'><strong>amicitiam</strong></span> <span class='ocrx_word' id='word_1_846' title='bbox 2371 3979 2570 4048; x_wconf 85' lang='lat' dir='ltr'><strong>paras?</strong></span> <span class='ocrx_word' id='word_1_847' title='bbox 2598 3978 2877 4032; x_wconf 82' lang='lat' dir='ltr'><strong>Maximam</strong></span> <span class='ocrx_word' id='word_1_848' title='bbox 2904 3982 3115 4034; x_wconf 84' lang='lat' dir='ltr'><strong>virtutis</strong></span> <span class='ocrx_word' id='word_1_849' title='bbox 3142 3983 3348 4038; x_wconf 89' lang='lat' dir='ltr'><strong>Iaudem</strong></span> <span class='ocrx_word' id='word_1_850' title='bbox 3389 4002 3494 4040; x_wconf 88' lang='lat' dir='ltr'><strong>non</strong></span> 
     </span>
    </p>
   </div>
   <div class='ocr_carea' id='block_1_104' title="bbox 1915 4067 3491 4142">
    <p class='ocr_par' dir='ltr' id='par_1_104' title="bbox 1915 4067 3491 4142">
     <span class='ocr_line' id='line_1_104' title="bbox 1915 4067 3491 4142; baseline 0.001 -16"><span class='ocrx_word' id='word_1_851' title='bbox 1915 4070 2103 4126; x_wconf 87' lang='lat' dir='ltr'><strong>habes.</strong></span> <span class='ocrx_word' id='word_1_852' title='bbox 2137 4067 2287 4125; x_wconf 90' lang='lat' dir='ltr'><strong>Sicut</strong></span> <span class='ocrx_word' id='word_1_853' title='bbox 2316 4068 2459 4123; x_wconf 90' lang='lat' dir='ltr'><strong>enim</strong></span> <span class='ocrx_word' id='word_1_854' title='bbox 2488 4081 2608 4121; x_wconf 93' lang='lat' dir='ltr'><strong>cum</strong></span> <span class='ocrx_word' id='word_1_855' title='bbox 2634 4082 2697 4122; x_wconf 84' lang='lat' dir='ltr'><strong>ex</strong></span> <span class='ocrx_word' id='word_1_856' title='bbox 2729 4078 2882 4137; x_wconf 89' lang='lat' dir='ltr'><strong>pacto</strong></span> <span class='ocrx_word' id='word_1_857' title='bbox 2909 4070 3033 4123; x_wconf 91' lang='lat' dir='ltr'><strong>mali</strong></span> <span class='ocrx_word' id='word_1_858' title='bbox 3077 4081 3201 4124; x_wconf 91' lang='lat' dir='ltr'><strong>sunt</strong></span> <span class='ocrx_word' id='word_1_859' title='bbox 3238 4073 3450 4142; x_wconf 86' lang='lat' dir='ltr'><strong>quidam</strong></span> <span class='ocrx_word' id='word_1_860' title='bbox 3477 4117 3491 4141; x_wconf 92' lang='lat'><strong>,</strong></span> 
     </span>
    </p>
   </div>
   <div class='ocr_carea' id='block_1_105' title="bbox 1915 4156 3495 4229">
    <p class='ocr_par' dir='ltr' id='par_1_105' title="bbox 1915 4156 3495 4229">
     <span class='ocr_line' id='line_1_105' title="bbox 1915 4156 3495 4229; baseline 0.004 -16"><span class='ocrx_word' id='word_1_861' title='bbox 1915 4157 2086 4229; x_wconf 79' lang='lat' dir='ltr'><strong>magis</strong></span> <span class='ocrx_word' id='word_1_862' title='bbox 2116 4158 2331 4213; x_wconf 89' lang='lat' dir='ltr'><strong>irritant</strong></span> <span class='ocrx_word' id='word_1_863' title='bbox 2376 4156 2583 4211; x_wconf 89' lang='lat' dir='ltr'><strong>Deum:</strong></span> <span class='ocrx_word' id='word_1_864' title='bbox 2618 4156 2696 4210; x_wconf 90' lang='lat' dir='ltr'><strong>sic</strong></span> <span class='ocrx_word' id='word_1_865' title='bbox 2740 4157 2790 4209; x_wconf 92' lang='lat' dir='ltr'><strong>in</strong></span> <span class='ocrx_word' id='word_1_866' title='bbox 2831 4159 3117 4213; x_wconf 86' lang='lat' dir='ltr'><strong>concordia</strong></span> <span class='ocrx_word' id='word_1_867' title='bbox 3160 4160 3330 4218; x_wconf 90' lang='lat' dir='ltr'><strong>bonos</strong></span> <span class='ocrx_word' id='word_1_868' title='bbox 3374 4178 3495 4219; x_wconf 88' lang='lat' dir='ltr'><strong>esse</strong></span> 
     </span>
    </p>
   </div>
   <div class='ocr_carea' id='block_1_106' title="bbox 1914 4248 3493 4321">
    <p class='ocr_par' dir='ltr' id='par_1_106' title="bbox 1914 4248 3493 4321">
     <span class='ocr_line' id='line_1_106' title="bbox 1914 4248 3493 4321; baseline 0.003 -16"><span class='ocrx_word' id='word_1_869' title='bbox 1914 4252 2082 4321; x_wconf 80' lang='lat' dir='ltr'><strong>magis</strong></span> <span class='ocrx_word' id='word_1_870' title='bbox 2113 4250 2369 4305; x_wconf 89' lang='lat' dir='ltr'><strong>oblectat.</strong></span> <span class='ocrx_word' id='word_1_871' title='bbox 2403 4248 2525 4303; x_wconf 88' lang='lat' dir='ltr'><strong>Non</strong></span> <span class='ocrx_word' id='word_1_872' title='bbox 2551 4250 2668 4313; x_wconf 74' lang='lat' dir='ltr'><strong>eris,</strong></span> <span class='ocrx_word' id='word_1_873' title='bbox 2702 4250 2900 4319; x_wconf 91' lang='lat' dir='ltr'><strong>inquit,</strong></span> <span class='ocrx_word' id='word_1_874' title='bbox 2934 4266 3047 4304; x_wconf 87' lang='lat' dir='ltr'><strong>cum</strong></span> <span class='ocrx_word' id='word_1_875' title='bbox 3082 4254 3251 4307; x_wconf 87' lang='lat' dir='ltr'><strong>multis</strong></span> <span class='ocrx_word' id='word_1_876' title='bbox 3290 4255 3341 4308; x_wconf 88' lang='lat' dir='ltr'><strong>in</strong></span> <span class='ocrx_word' id='word_1_877' title='bbox 3388 4273 3493 4311; x_wconf 85' lang='lat' dir='ltr'><strong>ma-</strong></span> 
     </span>
    </p>
   </div>
   <div class='ocr_carea' id='block_1_107' title="bbox 1916 4341 3493 4413">
    <p class='ocr_par' dir='ltr' id='par_1_107' title="bbox 1916 4341 3493 4413">
     <span class='ocr_line' id='line_1_107' title="bbox 1916 4341 3493 4413; baseline 0.004 -17"><span class='ocrx_word' id='word_1_878' title='bbox 1916 4344 2021 4397; x_wconf 84' lang='lat' dir='ltr'><strong>lunt</strong></span> <span class='ocrx_word' id='word_1_879' title='bbox 2054 4343 2072 4413; x_wconf 97' lang='lat'><strong>(</strong></span> <span class='ocrx_word' id='word_1_880' title='bbox 2097 4342 2265 4396; x_wconf 76' lang='lat' dir='ltr'><strong>Exod.</strong></span> <span class='ocrx_word' id='word_1_881' title='bbox 2298 4341 2389 4395; x_wconf 76' lang='lat'><strong>23.</strong></span> <span class='ocrx_word' id='word_1_882' title='bbox 2418 4341 2510 4413; x_wconf 85' lang='lat'><strong>2).</strong></span> <span class='ocrx_word' id='word_1_883' title='bbox 2550 4343 2733 4396; x_wconf 81' lang='lat' dir='ltr'><strong>Omnes</strong></span> <span class='ocrx_word' id='word_1_884' title='bbox 2760 4342 3165 4412; x_wconf 86' lang='lat' dir='ltr'><strong>declinaverunt,</strong></span> <span class='ocrx_word' id='word_1_885' title='bbox 3197 4347 3347 4402; x_wconf 86' lang='lat' dir='ltr'><strong>simul</strong></span> <span class='ocrx_word' id='word_1_886' title='bbox 3377 4350 3493 4403; x_wconf 89' lang='lat' dir='ltr'><strong>inu-</strong></span> 
     </span>
    </p>
   </div>
   <div class='ocr_carea' id='block_1_108' title="bbox 1913 4431 3493 4519">
    <p class='ocr_par' dir='ltr' id='par_1_108' title="bbox 1913 4431 3493 4519">
     <span class='ocr_line' id='line_1_108' title="bbox 1913 4431 3493 4519; baseline 0.005 -32"><span class='ocrx_word' id='word_1_887' title='bbox 1913 4435 2024 4488; x_wconf 82' lang='lat' dir='ltr'><strong>tiles</strong></span> <span class='ocrx_word' id='word_1_888' title='bbox 2051 4435 2173 4504; x_wconf 76' lang='lat' dir='ltr'><strong>facti</strong></span> <span class='ocrx_word' id='word_1_889' title='bbox 2193 4443 2306 4487; x_wconf 87' lang='lat' dir='ltr'><strong>sunt</strong></span> <span class='ocrx_word' id='word_1_890' title='bbox 2335 4431 2517 4499; x_wconf 82' lang='lat' dir='ltr'><strong>(Psal.</strong></span> <span class='ocrx_word' id='word_1_891' title='bbox 2548 4434 2638 4519; x_wconf 71' lang='grc'><strong>15.</strong></span> <span class='ocrx_word' id='word_1_892' title='bbox 2674 4432 2742 4504; x_wconf 74' lang='grc' dir='ltr'><strong>ὅ)</strong></span> <span class='ocrx_word' id='word_1_893' title='bbox 2770 4474 2783 4497; x_wconf 85' lang='grc'><strong>.</strong></span> <span class='ocrx_word' id='word_1_894' title='bbox 2816 4443 2868 4488; x_wconf 89' lang='lat' dir='ltr'><strong>et</strong></span> <span class='ocrx_word' id='word_1_895' title='bbox 2895 4433 3018 4489; x_wconf 89' lang='lat' dir='ltr'><strong>facti</strong></span> <span class='ocrx_word' id='word_1_896' title='bbox 3049 4446 3173 4492; x_wconf 91' lang='lat' dir='ltr'><strong>sunt</strong></span> <span class='ocrx_word' id='word_1_897' title='bbox 3197 4443 3345 4509; x_wconf 86' lang='lat' dir='ltr'><strong>quasi</strong></span> <span class='ocrx_word' id='word_1_898' title='bbox 3368 4457 3493 4497; x_wconf 88' lang='lat' dir='ltr'><strong>can-</strong></span> 
     </span>
    </p>
   </div>
   <div class='ocr_carea' id='block_1_109' title="bbox 1914 4522 3493 4597">
    <p class='ocr_par' dir='ltr' id='par_1_109' title="bbox 1914 4522 3493 4597">
     <span class='ocr_line' id='line_1_109' title="bbox 1914 4522 3493 4597; baseline 0.005 -19"><span class='ocrx_word' id='word_1_899' title='bbox 1914 4534 2088 4579; x_wconf 87' lang='lat' dir='ltr'><strong>tantes</strong></span> <span class='ocrx_word' id='word_1_900' title='bbox 2120 4524 2171 4577; x_wconf 90' lang='lat' dir='ltr'><strong>in</strong></span> <span class='ocrx_word' id='word_1_901' title='bbox 2200 4522 2434 4592; x_wconf 78' lang='lat' dir='ltr'><strong>nequitia</strong></span> <span class='ocrx_word' id='word_1_902' title='bbox 2468 4538 2584 4576; x_wconf 89' lang='lat' dir='ltr'><strong>sua.</strong></span> <span class='ocrx_word' id='word_1_903' title='bbox 2615 4522 2749 4577; x_wconf 88' lang='lat' dir='ltr'><strong>Para</strong></span> <span class='ocrx_word' id='word_1_904' title='bbox 2779 4524 2871 4579; x_wconf 90' lang='lat' dir='ltr'><strong>tibi</strong></span> <span class='ocrx_word' id='word_1_905' title='bbox 2921 4527 3120 4581; x_wconf 85' lang='lat' dir='ltr'><strong>amicos</strong></span> <span class='ocrx_word' id='word_1_906' title='bbox 3160 4543 3270 4597; x_wconf 66' lang='lat' dir='ltr'><strong>pra:</strong></span> <span class='ocrx_word' id='word_1_907' title='bbox 3310 4530 3493 4586; x_wconf 86' lang='lat' dir='ltr'><strong>dome-</strong></span> 
     </span>
    </p>
   </div>
   <div class='ocr_carea' id='block_1_110' title="bbox 1913 4611 3488 4682">
    <p class='ocr_par' dir='ltr' id='par_1_110' title="bbox 1913 4611 3488 4682">
     <span class='ocr_line' id='line_1_110' title="bbox 1913 4611 3488 4682; baseline 0.006 -16"><span class='ocrx_word' id='word_1_908' title='bbox 1913 4613 2084 4677; x_wconf 90' lang='lat' dir='ltr'><strong>sticis,</strong></span> <span class='ocrx_word' id='word_1_909' title='bbox 2116 4627 2225 4682; x_wconf 68' lang='lat' dir='ltr'><strong>pra:</strong></span> <span class='ocrx_word' id='word_1_910' title='bbox 2250 4612 2370 4665; x_wconf 89' lang='lat' dir='ltr'><strong>aliis</strong></span> <span class='ocrx_word' id='word_1_911' title='bbox 2398 4612 2665 4666; x_wconf 90' lang='lat' dir='ltr'><strong>omnibus.</strong></span> <span class='ocrx_word' id='word_1_912' title='bbox 2698 4611 2751 4667; x_wconf 90' lang='lat' dir='ltr'><strong>Si</strong></span> <span class='ocrx_word' id='word_1_913' title='bbox 2786 4614 3056 4682; x_wconf 77' lang='lat' dir='ltr'><strong>pacificus,</strong></span> <span class='ocrx_word' id='word_1_914' title='bbox 3090 4625 3171 4672; x_wconf 89' lang='lat' dir='ltr'><strong>est</strong></span> <span class='ocrx_word' id='word_1_915' title='bbox 3194 4618 3332 4679; x_wconf 85' lang='lat' dir='ltr'><strong>filius</strong></span> <span class='ocrx_word' id='word_1_916' title='bbox 3358 4621 3447 4676; x_wconf 87' lang='lat' dir='ltr'><strong>Dei</strong></span> <span class='ocrx_word' id='word_1_917' title='bbox 3476 4641 3488 4677; x_wconf 90' lang='lat'><strong>:</strong></span> 
     </span>
    </p>
   </div>
   <div class='ocr_carea' id='block_1_111' title="bbox 1912 4702 3490 4777">
    <p class='ocr_par' dir='ltr' id='par_1_111' title="bbox 1912 4702 3490 4777">
     <span class='ocr_line' id='line_1_111' title="bbox 1912 4702 3490 4777; baseline 0.006 -21"><span class='ocrx_word' id='word_1_918' title='bbox 1912 4713 2111 4774; x_wconf 86' lang='lat' dir='ltr'><strong>quanto</strong></span> <span class='ocrx_word' id='word_1_919' title='bbox 2141 4702 2306 4771; x_wconf 82' lang='lat' dir='ltr'><strong>magis</strong></span> <span class='ocrx_word' id='word_1_920' title='bbox 2336 4703 2379 4755; x_wconf 92' lang='lat' dir='ltr'><strong>is</strong></span> <span class='ocrx_word' id='word_1_921' title='bbox 2402 4702 2489 4772; x_wconf 92' lang='lat' dir='ltr'><strong>qui</strong></span> <span class='ocrx_word' id='word_1_922' title='bbox 2518 4702 2781 4757; x_wconf 90' lang='lat' dir='ltr'><strong>amicitias</strong></span> <span class='ocrx_word' id='word_1_923' title='bbox 2802 4708 2996 4771; x_wconf 85' lang='lat' dir='ltr'><strong>parat?</strong></span> <span class='ocrx_word' id='word_1_924' title='bbox 3022 4707 3065 4759; x_wconf 87' lang='lat' dir='ltr'><strong>si</strong></span> <span class='ocrx_word' id='word_1_925' title='bbox 3094 4707 3137 4761; x_wconf 90' lang='lat' dir='ltr'><strong>is</strong></span> <span class='ocrx_word' id='word_1_926' title='bbox 3166 4708 3256 4777; x_wconf 90' lang='lat' dir='ltr'><strong>qui</strong></span> <span class='ocrx_word' id='word_1_927' title='bbox 3300 4724 3490 4765; x_wconf 85' lang='lat' dir='ltr'><strong>recon-</strong></span> 
     </span>
    </p>
   </div>
   <div class='ocr_carea' id='block_1_112' title="bbox 1913 4792 3490 4861">
    <p class='ocr_par' dir='ltr' id='par_1_112' title="bbox 1913 4792 3490 4861">
     <span class='ocr_line' id='line_1_112' title="bbox 1913 4792 3490 4861; baseline 0.005 -15"><span class='ocrx_word' id='word_1_928' title='bbox 1913 4795 2086 4859; x_wconf 82' lang='lat' dir='ltr'><strong>ciliat,</strong></span> <span class='ocrx_word' id='word_1_929' title='bbox 2121 4792 2260 4845; x_wconf 82' lang='lat' dir='ltr'><strong>Illius</strong></span> <span class='ocrx_word' id='word_1_930' title='bbox 2304 4792 2395 4845; x_wconf 91' lang='lat' dir='ltr'><strong>Dei</strong></span> <span class='ocrx_word' id='word_1_931' title='bbox 2442 4802 2707 4846; x_wconf 85' lang='lat' dir='ltr'><strong>vocatur:</strong></span> <span class='ocrx_word' id='word_1_932' title='bbox 2741 4794 2828 4861; x_wconf 91' lang='lat' dir='ltr'><strong>qui</strong></span> <span class='ocrx_word' id='word_1_933' title='bbox 2874 4795 3245 4850; x_wconf 72' lang='lat' dir='ltr'><strong>reconciliatos</strong></span> <span class='ocrx_word' id='word_1_934' title='bbox 3287 4799 3490 4854; x_wconf 89' lang='lat' dir='ltr'><strong>amicos</strong></span> 
     </span>
    </p>
   </div>
   <div class='ocr_carea' id='block_1_113' title="bbox 1916 4882 3490 4953">
    <p class='ocr_par' dir='ltr' id='par_1_113' title="bbox 1916 4882 3490 4953">
     <span class='ocr_line' id='line_1_113' title="bbox 1916 4882 3490 4953; baseline 0.004 -16"><span class='ocrx_word' id='word_1_935' title='bbox 1916 4884 2066 4949; x_wconf 86' lang='lat' dir='ltr'><strong>facit,</strong></span> <span class='ocrx_word' id='word_1_936' title='bbox 2100 4898 2206 4953; x_wconf 90' lang='lat' dir='ltr'><strong>quo</strong></span> <span class='ocrx_word' id='word_1_937' title='bbox 2237 4898 2343 4936; x_wconf 90' lang='lat' dir='ltr'><strong>non</strong></span> <span class='ocrx_word' id='word_1_938' title='bbox 2371 4884 2471 4936; x_wconf 90' lang='lat' dir='ltr'><strong>erit</strong></span> <span class='ocrx_word' id='word_1_939' title='bbox 2500 4882 2691 4951; x_wconf 82' lang='lat' dir='ltr'><strong>dignus</strong></span> <span class='ocrx_word' id='word_1_940' title='bbox 2737 4882 3002 4937; x_wconf 83' lang='lat' dir='ltr'><strong>munere?</strong></span> <span class='ocrx_word' id='word_1_941' title='bbox 3046 4884 3191 4938; x_wconf 86' lang='lat' dir='ltr'><strong>IIanc</strong></span> <span class='ocrx_word' id='word_1_942' title='bbox 3234 4884 3490 4944; x_wconf 75' lang='lat' dir='ltr'><strong>faciamus</strong></span> 
     </span>
    </p>
   </div>
   <div class='ocr_carea' id='block_1_114' title="bbox 1915 4974 3487 5050">
    <p class='ocr_par' dir='ltr' id='par_1_114' title="bbox 1915 4974 3487 5050">
     <span class='ocr_line' id='line_1_114' title="bbox 1915 4974 3487 5050; baseline 0.004 -22"><span class='ocrx_word' id='word_1_943' title='bbox 1915 4975 2323 5045; x_wconf 78' lang='lat' dir='ltr'><strong>negotiationem</strong></span> <span class='ocrx_word' id='word_1_944' title='bbox 2356 4992 2368 5025; x_wconf 90' lang='lat'><strong><em>:</em></strong></span> <span class='ocrx_word' id='word_1_945' title='bbox 2401 4974 2646 5028; x_wconf 88' lang='lat' dir='ltr'><strong>inimicos</strong></span> <span class='ocrx_word' id='word_1_946' title='bbox 2693 4984 2875 5027; x_wconf 91' lang='lat' dir='ltr'><strong>mutuo</strong></span> <span class='ocrx_word' id='word_1_947' title='bbox 2919 4975 3119 5030; x_wconf 87' lang='lat' dir='ltr'><strong>amicos</strong></span> <span class='ocrx_word' id='word_1_948' title='bbox 3164 4977 3487 5050; x_wconf 88' lang='lat' dir='ltr'><strong>reddamus;</strong></span> 
     </span>
    </p>
   </div>
   <div class='ocr_carea' id='block_1_115' title="bbox 1911 5064 3485 5140">
    <p class='ocr_par' dir='ltr' id='par_1_115' title="bbox 1911 5064 3485 5140">
     <span class='ocr_line' id='line_1_115' title="bbox 1911 5064 3485 5140; baseline 0.003 -19"><span class='ocrx_word' id='word_1_949' title='bbox 1911 5075 1966 5121; x_wconf 87' lang='lat' dir='ltr'><strong>et</strong></span> <span class='ocrx_word' id='word_1_950' title='bbox 1986 5082 2078 5121; x_wconf 91' lang='lat' dir='ltr'><strong>eos</strong></span> <span class='ocrx_word' id='word_1_951' title='bbox 2099 5066 2191 5135; x_wconf 89' lang='lat' dir='ltr'><strong>qui</strong></span> <span class='ocrx_word' id='word_1_952' title='bbox 2216 5080 2313 5120; x_wconf 88' lang='lat' dir='ltr'><strong>nec</strong></span> <span class='ocrx_word' id='word_1_953' title='bbox 2343 5064 2540 5119; x_wconf 91' lang='lat' dir='ltr'><strong>inimici</strong></span> <span class='ocrx_word' id='word_1_954' title='bbox 2568 5079 2668 5117; x_wconf 91' lang='lat' dir='ltr'><strong>nec</strong></span> <span class='ocrx_word' id='word_1_955' title='bbox 2694 5064 2851 5117; x_wconf 89' lang='lat' dir='ltr'><strong>amici</strong></span> <span class='ocrx_word' id='word_1_956' title='bbox 2890 5074 3014 5119; x_wconf 91' lang='lat' dir='ltr'><strong>sunt</strong></span> <span class='ocrx_word' id='word_1_957' title='bbox 3056 5082 3443 5140; x_wconf 76' lang='lat' dir='ltr'><strong>congregemus</strong></span> <span class='ocrx_word' id='word_1_958' title='bbox 3471 5116 3485 5138; x_wconf 89' lang='lat'><strong>,</strong></span> 
     </span>
    </p>
   </div>
   <div class='ocr_carea' id='block_1_116' title="bbox 1911 5154 3489 5222">
    <p class='ocr_par' dir='ltr' id='par_1_116' title="bbox 1911 5154 3489 5222">
     <span class='ocr_line' id='line_1_116' title="bbox 1911 5154 3489 5222; baseline 0.006 -12"><span class='ocrx_word' id='word_1_959' title='bbox 1911 5166 1964 5210; x_wconf 89' lang='lat' dir='ltr'><strong>et</strong></span> <span class='ocrx_word' id='word_1_960' title='bbox 2008 5166 2132 5209; x_wconf 90' lang='lat' dir='ltr'><strong>aute</strong></span> <span class='ocrx_word' id='word_1_961' title='bbox 2157 5170 2344 5209; x_wconf 86' lang='lat' dir='ltr'><strong>omnes</strong></span> <span class='ocrx_word' id='word_1_962' title='bbox 2371 5197 2385 5219; x_wconf 93' lang='lat'><strong>,</strong></span> <span class='ocrx_word' id='word_1_963' title='bbox 2417 5154 2792 5222; x_wconf 86' lang='lat' dir='ltr'><strong>nosmetipsos.</strong></span> <span class='ocrx_word' id='word_1_964' title='bbox 2839 5154 3298 5221; x_wconf 85' lang='lat' dir='ltr'><strong>Quemadmodum</strong></span> <span class='ocrx_word' id='word_1_965' title='bbox 3346 5165 3489 5219; x_wconf 90' lang='lat' dir='ltr'><strong>enim</strong></span> 
     </span>
    </p>
   </div>
   <div class='ocr_carea' id='block_1_117' title="bbox 1910 5246 3493 5317">
    <p class='ocr_par' dir='ltr' id='par_1_117' title="bbox 1910 5246 3493 5317">
     <span class='ocr_line' id='line_1_117' title="bbox 1910 5246 3493 5317; baseline 0.007 -16"><span class='ocrx_word' id='word_1_966' title='bbox 1910 5249 1997 5317; x_wconf 93' lang='lat' dir='ltr'><strong>qui</strong></span> <span class='ocrx_word' id='word_1_967' title='bbox 2023 5246 2166 5301; x_wconf 90' lang='lat' dir='ltr'><strong>domi</strong></span> <span class='ocrx_word' id='word_1_968' title='bbox 2193 5246 2520 5300; x_wconf 88' lang='lat' dir='ltr'><strong>inimicitiam</strong></span> <span class='ocrx_word' id='word_1_969' title='bbox 2554 5246 2746 5312; x_wconf 88' lang='lat' dir='ltr'><strong>habet,</strong></span> <span class='ocrx_word' id='word_1_970' title='bbox 2781 5256 2978 5302; x_wconf 87' lang='lat' dir='ltr'><strong>etcqu</strong></span> <span class='ocrx_word' id='word_1_971' title='bbox 3035 5266 3201 5307; x_wconf 83' lang='lat' dir='ltr'><strong>uxore</strong></span> <span class='ocrx_word' id='word_1_972' title='bbox 3241 5269 3337 5309; x_wconf 90' lang='lat' dir='ltr'><strong>sua</strong></span> <span class='ocrx_word' id='word_1_973' title='bbox 3378 5256 3493 5313; x_wconf 88' lang='lat' dir='ltr'><strong>dis-</strong></span> 
     </span>
    </p>
   </div>
   <div class='ocr_carea' id='block_1_118' title="bbox 1909 5334 3487 5409">
    <p class='ocr_par' dir='ltr' id='par_1_118' title="bbox 1909 5334 3487 5409">
     <span class='ocr_line' id='line_1_118' title="bbox 1909 5334 3487 5409; baseline 0.005 -17"><span class='ocrx_word' id='word_1_974' title='bbox 1909 5337 2075 5400; x_wconf 84' lang='lat' dir='ltr'><strong>sidet,</strong></span> <span class='ocrx_word' id='word_1_975' title='bbox 2107 5350 2211 5391; x_wconf 92' lang='lat' dir='ltr'><strong>non</strong></span> <span class='ocrx_word' id='word_1_976' title='bbox 2238 5343 2319 5390; x_wconf 89' lang='lat' dir='ltr'><strong>cst</strong></span> <span class='ocrx_word' id='word_1_977' title='bbox 2346 5334 2447 5389; x_wconf 87' lang='lat' dir='ltr'><strong>lidc</strong></span> <span class='ocrx_word' id='word_1_978' title='bbox 2492 5334 2683 5406; x_wconf 84' lang='lat' dir='ltr'><strong>dignus</strong></span> <span class='ocrx_word' id='word_1_979' title='bbox 2723 5345 2778 5389; x_wconf 90' lang='lat' dir='ltr'><strong>ut</strong></span> <span class='ocrx_word' id='word_1_980' title='bbox 2825 5337 2957 5392; x_wconf 82' lang='lat' dir='ltr'><strong>alios</strong></span> <span class='ocrx_word' id='word_1_981' title='bbox 3004 5344 3350 5409; x_wconf 75' lang='lat' dir='ltr'><strong>reconciliet,</strong></span> <span class='ocrx_word' id='word_1_982' title='bbox 3394 5347 3487 5401; x_wconf 78' lang='lat' dir='ltr'><strong>Sed</strong></span> 
     </span>
    </p>
   </div>
   <div class='ocr_carea' id='block_1_119' title="bbox 1909 5424 3487 5503">
    <p class='ocr_par' dir='ltr' id='par_1_119' title="bbox 1909 5424 3487 5503">
     <span class='ocr_line' id='line_1_119' title="bbox 1909 5424 3487 5503; baseline 0.004 -22"><span class='ocrx_word' id='word_1_983' title='bbox 1909 5427 2128 5483; x_wconf 90' lang='lat' dir='ltr'><strong>audiet:</strong></span> <span class='ocrx_word' id='word_1_984' title='bbox 2164 5424 2397 5497; x_wconf 79' lang='lat' dir='ltr'><strong>Medice,</strong></span> <span class='ocrx_word' id='word_1_985' title='bbox 2434 5443 2556 5481; x_wconf 88' lang='lat' dir='ltr'><strong>cura</strong></span> <span class='ocrx_word' id='word_1_986' title='bbox 2583 5428 2795 5495; x_wconf 82' lang='lat' dir='ltr'><strong>teipsum</strong></span> <span class='ocrx_word' id='word_1_987' title='bbox 2848 5429 3013 5498; x_wconf 85' lang='lat' dir='ltr'><strong>(Luc.</strong></span> <span class='ocrx_word' id='word_1_988' title='bbox 3045 5432 3098 5485; x_wconf 69' lang='grc'><strong>4.</strong></span> <span class='ocrx_word' id='word_1_989' title='bbox 3126 5432 3228 5503; x_wconf 81' lang='lat'><strong>25)</strong></span> <span class='ocrx_word' id='word_1_990' title='bbox 3263 5451 3274 5486; x_wconf 94' lang='lat'>:</span> <span class='ocrx_word' id='word_1_991' title='bbox 3308 5436 3385 5489; x_wconf 87' lang='lat' dir='ltr'><strong>sie</strong></span> <span class='ocrx_word' id='word_1_992' title='bbox 3433 5448 3487 5489; x_wconf 89' lang='lat' dir='ltr'><strong>et</strong></span> 
     </span>
    </p>
   </div>
   <div class='ocr_carea' id='block_1_120' title="bbox 1911 5517 3483 5588">
    <p class='ocr_par' dir='ltr' id='par_1_120' title="bbox 1911 5517 3483 5588">
     <span class='ocr_line' id='line_1_120' title="bbox 1911 5517 3483 5588; baseline 0.002 -14"><span class='ocrx_word' id='word_1_993' title='bbox 1911 5520 2009 5575; x_wconf 89' lang='lat' dir='ltr'><strong>iste</strong></span> <span class='ocrx_word' id='word_1_994' title='bbox 2038 5517 2239 5572; x_wconf 86' lang='lat' dir='ltr'><strong>audiet.</strong></span> <span class='ocrx_word' id='word_1_995' title='bbox 2266 5517 2393 5585; x_wconf 79' lang='lat' dir='ltr'><strong>Qua:</strong></span> <span class='ocrx_word' id='word_1_996' title='bbox 2423 5518 2581 5588; x_wconf 83' lang='lat' dir='ltr'><strong>igitur</strong></span> <span class='ocrx_word' id='word_1_997' title='bbox 2607 5517 2763 5574; x_wconf 87' lang='lat' dir='ltr'><strong>nobis</strong></span> <span class='ocrx_word' id='word_1_998' title='bbox 2800 5530 2883 5575; x_wconf 90' lang='lat' dir='ltr'><strong>est</strong></span> <span class='ocrx_word' id='word_1_999' title='bbox 2925 5521 3239 5577; x_wconf 77' lang='lat' dir='ltr'><strong>inimicitia?</strong></span> <span class='ocrx_word' id='word_1_1000' title='bbox 3276 5526 3483 5580; x_wconf 76' lang='lat' dir='ltr'><strong>Anima:</strong></span> 
     </span>
    </p>
   </div>
   <div class='ocr_carea' id='block_1_121' title="bbox 1907 5610 3481 5680">
    <p class='ocr_par' dir='ltr' id='par_1_121' title="bbox 1907 5610 3481 5680">
     <span class='ocr_line' id='line_1_121' title="bbox 1907 5610 3481 5680; baseline 0.001 -14"><span class='ocrx_word' id='word_1_1001' title='bbox 1907 5625 2027 5666; x_wconf 81' lang='lat' dir='ltr'><strong>eum</strong></span> <span class='ocrx_word' id='word_1_1002' title='bbox 2061 5623 2309 5680; x_wconf 80' lang='lat' dir='ltr'><strong>corpore,</strong></span> <span class='ocrx_word' id='word_1_1003' title='bbox 2337 5610 2549 5667; x_wconf 70' lang='lat' dir='ltr'><strong>malitirc</strong></span> <span class='ocrx_word' id='word_1_1004' title='bbox 2571 5625 2689 5665; x_wconf 90' lang='lat' dir='ltr'><strong>cum</strong></span> <span class='ocrx_word' id='word_1_1005' title='bbox 2722 5612 2937 5668; x_wconf 88' lang='lat' dir='ltr'><strong>virtute.</strong></span> <span class='ocrx_word' id='word_1_1006' title='bbox 2980 5613 3125 5669; x_wconf 87' lang='lat' dir='ltr'><strong>Ilauc</strong></span> <span class='ocrx_word' id='word_1_1007' title='bbox 3164 5614 3436 5670; x_wconf 81' lang='lat' dir='ltr'><strong>solvamus</strong></span> <span class='ocrx_word' id='word_1_1008' title='bbox 3467 5655 3481 5679; x_wconf 89' lang='lat'><strong>,</strong></span> 
     </span>
    </p>
   </div>
  </div>
