3950 6208
649 321 741 375 ἰω
1378 308 1433 364 S.
1470 303 1742 362 JOANNIS
1776 295 2243 359 CllltYSOSTOMl
2282 295 2597 353 ARCIIIEP.
2637 297 3165 354 CONSTAXTINOP.
3762 280 3788 354 ἐ

651 436 753 488 hoc
785 431 1033 486 tollamus
1057 422 1283 487 bellum;
1313 429 1368 475 et
1395 429 1518 473 tunc
1552 432 1671 473 cum
1719 430 1847 486 pace
1901 415 2034 468 alios
2081 412 2217 466 allo-

644 537 867 595 quemnr
897 528 950 573 et
990 530 1111 571 cum
1160 513 1324 567 multa
1371 509 1591 573 fiducia,
1644 522 1749 562 non
1798 514 2082 560 accusante
2122 517 2221 558 nos

652 593 977 670 coruscientia
1007 614 1206 660 nostra.
1239 603 1443 670 Pugnat
1483 600 1559 652 ira
1604 612 1723 650 cum
1773 593 2179 651 mansuetudine
2202 633 2217 659 ,

647 711 839 773 pugnat
860 698 1200 770 pecuniarum
1219 707 1369 745 amor
1391 704 1510 744 cum
1533 688 1763 756 ipsarum
1780 694 2103 752 contemptu,
2125 697 2221 751 pu-

644 806 769 866 gnat
801 791 993 847 invidia
1020 803 1140 843 cum
1173 784 1514 854 benignitate.
1553 779 1661 833 lloc
1689 778 1954 831 solvamus
1980 774 2202 866 bellum,

647 863 743 941 hos
768 884 1077 953 dejiciamus
1102 876 1343 931 inimicos
1367 914 1384 940 ,
1418 872 1532 926 hzec
1561 870 1831 938 erigamus
1879 872 2077 934 tropa'a
2103 905 2117 929 ,
2165 863 2216 917 in

655 974 873 1031 civitate
926 980 1105 1024 nostra
1142 980 1331 1036 pacem
1378 961 1741 1017 conciliemus.
1786 956 1985 1011 Civitas
2025 954 2219 1025 quippe

649 1067 803 1122 nobis
831 1072 987 1119 estet
1023 1056 1434 1121 administratio,
1468 1064 1522 1108 et
1543 1052 1687 1106 cives
1703 1057 1756 1105 et
1780 1046 2215 1103 extraneimulti:

657 1158 749 1214 sed
781 1154 1179 1227 peregrinorum
1212 1148 1526 1218 eiectionem
1568 1141 1861 1205 faciamus,
1912 1147 1969 1192 ut
2016 1152 2083 1190 ne
2125 1136 2219 1190 do-

650 1248 853 1303 mestici
881 1250 1305 1311 corrumpantur.
1334 1236 1441 1292 Nec
1468 1235 1698 1289 alienum
1730 1246 1827 1286 nec
1855 1230 2076 1285 nothum
2122 1227 2219 1281 do-

646 1355 766 1411 gma
794 1335 1150 1405 ingrediatur,
1180 1329 1428 1397 nullaque
1456 1324 1683 1379 carnalis
1714 1322 1994 1377 sententia.
2026 1320 2216 1373 Annon

646 1434 885 1487 videmus
907 1423 1201 1499 quomodo,
1236 1423 1278 1477 si
1303 1424 1419 1492 quis
1439 1419 1686 1473 inimicus
1716 1416 1767 1469 in
1793 1414 2007 1468 urbibus
2037 1413 2216 1481 capia-

648 1536 765 1590 tur,
820 1520 971 1594 quasi
1019 1519 1321 1588 explorator
1379 1510 1681 1583 judicatur?
1730 1510 1867 1578 Ergo
1904 1505 2217 1577 peregrinos

647 1617 947 1685 cjieiamus;
982 1613 1088 1666 imo
1118 1624 1220 1663 non
1250 1604 1556 1676 peregrinos
1588 1600 1746 1656 modo
1769 1640 1782 1663 ,
1812 1597 1905 1653 sed
1932 1597 2089 1652 etiam
2114 1595 2217 1649 ini-

647 1709 834 1761 micos.
862 1704 916 1759 Si
944 1716 1099 1772 quem
1129 1699 1401 1753 videamus
1427 1736 1441 1758 ,
1476 1692 1745 1748 tradamus
1777 1688 1998 1760 principi
2027 1685 2212 1751 menti,

646 1796 1043 1866 cegitationem,
1073 1789 1353 1845 barbaram
1384 1786 1619 1855 quidem,
1651 1782 1741 1837 sed
1771 1780 1911 1835 civili
1939 1787 2085 1832 veste
2130 1778 2215 1829 in-

647 1888 849 1941 dutam.
881 1882 1057 1938 Multre
1083 1891 1311 1947 namque
1333 1875 1490 1929 nobis
1520 1874 1702 1928 insunt
1730 1869 2077 1940 cogitationes
2121 1866 2216 1918 hu-

640 1974 874 2047 jusmodi
901 2015 915 2038 ,
945 1982 1131 2025 natura
1158 1966 1369 2035 quidem
1395 1963 1622 2017 inimicae
1647 2004 1661 2028 ,
1710 1960 1801 2015 sed
1850 1959 1972 2012 ovili
2017 1956 2215 2010 vellere

648 2066 864 2121 indutre.
914 2057 1369 2129 Quemadmodum
1414 2064 1466 2108 et
1516 2053 1727 2115 Persae,
1779 2050 1984 2104 sublata
2043 2048 2213 2111 tiara,

650 2155 852 2211 braccis
888 2151 1187 2219 calceisque
1224 2145 1517 2201 barbaricis
1544 2184 1558 2207 ,
1613 2149 1762 2196 veste
1810 2140 1965 2194 nobis
2022 2138 2213 2191 usitata

647 2245 1090 2311 induti,corporc
1121 2238 1266 2302 rasi,
1314 2246 1368 2291 et
1418 2235 1570 2289 nobis
1615 2240 1865 2288 consueta
1912 2230 2087 2299 lingua
2137 2226 2217 2281 lo-

645 2344 865 2407 quentes
887 2373 902 2397 ,
933 2331 1115 2385 habitu
1143 2328 1336 2383 bellum
1370 2324 1675 2388 occultant;
1709 2321 1801 2376 sed
1853 2321 1896 2373 si
1940 2326 2213 2373 tormenta

645 2425 822 2479 statim
848 2421 1152 2476 adhibueris
1177 2460 1191 2485 ,
1222 2432 1341 2471 cum
1372 2416 1459 2484 qui
1492 2415 1619 2468 latet
1650 2412 1960 2466 manifestas
1995 2426 2008 2463 :
2041 2411 2109 2463 ita
2129 2409 2214 2465 hic

644 2513 824 2575 facito,
852 2512 987 2565 hanc
1014 2507 1385 2578 cogitationem
1412 2504 1602 2559 millies
1635 2504 1850 2572 explora
1881 2542 1894 2564 ,
1928 2511 1977 2555 et
2001 2501 2106 2555 cito
2135 2500 2214 2555 vi-

644 2605 793 2659 debis
820 2600 1155 2657 barbaricum
1186 2613 1423 2653 sensum.
1455 2595 1524 2651 Ut
1552 2605 1727 2649 autem
1771 2593 1923 2647 vobis
1966 2593 2212 2663 exemplo

644 2701 933 2751 monstrcm
981 2688 1284 2759 huiusmodi
1323 2686 1723 2757 exploratores,
1767 2699 1902 2755 quos
1949 2685 2213 2739 submittit

642 2783 918 2850 diabolus,
953 2791 1009 2837 ut
1044 2790 1223 2836 nostra
1251 2778 1568 2849 dispiciam;
1602 2791 1904 2849 age,unum
1948 2789 2209 2832 exuamus

2324 419 2379 465 et
2402 411 2467 466 ad
2495 410 2723 465 tribunal
2769 410 3048 479 diligenter
3090 411 3456 465 exatninemus
3488 428 3501 464 :
3532 420 3586 465 et
3624 412 3666 466 si
3712 414 3785 482 pla

2321 501 2579 573 quosdam
2605 517 2667 557 ex
2700 500 2763 556 iis
2785 542 2799 564 ,
2832 516 2965 572 quos
2991 501 3185 557 Paulus
3211 500 3634 571 deprehenderat
3658 544 3671 568 ,
3720 506 3788 557 ad.

2326 607 2507 647 camus
2538 609 2549 645 :
2585 592 2710 657 Qua:
2734 603 2882 657 sunt,
2916 593 3112 662 inquit,
3137 593 3381 647 rationem
3423 594 3618 659 quidem
3660 595 3788 647 habet

2322 682 2581 750 sapientiae
2604 683 2655 734 in
2684 683 3032 750 superstitione
3057 692 3104 735 et
3133 682 3412 735 humilitate
3439 692 3484 735 et
3525 700 3622 737 non
3663 685 3727 737 ad
3766 704 3788 750 ιλ

2322 772 2533 824 ccndum
2559 772 2757 841 corpori
2777 812 2790 833 ,
2822 787 2921 824 non
2947 771 2998 824 in
3030 771 3219 825 honore
3262 773 3433 841 aliqua
3473 773 3540 825 ad
3579 776 3787 829 saturita.

2323 861 2489 913 carnis
2520 858 2667 930 (Col.
2699 859 2754 912 2.
2784 860 2855 914 25
2874 860 2917 928 ).
2950 859 3190 929 Exempli
3220 876 3378 914 causa
3408 879 3421 914 :
3447 862 3763 930 judaismum

2324 950 2465 1005 lebat
2488 951 2729 1006 diabolus
2760 952 3046 1016 inducere;
3080 952 3256 1021 itaque
3286 953 3330 1005 si
3363 954 3531 1022 ipsum
3562 970 3656 1024 per
3700 972 3757 1010 se

2323 1041 2560 1108 duceret,
2595 1056 2700 1096 non
2734 1040 3093 1111 persuaderet.
3124 1041 3257 1097 Vide
3283 1042 3441 1111 igitur
3461 1044 3723 1113 quomodo
3744 1046 3788 1099 ill

2322 1132 2617 1200 apparavit.
2667 1130 2925 1200 Oportet,
2977 1130 3183 1200 inquit,
3232 1131 3502 1187 abstinere
3530 1147 3739 1203 corpus.
3782 1135 3788 1187 l

2325 1222 2657 1293 philosophia
2686 1232 2767 1277 est
2790 1264 2803 1287 ,
2834 1238 2940 1277 non
2969 1222 3249 1277 admittere
3272 1223 3451 1277 cibum
3479 1265 3493 1292 ,
3525 1225 3616 1279 sed
3662 1240 3787 1280 cave

2324 1312 2431 1367 hoc
2458 1312 2727 1367 humilitas
2757 1320 2856 1367 est.
2888 1312 2953 1366 Et
2980 1327 3121 1367 nunc
3146 1311 3271 1367 item
3300 1328 3421 1366 cum
3455 1313 3718 1369 haereticis
3746 1331 3788 1367 Vt

2322 1406 2412 1460 bat
2438 1419 2536 1460 nos
2558 1404 2624 1458 ad
2647 1413 2943 1458 creaturam
2971 1404 3257 1458 deducere.
3278 1402 3412 1457 Vide
3441 1403 3600 1473 igitur
3625 1420 3785 1475 quom

2322 1496 2502 1551 dolum
2530 1495 2755 1565 paravit.
2784 1495 2842 1550 Si
2867 1496 3108 1562 dixisset,
3140 1495 3447 1549 Creaturam
3472 1495 3634 1550 adora
3658 1536 3672 1561 ,
3703 1511 3788 1568 ca]

2323 1586 2544 1654 fuisset;
2579 1587 2671 1642 sed
2700 1586 2828 1657 quid
2856 1586 2974 1639 ait?
3005 1586 3143 1641 Deus
3170 1594 3383 1641 creatus
3410 1597 3510 1641 est.
3554 1586 3660 1642 Sed
3698 1604 3788 1642 nut

2323 1678 2908 1750 exponamusjudicum
2943 1677 3152 1731 calculo
3197 1670 3589 1746 Scriptttraruni
3634 1690 3788 1747 apost

2322 1788 2503 1828 carum
2553 1770 2907 1836 sententiam;
2960 1769 3052 1823 illo
3099 1768 3355 1823 ducamus
3393 1784 3512 1822 cum
3546 1786 3559 1823 :
3590 1770 3692 1839 ipsi
3740 1786 3788 1840 ag

2322 1881 2471 1927 scent
2522 1880 2575 1926 et
2627 1869 3057 1941 praedicationem
3129 1878 3182 1922 et
3223 1867 3507 1935 loquelam.
3561 1864 3710 1919 Multi
3756 1864 3787 1917 ιι

2324 1962 2613 2025 lucramur,
2643 1968 2701 2013 ut
2727 1958 2957 2012 habeant
2994 1956 3133 2026 quod
3176 1955 3302 2009 dent
3336 1952 3655 2023 pauperibus
3678 1995 3697 2020 ,
3754 1954 3787 2005 ιι

2323 2053 2513 2120 iniusta
2547 2068 2559 2104 :
2587 2060 2640 2105 et
2670 2050 2785 2104 hzec
2810 2048 3057 2119 cogitatio
3078 2061 3239 2116 prava
3264 2055 3366 2099 est.
3400 2044 3503 2098 Sed
3535 2059 3788 2098 exoneret

2323 2144 2488 2206 illam,
2517 2142 2874 2205 confutemus,
2908 2147 2967 2193 ut
2997 2154 3061 2192 ne
3092 2137 3365 2207 capiamur
3391 2152 3405 2201 ;
3440 2136 3535 2189 sed
3562 2151 3788 2189 omnes.

2323 2236 2428 2291 boli
2459 2235 2732 2288 machinas
2767 2231 3116 2301 cll'ugicntcs,
3158 2229 3424 2299 possimus
3460 2242 3588 2281 sana
3639 2226 3787 2296 dogn

2324 2336 2538 2380 Strenue
2564 2325 2874 2388 retinentes,
2905 2334 3090 2375 secure
3118 2326 3439 2388 praesentem
3484 2317 3780 2385 transigere

2324 2428 2460 2482 tam,
2493 2427 2545 2471 et
2579 2416 2835 2485 promissa
2869 2412 3122 2480 consequi
3148 2411 3286 2465 bona
3310 2450 3325 2476 ,
3356 2410 3520 2479 gratia
3563 2416 3618 2462 ct
3650 2409 3788 2474 benig

2321 2518 2430 2565 tate
2460 2507 2663 2563 Domini
2691 2506 2857 2560 nostri
2883 2504 3010 2559 Jesu
3038 2502 3260 2569 Christi,
3291 2502 3503 2571 quicum
3528 2499 3668 2553 Patri
3703 2500 3788 2553 ett

2320 2600 2444 2657 ritui
2481 2606 2666 2653 sancto
2703 2596 2893 2667 gloria,
2927 2594 3209 2664 imperium
3240 2633 3254 2657 ,
3285 2592 3489 2656 honor,
3514 2605 3654 2646 nunc
3680 2600 3735 2645 et
3759 2606 3787 2642 si

2316 2708 2436 2764 per,
2469 2691 2601 2748 etin
2628 2689 2825 2746 saecula
2855 2686 3190 2744 saeculorum.
3233 2685 3423 2741 Amen.

640 2916 3787 2944 Μ

1982 3005 2325 3067 HOMILIA
2372 3004 2731 3065 XXXVIII.

638 3152 765 3205 Car.
820 3152 907 3206 17.
972 3165 1024 3204 v.
1085 3150 1172 3205 16.
1233 3146 1431 3201 ‘Paulus
1493 3156 1655 3200 autem
1702 3161 1813 3197 cum
1876 3144 2082 3197 Athenis
2129 3161 2211 3199 eos

709 3251 1047 3313 exspectaret,
1094 3239 1396 3292 incitabatur
1423 3238 1629 3304 spiritus
1660 3238 1767 3305 ejus
1811 3236 1862 3287 in
1906 3251 1965 3287 eo
1990 3276 2003 3298 ,
2040 3236 2211 3290 videns

710 3331 1009 3385 idololatria:
1038 3329 1258 3381 deditam
1284 3328 1552 3381 civitatem.
1587 3327 1672 3379 17.
1721 3324 2020 3393 Disputabat
2059 3326 2212 3394 igitur

711 3426 762 3474 in
794 3436 1048 3490 synagoga
1074 3434 1186 3472 cum
1212 3416 1408 3470 Judwis
1433 3428 1479 3469 et
1506 3416 1802 3482 colentibus,
1834 3424 1880 3468 et
1906 3416 1961 3468 in
1986 3418 2098 3486 foro
2124 3432 2212 3485 per

710 3526 879 3563 omnes
906 3510 1010 3561 dies
1038 3524 1151 3560 cum
1178 3507 1240 3560 iis
1268 3506 1355 3576 qui
1378 3506 1608 3558 aderant.

712 3600 763 3653 1.
808 3597 1001 3651 Paulus
1028 3605 1239 3666 quantas
1266 3612 1296 3647 a
1320 3594 1517 3647 Iudicis
1548 3594 1841 3648 tentationes
1871 3594 2096 3647 habuerit
2122 3635 2136 3659 ,
2167 3602 2211 3647 et

636 3697 874 3763 quantum
896 3689 1045 3759 fuerit
1063 3705 1092 3740 a
1113 3688 1246 3757 fastu
1266 3686 1709 3740 alienus.-——Vide
1738 3686 1955 3740 Paulum
1982 3686 2212 3755 majores

639 3798 668 3836 a
698 3781 895 3836 .ludteis
919 3821 933 3845 ,
977 3794 1133 3849 quam
1174 3793 1204 3833 a
1234 3778 1521 3849 gentilibus
1557 3778 1878 3833 tentationes
1904 3776 2209 3832 habentem.

642 3870 860 3925 Athenis
887 3870 1027 3923 enim
1060 3868 1189 3922 nihil
1221 3866 1327 3921 tale
1356 3868 1576 3937 patitur,
1601 3867 1695 3922 sed
1725 3882 1813 3923 res
1839 3876 1945 3922 tota
1969 3868 2019 3921 in
2045 3870 2209 3923 risum

640 3962 831 4026 cessit,
863 3959 1067 4014 etiamsi
1091 3960 1296 4029 aliquos
1324 3960 1681 4028 persuaserit;
1709 3960 1849 4029 apud
1872 3958 2085 4014 Judzeos
2114 3975 2210 4013 au-

642 4061 746 4106 tcm
770 4052 930 4105 multa
950 4052 1129 4119 gravia
1154 4068 1167 4104 :
1195 4049 1326 4103 adeo
1344 4057 1495 4102 erant
1516 4048 1722 4102 irritati.
1737 4048 1864 4104 ldeo
1887 4049 1991 4103 ait:
2018 4048 2212 4103 Paulus

640 4152 804 4195 autem
834 4158 944 4194 cum
974 4140 1181 4192 Athenis
1210 4155 1292 4192 eos
1321 4146 1647 4207 exspectaret,
1682 4139 1982 4190 incitabatur
2005 4139 2212 4207 spiritus

642 4235 749 4303 ejus
773 4236 826 4285 in
853 4247 910 4284 eo
930 4271 944 4295 ,
985 4230 1156 4283 videns
1181 4229 1483 4282 idololatria:
1509 4226 1730 4280 deditam
1770 4228 2037 4280 civitatem.
2083 4227 2211 4281 Jure

643 4321 895 4374 incitatur
920 4337 933 4371 :
978 4332 1235 4387 nusquam
1266 4317 1405 4369 enim
1432 4325 1513 4370 tot
1542 4315 1681 4370 idola
1710 4316 1893 4371 videre
1919 4324 2053 4371 erat.
2090 4316 2210 4370 Dis-

648 4410 854 4480 putabat
879 4410 1037 4479 igitur
1064 4409 1115 4461 in
1141 4422 1397 4476 synagoga
1423 4422 1535 4459 cum
1558 4405 1754 4460 Judwis
1780 4416 1825 4460 ct
1850 4408 2142 4471 colentibus,
2166 4417 2212 4461 et

644 4500 697 4552 in
718 4503 827 4570 {oro
848 4514 935 4567 per
955 4512 1125 4551 omnes
1150 4496 1255 4549 dies
1279 4495 1346 4547 ad
1362 4510 1444 4549 eos
1464 4496 1546 4565 qui
1567 4496 1796 4549 aderant.
1848 4495 1997 4560 Vide,
2022 4496 2211 4550 iterum

644 4606 763 4646 cum
809 4588 1008 4645 Iudaeis
1059 4586 1305 4652 disserit,
1335 4586 1566 4655 undique
1602 4600 1693 4640 ora
1722 4586 2076 4654 comprimens
2114 4600 2211 4640 eo-

646 4697 761 4737 rum
786 4721 802 4748 ,
833 4681 923 4753 qui
952 4678 1192 4734 dicerent
1230 4678 1401 4747 ipsum
1442 4676 1638 4730 relictis
1671 4675 1865 4730 ludat-is
1893 4676 1957 4730 ad
1988 4676 2212 4745 gentiles

644 4790 702 4831 se
717 4772 1063 4828 convertisse.
1086 4769 1271 4823 Mirum
1288 4767 1429 4838 quod
1450 4766 1745 4838 philosolihi
1762 4769 1839 4821 sic
1857 4767 1948 4822 illo
1964 4768 2211 4837 loquente

644 4881 751 4920 non
790 4863 967 4919 statim
994 4861 1277 4916 deriserint
1302 4875 1420 4915 eum
1446 4874 1565 4913 cum
1593 4860 1942 4924 contumelia,
1978 4875 2148 4929 neque
2179 4872 2211 4914 a

644 4953 1017 5027 prmdicatione
1032 4951 1339 5015 rcsilierint,
1355 4949 1611 5003 dicentes:
1631 4949 1817 5003 Procul
1834 4949 1936 5003 hoc
1953 4958 2035 5003 est
2050 4965 2076 5001 a
2097 4948 2212 5018 phi-

643 5044 903 5113 losophia.
938 5041 1069 5107 Quia
1098 5041 1230 5095 nihil
1258 5039 1426 5093 fastus
1464 5038 1729 5092 habebat:
1762 5038 1993 5107 alioquin
2032 5047 2209 5093 autem

642 5133 779 5186 dicta
810 5148 906 5186 nec
935 5130 1233 5199 capiebant,
1255 5145 1352 5183 nec
1372 5128 1752 5199 intelligebant.
1772 5127 2047 5193 Quomodo
2067 5129 2207 5182 enim

642 5222 1066 5282 intellexissent,
1116 5235 1235 5273 cum
1263 5219 1352 5273 alii
1384 5219 1548 5273 Deum
1580 5232 1696 5271 esse
1722 5232 1914 5285 corpus
1939 5259 1955 5283 ,
1995 5218 2082 5271 alii
2113 5232 2209 5271 vo-

640 5310 892 5377 luptatem
920 5324 1039 5363 esse
1066 5308 1371 5363 felicitatem
1393 5308 1667 5362 dicerent?
1688 5308 1772 5363 18.
1806 5308 2023 5374 Quidam
2042 5318 2210 5361 autem

646 5400 876 5470 Epicurei
902 5409 946 5452 ct
974 5398 1137 5453 Stoici
1165 5400 1472 5451 disserebant
1499 5416 1613 5453 cum
1641 5416 1697 5453 eo
1717 5440 1732 5465 ,
1766 5410 1812 5453 et
1838 5400 2041 5468 quidam
2068 5399 2206 5453 dice-

644 5492 759 5545 bant
785 5505 804 5545 :
849 5488 983 5553 Quid
1012 5488 1114 5540 uult
1143 5488 1513 5542 seminiverbius
1545 5490 1636 5543 iste
1676 5490 1880 5543 dicere?
1919 5489 2021 5543 Alii
2058 5504 2169 5542 vero
2194 5529 2209 5554 ,

645 5579 904 5634 Novarum
943 5577 1306 5630 dcmoniornm
1334 5578 1528 5632 videtur
1560 5581 1883 5633 annuntiator
1917 5595 2056 5641 esse;
2095 5580 2213 5649 quia

633 5670 807 5725 lusum
844 5677 887 5722 et
929 5668 1338 5722 resurrectionem
1382 5669 1710 5724 annuntiabat
1735 5672 1825 5724 eis.
1863 5670 1994 5726 Nam
2033 5685 2213 5726 resur-

2322 3148 2609 3200 rectionem
2641 3146 2798 3201 deum
2826 3147 3105 3216 quemdam
3135 3160 3252 3201 esse
3280 3147 3531 3215 putabant
3554 3188 3569 3210 ,
3602 3156 3786 3215 utpote

2317 3234 2392 3287 liti
2422 3234 2643 3288 feminas
2674 3235 2871 3288 colere.
2902 3236 2987 3289 19.
3018 3235 3083 3287 Et
3110 3236 3473 3304 apprehensum
3504 3251 3622 3288 eunt
3652 3236 3720 3288 ad
3751 3236 3784 3286 Α

2318 3342 2501 3395 pagum
2527 3326 2811 3389 duxerunt,
2845 3326 3098 3380 dicentes:
3118 3326 3392 3380 Possumus
3412 3328 3539 3379 scire
3561 3343 3681 3394 qua:
3707 3336 3777 3379 est

2316 3431 2463 3479 nova,
2494 3431 2607 3484 qua:
2632 3433 2661 3467 a
2691 3425 2735 3468 te
2762 3416 2965 3480 dicitur,
3002 3416 3274 3471 doctrina?
3296 3417 3388 3471 20.
3430 3431 3560 3470 noua
3598 3419 3735 3471 enim
3766 3435 3779 3484 ς

2317 3504 2435 3557 dam
2460 3506 2510 3557 in
2518 3507 2616 3573 [crs
2641 3505 2844 3558 auribus
2872 3506 3052 3560 nostris
3073 3521 3091 3570 ;
3113 3505 3340 3559 uolumus
3366 3523 3483 3576 ergo
3499 3507 3636 3559 scire
3658 3506 3778 3576 quid

2317 3594 2467 3647 velint
2494 3594 2600 3647 [nec
2640 3611 2763 3648 esse.
2802 3596 3073 3649 Duxerunt
3102 3596 3249 3649 illum
3283 3596 3346 3650 ad
3379 3598 3760 3666 AreOpagum,

2317 3694 2373 3739 ut
2398 3685 2698 3752 discerent,
2729 3687 2821 3741 sed
2849 3696 2905 3740 ut
2934 3687 3177 3757 punirent
3197 3729 3210 3751 ,
3244 3687 3331 3741 ubi
3359 3697 3509 3742 erant
3532 3688 3747 3757 judicia

2316 3776 2512 3845 guinis.
2543 3777 2675 3831 Vide
2705 3792 2852 3846 ergo,
2880 3776 3147 3846 quomodo
3174 3777 3273 3831 sub
3302 3791 3395 3847 Spe
3424 3778 3678 3833 discendi
3712 3788 3771 3833 et

2317 3881 2421 3936 que
2466 3882 2653 3920 novam
2693 3867 2989 3921 doctrinam
3030 3868 3292 3922 incusant.
3340 3868 3677 3936 Loquacinm
3726 3870 3772 3923 ci

2320 3956 2409 4009 illa
2439 3967 2573 4010 erat.
2607 3956 2697 4010 21.
2737 3957 3060 4012 Athenienses
3088 3968 3255 4011 autem
3301 3974 3466 4012 omnes
3492 3967 3538 4011 et
3567 3962 3770 4015 advena

2318 4048 2488 4116 spites,
2516 4048 2583 4099 ad
2601 4047 2729 4100 nihil
2750 4048 2893 4101 aliud
2914 4049 3172 4116 vacabant,
3201 4050 3299 4103 nisi
3318 4061 3401 4103 aut
3423 4050 3594 4105 dicere
3622 4062 3716 4104 aut
3741 4061 3768 4105 tt

2317 4137 2510 4203 aliquid
2548 4138 2679 4191 noui.
2728 4138 2816 4192 22.
2863 4138 3018 4192 Stans
3044 4148 3209 4194 autem
3238 4138 3435 4193 Paulus
3463 4141 3513 4193 in
3548 4143 3732 4196 medio
3761 4185 3766 4196 .

2320 4227 2455 4296 pagi,
2487 4228 2598 4281 ait:
2645 4226 2753 4280 Viri
2782 4228 3137 4294 Athenienses,
3172 4245 3258 4297 per
3286 4230 3456 4282 omnia
3481 4233 3642 4299 quasi
3673 4248 3764 4300 sn;

2319 4317 2544 4370 tiosiorcs
2573 4332 2656 4371 vos
2680 4318 2844 4370 video.
2867 4316 2957 4371 25.
2992 4317 3291 4372 Prteteriens
3319 4318 3452 4371 enim
3474 4329 3521 4371 et
3552 4321 3747 4373 videns

2318 4405 2457 4458 lacra
2482 4415 2664 4471 vestra,
2691 4406 2855 4459 inveni
2887 4422 3048 4472 aram,
3078 4406 3131 4459 in
3156 4422 3255 4475 qua
3275 4407 3517 4476 scriptum
3545 4420 3707 4463 erat:
3736 4408 3760 4462 1

2319 4494 2450 4549 Deo.
2489 4496 2647 4560 Quem
2678 4512 2795 4566 ergo
2821 4496 3107 4567 ignorantes
3133 4495 3333 4561 colitis,
3365 4496 3496 4549 hunc
3533 4513 3637 4566 ego
3670 4515 3758 4553 ant

2317 4586 2474 4639 vobis.
2520 4587 2599 4639 Ac
2643 4586 2689 4640 si
2720 4587 2839 4641 illos
2879 4585 3147 4650 laudaret,
3191 4586 3398 4641 videtur
3436 4584 3574 4640 nihil
3620 4589 3756 4643 moli

2317 4676 2517 4731 dicere.
2551 4676 2710 4742 Quasi
2738 4678 3180 4747 superstitiosiores
3203 4719 3219 4741 ,
3252 4678 3455 4747 inquit,
3486 4693 3581 4732 vos
3629 4681 3754 4736 uide

2316 4776 2429 4833 est,
2478 4770 2628 4837 quasi
2672 4770 2810 4839 pios.
2860 4767 2925 4821 In
2966 4786 3066 4838 qua
3107 4771 3350 4839 scriptum
3375 4779 3481 4823 erat
3506 4785 3525 4823 :
3557 4770 3753 4841 Ignoti

2315 4857 2451 4925 Quid
2483 4867 2565 4913 est
2592 4858 2733 4914 hoc?
2760 4858 3114 4915 Athenienses
3134 4898 3149 4925 ,
3181 4860 3301 4928 quia
3332 4874 3429 4930 per
3455 4861 3640 4914 multa
3674 4873 3752 4919 tet

2315 4958 2633 5017 acceperant
2674 4948 2805 5004 deos
2851 4950 3011 5004 etiam
3053 4958 3364 5014 extraneos;
3415 4963 3623 5019 nempe
3661 4961 3750 5008 ter

2315 5040 2583 5106 Minervae,
2614 5039 2777 5105 Pana,
2804 5041 3045 5108 aliosque
3072 5040 3321 5105 aliunde;
3349 5039 3612 5094 timentes
3634 5082 3653 5106 ,
3690 5048 3748 5098 nt

2316 5132 2434 5200 quis
2464 5130 2599 5184 alius
2625 5130 2861 5185 nondum
2890 5140 3048 5183 notus
3077 5130 3179 5183 sibi
3208 5138 3383 5194 esset,
3412 5129 3500 5198 qui
3542 5138 3746 5187 tamen

2318 5230 2467 5276 retur
2510 5221 2676 5287 alibi,
2720 5221 2785 5274 ad
2832 5222 3088 5289 majorem
3132 5222 3472 5275 securitatem
3519 5221 3669 5278 huic
3715 5240 3744 5296 q

2315 5328 2461 5368 aram
2488 5322 2790 5368 erexerunt.
2810 5313 2940 5380 Quia
2969 5328 3099 5368 vero
3126 5327 3231 5367 non
3256 5321 3369 5366 erat
3398 5314 3742 5374 manifestus

2316 5404 2625 5472 inscriptum
2656 5410 2801 5468 erat,
2834 5401 3018 5472 Ignoto
3040 5402 3167 5456 Deo.
3200 5401 3351 5456 Hunc
3375 5416 3500 5471 ergo
3532 5402 3740 5463 Jesum

2315 5502 2454 5548 stum
2497 5505 2647 5555 esse,
2695 5491 2889 5546 Paulus
2936 5490 3105 5558 dicit,
3160 5492 3268 5547 imo
3301 5492 3475 5561 potius
3524 5496 3738 5553 univel

2314 5581 2507 5638 Deum.
2564 5580 2724 5648 Quem
2777 5596 2895 5651 ergo
2940 5581 3260 5651 ignorantes,
3292 5581 3493 5651 inquit,
3532 5587 3731 5641 colitis

2316 5686 2409 5743 ego
2436 5672 2679 5726 annuntio
2704 5668 3001 5727 vobis.Vide
3024 5670 3288 5741 quomodo
3314 5669 3598 5738 ostendat,
3638 5675 3733 5746 ips
