4036 6212
238 381 344 434 εστ

235 493 574 564 χρημάτων,
605 493 836 562 μάχεται
855 490 1124 561 βασκανία
1145 492 1494 561 χρηστότητι.
1518 490 1717 554 Τοῦτον
1746 489 1920 543 λύσω-

234 597 341 650 μεν
373 579 469 632 τὸν
508 578 763 648 πόλεμον,
809 578 1033 640 τούτους
1068 574 1660 649 [2851κατενέγκωμεν
1685 577 1809 639 τοὺς
1831 579 1920 647 έχ-

233 666 427 734 θροὺς,
451 663 630 718 ταῦτα
655 665 941 735 στήσωμεν
968 665 1032 716 τά
1055 663 1382 732 τρόπαια,ὲν
1403 667 1468 732 τῇ
1502 663 1649 714 πόλει
1687 665 1750 732 τῇ
1785 664 1921 732 ἠμε-

229 752 372 822 τέρα
393 752 894 820 κατασκευάσωμεν
911 751 1152 821 εἰρήνην.
1177 749 1335 812 Πόλις
1356 749 1465 818 γάρ
1487 752 1618 818 ἡμῖν
1640 763 1663 788 ιι
1693 751 1808 800 ἐστι
1827 750 1921 801 καὶ

232 839 510 899 πολιτεία,
537 840 629 891 καὶ
658 837 870 890 πολῖται
903 838 997 890 καὶ
1029 838 1170 903 ξένοι
1193 837 1404 888 πολλοί·
1434 835 1569 890 ἀλλὰ
1602 835 1918 905 ξενηλασίαν

229 927 582 996 ποιήσωμεν,
618 925 756 978 ὥστε
813 925 887 995 μὴ
921 925 1046 986 τοὺς
1095 923 1328 986 οἰκείους
1369 922 1704 993 φθείρεσθαι.
1736 921 1918 990 Μηδὲν

228 1013 520 1083 ἀλλότριον
552 1012 683 1081 μηδὲ
707 1011 858 1063 νόθον
890 1011 1144 1063 ὲπεισίτω
1181 1010 1374 1080 δόγμα,
1440 1010 1604 1081 μηδὲν
1661 1009 1918 1080 φρόνημα.

230 1099 524 1169 σαρκικόν.
576 1097 688 1166 Οὑχ
744 1097 979 1168 ὁρῶμεν,
1027 1098 1107 1150 ὅτι
1154 1097 1262 1150 τῶν
1303 1097 1572 1168 πολεμίων
1591 1112 1674 1158 τις
1705 1095 1760 1146 ὲν
1798 1097 1920 1157 ταῖς

228 1187 458 1237 πόλεσιν
497 1185 562 1239 ἀν
591 1184 722 1255 ἁλῷ,
767 1186 842 1249 ὡς
876 1185 1219 1249 κατάσκοπος
1252 1186 1529 1256 κρίνεται;
1565 1183 1773 1237 υὺκοῦν
1797 1183 1916 1246 ξεν-

223 1271 468 1341 ηλασίαν
499 1271 800 1342 ποιώμεθα’
823 1272 1024 1341 μᾶλλον
1045 1273 1100 1326 δὲ
1132 1273 1206 1342 μὴ
1238 1271 1554 1341 ξενηλασίαν
1578 1271 1758 1341 μόνον,
1783 1269 1917 1322 ἀλλὰ

224 1359 328 1411 καὶ
356 1359 486 1421 τοὺς
505 1358 795 1427 πολεμίους
817 1358 1228 1429 ἀπελαύνωμεν.
1250 1359 1347 1409 Ἂν
1372 1357 1569 1428 ἴδωμέν
1586 1373 1724 1420 τινα,
1745 1373 1918 1426 παρα·

221 1443 416 1514 δῶμεν
446 1443 527 1514 τῷ
565 1445 784 1515 ἄρχοντι
809 1444 888 1514 τῷ
936 1444 1034 1514 νῷ,
1079 1445 1170 1497 τὸν
1226 1443 1484 1514 λογισμὸν
1546 1444 1770 1508 ἐκεῖνον,
1825 1443 1915 1496 τὸν

223 1530 732 1601 βεϐαρϐαρωμένον
772 1532 896 1600 μὲν,
950 1531 1457 1600 κατεσκευασμένον
1491 1530 1550 1582 δὲ
1579 1529 1765 1598 ἐσθῆτι
1822 1545 1916 1581 πο-

219 1618 440 1688 λιτικῇ.
480 1618 673 1671 Πολλοί
705 1618 832 1688 παρ’
866 1619 996 1688 ἡμῖν
1040 1617 1289 1688 λογισμοὶ
1338 1616 1590 1681 τοιοῦτοι,
1627 1617 1785 1685 φύσει
1814 1617 1912 1686 μὲν

219 1705 444 1774 ἐχθροὶ,
482 1705 932 1775 περιϐεϐλημένοι
990 1705 1043 1756 δὲ
1079 1705 1242 1774 δορὰν
1285 1704 1594 1775 προϐάτων.
1647 1703 1912 1774 Καθάπερ

217 1794 279 1844 οἱ
325 1793 537 1862 Πέρσαι
567 1793 664 1862 τὴν
690 1792 884 1862 τιάραν
929 1791 1271 1862 περιελόντες
1322 1792 1418 1844 καὶ
1459 1791 1554 1854 τάς
1585 1791 1910 1862 ἀναξυρίδας

219 1878 330 1931 καὶ
366 1879 434 1931 τὰ
463 1879 777 1948 ὑποδήματα
805 1878 874 1931 τὰ
915 1878 1246 1950 βαρϐαρικὰ,
1267 1878 1364 1949 τὴν
1397 1877 1564 1948 ἀλλην
1591 1877 1782 1948 στολὴν
1808 1879 1907 1948 τὴν

217 1969 368 2036 ἡμῖν
391 1967 682 2036 ἐπιχώριον
705 1966 1049 2030 ὑπελθόντες,
1082 1967 1175 2020 καὶ
1220 1966 1532 2037 κειράμενοι
1563 1967 1620 2018 ἐν
1651 1965 1787 2035 χρῷ,
1812 1966 1908 2018 καὶ

215 2059 288 2124 τῇ
346 2053 569 2123 συνήθει
625 2053 840 2124 γλώττῃ
874 2053 1266 2126 διαλεγόμενοι,
1300 2055 1600 2124 κρύπτουσι
1640 2052 1718 2122 τῷ
1775 2053 1906 2123 σχή-

221 2158 364 2210 ματι
392 2140 488 2192 τδν
523 2140 785 2210 πόλεμον’
821 2141 887 2194 ἂν
911 2140 966 2192 δὲ
992 2140 1257 2209 βασάνους
1294 2139 1495 2202 εὑθέως
1525 2139 1902 2212 προσαγάγῃς,

214 2230 281 2281 τὸ
323 2228 708 2299 κρυπτόμενον
748 2227 982 2293 ἔδειξας·
1025 2227 1166 2280 οὓτω
1206 2229 1299 2280 καὶ
1325 2227 1580 2288 ἐνταῦθα.
1616 2227 1904 2298 βασάνισον

221 2316 498 2387 μυριάκις
551 2315 643 2368 τὸν
685 2314 923 2367 τοιοῦτον
978 2313 1261 2384 λογισμὸν.
1300 2315 1394 2367 καὶ
1441 2315 1650 2384 ταχέως
1693 2315 1813 2385 ὕψει
1844 2316 1904 2369 τὸ

220 2401 574 2472 βαρϐαρικὸν
625 2401 900 2471 φρόνημα.
948 2400 1064 2453 Ἵνα
1105 2399 1160 2452 δὲ
1213 2401 1305 2452 καὶ
1360 2401 1456 2454 ἐπὶ
1509 2401 1905 2471 ὑποδείγματος

217 2487 358 2556 ὑμῖν
388 2487 553 2550 δείξω
605 2489 732 2550 τοὺς
766 2487 1036 2550 τοιούτους
1073 2486 1473 2551 κατασκόπους,
1521 2487 1614 2551 οὒς
1674 2488 1907 2558 προκαθο

221 2574 372 2644 ίησιν
401 2575 431 2627 ὁ
459 2573 706 2638 διάϐολος
741 2575 865 2627 ἰδεῖν
892 2574 961 2626 τά
992 2574 1050 2628 ὲν
1081 2576 1231 2644 ἡμῖν,
1261 2574 1391 2646 φέρε
1411 2575 1508 2628 ἕνα
1528 2574 1904 2646 ἀποδύσωμεν,

349 2742 561 2802 Quidam
583 2744 716 2799 πόλις
736 2744 849 2806 παρ’
875 2743 1007 2806 ἡμῖν.

1315 376 1387 432 ΙΝ
1421 376 1601 433 ACTA
1640 371 2160 431 APOSTOLORUM
2194 369 2426 426 HOMIL.
2469 369 2754 427 XXXVIII.

3591 377 3697 434 258

2022 486 2116 540 καὶ
2147 486 2240 538 ἐπὶ
2295 486 2388 540 τοῦ
2421 483 2766 556 δικαστηρίου
2808 486 3150 558 ἐξετάσωμεν
3188 487 3326 558 μετὰ
3375 488 3692 560 ἀκριϐείας·

2019 575 2114 626 καί
2148 576 2194 626 εἰ
2239 570 2514 643 βούλεσθε,
2565 573 2674 624 τῶν
2717 571 2821 625 ὑπὸ
2874 573 3088 626 Παύλου
3151 575 3510 645 φωραθέντων
3543 579 3697 640 τινάς

2020 661 2452 731 παραγάγωμεν.
2486 658 2684 712 Ἂτινά
2722 659 2874 723 ἐστι,
2917 662 3068 731 φησὶ,
3106 665 3295 730 λόγον
3323 663 3440 730 μὲν
3477 663 3696 730 ἔχοντα

2017 748 2236 814 σοφίας
2289 747 2357 798 ἐν
2391 746 2847 812 έ-θελοθρηττκείςι
2883 749 2979 800 καὶ
3029 752 3546 818 ταπεινοφροσύνῃ
3598 753 3693 804 καὶ

2015 831 2283 900 ἀφειδείᾳ
2323 835 2618 900 σώματος,
2653 833 2762 886 οὐκ
2811 834 2880 886 ἐν
2910 835 3046 903 τιμῇ
3080 853 3195 888 τινι
3238 836 3389 903 πρὸς
3421 840 3699 906 πλησμοοο

2016 920 2138 985 νὶιν
2161 918 2269 986 τῆς
2288 921 2533 987 σαρκός.
2559 914 2705 981 υίον,
2739 919 2992 973 ἐϐούλετο
3025 922 3355 990 Ἰουδαῖσμδν
3381 925 3695 992 εἰσαγαγεῖν

2017 1007 2045 1058 ὁ
2075 1005 2315 1068 διάϐολος
2337 1022 2348 1034 °
2379 1009 2426 1059 εί
2470 1007 2566 1076 μὲν
2595 1003 2688 1059 οὖν
2717 1007 2939 1060 αὐτόθεν
2973 1008 3134 1060 αὑτὸν
3165 1011 3476 1078 εἰσήγαγεν,
3510 1011 3611 1063 οὑκ
3629 1012 3696 1064 ἂν

2017 1089 2259 1147 ἔπεισεν.
2287 1093 2430 1162 Ὅρα
2465 1093 2643 1145 τοίνυν
2689 1094 2804 1156 πῶς
2830 1093 2990 1146 αὑτὸν
3019 1094 3405 1148 κατεσκεύασε.
3460 1097 3550 1147 Δεῖ
3603 1097 3695 1150 τοῦ

2019 1176 2268 1246 σώματος
2316 1179 2575 1246 ἀφειδεῖν,
2623 1180 2775 1248 φησί.
2827 1179 3117 1248 Φιλοσοφία
3169 1179 3327 1232 τοῦτό
3357 1182 3492 1242 ἐστι,
3524 1181 3585 1233 τὸ
3623 1182 3695 1250 μὴ

2018 1265 2336 1332 προσίεσθαι
2375 1264 2589 1334 βρῶμα,
2629 1265 2763 1318 ἀλλά
2807 1269 3178 1337 παρατηρεῖν·
3230 1268 3696 1338 ταπεινοφροσύνη

2015 1349 2174 1403 τοῦτό
2227 1353 2361 1404 ἐστι.
2422 1352 2532 1404 Καὶ
2559 1352 2652 1405 νῦν
2687 1353 2743 1404 δὲ
2776 1352 2934 1406 πάλιν
2965 1355 3057 1405 ἐπὶ
3085 1353 3193 1405 τῶν
3226 1354 3516 1423 αἱρετικῶν
3547 1353 3700 1406 ὲϐούο

2016 1437 2136 1489 λετο
2173 1439 2317 1508 ἡμᾶς
2346 1441 2426 1502 είς
2480 1439 2579 1510 τὴν
2627 1439 2799 1492 κτίσιν
2857 1443 3211 1508 καταγαγεῖν.
3252 1443 3392 1511 Ὅρα
3419 1441 3550 1509 γοῦν
3579 1441 3697 1504 πῶς

2018 1523 2385 1576 κατεσκεύασε
2419 1524 2508 1576 τὸν
2539 1525 2705 1577 δόλον·
2753 1525 2814 1576 Εἰ
2841 1523 3012 1591 εἶπεν,
3043 1528 3124 1579 ὅτι
3156 1527 3346 1579 Κτίσιν
3378 1527 3693 1596 προσκύνει,

2016 1608 2158 1662 ἑάλω
2195 1611 2259 1663 ἄν
2281 1627 2293 1640 ·
2331 1611 2464 1663 ἀλλὰ
2497 1612 2584 1676 τίς
2616 1614 2672 1664 Ὀ
2712 1613 2864 1677 Θεὸς,
2895 1613 3047 1682 φησί,
3080 1613 3294 1676 κτιστός
3329 1616 3498 1669 ἐστιν.
3535 1615 3696 1667 Ἀλλὰ

2016 1695 2372 1766 ἀποδύσωμεν
2425 1698 2574 1769 παρὰ
2629 1703 2694 1769 τῇ
2740 1699 2908 1770 ψήφῳ
2953 1699 3062 1753 τῶν
3092 1699 3419 1764 δικαζόντων
3452 1701 3542 1754 τὸν
3571 1701 3694 1754 νοῦν

2013 1781 2121 1833 τῶν
2151 1783 2382 1853 Γραφῶν
2416 1785 2524 1838 τῶν
2575 1786 2948 1840 ἀποστολικῶν
2968 1803 2981 1817 ⁸
3024 1788 3140 1840 ἐκεῖ
3166 1787 3329 1840 αὑτὸν
3361 1788 3658 1858 ἀγάγωμεν
3679 1805 3691 1817 ·

2012 1868 2166 1921 αὑτοὶ
2204 1870 2596 1938 ἐπιγνώσονται
2653 1874 2747 1926 καὶ
2797 1874 2858 1926 τὸ
2910 1875 3171 1944 κήρυγμα
3202 1877 3294 1927 καὶ
3343 1874 3441 1946 τὴν
3479 1875 3691 1928 λαλιάν.

2011 1955 2200 2008 Πολλοί
2250 1956 2421 2029 κέρδη
2471 1959 2859 2030 κερδαίνουσιν,
2897 1961 2982 2012 ἵνα
3031 1960 3194 2030 ἔχωσι
3225 1962 3422 2014 διδόναι
3475 1961 3692 2039 πένησι,

2007 2043 2170 2116 κέρδη
2205 2046 2363 2099 ἄδικα
2387 2064 2400 2076 ’
2438 2049 2530 2100 καὶ
2561 2044 2714 2111 οὗτος
2735 2050 2970 2118 χαλεπὸς
3003 2050 3032 2101 ό
3066 2049 3345 2118 λογισμός.
3387 2049 3524 2101 Ἀλλ’
3553 2051 3693 2103 ἀπο-

2007 2133 2400 2204 σκευασώμεθα
2445 2135 2626 2200 αὑτὸν,
2665 2137 2991 2206 ὲλέγξωμεν,
3053 2138 3151 2190 ἵνα·
3183 2137 3256 2207 μὴ
3290 2136 3530 2205 ἁλῶμεν,
3557 2136 3692 2189 ἀλλὰ

2010 2219 2187 2283 πάσας
2242 2221 2595 2291 διαφυγόντες
2635 2225 2731 2287 τὰς
2791 2225 3038 2294 μηχανάς
3089 2224 3183 2276 τοῦ
3241 2225 3486 2276 διαϐόλευ
3541 2224 3695 2294 δυνη-

2010 2305 2192 2376 θῶμεν
2246 2308 2382 2376 μετά
2430 2310 2715 2378 ἀκριϐείας
2767 2310 2834 2363 τά
2885 2312 3011 2380 ὑγιῆ
3057 2311 3314 2380 δόγματα
3348 2309 3690 2379 κατέχοντες,

2012 2392 2151 2463 μετά
2183 2394 2478 2464 ἀσφαλείας
2507 2397 2598 2448 καὶ
2624 2397 2714 2449 τὸν
2747 2397 2987 2468 παρόντα
3019 2397 3131 2466 βίον
3153 2397 3422 2458 διανύσαι,
3455 2397 3549 2447 καὶ
3579 2394 3690 2448 τῶν

2009 2481 2434 2552 ἐπηγγελμένων
2467 2483 2686 2551 ἀγαθῶν
2711 2487 2912 2553 τυχεῖν,
2943 2486 3128 2556 χάριτι
3183 2485 3277 2538 καί⁵
3311 2482 3690 2553 φιλανθρωπίᾳ

2012 2569 2104 2621 τοῦ
2133 2569 2335 2638 Κυρίου
2363 2570 2519 2638 ἡμῶν
2549 2571 2722 2641 Ἰησοῦ
2752 2572 3010 2643 Χριστοῦ,
3046 2568 3241 2644 μεθόῦ
3270 2571 3347 2642 τῷ
3378 2571 3548 2641 Hath
3573 2570 3690 2639 ἆμα

2015 2656 2088 2726 τῷ
2121 2657 2259 2726 ἀγίῳ
2285 2658 2566 2728 Πνεύματι
2585 2660 2731 2725 δόξα,
2761 2661 2984 2731 κράτος.
3020 2662 3174 2733 τιμὴ,
3210 2661 3306 2715 νῦν
3332 2663 3424 2714 καίΙ
3457 2661 3563 2726 ἀεὶ,
3596 2661 3690 2716 καὶ

2010 2746 2091 2806 είς
2119 2745 2245 2808 τοὺς
2281 2746 2482 2820 αἰῶνας
2512 2747 2618 2800 τῶν
2650 2747 2882 2802 αίῶνων.
2928 2749 3119 2819 ’Δμήν.

360 2863 3578 2893 mm

1615 2945 1764 3018 [286]
1801 2945 2040 3000 ΟΜΙΛΙΛ
2101 2949 2230 3001 AH'.

227 3041 347 3095 Ἔν
368 3037 438 3093 δὲ
458 3037 588 3103 ταῖς
627 3035 892 3104 Ἀθήναις
915 3034 1312 3105 ἐκδεχομένου
1346 3038 1568 3104 αὐτοὺς
1611 3037 1718 3091 τοῦ
1750 3041 1907 3092 Παύο

292 3114 441 3171 λου,
477 3107 862 3176 παρωξύνετο
897 3106 961 3158 τὸ
995 3107 1231 3176 πνεῦμα
1266 3109 1454 3161 αὐτοῦ
1475 3109 1544 3161 έν
1567 3108 1745 3173 αὐτῷ,
1773 3112 1910 3162 θεω-

285 3179 510 3248 ροῦντι
553 3171 920 3248 ἇιατείδωλον
955 3171 1161 3248 οὖσαν
1203 3176 1330 3248 τῂν,
1363 3177 1569 3248 πόλιν.
1607 3171 1909 3248 Διεζιίἐγετο

285 3242 411 3318 μὲν
439 3242 554 3318 οὖν
584 3247 653 3300 ἐν
679 3243 752 3312 τῇ
796 3244 1118 3318 συναγωγῇ
1161 3242 1284 3318 τοῖς
1322 3247 1621 3318 Ἰουδαίοις
1651 3249 1748 3318 καὶ
1782 3242 1908 3318 τοῖς

295 3313 680 3386 σεϐομένοις,
719 3313 816 3367 καὶ
847 3313 916 3366 έν
942 3313 1014 3386 τῇ
1049 3313 1232 3382 ἀγορᾷ
1261 3315 1409 3368 κατὰ
1445 3313 1654 3370 πᾶσαν
1683 3316 1910 3386 ἡμέραν

295 3383 460 3454 πρὸς
479 3385 620 3450 τοὺς
659 3383 1249 3451 παρατυγχάνοντας.

295 3497 371 3546 α’.
406 3490 552 3561 Ὅρα
574 3487 735 3541 αὑτὸν
763 3487 982 3558 μείζους
1008 3488 1198 3560 ἔχοντα
1232 3491 1570 3562 πειρασμοὺς
1595 3491 1744 3562 παρά
1777 3493 1908 3545 ’1ου-

217 3579 438 3643 δαίοις,
503 3578 537 3649 ἢ
608 3577 738 3648 παρ’
799 3578 1076 3648 Ἕλλησιν.
1137 3578 1226 3632 Ἐν
1273 3579 1404 3648 γοῦν
1449 3580 1701 3652 Ἀθήναις
1757 3583 1907 3636 οὐδὲν

217 3668 434 3737 πάσχει
476 3664 738 3728 τοιοῦτον,
779 3665 916 3720 ἀλλά
952 3667 1112 3738 μέχρι
1149 3667 1384 3736 γέλωτος
1422 3668 1482 3722 τὸ
1513 3671 1620 3723 πᾶν
1659 3671 1907 3742 προύχώ-

220 3769 390 3824 ρησε,
448 3752 629 3805 καίτοι
685 3769 749 3819 γε
795 3751 1043 3805 ἔπεισεν·
1087 3755 1145 3807 ἐν
1196 3754 1252 3807 δὲ
1295 3753 1568 3818 Ἰουδαίοις
1629 3757 1798 3810 πολλὰ
1840 3758 1910 3812 τὰ

218 3839 411 3894 δεινά⁹
456 3839 632 3902 οὕτως
672 3835 812 3909 ἦσαν
851 3839 1368 3912 ἐκπεπολεμωμένοι
1419 3842 1638 3912 μᾶλλον.
1681 3842 1771 3896 Διδ
1814 3846 1907 3898 καί

217 3942 434 3996 ςησιψ
489 3927 586 3978 Ἐν
629 3926 698 3980 δέ
743 3927 872 3992 ταῖς
916 3927 1194 3994 Ἀθήναις
1244 3928 1645 3998 ἐκδεχομένου
1687 3931 1906 3997 αὐτοὺς

221 4013 337 4067 τοῦ
369 4014 645 4078 Παύλου,
673 4015 1054 4082 παρωξύνετο
1081 4013 1147 4068 τὸ
1174 4016 1408 4084 πνεῦμα
1427 4016 1614 4070 αὐτοῦ
1634 4018 1704 4070 ἐν
1724 4019 1903 4085 αὐτῷ,

217 4103 554 4171 ῦεωροῦντι
601 4102 966 4156 κατείδωλον
1016 4103 1214 4157 οὖσαν
1272 4102 1386 4171 τὴν
1425 4105 1622 4158 πόλιν.
1668 4105 1906 4169 Είκότως

215 4191 620 4260 παροξύνεται·
653 4191 713 4243 οὑ
752 4191 860 4260 γὰρ
893 4185 963 4261 ἦν
989 4187 1220 4260 ἀλλαχοῦ
1263 4191 1502 4245 τοσαῦτα
1535 4191 1660 4245 ἰδεῖν
1689 4192 1901 4245 εἴδωλα.

214 4279 539 4347 Διελέγετο
571 4277 690 4347 μὲν
728 4273 842 4331 οὖν
865 4277 935 4330 ἐν
965 4276 1040 4345 τῇ
1074 4278 1398 4348 συναγωγῇ
1437 4279 1560 4346 τοῖς
1601 4279 1904 4345 Ἰουδαίοις

214 4367 320 4420 καί
358 4367 489 4433 τοῖς
529 4365 881 4434 σεϐομένοις
904 4405 918 4430 ,
951 4366 1048 4419 καί
1089 4366 1160 4420 ἐν
1193 4365 1264 4434 τῇ
1299 4365 1486 4435 ἀγορᾷ
1511 4368 1664 4422 κατὰ
1696 4367 1904 4424 πᾶσαν

213 4457 456 4524 ἡμέραν
501 4455 655 4521 πρὸς
714 4453 856 4520 τοὺς
916 4451 1504 4520 παρατυγχάνοντας.
1531 4455 1693 4525 Ὅρα,
1741 4455 1901 4510 πάλιν

225 4543 514 4604 Ἰουδαίοις
564 4540 887 4608 διαλέγεται,
944 4540 1282 4610 πανταχόθεν
1345 4541 1709 4612 ἐπιστομίζων
1773 4545 1899 4608 τοὺς

211 4631 547 4685 καταλιπεῖν
572 4629 767 4690 αὑτοὺς
807 4628 1063 4695 λέγοντας
1102 4628 1189 4680 διὰ
1224 4629 1285 4682 τὸ
1323 4628 1458 4699 πρὸς
1485 4629 1556 4682 τά
1595 4629 1723 4701 ἔθνη
1778 4631 1898 4685 ὲπι-

212 4717 552 4786 στραφῆναι.
567 4714 887 4784 Θαυμαστὸν
911 4715 1024 4778 πῶς
1051 4715 1110 4767 οὑ
1130 4714 1496 4782 κατεγέλασαν
1520 4717 1568 4768 οἰ
1595 4715 1891 4786 φιλόσοφοι,

207 4803 387 4865 οὕτως
420 4802 589 4856 αὑτοῦ
611 4800 1007 4869 φθεγγομένου,
1033 4800 1360 4870 ὑϐριστικῶς
1384 4800 1586 4862 εὐθέως
1602 4843 1616 4867 ,
1635 4803 1756 4855 οὑδὲ
1797 4804 1894 4855 άπ-

211 4891 499 4959 επήδησαν
529 4887 638 4940 ἀπὸ
659 4886 754 4939 τοῦ
780 4887 1154 4958 κηρύγματος,
1177 4887 1422 4951 εἰπόντες
1443 4906 1456 4920 ο
1485 4889 1709 4959 Μακρὸν
1735 4889 1892 4942 τοῦτο

211 4975 557 5045 φιλοσοφίας.
583 4975 709 5028 Ὀτι
741 4973 931 5027 οὑδένα
958 4974 1126 5044 τῦφον
1152 4970 1298 5044 εἶχεν
1319 4992 1332 5006 ο
1365 4975 1539 5040 ἄλλως
1567 4977 1644 5041 δὲ,
1678 4977 1758 5030 ὅτι
1789 4979 1889 5032 οὑκ

208 5065 392 5117 ἐνόουν
413 5064 539 5116 οὑδὲ
563 5061 814 5116 συνίεσάν
844 5079 895 5114 τι
932 5062 1041 5115 τῶν
1063 5062 1387 5132 λεγομένων.
1415 5064 1540 5127 Πῶς
1571 5065 1677 5137 γάρ
1714 5067 1761 5118 οἱ
1790 5067 1888 5136 μὲν

212 5150 372 5221 σῶμα
395 5149 486 5203 τὸν
517 5149 653 5202 Θεὸν
671 5148 942 5216 λέγοντες.
966 5150 1016 5202 οί
1044 5149 1100 5202 δὲ
1133 5149 1321 5220 ἡδονὴν
1351 5150 1447 5221 τὴν
1471 5153 1848 5224 μακαριότητα
1869 5173 1882 5218 ;

217 5237 380 5302 Τινὲς
409 5235 479 5290 δὲ
515 5235 755 5290 καὶτῶν
788 5237 1209 5304 Ἐπικουρείων
1237 5236 1335 5290 καὶ
1360 5237 1478 5290 τῶν
1508 5239 1778 5292 Στωϊκῶν
1798 5259 1887 5309 φι-

206 5325 500 5392 λοσόφων
537 5321 882 5376 συνέϐαλον
910 5323 1089 5387 αὐτῷ,
1132 5323 1234 5376 καί
1262 5339 1422 5390 τινες
1452 5325 1682 5394 ἕλεγονσ
1721 5329 1780 5380 Τί
1807 5327 1884 5381 ἂν

210 5410 370 5464 θέλοι
411 5413 446 5464 ό
485 5411 906 5479 σπερμολόγος
944 5406 1124 5476 οὗτος
1162 5413 1402 5480 λέγειν;
1447 5414 1510 5464 Οἱ
1541 5411 1609 5464 δέ
1632 5429 1645 5442 ο
1683 5411 1885 5468 Ξένων

210 5496 535 5566 δαιμονίων
559 5497 731 5550 δοκεῖ
748 5497 1148 5567 καταγγελεὺς
1168 5494 1320 5551 εἶναι
1341 5513 1353 5524 ⁸
1377 5497 1467 5550 ὅτι
1496 5497 1604 5552 τὸν
1639 5501 1883 5568 Ἰησοῦν

214 5584 308 5637 καί
327 5584 443 5651 τὴν
460 5582 811 5638 ἀνάστασιν
853 5583 1288 5654 εὺηῃελίᾷτο.
1336 5584 1446 5637 Καὶ
1472 5584 1581 5654 γάρ
1620 5586 1716 5658 τὴν
1753 5589 1886 5642 ἀνά-

215 5685 393 5724 στασιν
419 5670 556 5724 Θεόν
589 5687 713 5723 τινα
743 5665 883 5723 εἶναι
904 5671 1156 5741 ἐνόμιζον
1180 5713 1194 5736 ,
1244 5671 1341 5724 ἅτε
1386 5672 1636 5736 εἰωθότες
1659 5675 1752 5728 καὶ
1792 5676 1886 5748 θηο

210 5754 350 5818 λείας
370 5757 576 5810 σέϐειν.
618 5758 1077 5826 Ἐπιλαϐόμενοί
1100 5775 1162 5812 τε
1182 5759 1389 5823 αὑτοῦ,
1409 5759 1506 5812 ἐπὶ
1531 5759 1637 5812 τὸν
1658 5762 1888 5830 Ἀρειον

214 5841 399 5910 πάγον
429 5843 685 5912 ἤγαγον,
740 5844 1056 5913 λέγοντες
1094 5847 1404 5915 Δυνάμεθα
1455 5847 1673 5914 γνῶναι
1717 5850 1806 5915 τίς
1854 5854 1886 5920 ἡ

219 5931 563 5999 καινῖμιῦτη
603 5932 639 5998 ὴ
697 5933 809 5986 ὑπὸ
854 5934 968 5986 σοῦ
1024 5935 1374 6003 λαλουμένη
1416 5933 1668 6003 meum;
1730 5935 1885 5998 ξενία

2012 3038 2188 3098 ζοντα
2208 3040 2317 3110 γάρ
2345 3059 2479 3097 τινα
2508 3045 2807 3114 εἰσφέρεις
2844 3048 2930 3112 εἰς
2959 3047 3065 3114 τὰς
3096 3048 3284 3116 ἀκοὰς
3308 3051 3477 3120 ἡμῶν
3495 3067 3509 3083 ·
3532 3054 3687 3117 ,βου-

2009 3129 2233 3196 λόμεοα
2261 3125 2375 3184 οὖν
2402 3128 2624 3199 γνῶναι
2653 3133 2709 3185 τί
2761 3133 2838 3186 ἂν
2881 3135 3043 3189 θέλοι
3084 3135 3272 3191 ταῦτα
3312 3135 3481 3195 εἶναι.
3508 3135 3686 3210 Ἶῐγον

2011 3214 2174 3266 αὑτὸν
2222 3215 2315 3268 ἐπὶ
2367 3217 2458 3272 τὸν
2491 3219 2712 3289 Ἀρειον
2761 3221 2955 3289 πάγον,
2996 3223 3093 3292 οὑχ
3128 3223 3268 3278 ὥστε
3321 3225 3533 3296 μαθεῖν,
3571 3227 3685 3281 ἁλλ’

2011 3295 2150 3350 ὥστε
2178 3298 2432 3364 κολάσαι,
2471 3301 2598 3354 ἔνθα
2653 3304 2708 3354 αί
2751 3305 2969 3371 φονικαὶ
3009 3305 3173 3360 δίκαι.
3227 3295 3366 3378 Ὅρα
3410 3307 3540 3376 γοῦν
3568 3309 3684 3374 πῶς

2011 3379 2108 3431 καὶ
2133 3382 2190 3433 ἐν
2212 3382 2388 3435 ἐλπίδι
2427 3385 2521 3437 τοῦ
2559 3385 2749 3456 μαθεῖν
2779 3387 2871 3440 καὶ
2903 3389 3177 3460 πανταχοῦ
3215 3390 3311 3461 τὴν
3335 3393 3686 3463 καινοτομίαν

2010 3467 2321 3534 ἐγκαλοῦσι.
2357 3472 2548 3525 Λάλων
2574 3473 2727 3538 πόλις
2756 3476 2788 3544 ἡ
2822 3475 2974 3538 πόλις
3003 3473 3342 3548 ἐκείνων
3387 3479 3685 3546 Ἀθηναῖοι

2011 3553 2079 3607 δὲ
2111 3557 2336 3625 πάντες
2390 3561 2488 3614 καί
2529 3564 2583 3614 οἱ
2638 3561 3070 3631 ἐπιδημοῦντες
3129 3564 3313 3628 ξένοι,
3353 3567 3440 3631 εἰς
3481 3566 3685 3634 ἕτερον

2011 3642 2191 3696 οὐδὲν
2214 3646 2599 3716 sima/poeni}
2619 3649 2823 3719 λέγειν
2849 3667 2903 3703 τι
2928 3650 3027 3704 καί
3043 3651 3289 3705 ἀκούειν
3313 3654 3678 3721 καινότερον.

2011 3730 2254 3795 Σταθεὶς
2283 3731 2350 3784 δέ
2383 3736 2416 3786 ό
2467 3735 2706 3801 Παῦλος
2751 3737 2820 3788 ἐν
2857 3737 3024 3805 μέσῳ
3057 3737 3163 3792 τοῦ
3201 3739 3428 3806 Ἀρείου
3462 3741 3679 3810 πάγου,

2007 3813 2154 3881 ἔφη’
2193 3815 2442 3885 Ἀνδρες
2492 3820 2823 3887 Ἀθηναῖοι,
2859 3822 3008 3875 κατὰ
3038 3824 3236 3877 πάντα
3279 3826 3361 3891 ὡς
3402 3826 3684 3880 δεισιδαι-

2002 3900 2409 3968 μονεστέρους
2437 3903 2591 3971 ὑμᾶς
2616 3907 2829 3974 θεωρῶ.
2863 3910 3251 3978 Διερχόμενος
3274 3912 3384 3981 γὰρ
3407 3912 3504 3965 καί
3531 3914 3679 3968 ἀνα-

2008 3987 2238 4055 θεωρῶν
2265 3989 2335 4042 τὰ
2356 3990 2701 4060 σεϐάσματα
2741 3993 2910 4062 ὑμῶν
2934 4007 2984 4060 ⁸,
3015 3989 3197 4062 εὗρον
3219 3997 3315 4050 καί
3347 3999 3576 4067 βωμὸν,
3612 3999 3682 4054 ἐν

2006 4067 2054 4140 ᾧ
2087 4075 2517 4146 έπεγέγραπτσ
2537 4079 2838 4148 Ἀγνώστῳ
2866 4080 3004 4145 Θεῷ.
3037 4084 3148 4134 Ὃν
3178 4077 3292 4136 οὖν
3317 4084 3680 4153 ἀγνοοῦντες

2004 4162 2340 4226 εὐσεϐεῖτε,
2401 4163 2617 4219 τοῦτον
2659 4165 2774 4235 ἐγὼ
2825 4167 3212 4236 καταγγέλλω
3256 4169 3416 4237 ὑμῖν.
3471 4170 3680 4242 Ὥσπερ

2006 4249 2370 4320 ἐγκωμιάζων
2390 4251 2607 4320 αὑτοὺς,
2631 4252 2778 4307 δοκεῖ
2802 4254 2952 4310 οὐδὲν
2975 4253 3152 4322 λέγειν
3176 4255 3335 4326 βαρύ.
3365 4256 3463 4322 Ὠς
3490 4256 3675 4312 δεισι-

2006 4339 2508 4410 δαιμονεστέρους
2539 4342 2728 4410 ὑμᾶς,
2755 4345 2914 4414 φησί,
2949 4343 3169 4412 θεωρῶο
3194 4344 3484 4409 τουτέστιν,
3521 4345 3679 4399 εὑλα-

2005 4426 2309 4498 ϐεστέρους.
2329 4427 2595 4500 [2871'Er
2612 4423 2659 4496 ᾧ
2680 4430 3099 4501 ἐπεγέγραπτο·
3119 4432 3426 4503 Ἀγνώστῳ
3449 4433 3589 4498 Θεῷ.
3612 4435 3678 4488 Τί

2001 4514 2117 4567 ἐστι
2147 4512 2339 4580 τοῦτο;
2366 4517 2426 4569 Οἱ
2475 4517 2766 4588 Ἀθηναῖοι,
2796 4519 2984 4589 ἐπειδὴ
3018 4519 3158 4573 κατά
3188 4520 3415 4590 καιροὺς
3449 4521 3676 4588 πολλοὺς

2001 4602 2249 4667 ἐδέξαντο
2292 4601 2447 4666 θεοὺς
2495 4605 2586 4657 καὶ
2635 4605 2744 4657 ἀπὸ
2794 4606 2894 4674 τῆς
2946 4607 3272 4678 ὑπερορίας,
3332 4603 3442 4661 οἷον
3479 4609 3539 4662 τὸ
3579 4610 3678 4680 τῆς

2011 4687 2239 4758 Ἀθηνᾶς
2270 4690 2432 4761 ἱερὸν,
2451 4690 2541 4743 τὸν
2567 4693 2738 4756 Πᾶνα,
2772 4693 2866 4745 καί
2887 4693 3078 4757 ἄλλους
3100 4695 3414 4766 ἀλλαχόθεν,
3439 4698 3674 4752 δεδοικό-

1996 4791 2109 4837 τες,
2139 4777 2214 4845 μή
2250 4793 2379 4828 ποτε
2407 4777 2501 4829 καὶ
2535 4778 2690 4841 ἄλλος
2719 4796 2802 4841 τις
2902 4781 3082 4843 αὑτοῖς
3119 4781 3218 4850 μὲν
3243 4783 3454 4836 οὐδέπω
3477 4784 3673 4854 γνώρι-

2000 4879 2118 4932 μος,
2150 4862 2586 4934 θεραπευόμενος
2629 4865 2685 4917 δὲ
2732 4865 2990 4936 ἀλλαχοῦ,
3032 4867 3169 4938 ὑπὲρ
3223 4869 3465 4932 πλείονος
3515 4869 3674 4940 δῆθέν

1994 4949 2294 5017 ἀσφαλείας
2321 4952 2415 5005 καὶ
2458 4952 2632 5022 τούτῳ
2678 4953 2860 5022 βωμὸν
2901 4954 3135 5024 ἔστησαν
3165 4970 3179 4986 ο
3219 4956 3312 5007 καὶ
3349 4957 3533 5024 ἐπειδὴ
3575 4959 3674 5011 οὑκ

1991 5029 2058 5104 ἦν
2088 5035 2246 5104 δῆλος
2282 5037 2308 5088 ό
2333 5036 2487 5100 Θεὸς,
2509 5039 2914 5109 ἐπεγέγραπτο·
2956 5040 3268 5108 Ἀγνώστῳ
3309 5041 3448 5107 Θεῷ.
3477 5044 3673 5098 Τοῦτον

1991 5117 2082 5174 οὑν
2116 5123 2349 5190 Χριστὸν
2386 5124 2595 5190 Ἰησοῦν
2623 5121 2764 5177 εἶναι
2799 5125 3013 5189 Παῦλος
3039 5126 3206 5194 λέγει,
3241 5128 3441 5198 μᾶλλον
3471 5129 3525 5183 δὲ
3565 5133 3672 5184 τῶν

1989 5208 2208 5261 πάντων
2255 5209 2409 5266 Θεόν.
2443 5213 2553 5264 Ὃν
2583 5208 2697 5266 οὖν
2720 5213 3099 5280 ἀγνοοῦντες,
3130 5215 3314 5285 φησὶν,
3347 5219 3668 5286 εὐσεϐεῖτε,

1989 5296 2206 5350 τοῦτον
2257 5297 2372 5365 ἐγὼ
2427 5298 2814 5366 καταγγέλλω
2863 5299 3023 5368 ὑμῖν.
3077 5301 3219 5373 ’Ὀρα
3269 5304 3388 5367 πῶς
3424 5306 3666 5361 δείκνυσι

1987 5383 2386 5453 προειληφότας
2435 5384 2614 5437 αὑτόν.
2661 5385 2826 5438 Οὑδὲν
2870 5385 3038 5452 ξένον,
3073 5390 3256 5458 φησὶν,
3296 5392 3445 5445 οὐδὲν
3483 5395 3666 5446 καινὴν

1986 5469 2246 5540 εἰσφέρω.
2285 5469 2432 5522 Ἀνω
2474 5469 2569 5522 καὶ
2619 5470 2770 5524 κάτω
2803 5471 2960 5525 τοῦτο
3011 5473 3196 5543 ἔλεγον
3227 5479 3424 5530 ἐκεῖνοι
3449 5493 3460 5504 ·
3505 5480 3599 5542 Τίς
3624 5479 3662 5543 ἡ

1990 5555 2168 5625 καινὴ
2201 5557 2353 5624 αὕτη
2400 5559 2439 5624 ὴ
2478 5559 2828 5626 λαλουμένη
2890 5561 3016 5615 ὑπὸ
3047 5563 3164 5616 σοῦ
3213 5563 3463 5632 διδαχῆς
3510 5564 3662 5625 ξενί-

1987 5643 2161 5703 ζοντα
2188 5643 2298 5712 γάρ
2320 5661 2452 5698 τινα
2466 5644 2768 5712 εἰσφέρεις
2791 5649 2877 5711 εἰς
2897 5647 3003 5712 τὰς
3019 5648 3204 5713 ἀκοὰς
3226 5647 3410 5715 ἡμῶν.
3443 5647 3656 5711 Εὐθέως

1991 5725 2080 5783 οὖν
2116 5731 2331 5801 ἀναιρεῖ
2363 5731 2541 5783 αὑτῶν
2585 5732 2683 5800 τὴν
2723 5733 2990 5802 ὑπόληψιν
3013 5774 3027 5797 ,
3070 5733 3162 5786 καί
3191 5749 3384 5799 φησιν·
3428 5732 3491 5781 '0
3518 5735 3649 5800 (98“;

1991 5821 2306 5884 ὀποιήσας
2367 5819 2472 5873 τὸν
2517 5821 2776 5887 κόσμον,
2837 5821 2931 5873 καί
2986 5819 3178 5872 πάντα
3230 5817 3302 5868 τὰ
3345 5817 3414 5869 ἐν
3468 5820 3658 5888 αὐτῷ,

2054 5949 2069 5972 ⁸
2097 5950 2268 6002 Morel.
2285 5953 2343 6002 τα
2376 5954 2614 6018 σεϐάσμια
2639 5954 2697 6002 τὰ
2719 5955 2869 6014 ὑμῶν.
