3950 6208
526 405 630 460 9.69

541 511 724 580 οὗτος
746 513 1007 580 ούρανοῦ
1030 510 1123 562 καί
1158 509 1261 578 γῆς
1313 511 1534 576 Κύριος
1571 508 1883 578 ὑπάρχων.
1915 505 2071 572 Εἶτα,
2110 509 2206 561 ἵνα

530 603 606 672 μὴ
639 601 932 670 νομίσωσιν
975 611 999 638 ﬂ
1025 598 1119 649 ’ἐνα
1145 596 1252 648 τῶν
1285 596 1494 648 πολλῶν
1515 592 1673 661 εἶναι,
1697 595 2000 666 διορθοῦται
2020 595 2204 648 λοιπὸν

527 687 747 754 ἐπάγων
773 703 785 717 °
826 687 946 739 Οὐκ
975 686 1043 738 ἐν
1077 683 1511 753 χειροποιήτοις
1544 683 1712 748 ναοῖς
1745 682 2022 746 κατοικεῖ,
2059 680 2200 735 οὐδὲ

525 775 645 828 ὑπὸ
673 772 887 841 χειρῶν
928 771 1256 840 ἀνθρώπων
1300 772 1707 838 θεραπεύεται,
1758 769 2199 838 προσδεόμενός

527 878 708 924 τινος.
750 861 910 930 Ὁρᾷς
939 861 1086 923 ὅπως
1109 859 1250 912 κατὰ
1283 859 1473 928 μικρὸν
1494 858 1702 925 είσάγει
1723 857 1822 926 τὴν
1848 856 2200 926 φιλοσοφίαν;

529 949 645 1010 πῶς
685 946 963 1017 καταγελᾷ
986 947 1083 1015 τῆς
1117 945 1434 1015 Ἑλληνικῆς
1456 945 1699 1014 πλάνης;
1739 945 1889 1010 Δοὺς
1923 942 2076 1011 ζωὴν
2104 944 2202 994 καὶ

529 1035 729 1100 πνοιὴν
758 1037 853 1088 καὶ
891 1037 962 1088 τὰ
1015 1035 1240 1086 πάντα·
1282 1035 1535 1100 ἐποίησέ
1573 1050 1637 1085 τε
1690 1033 1759 1096 ἐξ
1785 1031 1923 1097 ἐνὸς
1951 1032 2202 1101 αἵματος

530 1121 652 1177 πᾶν
676 1123 851 1186 ἕθνος
893 1121 1219 1190 ἀνθρώπων
1257 1121 1554 1175 κατοικεῖν
1585 1121 1684 1174 ἐπὶ
1723 1119 1846 1175 πᾶν
1892 1120 1958 1173 τὸ
2009 1121 2198 1188 πρόσ-

531 1227 694 1263 ωπον
723 1209 830 1276 τῆς
862 1209 995 1276 γῆς.
1027 1208 1197 1261 Τοῦτο
1226 1209 1359 1262 Θεοῦ
1393 1209 1690 1280 ἱδιον.”υρα
1712 1207 1886 1261 τοίνυν
1920 1209 1969 1260 εἰ
2001 1207 2076 1279 μὴ
2107 1209 2199 1260 καὶ

531 1296 624 1348 ἐπὶ
647 1295 741 1348 τοῦ
769 1296 896 1348 Υἰοῦ
941 1295 1112 1349 ταῦτα
1145 1296 1397 1364 λέγεσθαι
1433 1295 1671 1349 δύναται.
1723 1293 2013 1363 Οὐρανοῦ,
2044 1295 2194 1365 φησὶ,

530 1383 627 1435 καὶ
662 1382 767 1452 γῆς
810 1384 1023 1450 Κύριος
1049 1383 1350 1452 ὑπάρχων,
1379 1384 1520 1455 ἅπερ
1559 1383 1806 1454 ἐνόμιζον
1836 1379 1974 1437 εἶναι
2019 1382 2195 1445 θεούς.

529 1471 638 1523 Καὶ
699 1472 798 1540 τὴν
839 1471 1196 1542 δημιουργίαν
1249 1472 1484 1542 ἐδήλωσε
1542 1471 1637 1524 καὶ
1690 1473 1814 1535 τοὺς
1857 1469 2193 1542 ἀνθρώπους.

536 1559 777 1627 Ὀρίσας
798 1558 1355 1628 προστεταγμένους
1376 1559 1617 1626 καιροὺς
1640 1559 1733 1612 καί
1755 1559 1860 1624 τὰς
1885 1559 2200 1628 ὁροθεσίας

524 1645 636 1712 τῆς
668 1647 976 1710 κατοικίας
1004 1646 1224 1710 αὐτῶν,
1285 1646 1478 1713 ὔιτεῖν
1524 1645 1631 1699 τὸν
1679 1646 1848 1711 Θεὸν,
1899 1649 1952 1701 εὶ
1987 1646 2100 1714 ἄρα
2133 1663 2198 1716 γε

524 1735 962 1802 ψηλαφήσειαν
991 1735 1176 1787 αὑτὸν
1217 1734 1316 1786 καὶ
1367 1735 1610 1800 εὕροιεν,
1661 1735 1851 1788 καίτοι
1907 1752 1972 1804 γε
1998 1737 2069 1788 οὐ
2089 1751 2201 1803 μα-

526 1822 676 1888 κρὰν
699 1822 818 1876 ἀπὸ
849 1823 988 1888 ἐνὸς
1015 1822 1278 1876 ἑκάστου
1314 1821 1483 1891 ήμῶν
1505 1822 1876 1891 ὑπάρχοντα.
1919 1825 2021 1876 Ἐν
2041 1823 2200 1889 αὐτῷ

527 1909 634 1977 γὰρ
668 1907 872 1977 ζῶμεν,
908 1912 1003 1964 καί
1033 1913 1374 1980 κινούμεθα,
1407 1909 1506 1963 καί
1536 1909 1744 1979 ἐσμέν,
1790 1911 1869 1976 ὡς
1918 1912 2020 1964 καί
2041 1928 2200 1976 τινες

526 1994 644 2048 τῶν
680 1999 820 2049 καθ’
841 1997 996 2066 ὑμᾶς
1028 1998 1291 2062 ποιητῶν
1322 1998 1632 2066 εἰρήκασι·
1679 1998 1788 2052 Τοῦ
1827 1998 1937 2066 γὰρ
1968 1999 2065 2052 καί
2107 1999 2200 2067 ’γέ-

526 2097 634 2146 νος
662 2082 870 2150 ἐσμέν.
915 2084 1086 2136 Τοῦτο
1119 2085 1354 2156 Ἀρατος
1404 2082 1554 2138 εἶπεν
1597 2087 1625 2136 6
1655 2086 1904 2156 ποιητής.
1947 2087 2086 2156 Ὀρα
2109 2086 2200 2138 καὶ

526 2170 634 2222 ἀπὸ
662 2171 769 2224 τῶν
798 2172 900 2224 ὑπ’
931 2171 1109 2224 αὐτῶν
1143 2172 1463 2242 γινομένων,
1497 2172 1591 2224 καί
1623 2172 1731 2225 ἀπὸ
1759 2172 1865 2224 τῶν
1894 2173 2200 2243 εἰρημένων

525 2256 623 2320 τὰς
645 2258 948 2326 ἀποδείξεις
973 2260 1296 2330 παρέχοντα.
1330 2261 1517 2325 ι’ένος
1541 2255 1656 2314 οὖν
1688 2257 2063 2328 ὑπάρχοντες
2093 2261 2201 2315 τοῦ

529 2345 698 2408 Θεοῦ,
749 2349 860 2398 οὐκ
908 2349 1230 2416 ὀφείλομεν
1280 2347 1537 2416 νομίζειν
1599 2346 1806 2416 χρυσῷ
1837 2346 1872 2414 ἣ
1904 2347 2199 2416 ἀργύρῳῆ

527 2437 694 2499 λίθῳ,
729 2433 1057 2502 χαράγματι
1092 2436 1118 2473 b
1168 2434 1385 2502 τέχνης
1414 2435 1507 2488 καί
1561 2435 1944 2502 ἐνθυμήσεως
1983 2437 2202 2503 ἀνθρώ-

529 2538 648 2575 που
699 2520 761 2573 τύ
791 2521 963 2574 Θεῖον
990 2517 1142 2574 εἶναι
1174 2521 1398 2590 ὅμοιον.
1432 2521 1541 2575 Καὶ
1563 2523 1668 2593 μὴν
1693 2522 1780 2574 διὰ
1805 2522 1979 2586 τοῦτο,
2014 2524 2198 2592 φησὶν,

529 2610 834 2680 ὀφείλομεν.
873 2609 1136 2679 Οὐδαμῶς
1162 2627 1175 2640 ’
1201 2611 1262 2662 06
1311 2611 1420 2680 γὰρ
1454 2610 1518 2681 δὴ
1548 2612 1710 2680 ἡμεῖς
1747 2613 1946 2681 ὅμοιοι,
1991 2611 2113 2664 ούδέ
2145 2615 2200 2665 αἰ

526 2698 696 2766 ψυχαί
729 2698 784 2748 αί
819 2697 1106 2768 ἡμέτεραι.
1136 2697 1199 2749 Τί
1220 2698 1420 2767 δήποτε
1441 2700 1541 2750 οὐκ
1568 2698 1697 2769 ἔστη
1731 2699 1865 2770 πρὸς
1888 2698 2201 2767 φιλοσοφίαν

527 2784 705 2849 εὐθὺς,
738 2785 832 2838 καὶ
863 2779 1014 2838 εἶπεν
1036 2784 1124 2838 "0
1154 2785 1284 2847 Θεὸς
1317 2784 1606 2856 ἀσώματος
1636 2784 1821 2853 φύσει,
1855 2786 2084 2857 ἀόρατος
2109 2789 2202 2840 καὶ

526 2875 970 2942 ἀσχημάτιστος;
1011 2874 1130 2926 Ὅτι
1169 2874 1422 2943 περιττὸν
1457 2874 1592 2938 τέως
1616 2873 1790 2927 ἐδόκει
1826 2874 1998 2928 ταῦτα
2021 2874 2202 2944 λέγειν

527 2963 663 3031 πρὸς
690 2960 1010 3032 ἀνθρώπους
1044 2963 1210 3031 μήπω
1263 2962 1557 3031 μαθόντας,
1588 2962 1666 3015 ὅτι
1710 2963 1825 3015 ἔστι
1860 2963 2018 3032 μόνος
2046 2963 2197 3025 Θεός.

429 3046 434 3051 ’
526 3048 626 3102 Διά
682 3047 841 3101 τοῦτο
884 3050 1066 3102 ἐκεῖνα
1117 3050 1290 3102 εἰπεῖν
1343 3049 1520 3116 ἀφεὶς,
1586 3049 1719 3118 πρὸς
1777 3051 1836 3102 τὸ
1872 3050 2201 3121 ζητούμενον

527 3137 764 3202 ἵσταται,
785 3135 878 3190 καί
908 3153 1037 3205 φησι
1055 3151 1068 3165 ·
1100 3135 1244 3201 Τοὺς
1267 3136 1382 3204 μὲν
1403 3131 1518 3189 οὖν
1542 3137 1799 3203 χρόνους
1821 3135 1932 3203 τῆς
1954 3137 2202 3204 ἀγνοίας

527 3225 823 3294 ὑπεριδὼν
849 3228 880 3279 ὀ
917 3225 1082 3290 Θεὸς,
1115 3224 1188 3278 τὰ
1213 3223 1330 3278 νῦν
1370 3223 1770 3293 παραγγέλλει
1812 3223 1940 3289 τοῖς
1979 3225 2201 3291 ἀνθρώ-

526 3329 661 3379 ποις
689 3311 840 3368 πᾶσι
863 3311 1173 3380 πανταχοῦ
1210 3312 1548 3381 μετανοεῖν,
1575 3312 1724 3364 διότι
1768 3312 2032 3378 ἔστησεν
2059 3312 2200 3382 ἡμέ-

518 3419 544 3467 !
560 3416 658 3462 αν,
683 3401 753 3452 ἐν
775 3395 812 3470 ᾗ
835 3398 1046 3466 μέλλει
1070 3398 1296 3465 κρίνειν
1320 3397 1434 3466 τὴν
1469 3396 1829 3466 οἰκουμένην
1870 3398 1940 3450 ἐν
1974 3398 2199 3452 δικαιο-

523 3487 710 3552 σύνῃ,
743 3487 811 3539 ἐν
847 3485 1018 3552 ἀνδρί
1053 3477 1100 3550 ᾧ
1129 3484 1326 3552 ὥρισε,
1379 3485 1587 3538 πίστιν
1618 3483 1948 3552 παρασχὼν
1989 3484 2196 3546 πᾶσιν,

524 3570 880 3638 ἀναστήσας
909 3573 1093 3625 αὑτὸν
1115 3572 1182 3624 ἐκ
1209 3570 1454 3638 νεκρῶν.
1485 3572 1646 3642 Ὅρα,
1668 3572 1993 3633 κατασείσας
2022 3573 2199 3625 αὐτῶν

523 3659 620 3728 τὴν
655 3658 890 3712 διάνοιαν
923 3657 1000 3728 τῷ
1047 3659 1241 3723 εἰπεῖν,
1277 3660 1586 3725 Ἔστησεν
1614 3659 1870 3726 ἡμέραν,
1913 3660 2006 3711 καί
2034 3659 2200 3730 φοϐή-

527 3764 644 3811 σας,
667 3747 789 3799 τότε
813 3747 1083 3817 εὐκαίρως
1113 3747 1306 3812 ἐπάγει
1351 3746 1507 3800 τοῦτο
1539 3747 1599 3799 τὸ
1618 3787 1632 3811 ,
1678 3747 2060 3816 Ἀναστήσας
2093 3750 2199 3800 αὺ-

526 3835 631 3887 τὸν
651 3832 802 3906 [ε’-88]
815 3835 881 3887 ἑκ
908 3833 1158 3901 νεκρῶν.
1179 3833 1319 3886 Ἀλλ’
1345 3835 1544 3904 ἴδωμεν
1568 3835 1771 3889 ἄνωθεν
1808 3833 1875 3886 τὰ
1910 3835 2195 3906 εἰρημένα.

525 3924 630 3976 Ἑν
647 3922 714 3976 δὲ
726 3922 854 3988 ταῖς
870 3921 1133 3998 Ἀθήναις
1149 3921 1544 3993 ἐκδεχομένου
1557 3922 1777 3988 αὐτοὺς
1798 3923 1903 3976 τοῦ
1925 3925 2194 3988 Παύλου,

525 4012 936 4081 παρωξύνετο,
967 4014 1122 4082 φησὶ,
1159 4012 1224 4065 τὸ
1265 4011 1500 4082 πνεῦμα
1546 4011 1731 4066 αὐτοῦ
1769 4011 1838 4064 ἐν
1875 4009 2054 4076 αὐτῷ.
2085 4012 2198 4066 Ούκ

524 4101 694 4173 ὀργὴν
720 4101 953 4156 ἐνταῦθα
990 4101 1110 4155 οὐδὲ
1147 4102 1518 4172 ἀγανάκτησιν
1560 4104 1588 4154 6
1637 4098 2004 4169 παροξυσμὸς,
2061 4100 2196 4154 ἀλλὰ

455 4177 472 4192 χ
526 4189 798 4262 διέγερσιν
857 4191 953 4264 καὶ
1007 4189 1167 4261 ζῆλον
1220 4190 1398 4259 δηλοῖ,
1465 4187 1715 4258 καθάπερ
1766 4188 1861 4241 καὶ
1928 4187 2192 4258 ἀλλαχοῦ·

539 4278 830 4347 Ἐγένετο,
867 4278 1022 4347 φησὶ,
1055 4277 1446 4345 παροξυσμὸς
1463 4275 1691 4344 μεταξὺ
1714 4273 1928 4328 αὐτῶν.

596 4453 661 4522 β’.
693 4453 835 4522 Ὅρα
868 4451 926 4504 δὲ
955 4451 1069 4513 πῶς
1106 4451 1489 4520 οἰκονομεῖται,
1519 4449 1610 4502 καὶ
1641 4451 1841 4504 ἄκοντα
1874 4450 2052 4520 μεῖναι
2081 4449 2198 4502 ἐκεῖ

526 4537 879 4608 ἐκδεχόμενον
909 4537 1166 4600 ἐκείνους.
1213 4537 1277 4588 Τί
1302 4532 1395 4589 οῦν
1429 4537 1565 4600 ἐστι,
1592 4536 2012 4605 Πιιρωξύνετο;
2048 4536 2195 4588 Ἀντὶ

526 4625 642 4690 τοῦ,
667 4625 1014 4696 Διηγείρετο·
1061 4625 1230 4694 ὀργῆς
1255 4624 1362 4693 γὰρ
1409 4625 1505 4676 καὶ
1542 4625 1968 4694 ἀγανακτήσεως
2006 4625 2196 4695 πόρῤω

528 4715 588 4768 τὸ
609 4715 870 4785 χάρισμα.
901 4713 1017 4766 Οὐκ
1041 4712 1260 4782 ἔφερεν,
1314 4711 1442 4764 ἀλλ’
1480 4714 1725 4781 ἐτήκετο.
1763 4712 2063 4782 Διελέγετο
2079 4710 2197 4779 μὲν

526 4797 642 4857 οῦν
663 4803 733 4855 ἐν
762 4798 837 4868 τῇ
869 4797 1194 4868 συναγωγῇ
1225 4799 1350 4865 τοῖς
1396 4797 1721 4864 Ἰουδαίοις,
1754 4798 1910 4867 φησί,
1943 4798 2041 4851 καί
2071 4798 2195 4866 τοῖς

524 4887 892 4958 σεϐομένοις.
921 4887 1063 4957 Ὅρα
1096 4885 1256 4940 πάλιν
1284 4886 1442 4939 αὑτὸν
1479 4884 1613 4956 πρὸς
1651 4883 1934 4947 Ἰουδαίους
1955 4884 2195 4952 διαλεγό-

529 4990 708 5044 μενον.
742 4971 1077 5042 Σεὸομένους
1117 4972 1174 5025 δὲ
1207 4972 1334 5034 τοὺς
1371 4970 1744 5042 προσηλύτους
1771 4968 1940 5039 λέγει.
1971 4969 2197 5022 Διεσπά-

525 5077 698 5130 ρησαν
720 5059 830 5132 γὰρ
861 5061 913 5114 οἱ
953 5059 1195 5112 Ἰουδαῖοι
1219 5059 1490 5128 πανταχοῦ
1532 5057 1641 5111 ἀπὸ
1667 5057 1766 5127 τῆς
1791 5068 1812 5096 ο
1844 5057 1936 5110 τοῦ
1958 5057 2193 5128 Χριστοῦ

523 5147 847 5219 παρουσίας,
876 5146 993 5216 ἅμα
1023 5147 1122 5218 μὲν
1147 5147 1206 5213 ἐξ
1225 5145 1432 5200 ἐκείνου
1454 5143 1548 5199 τοῦ
1573 5144 1740 5214 νόμου
1765 5142 2049 5213 λυομένου,
2078 5142 2194 5211 ἅμα

521 5233 580 5286 δὲ
606 5233 948 5297 διδάσκοντες
987 5234 1268 5287 εὐσέϐειαν
1314 5236 1442 5296 τοὺς
1476 5231 1817 5302 ἀνθρώπους.
1862 5229 2001 5284 Ἀλλ’
2040 5230 2192 5284 οὐδὲν

523 5320 817 5392 ἐκέρδαναν
849 5321 1078 5385 ἐκεῖνοι,
1130 5322 1244 5385 ἀλλ’
1283 5323 1314 5391 ἢ
1355 5322 1512 5391 μόνον
1552 5319 1856 5392 μαρτυρίας
1889 5319 2046 5390 ἔσχον
2084 5319 2193 5373 τῶν

521 5407 736 5461 οἰκείων
768 5407 1081 5477 συμφορῶν.
1122 5409 1284 5473 Τινὲς
1320 5409 1407 5476 δὲ,
1441 5409 1594 5478 φησὶ,
1625 5407 1743 5461 τῶν
1777 5408 2194 5476 Ἐπικουρείων

521 5495 621 5550 καί
677 5492 796 5547 τῶν
854 5494 1128 5547 Στωϊκῶν
1202 5497 1556 5564 φιλοσόφων
1615 5495 1957 5548 συνέϐαλον
2011 5494 2190 5560 αὐτῷ.

525 5583 720 5636 Οὐκέτι
764 5581 1036 5652 Ἀθηναῖοι
1067 5584 1177 5644 τοῖς
1201 5582 1421 5646 οἰκείοις
1453 5583 1633 5650 νόμοις
1654 5582 1912 5654 ἐχρῶντο,
1953 5581 2048 5634 ἅτε
2071 5581 2193 5633 6m-

526 5673 778 5732 πεσόντες
808 5669 906 5740 ’ήδη
931 5670 1040 5732 τοῖς
1078 5667 1392 5738 Ῥωμαίοις.
1423 5668 1534 5721 Καὶ
1559 5669 1720 5723 πόθεν
1742 5669 2011 5739 ἠθέλησαν
2045 5664 2191 5721 οῦτοι

524 5758 850 5829 συμϐαλεῖν;
905 5756 1056 5810 Ἐπεὶ
1107 5756 1201 5810 καὶ
1255 5755 1445 5818 ἄλλους
1513 5754 1700 5826 ἐώρων
1755 5756 2186 5827 διαλεγομένους,

592 5957 906 6028 ξιξΐπὰρχων.
934 5963 1040 6012 Ἵνα
1059 5963 1148 6026 γὰρ
1172 5960 1632 6028 νομίσωσινηςίο
1671 5959 1885 6028 quidam.
1953 5959 1981 5999 λ
2008 5959 2181 6011 Mﬂ't‘l.

517 6025 544 6080 ἡ
601 6022 729 6068 λίθου
768 6021 1079 6086 χαράγματι.’
1121 6021 1142 6058 ί
1169 6021 1576 6084 Αιὶυενπανταγοῦ
1614 6021 1711 6094 πρὸ.
1743 6025 1842 6078 τῆς.

1324 398 1380 457 S.
1419 398 1702 454 JOANNIS
1741 395 2233 454 CHRYSOSTOMI
2273 394 2598 455 ARCIIIEP.
2639 399 3188 460 CONSTANTINOP.

2317 506 2408 559 καὶ
2443 508 2600 573 δόξαν
2629 509 2818 580 ἔχοντα
2845 513 2934 566 τὸν
2964 513 3273 585 ἄνθρωπον.
3293 519 3404 572 Καὶ
3428 520 3542 590 ὅρα,
3590 523 3776 588 εὐθέως

2315 598 2536 662 στικῶς·
2582 603 2848 669 Ψυχικὸς
2885 604 2997 673 γὰρ
3046 606 3358 676 ἅνθρωπος
3393 613 3464 664 ού
3506 611 3725 682 δέχεται
3751 635 3778 668 τ

2313 691 2679 758 ΙΙνεύματος.
2702 694 2902 748 Ξένων
2943 697 3281 767 δαιμονίων,
3309 705 3461 772 φησί,
3494 705 3650 759 δοκεῖ
3687 727 3783 762 κατ

2309 777 2456 844 λεὺς
2481 777 2633 834 εἶναι
2658 800 2669 812 ·
2704 784 2979 854 δαιμόνια
3004 791 3129 852 τοὺς
3163 789 3316 856 θεοὺς
3347 795 3525 847 αὐτῶν
3557 798 3767 853 ἐκάλουν

2310 867 2418 938 γὰρ
2461 871 2515 922 αἰ
2571 873 2755 937 πόλεις
2815 876 3051 930 εἰδώλων
3099 880 3348 954 πλήρεις.
3416 886 3783 959 Ἐπιλαϐόμεν

2309 961 2516 1026 αὐτοῦ,
2543 963 2639 1017 ἐπὶ
2668 966 2772 1019 τὸν
2789 968 3025 1036 Ἀρειον
3049 971 3244 1042 πάγον
3277 976 3527 1044 ἤγαγον,
3550 979 3780 1050 λέγοντε

2307 1049 2460 1115 τίείς
2485 1055 2704 1126 Ἀρειον
2735 1061 2907 1127 πάγον
2935 1063 3095 1116 αὑτὸν
3125 1059 3336 1133 εἷλκον;
3369 1069 3454 1134 Ὠς
3477 1074 3784 1146 καταπλήξα

2308 1141 2437 1196 ἔνθα
2483 1145 2581 1209 τὰς
2629 1150 2856 1216 φονικὰς
2903 1151 3056 1218 δίκας
3110 1157 3378 1222 ἐδίκαζον.
3423 1141 3783 1234 Δυνάμεθαγ

2308 1234 2397 1299 τίς
2425 1237 2462 1304 ἡ
2499 1239 2676 1308 καινὴ
2701 1242 2853 1311 αὕτη
2902 1245 2940 1312 ἠ
2980 1247 3100 1300 ὑπὸ
3144 1249 3260 1304 σοῦ
3320 1255 3663 1324 λαλουμένη
3710 1257 3784 1310 διί

2308 1324 2616 1388 ξενίζοντα
2643 1332 2754 1399 γάρ
2798 1350 2929 1387 τινα
2972 1339 3271 1406 εἰσφέρεις
3307 1345 3393 1407 εἰς
3420 1343 3524 1409 τὰς
3570 1347 3748 1413 ἀκοὰς
3780 1377 3783 1380 -

2320 1418 2374 1504 ’_A
2385 1421 2615 1487 θηναῖοι
2643 1423 2711 1477 δέ
2734 1427 2958 1494 πάντες
2981 1431 3080 1484 καὶ
3109 1434 3162 1484 οἰ
3203 1433 3633 1504 ἐπιδημοῦντες
3660 1439 3784 1502 ξένε

2305 1500 2488 1563 οὐδὲν
2517 1511 2723 1582 ἕτερον
2769 1521 3111 1588 εὐκαίρουν,
3169 1524 3206 1591 ἢ
3261 1500 3464 1593 λέγειν
3509 1545 3560 1580 τι
3608 1500 3698 1582 καί
3727 1535 3784 1586 ἀλ

2307 1609 2674 1674 καινότερον.
2717 1611 2986 1666 Ἐνταῦθα
3016 1615 3192 1669 ἐκεῖνο
3226 1617 3664 1688 ἐπισημαίνεται,
3695 1625 3772 1676 ὅτι

2307 1695 2393 1746 ἀεὶ
2425 1697 2482 1750 ἐν
2510 1699 2682 1772 τούτῳ
2705 1704 3116 1776 ἀσχολούμενοι,
3144 1707 3221 1778 τῷ
3244 1710 3424 1764 λαλεῖν
3447 1715 3538 1766 καὶ
3565 1715 3776 1767 ἀκούειν

2311 1783 2585 1851 ξενίζοντα
2616 1793 2863 1863 ἐνόμιζον
2889 1792 3027 1851 εἶναι
3045 1801 3252 1865 ἐκεῖνα,
3277 1803 3419 1874 ἅπερ
3444 1805 3686 1859 οὐδέποτε
3711 1809 3783 1877 ήκι

2308 1883 2552 1948 Σταθεὶς
2600 1884 2668 1938 δὲ
2719 1891 2752 1941 ό
2787 1890 3030 1956 Παῦλος
3059 1893 3130 1947 ἐν
3170 1895 3339 1964 μέσῳ
3376 1897 3484 1951 τοῦ
3517 1897 3735 1966 Ἀρείου
3778 1941 3784 1952 .

2307 1971 2423 2039 ἔφη
2447 1989 2459 2002 ο
2497 1975 2749 2044 Ἄνδρες
2789 1981 3100 2050 Ἀθηναῖοι,
3134 1989 3282 2040 κατὰ
3302 1987 3495 2044 πάντα
3523 1990 3600 2055 ὡς
3614 1989 3784 2044 δεισιί

2309 2065 2632 2133 νεστέρους
2662 2068 2818 2138 ὑμᾶς
2845 2072 3060 2141 θεωρῶ.
3113 2078 3501 2145 Διερχόμενος
3536 2077 3643 2150 τὰρ
3693 2084 3784 2134 καὶ

2310 2156 2542 2222 θεωρῶν
2573 2160 2646 2213 τὰ
2672 2163 3022 2234 σεϐάσματα
3063 2166 3249 2237 ὑμῶν.
3279 2171 3391 2223 Ούκ
3415 2166 3533 2224 εἴτε
3561 2173 3683 2234 τοὺς
3714 2174 3776 2225 δα

2308 2245 2514 2313 ἁπλῶς,
2554 2251 2689 2307 ἀλλὰ
2741 2257 3080 2328 προοδοποιεῖ
3129 2261 3206 2332 τῷ
3260 2263 3422 2334 λόγῳ.
3471 2265 3569 2319 Διά
3625 2267 3777 2320 τοῦτο

2310 2341 2970 2418 Δεισιδαιμονεστέρους
3035 2353 3191 2422 ὑμᾶς
3239 2356 3449 2426 θεωρῶ,
3504 2357 3588 2412 διὰ
3627 2360 3716 2412 τὸν
3767 2361 3784 2429 ἑ

2321 2431 2383 2484 ’0
2414 2435 2577 2502 Θεές,
2612 2440 2806 2511 φησὶν,
2848 2445 2880 2496 ό
2914 2444 3177 2512 ποιήσας
3216 2447 3324 2501 τὸν
3366 2451 3625 2519 κόσμον,
3653 2452 3745 2504 καὶ
3779 2491 3784 2503 .

2310 2525 2382 2577 τὰ
2426 2526 2496 2578 ἐν
2550 2529 2729 2595 αὐτῷ.
2775 2533 3106 2602 Ἐφθέγξατο
3162 2539 3344 2610 φωνὴν
3402 2541 3551 2611 μίαν,
3582 2541 3646 2594 δι’
3694 2538 3758 2613 ἦς

2311 2615 2644 2689 κατέστρεψε
2673 2620 2742 2673 τὰ
2764 2623 2870 2676 τῶν
2891 2626 3213 2696 φιλοσόφων.
3253 2632 3315 2684 υἰ
3353 2632 3449 2702 μὲν
3473 2632 3580 2703 γὰρ
3616 2635 3784 2686 Ἐπικι

2311 2707 2594 2777 αὐτόματά
2623 2729 2785 2781 φασιν
2814 2713 2952 2771 εἶναι
2995 2720 3064 2773 τὰ
3101 2721 3297 2790 πάντα,
3333 2726 3424 2778 καὶ
3451 2727 3556 2778 ἀπὸ
3594 2728 3784 2798 ἀτόμων

2311 2805 2560 2891 εστάναι·
2604 2810 2650 2860 οί
2692 2808 2747 2860 δὲ
2797 2811 3045 2878 Στωϊκοὶ,
3106 2816 3265 2888 σῶμα
3310 2819 3405 2872 καὶ
3461 2821 3762 2891 ἐκπύρωσιν

2311 2885 2469 2960 ἔργον
2499 2889 2634 2943 Θεοῦ
2665 2891 2809 2960 λέγει
2843 2894 2933 2948 τὸν
2976 2885 3200 2968 κόσμον,
3247 2902 3341 2953 καὶ
3382 2903 3559 2956 πάντα
3593 2885 3658 2955 τὰ
3691 2905 3747 2956 ἐν

2322 2979 2484 3051 Ὁρᾷς
2510 2985 2820 3052 συντομίαν,
2843 2987 2936 3040 καὶ
2965 2991 3022 3041 ἐν
3056 2993 3316 3064 συντομία
3335 2995 3661 3065 σαφήνειαν;
3694 2997 3784 3057 ιξε

2312 3077 2503 3130 σκόπει
2524 3080 2645 3133 τίνα
2666 3078 2733 3153 ἦν
2763 3083 3036 3148 ξενίζοντα
3065 3088 3260 3152 αὐτούς
3282 3106 3294 3119 ’
3325 3090 3406 3143 ὃτι
3436 3093 3464 3144 6
3490 3092 3620 3156 Θεὸς
3646 3095 3736 3146 τὸν
3771 3115 3782 3148 :

2311 3168 2582 3238 ἐποίησεν.
2623 3173 2688 3224 Ἃ
2718 3175 2945 3229 καὶτῶν
2980 3179 3250 3248 τυχόντων
3294 3182 3439 3235 ίσασί
3467 3200 3608 3247 τινες
3652 3186 3770 3250 νῦν,

2309 3262 2409 3315 οῦκ
2438 3263 2635 3333 ᾔδεσαν
2673 3265 2968 3338 Ἀθηναῖοι,
3006 3271 3100 3324 καὶ
3136 3271 3434 3343 Ἀθηναίων
3469 3278 3515 3328 οἰ
3568 3278 3738 3346 σοφοί.

2309 3355 2552 3426 ἐποίησε,
2586 3357 2749 3426 δῆλον
2784 3361 2866 3413 ὅτι
2909 3364 3004 3416 καὶ
3047 3363 3267 3436 Κύριος.
3298 3368 3438 3438 Ὅρα
3466 3369 3519 3420 τί
3551 3386 3684 3440 φησι
3729 3369 3778 3422 θε

2308 3440 2446 3498 εἶναι
2503 3448 2825 3520 γνώρισμα,
2871 3453 2932 3506 τὸ
2997 3455 3384 3527 δημιουργικόν
3419 3476 3434 3491 θ
3501 3461 3638 3532 ὅπερ
3709 3462 3772 3533 ἐχ

2307 3539 2336 3589 6
2391 3536 2540 3600 Υἱός.
2601 3540 2712 3593 Καὶ
2763 3541 2872 3614 γὰρ
2923 3546 2970 3597 οί
3019 3547 3295 3617 προφῆται
3347 3551 3621 3620 πανταχοῦ
3670 3553 3776 3606 τοῦ

2307 3643 2495 3695 γουσι,
2527 3629 2662 3684 Θεοῦ
2714 3628 2852 3686 εἶναι
2909 3635 2969 3688 τὸ
3009 3636 3394 3708 δημιουργεῖνο
3445 3642 3544 3712 οὐχ
3595 3642 3774 3716 ὥσπερ

2306 3735 2408 3782 νοι,
2441 3718 2599 3774 ἄλλον
2640 3722 2737 3791 μὲν
2779 3719 2916 3778 εἶναι
2971 3727 3062 3780 τὸν
3096 3731 3344 3800 ποιητὴν,
3384 3732 3443 3784 06
3475 3732 3670 3804 κύριον
3701 3736 3772 3801 δὲ,

2307 3811 2567 3883 ἀγένητον
2603 3813 2734 3884 ὓλην
2763 3816 3125 3883 ὑποτιθέντες.
3145 3821 3406 3876 Ἐνταῦθα
3432 3823 3620 3878 λοιπὸν
3644 3831 3764 3881 αίνι

2305 3900 2411 3965 δῶς
2433 3900 2552 3956 εἷπε
2587 3905 2646 3958 τὸ
2676 3906 2842 3960 αὐτοῦ
2866 3910 2959 3962 καὶ
2997 3909 3212 3980 ἔστησε,
3243 3914 3335 3966 καὶ
3363 3914 3622 3985 καθαιρεῖ
3653 3921 3719 3972 τὸ
3743 3923 3770 3973 ἐ

2311 3993 2431 4046 Οὐκ
2463 3993 2534 4046 έν
2567 3998 3019 4065 χειροποιήτοις,
3058 4002 3211 4071 φησὶ,
3246 4005 3520 4060 κατοικεῖ.
3553 4009 3721 4063 υἰκεῖ
3756 4030 3768 4082 ι

2306 4086 2364 4137 ἐν
2389 4089 2554 4151 ναοῖς,
2583 4088 2700 4142 ἀλλ’
2720 4091 2819 4144 οὐκ
2851 4091 2909 4145 ἐν
2933 4093 3213 4159 τοιούτοις,
3247 4095 3360 4150 ἀλλ’
3377 4101 3434 4150 ἐν
3458 4099 3766 4175 ἀνθρωπίνη

2309 4175 2471 4248 Ὅρα,
2496 4180 2593 4250 τὴν
2615 4183 2930 4255 σωματικὴν
2958 4187 3129 4239 ἀνεῖλε
3169 4187 3441 4258 λατρείαν.
3480 4192 3546 4245 Τί
3579 4190 3718 4262 οῦν;

2304 4268 2435 4338 ᾤκει
2463 4272 2520 4324 ἐν
2547 4273 2622 4342 τῷ
2647 4273 2757 4344 ναῷ
2794 4275 2871 4346 τῷ
2904 4279 2960 4330 ἐν
2994 4279 3420 4350 Ἰεροσολύμοις;
3463 4283 3540 4336 06
3571 4283 3738 4356 δῆτα,

2303 4360 2483 4431 ήργει.
2513 4365 2638 4429 Πῶς
2657 4362 2750 4421 οῦν
2779 4369 3144 4440 ἐθεραπεύετο
3165 4373 3270 4425 ὑπὸ
3288 4374 3484 4444 χειρῶν
3502 4375 3762 4447 ἀνθρώπι

2303 4457 2772 4534 Ἰουδαίοιςλοῦχ
2819 4465 2924 4518 ὑπὸ
2961 4468 3180 4538 χειρῶν,
3227 4469 3341 4521 ἀλλ’
3391 4471 3496 4524 ὑπὸ
3555 4473 3760 4530 διανοίι

2303 4550 2485 4606 ἐκεῖνά
2513 4569 2575 4622 γε
2596 4555 2696 4608 οὐκ
2717 4555 2898 4626 ἐζήτει
2923 4557 3114 4622 οὕτως,
3137 4558 3211 4622 ὼς
3236 4560 3661 4631 προσδεόμενος.
3694 4569 3759 4620 M

2301 4661 2423 4714 μαι,
2454 4645 2583 4716 γὰρ,
2614 4648 2767 4716 φησὶ,
2797 4649 2939 4716 κρέα
2965 4651 3214 4718 ταύρων,
3244 4653 3281 4718 ἢ
3305 4646 3448 4721 alga
3477 4654 3730 4722 τράγων

2304 4733 2434 4792 Εἶτα
2462 4740 2648 4805 εἰπὼν,
2681 4741 2833 4794 Οὐδὲ
2856 4741 2969 4795 ὑπὸ
2989 4743 3204 4810 χειρῶν
3220 4744 3551 4812 ἀνθρώπων
3575 4752 3756 4816 θεραε

2303 4837 2744 4904 προσδεόμενός
2780 4855 2974 4904 τινοςο
3015 4840 3135 4892 ἐπεὶ
3165 4840 3283 4892 οὐδὲ
3318 4842 3474 4895 τοῦτο
3507 4844 3709 4914 ἤρκει,
3741 4863 3754 4880 υ

2303 4927 2419 4990 ενὸς
2435 4927 2664 4994 δεῖσθαι,
2697 4930 2832 5000 ὅπερ
2864 4930 3196 5001 ἀπεφήνατο·
3227 4929 3367 4985 θεῖον
3402 4933 3502 5002 μὲν
3546 4934 3666 5006 γὰρ
3693 4953 3754 4989 κο

2303 5019 2437 5073 ἀλλὰ
2453 5019 2532 5072 δεῖ
2563 5022 2656 5074 καὶ
2674 5021 2860 5091 ἕτερον
2896 5024 3202 5091 προσεῖναι·
3238 5021 3431 5091 ὲπάγει
3457 5023 3538 5088 τὸ,
3565 5025 3752 5088 Αὐτὸς

2301 5111 2452 5166 πᾶσι
2479 5109 2634 5180 ζωὴν
2669 5111 2767 5166 καί
2799 5113 3018 5181 πνοὴν,
3051 5115 3148 5168 καί
3199 5115 3270 5169 τὰ
3298 5114 3520 5168 πάντα.
3567 5119 3683 5170 Δύο
3723 5133 3750 5172 1

2301 5206 2552 5279 θεότητος
2602 5208 2860 5273 δείκνυσι,
2921 5209 2980 5262 τὸ
3025 5210 3186 5263 αὐτόν
3248 5229 3307 5263 τε
3345 5211 3584 5282 μηδενὸς
3636 5195 3749 5268 δείσ

2302 5304 2435 5356 πᾶσι
2467 5304 2644 5356 πάντα
2668 5305 2945 5375 παρέχειν.
2980 5302 3203 5373 Πάραγε
3253 5303 3486 5358 ἐνταῦθα
3515 5306 3626 5358 ὅσα
3669 5318 3744 5357 πε

2301 5393 2524 5446 Πλάτων
2567 5392 2974 5464 ἐφιλοσόφησεν,
3018 5395 3120 5447 ὅσα
3158 5394 3498 5466 Ἐπίκουρος,
3555 5397 3660 5447 καὶ
3707 5411 3745 5458 σο

2299 5483 2464 5554 λῆρος
2517 5484 2650 5554 πρὸς
2689 5483 2882 5537 ταῦτα.
2931 5483 3162 5549 Διδοὺς,
3210 5486 3362 5553 φησὶ,
3416 5484 3580 5552 ζωὴν
3622 5485 3732 5538 καί

2306 5574 2428 5627 Ἰδοὺ
2473 5575 2565 5626 καὶ
2598 5564 2696 5643 τῆς
2723 5573 2900 5643 ψυχῆς
2937 5575 3267 5646 δημιουργὸν
3305 5577 3464 5629 αὑτὸν
3500 5581 3676 5639 ποιεῖ,
3715 5593 3742 5630 ο

2298 5684 2450 5738 τορα.
2483 5668 2624 5737 Ὅρα
2653 5667 2811 5721 πάλιν
2838 5667 2953 5730 πῶς
2985 5668 3236 5737 καθαιρεῖ
3259 5669 3348 5721 τὸν
3372 5670 3500 5738 περὶ
3524 5670 3631 5738 τῆς
3663 5669 3742 5722 ῦλι

2300 5761 2584 5826 Ἐποίησέ
2613 5777 2694 5823 τε,
2732 5759 2921 5825 εἰπὼν,
2950 5761 3019 5825 ἐξ
3052 5761 3188 5827 ἑνὸς
3222 5761 3470 5830 αἳματος
3512 5757 3647 5814 πᾶν
3675 5758 3740 5813 Ed

2359 6023 2384 6052 ⁸
2410 6018 2506 6071 Alii
2537 6015 2956 6075 καταπ)ἧττοντες.
