3950 6208
284 311 368 362 ⁸260

285 422 449 494 pridem
477 417 631 488 ipsum
661 408 1042 480 acceptavisse.
1071 403 1214 459 Nihil
1245 410 1582 463 extraneum,
1615 395 1803 464 inquit,

280 486 480 581 nihilque
498 486 687 562 novum
735 501 921 556 all'ero.
964 497 1077 552 Hoc
1113 495 1186 548 illi
1230 499 1487 562 perpetuo
1513 486 1799 542 dicebant:

283 611 384 674 Qua
405 577 476 657 est
501 603 593 654 ista
629 611 756 650 nova
786 593 876 646 abs
919 601 964 644 te
989 587 1188 658 prolata
1215 581 1490 637 doctrina?
1519 594 1648 632 nova
1681 577 1808 630 enim

279 698 472 771 quedam
506 690 680 763 ingeris
721 685 930 741 auribus
969 681 1174 736 nostris.
1220 676 1412 733 Statim
1460 687 1586 741 ergo
1627 682 1810 723 eorum

280 763 586 858 suspicionem
617 781 789 845 tollit,
821 786 875 832 et
903 775 1035 830 dicit
1060 789 1072 826 :
1109 771 1200 825 24.
1230 769 1370 822 Deus
1399 765 1486 836 qui
1515 763 1632 833 fecit
1661 777 1810 814 mun-

283 882 375 933 dum
396 885 435 931 et
461 874 618 928 omnia
656 885 773 940 quia
797 869 851 921 in
875 866 966 920 illo
994 869 1146 927 sunt,
1179 861 1260 913 hic
1289 858 1398 912 cadi
1439 865 1486 909 et
1529 864 1674 907 terra:
1700 867 1811 904 cum

282 971 329 1023 sit
352 967 589 1020 Dominus.
624 956 828 1014 Deinde
849 997 862 1020 ,
890 970 958 1010 ne
982 959 1168 1022 putent
1194 963 1354 1003 unum
1377 961 1446 1002 ex
1471 943 1650 998 multis
1668 955 1808 1005 esse,

282 1061 359 1113 hoc
383 1053 578 1122 corrigit
602 1051 681 1105 sic
703 1049 926 1118 loquens
953 1063 966 1098 :
997 1043 1088 1098 25.
1122 1040 1242 1094 Non
1273 1040 1324 1092 in
1353 1034 1656 1105 manufactis
1685 1041 1809 1084 tent-

280 1149 356 1212 ptis
394 1144 599 1204 habitat,
648 1155 741 1193 nec
789 1134 1020 1190 manibus
1061 1132 1247 1186 colitur
1277 1127 1512 1181 humanis
1536 1165 1550 1189 ,
1585 1123 1812 1192 indigens

280 1237 428 1303 aliqua.
457 1230 633 1286 Viden’
660 1225 931 1298 quomodo
957 1223 1210 1293 paulatim
1244 1215 1634 1288 philosophiam
1662 1212 1816 1266 indu-

280 1329 354 1386 cit,
381 1321 624 1392 quomodo
655 1317 842 1372 irridet
870 1313 1149 1385 gentilium
1182 1306 1463 1365 errorem?
1495 1304 1634 1356 Dans
1663 1303 1813 1354 vitam

280 1431 315 1472 et
335 1417 532 1485 spiritum
557 1422 599 1467 et
631 1409 805 1464 omnia
824 1425 839 1461 :
857 1406 948 1461 26.
974 1405 1187 1474 fecitque
1208 1417 1270 1455 ex
1289 1415 1390 1452 uno
1409 1396 1652 1467 sanguine
1671 1406 1815 1446 omne

280 1524 403 1577 gratis
424 1504 667 1558 hominum
701 1499 928 1552 habitare
954 1511 1104 1564 super
1131 1493 1412 1546 universam
1438 1488 1617 1558 faciem
1645 1495 1810 1538 terrtv.

284 1575 369 1652 lluc
392 1597 468 1651 Dei
493 1593 766 1663 proprium
799 1598 898 1644 est.
921 1587 1053 1641 Vide
1078 1599 1208 1655 ergo
1237 1598 1411 1637 annon
1445 1580 1560 1633 hare
1586 1578 1652 1632 de
1682 1575 1814 1629 Filio

286 1691 407 1746 etiam
431 1686 520 1740 dici
547 1683 784 1755 possint.
833 1679 958 1734 Caeli
979 1719 994 1744 ,
1027 1676 1228 1745 inquit,
1272 1683 1318 1728 et
1349 1683 1494 1725 terra:
1521 1669 1772 1722 Dominus
1792 1682 1810 1719 :

290 1795 381 1848 qua:
399 1779 458 1831 illi
483 1776 739 1846 putabant
769 1771 898 1825 deos
923 1784 1063 1824 esse.
1111 1768 1174 1821 Et
1211 1763 1540 1820 creationem
1581 1759 1816 1814 declarat

291 1881 332 1926 et
353 1869 570 1924 homines.
614 1865 882 1934 Definiens
916 1869 1103 1915 statuta
1131 1867 1356 1926 tempora
1387 1865 1431 1908 et
1461 1852 1699 1907 terminos
1726 1850 1816 1901 ha-

286 1961 487 2014 bitationis
504 1973 682 2013 eorum
698 1997 713 2020 ,
733 1954 824 2008 27.
844 1967 1066 2022 qua'rere
1084 1949 1267 2015 Deum,
1291 1948 1332 2000 si
1359 1947 1386 2014 f
1383 1955 1489 1999 orte
1515 1952 1815 1997 contrectant

280 2068 366 2105 eum
386 2060 459 2103 aut
481 2049 768 2112 inveniant,
794 2044 1020 2116 quamvis
1045 2058 1147 2096 non
1178 2042 1324 2110 longe
1347 2040 1408 2093 sit
1437 2037 1498 2091 ab
1525 2051 1818 2104 unoquoque

279 2142 579 2197 nostram.28.
607 2139 673 2192 In
695 2140 807 2209 ipso
833 2137 965 2191 enim
992 2135 1200 2188 uiuimus
1219 2142 1265 2186 et
1288 2146 1542 2184 moremur
1557 2137 1603 2182 et
1619 2142 1813 2181 sumus.

277 2236 393 2288 Sicut
429 2232 624 2300 quidam
679 2239 941 2300 poetarum
982 2235 1260 2280 vestrorum
1303 2223 1540 2276 dixerunt
1579 2237 1598 2274 :
1643 2217 1814 2288 Ipsius

274 2328 379 2379 enim
403 2335 441 2379 et
467 2340 617 2395 genus
647 2336 845 2375 sumus.
879 2318 990 2372 Hoc
1016 2318 1210 2370 Aratus
1240 2324 1392 2384 poeta
1423 2311 1575 2366 dixit.
1608 2309 1739 2364 Vide
1762 2316 1816 2361 ut

273 2416 719 2471 demonstrationes
757 2411 945 2466 aderat
979 2418 1033 2464 et
1069 2409 1137 2463 ab
1173 2408 1269 2471 iis,
1308 2421 1428 2476 qua:
1458 2405 1556 2474 ipsi
1583 2403 1819 2461 feceram

269 2511 592 2577 diterautque.
623 2506 722 2563 29.
752 2504 920 2558 Genus
949 2519 1066 2573 ergo
1090 2517 1204 2554 cum
1224 2501 1382 2554 simus
1404 2497 1518 2562 Dei,
1545 2513 1646 2550 non
1673 2495 1819 2548 debe-

274 2618 362 2654 mus
383 2603 618 2654 astimare
647 2615 776 2652 auro
803 2607 850 2651 et
869 2605 1076 2664 argento
1096 2603 1183 2648 aut
1203 2593 1385 2661 lapidi,
1409 2591 1680 2659 sculptura:
1695 2589 1818 2642 artis

269 2702 307 2744 et
326 2691 616 2762 cogitationis
645 2689 892 2751 hominis,
919 2686 1082 2740 Deum
1103 2701 1208 2739 esse
1231 2682 1466 2739 similent.
1491 2682 1647 2751 Atqui
1676 2681 1815 2745 ideo,

274 2783 480 2850 inquies.
521 2782 805 2836 debemus.
836 2778 1088 2832 Minime:
1128 2791 1302 2846 neque
1331 2775 1474 2829 enim
1513 2786 1610 2827 nos
1649 2786 1819 2840 neque

270 2874 430 2927 anim-12
461 2882 658 2928 nostra:
689 2870 911 2926 similes.
943 2855 1051 2923 Cur
1081 2882 1209 2938 ergo
1242 2882 1346 2920 non
1377 2865 1554 2920 statim
1586 2863 1818 2934 philoso-

274 2966 399 3032 phice
423 2967 674 3035 loquutus
701 2973 814 3029 est,
843 2977 944 3018 nec
968 2961 1101 3016 dixit
1125 2977 1140 3013 :
1180 2960 1318 3014 Deus
1350 2959 1697 3026 incorporeus
1721 2969 1818 3008 ua-

273 3065 395 3121 tura,
441 3055 724 3110 invisibilis
753 3062 833 3109 est
862 3061 918 3108 et
944 3052 1060 3107 sine
1088 3050 1290 3120 ﬁgura?
1335 3048 1464 3116 Quia
1493 3045 1816 3116 superﬂuum

272 3147 515 3202 videbatur
555 3146 665 3201 hoc
698 3145 878 3199 dicere
907 3143 1246 3206 hominibus,
1279 3141 1370 3211 qui
1403 3139 1637 3194 nondum
1677 3136 1816 3191 didi~

271 3249 442 3304 (erant,
466 3253 632 3293 unum
651 3251 773 3292 esse
800 3235 989 3291 Deum.
1019 3233 1141 3288 Ideo
1162 3230 1342 3287 missis
1367 3230 1490 3295 illis,
1520 3229 1659 3283 ineo
1678 3225 1818 3297 quod

267 3329 354 3396 iam
380 3331 632 3398 qumritur
666 3327 864 3382 insistit
888 3367 902 3390 ,
932 3334 989 3380 et
1012 3327 1086 3378 ait
1113 3342 1124 3377 :
1157 3323 1249 3378 30.
1274 3321 1340 3376 Et
1370 3331 1595 3389 tempora
1623 3319 1821 3390 quidem

273 3421 397 3484 huius
423 3420 728 3491 ignorantia:
763 3419 1041 3486 despiciens
1067 3415 1202 3469 Deus
1221 3456 1235 3478 ,
1281 3429 1414 3466 nunc
1439 3411 1702 3465 annuntiat
1729 3409 1818 3462 ho-

272 3513 488 3578 minibus,
526 3523 580 3566 ut
635 3527 812 3565 omnes
838 3509 1016 3578 ubique
1045 3506 1386 3576 patuitsntiant
1441 3513 1612 3572 agant,
1654 3503 1742 3556 51.
1765 3517 1822 3554 eo

271 3603 384 3669 quod
398 3604 563 3656 statuit
584 3604 749 3667 diem,
777 3600 829 3653 in
853 3616 950 3669 quo
973 3599 1292 3667 iudicaturus
1315 3604 1386 3649 est
1411 3593 1578 3669 orbem
1600 3593 1651 3645 in
1667 3591 1824 3662 justi-

270 3697 405 3759 tia,in
419 3697 519 3749 viro
535 3696 587 3748 in
612 3708 718 3764 quo
742 3691 932 3750 statuit.
952 3689 1104 3758 ﬁdem
1122 3689 1348 3759 praebens
1375 3664 1602 3739 omnibus
1620 3725 1634 3751 ,
1665 3684 1827 3738 susci-

271 3793 361 3836 tans
382 3801 487 3838 eum
525 3801 556 3837 a
583 3781 822 3837 mortuis.
837 3778 1024 3834 'Vide:
1056 3785 1335 3847 postquam
1367 3790 1554 3830 eorum
1591 3782 1824 3829 mentem

269 3884 610 3940 concusserat,
645 3887 769 3927 eum
797 3870 1017 3932 diceret,
1050 3867 1244 3922 Statuit
1270 3867 1420 3929 diem,
1451 3865 1675 3934 illosque
1713 3873 1823 3918 ter-

271 3975 458 4030 ruerat;
487 3975 615 4018 tunc
645 3970 952 4030 opportune
980 3959 1082 4012 hoc
1112 3957 1333 4021 inducit,
1364 3955 1625 4010 Suscitans
1645 3970 1756 4007 eum
1796 3969 1829 4006 a

269 4056 475 4108 mortuis.
504 4053 612 4109 Sed
647 4051 926 4120 superiora
958 4057 1283 4118 repetamus.
1317 4045 1440 4100 Cum
1469 4045 1676 4098 Athenis
1713 4043 1829 4097 illos

270 4154 554 4214 exspectaret
582 4143 812 4205 Paulus,
839 4143 1160 4206 incitabatur,
1191 4139 1378 4208 inquit,
1401 4137 1607 4203 spiritus
1633 4137 1741 4205 ejus
1777 4135 1840 4200 in.

269 4250 333 4287 ro.
355 4234 460 4290 Non
490 4236 626 4290 iram
657 4233 739 4287 vel
767 4231 1181 4301 indignationem
1206 4229 1290 4282 hic
1317 4227 1576 4297 signiﬁcat
1598 4225 1831 4280 incitatio

271 4325 363 4391 illa,
392 4327 482 4382 sed
515 4326 852 4396 vigilantiam
881 4333 936 4378 et
964 4323 1159 4388 zelum,
1190 4330 1249 4375 ut
1273 4329 1326 4376 et
1355 4319 1480 4374 alibi
1507 4335 1522 4371 :
1553 4317 1713 4372 Facta
1737 4327 1831 4385 est,

274 4413 449 4484 inquit,
479 4416 728 4470 dissentio
755 4415 884 4469 inter
910 4413 1027 4468 illos
1055 4413 1193 4482 (Act.
1226 4412 1314 4466 I5.
1335 4410 1450 4480 39).

329 4505 378 4558 2.
418 4505 552 4562 V’ide
595 4515 776 4560 autem
806 4503 1077 4575 quomodo
1116 4502 1494 4572 provideatur,
1537 4509 1592 4556 ut
1639 4500 1834 4556 invitus

280 4595 374 4652 illic
397 4606 615 4653 maneat
641 4605 960 4667 exspectans
990 4594 1128 4649 illos.
1176 4592 1312 4658 Quid
1350 4606 1477 4661 ergo
1505 4599 1606 4654 est,
1639 4589 1835 4644 Incita-

273 4688 401 4743 batur
413 4691 438 4742 .’
460 4691 513 4744 Id
530 4698 638 4755 est,
657 4686 984 4742 excitabatur
1001 4702 1014 4741 :
1031 4685 1100 4739 ab
1116 4685 1194 4738 ira
1209 4692 1263 4738 et
1279 4683 1637 4752 indignatione
1653 4681 1835 4750 procul

274 4788 375 4833 erat
399 4780 498 4835 hoc
527 4782 751 4836 donum.
783 4779 900 4834 Non
932 4769 1150 4843 ferebat,
1176 4776 1269 4832 sed
1298 4774 1619 4830 tabescebat.
1650 4773 1839 4843 Dispu-

274 4872 393 4926 tabat
417 4890 536 4943 ergo
567 4873 622 4926 in
649 4887 907 4942 synagoga
931 4886 1045 4924 cum
1068 4868 1268 4922 ludatis
1287 4909 1301 4934 ,
1331 4867 1533 4936 inquit,
1562 4874 1608 4920 et
1630 4863 1841 4918 colenti-

275 4965 371 5016 bus.
389 4963 519 5020 Vide
541 4979 728 5019 rursus
756 4970 940 5016 contra
957 4960 1172 5015 Judteos
1190 4958 1570 5028 disputantem.
1588 4954 1840 5010 Colentcs

275 5065 437 5108 autem
455 5061 615 5110 vacat
639 5053 960 5126 proselytos.
991 5050 1226 5120 Dispersi
1253 5064 1480 5118 namque
1501 5057 1652 5103 erant
1670 5045 1839 5101 Judtei

277 5145 456 5217 ubique
486 5147 558 5202 ab
598 5146 829 5201 adventu
859 5143 1099 5200 Christi:
1133 5156 1254 5196 nam
1297 5140 1452 5195 simul
1498 5137 1620 5194 inde
1660 5147 1715 5191 et
1757 5136 1842 5190 lex

277 5236 592 5300 solvebatur,
624 5246 678 5290 et
706 5235 953 5290 homines
984 5234 1238 5305 pietatem
1269 5229 1550 5285 docebant.
1581 5225 1686 5282 Sed
1713 5225 1842 5279 nihil

279 5325 346 5379 illi
392 5327 738 5382 lucrabantur
765 5367 781 5393 ,
829 5325 931 5380 nisi
978 5331 1184 5378 tantum
1226 5320 1584 5377 czlamitatum
1629 5329 1842 5371 suarum

282 5418 574 5472 testimonia
605 5418 882 5474 habentes.
919 5415 1140 5493 Quidam
1165 5423 1330 5466 autem
1351 5409 1588 5481 Epicurei
1611 5418 1658 5460 et
1681 5404 1847 5460 Stoici

282 5509 562 5578 Philosophi
593 5509 897 5564 disserebant
924 5522 1038 5559 cum
1078 5521 1155 5558 eo.
1207 5501 1323 5557 Non
1360 5500 1468 5570 jam
1503 5497 1708 5570 legibus
1737 5493 1848 5548 suis

283 5600 563 5654 utebantur
596 5600 971 5663 Athenienses,
996 5604 1180 5668 utpote
1212 5589 1466 5648 Romanis
1497 5587 1739 5656 subjecti.
1787 5584 1850 5638 Et

286 5689 415 5744 unde
455 5688 707 5746 volebant
757 5690 832 5745 illi
887 5688 1202 5759 disputare?
1249 5683 1382 5753 Quia
1430 5680 1673 5736 videbant
1717 5677 1849 5732 alios

1109 290 1175 345 lN
1214 287 1397 344 ACTA
1439 279 1959 340 APOSTOLORUM.
2004 279 2237 330 liOMlL.
2283 275 2566 354 XXXVIII.

3391 273 3495 328 9.70

1917 392 2241 445 disserentes
2262 431 2276 449 ,
2314 398 2368 443 et
2397 392 2564 442 virum
2595 391 2643 443 in
2674 390 3064 445 existimatione
3093 389 3296 444 haberi.
3331 388 3397 441 Et
3421 388 3492 440 vi-

1916 481 2000 543 de,
2029 479 2208 533 statim
2238 479 2620 533 contumeliose
2639 474 2658 546 (
2677 481 2922 534 Animalia
2942 481 3072 532 enim
3099 479 3247 531 homo
3263 493 3361 530 non
3382 493 3496 529 sus-

1915 571 2035 640 cipit
2063 586 2123 624 ea
2151 585 2263 639 qua:
2287 579 2404 622 sunt
2434 568 2659 635 Spiritus
2701 566 2721 636 [
2744 571 2793 622 l.
2824 568 2942 624 Cor.
2972 571 3026 622 2.
3055 562 3209 633 14]),
3231 565 3494 619 Noverunt

1917 659 2278 712 daemoniorum
2309 656 2385 728 (a)
2412 697 2427 722 ,
2461 657 2742 726 inquiunt,
2775 658 2968 710 videtur
3006 656 3334 709 annuntiator
3367 671 3494 708 esse.

1921 749 2190 802 Daemonia
2232 748 2366 802 deos
2410 762 2537 802 suos
2566 746 2862 800 vocabant:
2893 756 3048 800 erant
3076 747 3216 800 enim
3255 745 3497 799 civitates

1918 840 2072 893 idolis
2101 840 2293 908 plente.
2329 839 2708 907 Appreltensunt
2736 833 2881 890 illum
2907 837 2959 889 in
2984 837 3301 907 Areopagum
3337 835 3494 889 duxe-

1916 942 2064 994 runt,
2098 932 2337 987 dicentes.
2370 931 2478 985 Cur
2518 931 2568 984 in
2599 932 2938 998 Areopagum
2970 929 3141 996 ipsum
3175 935 3448 981 traxerunt
3471 927 3496 978 2

1919 1019 1984 1075 Ut
2025 1023 2505 1090 perterrefacerent
2533 1037 2547 1074 :
2583 1020 2652 1075 ibi
2683 1021 2824 1075 enim
2861 1019 3115 1087 capitales
3140 1034 3326 1072 causas
3349 1018 3491 1085 judi-

1918 1112 2126 1165 cabant.
2154 1110 2432 1165 Possumus
2449 1113 2578 1165 scire
2599 1126 2712 1180 qua:
2736 1111 2800 1164 sit
2826 1125 2954 1163 nova
2978 1109 3090 1172 illa,
3109 1124 3220 1177 quae
3244 1123 3274 1159 a
3300 1116 3345 1159 te
3371 1107 3498 1159 dici-

1918 1213 2017 1265 tur,
2045 1203 2313 1255 doctrina?
2337 1217 2464 1255 nova
2483 1202 2614 1254 enim
2632 1201 2864 1270 quaedam
2885 1200 3041 1270 infers
3062 1196 3268 1250 auribus
3288 1196 3488 1248 nostris.

1921 1292 2241 1345 Athenienses
2276 1302 2442 1345 autent
2472 1307 2640 1344 omnes
2683 1300 2730 1342 et
2766 1291 2835 1343 ibi
2868 1297 3120 1343 versantes
3161 1283 3410 1356 peregrini
3443 1284 3498 1336 in

1919 1383 2059 1435 nullo
2086 1382 2187 1435 alio
2218 1391 2414 1452 tempus
2442 1380 2684 1445 terebant,
2713 1395 2862 1447 quant
2892 1387 2946 1430 ut
2976 1376 3236 1447 quidpiam
3263 1373 3374 1426 novi
3412 1372 3494 1423 di-

1919 1485 2081 1525 cerent
2108 1472 2185 1526 vel
2207 1472 2459 1525 audirent.
2493 1471 2587 1524 llic
2619 1484 2746 1524 vero
2777 1468 3036 1522 indicatur
3061 1480 3176 1532 eos,
3205 1463 3410 1518 etiamsi
3441 1461 3493 1515 iu

1920 1563 2020 1617 hoc
2045 1578 2257 1632 semper
2280 1571 2640 1626 versarentur,
2665 1569 2721 1614 ut
2748 1561 3092 1629 loquerentur
3117 1556 3198 1611 vel
3225 1554 3491 1617 audirent,

1923 1662 2097 1707 tamen
2145 1653 2230 1706 illa
2277 1661 2490 1721 putasse
2521 1665 2656 1704 nova
2678 1692 2690 1713 ,
2731 1664 2850 1719 qua:
2877 1661 3162 1716 numquam
3193 1645 3489 1699 audierant.

1923 1743 2078 1797 Stans
2106 1751 2272 1795 autem
2298 1740 2494 1794 Paulus
2516 1741 2567 1794 in
2590 1741 2751 1793 medio
2770 1738 3021 1807 AreOpagi
3037 1777 3050 1802 ,
3076 1736 3145 1788 ait
3170 1751 3187 1789 :
3226 1734 3325 1788 Viri
3349 1734 3495 1786 Athe-

1921 1836 2113 1888 nienses
2138 1875 2152 1897 ,
2199 1851 2288 1904 per
2329 1836 2496 1888 omnia
2539 1834 2682 1903 quasi
2723 1830 3167 1900 superstitiosiores
3213 1845 3294 1882 vos
3331 1827 3484 1880 video.

1926 1926 2223 1981 Prwteriens
2249 1927 2380 1980 enim
2407 1936 2452 1979 et
2479 1926 2649 1979 videns
2675 1924 2948 1978 simulacra
2974 1929 3154 1975 vestra.
3184 1918 3300 1974 Non
3330 1919 3492 1984 dixit,

1924 2019 2220 2080 Dmmonas,
2254 2015 2347 2070 sed
2389 2015 2527 2069 viam
2557 2024 2708 2083 parat
2738 2013 3006 2076 sermoni;
3043 2011 3161 2064 ideo
3190 2009 3315 2063 dicit
3339 2050 3355 2073 ,
3387 2008 3493 2063 Su-

1922 2109 2302 2178 prrstitiosiorcs
2329 2125 2414 2162 ros
2440 2107 2578 2160 rideo
2599 2147 2612 2170 ,
2640 2113 2856 2175 prOpter
2885 2120 3052 2158 aram.
3082 2101 3218 2155 Deus
3236 2142 3250 2166 ,
3289 2099 3490 2167 inquit,

1920 2199 2005 2269 qui
2035 2199 2150 2268 fecit
2177 2199 2458 2258 mundum,
2491 2207 2533 2250 et
2563 2196 2730 2249 omnia
2760 2211 2870 2258 quw
2897 2195 2946 2246 in
2972 2209 3029 2245 eo
3056 2199 3188 2244 sunt.
3220 2189 3333 2244 Una
3365 2203 3503 2242 vore-

1921 2291 2097 2345 outnia
2141 2288 2578 2360 philosophorum
2630 2286 2875 2354 degmata
2923 2282 3201 2338 subvertit.
3251 2279 3498 2350 Epicurei.

1924 2397 2149 2452 namque
2178 2380 2356 2435 omnia
2390 2395 2483 2449 per
2508 2396 2565 2434 se
2597 2379 2857 2432 exsistere
2883 2375 3124 2430 dicebant
3144 2415 3160 2440 ,
3189 2382 3244 2427 et
3271 2387 3335 2426 ex
3376 2379 3492 2424 ato-

1923 2475 2022 2528 mis
2050 2481 2295 2527 constare
2321 2489 2333 2524 :
2362 2471 2526 2527 Stoici
2556 2486 2681 2525 vero
2703 2484 2899 2538 corpus
2922 2455 2975 2522 et
2997 2464 3494 2535 conﬂagrationem.

1925 2563 2020 2617 llic
2051 2577 2185 2618 vero
2215 2561 2344 2616 dicit
2374 2578 2386 2614 :
2423 2559 2683 2614 mundum
2713 2567 2765 2612 et
2803 2560 2980 2612 omnia
3019 2570 3136 2626 qua:
3163 2554 3213 2607 in
3245 2570 3309 2608 eo
3334 2562 3492 2616 sunt,

1921 2670 2056 2724 opus
2099 2668 2219 2708 esse
2259 2654 2372 2708 Dei.
2421 2652 2604 2706 \‘ideu‘
2650 2651 2963 2706 brevitatem
2989 2690 3002 2712 ,
3053 2657 3104 2701 et
3151 2647 3202 2700 in
3236 2645 3496 2700 brevitate

1921 2745 2268 2802 claritatem?
2301 2745 2367 2798 Et
2397 2744 2517 2798 vide
2545 2758 2788 2812 quaénan‘.
2822 2742 2950 2810 ipsis
2982 2755 3114 2793 nova
3147 2738 3491 2792 viderentur:

1921 2836 2064 2907 quod
2093 2837 2233 2890 Deus
2260 2833 2517 2888 mundum
2547 2832 2780 2887 fecisset.
2813 2832 2939 2898 Qua:
2970 2843 3108 2882 nunc
3139 2829 3314 2880 inﬁma
3349 2826 3497 2895 plebs

1921 2929 2060 2992 scit,
2110 2925 2424 2997 ignorabant
2456 2925 2845 2988 Athenienses,
2886 2930 2940 2975 et
2978 2920 3376 2975 Atheniensium
3405 2933 3495 2972 sa-

1925 3018 2150 3087 pientes.
2183 3015 2238 3070 Si
2267 3029 2496 3083 namque
2521 3012 2651 3068 fecit
2671 3053 2685 3077 ,
2714 3011 2898 3080 utique
2927 3011 3179 3064 Dominus
3205 3019 3305 3061 est.
3339 3007 3498 3075 Vide,

1921 3108 2046 3180 quid
2073 3107 2215 3162 dicat
2245 3121 2363 3161 esse
2393 3112 2762 3173 argumentum
2789 3101 3018 3164 deitatis,
3052 3113 3249 3167 nempe
3271 3099 3498 3153 creatio-

1923 3213 2087 3264 nem;
2135 3197 2187 3252 id
2228 3195 2368 3266 quod
2405 3195 2562 3248 etiam
2602 3191 2766 3246 Filius
2807 3191 2984 3244 habet.
3033 3188 3164 3243 Nam
3204 3187 3254 3241 id
3302 3189 3497 3257 ubique

1923 3293 2103 3347 dicunt
2135 3291 2433 3360 prophette,
2464 3285 2557 3341 Dei
2589 3300 2709 3340 esse
2731 3299 2914 3339 creare
2939 3300 2954 3347 ;
2983 3299 3087 3335 non
3113 3296 3238 3335 vero
3264 3282 3400 3335 sicut
3421 3281 3498 3335 illi

1923 3385 2190 3447 dicebant,
2221 3383 2383 3436 alium
2413 3379 2764 3442 cetzditorem,
2797 3391 2895 3430 nec
2919 3374 3188 3430 dominum
3215 3387 3353 3435 esse,
3382 3386 3499 3425 ma-

1927 3476 2113 3532 tet-iam
2159 3489 2265 3528 non
2316 3473 2504 3526 iactam
2555 3484 2674 3524 esse
2719 3476 3096 3538 supponentcs.
3149 3464 3246 3518 llic
3285 3462 3498 3518 demum

1927 3566 2258 3636 tenigmatice
2281 3562 2423 3633 quod
2445 3577 2598 3616 suum
2626 3568 2728 3623 est,
2749 3558 2876 3612 dicit
2901 3565 2954 3611 et
2976 3556 3149 3610 ﬁrmat
3173 3570 3188 3618 ;
3211 3553 3349 3624 quod
3377 3566 3502 3607 vero

1929 3658 2140 3712 illorum
2169 3663 2270 3719 est,
2306 3662 2516 3724 purgat.
2549 3650 2669 3705 Non
2700 3651 2751 3703 in
2787 3648 3108 3719 manufactis,
3141 3646 3330 3714 inquit,
3359 3643 3503 3698 habi-

1930 3759 2021 3802 tat.
2050 3746 2262 3801 Hubitat
2288 3743 2503 3813 quidem
2535 3742 2587 3795 in
2620 3739 2850 3808 templis,
2877 3749 2931 3792 at
2962 3754 3066 3791 non
3095 3737 3145 3790 in
3177 3736 3384 3799 talibus,
3410 3732 3504 3787 sed

1932 3839 1981 3892 in
2013 3837 2186 3891 anima
2218 3834 2473 3887 humana.
2506 3831 2640 3885 Vide
2668 3829 3000 3898 corporalem
3029 3827 3240 3882 sustulit
3281 3826 3497 3879 cultum.

1931 3927 2067 3994 Quid
2096 3924 2264 3995 ergo?
2304 3936 2481 3976 annon
2515 3919 2787 3973 habitabat
2822 3919 2872 3971 in
2905 3919 3104 3986 templo
3146 3915 3508 3984 Jerosolymo-

1934 4017 2095 4073 rum?
2139 4014 2253 4068 Non
2295 4012 2508 4081 utique,
2553 4009 2646 4063 sed
2693 4007 3030 4076 operabatur.
3074 4003 3350 4070 Quomodo
3379 4016 3508 4071 ergo

1934 4107 2208 4163 colebatur
2235 4102 2482 4158 manibus
2509 4099 2755 4154 humanis
2781 4096 2918 4167 apud
2948 4094 3204 4150 Judteos?
3248 4092 3363 4146 Non
3392 4106 3506 4145 ma-

1936 4199 2111 4264 nibus,
2134 4195 2229 4252 sed
2253 4193 2519 4248 mentibus
2545 4207 2560 4246 :
2589 4205 2709 4244 nam
2735 4189 2823 4243 illa
2843 4204 2945 4242 nou
2964 4187 3040 4240 sic
3066 4184 3338 4254 quaerebat
3357 4182 3508 4253 quasi

1937 4289 2001 4343 iis
2030 4303 2163 4358 opus
2189 4285 2412 4340 haberet
2435 4301 2447 4336 :
2475 4281 2526 4335 N
2534 4279 2738 4350 nmquid
2759 4277 3092 4342 manducabo,
3117 4274 3307 4345 inquit,
3335 4291 3511 4328 carnes

1939 4389 2198 4433 taurorum
2217 4418 2232 4441 ,
2275 4383 2363 4428 aut
2402 4371 2699 4442 sanguinem
2724 4369 2980 4422 hircorum
3005 4365 3186 4436 potabo
3214 4362 3391 4435 (Psal.
3420 4364 3508 4417 49.

1941 4471 2082 4541 I3)?
2124 4467 2324 4524 Deinde
2364 4482 2482 4520 cum
2520 4462 2782 4518 dixisset:
2818 4460 2990 4530 Neque
3025 4457 3252 4511 manibus
3281 4455 3512 4509 Immanis

1938 4562 2140 4623 colitur,
2167 4559 2396 4627 indigens
2424 4556 2594 4624 aliquo
2617 4571 2634 4619 ;
2658 4553 2780 4621 quia
2811 4551 2911 4605 hoc
2932 4565 3036 4604 non
3059 4548 3188 4602 satis
3215 4554 3350 4613 erat,
3371 4544 3517 4598 nullo

1939 4665 2117 4721 egere,
2149 4656 2206 4702 ut
2232 4647 2436 4701 dixerat
2461 4661 2475 4709 ;
2506 4658 2625 4704 ram
2647 4642 2883 4696 divinum
2903 4639 3115 4709 quidem
3145 4635 3268 4692 illud
3293 4644 3398 4700 est,
3421 4633 3515 4688 sed

1941 4740 2084 4795 aliud
2115 4738 2441 4808 requiritur:
2474 4734 2691 4804 adjicit:
2722 4731 2748 4784 Ι
2757 4748 2843 4800 pse
2869 4731 2996 4784 dans
3026 4727 3254 4782 omnibus
3281 4727 3434 4779 vitam
3468 4732 3516 4778 et

1942 4834 2174 4903 spiritttm
2215 4841 2260 4883 et
2303 4828 2492 4882 omnia.
2543 4825 2654 4879 Duo
2696 4820 2988 4876 divinitatis
3022 4817 3215 4873 indicia
3259 4813 3513 4877 exhibet,

2008 5009 2079 5072 (a)
2106 5008 2188 5056 ttic
2211 5010 2340 5072 uetat
2371 5002 2618 5072 Dounmus
2634 4995 2953 5072 in‘savilianis
2974 4988 3517 5072 poltsiflatfr‘tici‘dis-

1946 5049 2187 5133 ιὶηξῖιίιιὶὶἷ
2207 5049 2489 5133 asinino,
2515 5049 2648 5133 deos,
2673 5058 2912 5133 derigentes
2930 5062 3011 5133 Aet
3028 5053 3374 5133 herogsshgeos
3393 5049 3520 5133 enim

1947 5113 2200 5182 injuriis—uo
2211 5113 2348 5186 igra'd
2353 5138 2383 5172 tt
2405 5113 2598 5185 ponunt,
2614 5113 2728 5183 quos
2743 5117 2907 5186 cicero
2927 5120 3115 5186 tenuate
3138 5113 3375 5186 majorum
3393 5125 3519 5182 gen.-

1949 5171 2718 5252 ἴίίιῖιῖὰῇῥὶιῗάιῒὺὼιὴοηεεζέιιηι
2744 5177 2860 5252 tuis,
2878 5177 2960 5252 qui
2983 5171 3318 5252 ηρωεᾳειᾱςιςε
3338 5171 3522 5252 μινφά-

1949 5238 2241 5303 scitaturum
2265 5251 2561 5307 usurpentur
2585 5243 2689 5292 lucc
2712 5238 2954 5300 vocabula,
2980 5244 3033 5288 ut
3050 5238 3180 5307 apud
3211 5241 3402 5307 poetam
3435 5241 3524 5283 Ju-

1949 5297 2070 5372 Bue}
2086 5297 2436 5374 proficiscitur,
2472 5317 2564 5374 μιτιι
2587 5312 2758 5374 suum
2780 5297 3090 5374 ρλωςίῃηοᾱ
3107 5297 3394 5374 Augustinus
3414 5308 3524 5374 quo:

2070 5357 2278 5436 amittat
2304 5368 2364 5437 de
2383 5357 2580 5437 cit‘itate
2607 5363 2713 5437 Dei,
2735 5357 2768 5413 ι’.
2793 5363 2852 5437 8.,
2876 5357 3153 5437 (Naturam
3173 5357 3520 5437 dwmopiormu

1954 5414 2588 5486 iiiitvrtiii'raniiuntiatoresse
2603 5438 2620 5486 ;
2643 5442 2665 5470 ι
2695 5414 2783 5475 hoc
2803 5424 2932 5475 idem
2953 5422 3188 5486 objecttun
3215 5425 3288 5486 e_st_
3318 5414 3519 5486 sacrati.

1953 5478 2201 5547 ididem;
2213 5478 2338 5541 item
2359 5490 2481 5538 deos
2513 5478 2754 5537 interdum
2778 5495 2917 5536 vocnt
2942 5478 3210 5547 daemonas.
3237 5480 3373 5530 Idem
3395 5478 3523 5527 Dou-

1958 5545 2092 5607 iiaeus
2111 5555 2175 5604 de
2198 5552 2364 5603 stoicis
2387 5564 2398 5599 :
2418 5549 2679 5611 stoicorum
2701 5547 2861 5611 opinio
2881 5545 2970 5611 fuit
2991 5581 3004 5605 ,
3039 5547 3174 5611 utuad
3218 5551 3484 5611 ectremunt
3509 5569 3519 5586 .

1959 5601 2309 5680 cdm'niundus
2339 5609 2658 5680 conﬂagraret
2677 5647 2689 5670 ,
2715 5601 3180 5680 a'bsumptis'qttibus
3210 5601 3281 5652 sol
3317 5606 3361 5649 et
3383 5602 3472 5646 ast:
3492 5617 3517 5643 ι.

1962 5679 2155 5730 aluntur
2179 5671 2470 5734 humoribus,
2494 5671 2650 5721 omnia
2673 5678 2985 5735 ignescerent.
