4036 6212
428 358 525 412 ΞΗ
1133 353 1189 410 S.
1228 351 1502 409 JOANNIS
1537 349 2008 407 CllP-YSOSTOMI
2049 341 2362 407 ARCHIEP.
2402 348 2933 409 CONSTANTINOP.

427 471 571 545 quod
600 473 746 528 nullo
769 471 1030 541 indigeat,
1045 480 1100 526 et
1117 469 1260 540 quod
1280 467 1529 524 omnibus
1549 466 1727 520 omnia
1753 465 2008 535 praabeat.

429 567 544 621 lluc
565 565 754 621 center
774 565 952 619 omnia
970 579 1088 634 quae
1109 562 1174 618 de
1193 563 1302 617 Deo
1316 561 1464 614 Plato
1486 558 1888 629 philosophatus
1905 566 2007 624 est,

427 671 546 725 quae
573 655 832 724 Epicurus
858 697 872 719 ,
905 661 959 708 ct
1004 653 1118 708 haec
1162 651 1338 706 omnia
1382 650 1484 704 illis
1528 657 1830 718 comparata
1860 663 2011 718 nugae

427 752 573 799 sunt.
623 744 770 798 Duas
795 783 810 809 ,
857 744 1056 814 inquit,
1088 743 1243 796 vitam
1268 751 1313 794 et
1341 740 1593 810 spiritum.
1645 739 1780 793 Ecce
1819 739 2012 792 anima:

426 851 640 905 quoque
666 836 839 905 ipsum
868 845 1166 890 creatorem
1198 833 1363 897 facit,
1394 846 1499 885 non
1527 829 1845 900 genitorem.
1879 828 2012 886 Vide

425 941 640 980 rursum
685 925 957 996 quomodo
1001 925 1243 980 destruat
1287 936 1591 978 sermonem
1636 919 1704 975 de
1743 919 2008 974 materia:

432 1014 668 1086 Fecitque
689 1058 702 1081 ,
736 1017 905 1086 inquit
929 1057 944 1083 ,
988 1033 1050 1070 ea:
1081 1031 1180 1068 uno
1220 1015 1467 1084 sanguine
1496 1029 1642 1065 autne
1667 1027 1823 1082 genus
1851 1010 2013 1064 homi-

433 1123 572 1170 num,
606 1108 831 1161 habitare
855 1123 1005 1171 super
1030 1122 1224 1159 onmem
1245 1107 1425 1175 facient
1455 1114 1619 1157 (errat.
1644 1102 1767 1158 llaec
1793 1103 2010 1157 meliora

431 1199 532 1252 illis
553 1240 566 1263 ,
599 1207 653 1252 et
682 1198 961 1252 confutant
991 1205 1199 1251 atomos
1224 1196 1630 1264 materiamque.
1663 1193 1756 1248 llic
1783 1191 2014 1248 ostendit

433 1307 536 1342 non
565 1305 684 1345 csse
710 1290 956 1360 partitam
985 1303 1156 1358 neque
1183 1286 1413 1340 hominis
1435 1286 1686 1339 animam.
1709 1285 1862 1352 Quod
1888 1297 2013 1338 vero

432 1383 503 1435 illi
531 1381 752 1444 dicunt,
793 1379 895 1433 hoc
924 1395 1029 1432 non
1061 1385 1141 1432 est
1179 1392 1301 1432 esse
1330 1376 1680 1431 conditorem.
1727 1373 1858 1428 Cum
1885 1373 2014 1428 dicit

431 1482 608 1527 autem
639 1487 746 1526 non
780 1471 1027 1525 manibus
1057 1469 1305 1525 humanis
1332 1469 1434 1524 coli
1463 1469 1626 1523 Deum
1652 1509 1667 1535 ,
1714 1467 2014 1522 subindicat

432 1567 576 1619 illum
609 1567 788 1619 animo
814 1575 864 1619 et
895 1574 1074 1620 mente
1100 1563 1224 1618 coli.
1257 1561 1356 1616 Hic
1381 1603 1394 1628 ,
1424 1562 1625 1632 inquit,
1654 1561 1766 1615 creti
1795 1570 1841 1614 et
1871 1569 2015 1614 terra:

431 1674 544 1711 runt
578 1658 642 1711 sit
683 1655 951 1709 Dominus.
997 1655 1111 1709 Non
1141 1667 1270 1724 ergo
1298 1652 1570 1707 dccmones
1605 1651 1817 1720 quidem
1851 1665 2010 1720 pecu-

433 1752 609 1807 liares.
650 1751 788 1806 Deus
827 1753 912 1821 qui
941 1752 1055 1822 fecit
1099 1751 1376 1814 mundum,
1421 1758 1469 1803 et
1501 1747 1667 1801 omnia
1696 1760 1808 1816 qua:
1845 1746 1896 1798 in
1924 1744 2014 1797 illo

429 1853 564 1897 sunt.
615 1844 748 1898 Cum
797 1844 944 1912 prius
993 1841 1316 1896 ostendisset
1360 1837 1629 1910 quomodo
1675 1835 1903 1890 mundus
1947 1835 2016 1888 sit

433 1935 598 1988 factus
620 1977 632 2000 ,
669 1945 794 1989 tunc
821 1934 1146 2000 declaravit,
1180 1932 1321 2002 quod
1352 1947 1456 1986 non
1491 1932 1545 1985 in
1576 1928 1891 1984 manulactis
1919 1927 2013 1980 ha-

433 2027 561 2080 bitet
587 2043 602 2091 ;
645 2041 706 2081 ac
733 2027 775 2080 si
805 2027 1048 2082 diceret:
1080 2026 1134 2082 Si
1167 2026 1331 2091 Deus,
1361 2024 1540 2080 omnia
1571 2023 1750 2092 utique
1780 2020 1902 2076 fecit
1927 2035 1941 2083 ;
1969 2019 2011 2073 si

433 2134 538 2172 non
573 2117 696 2172 fecit
717 2161 730 2184 ,
763 2135 868 2173 non
899 2119 1059 2173 Deus.
1087 2116 1192 2182 Dii,
1221 2117 1413 2186 inquit,
1443 2116 1528 2187 qui
1553 2115 1731 2170 cadum
1756 2122 1804 2166 et
1833 2122 2014 2165 terram

434 2227 536 2264 non
566 2214 792 2280 fecerunt
818 2252 834 2277 ,
865 2219 1088 2278 pereant.
1135 2209 1298 2263 Multo
1326 2207 1523 2277 majora
1550 2248 1564 2272 ,
1593 2221 1751 2274 quam
1781 2203 1853 2257 illi
1881 2245 1893 2267 ,
1922 2202 2016 2254 do-

431 2310 607 2372 gmata
638 2303 838 2358 inducit
866 2300 1100 2374 (tametsi
1123 2301 1353 2356 nondum
1378 2315 1563 2369 magna
1593 2299 1752 2362 dixit;
1783 2295 2014 2350 nondum

437 2394 579 2446 enim
627 2402 837 2462 tempus
881 2404 1033 2458 erat;
1081 2393 1175 2447 sed
1222 2392 1373 2462 quasi
1418 2391 1595 2460 pueris
1644 2388 2013 2458 loquebatur),

435 2486 762 2539 creationem
782 2525 796 2549 ,
827 2483 1243 2539 dominationem
1269 2525 1283 2548 ,
1318 2480 1818 2550 non-indigentiam.

503 2574 556 2627 5.
580 2574 714 2627 Cum
737 2573 958 2628 dixisset
978 2581 1153 2628 autem
1179 2573 1326 2626 illum
1355 2587 1419 2626 ex
1445 2587 1549 2626 uno
1572 2572 1829 2638 sanguine
1859 2584 2016 2623 omne

434 2681 602 2735 genus
630 2665 905 2721 hominum
953 2665 1179 2729 fecisse,
1233 2665 1469 2719 omnium
1501 2678 1716 2718 causam
1756 2663 2014 2716 honorum

439 2756 820 2812 tnanifestavit.
852 2755 986 2825 Quid
1016 2754 1138 2809 huic
1167 2753 1479 2808 sublimitati
1529 2753 1660 2823 par?
1685 2752 1815 2806 Nam
1859 2751 2016 2805 mira-

438 2848 544 2903 bile
572 2848 784 2918 quidem
819 2855 900 2900 est
929 2863 993 2901 ex
1022 2861 1130 2900 uno
1156 2854 1231 2900 tot
1258 2844 1487 2910 fecisse;
1517 2843 1660 2914 quod
1688 2851 1866 2897 autem
1898 2857 2010 2896 om-

437 2953 535 2994 nes
582 2938 670 2992 ille
720 2937 879 2992 simul
925 2936 1224 2998 contineat,
1279 2933 1455 2988 adhuc
1505 2933 1662 3004 longe
1702 2931 2015 2987 mirabilius.

438 3025 584 3080 Dans
609 3069 622 3092 ,
663 3026 862 3096 inquit,
889 3026 1117 3080 omnibus
1151 3024 1384 3096 spiritum
1413 3033 1462 3077 et
1504 3025 1678 3076 vitam.
1711 3021 1850 3088 Quid
1895 3030 1977 3077 est
2001 3062 2015 3085 ,

439 3119 701 3188 Deﬁniens
729 3119 1008 3188 praestituta
1040 3128 1268 3187 tempora
1315 3127 1362 3170 et
1407 3117 1645 3170 terminos
1698 3115 2020 3168 habitationis

438 3228 632 3279 eorum,
664 3225 888 3280 quaerere
918 3209 1101 3275 Deum,
1127 3210 1170 3261 si
1194 3213 1324 3279 forte
1343 3217 1602 3261 altroctent
1630 3223 1741 3261 eum
1771 3216 1857 3259 aut
1878 3206 2018 3262 inve-

437 3307 577 3356 nianl
597 3303 619 3355 ?
641 3301 754 3356 Non
775 3301 1064 3370 cogebatur
1082 3300 1219 3370 quis,
1245 3299 1436 3370 inquit,
1459 3298 1683 3353 circuire
1703 3307 1756 3352 et
1780 3311 2021 3368 qumrere

442 3395 609 3449 Deum
647 3413 659 3448 :
693 3395 776 3449 vel
807 3395 850 3448 si
883 3408 988 3448 non
1021 3392 1140 3458 hoc,
1175 3394 1296 3463 quia
1339 3391 1576 3448 decrevit
1599 3402 1658 3446 ut
1707 3393 1846 3446 Deus
1872 3407 2018 3459 qua:-

439 3496 605 3540 ratur.
640 3488 707 3540 At
753 3500 857 3540 non
891 3499 1105 3553 semper
1141 3484 1242 3538 hoc
1286 3483 1587 3538 faciendum
1616 3483 1854 3538 deﬁnivit
1878 3524 1893 3549 ,
1925 3481 2019 3537 sed

441 3578 751 3648 praestitutis
798 3576 1146 3645 temporibus.
1197 3574 1308 3630 lloc
1344 3589 1470 3629 vero
1521 3575 1650 3630 dicit
1693 3573 2017 3638 03tendens,

441 3686 614 3742 neque
639 3685 780 3724 nunc
809 3677 1110 3740 quaerentes
1150 3668 1418 3723 invenisse
1438 3708 1453 3735 ,
1496 3667 1706 3722 etiamsi
1751 3668 1821 3722 ita
1851 3666 2020 3721 mani-

442 3763 607 3817 festus
638 3769 798 3824 esset,
831 3769 890 3815 ut
919 3760 1270 3826 inveniretur,
1308 3775 1370 3814 ac
1399 3760 1442 3814 si
1479 3759 1606 3830 quid
1645 3759 1696 3813 in
1724 3759 1900 3814 medio
1930 3773 2021 3829 po—

439 3857 599 3910 situm
648 3855 946 3925 palpcmus.
975 3853 1159 3923 Neque
1190 3852 1332 3908 enim
1364 3853 1456 3907 hic
1477 3861 1592 3908 erat
1632 3853 1820 3907 caelum
1842 3893 1857 3919 ,
1894 3851 2021 3906 alibi

441 3963 545 4004 non
574 3964 588 4012 ;
618 3963 790 4018 neque
814 3947 864 4002 in
896 3946 998 4001 hoc
1021 3954 1258 4016 tempore
1289 3955 1401 4002 erat
1428 3988 1442 4012 ,
1472 3946 1524 4000 in
1554 3946 1657 4000 alio
1686 3962 1812 4001 non.
1842 3944 2021 4015 Itaque

441 4049 496 4094 et
523 4040 668 4094 omni
696 4049 938 4110 tempore
959 4080 973 4104 ,
1005 4046 1058 4094 et
1087 4036 1137 4092 in
1171 4039 1420 4092 omnibus
1450 4038 1691 4092 terminis
1735 4046 1910 4107 potest
1941 4038 2023 4090 in-

442 4133 630 4188 veniri.
653 4131 741 4187 Sic
766 4131 1095 4201 dispensavit
1118 4139 1175 4184 ut
1196 4137 1545 4200 quaereretur,
1569 4139 1629 4182 ut
1655 4144 1755 4183 nec
1777 4129 1896 4182 loco
1922 4142 2023 4183 nec

441 4234 681 4293 tempore
707 4223 1105 4292 prohibeamur.
1138 4221 1302 4276 Certe
1331 4219 1434 4273 hoc
1460 4221 1634 4288 ipsum
1663 4219 1768 4273 illis
1789 4219 2020 4273 maxime

441 4313 759 4382 profuisset,
791 4313 836 4366 si
864 4312 1077 4381 quidem
1107 4310 1480 4375 voluissent‘;
1529 4309 1671 4378 quod
1715 4309 1911 4379 ubique
1953 4309 2023 4364 sit

440 4405 629 4459 «clum
655 4413 709 4458 et
749 4411 852 4457 stet
880 4403 1022 4457 omni
1055 4412 1314 4472 tempore.
1346 4401 1470 4457 Ideo
1497 4403 1574 4456 sic
1607 4401 1734 4456 dicit
1764 4421 1778 4456 :
1826 4401 2017 4467 Quam.

439 4496 513 4549 vis
555 4511 655 4548 non
701 4495 847 4565 longe
890 4495 954 4548 sit
982 4495 1042 4548 ab
1073 4509 1368 4566 unoquoque
1407 4505 1672 4559 nostrum;
1715 4495 1808 4550 sed
1858 4509 2022 4564 prope

439 4587 509 4639 sit
535 4585 818 4649 omnibus;
849 4585 950 4640 hoc
988 4593 1072 4640 est
1100 4602 1116 4641 z
1165 4584 1280 4638 Non
1312 4585 1472 4640 modo
1501 4586 1662 4640 vitam
1690 4596 1744 4641 et
1771 4585 2017 4655 spiritum

439 4677 584 4732 dedit
606 4687 659 4732 et
680 4677 881 4742 omnia,
900 4692 1088 4733 verum
1105 4677 1285 4742 etiam,
1308 4677 1448 4748 quod
1469 4688 1628 4748 caput
1652 4688 1734 4733 est
1755 4677 2015 4745 omnium,

439 4770 504 4824 ad
535 4770 614 4825 sui
645 4770 1002 4839 cognitionem
1032 4770 1222 4834 traxit,
1257 4769 1372 4825 lucc
1395 4769 1595 4837 dando,
1621 4787 1719 4841 per
1756 4786 1874 4841 qua:
1901 4786 2021 4841 pos-

440 4864 608 4917 simus
639 4861 787 4917 illum
819 4862 1058 4916 invenire
1088 4872 1140 4916 et
1162 4861 1588 4931 apprehendere.
1620 4861 1723 4917 Sed
1755 4862 2021 4916 noluimus

443 4967 689 5023 quaerere
708 4991 724 5018 ,
753 4953 853 5007 etsi
884 4952 949 5006 ad
978 4951 1141 5022 pedes
1171 4961 1334 5006 esset.
1366 4951 1486 5006 Non
1515 4951 1681 5023 longe,
1713 4952 1914 5022 inquit,
1958 4951 2020 5005 ab

438 5058 739 5115 unoquoque
764 5053 1012 5097 nostrum.
1045 5042 1231 5112 Papa}!
1255 5042 1500 5097 omnibus
1525 5057 1690 5112 prope
1719 5056 1840 5098 esse
1870 5042 2019 5108 dicit,

437 5133 528 5200 qui
577 5132 781 5186 suntin
827 5133 955 5187 orhe
1004 5142 1287 5187 terrarum.
1316 5131 1451 5200 Quid
1494 5131 1595 5186 hoc
1645 5131 1858 5201 majus?
1891 5132 2021 5188 Vide

439 5221 710 5290 quomodo
758 5226 971 5292 partitos
1021 5223 1278 5278 confutet.
1333 5223 1468 5290 Quid
1509 5223 1630 5278 dico
1674 5223 1900 5292 procul?
1947 5225 2019 5278 lta

442 5329 608 5383 prope
643 5323 754 5378 est,
785 5324 844 5368 ιιι
881 5317 996 5370 sine
1042 5317 1159 5384 ipso
1207 5332 1314 5369 non
1341 5318 1565 5370 vivatur.
1613 5315 1680 5369 In
1727 5318 1836 5388 ipso
1889 5319 2021 5372 enim

439 5407 647 5460 ririmus
673 5415 718 5459 et
741 5421 994 5458 movemur
1021 5417 1066 5459 et
1092 5423 1286 5460 sumus.
1304 5408 1463 5474 Quasi
1484 5423 1744 5477 corporeo
1775 5410 2021 5478 exemplo

441 5494 745 5566 huiusmodi
793 5495 1065 5565 quidpiam
1125 5497 1311 5550 dicit:
1357 5498 1508 5552 Sicut
1557 5499 1885 5567 impossibile
1940 5509 2022 5554 est

442 5589 689 5658 ignorare
710 5601 888 5643 aerem
919 5587 1114 5655 ubique
1142 5585 1390 5642 diffusum
1414 5630 1427 5653 ,
1459 5605 1562 5643 non
1589 5588 1772 5658 procul
1798 5589 1865 5644 ab
1889 5604 2020 5644 uno-

504 5767 519 5797 ι
540 5763 677 5826 ll:ec,
699 5765 740 5816 si
759 5761 1232 5830 quulenwoluissent,
1257 5764 1435 5814 desuut
1457 5766 1503 5813 in
1528 5764 1833 5827 quihusdam.

3607 352 3714 408 27:!

2124 480 2337 536 quoque
2375 476 2614 522 nostrum
2660 483 2814 535 esse,
2867 468 2976 522 imo
3017 476 3072 524 et
3119 469 3172 522 in
3218 466 3372 524 nobis
3415 484 3583 525 esse:
3635 470 3708 524 ita

2119 559 2280 612 etiam
2341 560 2577 614 omnium
2632 561 2966 615 Creatorem.
3024 559 3156 616 Vide
3203 562 3474 630 quomodo
3527 563 3711 617 omnia

2120 649 2283 719 ipsius
2321 665 2440 706 esse
2483 651 2624 706 dicat
2671 669 2686 707 :
2734 651 3125 723 providentiam
3177 651 3317 706 illius
3365 667 3486 707 esse
3529 653 3662 707 dicit
3699 672 3714 708 :

2117 743 2597 809 conservationem,
2617 743 2759 812 qttod
2781 744 2848 797 ab
2869 744 2959 797 illo
2979 743 3300 806 sintomnia,
3327 744 3579 812 cperandi
3599 745 3708 798 vim

2119 831 2370 899 habeant,
2416 841 2469 887 et
2499 848 2604 888 non
2633 842 2880 904 pereant.
2917 833 3027 888 Nec
3065 833 3220 898 dixit,
3247 835 3349 888 Per
3395 834 3578 899 illum;
3608 836 3708 890 sed

2119 923 2260 994 quod
2289 925 2508 994 propius
2553 935 2672 991 est,
2707 920 2768 978 In
2799 925 2908 978 illo.
2940 925 3080 978 Nihil
3115 925 3218 979 tale
3244 925 3381 979 dixit
3414 935 3565 994 poeta
3594 927 3709 991 ille,

2119 1015 2294 1085 Ipsius
2321 1017 2481 1081 enim,
2511 1017 2780 1087 inquiens,
2811 1033 2966 1087 genus
2987 1034 3162 1072 smnus
3179 1033 3199 1081 ;
3228 1017 3323 1072 sed
3361 1018 3450 1071 ille
3480 1017 3546 1072 de
3573 1017 3712 1073 Jove

2119 1109 2272 1176 dixit,
2304 1108 2390 1163 hic
2419 1124 2544 1163 vero
2565 1108 2633 1164 de
2663 1108 2918 1164 Creatore
2941 1109 3042 1164 hoc
3068 1111 3261 1179 accipit
3292 1128 3304 1162 :
3336 1126 3433 1164 nec
3460 1110 3708 1166 eumdem

2121 1199 2292 1268 ipsum
2324 1198 2523 1253 indicat
2554 1199 2663 1263 ille,
2686 1199 2862 1264 absit;
2893 1198 2989 1254 sed
3016 1215 3134 1269 qua:
3155 1199 3224 1254 de
3247 1199 3340 1252 illo
3361 1198 3504 1253 dicta
3529 1211 3708 1265 erant,

2121 1293 2230 1347 Deo
2258 1293 2342 1348 cui
2369 1292 2746 1361 competebant
2791 1292 3106 1346 adscriliens
3151 1309 3163 1344 :
3200 1308 3323 1345 nam
3351 1307 3500 1345 aram
3550 1292 3713 1361 lmjus

2119 1398 2240 1438 esse
2263 1383 2428 1449 dicit,
2457 1399 2563 1438 non
2597 1383 2737 1438 illius
2757 1425 2772 1449 ,
2804 1399 2966 1453 quem
2995 1383 3094 1453 ipsi
3133 1383 3404 1441 colebant.
3449 1383 3710 1450 Quaedam

2121 1475 2262 1530 enim
2290 1473 2431 1530 dicta
2461 1483 2516 1529 et
2537 1473 2673 1529 facta
2701 1484 2826 1528 sunt
2849 1473 2915 1528 ad
2945 1490 3128 1528 verum
3159 1475 3321 1528 Deum
3348 1475 3669 1544 pertinentia
3694 1492 3709 1535 ;

2119 1581 2303 1621 verum
2331 1565 2636 1621 nesciebant
2662 1565 2833 1622 Graeci
2864 1565 2930 1619 ad
2977 1580 3098 1620 eum
3145 1569 3450 1636 pertinere,
3501 1565 3600 1621 sed
3639 1565 3714 1620 tle

2120 1657 2224 1710 alio
2254 1657 2586 1711 intellexere.

2194 1748 2354 1814 Illud,
2381 1747 2564 1820 Ignoto
2598 1748 2723 1814 Deo,
2751 1750 3003 1819 quomodo
3033 1749 3096 1803 sit
3118 1747 3597 1818 intelligendum.—
3615 1748 3715 1802 Dic

2119 1841 2261 1895 enim
2293 1842 2442 1909 mihi,
2470 1842 2538 1896 de
2557 1857 2665 1912 quo
2716 1843 2931 1915 proprie
2959 1842 3189 1908 dicatur,
3224 1841 3408 1912 Ignoto
3450 1841 3602 1906 Deo;
3639 1844 3714 1898 de

2119 1930 2393 1998 Creatore,
2423 1949 2491 1986 an
2523 1933 2805 1987 dmmone?
2840 1932 3035 2002 Utique
3063 1932 3131 1987 de
3158 1932 3418 1986 Creatore
3449 1950 3462 1986 :
3492 1933 3711 1987 etiamsi

2123 2023 2268 2076 illum
2291 2022 2504 2092 quidem
2547 2023 2862 2093 ignorarint,
2888 2021 3029 2077 hunc
3053 2037 3178 2077 vero
3206 2023 3474 2077 noverint.
3498 2023 3712 2078 Simili-

2124 2123 2204 2167 ter
2231 2114 2387 2167 etiam
2413 2153 2428 2179 ,
2469 2112 2609 2183 quod
2641 2113 2816 2166 omnia
2849 2112 3053 2176 iecerit,
3085 2111 3153 2166 de
3193 2112 3306 2165 Deo
3335 2113 3551 2181 proprie
3575 2113 3717 2167 dici-

2123 2215 2226 2271 tur,
2267 2221 2372 2262 non
2399 2206 2467 2261 de
2491 2206 2623 2261 Jove
2643 2247 2656 2271 ,
2689 2207 2921 2261 scelesto
2946 2214 3000 2261 et.
3023 2207 3356 2261 esset-rando
3396 2207 3609 2261 homine
3647 2222 3715 2260 ac

2122 2299 2528 2368 priestigiatorc.
2577 2297 2775 2351 Paulus
2827 2309 2975 2352 certe
3037 2312 3142 2350 non
3196 2298 3356 2351 simili
3402 2307 3564 2366 atque
3617 2298 3716 2351 ille

2124 2389 2282 2444 modo
2311 2390 2462 2457 dixit,
2494 2389 2665 2459 Ipsius
2695 2389 2827 2442 enim
2857 2398 2904 2442 et
2945 2405 3104 2459 genus
3144 2406 3350 2455 sumus;
3392 2389 3566 2455 absit,
3613 2391 3712 2444 sed

2122 2482 2223 2536 alia
2252 2490 2463 2547 mente;
2495 2497 2660 2552 genus
2688 2480 2830 2544 enim
2860 2481 2978 2550 ejus
3004 2496 3106 2535 non
3147 2497 3266 2536 esse
3288 2482 3446 2546 dixit,
3478 2482 3579 2536 hoc
3601 2492 3711 2548 est,

2123 2573 2467 2639 domesticos,
2503 2573 2801 2643 proximos,
2832 2581 2885 2626 ct
2905 2573 3054 2642 quasi
3084 2573 3203 2642 quis
3231 2572 3448 2637 dixerit,
3480 2574 3673 2640 propin
3693 2605 3712 2613 -

2123 2681 2256 2734 quos
2279 2674 2332 2720 ct
2358 2667 2576 2720 vicinos.
2619 2665 2694 2720 Nc
2723 2667 2864 2720 enim
2901 2681 3088 2720 rursus
3125 2666 3406 2732 dicerent,
3453 2665 3598 2719 Nora
3623 2668 3712 2719 iu-
3793 2709 3796 2712 .

2123 2756 2254 2827 grris
2278 2756 2484 2810 auribus
2509 2757 2693 2811 nostris
2731 2756 2888 2825 (nihil
2919 2756 3058 2810 enim
3109 2757 3187 2811 sic
3231 2756 3532 2811 hominibus
3571 2772 3711 2810 con-

2126 2846 2406 2918 trarium),
2437 2855 2647 2916 poetam
2678 2847 2730 2900 in
2763 2845 2993 2900 medium
3037 2845 3270 2900 adducit.
3309 2845 3489 2914 Neque
3525 2845 3665 2900 dixit
3693 2888 3711 2910 ,

2126 2937 2239 2991 Non
2268 2936 2476 2991 debetis
2506 2945 2694 3006 putare
2723 2951 2856 2990 auro
2887 2945 2978 2989 aut
3006 2948 3230 3005 argento
3265 2936 3430 2990 Dcutu
3467 2951 3585 2991 esse
3632 2933 3714 2990 $7-

2126 3031 2305 3083 milcm
2331 3071 2346 3095 ,
2397 3044 2428 3083 o
2459 3029 2672 3084 scelesti
2712 3036 2766 3083 et
2795 3028 3144 3083 cxsecrandi!
3189 3029 3282 3082 sed
3333 3031 3550 3094 mitius,
3601 3029 3718 3083 Hoc

2126 3139 2223 3176 non
2251 3121 2482 3176 debemus
2507 3122 2790 3186 mstimare,
2827 3121 3020 3190 inquit,
3051 3121 3144 3176 sed
3183 3136 3344 3190 super
3387 3122 3510 3176 hoc.
3541 3121 3716 3187 Quid-

2126 3230 2248 3269 nam
2290 3223 2374 3268 est
2399 3229 2556 3281 super
2577 3211 2716 3266 hoc?
2755 3211 2930 3278 Deus;
2959 3211 3052 3267 sed
3081 3227 3255 3280 neque
3291 3211 3392 3266 hoc
3421 3213 3713 3282 (est-enim

2127 3306 2380 3363 efficacia:
2409 3302 2649 3375 nomen),
2681 3303 2775 3358 sed
2804 3303 3014 3359 interim
3045 3303 3146 3358 hoc
3177 3321 3188 3356 :
3225 3311 3428 3357 tantum
3454 3319 3711 3372 negamus

2129 3398 2293 3452 Deum
2330 3396 2451 3450 huic
2489 3409 2609 3450 esse
2639 3394 2864 3449 similem
2898 3413 2910 3447 :
2947 3394 3067 3464 quis
3117 3394 3259 3447 enim
3308 3393 3544 3448 dixerit?
3577 3393 3712 3446 Vide

2127 3486 2398 3559 quomodo
2424 3487 2798 3556 incorporeum
2827 3485 3132 3540 introducit.
3161 3485 3308 3540 Mens
3328 3486 3468 3540 enim
3495 3486 3716 3554 quando

2127 3581 2428 3651 su5picatur
2447 3593 2673 3648 corpus,
2709 3577 2868 3632 etiam
2900 3576 3206 3632 distantiam
3235 3577 3569 3647 imaginatur.
3605 3575 3714 3628 (ἐς.

2128 3689 2222 3726 nus
2250 3687 2367 3741 ergo
2410 3686 2524 3724 cum
2559 3671 2718 3723 simus
2747 3667 2862 3734 Dei,
2893 3684 2993 3721 non
3020 3667 3282 3730 debemus,
3308 3667 3511 3737 inquit,
3537 3669 3716 3720 existi-

2127 3779 2267 3817 mare
2290 3778 2414 3815 auro
2449 3771 2536 3814 aut
2569 3769 2776 3830 argento
2822 3768 2908 3812 aut
2953 3758 3149 3827 lapidi,
3179 3759 3451 3827 sculptura:
3493 3758 3615 3810 artis
3669 3769 3719 3811 ct

2127 3853 2440 3924 cogitationis
2481 3851 2695 3903 hominis
2720 3890 2735 3913 ,
2782 3848 2945 3903 Deum
2986 3865 3092 3903 esse
3127 3847 3363 3903 similem.
3406 3848 3476 3901 At
3515 3847 3718 3902 dixerit

2127 3943 2388 4013 quiSpiam
2414 3982 2428 4006 ,
2471 3940 2586 3994 Non
2619 3939 2720 3995 hoc
2749 3947 3035 4008 putamus:
3083 3953 3181 3994 cur
3219 3953 3347 4009 ergo
3394 3938 3496 3992 hoc
3538 3939 3720 3992 dicit?

2127 4034 2232 4090 Sed
2261 4033 2327 4087 ad
2359 4030 2755 4086 multitudinem
2809 4029 3128 4100 loquebatur
3171 4030 3285 4099 ipse
3306 4071 3322 4095 ,
3354 4044 3418 4084 ac
3470 4030 3548 4084 sic
3577 4030 3721 4082 bene

2129 4125 2281 4180 dixit.
2310 4123 2441 4178 Nam
2467 4123 2509 4177 si
2539 4136 2636 4177 nos
2662 4120 2952 4176 secundum
2980 4121 3212 4175 animam
3252 4135 3357 4175 non
3385 4135 3571 4176 sumus
3610 4120 3722 4174 illis

2128 4215 2329 4269 similes
2350 4255 2364 4277 ,
2394 4214 2562 4268 multo
2590 4213 2766 4267 minus
2800 4212 2958 4267 Deus.
3011 4211 3229 4265 Interim
3277 4210 3495 4266 abducit
3521 4211 3645 4264 illos
3689 4229 3718 4262 a

2131 4304 2457 4375 suspicione.
2489 4303 2604 4357 Non
2632 4302 2794 4358 modo
2824 4303 3109 4372 sculptura:
3128 4302 3260 4356 artis
3289 4317 3394 4356 non
3415 4312 3498 4357 est
3523 4301 3723 4356 similis

2131 4398 2291 4462 Deus,
2330 4395 2424 4450 sed
2451 4410 2625 4465 neque
2653 4395 2742 4449 ulli
2770 4395 2860 4449 alii
2888 4394 3136 4450 humanae
3159 4395 3468 4464 cogitationi
3495 4395 3720 4463 subjici-

2131 4501 2217 4542 tur
2249 4506 2263 4540 :
2295 4502 2420 4541 nam
2461 4487 2544 4542 vel
2574 4500 2664 4542 ars
2689 4486 2776 4541 vel
2804 4501 2956 4541 mens
3001 4487 3223 4541 invenit.
3254 4485 3380 4541 Ideo
3421 4486 3500 4540 sic
3533 4485 3670 4541 dicit
3705 4505 3718 4540 :

2128 4579 2186 4634 Si
2216 4578 2288 4643 id,
2312 4576 2453 4646 quod
2477 4591 2565 4631 ars
2589 4577 2674 4631 vel
2700 4591 2851 4632 mens
2877 4577 3110 4633 hominis
3155 4577 3390 4644 invenit,
3417 4577 3556 4632 Deus
3593 4587 3717 4644 est,

2127 4677 2182 4723 et
2207 4669 2251 4722 si
2298 4669 2348 4720 in
2399 4667 2575 4736 lapide
2604 4666 2901 4722 substantia
2934 4667 3026 4722 Dei
3063 4667 3377 4738 :quomodo
3417 4682 3545 4738 ergo
3573 4667 3619 4722 si
3663 4669 3718 4723 in

2129 4759 2244 4828 ipso
2271 4757 2520 4822 vivimus,
2547 4757 2720 4826 ipsum
2750 4771 2855 4812 non
2882 4757 3218 4813 invenimus?
3248 4757 3454 4828 Duplex
3484 4773 3612 4828 ergo
3634 4771 3724 4813 est

2127 4849 2431 4914 accusatio,
2463 4847 2682 4916 etquod
2730 4848 2880 4904 illum
2926 4864 3034 4903 non
3087 4850 3428 4918 invenerint,
3473 4858 3528 4906 et
3571 4851 3723 4921 quod

2129 4942 2261 4996 tales
2297 4939 2619 4995 invenerint.
2665 4938 2811 4994 Mens
2856 4956 2950 5009 per
3012 4941 3245 5012 seipsam
3297 4957 3559 5012 nusquam
3610 4943 3724 4999 ﬁde

2128 5031 2287 5099 digna
2314 5038 2418 5086 est.
2451 5028 2556 5084 Sed
2585 5039 2864 5099 postquam
2895 5031 3108 5087 illorum
3139 5035 3350 5088 animos
3375 5035 3452 5088 sic
3476 5035 3724 5103 exagita-

2127 5123 2236 5190 vit,
2283 5121 2624 5191 ostenditque
2667 5122 3058 5178 incscusabiles
3095 5124 3215 5178 illos
3240 5139 3362 5180 esse
3387 5167 3401 5189 ,
3431 5126 3554 5182 vide
3589 5127 3723 5196 quid

2129 5213 2319 5269 suhdat
2348 5231 2360 5267 :
2391 5213 2642 5284 Tempora
2683 5213 2886 5283 quidem
2914 5215 3216 5285 ignorantia:
3241 5217 3556 5286 despiciens,
3585 5234 3722 5272 nunc

2127 5307 2393 5358 annuntiat
2427 5304 2654 5358 omnibus
2703 5303 3018 5372 hominibus,
3052 5307 3233 5375 ubique
3275 5317 3328 5359 ut
3373 5309 3723 5376 pwitilentiam

2127 5405 2300 5465 agant.
2319 5394 2455 5462 Quid
2483 5396 2644 5465 ergo?
2675 5409 2904 5450 nemone
2935 5396 3148 5451 illorum
3180 5413 3364 5466 ptenas
3386 5398 3520 5453 dat?
3543 5399 3724 5454 Nemo

2127 5495 2276 5542 certe
2305 5502 2521 5552 eorum,
2555 5489 2645 5558 qui
2689 5488 3058 5557 paenitentiam
3097 5505 3257 5560 agere
3279 5491 3470 5544 velint.
3516 5492 3592 5546 De
3639 5492 3728 5545 his

2129 5579 2393 5649 loquitur;
2429 5595 2532 5632 non
2560 5579 2628 5633 de
2656 5581 2720 5634 iis
2741 5581 2831 5649 qui
2859 5580 3095 5636 defuncti
3123 5590 3269 5648 sunt,
3296 5583 3390 5638 sed
3411 5582 3479 5638 de
3508 5585 3574 5638 iis
3600 5601 3724 5654 qut-

2128 5669 2226 5724 bus
2252 5671 2552 5723 annuntiat.
2583 5670 2694 5723 Non
2718 5671 2916 5740 exigit,
2952 5673 3154 5742 inquit,
3180 5688 3210 5726 a
3240 5673 3391 5728 vobis
3426 5675 3721 5730 rationem.

2132 5759 2248 5815 Non
2265 5761 2418 5828 dixit,
2451 5761 2545 5815 Ille
2567 5762 2840 5832 despexit;
2872 5781 2976 5819 non
3001 5763 3154 5832 dixit,
3180 5765 3272 5821 llle
3294 5767 3537 5837 permisit
3561 5784 3576 5836 ;
3599 5767 3721 5838 sed,
