4036 6220
434 284 538 336 275

498 397 562 447 δ’.
596 394 737 463 Ὅρα
755 390 869 450 πῶς
885 387 1079 448 αὐτοὺς
1097 382 1293 463 ἀπάγει
1320 381 1427 433 τῶν
1451 379 1708 450 μερικῶν.
1740 380 1891 432 Διότι
1921 377 2097 442 ἕστη-

429 496 545 534 σεν
577 478 823 546 ἡμέραν,
857 472 1039 542 φησὶν,
1070 469 1139 522 ἐν
1162 462 1202 539 ᾖ
1226 467 1437 536 μέλλει
1481 467 1709 533 κρίνειν
1754 467 1870 532 τὴν
1901 465 2096 517 οἰκου-

426 565 620 635 μένην
672 563 742 613 ἐν
791 557 1164 623 δικαιοσύνῃ.
1203 554 1369 623 Ὅρα·
1434 551 1593 635 πάλιν
1642 551 1741 620 τὴν
1774 549 2094 635 οἰκουμένην

431 627 604 715 εἶπεν,
641 646 781 699 οῦτω
811 644 939 706 τοὺς
967 640 1286 712 ἀνθρώπους
1318 636 1519 690 καλῶν.
1554 627 1665 690 ’Ἑν
1691 635 1862 702 ἀνδρί
1888 628 1935 700 ᾧ
1963 633 2088 702 ῶρι-

431 749 566 797 σεν,
617 729 973 798 ἀναστήσας
1012 726 1198 780 αὑτὸν
1228 726 1296 777 ἐκ
1317 722 1566 791 νεκρῶν.
1601 722 1742 793 Ὅρα
1795 721 1910 783 πῶς
1939 721 2098 773 πάλιν

430 821 491 875 τ’)
519 818 687 880 πάθος
717 816 1004 885 ἐδήλωσεν,
1036 811 1385 874 ἀναστάσεως
1435 808 1832 880 μνημονεύσας.
1865 807 1988 859 Ὅτι
2043 806 2098 858 δὲ

430 905 637 977 ἀληθὴς
663 907 696 973 ἠ
729 901 929 972 κρίσις,
967 898 1122 968 δῆλον
1153 901 1217 950 ἐκ
1252 897 1352 966 τῆς
1391 896 1767 957 ἀναστάσεως·
1831 909 2100 961 συγκατα-

433 993 757 1056 σκευάζεται
796 990 903 1059 γάρ
928 1005 942 1017 ·
979 987 1072 1040 καὶ
1101 987 1182 1038 ὅτι
1217 985 1391 1038 πάντα
1415 983 1642 1052 ἀληθεία
1680 978 1821 1044 εἷπε,
1855 981 2013 1051 δῆλον
2041 978 2102 1043 ἐξ

431 1076 506 1133 ῶν
559 1079 780 1147 ἀνέστη.
817 1076 940 1127 Ὅτι
969 1074 1025 1126 δέ
1073 1073 1169 1126 καὶ
1198 1074 1329 1124 πᾶσι
1356 1070 1561 1140 ταύτην
1609 1071 1864 1140 παρεῖχον
1895 1068 2096 1129 πίστιν,

430 1165 493 1218 τὸ
526 1166 815 1233 ἀναστῆναι
840 1160 1000 1213 αὐτὸν
1029 1161 1092 1212 ἐκ
1115 1157 1343 1228 νεκρῶν,
1398 1158 1490 1210 καὶ
1520 1156 1676 1208 τοῦτο
1707 1156 1893 1209 λοιπὸν
1919 1154 2094 1224 δῆλον.

432 1254 619 1308 Ταῦτα
650 1252 861 1321 εἴρηται
889 1247 987 1319 μὲν
1030 1248 1166 1318 πρὸς
1203 1245 1514 1314 Ἀθηναίους
1538 1259 1551 1273 ·
1593 1245 1780 1314 καιρὸν
1809 1243 1852 1296 δ’
1883 1243 1948 1296 ἂν
1989 1241 2098 1312 ἔχοι

433 1343 527 1397 καὶ
559 1341 692 1412 πρὸς
717 1340 865 1410 ἡμᾶς
921 1336 1195 1404 λέγεσθαι,
1231 1337 1312 1388 ὄτι
1374 1335 1579 1396 πάντας
1625 1333 1899 1403 πανταχοῦ
1934 1350 2098 1402 μετα-

431 1431 574 1483 νοεῖν
601 1428 699 1489 δεῖ,
733 1427 816 1478 ὅτι
836 1423 1034 1492 ῶρισεν
1052 1421 1288 1492 ἡμέραν,
1310 1423 1366 1474 ἐν
1455 1421 1636 1491 μέλλει
1663 1423 1871 1493 κρίνειν
1900 1422 1998 1490 τὴν
2019 1423 2099 1472 οἱ-

432 1534 529 1570 κου
537 1514 722 1584 μένην.
744 1512 886 1583 Ὅρα
901 1510 1018 1572 πῶς
1038 1511 1131 1562 καὶ
1154 1509 1410 1578 δικαστὴν
1437 1509 1596 1562 αὐτὸν
1613 1509 1840 1576 εἰσάγει,
1856 1507 1949 1560 καὶ
1967 1525 2101 1578 προ-

431 1603 656 1656 νοοῦντα
677 1598 771 1653 τοῦ
783 1598 988 1666 κόσμου
1011 1596 1103 1649 καὶ
1117 1594 1265 1667 [292]
1287 1595 1660 1665 φιλάνθρωπον
1678 1597 1769 1648 καὶ
1785 1611 2100 1665 συγγνωμο-

432 1689 580 1743 νικὺν
605 1687 700 1740 καὶ
727 1684 949 1737 δυνατὸν
977 1684 1071 1736 καὶ
1092 1682 1276 1750 σοφὸν,
1307 1682 1399 1735 καὶ
1425 1682 1603 1735 πάντα
1625 1681 1811 1746 ἁπλῶς
1829 1684 2100 1752 Δημιουρ-

431 1776 530 1844 γοῦ
560 1774 768 1844 ἔχοντα.
805 1768 1099 1833 Ἀπόδειξιν
1157 1769 1324 1822 ἔδωκε
1361 1769 1453 1822 τοῦ
1506 1769 1804 1839 ἀναστῆναι
1839 1768 1998 1821 αὐτὸν
2036 1769 2102 1823 ἐκ

431 1862 642 1933 νεκρῶν
665 1858 733 1913 τὰ
754 1857 1035 1929 εἰρημένα.
1070 1857 1510 1926 Μετανοήσωμεν
1537 1868 1563 1896 θ
1596 1851 1687 1908 οὖν
1705 1869 1718 1882 ⁸
1750 1855 1965 1918 πάντως
1993 1855 2100 1924 γάρ

433 1948 688 2019 κριθῆναι
717 1946 815 1998 δεῖ.
848 1943 910 1997 Εἰ
943 1944 1018 2013 μὴ
1040 1943 1236 2013 ἀνέστη
1278 1945 1306 1994 6
1355 1942 1610 2012 Χριστὸς,
1662 1942 1722 1995 οὐ
1768 1941 2064 2011 κρινόμεθα
2085 1956 2096 1968 ·

431 2038 480 2087 εἰ
518 2034 572 2087 δέ
602 2033 821 2101 ἀνέστη,
856 2030 1071 2089 πάντως
1116 2027 1430 2098 κρινόμεθα.
1491 2030 1595 2093 Εἰς
1625 2028 1798 2082 τοῦτο
1850 2027 1959 2098 γὰρ
2004 2026 2102 2081 καὶ

430 2120 754 2184 ἀπέθανεν,
804 2119 905 2172 ἵνα
954 2116 1052 2170 καὶ
1113 2114 1344 2183 νεκρῶν
1395 2115 1492 2168 καί
1530 2115 1757 2176 ζώντων
1788 2115 2099 2183 κυριεύσῃ,

432 2205 597 2274 φησί·
658 2204 751 2256 καὶ
784 2202 984 2256 πάλιν·
1043 2201 1271 2266 Πάντες
1315 2199 1424 2270 γὰρ
1470 2203 1972 2268 παραστησόμεθα
2024 2198 2104 2264 τῷ

425 2291 651 2359 ,βήματι
676 2289 782 2343 τοῦ
810 2287 1088 2356 Χριστοῦ,
1126 2288 1225 2341 ἵνα
1249 2286 1505 2352 ἕκαστος
1553 2287 1868 2356 κομίσηται
1899 2286 2045 2354 πρὸς
2067 2285 2105 2340 ἂ

433 2378 675 2445 ἔπραξε.
711 2376 801 2446 Μὴ
832 2376 895 2444 δὴ
944 2374 1201 2445 νομίσητε
1257 2375 1479 2444 ῥήματα
1533 2375 1690 2443 μόνον
1718 2369 1855 2426 εἷναι
1897 2372 2099 2427 ταῦτα·

437 2463 545 2514 ἰδοὺ
580 2461 675 2516 καὶ
723 2461 809 2513 τὸν
841 2460 967 2529 περί
1021 2459 1120 2528 τῆς
1177 2459 1531 2520 ἀναστάσεως
1576 2459 1684 2510 τῶν
1722 2460 1940 2512 πάντων
1989 2459 2104 2510 εἰσ-

433 2551 607 2619 ήγαγε
635 2546 822 2615 λόγον·
863 2545 924 2598 οὐ
959 2545 1066 2614 γὰρ
1095 2543 1268 2607 ἄλλως
1306 2543 1548 2614 κρίνεται
1583 2545 1616 2612 ἡ
1649 2543 1963 2614 οἰκουμένη.
1995 2544 2105 2596 Καὶ

431 2635 512 2698 τὸ,
564 2632 943 2698 Ἀναστήσας
980 2631 1048 2683 δὲ
1085 2631 1272 2684 αὑτὸν
1298 2630 1366 2683 ἐκ
1397 2628 1648 2697 νεκρῶν,
1683 2631 1809 2701 περὶ
1855 2631 2103 2701 σώματός

432 2725 580 2774 ἐστιν
603 2718 888 2790 εἰρημένον
909 2732 922 2745 ⁸
955 2716 1114 2770 τοῦτο
1149 2717 1258 2788 γὰρ
1310 2718 1403 2770 καὶ
1437 2717 1649 2787 νεκρὸν,
1680 2717 1838 2770 τοῦτο
1870 2719 1963 2770 καὶ
1999 2718 2100 2770 πέ-

433 2825 637 2861 πτωκε.
668 2807 825 2875 Παρά
850 2804 1105 2875 Ἕλλησιν
1127 2803 1315 2875 ῶσπερ
1343 2803 1411 2855 τὰ
1437 2803 1535 2873 τῆς
1559 2802 1936 2874 δημιουργίας,
1962 2802 2105 2857 οὓτω

433 2897 528 2949 καὶ
577 2895 644 2949 τά
680 2897 780 2965 τῆς
825 2893 1058 2961 κρίσεως
1088 2891 1381 2945 ἀθετεῖται.
1412 2890 1596 2943 Ταῦτα
1620 2890 1676 2943 δὲ
1707 2890 1910 2944 παίδων
1937 2891 2101 2961 εὐρήε-

438 2999 603 3051 ματα,
653 2981 747 3034 καὶ
781 2979 1087 3050 μεθυόντων
1125 2976 1428 3048 ἀνθρώπων
1457 2979 1627 3032 ἐστίν.
1668 2976 1807 3030 Ἀλλ’
1833 2979 1994 3048 ἡμεῖς
2048 2980 2100 3032 of.

433 3069 561 3138 περί
589 3066 791 3120 τούτων
813 3065 1055 3136 ἀκριϐῶς
1085 3064 1302 3129 εἰδότες,
1333 3063 1659 3134 πράττωμέν
1686 3081 1738 3118 τι
1775 3064 1883 3117 τῶν
1905 3065 2101 3135 χρησί-

437 3173 572 3225 μων,
601 3153 694 3207 καὶ
725 3150 1112 3222 σπουδάζωμεν
1141 3151 1485 3220 οἰκειωθῆναι
1506 3151 1582 3220 τῷ
1613 3150 1854 3221 Χριστῷ.
1876 3152 2054 3222 Μέχρι
2073 3153 2100 3192 b

432 3242 563 3295 πότε
592 3239 945 3312 ἐχθραίνομεν
975 3238 1109 3309 πρὸς
1149 3238 1338 3302 αὐτόν;
1377 3241 1538 3308 μέχρι
1568 3240 1696 3296 πότε
1749 3239 1886 3308 πρὸς
1937 3241 2101 3293 αὐτὸν

434 3327 611 3398 ἀηδῶς
643 3326 870 3396 ἐχομενς
899 3323 989 3394 Μὴ
1014 3325 1239 3392 γένοιτο,
1266 3323 1400 3394 φησί
1421 3339 1433 3352 ·
1469 3323 1522 3376 τί
1552 3323 1722 3377 ταῦτα
1740 3324 1950 3392 λέγεις;
1988 3326 2099 3379 Οὐκ

431 3414 732 3483 ἐϐουλόμην
760 3412 930 3465 ταῦτα
975 3409 1174 3478 λέγειν,
1202 3410 1250 3462 εἰ
1279 3409 1354 3480 μὴ
1375 3409 1553 3463 ταῦτα
1579 3410 1879 3481 ἐπράττετε
1904 3413 2059 3482 ὑμεῖς
2082 3428 2094 3441 ·

433 3505 549 3554 νυνὶ
574 3501 630 3554 δὲ
649 3501 701 3554 τί
723 3501 786 3554 τὸ
820 3499 1008 3569 κέρδος
1030 3498 1129 3565 τῆς
1151 3497 1258 3550 τῶν
1287 3497 1461 3566 λόγων
1488 3497 1668 3568 σιγῆς,
1700 3498 1808 3551 τῶν
1847 3499 2100 3569 πραγμά-

433 3607 540 3642 των
566 3586 708 3640 οῦτω
743 3585 986 3657 βοώντων
1019 3583 1156 3656 μετά
1186 3584 1366 3654 πάσης
1406 3584 1800 3654 περιφανείας;
1853 3586 1976 3648 Πῶς
2005 3581 2099 3639 οὖν

434 3677 594 3732 αὐτὸν
641 3675 976 3744 φιλήσομεν;
1011 3670 1178 3727 Εἶπον
1212 3672 1309 3742 μέν
1342 3674 1600 3745 μυριάκις
1638 3674 1825 3746 μυρία,
1866 3675 2098 3745 ἐροῦμεν

433 3764 488 3816 δὲ
513 3764 606 3816 καὶ
635 3761 749 3816 νῦν.
784 3761 996 3833 Τρόπον
1024 3760 1118 3813 ἕνα
1143 3760 1432 3831 εὑρηκέναι
1466 3777 1554 3831 μοι
1579 3761 1740 3827 δοκῶ,
1769 3761 1902 3815 πολὺ
1929 3763 2100 3832 μέγαν

436 3851 528 3904 καὶ
552 3843 892 3921 θαυμαστόν·
928 3847 1064 3920 μετὰ
1097 3847 1190 3901 τοῦ
1217 3848 1285 3902 τὰ
1307 3851 1458 3919 κοινῇ
1486 3849 1746 3919 γινόμενα
1788 3850 2098 3919 λογίζεσθαι

435 3939 539 3994 ὑπὸ
557 3937 650 3990 τοῦ
685 3936 820 3990 Θεοῦ
852 3935 1086 3990 τοσαῦτα
1116 3935 1264 4000 ὅντα,
1291 3937 1390 3989 ὅσα
1424 3936 1542 3989 οὐδέ
1564 3937 1816 4007 ἀριθμεῖν
1834 3956 1914 4002 τις
1943 3938 2099 3991 δύνα-

433 4043 545 4087 ται,
578 4025 667 4079 καὶ
694 4024 832 4095 ὑπὲρ
875 4023 1078 4076 τούτων
1129 4023 1380 4076 ἁπάντων
1410 4024 1638 4093 χάριτας
1686 4025 1882 4078 εἰδέναι
1929 4023 2095 4094 αὐτῷ,

433 4115 525 4167 καὶ
560 4113 626 4165 τά
660 4112 874 4182 ἑκάστῳ
899 4111 1054 4181 ἡμῶν
1080 4111 1418 4181 γεγενημένα
1447 4110 1715 4181 ἐννοῶμεν
1763 4113 1981 4175 πάντες,
2005 4112 2100 4164 καὶ

435 4199 554 4255 καθ’
611 4199 848 4268 ἐκάστην
917 4195 1366 4266 ἀναλογιζώμεθα
1424 4197 1522 4267 τὴν
1577 4197 1808 4268 ἡμέραν.
1877 4197 2097 4268 Ἐπειδὴ

432 4286 612 4340 τοίνυν
665 4283 909 4354 μεγάλην
962 4281 1074 4351 ἔχει
1134 4282 1232 4352 τὴν
1298 4283 1453 4350 ἰσχὺν
1500 4282 1694 4346 ταῦτα,
1749 4283 1978 4345 ἕκαστος
2028 4286 2098 4354 ήε-

437 4373 552 4440 μῶν
613 4367 1012 4435 ἀναλογιζέσθω
1070 4369 1199 4437 παρ’
1261 4367 1473 4438 ἐαυτῷ,
1545 4372 1637 4423 καὶ
1709 4369 1844 4440 μετά
1922 4373 2096 4442 ἀκρι-

431 4461 581 4518 ϐείας
606 4455 969 4528 ἀνερευνάτω,
1005 4455 1060 4506 εί
1093 4472 1223 4507 ποτε
1263 4457 1340 4520 εἰς
1369 4457 1645 4523 κινδύνους
1696 4458 1985 4529 προπεσὼν
2014 4461 2095 4514 δι-

433 4547 601 4615 έφυγε
627 4545 726 4606 τὰς
756 4543 862 4596 τῶν
893 4541 1149 4594 ἐναντίων
1177 4544 1382 4613 χεῖρας,
1415 4545 1508 4596 καί
1561 4544 1810 4616 καθάπερ
1839 4549 1898 4600 ἐν
1931 4546 2096 4620 βίϐλῳ

433 4634 526 4695 τὰς
554 4629 869 4700 εὐεργεσίας
907 4629 1287 4698 ἀναγράπτους
1319 4628 1489 4698 ἐχέτω
1523 4629 1614 4682 τοῦ
1672 4630 1840 4684 Θεοῦ·
1881 4628 2010 4697 οἷον,
2046 4632 2097 4687 εί

431 4737 562 4773 ποτε
590 4715 822 4785 ἐξελθὼν
852 4716 930 4779 εἰς
961 4715 1077 4768 ὁδὸν
1113 4715 1309 4786 ἀωρίᾳ,
1336 4714 1557 4783 διέφυγε
1585 4717 1858 4771 κίνδυνον·
1891 4720 1942 4772 εἰ
1964 4737 2093 4773 ποτε

431 4809 686 4878 πονηροῖς
724 4803 1032 4875 ἀνθρώποις
1082 4800 1392 4873 συμϐαλὼν,
1425 4801 1693 4873 ἀνώτερος
1727 4805 1903 4859 αὐτῶν
1937 4807 2094 4875 γέγο-

429 4908 546 4946 νεν·
585 4892 786 4944 εἴποτε
817 4889 955 4959 νόσῳ
983 4886 1314 4958 περιπεσὼν,
1343 4889 1558 4942 πάντων
1583 4889 1974 4956 ἀπεγνωκότων
2001 4893 2094 4944 ἁν-

425 4981 626 5047 ήνεγκε
651 4992 665 5007 ⁸
710 4976 852 5046 μέγα
883 4975 991 5042 γάρ
1014 4973 1168 5026 τοῦτο
1194 4972 1414 5026 δύναται
1444 4975 1578 5044 πρὸς
1606 4976 1667 5028 τὸ
1693 4976 1924 5029 οἰκειοῦν
1949 4979 2092 5047 ἡμᾶς

426 5065 506 5133 τῷ
539 5062 676 5133 Θεῷ.
712 5063 774 5114 Εἰ
802 5061 910 5131 γάρ
941 5060 1004 5130 δὴ
1037 5061 1374 5131 Μαρδοχαῖος
1418 5061 1624 5124 ἐκεῖνος
1679 5061 1749 5115 τά
1807 5063 1899 5116 ὑπ’
1925 5065 2088 5118 αὐτοῦ

428 5151 768 5220 γεγενημένα
810 5149 989 5217 ἀγαθά
1023 5148 1160 5219 ἔργα
1195 5149 1276 5211 εἰς
1309 5149 1527 5219 μνήμην
1555 5147 1775 5202 ἐλθόντα
1802 5149 1894 5202 τοῦ
1938 5150 2091 5220 βασι-

428 5241 586 5303 λέως,
603 5239 772 5303 οὑτως
794 5239 918 5309 ἔσχε
938 5239 1327 5309 προῖστάμενα,
1353 5240 1427 5302 ὡς
1444 5240 1604 5293 πάλιν
1629 5241 1720 5294 ἐπὶ
1740 5241 2090 5315 τὴνλαμπρό-

426 5344 564 5396 τητα
595 5326 808 5394 ἐκείνην
840 5325 1013 5378 ἐλθεῖν
1033 5340 1047 5354 ·
1079 5325 1258 5394 πολλῷ
1291 5326 1488 5394 μᾶλλον
1526 5329 1707 5398 ἡμεῖς,
1759 5327 1826 5382 ἂν
1851 5329 2075 5400 ἀναμνη-

428 5414 665 5484 σθῶμεν,
701 5412 912 5466 καὶδύο
939 5413 1142 5466 τούτων
1175 5414 1376 5484 ἀκριϐῆ
1420 5415 1777 5488 ποιησώμεθα
1834 5418 2081 5482 ἐξέτασιν

423 5503 533 5557 τῶν
561 5502 919 5573 πραγμάτων,
955 5501 1008 5555 τί
1044 5502 1142 5572 μέν
1173 5503 1489 5574 ἡμάρτομεν
1525 5507 1682 5576 ἡμεῖς
1729 5509 1806 5570 εἰς
1855 5507 2004 5572 Θεὸν,
2037 5506 2088 5560 τί

422 5599 480 5654 δὲ
512 5596 670 5659 α’)τδῖ
699 5596 777 5658 είς
809 5596 956 5666 ἡμᾶς
1002 5594 1203 5664 ἀγαθὸν
1233 5597 1551 5668 εἴργασται·
1609 5597 1750 5651 οὕτω
1794 5599 1886 5652 καί
1923 5599 2086 5670 εὐχά-

481 5797 498 5819 ⁸
520 5799 626 5848 DUO
647 5798 807 5854 COdd-.
834 5797 1130 5861 Δημιουργοῦ
1155 5800 1296 5861 ἔχειν.
1327 5802 1582 5851 Τουτέστιν
1607 5800 1836 5856 ἀπόδειξιν
1861 5801 2007 5850 ἔδωκε
2029 5800 2082 5848 τὸ

425 5859 677 5918 ἀναστῆναι
698 5862 838 5910 αὐτὸν
858 5859 916 5910 ἐκ
934 5859 1125 5926 νεκρῶν.
1153 5859 1328 5912 Many.

1243 271 1300 324 S.
1340 267 1621 324 JOANNIS
1659 261 2149 321 CHRYSOSTOMI
2189 262 2510 320 ARCIIIEP.
2550 258 3094 320 CONSTAI‘TINOP.

3765 266 3864 317 E7!

2195 365 2376 444 ¹ριστοι
2410 376 2662 448 ἐσόμεθα,
2699 377 2791 430 καὶ
2843 378 3018 431 πάντα
3079 378 3446 448 προησόμεθα.
3502 378 3642 431 Ἀλλ’
3697 379 3868 440 οὐδεὶς

2200 461 2405 515 τούτων
2456 464 2662 527 οὐδενὸς
2729 465 2960 518 ποιεῖται
3002 465 3223 535 μνήμην
3247 481 3262 494 ·
3311 465 3423 517 ἀλλ’
3480 465 3675 534 ὥσπερ
3743 467 3866 536 περὶ

2201 549 2613 620 ἁμαρτημάτων
2660 550 2910 620 λέγομεν,
2943 550 3025 603 ὅτι
3073 550 3380 621 ἁμαρτωλοί
3431 552 3620 620 ἐσμεν,
3653 553 3714 604 οὐ
3754 552 3865 604 κατ’

2201 632 2338 700 εἶδος
2367 637 2502 689 αὑτά
2535 636 2898 701 ἐξετάζοντες,
2925 635 3067 690 οὑτω
3109 638 3204 691 καὶ
3237 639 3363 709 περί
3397 639 3505 691 τῶν
3539 639 3864 709 εὐεργεσιῶν

2197 723 2291 777 τοῦ
2311 723 2463 782 Θεοῦ,
2480 725 2560 776 ὅτι
2581 723 2947 793 εὐηργέτησεν
2971 725 3136 794 ἡμᾶς.
3157 724 3425 793 λέγοντες,
3446 725 3641 792 ὀΘεὸς,
3659 728 3721 778 οὐ
3746 730 3863 779 κατ’

2200 808 2338 874 εἶδος
2357 812 2496 865 αὑτά
2518 809 2864 879 ἐξετάζομεν,
2890 811 2951 863 οὐ
2978 811 3226 882 λέγομεν,
3255 812 3359 865 ποῦ
3403 815 3495 866 καὶ
3524 813 3666 867 πόσα
3697 813 3790 865 καὶ
3813 816 3865 865 ἐν

2201 899 2336 970 ποίῳ
2376 899 2567 970 καιρῷ.
2603 898 2739 951 Ἀλλ’
2773 898 2880 950 ἀπὸ
2909 899 3000 950 τοῦ
3029 899 3122 952 νῦν
3155 900 3353 970 πολλὴν
3389 899 3744 970 ποιησώμεθα
3770 901 3864 970 τήν

2199 986 2504 1057 ἀκρίϐειαν.
2522 989 2587 1042 Εἰ
2604 989 2702 1058 μὲν
2719 988 2826 1058 γάρ
2844 1004 2924 1049 τις
2938 989 3031 1040 καὶ
3043 987 3111 1040 τὰ
3128 987 3294 1041 πάλαι
3310 987 3595 1040 ἀναλαϐεῖν
3616 987 3861 1050 δύναται,

2206 1071 2387 1126 πάντα
2411 1074 2814 1143 ἀναλογιζέσθω
2832 1076 2980 1149 [295]
3013 1075 3276 1146 ἀκριϐῶς,
3299 1074 3374 1137 ὡς
3409 1075 3581 1144 μέγαν
3617 1074 3862 1145 εὑρήσων

2201 1159 2492 1231 θησαυρόν.
2520 1163 2688 1216 Τοῦτο
2709 1166 2800 1217 καὶ
2828 1165 2962 1235 πρὸς
2995 1165 3053 1216 τὸ
3081 1163 3154 1234 μὴ
3176 1161 3571 1230 ἀπογινώσκειν
3598 1163 3863 1233 χρήσιμον

2199 1243 2352 1311 ἡμῖν.
2385 1244 2548 1297 Ὅταν
2581 1245 2689 1316 γὰρ
2731 1247 2949 1316 ἴδωμεν,
2978 1246 3059 1299 ὅτι
3097 1245 3336 1316 προέστη
3395 1244 3654 1307 πολλάκις
3687 1246 3861 1316 ήμῶν,

2200 1329 2300 1381 οὐκ
2338 1329 2766 1401 ἀπογνωσόμεθα
2823 1332 2942 1384 οὐδὲ
2975 1331 3292 1403 ἡγησόμεθα
3327 1332 3662 1402 άπερῥῖιρθαι
3689 1351 3704 1366 ·
3753 1335 3864 1387 ἀλλ’

2201 1415 2453 1487 ἐνέχυρον
2493 1417 2657 1470 αὐτοῦ
2693 1417 2834 1486 μέγα
2861 1417 3141 1488 ληψόμεθα
3165 1419 3264 1488 τῆς
3293 1421 3421 1489 περί
3448 1419 3605 1490 ήμῶν
3636 1420 3867 1491 κηδεμο-

2201 1501 2340 1566 νίας,
2365 1503 2491 1555 ὃταν
2524 1504 2887 1575 ἐννοήσωμεν,
2917 1507 2999 1558 ὅτι
3035 1505 3367 1575 ἁμαρτόντες
3393 1506 3454 1558 οὐ
3506 1507 3864 1578 κολαζόμεθά,

2202 1588 2337 1642 άλλά
2369 1589 2464 1643 καὶ
2491 1593 2826 1660 προστασίας
2852 1591 3216 1662 ἀπολαύομεν.

2272 1681 2333 1728 ε’.
2358 1677 2509 1729 Εἴπω
2527 1676 2589 1747 δή
2620 1695 2672 1730 τι
2703 1676 2876 1746 κάγὼ,
2901 1679 3038 1748 ὅπερ
3068 1679 3280 1749 ἀκήκοα
3301 1680 3451 1750 παρά
3474 1697 3637 1743 τινος·
3675 1682 3868 1750 Γέγονέ

2203 1762 2305 1814 πού
2335 1780 2417 1826 τις
2450 1766 2599 1828 παῖς,
2642 1765 2736 1818 καί
2789 1782 2921 1817 ποτε
2956 1765 3154 1835 συνέϐη
3206 1767 3368 1819 αὑτὸν
3421 1764 3558 1819 εἶναι
3605 1773 3664 1820 ἐν
3715 1768 3869 1839 ἀγρῷ

2206 1851 2344 1919 μετά
2374 1850 2472 1920 τῆς
2501 1851 2728 1922 μητρὸς,
2752 1852 2906 1905 οὑπω
2929 1852 3419 1923 πεντεκαιδεκαέτη
3434 1856 3867 1921 γεγονότα.Τὸτε

2201 1936 2264 2007 δὴ
2299 1936 2534 2006 χαλεποῦ
2570 1955 2714 2000 τινος
2745 1939 2906 2008 ἀέρος
2947 1938 3273 2008 συμϐάντος,
3319 1942 3548 2010 πυρετὸς
3599 1944 3870 1997 ἐπέπεσεν

2202 2023 2534 2093 ἀμφοτέροις
2555 2041 2569 2054 ·
2597 2025 2688 2077 καὶ
2726 2025 2834 2096 γὰρ
2891 2025 2951 2077 τὸ
2991 2027 3307 2098 μετόπωρον
3333 2023 3424 2097 ἦν.
3453 2030 3586 2081 Τότε
3609 2029 3674 2099 δη
3709 2033 3741 2100 ή
3779 2033 3868 2100 μὲν

2207 2111 2388 2180 μήτηρ
2446 2110 2679 2178 ἔφθασεν
2724 2111 2987 2164 εἰσελθεῖν
3035 2114 3127 2165 ἐπὶ
3168 2113 3269 2182 τῆς
3295 2114 3538 2176 πόλεως·
3575 2117 3603 2167 6
3629 2115 3688 2168 δέ
3719 2121 3865 2182 παῖς,

2202 2198 2310 2250 τῶν
2347 2199 2544 2268 ἰατρῶν
2579 2201 2694 2252 ἐκεῖ
2747 2199 3074 2253 κελευόντων
3121 2202 3323 2271 μένειν,
3359 2205 3453 2257 καί
3502 2204 3596 2258 τοῦ
3630 2208 3868 2277 πυρετοῦ

2205 2285 2472 2348 καίοντος,
2527 2285 2972 2356 ἀνακογχυλίζειν
3032 2288 3234 2358 ἤρξατο
3291 2289 3452 2359 δῆθεν
3523 2293 3868 2361 φιλοσοφῶν,

2208 2371 2408 2442 μᾶλλον
2445 2373 2504 2424 τὸ
2539 2373 2650 2442 πῦρ
2681 2373 2962 2427 σϐεννύναι
2988 2375 3254 2441 οἰόμενος,
3279 2379 3324 2429 εἰ
3349 2377 3469 2446 μηδ’
3485 2379 3664 2432 ὁτιοῦν
3695 2380 3869 2438 λάϐοι.

2206 2459 2336 2510 Ἀτε
2363 2458 2426 2528 δὴ
2451 2455 2542 2512 οῦν
2561 2463 2706 2523 παῖς,
2728 2461 2832 2512 ὑπὸ
2855 2461 3184 2528 φιλονεικίας
3209 2463 3513 2535 ἀκαίρουοὺ
3530 2469 3868 2539 προσήκατο.

2218 2545 2303 2608 Ὡς
2332 2546 2389 2599 δέ
2419 2547 2591 2616 ἐπέϐη
2611 2549 2710 2616 τῆς
2734 2548 2964 2616 πόλεως,
2993 2549 3206 2620 παρέϐη
3248 2550 3316 2604 τά
3341 2555 3441 2622 τῆς
3469 2553 3742 2626 γλώττης,
3780 2559 3874 2610 καὶ

2204 2633 2399 2696 ἄλαλος
2417 2630 2486 2705 ἦν
2521 2636 2612 2686 ἐπὶ
2643 2635 2799 2700 πολὺ,
2831 2636 2980 2689 οὐδὲν
3011 2635 3274 2708 ἔναρθρον
3304 2639 3694 2710 φθεγγόμενος·
3735 2644 3874 2697 ἀλλά

2204 2720 2534 2787 ἀνεγίνωσκε
2573 2721 2691 2790 μὲν,
2718 2723 2809 2775 καὶ
2832 2723 2911 2785 εἰς
2954 2723 3307 2788 διδασκάλους
3351 2727 3538 2795 ἐφοίτα
3577 2729 3673 2781 ἐπὶ
3704 2730 3872 2784 πολὺν

2204 2809 2417 2877 χρόνον,
2451 2808 2640 2872 ἀτελῶς
2660 2809 2714 2862 δὲ
2747 2810 2838 2862 καὶ
2883 2809 3093 2879 ἄσημα.
3136 2812 3321 2866 Πάντα
3362 2810 3451 2867 οὖν
3486 2815 3636 2886 αὐτῷ
3673 2818 3747 2870 τά
3777 2819 3874 2888 τῆς

2203 2894 2418 2958 ἐλπίδος
2453 2896 2774 2960 ἐκκέκοπτο,
2807 2899 2899 2950 καὶ
2933 2897 3123 2967 ὀδύνης
3147 2894 3216 2969 ἦν
3250 2901 3281 2970 ή
3311 2901 3491 2971 μήτηρ
3528 2905 3708 2974 μεστὴ
3731 2923 3744 2936 ·
3782 2907 3873 2959 καί

2206 2981 2379 3033 πολλά
2431 2983 2528 3051 μὲν
2571 2983 2883 3053 ἐπενόησαν
2941 2985 3138 3054 ἰατροὶ,
3173 2985 3343 3039 πολλά
3387 2988 3443 3040 δέ
3491 2988 3626 3041 ἄλλα
3662 2991 3874 3053 πολλοὶ,

2205 3063 2354 3132 ἴσχυε
2388 3063 2444 3115 δέ
2467 3064 2661 3129 οὐδεὶς,
2690 3065 2794 3127 ἓως
2825 3067 2913 3118 ὅτε
2941 3069 2968 3118 6
2993 3066 3372 3139 φιλάνθρωπος
3397 3070 3530 3135 Θεὸς
3563 3073 3761 3126 ἰάσατο
3780 3073 3871 3126 τὸν

2199 3146 2298 3214 τῆς
2349 3145 2597 3218 γλώττης
2643 3149 2862 3218 δεσμὸν,
2918 3152 3010 3202 καὶ
3042 3151 3163 3203 τότε
3199 3152 3488 3222 ἀνήνεγκε,
3519 3156 3612 3207 καὶ
3667 3159 3749 3219 εἰς
3775 3158 3870 3227 τὴν

2201 3234 2472 3304 προτέραν
2503 3235 2853 3306 ἐπανήγαγεν
2880 3237 3209 3304 εὐγλωττίαν
3227 3239 3388 3292 αὑτὸν
3420 3240 3511 3292 καὶ
3536 3244 3870 3312 τρανότητα.

2199 3322 2506 3390 Διηγὴσατο
2526 3319 2583 3373 δὲ
2613 3320 2778 3374 αῖ)τοῦ
2821 3324 2853 3393 ἡ
2888 3324 3090 3395 μήτηρ,
3123 3325 3216 3376 καὶ
3235 3326 3317 3377 ὅτι
3343 3325 3405 3395 δὴ
3441 3328 3532 3380 καὶ
3559 3329 3774 3380 παιδίον
3814 3330 3873 3382 ὃν

2202 3408 2404 3478 σφόδρα
2425 3408 2641 3479 μικρὸν,
2676 3409 2805 3479 περὶ
2826 3409 2923 3480 τὴν
2958 3414 3080 3480 ῥῖνα
3133 3412 3302 3476 πάθος
3341 3413 3515 3484 ἔσχεν,
3560 3415 3588 3467 6
3639 3416 3874 3471 καλοῦσι

2200 3495 2504 3548 πολύπουν·
2530 3494 2624 3548 καὶ
2653 3495 2812 3548 πάλιν
2874 3497 3048 3567 ἰατροί
3097 3499 3527 3568 ἀπεγνώκεισαν,
3559 3504 3656 3556 καὶ
3682 3505 3873 3558 τελευο

2199 3581 2364 3652 στῆσαι
2388 3581 2588 3652 ηὔχετο
2617 3584 2648 3652 ή
2679 3584 2879 3654 μήτηρ,
2908 3585 3002 3637 καὶ
3032 3585 3059 3636 ὁ
3081 3586 3262 3657 πατὴρ
3287 3588 3438 3656 αὐτῷ
3470 3593 3757 3661 κατηρᾶτο
3775 3594 3874 3663 (ἔτι

2199 3670 2306 3741 γάρ
2339 3670 2494 3740 ἔτυχε
2520 3670 2674 3740 ζῶν),
2704 3671 2799 3724 καὶ
2819 3671 2979 3724 πάλιν
3004 3671 3178 3725 πάντα
3232 3675 3290 3726 ἐν
3338 3675 3544 3746 ἀπορία
3583 3674 3673 3749 ἧν.
3732 3683 3792 3733 '0
3817 3683 3873 3734 δέ

2201 3757 2403 3821 εὐθέως
2429 3756 2618 3828 βήξας,
2654 3759 2760 3810 ἀπὸ
2789 3759 3072 3829 μὺγματος
3104 3760 3164 3813 τὸ
3191 3761 3376 3832 θηρίον
3409 3764 3594 3818 ἐκεῖνο
3619 3769 3686 3837 τῇ
3723 3769 3873 3840 ῥύμη

2198 3846 2293 3899 τοῦ
2327 3846 2632 3916 πνεύματος
2654 3847 2882 3910 ἐξέωσεν
2913 3847 3020 3900 ἀπὸ
3041 3847 3150 3900 τῶν
3187 3849 3374 3920 ῥινῶν,
3405 3854 3498 3906 καὶ
3541 3854 3727 3910 πάντα
3788 3859 3876 3910 λέ-

2197 3935 2326 3988 λυτο
2350 3935 2419 3989 τὰ
2443 3935 2613 3988 δεινά.
2636 3935 2839 3988 Τούτου
2871 3935 2926 3987 δέ
2959 3935 3298 4003 σϐεσθέντος,
3335 3939 3513 4010 ῥεῦμα
3558 3943 3710 3997 κατά
3766 3946 3877 3998 τῶν

2199 4020 2496 4090 ὀφθαλμῶν
2527 4021 2690 4092 δριμὺ
2720 4022 2814 4074 καὶ
2849 4021 3105 4091 γλίσχρον
3153 4024 3410 4094 ἐπιρρέον
3457 4027 3567 4090 ἀεὶ,
3597 4031 3878 4095 τοσαύτας

2200 4108 2376 4162 ἐποίει
2403 4109 2502 4172 τὰς
2536 4109 2717 4180 λήμας
2742 4108 2834 4162 καὶ
2857 4107 2999 4162 οὕτω
3039 4111 3290 4180 παχείας,
3323 4112 3397 4175 ὡς
3441 4113 3561 4166 ἀντί
3595 4115 3880 4188 διαφράγ-

2201 4213 2370 4264 ματος
2393 4195 2646 4264 γενέσθαι
2669 4198 2735 4266 τῇ
2762 4196 2921 4266 κόρη,
2947 4197 3039 4249 καὶ
3051 4196 3110 4248 τὸ
3125 4198 3318 4263 δεινὸν,
3341 4201 3587 4271 πήρωσιν
3610 4205 3876 4273 ἐμελέτα,

2197 4285 2296 4338 καὶ
2323 4283 2525 4345 πάντες
2551 4282 2734 4351 ἔλεγον
2761 4282 2920 4336 τοῦτο
2936 4284 3336 4355 συμϐήσεσθαι.
3368 4288 3530 4342 Ἀλλά
3553 4292 3651 4346 καὶ
3677 4297 3878 4352 τούτου

2199 4373 2380 4444 χάριτι
2408 4382 2429 4409 ο
2466 4369 2560 4423 τοῦ
2591 4369 2725 4422 Θεοῦ
2752 4370 2968 4441 ταχέως
3000 4370 3291 4443 ἀπηλλάγη
3332 4376 3425 4427 τοῦ
3458 4375 3694 4443 πάθους.

2268 4460 2378 4513 Καὶ
2406 4457 2576 4510 ταῦτα
2607 4457 2706 4527 μὲν
2745 4457 2890 4528 ἅπερ
2923 4458 3151 4529 ἥκουσα·
3189 4458 3225 4512 ἀ
3261 4459 3318 4513 δὲ
3347 4461 3509 4525 αὐτὸς
3537 4464 3878 4539 ἐπίσταμαι,

2198 4547 2308 4617 ἐρῶ
2340 4547 2477 4618 πρὸς
2499 4547 2663 4616 ὑμᾶς·
2711 4546 2968 4616 Ἐκινήθη
2998 4545 3129 4598 ποτέ
3157 4546 3438 4619 τυράννων
3475 4551 3688 4621 ὑποψία
3723 4557 3786 4610 ἐν
3814 4561 3880 4627 τῇ

2195 4636 2433 4704 πόλειτῇ
2481 4633 2724 4704 ἡμετέρα
2785 4632 2928 4704 (τότε
2973 4633 3028 4685 δὲ
3086 4632 3166 4687 ἔτι
3223 4636 3508 4707 μειράκιον
3547 4641 3756 4712 ήμην)·
3786 4645 3882 4696 καὶ

2196 4724 2411 4777 πάντων
2427 4722 2625 4786 ἔξωθεν
2647 4721 2746 4792 τὴν
2776 4721 2928 4775 πόλιν
2947 4723 3426 4793 παρακαθημένων
3443 4726 3556 4781 τῶν
3602 4746 3669 4782 στ
3680 4748 3884 4801 ρατιω-

2193 4813 2323 4876 τῶν,
2351 4810 2511 4878 τυχὸν
2534 4809 2824 4872 ἀπλάστως
2862 4809 3043 4878 βιϐλία
3066 4809 3292 4880 ἐζήτουν
3348 4815 3588 4884 γοητικὰ
3634 4822 3740 4871 καὶ
3781 4837 3882 4889 μα-

2194 4901 2345 4966 γικά.
2385 4896 2494 4950 Καὶ
2522 4897 2549 4947 6
2581 4895 2796 4965 γράψας
2822 4895 2883 4948 τὸ
2918 4895 3144 4965 βιϐλίον,
3178 4897 3341 4967 ῥίψας
3371 4900 3882 4960 ἀκατασκεύαστον

2193 4986 2272 5045 είς
2295 4981 2557 5051 ποταμὸν,
2589 4981 2749 5050 ἐάλω,
2780 4981 2874 5034 καὶ
2896 4981 3298 5052 ἀπαιτούμενος
3348 4985 3450 5039 οὐκ
3501 4982 3617 5057 εἶχε
3652 4989 3878 5057 δοῦναι,

2192 5070 2330 5124 ἀλλά
2352 5070 2646 5141 περιήγετο
2670 5067 2768 5139 τὴν
2817 5068 2974 5122 πόλιν
3023 5068 3240 5124 ἃπασαν
3277 5071 3520 5142 δέσμιος·
3547 5075 3624 5139 ὡς
3669 5077 3736 5130 δὲ
3768 5079 3882 5133 τῶν

2191 5160 2428 5229 ἐλέγχων
2455 5154 2870 5226 ἐπιτεινομένων
2891 5155 3089 5210 δέδωκε
3112 5157 3292 5228 δίκην,
3327 5161 3447 5212 τότε
3475 5161 3589 5229 ἐγὼ
3617 5165 3706 5228 εἰς
3729 5184 3884 5237 μαρ.

2190 5245 2374 5316 τύριον
2408 5243 2625 5297 ἀπιέναι
2658 5242 2998 5312 βουλόμενος,
3046 5245 3304 5315 ἐπανῄειν
3361 5247 3451 5299 διὰ
3503 5249 3614 5301 τῶν
3674 5254 3883 5323 κήπων

2193 5334 2343 5404 παρὰ
2370 5331 2614 5400 ποταμὸν
2646 5329 2785 5400 μετὰ
2815 5331 2905 5383 καί
2945 5332 3132 5402 ἐτέρου
3173 5335 3338 5396 τινός.
3386 5335 3533 5388 Ἰδὼν
3563 5338 3619 5391 δὲ
3654 5343 3884 5407 ἐκεῖνος

2188 5422 2248 5473 τὸ
2274 5419 2476 5490 βιϐλίον
2501 5417 2612 5470 ἄνω
2633 5416 2909 5482 ἐπιπλέον,
2933 5418 2993 5471 τὸ
3013 5420 3111 5488 μὲν
3140 5419 3357 5491 πρῶτον
3388 5423 3642 5493 ἐνόμιζεν
3672 5428 3887 5500 ὀθόνην

2189 5503 2345 5567 εἰναι,
2372 5504 2660 5573 γενόμενος
2691 5503 2745 5556 δέ
2762 5504 2949 5571 ἐγγὺς,
2974 5505 3113 5572 ἔγνω
3135 5507 3217 5558 ὅτι
3248 5507 3453 5575 βιϐλίον
3470 5508 3622 5583 [ἳθαί]
3658 5509 3762 5582 ἦν,
3790 5520 3891 5571 καί

2190 5594 2431 5654 καταϐάς
2466 5589 2726 5643 ἀνείλετο.
2758 5589 2901 5656 Ἐγὼ
2951 5591 3006 5643 δέ
3042 5592 3434 5661 ἐφιλονείκουν,
3479 5595 3622 5651 ὥστε
3685 5605 3893 5675 κοινὴν

2235 5787 2280 5862 ἰι
2305 5791 2434 5861 me“;
2453 5786 2714 5850 χρησίμω-ι’
2743 5789 3057 5850 οἰκιιωθῶμεν
3080 5791 3146 5852 τῷ
3174 5791 3298 5857 Θεῷ.
3323 5795 3488 5858 Ὶίχρι.

2194 5871 2297 5907 τοτε
2324 5866 2497 5914 χάριτι.

3563 5799 3582 5826 τ
3604 5796 3773 5848 Alius
3795 5801 3882 5850 καὶ
