  <div class='ocr_page' id='page_1' title='image "/cluster/home/n/w/nwhite01/storage/ocr_20150623/60/hvd.32044073501942/280.png"; bbox 0 0 3950 6208; ppageno 0'>
   <div class='ocr_carea' id='block_1_1' title="bbox 270 315 365 368">
    <p class='ocr_par' dir='ltr' id='par_1_1' title="bbox 270 315 365 368">
     <span class='ocr_line' id='line_1_1' title="bbox 270 315 365 368; baseline -0.021 -1"><span class='ocrx_word' id='word_1_1' title='bbox 270 315 365 368; x_wconf 69' lang='grc' dir='ltr'><strong>ειτς</strong></span> 
     </span>
    </p>
   </div>
   <div class='ocr_carea' id='block_1_2' title="bbox 271 424 1855 507">
    <p class='ocr_par' dir='ltr' id='par_1_2' title="bbox 271 424 1855 507">
     <span class='ocr_line' id='line_1_2' title="bbox 271 424 1855 507; baseline 0.005 -26"><span class='ocrx_word' id='word_1_2' title='bbox 271 427 365 482; x_wconf 76' lang='lat' dir='ltr'><strong>Vos</strong></span> <span class='ocrx_word' id='word_1_3' title='bbox 392 425 706 496; x_wconf 73' lang='lat' dir='ltr'><strong>ignorastis.</strong></span> <span class='ocrx_word' id='word_1_4' title='bbox 738 424 1027 496; x_wconf 74' lang='lat' dir='ltr'><strong>Despexit;</strong></span> <span class='ocrx_word' id='word_1_5' title='bbox 1079 425 1130 480; x_wconf 98' lang='lat' dir='ltr'><strong>id</strong></span> <span class='ocrx_word' id='word_1_6' title='bbox 1176 435 1292 493; x_wconf 91' lang='lat' dir='ltr'><strong>est,</strong></span> <span class='ocrx_word' id='word_1_7' title='bbox 1324 425 1429 507; x_wconf 83' lang='lat' dir='ltr'><strong>non</strong></span> <span class='ocrx_word' id='word_1_8' title='bbox 1474 429 1636 500; x_wconf 72' lang='lat' dir='ltr'><strong>exigit</strong></span> <span class='ocrx_word' id='word_1_9' title='bbox 1672 445 1855 502; x_wconf 75' lang='lat' dir='ltr'><strong>ptenas</strong></span> 
     </span>
    </p>
   </div>
   <div class='ocr_carea' id='block_1_3' title="bbox 270 517 1855 595">
    <p class='ocr_par' dir='ltr' id='par_1_3' title="bbox 270 517 1855 595">
     <span class='ocr_line' id='line_1_3' title="bbox 270 517 1855 595; baseline 0.006 -25"><span class='ocrx_word' id='word_1_10' title='bbox 270 519 407 589; x_wconf 83' lang='lat' dir='ltr'><strong>quasi</strong></span> <span class='ocrx_word' id='word_1_11' title='bbox 429 532 460 572; x_wconf 88' lang='lat' dir='ltr'><strong>a</strong></span> <span class='ocrx_word' id='word_1_12' title='bbox 486 517 760 588; x_wconf 90' lang='lat' dir='ltr'><strong>supplicio</strong></span> <span class='ocrx_word' id='word_1_13' title='bbox 786 518 980 587; x_wconf 85' lang='lat' dir='ltr'><strong>dignis.</strong></span> <span class='ocrx_word' id='word_1_14' title='bbox 1005 517 1318 588; x_wconf 79' lang='lat' dir='ltr'><strong>ignorastis.</strong></span> <span class='ocrx_word' id='word_1_15' title='bbox 1345 520 1452 575; x_wconf 84' lang='lat' dir='ltr'><strong>Nec</strong></span> <span class='ocrx_word' id='word_1_16' title='bbox 1478 522 1628 587; x_wconf 88' lang='lat' dir='ltr'><strong>dicit,</strong></span> <span class='ocrx_word' id='word_1_17' title='bbox 1653 523 1855 595; x_wconf 87' lang='lat' dir='ltr'><strong>Sponte</strong></span> 
     </span>
    </p>
   </div>
   <div class='ocr_carea' id='block_1_4' title="bbox 272 607 1855 681">
    <p class='ocr_par' dir='ltr' id='par_1_4' title="bbox 272 607 1855 681">
     <span class='ocr_line' id='line_1_4' title="bbox 272 607 1855 681; baseline 0.003 -19"><span class='ocrx_word' id='word_1_18' title='bbox 272 609 397 663; x_wconf 85' lang='lat' dir='ltr'><strong>male</strong></span> <span class='ocrx_word' id='word_1_19' title='bbox 426 607 647 677; x_wconf 88' lang='lat' dir='ltr'><strong>egistis;</strong></span> <span class='ocrx_word' id='word_1_20' title='bbox 681 607 776 661; x_wconf 84' lang='lat' dir='ltr'><strong>sed</strong></span> <span class='ocrx_word' id='word_1_21' title='bbox 810 607 912 661; x_wconf 90' lang='lat' dir='ltr'><strong>hoc</strong></span> <span class='ocrx_word' id='word_1_22' title='bbox 940 623 1037 677; x_wconf 88' lang='lat' dir='ltr'><strong>per</strong></span> <span class='ocrx_word' id='word_1_23' title='bbox 1066 609 1346 677; x_wconf 81' lang='lat' dir='ltr'><strong>superiora</strong></span> <span class='ocrx_word' id='word_1_24' title='bbox 1387 613 1735 681; x_wconf 86' lang='lat' dir='ltr'><strong>monstravit,</strong></span> <span class='ocrx_word' id='word_1_25' title='bbox 1789 615 1855 669; x_wconf 89' lang='lat' dir='ltr'><strong>Ut</strong></span> 
     </span>
    </p>
   </div>
   <div class='ocr_carea' id='block_1_5' title="bbox 271 703 1850 775">
    <p class='ocr_par' dir='ltr' id='par_1_5' title="bbox 271 703 1850 775">
     <span class='ocr_line' id='line_1_5' title="bbox 271 703 1850 775; baseline 0.003 -18"><span class='ocrx_word' id='word_1_26' title='bbox 271 706 436 774; x_wconf 67' lang='lat' dir='ltr'><strong>ubique</strong></span> <span class='ocrx_word' id='word_1_27' title='bbox 462 705 809 775; x_wconf 67' lang='lat' dir='ltr'><strong>penitentiam</strong></span> <span class='ocrx_word' id='word_1_28' title='bbox 840 714 1026 775; x_wconf 84' lang='lat' dir='ltr'><strong>agant,</strong></span> <span class='ocrx_word' id='word_1_29' title='bbox 1072 703 1279 758; x_wconf 87' lang='lat' dir='ltr'><strong>dicens.</strong></span> <span class='ocrx_word' id='word_1_30' title='bbox 1323 703 1421 758; x_wconf 88' lang='lat' dir='ltr'><strong>llic</strong></span> <span class='ocrx_word' id='word_1_31' title='bbox 1457 712 1624 759; x_wconf 88' lang='lat' dir='ltr'><strong>totum</strong></span> <span class='ocrx_word' id='word_1_32' title='bbox 1667 706 1850 761; x_wconf 88' lang='lat' dir='ltr'><strong>orbem</strong></span> 
     </span>
    </p>
   </div>
   <div class='ocr_carea' id='block_1_6' title="bbox 272 799 564 852">
    <p class='ocr_par' dir='ltr' id='par_1_6' title="bbox 272 799 564 852">
     <span class='ocr_line' id='line_1_6' title="bbox 272 799 564 852; baseline -0.003 0"><span class='ocrx_word' id='word_1_33' title='bbox 272 799 564 852; x_wconf 89' lang='lat' dir='ltr'><strong>insinuavit.</strong></span> 
     </span>
    </p>
   </div>
   <div class='ocr_carea' id='block_1_7' title="bbox 336 887 1855 958">
    <p class='ocr_par' dir='ltr' id='par_1_7' title="bbox 336 887 1855 958">
     <span class='ocr_line' id='line_1_7' title="bbox 336 887 1855 958; baseline 0.001 -15"><span class='ocrx_word' id='word_1_34' title='bbox 336 889 378 943; x_wconf 80' lang='grc'><strong>1.</strong></span> <span class='ocrx_word' id='word_1_35' title='bbox 423 887 556 943; x_wconf 78' lang='lat' dir='ltr'><strong>Vide</strong></span> <span class='ocrx_word' id='word_1_36' title='bbox 581 887 855 958; x_wconf 90' lang='lat' dir='ltr'><strong>quomodo</strong></span> <span class='ocrx_word' id='word_1_37' title='bbox 893 887 1014 942; x_wconf 86' lang='lat' dir='ltr'><strong>illos</strong></span> <span class='ocrx_word' id='word_1_38' title='bbox 1040 887 1270 942; x_wconf 85' lang='lat' dir='ltr'><strong>abducat</strong></span> <span class='ocrx_word' id='word_1_39' title='bbox 1309 901 1340 940; x_wconf 89' lang='lat' dir='ltr'><strong>a</strong></span> <span class='ocrx_word' id='word_1_40' title='bbox 1381 887 1686 957; x_wconf 89' lang='lat' dir='ltr'><strong>pluralitate</strong></span> <span class='ocrx_word' id='word_1_41' title='bbox 1722 889 1855 944; x_wconf 86' lang='lat' dir='ltr'><strong>deo-</strong></span> 
     </span>
    </p>
   </div>
   <div class='ocr_carea' id='block_1_8' title="bbox 270 978 1845 1049">
    <p class='ocr_par' dir='ltr' id='par_1_8' title="bbox 270 978 1845 1049">
     <span class='ocr_line' id='line_1_8' title="bbox 270 978 1845 1049; baseline 0.001 -18"><span class='ocrx_word' id='word_1_42' title='bbox 270 994 392 1031; x_wconf 88' lang='lat' dir='ltr'><strong>ntm.</strong></span> <span class='ocrx_word' id='word_1_43' title='bbox 428 978 563 1044; x_wconf 83' lang='lat' dir='ltr'><strong>Quia</strong></span> <span class='ocrx_word' id='word_1_44' title='bbox 591 980 768 1032; x_wconf 81' lang='lat' dir='ltr'><strong>statuit</strong></span> <span class='ocrx_word' id='word_1_45' title='bbox 799 979 932 1031; x_wconf 82' lang='lat' dir='ltr'><strong>diem</strong></span> <span class='ocrx_word' id='word_1_46' title='bbox 953 1020 966 1042; x_wconf 94' lang='lat'><strong>,</strong></span> <span class='ocrx_word' id='word_1_47' title='bbox 993 978 1184 1049; x_wconf 85' lang='lat' dir='ltr'><strong>inquit,</strong></span> <span class='ocrx_word' id='word_1_48' title='bbox 1215 980 1268 1032; x_wconf 86' lang='lat' dir='ltr'><strong>in</strong></span> <span class='ocrx_word' id='word_1_49' title='bbox 1294 995 1394 1048; x_wconf 86' lang='lat' dir='ltr'><strong>qua</strong></span> <span class='ocrx_word' id='word_1_50' title='bbox 1417 979 1747 1049; x_wconf 85' lang='lat' dir='ltr'><strong>judicaturus</strong></span> <span class='ocrx_word' id='word_1_51' title='bbox 1773 990 1845 1034; x_wconf 78' lang='lat' dir='ltr'><strong>est</strong></span> 
     </span>
    </p>
   </div>
   <div class='ocr_carea' id='block_1_9' title="bbox 267 1069 1843 1139">
    <p class='ocr_par' dir='ltr' id='par_1_9' title="bbox 267 1069 1843 1139">
     <span class='ocr_line' id='line_1_9' title="bbox 267 1069 1843 1139; baseline 0.001 -17"><span class='ocrx_word' id='word_1_52' title='bbox 267 1070 421 1122; x_wconf 78' lang='lat' dir='ltr'><strong>orbem</strong></span> <span class='ocrx_word' id='word_1_53' title='bbox 465 1070 519 1121; x_wconf 86' lang='lat' dir='ltr'><strong>in</strong></span> <span class='ocrx_word' id='word_1_54' title='bbox 558 1071 813 1139; x_wconf 67' lang='lat' dir='ltr'><strong>aequitate.</strong></span> <span class='ocrx_word' id='word_1_55' title='bbox 855 1069 986 1124; x_wconf 81' lang='lat' dir='ltr'><strong>Vide</strong></span> <span class='ocrx_word' id='word_1_56' title='bbox 1017 1086 1205 1124; x_wconf 86' lang='lat' dir='ltr'><strong>rursus</strong></span> <span class='ocrx_word' id='word_1_57' title='bbox 1233 1070 1416 1124; x_wconf 90' lang='lat' dir='ltr'><strong>orbem</strong></span> <span class='ocrx_word' id='word_1_58' title='bbox 1447 1070 1610 1137; x_wconf 90' lang='lat' dir='ltr'><strong>dicit,</strong></span> <span class='ocrx_word' id='word_1_59' title='bbox 1643 1071 1843 1125; x_wconf 84' lang='grc'><strong>810110-</strong></span> 
     </span>
    </p>
   </div>
   <div class='ocr_carea' id='block_1_10' title="bbox 268 1160 1845 1230">
    <p class='ocr_par' dir='ltr' id='par_1_10' title="bbox 268 1160 1845 1230">
     <span class='ocr_line' id='line_1_10' title="bbox 268 1160 1845 1230; baseline 0.002 -16"><span class='ocrx_word' id='word_1_60' title='bbox 268 1162 424 1216; x_wconf 86' lang='lat' dir='ltr'><strong>miues</strong></span> <span class='ocrx_word' id='word_1_61' title='bbox 447 1176 667 1216; x_wconf 80' lang='lat' dir='ltr'><strong>vocans.</strong></span> <span class='ocrx_word' id='word_1_62' title='bbox 697 1160 764 1215; x_wconf 88' lang='lat' dir='ltr'><strong>In</strong></span> <span class='ocrx_word' id='word_1_63' title='bbox 795 1163 902 1215; x_wconf 85' lang='lat' dir='ltr'><strong>riro</strong></span> <span class='ocrx_word' id='word_1_64' title='bbox 940 1162 993 1215; x_wconf 89' lang='lat' dir='ltr'><strong>in</strong></span> <span class='ocrx_word' id='word_1_65' title='bbox 1021 1178 1118 1230; x_wconf 87' lang='lat' dir='ltr'><strong>quo</strong></span> <span class='ocrx_word' id='word_1_66' title='bbox 1144 1162 1353 1226; x_wconf 77' lang='lat' dir='ltr'><strong>statuit,</strong></span> <span class='ocrx_word' id='word_1_67' title='bbox 1384 1163 1636 1216; x_wconf 77' lang='lat' dir='ltr'><strong>suscitans</strong></span> <span class='ocrx_word' id='word_1_68' title='bbox 1673 1179 1785 1217; x_wconf 77' lang='lat' dir='ltr'><strong>eum</strong></span> <span class='ocrx_word' id='word_1_69' title='bbox 1815 1181 1845 1217; x_wconf 89' lang='lat' dir='ltr'><strong>a</strong></span> 
     </span>
    </p>
   </div>
   <div class='ocr_carea' id='block_1_11' title="bbox 265 1252 1842 1324">
    <p class='ocr_par' dir='ltr' id='par_1_11' title="bbox 265 1252 1842 1324">
     <span class='ocr_line' id='line_1_11' title="bbox 265 1252 1842 1324; baseline 0.003 -21"><span class='ocrx_word' id='word_1_70' title='bbox 265 1255 479 1309; x_wconf 77' lang='lat' dir='ltr'><strong>mortuis.</strong></span> <span class='ocrx_word' id='word_1_71' title='bbox 501 1252 637 1308; x_wconf 75' lang='lat' dir='ltr'><strong>Vide</strong></span> <span class='ocrx_word' id='word_1_72' title='bbox 667 1253 940 1321; x_wconf 86' lang='lat' dir='ltr'><strong>quomodo</strong></span> <span class='ocrx_word' id='word_1_73' title='bbox 967 1256 1158 1308; x_wconf 87' lang='lat' dir='ltr'><strong>iterum</strong></span> <span class='ocrx_word' id='word_1_74' title='bbox 1189 1254 1492 1324; x_wconf 91' lang='lat' dir='ltr'><strong>passionem</strong></span> <span class='ocrx_word' id='word_1_75' title='bbox 1532 1255 1842 1310; x_wconf 83' lang='lat' dir='ltr'><strong>manifesta-</strong></span> 
     </span>
    </p>
   </div>
   <div class='ocr_carea' id='block_1_12' title="bbox 263 1343 1839 1410">
    <p class='ocr_par' dir='ltr' id='par_1_12' title="bbox 263 1343 1839 1410">
     <span class='ocr_line' id='line_1_12' title="bbox 263 1343 1839 1410; baseline 0.005 -17"><span class='ocrx_word' id='word_1_76' title='bbox 263 1346 356 1408; x_wconf 75' lang='grc'><strong>111,</strong></span> <span class='ocrx_word' id='word_1_77' title='bbox 386 1344 836 1399; x_wconf 75' lang='lat' dir='ltr'><strong>resurrectionem</strong></span> <span class='ocrx_word' id='word_1_78' title='bbox 887 1358 1211 1398; x_wconf 84' lang='lat' dir='ltr'><strong>memorans.</strong></span> <span class='ocrx_word' id='word_1_79' title='bbox 1244 1343 1396 1410; x_wconf 84' lang='lat' dir='ltr'><strong>Quod</strong></span> <span class='ocrx_word' id='word_1_80' title='bbox 1436 1356 1612 1399; x_wconf 89' lang='lat' dir='ltr'><strong>autem</strong></span> <span class='ocrx_word' id='word_1_81' title='bbox 1655 1361 1839 1401; x_wconf 87' lang='lat' dir='ltr'><strong>verum</strong></span> 
     </span>
    </p>
   </div>
   <div class='ocr_carea' id='block_1_13' title="bbox 263 1437 1837 1508">
    <p class='ocr_par' dir='ltr' id='par_1_13' title="bbox 263 1437 1837 1508">
     <span class='ocr_line' id='line_1_13' title="bbox 263 1437 1837 1508; baseline 0.001 -18"><span class='ocrx_word' id='word_1_82' title='bbox 263 1438 320 1490; x_wconf 87' lang='lat' dir='ltr'><strong>sit</strong></span> <span class='ocrx_word' id='word_1_83' title='bbox 349 1437 622 1506; x_wconf 77' lang='lat' dir='ltr'><strong>judicium,</strong></span> <span class='ocrx_word' id='word_1_84' title='bbox 656 1438 830 1508; x_wconf 84' lang='lat' dir='ltr'><strong>palam</strong></span> <span class='ocrx_word' id='word_1_85' title='bbox 864 1446 948 1492; x_wconf 74' lang='lat' dir='ltr'><strong>est</strong></span> <span class='ocrx_word' id='word_1_86' title='bbox 986 1453 1048 1492; x_wconf 75' lang='lat' dir='ltr'><strong>ex</strong></span> <span class='ocrx_word' id='word_1_87' title='bbox 1084 1437 1520 1504; x_wconf 87' lang='lat' dir='ltr'><strong>resurrectione;</strong></span> <span class='ocrx_word' id='word_1_88' title='bbox 1550 1437 1674 1492; x_wconf 89' lang='lat' dir='ltr'><strong>inde</strong></span> <span class='ocrx_word' id='word_1_89' title='bbox 1695 1440 1837 1493; x_wconf 90' lang='lat' dir='ltr'><strong>enim</strong></span> 
     </span>
    </p>
   </div>
   <div class='ocr_carea' id='block_1_14' title="bbox 264 1528 1840 1598">
    <p class='ocr_par' dir='ltr' id='par_1_14' title="bbox 264 1528 1840 1598">
     <span class='ocr_line' id='line_1_14' title="bbox 264 1528 1840 1598; baseline 0.003 -18"><span class='ocrx_word' id='word_1_90' title='bbox 264 1529 310 1580; x_wconf 91' lang='lat' dir='ltr'><strong>id</strong></span> <span class='ocrx_word' id='word_1_91' title='bbox 331 1529 565 1597; x_wconf 77' lang='lat' dir='ltr'><strong>arguitur</strong></span> <span class='ocrx_word' id='word_1_92' title='bbox 587 1547 599 1582; x_wconf 91' lang='lat'><strong>:</strong></span> <span class='ocrx_word' id='word_1_93' title='bbox 621 1537 674 1583; x_wconf 91' lang='lat' dir='ltr'><strong>ct</strong></span> <span class='ocrx_word' id='word_1_94' title='bbox 696 1528 839 1598; x_wconf 91' lang='lat' dir='ltr'><strong>quod</strong></span> <span class='ocrx_word' id='word_1_95' title='bbox 864 1529 1040 1583; x_wconf 84' lang='lat' dir='ltr'><strong>omnia</strong></span> <span class='ocrx_word' id='word_1_96' title='bbox 1060 1544 1181 1582; x_wconf 88' lang='lat' dir='ltr'><strong>vera</strong></span> <span class='ocrx_word' id='word_1_97' title='bbox 1208 1528 1533 1598; x_wconf 89' lang='lat' dir='ltr'><strong>sint,inquit,</strong></span> <span class='ocrx_word' id='word_1_98' title='bbox 1562 1530 1735 1597; x_wconf 85' lang='lat' dir='ltr'><strong>palam</strong></span> <span class='ocrx_word' id='word_1_99' title='bbox 1758 1539 1840 1584; x_wconf 91' lang='lat' dir='ltr'><strong>est</strong></span> 
     </span>
    </p>
   </div>
   <div class='ocr_carea' id='block_1_15' title="bbox 267 1617 1837 1690">
    <p class='ocr_par' dir='ltr' id='par_1_15' title="bbox 267 1617 1837 1690">
     <span class='ocr_line' id='line_1_15' title="bbox 267 1617 1837 1690; baseline 0.001 -17"><span class='ocrx_word' id='word_1_100' title='bbox 267 1634 325 1673; x_wconf 75' lang='lat' dir='ltr'><strong>cx</strong></span> <span class='ocrx_word' id='word_1_101' title='bbox 369 1634 430 1673; x_wconf 85' lang='lat' dir='ltr'><strong>eo</strong></span> <span class='ocrx_word' id='word_1_102' title='bbox 474 1619 609 1690; x_wconf 87' lang='lat' dir='ltr'><strong>quod</strong></span> <span class='ocrx_word' id='word_1_103' title='bbox 650 1619 1010 1675; x_wconf 80' lang='lat' dir='ltr'><strong>resurrexcrit</strong></span> <span class='ocrx_word' id='word_1_104' title='bbox 1057 1637 1070 1672; x_wconf 91' lang='lat'><strong>:</strong></span> <span class='ocrx_word' id='word_1_105' title='bbox 1115 1617 1365 1689; x_wconf 87' lang='lat' dir='ltr'><strong>quodque</strong></span> <span class='ocrx_word' id='word_1_106' title='bbox 1408 1620 1659 1675; x_wconf 91' lang='lat' dir='ltr'><strong>omnibus</strong></span> <span class='ocrx_word' id='word_1_107' title='bbox 1699 1619 1837 1675; x_wconf 89' lang='lat' dir='ltr'><strong>hanc</strong></span> 
     </span>
    </p>
   </div>
   <div class='ocr_carea' id='block_1_16' title="bbox 272 1709 1836 1781">
    <p class='ocr_par' dir='ltr' id='par_1_16' title="bbox 272 1709 1836 1781">
     <span class='ocr_line' id='line_1_16' title="bbox 272 1709 1836 1781; baseline 0.006 -22"><span class='ocrx_word' id='word_1_108' title='bbox 272 1709 567 1777; x_wconf 68' lang='lat' dir='ltr'><strong>praebuerint</strong></span> <span class='ocrx_word' id='word_1_109' title='bbox 596 1710 758 1766; x_wconf 89' lang='lat' dir='ltr'><strong>ﬁdem</strong></span> <span class='ocrx_word' id='word_1_110' title='bbox 786 1753 800 1774; x_wconf 95' lang='lat'><strong>,</strong></span> <span class='ocrx_word' id='word_1_111' title='bbox 827 1710 970 1781; x_wconf 85' lang='lat' dir='ltr'><strong>quod</strong></span> <span class='ocrx_word' id='word_1_112' title='bbox 997 1712 1351 1767; x_wconf 79' lang='lat' dir='ltr'><strong>resurrexerit</strong></span> <span class='ocrx_word' id='word_1_113' title='bbox 1395 1727 1462 1766; x_wconf 80' lang='lat' dir='ltr'><strong>ex</strong></span> <span class='ocrx_word' id='word_1_114' title='bbox 1506 1714 1754 1779; x_wconf 89' lang='lat' dir='ltr'><strong>mortuis,</strong></span> <span class='ocrx_word' id='word_1_115' title='bbox 1783 1724 1836 1769; x_wconf 90' lang='lat' dir='ltr'><strong>et</strong></span> 
     </span>
    </p>
   </div>
   <div class='ocr_carea' id='block_1_17' title="bbox 273 1802 1834 1872">
    <p class='ocr_par' dir='ltr' id='par_1_17' title="bbox 273 1802 1834 1872">
     <span class='ocr_line' id='line_1_17' title="bbox 273 1802 1834 1872; baseline 0.006 -19"><span class='ocrx_word' id='word_1_116' title='bbox 273 1805 365 1854; x_wconf 84' lang='lat' dir='ltr'><strong>hoc</strong></span> <span class='ocrx_word' id='word_1_117' title='bbox 387 1803 601 1872; x_wconf 82' lang='lat' dir='ltr'><strong>denique</strong></span> <span class='ocrx_word' id='word_1_118' title='bbox 645 1802 990 1858; x_wconf 83' lang='lat' dir='ltr'><strong>manifestum</strong></span> <span class='ocrx_word' id='word_1_119' title='bbox 1031 1811 1132 1858; x_wconf 88' lang='lat' dir='ltr'><strong>est.</strong></span> <span class='ocrx_word' id='word_1_120' title='bbox 1168 1804 1291 1858; x_wconf 67' lang='lat' dir='ltr'><strong>lla‘c</strong></span> <span class='ocrx_word' id='word_1_121' title='bbox 1332 1804 1473 1859; x_wconf 88' lang='lat' dir='ltr'><strong>dicta</strong></span> <span class='ocrx_word' id='word_1_122' title='bbox 1520 1808 1834 1862; x_wconf 88' lang='lat' dir='ltr'><strong>suntAthe-</strong></span> 
     </span>
    </p>
   </div>
   <div class='ocr_carea' id='block_1_18' title="bbox 269 1893 1832 1963">
    <p class='ocr_par' dir='ltr' id='par_1_18' title="bbox 269 1893 1832 1963">
     <span class='ocr_line' id='line_1_18' title="bbox 269 1893 1832 1963; baseline 0.004 -19"><span class='ocrx_word' id='word_1_123' title='bbox 269 1893 552 1958; x_wconf 81' lang='lat' dir='ltr'><strong>uicnsibus;</strong></span> <span class='ocrx_word' id='word_1_124' title='bbox 601 1902 659 1948; x_wconf 89' lang='lat' dir='ltr'><strong>et</strong></span> <span class='ocrx_word' id='word_1_125' title='bbox 687 1904 992 1963; x_wconf 81' lang='lat' dir='ltr'><strong>opportune</strong></span> <span class='ocrx_word' id='word_1_126' title='bbox 1023 1895 1177 1950; x_wconf 89' lang='lat' dir='ltr'><strong>nobis</strong></span> <span class='ocrx_word' id='word_1_127' title='bbox 1207 1896 1369 1949; x_wconf 90' lang='lat' dir='ltr'><strong>etiam</strong></span> <span class='ocrx_word' id='word_1_128' title='bbox 1401 1894 1667 1963; x_wconf 84' lang='lat' dir='ltr'><strong>dicantur,</strong></span> <span class='ocrx_word' id='word_1_129' title='bbox 1712 1913 1832 1951; x_wconf 92' lang='lat' dir='ltr'><strong>om-</strong></span> 
     </span>
    </p>
   </div>
   <div class='ocr_carea' id='block_1_19' title="bbox 271 1981 1829 2055">
    <p class='ocr_par' dir='ltr' id='par_1_19' title="bbox 271 1981 1829 2055">
     <span class='ocr_line' id='line_1_19' title="bbox 271 1981 1829 2055; baseline 0.004 -21"><span class='ocrx_word' id='word_1_130' title='bbox 271 1981 404 2034; x_wconf 85' lang='lat' dir='ltr'><strong>nibus</strong></span> <span class='ocrx_word' id='word_1_131' title='bbox 428 1981 618 2051; x_wconf 89' lang='lat' dir='ltr'><strong>ubique</strong></span> <span class='ocrx_word' id='word_1_132' title='bbox 640 1983 903 2053; x_wconf 79' lang='lat' dir='ltr'><strong>agendam</strong></span> <span class='ocrx_word' id='word_1_133' title='bbox 937 1983 1305 2052; x_wconf 57' lang='lat' dir='ltr'><strong>paenitentiam</strong></span> <span class='ocrx_word' id='word_1_134' title='bbox 1347 1998 1500 2050; x_wconf 90' lang='lat' dir='ltr'><strong>esse,</strong></span> <span class='ocrx_word' id='word_1_135' title='bbox 1534 1985 1656 2055; x_wconf 86' lang='lat' dir='ltr'><strong>quia</strong></span> <span class='ocrx_word' id='word_1_136' title='bbox 1695 1986 1829 2041; x_wconf 86' lang='lat' dir='ltr'><strong>deﬁ-</strong></span> 
     </span>
    </p>
   </div>
   <div class='ocr_carea' id='block_1_20' title="bbox 270 2074 1827 2145">
    <p class='ocr_par' dir='ltr' id='par_1_20' title="bbox 270 2074 1827 2145">
     <span class='ocr_line' id='line_1_20' title="bbox 270 2074 1827 2145; baseline 0.008 -22"><span class='ocrx_word' id='word_1_137' title='bbox 270 2074 381 2126; x_wconf 80' lang='lat' dir='ltr'><strong>nivit</strong></span> <span class='ocrx_word' id='word_1_138' title='bbox 403 2075 540 2129; x_wconf 90' lang='lat' dir='ltr'><strong>diem</strong></span> <span class='ocrx_word' id='word_1_139' title='bbox 572 2076 623 2130; x_wconf 90' lang='lat' dir='ltr'><strong>in</strong></span> <span class='ocrx_word' id='word_1_140' title='bbox 657 2091 763 2145; x_wconf 90' lang='lat' dir='ltr'><strong>quo</strong></span> <span class='ocrx_word' id='word_1_141' title='bbox 787 2075 1126 2145; x_wconf 86' lang='lat' dir='ltr'><strong>judicaturus</strong></span> <span class='ocrx_word' id='word_1_142' title='bbox 1156 2085 1238 2131; x_wconf 88' lang='lat' dir='ltr'><strong>est</strong></span> <span class='ocrx_word' id='word_1_143' title='bbox 1263 2079 1470 2132; x_wconf 89' lang='lat' dir='ltr'><strong>orbem.</strong></span> <span class='ocrx_word' id='word_1_144' title='bbox 1503 2078 1636 2135; x_wconf 81' lang='lat' dir='ltr'><strong>Vide</strong></span> <span class='ocrx_word' id='word_1_145' title='bbox 1665 2081 1827 2135; x_wconf 88' lang='lat' dir='ltr'><strong>etiam</strong></span> 
     </span>
    </p>
   </div>
   <div class='ocr_carea' id='block_1_21' title="bbox 267 2166 1828 2240">
    <p class='ocr_par' dir='ltr' id='par_1_21' title="bbox 267 2166 1828 2240">
     <span class='ocr_line' id='line_1_21' title="bbox 267 2166 1828 2240; baseline 0.007 -27"><span class='ocrx_word' id='word_1_146' title='bbox 267 2166 508 2230; x_wconf 84' lang='lat' dir='ltr'><strong>quomodo</strong></span> <span class='ocrx_word' id='word_1_147' title='bbox 532 2166 679 2219; x_wconf 90' lang='lat' dir='ltr'><strong>illum</strong></span> <span class='ocrx_word' id='word_1_148' title='bbox 704 2166 944 2235; x_wconf 88' lang='lat' dir='ltr'><strong>judicem</strong></span> <span class='ocrx_word' id='word_1_149' title='bbox 979 2167 1212 2231; x_wconf 89' lang='lat' dir='ltr'><strong>inducat,</strong></span> <span class='ocrx_word' id='word_1_150' title='bbox 1242 2178 1295 2223; x_wconf 92' lang='lat' dir='ltr'><strong>et</strong></span> <span class='ocrx_word' id='word_1_151' title='bbox 1324 2169 1508 2225; x_wconf 89' lang='lat' dir='ltr'><strong>mundi</strong></span> <span class='ocrx_word' id='word_1_152' title='bbox 1537 2171 1828 2240; x_wconf 85' lang='lat' dir='ltr'><strong>providen-</strong></span> 
     </span>
    </p>
   </div>
   <div class='ocr_carea' id='block_1_22' title="bbox 268 2255 1824 2328">
    <p class='ocr_par' dir='ltr' id='par_1_22' title="bbox 268 2255 1824 2328">
     <span class='ocr_line' id='line_1_22' title="bbox 268 2255 1824 2328; baseline 0.008 -25"><span class='ocrx_word' id='word_1_153' title='bbox 268 2255 373 2306; x_wconf 80' lang='lat' dir='ltr'><strong>tiam</strong></span> <span class='ocrx_word' id='word_1_154' title='bbox 400 2256 700 2320; x_wconf 80' lang='lat' dir='ltr'><strong>habentem,</strong></span> <span class='ocrx_word' id='word_1_155' title='bbox 731 2257 1040 2326; x_wconf 88' lang='lat' dir='ltr'><strong>benignum,</strong></span> <span class='ocrx_word' id='word_1_156' title='bbox 1072 2257 1498 2322; x_wconf 85' lang='lat' dir='ltr'><strong>misericordem,</strong></span> <span class='ocrx_word' id='word_1_157' title='bbox 1530 2269 1824 2328; x_wconf 90' lang='lat' dir='ltr'><strong>potentem,</strong></span> 
     </span>
    </p>
   </div>
   <div class='ocr_carea' id='block_1_23' title="bbox 265 2343 1827 2418">
    <p class='ocr_par' dir='ltr' id='par_1_23' title="bbox 265 2343 1827 2418">
     <span class='ocr_line' id='line_1_23' title="bbox 265 2343 1827 2418; baseline 0.008 -23"><span class='ocrx_word' id='word_1_158' title='bbox 265 2345 559 2409; x_wconf 81' lang='lat' dir='ltr'><strong>sapientem,</strong></span> <span class='ocrx_word' id='word_1_159' title='bbox 615 2343 903 2416; x_wconf 84' lang='lat' dir='ltr'><strong>omniaque</strong></span> <span class='ocrx_word' id='word_1_160' title='bbox 951 2361 1171 2415; x_wconf 90' lang='lat' dir='ltr'><strong>prorsus</strong></span> <span class='ocrx_word' id='word_1_161' title='bbox 1217 2363 1336 2418; x_wconf 79' lang='lat' dir='ltr'><strong>quae</strong></span> <span class='ocrx_word' id='word_1_162' title='bbox 1380 2357 1506 2403; x_wconf 87' lang='lat' dir='ltr'><strong>sunt</strong></span> <span class='ocrx_word' id='word_1_163' title='bbox 1553 2349 1827 2408; x_wconf 83' lang='lat' dir='ltr'><strong>Creatoris</strong></span> 
     </span>
    </p>
   </div>
   <div class='ocr_carea' id='block_1_24' title="bbox 264 2433 1822 2509">
    <p class='ocr_par' dir='ltr' id='par_1_24' title="bbox 264 2433 1822 2509">
     <span class='ocr_line' id='line_1_24' title="bbox 264 2433 1822 2509; baseline 0.009 -23"><span class='ocrx_word' id='word_1_164' title='bbox 264 2433 542 2492; x_wconf 60' lang='lat' dir='ltr'><strong>habentem.</strong></span> <span class='ocrx_word' id='word_1_165' title='bbox 571 2433 1042 2494; x_wconf 83' lang='lat' dir='ltr'><strong>Conﬁrmationem</strong></span> <span class='ocrx_word' id='word_1_166' title='bbox 1086 2439 1426 2509; x_wconf 79' lang='lat' dir='ltr'><strong>praebuerunt</strong></span> <span class='ocrx_word' id='word_1_167' title='bbox 1451 2442 1611 2507; x_wconf 88' lang='lat' dir='ltr'><strong>dicta,</strong></span> <span class='ocrx_word' id='word_1_168' title='bbox 1642 2460 1764 2499; x_wconf 87' lang='lat' dir='ltr'><strong>eum</strong></span> <span class='ocrx_word' id='word_1_169' title='bbox 1795 2462 1822 2499; x_wconf 91' lang='lat' dir='ltr'><strong>a</strong></span> 
     </span>
    </p>
   </div>
   <div class='ocr_carea' id='block_1_25' title="bbox 261 2529 1823 2606">
    <p class='ocr_par' dir='ltr' id='par_1_25' title="bbox 261 2529 1823 2606">
     <span class='ocr_line' id='line_1_25' title="bbox 261 2529 1823 2606; baseline 0.009 -27"><span class='ocrx_word' id='word_1_170' title='bbox 261 2529 465 2583; x_wconf 90' lang='lat' dir='ltr'><strong>mortuis</strong></span> <span class='ocrx_word' id='word_1_171' title='bbox 514 2530 910 2586; x_wconf 83' lang='lat' dir='ltr'><strong>resurrexiSse.</strong></span> <span class='ocrx_word' id='word_1_172' title='bbox 944 2532 1318 2588; x_wconf 73' lang='lat' dir='ltr'><strong>Paenitentiam</strong></span> <span class='ocrx_word' id='word_1_173' title='bbox 1372 2549 1504 2606; x_wconf 77' lang='lat' dir='ltr'><strong>ergo</strong></span> <span class='ocrx_word' id='word_1_174' title='bbox 1545 2550 1766 2604; x_wconf 83' lang='lat' dir='ltr'><strong>agamus</strong></span> <span class='ocrx_word' id='word_1_175' title='bbox 1809 2558 1823 2593; x_wconf 92' lang='lat'>:</span> 
     </span>
    </p>
   </div>
   <div class='ocr_carea' id='block_1_26' title="bbox 259 2621 1825 2694">
    <p class='ocr_par' dir='ltr' id='par_1_26' title="bbox 259 2621 1825 2694">
     <span class='ocr_line' id='line_1_26' title="bbox 259 2621 1825 2694; baseline 0.008 -24"><span class='ocrx_word' id='word_1_176' title='bbox 259 2621 457 2674; x_wconf 86' lang='lat' dir='ltr'><strong>omnino</strong></span> <span class='ocrx_word' id='word_1_177' title='bbox 478 2622 619 2675; x_wconf 88' lang='lat' dir='ltr'><strong>enim</strong></span> <span class='ocrx_word' id='word_1_178' title='bbox 639 2622 871 2691; x_wconf 89' lang='lat' dir='ltr'><strong>judicari</strong></span> <span class='ocrx_word' id='word_1_179' title='bbox 891 2633 1123 2694; x_wconf 88' lang='lat' dir='ltr'><strong>oportet.</strong></span> <span class='ocrx_word' id='word_1_180' title='bbox 1142 2625 1198 2679; x_wconf 91' lang='lat' dir='ltr'><strong>Si</strong></span> <span class='ocrx_word' id='word_1_181' title='bbox 1225 2640 1329 2679; x_wconf 88' lang='lat' dir='ltr'><strong>non</strong></span> <span class='ocrx_word' id='word_1_182' title='bbox 1353 2630 1644 2682; x_wconf 81' lang='lat' dir='ltr'><strong>resurrexit</strong></span> <span class='ocrx_word' id='word_1_183' title='bbox 1671 2628 1825 2683; x_wconf 89' lang='lat' dir='ltr'><strong>Chri-</strong></span> 
     </span>
    </p>
   </div>
   <div class='ocr_carea' id='block_1_27' title="bbox 253 2710 1817 2788">
    <p class='ocr_par' dir='ltr' id='par_1_27' title="bbox 253 2710 1817 2788">
     <span class='ocr_line' id='line_1_27' title="bbox 253 2710 1817 2788; baseline 0.008 -26"><span class='ocrx_word' id='word_1_184' title='bbox 253 2718 373 2776; x_wconf 76' lang='lat' dir='ltr'><strong>stus,</strong></span> <span class='ocrx_word' id='word_1_185' title='bbox 401 2727 505 2765; x_wconf 85' lang='lat' dir='ltr'><strong>non</strong></span> <span class='ocrx_word' id='word_1_186' title='bbox 529 2710 875 2780; x_wconf 88' lang='lat' dir='ltr'><strong>judicamnr;</strong></span> <span class='ocrx_word' id='word_1_187' title='bbox 926 2715 969 2768; x_wconf 89' lang='lat' dir='ltr'><strong>si</strong></span> <span class='ocrx_word' id='word_1_188' title='bbox 1001 2716 1320 2781; x_wconf 77' lang='lat' dir='ltr'><strong>resurrexit,</strong></span> <span class='ocrx_word' id='word_1_189' title='bbox 1365 2717 1582 2772; x_wconf 83' lang='lat' dir='ltr'><strong>omnino</strong></span> <span class='ocrx_word' id='word_1_190' title='bbox 1617 2719 1817 2788; x_wconf 91' lang='lat' dir='ltr'><strong>judica-</strong></span> 
     </span>
    </p>
   </div>
   <div class='ocr_carea' id='block_1_28' title="bbox 253 2802 1824 2873">
    <p class='ocr_par' dir='ltr' id='par_1_28' title="bbox 253 2802 1824 2873">
     <span class='ocr_line' id='line_1_28' title="bbox 253 2802 1824 2873; baseline 0.008 -19"><span class='ocrx_word' id='word_1_191' title='bbox 253 2817 379 2856; x_wconf 88' lang='lat' dir='ltr'><strong>mur.</strong></span> <span class='ocrx_word' id='word_1_192' title='bbox 405 2802 470 2856; x_wconf 84' lang='lat' dir='ltr'><strong>In</strong></span> <span class='ocrx_word' id='word_1_193' title='bbox 497 2804 593 2858; x_wconf 82' lang='lat' dir='ltr'><strong>hoc</strong></span> <span class='ocrx_word' id='word_1_194' title='bbox 625 2805 758 2859; x_wconf 85' lang='lat' dir='ltr'><strong>enim</strong></span> <span class='ocrx_word' id='word_1_195' title='bbox 782 2814 827 2860; x_wconf 88' lang='lat' dir='ltr'><strong>et</strong></span> <span class='ocrx_word' id='word_1_196' title='bbox 857 2815 1082 2860; x_wconf 82' lang='lat' dir='ltr'><strong>mortuus</strong></span> <span class='ocrx_word' id='word_1_197' title='bbox 1109 2816 1210 2873; x_wconf 80' lang='lat' dir='ltr'><strong>est,</strong></span> <span class='ocrx_word' id='word_1_198' title='bbox 1242 2815 1295 2860; x_wconf 87' lang='lat' dir='ltr'><strong>ut</strong></span> <span class='ocrx_word' id='word_1_199' title='bbox 1317 2817 1362 2862; x_wconf 83' lang='lat' dir='ltr'><strong>et</strong></span> <span class='ocrx_word' id='word_1_200' title='bbox 1384 2810 1505 2863; x_wconf 81' lang='lat' dir='ltr'><strong>vivis</strong></span> <span class='ocrx_word' id='word_1_201' title='bbox 1531 2821 1578 2864; x_wconf 84' lang='lat' dir='ltr'><strong>et</strong></span> <span class='ocrx_word' id='word_1_202' title='bbox 1617 2815 1824 2868; x_wconf 84' lang='lat' dir='ltr'><strong>mortuis</strong></span> 
     </span>
    </p>
   </div>
   <div class='ocr_carea' id='block_1_29' title="bbox 245 2895 1822 2967">
    <p class='ocr_par' dir='ltr' id='par_1_29' title="bbox 245 2895 1822 2967">
     <span class='ocr_line' id='line_1_29' title="bbox 245 2895 1822 2967; baseline 0.01 -25"><span class='ocrx_word' id='word_1_203' title='bbox 245 2895 440 2961; x_wconf 75' lang='lat' dir='ltr'><strong>imperet</strong></span> <span class='ocrx_word' id='word_1_204' title='bbox 461 2895 643 2963; x_wconf 84' lang='lat' dir='ltr'><strong>(Rom.</strong></span> <span class='ocrx_word' id='word_1_205' title='bbox 672 2897 760 2950; x_wconf 76' lang='grc'><strong>14.</strong></span> <span class='ocrx_word' id='word_1_206' title='bbox 788 2896 868 2967; x_wconf 83' lang='grc'><strong>9),</strong></span> <span class='ocrx_word' id='word_1_207' title='bbox 900 2897 1096 2966; x_wconf 89' lang='lat' dir='ltr'><strong>inquit;</strong></span> <span class='ocrx_word' id='word_1_208' title='bbox 1127 2908 1181 2952; x_wconf 90' lang='lat' dir='ltr'><strong>et</strong></span> <span class='ocrx_word' id='word_1_209' title='bbox 1202 2913 1413 2953; x_wconf 87' lang='lat' dir='ltr'><strong>rursum</strong></span> <span class='ocrx_word' id='word_1_210' title='bbox 1441 2919 1452 2954; x_wconf 88' lang='lat'>:</span> <span class='ocrx_word' id='word_1_211' title='bbox 1482 2900 1665 2957; x_wconf 80' lang='lat' dir='ltr'><strong>Omnes</strong></span> <span class='ocrx_word' id='word_1_212' title='bbox 1691 2910 1822 2958; x_wconf 84' lang='lat' dir='ltr'><strong>enim</strong></span> 
     </span>
    </p>
   </div>
   <div class='ocr_carea' id='block_1_30' title="bbox 242 2986 1824 3064">
    <p class='ocr_par' dir='ltr' id='par_1_30' title="bbox 242 2986 1824 3064">
     <span class='ocr_line' id='line_1_30' title="bbox 242 2986 1824 3064; baseline 0.011 -32"><span class='ocrx_word' id='word_1_213' title='bbox 242 2986 540 3039; x_wconf 75' lang='lat' dir='ltr'><strong>uastabimus</strong></span> <span class='ocrx_word' id='word_1_214' title='bbox 569 2995 690 3039; x_wconf 86' lang='lat' dir='ltr'><strong>ante</strong></span> <span class='ocrx_word' id='word_1_215' title='bbox 711 2986 934 3040; x_wconf 81' lang='lat' dir='ltr'><strong>tribunal</strong></span> <span class='ocrx_word' id='word_1_216' title='bbox 955 2986 1163 3052; x_wconf 83' lang='lat' dir='ltr'><strong>Christi,</strong></span> <span class='ocrx_word' id='word_1_217' title='bbox 1188 2999 1242 3042; x_wconf 86' lang='lat' dir='ltr'><strong>ut</strong></span> <span class='ocrx_word' id='word_1_218' title='bbox 1269 2992 1611 3063; x_wconf 84' lang='lat' dir='ltr'><strong>unusquisque</strong></span> <span class='ocrx_word' id='word_1_219' title='bbox 1638 2996 1824 3064; x_wconf 78' lang='lat' dir='ltr'><strong>referat</strong></span> 
     </span>
    </p>
   </div>
   <div class='ocr_carea' id='block_1_31' title="bbox 237 3074 1818 3152">
    <p class='ocr_par' dir='ltr' id='par_1_31' title="bbox 237 3074 1818 3152">
     <span class='ocr_line' id='line_1_31' title="bbox 237 3074 1818 3152; baseline 0.01 -28"><span class='ocrx_word' id='word_1_220' title='bbox 237 3074 505 3126; x_wconf 59' lang='lat' dir='ltr'><strong>secundum</strong></span> <span class='ocrx_word' id='word_1_221' title='bbox 532 3091 591 3129; x_wconf 82' lang='lat' dir='ltr'><strong>ea</strong></span> <span class='ocrx_word' id='word_1_222' title='bbox 619 3091 734 3144; x_wconf 70' lang='lat' dir='ltr'><strong>qua:</strong></span> <span class='ocrx_word' id='word_1_223' title='bbox 757 3077 874 3146; x_wconf 75' lang='lat' dir='ltr'><strong>fecit</strong></span> <span class='ocrx_word' id='word_1_224' title='bbox 908 3075 1065 3146; x_wconf 85' lang='lat' dir='ltr'><strong>(Ibid.</strong></span> <span class='ocrx_word' id='word_1_225' title='bbox 1089 3093 1137 3130; x_wconf 78' lang='grc' dir='ltr'><strong>υ.</strong></span> <span class='ocrx_word' id='word_1_226' title='bbox 1172 3079 1259 3132; x_wconf 86' lang='grc'><strong>10.</strong></span> <span class='ocrx_word' id='word_1_227' title='bbox 1298 3080 1431 3134; x_wconf 76' lang='grc'><strong>012.</strong></span> <span class='ocrx_word' id='word_1_228' title='bbox 1454 3079 1568 3135; x_wconf 82' lang='lat' dir='ltr'><strong>Cor.</strong></span> <span class='ocrx_word' id='word_1_229' title='bbox 1620 3083 1672 3138; x_wconf 82' lang='lat'><strong>5.</strong></span> <span class='ocrx_word' id='word_1_230' title='bbox 1705 3085 1818 3152; x_wconf 84' lang='grc'><strong>10).</strong></span> 
     </span>
    </p>
   </div>
   <div class='ocr_carea' id='block_1_32' title="bbox 237 3161 1823 3232">
    <p class='ocr_par' dir='ltr' id='par_1_32' title="bbox 237 3161 1823 3232">
     <span class='ocr_line' id='line_1_32' title="bbox 237 3161 1823 3232; baseline 0.009 -18"><span class='ocrx_word' id='word_1_231' title='bbox 237 3161 308 3215; x_wconf 70' lang='lat' dir='ltr'><strong>Nc</strong></span> <span class='ocrx_word' id='word_1_232' title='bbox 335 3165 526 3232; x_wconf 87' lang='lat' dir='ltr'><strong>putetis</strong></span> <span class='ocrx_word' id='word_1_233' title='bbox 557 3164 674 3220; x_wconf 75' lang='grc'><strong>11100</strong></span> <span class='ocrx_word' id='word_1_234' title='bbox 717 3165 880 3220; x_wconf 89' lang='lat' dir='ltr'><strong>verba</strong></span> <span class='ocrx_word' id='word_1_235' title='bbox 927 3166 1097 3222; x_wconf 88' lang='lat' dir='ltr'><strong>solum</strong></span> <span class='ocrx_word' id='word_1_236' title='bbox 1129 3182 1248 3224; x_wconf 86' lang='lat' dir='ltr'><strong>esse</strong></span> <span class='ocrx_word' id='word_1_237' title='bbox 1282 3184 1446 3225; x_wconf 87' lang='lat' dir='ltr'><strong>:eecc</strong></span> <span class='ocrx_word' id='word_1_238' title='bbox 1487 3179 1540 3226; x_wconf 86' lang='lat' dir='ltr'><strong>et</strong></span> <span class='ocrx_word' id='word_1_239' title='bbox 1585 3188 1823 3229; x_wconf 88' lang='lat' dir='ltr'><strong>resurre-</strong></span> 
     </span>
    </p>
   </div>
   <div class='ocr_carea' id='block_1_33' title="bbox 233 3255 1820 3334">
    <p class='ocr_par' dir='ltr' id='par_1_33' title="bbox 233 3255 1820 3334">
     <span class='ocr_line' id='line_1_33' title="bbox 233 3255 1820 3334; baseline 0.009 -29"><span class='ocrx_word' id='word_1_240' title='bbox 233 3256 462 3310; x_wconf 82' lang='lat' dir='ltr'><strong>ctionem</strong></span> <span class='ocrx_word' id='word_1_241' title='bbox 491 3255 734 3310; x_wconf 91' lang='lat' dir='ltr'><strong>omnium</strong></span> <span class='ocrx_word' id='word_1_242' title='bbox 764 3257 1117 3323; x_wconf 83' lang='lat' dir='ltr'><strong>memoravit;</strong></span> <span class='ocrx_word' id='word_1_243' title='bbox 1148 3274 1322 3328; x_wconf 90' lang='lat' dir='ltr'><strong>neque</strong></span> <span class='ocrx_word' id='word_1_244' title='bbox 1345 3262 1486 3314; x_wconf 87' lang='grc'><strong>0111111</strong></span> <span class='ocrx_word' id='word_1_245' title='bbox 1504 3264 1820 3334; x_wconf 86' lang='lat' dir='ltr'><strong>aliterjudi-</strong></span> 
     </span>
    </p>
   </div>
   <div class='ocr_carea' id='block_1_34' title="bbox 235 3347 1819 3423">
    <p class='ocr_par' dir='ltr' id='par_1_34' title="bbox 235 3347 1819 3423">
     <span class='ocr_line' id='line_1_34' title="bbox 235 3347 1819 3423; baseline 0.009 -27"><span class='ocrx_word' id='word_1_246' title='bbox 235 3356 383 3400; x_wconf 78' lang='grc'><strong>0111111</strong></span> <span class='ocrx_word' id='word_1_247' title='bbox 417 3347 585 3401; x_wconf 86' lang='lat' dir='ltr'><strong>orbis.</strong></span> <span class='ocrx_word' id='word_1_248' title='bbox 622 3347 795 3402; x_wconf 84' lang='lat' dir='ltr'><strong>Etiam</strong></span> <span class='ocrx_word' id='word_1_249' title='bbox 828 3347 987 3414; x_wconf 90' lang='lat' dir='ltr'><strong>illud,</strong></span> <span class='ocrx_word' id='word_1_250' title='bbox 1045 3349 1310 3405; x_wconf 82' lang='lat' dir='ltr'><strong>Suscitans</strong></span> <span class='ocrx_word' id='word_1_251' title='bbox 1353 3368 1464 3405; x_wconf 82' lang='lat' dir='ltr'><strong>cum</strong></span> <span class='ocrx_word' id='word_1_252' title='bbox 1503 3370 1535 3406; x_wconf 91' lang='lat' dir='ltr'><strong>a</strong></span> <span class='ocrx_word' id='word_1_253' title='bbox 1576 3357 1819 3423; x_wconf 87' lang='lat' dir='ltr'><strong>mortuis,</strong></span> 
     </span>
    </p>
   </div>
   <div class='ocr_carea' id='block_1_35' title="bbox 235 3437 1818 3512">
    <p class='ocr_par' dir='ltr' id='par_1_35' title="bbox 235 3437 1818 3512">
     <span class='ocr_line' id='line_1_35' title="bbox 235 3437 1818 3512; baseline 0.008 -22"><span class='ocrx_word' id='word_1_254' title='bbox 235 3437 302 3490; x_wconf 82' lang='lat' dir='ltr'><strong>de</strong></span> <span class='ocrx_word' id='word_1_255' title='bbox 325 3453 554 3508; x_wconf 80' lang='lat' dir='ltr'><strong>corpore</strong></span> <span class='ocrx_word' id='word_1_256' title='bbox 587 3438 789 3495; x_wconf 89' lang='lat' dir='ltr'><strong>dictum</strong></span> <span class='ocrx_word' id='word_1_257' title='bbox 816 3450 899 3494; x_wconf 87' lang='lat' dir='ltr'><strong>est</strong></span> <span class='ocrx_word' id='word_1_258' title='bbox 930 3458 944 3494; x_wconf 92' lang='lat'><strong>:</strong></span> <span class='ocrx_word' id='word_1_259' title='bbox 979 3441 1151 3510; x_wconf 91' lang='lat' dir='ltr'><strong>ipsum</strong></span> <span class='ocrx_word' id='word_1_260' title='bbox 1183 3444 1326 3497; x_wconf 90' lang='lat' dir='ltr'><strong>enim</strong></span> <span class='ocrx_word' id='word_1_261' title='bbox 1359 3455 1626 3500; x_wconf 89' lang='lat' dir='ltr'><strong>mortuum</strong></span> <span class='ocrx_word' id='word_1_262' title='bbox 1668 3458 1818 3512; x_wconf 87' lang='lat' dir='ltr'><strong>erat,</strong></span> 
     </span>
    </p>
   </div>
   <div class='ocr_carea' id='block_1_36' title="bbox 235 3528 1822 3604">
    <p class='ocr_par' dir='ltr' id='par_1_36' title="bbox 235 3528 1822 3604">
     <span class='ocr_line' id='line_1_36' title="bbox 235 3528 1822 3604; baseline 0.008 -21"><span class='ocrx_word' id='word_1_263' title='bbox 235 3528 336 3583; x_wconf 77' lang='lat' dir='ltr'><strong>hoc</strong></span> <span class='ocrx_word' id='word_1_264' title='bbox 374 3531 666 3586; x_wconf 86' lang='lat' dir='ltr'><strong>ceciderat.</strong></span> <span class='ocrx_word' id='word_1_265' title='bbox 703 3531 860 3600; x_wconf 83' lang='lat' dir='ltr'><strong>Apud</strong></span> <span class='ocrx_word' id='word_1_266' title='bbox 889 3532 1153 3602; x_wconf 84' lang='lat' dir='ltr'><strong>gentiles,</strong></span> <span class='ocrx_word' id='word_1_267' title='bbox 1195 3535 1334 3591; x_wconf 82' lang='lat' dir='ltr'><strong>sicut</strong></span> <span class='ocrx_word' id='word_1_268' title='bbox 1373 3539 1610 3604; x_wconf 88' lang='lat' dir='ltr'><strong>creatio,</strong></span> <span class='ocrx_word' id='word_1_269' title='bbox 1657 3539 1726 3593; x_wconf 91' lang='lat' dir='ltr'><strong>ita</strong></span> <span class='ocrx_word' id='word_1_270' title='bbox 1768 3549 1822 3595; x_wconf 92' lang='lat' dir='ltr'><strong>et</strong></span> 
     </span>
    </p>
   </div>
   <div class='ocr_carea' id='block_1_37' title="bbox 234 3617 1820 3698">
    <p class='ocr_par' dir='ltr' id='par_1_37' title="bbox 234 3617 1820 3698">
     <span class='ocr_line' id='line_1_37' title="bbox 234 3617 1820 3698; baseline 0.009 -27"><span class='ocrx_word' id='word_1_271' title='bbox 234 3617 486 3685; x_wconf 82' lang='lat' dir='ltr'><strong>judicium</strong></span> <span class='ocrx_word' id='word_1_272' title='bbox 532 3624 915 3678; x_wconf 89' lang='lat' dir='ltr'><strong>contemnitur.</strong></span> <span class='ocrx_word' id='word_1_273' title='bbox 962 3624 1086 3680; x_wconf 75' lang='grc'><strong>11100</strong></span> <span class='ocrx_word' id='word_1_274' title='bbox 1125 3635 1301 3682; x_wconf 86' lang='grc' dir='ltr'><strong>11111οι11</strong></span> <span class='ocrx_word' id='word_1_275' title='bbox 1345 3643 1633 3698; x_wconf 89' lang='lat' dir='ltr'><strong>puerorum</strong></span> <span class='ocrx_word' id='word_1_276' title='bbox 1668 3647 1820 3686; x_wconf 88' lang='lat' dir='ltr'><strong>com-</strong></span> 
     </span>
    </p>
   </div>
   <div class='ocr_carea' id='block_1_38' title="bbox 239 3713 1822 3790">
    <p class='ocr_par' dir='ltr' id='par_1_38' title="bbox 239 3713 1822 3790">
     <span class='ocr_line' id='line_1_38' title="bbox 239 3713 1822 3790; baseline 0.011 -29"><span class='ocrx_word' id='word_1_277' title='bbox 239 3721 410 3764; x_wconf 82' lang='lat' dir='ltr'><strong>menta</strong></span> <span class='ocrx_word' id='word_1_278' title='bbox 437 3724 596 3777; x_wconf 89' lang='lat' dir='ltr'><strong>sunt,</strong></span> <span class='ocrx_word' id='word_1_279' title='bbox 631 3722 683 3768; x_wconf 91' lang='lat' dir='ltr'><strong>ct</strong></span> <span class='ocrx_word' id='word_1_280' title='bbox 716 3713 987 3770; x_wconf 79' lang='lat' dir='ltr'><strong>ebriorum</strong></span> <span class='ocrx_word' id='word_1_281' title='bbox 1009 3715 1307 3772; x_wconf 85' lang='lat' dir='ltr'><strong>hominum.</strong></span> <span class='ocrx_word' id='word_1_282' title='bbox 1334 3719 1438 3774; x_wconf 89' lang='lat' dir='ltr'><strong>Sed</strong></span> <span class='ocrx_word' id='word_1_283' title='bbox 1462 3735 1558 3775; x_wconf 90' lang='lat' dir='ltr'><strong>nos</strong></span> <span class='ocrx_word' id='word_1_284' title='bbox 1587 3723 1675 3790; x_wconf 90' lang='lat' dir='ltr'><strong>qui</strong></span> <span class='ocrx_word' id='word_1_285' title='bbox 1707 3722 1822 3779; x_wconf 74' lang='grc'><strong>11100</strong></span> 
     </span>
    </p>
   </div>
   <div class='ocr_carea' id='block_1_39' title="bbox 239 3803 1819 3877">
    <p class='ocr_par' dir='ltr' id='par_1_39' title="bbox 239 3803 1819 3877">
     <span class='ocr_line' id='line_1_39' title="bbox 239 3803 1819 3877; baseline 0.01 -23"><span class='ocrx_word' id='word_1_286' title='bbox 239 3813 478 3858; x_wconf 81' lang='lat' dir='ltr'><strong>accurate</strong></span> <span class='ocrx_word' id='word_1_287' title='bbox 517 3803 835 3872; x_wconf 89' lang='lat' dir='ltr'><strong>didicimus,</strong></span> <span class='ocrx_word' id='word_1_288' title='bbox 881 3807 1080 3876; x_wconf 91' lang='lat' dir='ltr'><strong>aliquid</strong></span> <span class='ocrx_word' id='word_1_289' title='bbox 1113 3809 1241 3864; x_wconf 91' lang='lat' dir='ltr'><strong>utile</strong></span> <span class='ocrx_word' id='word_1_290' title='bbox 1267 3809 1520 3867; x_wconf 82' lang='lat' dir='ltr'><strong>faciamus</strong></span> <span class='ocrx_word' id='word_1_291' title='bbox 1545 3853 1560 3877; x_wconf 95' lang='lat'><strong>,</strong></span> <span class='ocrx_word' id='word_1_292' title='bbox 1601 3814 1819 3870; x_wconf 86' lang='lat' dir='ltr'><strong>studea-</strong></span> 
     </span>
    </p>
   </div>
   <div class='ocr_carea' id='block_1_40' title="bbox 243 3893 1820 3977">
    <p class='ocr_par' dir='ltr' id='par_1_40' title="bbox 243 3893 1820 3977">
     <span class='ocr_line' id='line_1_40' title="bbox 243 3893 1820 3977; baseline 0.013 -35"><span class='ocrx_word' id='word_1_293' title='bbox 243 3905 459 3961; x_wconf 80' lang='lat' dir='ltr'><strong>nmsque</strong></span> <span class='ocrx_word' id='word_1_294' title='bbox 505 3893 795 3950; x_wconf 77' lang='lat' dir='ltr'><strong>familiares</strong></span> <span class='ocrx_word' id='word_1_295' title='bbox 848 3913 969 3952; x_wconf 88' lang='lat' dir='ltr'><strong>esse</strong></span> <span class='ocrx_word' id='word_1_296' title='bbox 1013 3898 1229 3956; x_wconf 88' lang='lat' dir='ltr'><strong>Christo</strong></span> <span class='ocrx_word' id='word_1_297' title='bbox 1279 3903 1320 3956; x_wconf 88' lang='grc'><strong>¹.</strong></span> <span class='ocrx_word' id='word_1_298' title='bbox 1372 3901 1656 3974; x_wconf 87' lang='lat' dir='ltr'><strong>Usquequo</strong></span> <span class='ocrx_word' id='word_1_299' title='bbox 1705 3907 1820 3977; x_wconf 82' lang='lat' dir='ltr'><strong>ejus</strong></span> 
     </span>
    </p>
   </div>
   <div class='ocr_carea' id='block_1_41' title="bbox 245 3981 1817 4067">
    <p class='ocr_par' dir='ltr' id='par_1_41' title="bbox 245 3981 1817 4067">
     <span class='ocr_line' id='line_1_41' title="bbox 245 3981 1817 4067; baseline 0.013 -34"><span class='ocrx_word' id='word_1_300' title='bbox 245 3981 434 4039; x_wconf 85' lang='grc'><strong>1111111101</strong></span> <span class='ocrx_word' id='word_1_301' title='bbox 463 3987 711 4043; x_wconf 86' lang='lat' dir='ltr'><strong>erimus?</strong></span> <span class='ocrx_word' id='word_1_302' title='bbox 735 4004 1008 4060; x_wconf 88' lang='lat' dir='ltr'><strong>usquequo</strong></span> <span class='ocrx_word' id='word_1_303' title='bbox 1041 3993 1217 4048; x_wconf 90' lang='lat' dir='ltr'><strong>minus</strong></span> <span class='ocrx_word' id='word_1_304' title='bbox 1243 3995 1478 4050; x_wconf 87' lang='lat' dir='ltr'><strong>suaviter</strong></span> <span class='ocrx_word' id='word_1_305' title='bbox 1506 4011 1631 4067; x_wconf 91' lang='lat' dir='ltr'><strong>erga</strong></span> <span class='ocrx_word' id='word_1_306' title='bbox 1669 3999 1817 4053; x_wconf 88' lang='lat' dir='ltr'><strong>illum</strong></span> 
     </span>
    </p>
   </div>
   <div class='ocr_carea' id='block_1_42' title="bbox 248 4072 1820 4150">
    <p class='ocr_par' dir='ltr' id='par_1_42' title="bbox 248 4072 1820 4150">
     <span class='ocr_line' id='line_1_42' title="bbox 248 4072 1820 4150; baseline 0.013 -28"><span class='ocrx_word' id='word_1_307' title='bbox 248 4072 409 4128; x_wconf 77' lang='grc'><strong>11110011</strong></span> <span class='ocrx_word' id='word_1_308' title='bbox 438 4075 674 4130; x_wconf 89' lang='lat' dir='ltr'><strong>erimus?</strong></span> <span class='ocrx_word' id='word_1_309' title='bbox 699 4078 884 4145; x_wconf 82' lang='lat' dir='ltr'><strong>Absit,</strong></span> <span class='ocrx_word' id='word_1_310' title='bbox 929 4081 1134 4150; x_wconf 86' lang='lat' dir='ltr'><strong>inquies</strong></span> <span class='ocrx_word' id='word_1_311' title='bbox 1160 4099 1175 4140; x_wconf 88' lang='lat'><strong>:</strong></span> <span class='ocrx_word' id='word_1_312' title='bbox 1206 4098 1302 4138; x_wconf 90' lang='lat' dir='ltr'><strong>cur</strong></span> <span class='ocrx_word' id='word_1_313' title='bbox 1330 4084 1446 4140; x_wconf 82' lang='grc' dir='ltr'><strong>11ωο</strong></span> <span class='ocrx_word' id='word_1_314' title='bbox 1475 4085 1652 4141; x_wconf 82' lang='lat' dir='ltr'><strong>dicis?</strong></span> <span class='ocrx_word' id='word_1_315' title='bbox 1691 4087 1820 4142; x_wconf 83' lang='lat' dir='ltr'><strong>Nol-</strong></span> 
     </span>
    </p>
   </div>
   <div class='ocr_carea' id='block_1_43' title="bbox 250 4160 1816 4247">
    <p class='ocr_par' dir='ltr' id='par_1_43' title="bbox 250 4160 1816 4247">
     <span class='ocr_line' id='line_1_43' title="bbox 250 4160 1816 4247; baseline 0.014 -35"><span class='ocrx_word' id='word_1_316' title='bbox 250 4160 343 4214; x_wconf 74' lang='lat' dir='ltr'><strong>lem</strong></span> <span class='ocrx_word' id='word_1_317' title='bbox 357 4165 466 4219; x_wconf 76' lang='grc'><strong>11100</strong></span> <span class='ocrx_word' id='word_1_318' title='bbox 487 4165 689 4233; x_wconf 86' lang='lat' dir='ltr'><strong>dicere,</strong></span> <span class='ocrx_word' id='word_1_319' title='bbox 711 4169 811 4224; x_wconf 84' lang='lat' dir='ltr'><strong>nisi</strong></span> <span class='ocrx_word' id='word_1_320' title='bbox 831 4185 924 4224; x_wconf 87' lang='lat' dir='ltr'><strong>vos</strong></span> <span class='ocrx_word' id='word_1_321' title='bbox 947 4169 1190 4228; x_wconf 81' lang='lat' dir='ltr'><strong>faceretis</strong></span> <span class='ocrx_word' id='word_1_322' title='bbox 1213 4189 1227 4239; x_wconf 89' lang='lat'><strong>;</strong></span> <span class='ocrx_word' id='word_1_323' title='bbox 1261 4190 1404 4230; x_wconf 89' lang='lat' dir='ltr'><strong>nunc</strong></span> <span class='ocrx_word' id='word_1_324' title='bbox 1431 4191 1558 4231; x_wconf 88' lang='lat' dir='ltr'><strong>vero</strong></span> <span class='ocrx_word' id='word_1_325' title='bbox 1577 4193 1695 4247; x_wconf 66' lang='lat' dir='ltr'><strong>qua:</strong></span> <span class='ocrx_word' id='word_1_326' title='bbox 1713 4180 1816 4234; x_wconf 87' lang='lat' dir='ltr'><strong>uti-</strong></span> 
     </span>
    </p>
   </div>
   <div class='ocr_carea' id='block_1_44' title="bbox 252 4250 1817 4334">
    <p class='ocr_par' dir='ltr' id='par_1_44' title="bbox 252 4250 1817 4334">
     <span class='ocr_line' id='line_1_44' title="bbox 252 4250 1817 4334; baseline 0.014 -32"><span class='ocrx_word' id='word_1_327' title='bbox 252 4250 360 4306; x_wconf 76' lang='lat' dir='ltr'><strong>luas</strong></span> <span class='ocrx_word' id='word_1_328' title='bbox 399 4271 462 4310; x_wconf 81' lang='lat' dir='ltr'><strong>es</strong></span> <span class='ocrx_word' id='word_1_329' title='bbox 505 4258 754 4324; x_wconf 86' lang='lat' dir='ltr'><strong>silentio,</strong></span> <span class='ocrx_word' id='word_1_330' title='bbox 811 4275 932 4315; x_wconf 91' lang='lat' dir='ltr'><strong>cum</strong></span> <span class='ocrx_word' id='word_1_331' title='bbox 982 4277 1068 4317; x_wconf 91' lang='lat' dir='ltr'><strong>res</strong></span> <span class='ocrx_word' id='word_1_332' title='bbox 1112 4264 1184 4318; x_wconf 91' lang='lat' dir='ltr'><strong>ita</strong></span> <span class='ocrx_word' id='word_1_333' title='bbox 1230 4265 1505 4334; x_wconf 87' lang='lat' dir='ltr'><strong>perspicue</strong></span> <span class='ocrx_word' id='word_1_334' title='bbox 1552 4269 1817 4326; x_wconf 87' lang='lat' dir='ltr'><strong>clament?</strong></span> 
     </span>
    </p>
   </div>
   <div class='ocr_carea' id='block_1_45' title="bbox 252 4343 1810 4430">
    <p class='ocr_par' dir='ltr' id='par_1_45' title="bbox 252 4343 1810 4430">
     <span class='ocr_line' id='line_1_45' title="bbox 252 4343 1810 4430; baseline 0.012 -31"><span class='ocrx_word' id='word_1_335' title='bbox 252 4343 512 4408; x_wconf 82' lang='lat' dir='ltr'><strong>Quomodo</strong></span> <span class='ocrx_word' id='word_1_336' title='bbox 547 4349 712 4420; x_wconf 84' lang='lat' dir='ltr'><strong>igitur</strong></span> <span class='ocrx_word' id='word_1_337' title='bbox 741 4352 890 4407; x_wconf 90' lang='lat' dir='ltr'><strong>illum</strong></span> <span class='ocrx_word' id='word_1_338' title='bbox 937 4354 1259 4425; x_wconf 83' lang='lat' dir='ltr'><strong>diligemus?</strong></span> <span class='ocrx_word' id='word_1_339' title='bbox 1302 4359 1624 4417; x_wconf 82' lang='lat' dir='ltr'><strong>Sexcenties</strong></span> <span class='ocrx_word' id='word_1_340' title='bbox 1670 4363 1810 4430; x_wconf 85' lang='lat' dir='ltr'><strong>dixi,</strong></span> 
     </span>
    </p>
   </div>
   <div class='ocr_carea' id='block_1_46' title="bbox 255 4437 1815 4512">
    <p class='ocr_par' dir='ltr' id='par_1_46' title="bbox 255 4437 1815 4512">
     <span class='ocr_line' id='line_1_46' title="bbox 255 4437 1815 4512; baseline 0.012 -23"><span class='ocrx_word' id='word_1_341' title='bbox 255 4437 337 4490; x_wconf 74' lang='lat' dir='ltr'><strong>sed</strong></span> <span class='ocrx_word' id='word_1_342' title='bbox 382 4454 515 4495; x_wconf 90' lang='lat' dir='ltr'><strong>nunc</strong></span> <span class='ocrx_word' id='word_1_343' title='bbox 541 4457 754 4512; x_wconf 88' lang='lat' dir='ltr'><strong>quoque</strong></span> <span class='ocrx_word' id='word_1_344' title='bbox 778 4443 974 4500; x_wconf 85' lang='lat' dir='ltr'><strong>dieam.</strong></span> <span class='ocrx_word' id='word_1_345' title='bbox 1018 4445 1228 4502; x_wconf 79' lang='lat' dir='ltr'><strong>Modum</strong></span> <span class='ocrx_word' id='word_1_346' title='bbox 1274 4448 1543 4508; x_wconf 78' lang='lat' dir='ltr'><strong>invenisse</strong></span> <span class='ocrx_word' id='word_1_347' title='bbox 1577 4453 1706 4507; x_wconf 90' lang='lat' dir='ltr'><strong>mihi</strong></span> <span class='ocrx_word' id='word_1_348' title='bbox 1737 4455 1815 4508; x_wconf 85' lang='lat' dir='ltr'><strong>vi-</strong></span> 
     </span>
    </p>
   </div>
   <div class='ocr_carea' id='block_1_47' title="bbox 253 4525 1816 4612">
    <p class='ocr_par' dir='ltr' id='par_1_47' title="bbox 253 4525 1816 4612">
     <span class='ocr_line' id='line_1_47' title="bbox 253 4525 1816 4612; baseline 0.016 -35"><span class='ocrx_word' id='word_1_349' title='bbox 253 4525 373 4580; x_wconf 86' lang='lat' dir='ltr'><strong>deor</strong></span> <span class='ocrx_word' id='word_1_350' title='bbox 401 4544 642 4600; x_wconf 85' lang='lat' dir='ltr'><strong>magnum</strong></span> <span class='ocrx_word' id='word_1_351' title='bbox 671 4542 726 4588; x_wconf 91' lang='lat' dir='ltr'><strong>ct</strong></span> <span class='ocrx_word' id='word_1_352' title='bbox 756 4534 1078 4593; x_wconf 88' lang='lat' dir='ltr'><strong>mirabilem.</strong></span> <span class='ocrx_word' id='word_1_353' title='bbox 1107 4538 1300 4595; x_wconf 87' lang='lat' dir='ltr'><strong>Postea</strong></span> <span class='ocrx_word' id='word_1_354' title='bbox 1327 4558 1484 4612; x_wconf 89' lang='lat' dir='ltr'><strong>quam</strong></span> <span class='ocrx_word' id='word_1_355' title='bbox 1531 4544 1620 4599; x_wconf 87' lang='lat' dir='ltr'><strong>Dei</strong></span> <span class='ocrx_word' id='word_1_356' title='bbox 1651 4545 1816 4601; x_wconf 89' lang='lat' dir='ltr'><strong>bene-</strong></span> 
     </span>
    </p>
   </div>
   <div class='ocr_carea' id='block_1_48' title="bbox 255 4614 1816 4709">
    <p class='ocr_par' dir='ltr' id='par_1_48' title="bbox 255 4614 1816 4709">
     <span class='ocr_line' id='line_1_48' title="bbox 255 4614 1816 4709; baseline 0.014 -37"><span class='ocrx_word' id='word_1_357' title='bbox 255 4614 359 4672; x_wconf 66' lang='lat' dir='ltr'><strong>ﬁcia</strong></span> <span class='ocrx_word' id='word_1_358' title='bbox 381 4625 734 4680; x_wconf 88' lang='lat' dir='ltr'><strong>communiter</strong></span> <span class='ocrx_word' id='word_1_359' title='bbox 757 4627 911 4682; x_wconf 91' lang='lat' dir='ltr'><strong>nobis</strong></span> <span class='ocrx_word' id='word_1_360' title='bbox 936 4638 990 4683; x_wconf 88' lang='lat' dir='ltr'><strong>ct</strong></span> <span class='ocrx_word' id='word_1_361' title='bbox 1009 4629 1128 4685; x_wconf 88' lang='lat' dir='ltr'><strong>aliis</strong></span> <span class='ocrx_word' id='word_1_362' title='bbox 1147 4631 1267 4686; x_wconf 91' lang='lat' dir='ltr'><strong>data</strong></span> <span class='ocrx_word' id='word_1_363' title='bbox 1290 4637 1673 4704; x_wconf 89' lang='lat' dir='ltr'><strong>reputavimus,</strong></span> <span class='ocrx_word' id='word_1_364' title='bbox 1695 4654 1816 4709; x_wconf 73' lang='lat' dir='ltr'><strong>quae</strong></span> 
     </span>
    </p>
   </div>
   <div class='ocr_carea' id='block_1_49' title="bbox 255 4715 1816 4799">
    <p class='ocr_par' dir='ltr' id='par_1_49' title="bbox 255 4715 1816 4799">
     <span class='ocr_line' id='line_1_49' title="bbox 255 4715 1816 4799; baseline 0.017 -39"><span class='ocrx_word' id='word_1_365' title='bbox 255 4715 322 4762; x_wconf 88' lang='lat' dir='ltr'><strong>tot</strong></span> <span class='ocrx_word' id='word_1_366' title='bbox 346 4719 588 4784; x_wconf 85' lang='lat' dir='ltr'><strong>tantaque</strong></span> <span class='ocrx_word' id='word_1_367' title='bbox 615 4726 739 4770; x_wconf 88' lang='lat' dir='ltr'><strong>sunt</strong></span> <span class='ocrx_word' id='word_1_368' title='bbox 768 4727 824 4772; x_wconf 92' lang='lat' dir='ltr'><strong>ut</strong></span> <span class='ocrx_word' id='word_1_369' title='bbox 863 4723 1167 4776; x_wconf 86' lang='lat' dir='ltr'><strong>enumerari</strong></span> <span class='ocrx_word' id='word_1_370' title='bbox 1209 4739 1314 4778; x_wconf 93' lang='lat' dir='ltr'><strong>non</strong></span> <span class='ocrx_word' id='word_1_371' title='bbox 1353 4727 1594 4794; x_wconf 90' lang='lat' dir='ltr'><strong>possint,</strong></span> <span class='ocrx_word' id='word_1_372' title='bbox 1637 4738 1690 4784; x_wconf 93' lang='lat' dir='ltr'><strong>et</strong></span> <span class='ocrx_word' id='word_1_373' title='bbox 1721 4745 1816 4799; x_wconf 91' lang='lat' dir='ltr'><strong>pro</strong></span> 
     </span>
    </p>
   </div>
   <div class='ocr_carea' id='block_1_50' title="bbox 250 4802 1813 4886">
    <p class='ocr_par' dir='ltr' id='par_1_50' title="bbox 250 4802 1813 4886">
     <span class='ocr_line' id='line_1_50' title="bbox 250 4802 1813 4886; baseline 0.012 -30"><span class='ocrx_word' id='word_1_374' title='bbox 250 4802 307 4857; x_wconf 82' lang='lat' dir='ltr'><strong>iis</strong></span> <span class='ocrx_word' id='word_1_375' title='bbox 323 4807 562 4863; x_wconf 88' lang='lat' dir='ltr'><strong>omnibus</strong></span> <span class='ocrx_word' id='word_1_376' title='bbox 587 4810 788 4879; x_wconf 80' lang='lat' dir='ltr'><strong>gratias</strong></span> <span class='ocrx_word' id='word_1_377' title='bbox 810 4811 906 4880; x_wconf 91' lang='lat' dir='ltr'><strong>ipsi</strong></span> <span class='ocrx_word' id='word_1_378' title='bbox 927 4813 1132 4882; x_wconf 84' lang='lat' dir='ltr'><strong>egimus</strong></span> <span class='ocrx_word' id='word_1_379' title='bbox 1159 4830 1311 4882; x_wconf 72' lang='lat' dir='ltr'><strong>:qute</strong></span> <span class='ocrx_word' id='word_1_380' title='bbox 1336 4818 1557 4886; x_wconf 82' lang='lat' dir='ltr'><strong>singulis</strong></span> <span class='ocrx_word' id='word_1_381' title='bbox 1575 4831 1813 4876; x_wconf 87' lang='lat' dir='ltr'><strong>nostrum</strong></span> 
     </span>
    </p>
   </div>
   <div class='ocr_carea' id='block_1_51' title="bbox 245 4898 1818 4974">
    <p class='ocr_par' dir='ltr' id='par_1_51' title="bbox 245 4898 1818 4974">
     <span class='ocr_line' id='line_1_51' title="bbox 245 4898 1818 4974; baseline 0.015 -27"><span class='ocrx_word' id='word_1_382' title='bbox 245 4898 455 4951; x_wconf 81' lang='lat' dir='ltr'><strong>contulit</strong></span> <span class='ocrx_word' id='word_1_383' title='bbox 478 4900 773 4970; x_wconf 82' lang='lat' dir='ltr'><strong>cogitemus</strong></span> <span class='ocrx_word' id='word_1_384' title='bbox 794 4917 1001 4968; x_wconf 89' lang='lat' dir='ltr'><strong>omnes,</strong></span> <span class='ocrx_word' id='word_1_385' title='bbox 1031 4914 1086 4958; x_wconf 88' lang='lat' dir='ltr'><strong>et</strong></span> <span class='ocrx_word' id='word_1_386' title='bbox 1118 4905 1354 4974; x_wconf 88' lang='lat' dir='ltr'><strong>quotidie</strong></span> <span class='ocrx_word' id='word_1_387' title='bbox 1390 4910 1442 4963; x_wconf 92' lang='lat' dir='ltr'><strong>in</strong></span> <span class='ocrx_word' id='word_1_388' title='bbox 1475 4921 1705 4967; x_wconf 89' lang='lat' dir='ltr'><strong>mentem</strong></span> <span class='ocrx_word' id='word_1_389' title='bbox 1735 4929 1818 4970; x_wconf 84' lang='lat' dir='ltr'><strong>re-</strong></span> 
     </span>
    </p>
   </div>
   <div class='ocr_carea' id='block_1_52' title="bbox 244 4993 1811 5074">
    <p class='ocr_par' dir='ltr' id='par_1_52' title="bbox 244 4993 1811 5074">
     <span class='ocr_line' id='line_1_52' title="bbox 244 4993 1811 5074; baseline 0.013 -33"><span class='ocrx_word' id='word_1_390' title='bbox 244 5000 498 5046; x_wconf 78' lang='lat' dir='ltr'><strong>vocemus.</strong></span> <span class='ocrx_word' id='word_1_391' title='bbox 527 4993 789 5058; x_wconf 86' lang='lat' dir='ltr'><strong>Quoniam</strong></span> <span class='ocrx_word' id='word_1_392' title='bbox 821 4995 980 5066; x_wconf 84' lang='lat' dir='ltr'><strong>igitur</strong></span> <span class='ocrx_word' id='word_1_393' title='bbox 1023 4996 1139 5052; x_wconf 75' lang='grc'><strong>11100</strong></span> <span class='ocrx_word' id='word_1_394' title='bbox 1167 5013 1412 5070; x_wconf 85' lang='lat' dir='ltr'><strong>magnam</strong></span> <span class='ocrx_word' id='word_1_395' title='bbox 1447 5003 1550 5058; x_wconf 92' lang='lat' dir='ltr'><strong>vim</strong></span> <span class='ocrx_word' id='word_1_396' title='bbox 1584 5005 1811 5074; x_wconf 82' lang='lat' dir='ltr'><strong>habent,</strong></span> 
     </span>
    </p>
   </div>
   <div class='ocr_carea' id='block_1_53' title="bbox 239 5081 1813 5157">
    <p class='ocr_par' dir='ltr' id='par_1_53' title="bbox 239 5081 1813 5157">
     <span class='ocr_line' id='line_1_53' title="bbox 239 5081 1813 5157; baseline 0.015 -27"><span class='ocrx_word' id='word_1_397' title='bbox 239 5081 595 5152; x_wconf 72' lang='lat' dir='ltr'><strong>anns-quisque</strong></span> <span class='ocrx_word' id='word_1_398' title='bbox 622 5094 863 5138; x_wconf 88' lang='lat' dir='ltr'><strong>nostrum</strong></span> <span class='ocrx_word' id='word_1_399' title='bbox 885 5100 1070 5140; x_wconf 82' lang='lat' dir='ltr'><strong>secum</strong></span> <span class='ocrx_word' id='word_1_400' title='bbox 1101 5096 1333 5157; x_wconf 87' lang='lat' dir='ltr'><strong>reputet,</strong></span> <span class='ocrx_word' id='word_1_401' title='bbox 1365 5100 1418 5146; x_wconf 91' lang='lat' dir='ltr'><strong>et</strong></span> <span class='ocrx_word' id='word_1_402' title='bbox 1441 5104 1688 5151; x_wconf 89' lang='lat' dir='ltr'><strong>accurate</strong></span> <span class='ocrx_word' id='word_1_403' title='bbox 1717 5113 1813 5152; x_wconf 81' lang='lat' dir='ltr'><strong>ex-</strong></span> 
     </span>
    </p>
   </div>
   <div class='ocr_carea' id='block_1_54' title="bbox 232 5169 1814 5253">
    <p class='ocr_par' dir='ltr' id='par_1_54' title="bbox 232 5169 1814 5253">
     <span class='ocr_line' id='line_1_54' title="bbox 232 5169 1814 5253; baseline 0.013 -31"><span class='ocrx_word' id='word_1_404' title='bbox 232 5169 425 5237; x_wconf 83' lang='lat' dir='ltr'><strong>ploret,</strong></span> <span class='ocrx_word' id='word_1_405' title='bbox 459 5188 584 5228; x_wconf 88' lang='grc'><strong>1111111</strong></span> <span class='ocrx_word' id='word_1_406' title='bbox 613 5174 902 5244; x_wconf 82' lang='lat' dir='ltr'><strong>aliquando</strong></span> <span class='ocrx_word' id='word_1_407' title='bbox 933 5177 985 5230; x_wconf 94' lang='lat' dir='ltr'><strong>in</strong></span> <span class='ocrx_word' id='word_1_408' title='bbox 1017 5178 1312 5246; x_wconf 88' lang='lat' dir='ltr'><strong>periculum</strong></span> <span class='ocrx_word' id='word_1_409' title='bbox 1340 5181 1540 5253; x_wconf 89' lang='lat' dir='ltr'><strong>lapsus,</strong></span> <span class='ocrx_word' id='word_1_410' title='bbox 1571 5184 1814 5242; x_wconf 91' lang='lat' dir='ltr'><strong>inimico-</strong></span> 
     </span>
    </p>
   </div>
   <div class='ocr_carea' id='block_1_55' title="bbox 228 5265 1812 5339">
    <p class='ocr_par' dir='ltr' id='par_1_55' title="bbox 228 5265 1812 5339">
     <span class='ocr_line' id='line_1_55' title="bbox 228 5265 1812 5339; baseline 0.01 -23"><span class='ocrx_word' id='word_1_411' title='bbox 228 5278 345 5318; x_wconf 82' lang='lat' dir='ltr'><strong>nun</strong></span> <span class='ocrx_word' id='word_1_412' title='bbox 375 5279 565 5320; x_wconf 87' lang='lat' dir='ltr'><strong>manus</strong></span> <span class='ocrx_word' id='word_1_413' title='bbox 590 5265 874 5336; x_wconf 73' lang='lat' dir='ltr'><strong>effugerit,</strong></span> <span class='ocrx_word' id='word_1_414' title='bbox 906 5277 960 5323; x_wconf 91' lang='lat' dir='ltr'><strong>et</strong></span> <span class='ocrx_word' id='word_1_415' title='bbox 987 5270 1137 5339; x_wconf 88' lang='lat' dir='ltr'><strong>quasi</strong></span> <span class='ocrx_word' id='word_1_416' title='bbox 1167 5270 1221 5324; x_wconf 92' lang='lat' dir='ltr'><strong>in</strong></span> <span class='ocrx_word' id='word_1_417' title='bbox 1251 5271 1386 5328; x_wconf 90' lang='grc'><strong>111110</strong></span> <span class='ocrx_word' id='word_1_418' title='bbox 1419 5274 1512 5329; x_wconf 89' lang='lat' dir='ltr'><strong>Dei</strong></span> <span class='ocrx_word' id='word_1_419' title='bbox 1557 5275 1812 5332; x_wconf 89' lang='lat' dir='ltr'><strong>beneﬁcia</strong></span> 
     </span>
    </p>
   </div>
   <div class='ocr_carea' id='block_1_56' title="bbox 223 5353 1814 5434">
    <p class='ocr_par' dir='ltr' id='par_1_56' title="bbox 223 5353 1814 5434">
     <span class='ocr_line' id='line_1_56' title="bbox 223 5353 1814 5434; baseline 0.011 -28"><span class='ocrx_word' id='word_1_420' title='bbox 223 5353 493 5424; x_wconf 80' lang='lat' dir='ltr'><strong>descripta</strong></span> <span class='ocrx_word' id='word_1_421' title='bbox 517 5356 713 5412; x_wconf 84' lang='lat' dir='ltr'><strong>habeat</strong></span> <span class='ocrx_word' id='word_1_422' title='bbox 737 5376 748 5410; x_wconf 90' lang='lat'><strong>:</strong></span> <span class='ocrx_word' id='word_1_423' title='bbox 778 5359 1010 5429; x_wconf 75' lang='lat' dir='ltr'><strong>exempli</strong></span> <span class='ocrx_word' id='word_1_424' title='bbox 1031 5374 1212 5422; x_wconf 87' lang='lat' dir='ltr'><strong>causa,</strong></span> <span class='ocrx_word' id='word_1_425' title='bbox 1238 5377 1364 5416; x_wconf 92' lang='lat' dir='ltr'><strong>num</strong></span> <span class='ocrx_word' id='word_1_426' title='bbox 1386 5364 1670 5434; x_wconf 89' lang='lat' dir='ltr'><strong>aliquando</strong></span> <span class='ocrx_word' id='word_1_427' title='bbox 1691 5377 1814 5423; x_wconf 86' lang='lat' dir='ltr'><strong>ante</strong></span> 
     </span>
    </p>
   </div>
   <div class='ocr_carea' id='block_1_57' title="bbox 220 5445 1812 5524">
    <p class='ocr_par' dir='ltr' id='par_1_57' title="bbox 220 5445 1812 5524">
     <span class='ocr_line' id='line_1_57' title="bbox 220 5445 1812 5524; baseline 0.009 -27"><span class='ocrx_word' id='word_1_428' title='bbox 220 5445 396 5499; x_wconf 76' lang='grc'><strong>1000111</strong></span> <span class='ocrx_word' id='word_1_429' title='bbox 446 5446 588 5500; x_wconf 85' lang='lat' dir='ltr'><strong>viam</strong></span> <span class='ocrx_word' id='word_1_430' title='bbox 654 5460 976 5518; x_wconf 84' lang='lat' dir='ltr'><strong>capessens,</strong></span> <span class='ocrx_word' id='word_1_431' title='bbox 1022 5451 1316 5520; x_wconf 89' lang='lat' dir='ltr'><strong>periculum</strong></span> <span class='ocrx_word' id='word_1_432' title='bbox 1359 5453 1640 5524; x_wconf 84' lang='lat' dir='ltr'><strong>ell‘ugerit;</strong></span> <span class='ocrx_word' id='word_1_433' title='bbox 1688 5473 1812 5511; x_wconf 90' lang='lat' dir='ltr'><strong>num</strong></span> 
     </span>
    </p>
   </div>
   <div class='ocr_carea' id='block_1_58' title="bbox 221 5537 1809 5616">
    <p class='ocr_par' dir='ltr' id='par_1_58' title="bbox 221 5537 1809 5616">
     <span class='ocr_line' id='line_1_58' title="bbox 221 5537 1809 5616; baseline 0.008 -26"><span class='ocrx_word' id='word_1_434' title='bbox 221 5552 346 5591; x_wconf 80' lang='lat' dir='ltr'><strong>tum</strong></span> <span class='ocrx_word' id='word_1_435' title='bbox 373 5537 572 5607; x_wconf 81' lang='lat' dir='ltr'><strong>iniquis</strong></span> <span class='ocrx_word' id='word_1_436' title='bbox 591 5552 913 5608; x_wconf 83' lang='lat' dir='ltr'><strong>congressus</strong></span> <span class='ocrx_word' id='word_1_437' title='bbox 932 5541 1256 5612; x_wconf 85' lang='lat' dir='ltr'><strong>hominibus,</strong></span> <span class='ocrx_word' id='word_1_438' title='bbox 1275 5543 1520 5616; x_wconf 85' lang='lat' dir='ltr'><strong>superior</strong></span> <span class='ocrx_word' id='word_1_439' title='bbox 1543 5548 1773 5603; x_wconf 86' lang='lat' dir='ltr'><strong>evaserit</strong></span> <span class='ocrx_word' id='word_1_440' title='bbox 1795 5565 1809 5614; x_wconf 92' lang='lat'><strong>;</strong></span> 
     </span>
    </p>
   </div>
   <div class='ocr_carea' id='block_1_59' title="bbox 283 5714 1166 5778">
    <p class='ocr_par' dir='ltr' id='par_1_59' title="bbox 283 5714 1166 5778">
     <span class='ocr_line' id='line_1_59' title="bbox 283 5714 1166 5778; baseline 0.014 -19"><span class='ocrx_word' id='word_1_441' title='bbox 283 5715 302 5744; x_wconf 71' lang='grc'>⁸</span> <span class='ocrx_word' id='word_1_442' title='bbox 339 5720 470 5764; x_wconf 83' lang='lat' dir='ltr'><strong>tuus</strong></span> <span class='ocrx_word' id='word_1_443' title='bbox 491 5714 660 5773; x_wconf 81' lang='lat' dir='ltr'><strong>habet,</strong></span> <span class='ocrx_word' id='word_1_444' title='bbox 691 5723 804 5777; x_wconf 81' lang='lat' dir='ltr'><strong>Deo,</strong></span> <span class='ocrx_word' id='word_1_445' title='bbox 834 5728 941 5778; x_wconf 85' lang='lat' dir='ltr'><strong>pro,</strong></span> <span class='ocrx_word' id='word_1_446' title='bbox 965 5715 1166 5771; x_wconf 74' lang='lat' dir='ltr'><strong>Christ-0.</strong></span> 
     </span>
    </p>
   </div>
   <div class='ocr_carea' id='block_1_60' title="bbox 1181 314 2630 384">
    <p class='ocr_par' dir='ltr' id='par_1_60' title="bbox 1181 314 2630 384">
     <span class='ocr_line' id='line_1_60' title="bbox 1181 314 2630 384; baseline 0.01 -14"><span class='ocrx_word' id='word_1_447' title='bbox 1181 314 1248 372; x_wconf 85' lang='lat' dir='ltr'>IN</span> <span class='ocrx_word' id='word_1_448' title='bbox 1286 316 1466 372; x_wconf 78' lang='lat' dir='ltr'><strong>ACTA</strong></span> <span class='ocrx_word' id='word_1_449' title='bbox 1510 318 2033 382; x_wconf 73' lang='lat' dir='ltr'><strong>APOSTOLURU“.</strong></span> <span class='ocrx_word' id='word_1_450' title='bbox 2071 325 2300 381; x_wconf 87' lang='lat' dir='ltr'><strong>IIO.\llL.</strong></span> <span class='ocrx_word' id='word_1_451' title='bbox 2344 325 2630 384; x_wconf 71' lang='lat' dir='ltr'><strong>XXXVIII.</strong></span> 
     </span>
    </p>
   </div>
   <div class='ocr_carea' id='block_1_61' title="bbox 3450 350 3558 406">
    <p class='ocr_par' dir='ltr' id='par_1_61' title="bbox 3450 350 3558 406">
     <span class='ocr_line' id='line_1_61' title="bbox 3450 350 3558 406; baseline 0.028 -3"><span class='ocrx_word' id='word_1_452' title='bbox 3450 350 3558 406; x_wconf 67' lang='grc'><strong>274</strong></span> 
     </span>
    </p>
   </div>
   <div class='ocr_carea' id='block_1_62' title="bbox 1972 437 3556 525">
    <p class='ocr_par' dir='ltr' id='par_1_62' title="bbox 1972 437 3556 525">
     <span class='ocr_line' id='line_1_62' title="bbox 1972 437 3556 525; baseline 0.017 -37"><span class='ocrx_word' id='word_1_453' title='bbox 1972 441 2096 490; x_wconf 78' lang='grc'><strong>11⁷11111</strong></span> <span class='ocrx_word' id='word_1_454' title='bbox 2130 437 2180 490; x_wconf 90' lang='grc'><strong>111</strong></span> <span class='ocrx_word' id='word_1_455' title='bbox 2213 438 2457 493; x_wconf 85' lang='lat' dir='ltr'><strong>morbum</strong></span> <span class='ocrx_word' id='word_1_456' title='bbox 2483 439 2681 510; x_wconf 87' lang='lat' dir='ltr'><strong>lapsus,</strong></span> <span class='ocrx_word' id='word_1_457' title='bbox 2705 445 3111 516; x_wconf 86' lang='lat' dir='ltr'><strong>desperantibus</strong></span> <span class='ocrx_word' id='word_1_458' title='bbox 3131 456 3400 525; x_wconf 88' lang='lat' dir='ltr'><strong>omnibus,</strong></span> <span class='ocrx_word' id='word_1_459' title='bbox 3421 475 3556 515; x_wconf 89' lang='lat' dir='ltr'><strong>cou-</strong></span> 
     </span>
    </p>
   </div>
   <div class='ocr_carea' id='block_1_63' title="bbox 1965 527 3552 606">
    <p class='ocr_par' dir='ltr' id='par_1_63' title="bbox 1965 527 3552 606">
     <span class='ocr_line' id='line_1_63' title="bbox 1965 527 3552 606; baseline 0.018 -28"><span class='ocrx_word' id='word_1_460' title='bbox 1965 527 2232 594; x_wconf 88' lang='lat' dir='ltr'><strong>valnerit;</strong></span> <span class='ocrx_word' id='word_1_461' title='bbox 2277 530 2502 583; x_wconf 90' lang='lat' dir='ltr'><strong>multum</strong></span> <span class='ocrx_word' id='word_1_462' title='bbox 2548 534 2690 587; x_wconf 91' lang='lat' dir='ltr'><strong>enim</strong></span> <span class='ocrx_word' id='word_1_463' title='bbox 2737 535 2838 592; x_wconf 91' lang='lat' dir='ltr'><strong>hoc</strong></span> <span class='ocrx_word' id='word_1_464' title='bbox 2876 540 3018 595; x_wconf 89' lang='lat' dir='ltr'><strong>valet</strong></span> <span class='ocrx_word' id='word_1_465' title='bbox 3064 543 3130 596; x_wconf 90' lang='lat' dir='ltr'><strong>ad</strong></span> <span class='ocrx_word' id='word_1_466' title='bbox 3183 545 3347 600; x_wconf 91' lang='lat' dir='ltr'><strong>Deum</strong></span> <span class='ocrx_word' id='word_1_467' title='bbox 3397 551 3552 606; x_wconf 81' lang='lat' dir='ltr'><strong>nobis</strong></span> 
     </span>
    </p>
   </div>
   <div class='ocr_carea' id='block_1_64' title="bbox 1975 617 3552 703">
    <p class='ocr_par' dir='ltr' id='par_1_64' title="bbox 1975 617 3552 703">
     <span class='ocr_line' id='line_1_64' title="bbox 1975 617 3552 703; baseline 0.015 -31"><span class='ocrx_word' id='word_1_468' title='bbox 1975 617 2264 688; x_wconf 89' lang='lat' dir='ltr'><strong>propitium</strong></span> <span class='ocrx_word' id='word_1_469' title='bbox 2294 620 2650 679; x_wconf 87' lang='lat' dir='ltr'><strong>reddendum.</strong></span> <span class='ocrx_word' id='word_1_470' title='bbox 2679 624 2808 679; x_wconf 83' lang='lat' dir='ltr'><strong>Nam</strong></span> <span class='ocrx_word' id='word_1_471' title='bbox 2839 629 2883 683; x_wconf 91' lang='lat' dir='ltr'><strong>si</strong></span> <span class='ocrx_word' id='word_1_472' title='bbox 2911 629 3275 689; x_wconf 81' lang='lat' dir='ltr'><strong>Mardochaeus</strong></span> <span class='ocrx_word' id='word_1_473' title='bbox 3306 637 3394 691; x_wconf 90' lang='lat' dir='ltr'><strong>ille</strong></span> <span class='ocrx_word' id='word_1_474' title='bbox 3416 679 3431 703; x_wconf 91' lang='lat'><strong>,</strong></span> <span class='ocrx_word' id='word_1_475' title='bbox 3461 640 3552 696; x_wconf 67' lang='lat' dir='ltr'><strong>ulti</strong></span> 
     </span>
    </p>
   </div>
   <div class='ocr_carea' id='block_1_65' title="bbox 1962 709 3548 796">
    <p class='ocr_par' dir='ltr' id='par_1_65' title="bbox 1962 709 3548 796">
     <span class='ocr_line' id='line_1_65' title="bbox 1962 709 3548 796; baseline 0.015 -34"><span class='ocrx_word' id='word_1_476' title='bbox 1962 724 2053 763; x_wconf 78' lang='lat' dir='ltr'><strong>rex</strong></span> <span class='ocrx_word' id='word_1_477' title='bbox 2085 709 2135 762; x_wconf 94' lang='lat' dir='ltr'><strong>in</strong></span> <span class='ocrx_word' id='word_1_478' title='bbox 2169 717 2404 766; x_wconf 86' lang='lat' dir='ltr'><strong>mentem</strong></span> <span class='ocrx_word' id='word_1_479' title='bbox 2444 717 2715 769; x_wconf 85' lang='lat' dir='ltr'><strong>revocavit</strong></span> <span class='ocrx_word' id='word_1_480' title='bbox 2755 719 3008 775; x_wconf 87' lang='lat' dir='ltr'><strong>benelieia</strong></span> <span class='ocrx_word' id='word_1_481' title='bbox 3061 723 3146 778; x_wconf 90' lang='lat' dir='ltr'><strong>illa</strong></span> <span class='ocrx_word' id='word_1_482' title='bbox 3177 729 3244 781; x_wconf 91' lang='lat' dir='ltr'><strong>ab</strong></span> <span class='ocrx_word' id='word_1_483' title='bbox 3283 729 3397 796; x_wconf 92' lang='lat' dir='ltr'><strong>ipso</strong></span> <span class='ocrx_word' id='word_1_484' title='bbox 3445 733 3548 787; x_wconf 86' lang='lat' dir='ltr'><strong>sibi</strong></span> 
     </span>
    </p>
   </div>
   <div class='ocr_carea' id='block_1_66' title="bbox 1960 799 3546 889">
    <p class='ocr_par' dir='ltr' id='par_1_66' title="bbox 1960 799 3546 889">
     <span class='ocr_line' id='line_1_66' title="bbox 1960 799 3546 889; baseline 0.016 -39"><span class='ocrx_word' id='word_1_485' title='bbox 1960 799 2228 866; x_wconf 62' lang='lat' dir='ltr'><strong>prarstita,</strong></span> <span class='ocrx_word' id='word_1_486' title='bbox 2264 800 2332 855; x_wconf 91' lang='lat' dir='ltr'><strong>ita</strong></span> <span class='ocrx_word' id='word_1_487' title='bbox 2378 814 2631 873; x_wconf 89' lang='lat' dir='ltr'><strong>acceptus</strong></span> <span class='ocrx_word' id='word_1_488' title='bbox 2669 807 2744 860; x_wconf 87' lang='lat' dir='ltr'><strong>illi</strong></span> <span class='ocrx_word' id='word_1_489' title='bbox 2785 807 2918 876; x_wconf 82' lang='lat' dir='ltr'><strong>fuit,</strong></span> <span class='ocrx_word' id='word_1_490' title='bbox 2965 821 3023 864; x_wconf 90' lang='lat' dir='ltr'><strong>ut</strong></span> <span class='ocrx_word' id='word_1_491' title='bbox 3049 814 3114 867; x_wconf 86' lang='lat' dir='ltr'><strong>ad</strong></span> <span class='ocrx_word' id='word_1_492' title='bbox 3164 815 3307 871; x_wconf 85' lang='lat' dir='ltr'><strong>illum</strong></span> <span class='ocrx_word' id='word_1_493' title='bbox 3361 820 3546 889; x_wconf 78' lang='lat' dir='ltr'><strong>gloria:</strong></span> 
     </span>
    </p>
   </div>
   <div class='ocr_carea' id='block_1_67' title="bbox 1957 888 3547 969">
    <p class='ocr_par' dir='ltr' id='par_1_67' title="bbox 1957 888 3547 969">
     <span class='ocr_line' id='line_1_67' title="bbox 1957 888 3547 969; baseline 0.018 -30"><span class='ocrx_word' id='word_1_494' title='bbox 1957 888 2297 956; x_wconf 86' lang='lat' dir='ltr'><strong>splendorem</strong></span> <span class='ocrx_word' id='word_1_495' title='bbox 2332 893 2576 961; x_wconf 88' lang='lat' dir='ltr'><strong>veniret;</strong></span> <span class='ocrx_word' id='word_1_496' title='bbox 2624 898 2791 952; x_wconf 90' lang='lat' dir='ltr'><strong>multo</strong></span> <span class='ocrx_word' id='word_1_497' title='bbox 2819 901 2985 969; x_wconf 82' lang='lat' dir='ltr'><strong>magis</strong></span> <span class='ocrx_word' id='word_1_498' title='bbox 3036 918 3169 969; x_wconf 91' lang='lat' dir='ltr'><strong>nos,</strong></span> <span class='ocrx_word' id='word_1_499' title='bbox 3206 907 3250 961; x_wconf 89' lang='lat' dir='ltr'><strong>si</strong></span> <span class='ocrx_word' id='word_1_500' title='bbox 3276 888 3547 967; x_wconf 83' lang='lat' dir='ltr'><strong>memores</strong></span> 
     </span>
    </p>
   </div>
   <div class='ocr_carea' id='block_1_68' title="bbox 1958 977 3542 1068">
    <p class='ocr_par' dir='ltr' id='par_1_68' title="bbox 1958 977 3542 1068">
     <span class='ocr_line' id='line_1_68' title="bbox 1958 977 3542 1068; baseline 0.015 -38"><span class='ocrx_word' id='word_1_501' title='bbox 1958 977 2216 1035; x_wconf 89' lang='lat' dir='ltr'><strong>fuerimus</strong></span> <span class='ocrx_word' id='word_1_502' title='bbox 2241 1021 2255 1046; x_wconf 91' lang='lat'><strong>,</strong></span> <span class='ocrx_word' id='word_1_503' title='bbox 2304 992 2360 1036; x_wconf 91' lang='lat' dir='ltr'><strong>et</strong></span> <span class='ocrx_word' id='word_1_504' title='bbox 2384 984 2429 1037; x_wconf 92' lang='lat' dir='ltr'><strong>si</strong></span> <span class='ocrx_word' id='word_1_505' title='bbox 2453 984 2561 1040; x_wconf 91' lang='lat' dir='ltr'><strong>duo</strong></span> <span class='ocrx_word' id='word_1_506' title='bbox 2590 986 2678 1041; x_wconf 91' lang='lat' dir='ltr'><strong>illa</strong></span> <span class='ocrx_word' id='word_1_507' title='bbox 2709 988 2993 1058; x_wconf 87' lang='lat' dir='ltr'><strong>diligenter</strong></span> <span class='ocrx_word' id='word_1_508' title='bbox 3018 994 3380 1064; x_wconf 81' lang='lat' dir='ltr'><strong>exploremus,</strong></span> <span class='ocrx_word' id='word_1_509' title='bbox 3417 1001 3542 1068; x_wconf 89' lang='lat' dir='ltr'><strong>quid</strong></span> 
     </span>
    </p>
   </div>
   <div class='ocr_carea' id='block_1_69' title="bbox 1955 1069 3542 1153">
    <p class='ocr_par' dir='ltr' id='par_1_69' title="bbox 1955 1069 3542 1153">
     <span class='ocr_line' id='line_1_69' title="bbox 1955 1069 3542 1153; baseline 0.014 -32"><span class='ocrx_word' id='word_1_510' title='bbox 1955 1069 2053 1124; x_wconf 87' lang='lat' dir='ltr'><strong>nos</strong></span> <span class='ocrx_word' id='word_1_511' title='bbox 2074 1074 2472 1140; x_wconf 88' lang='lat' dir='ltr'><strong>peccaverimus</strong></span> <span class='ocrx_word' id='word_1_512' title='bbox 2502 1076 2553 1130; x_wconf 92' lang='lat' dir='ltr'><strong>in</strong></span> <span class='ocrx_word' id='word_1_513' title='bbox 2585 1078 2772 1147; x_wconf 89' lang='lat' dir='ltr'><strong>Deum,</strong></span> <span class='ocrx_word' id='word_1_514' title='bbox 2801 1093 2992 1153; x_wconf 82' lang='lat' dir='ltr'><strong>etquae</strong></span> <span class='ocrx_word' id='word_1_515' title='bbox 3024 1087 3178 1140; x_wconf 89' lang='lat' dir='ltr'><strong>nobis</strong></span> <span class='ocrx_word' id='word_1_516' title='bbox 3222 1088 3311 1143; x_wconf 88' lang='lat' dir='ltr'><strong>ille</strong></span> <span class='ocrx_word' id='word_1_517' title='bbox 3339 1090 3542 1145; x_wconf 83' lang='lat' dir='ltr'><strong>beneﬁ-</strong></span> 
     </span>
    </p>
   </div>
   <div class='ocr_carea' id='block_1_70' title="bbox 1952 1159 3534 1242">
    <p class='ocr_par' dir='ltr' id='par_1_70' title="bbox 1952 1159 3534 1242">
     <span class='ocr_line' id='line_1_70' title="bbox 1952 1159 3534 1242; baseline 0.013 -28"><span class='ocrx_word' id='word_1_518' title='bbox 1952 1159 2033 1214; x_wconf 90' lang='lat' dir='ltr'><strong>cia</strong></span> <span class='ocrx_word' id='word_1_519' title='bbox 2062 1163 2345 1219; x_wconf 89' lang='lat' dir='ltr'><strong>contulerit</strong></span> <span class='ocrx_word' id='word_1_520' title='bbox 2373 1181 2386 1219; x_wconf 90' lang='lat'><strong>:</strong></span> <span class='ocrx_word' id='word_1_521' title='bbox 2417 1167 2494 1222; x_wconf 90' lang='lat' dir='ltr'><strong>sic</strong></span> <span class='ocrx_word' id='word_1_522' title='bbox 2515 1178 2567 1222; x_wconf 92' lang='lat' dir='ltr'><strong>et</strong></span> <span class='ocrx_word' id='word_1_523' title='bbox 2597 1185 2694 1224; x_wconf 90' lang='lat' dir='ltr'><strong>nos</strong></span> <span class='ocrx_word' id='word_1_524' title='bbox 2733 1175 2869 1241; x_wconf 86' lang='lat' dir='ltr'><strong>grati</strong></span> <span class='ocrx_word' id='word_1_525' title='bbox 2899 1178 3122 1242; x_wconf 90' lang='lat' dir='ltr'><strong>erimus,</strong></span> <span class='ocrx_word' id='word_1_526' title='bbox 3156 1189 3208 1232; x_wconf 91' lang='lat' dir='ltr'><strong>et</strong></span> <span class='ocrx_word' id='word_1_527' title='bbox 3248 1182 3427 1234; x_wconf 89' lang='lat' dir='ltr'><strong>omnia</strong></span> <span class='ocrx_word' id='word_1_528' title='bbox 3459 1182 3534 1236; x_wconf 57' lang='lat' dir='ltr'><strong>cf.</strong></span> 
     </span>
    </p>
   </div>
   <div class='ocr_carea' id='block_1_71' title="bbox 1953 1251 3542 1336">
    <p class='ocr_par' dir='ltr' id='par_1_71' title="bbox 1953 1251 3542 1336">
     <span class='ocr_line' id='line_1_71' title="bbox 1953 1251 3542 1336; baseline 0.014 -33"><span class='ocrx_word' id='word_1_529' title='bbox 1953 1251 2254 1307; x_wconf 84' lang='lat' dir='ltr'><strong>fundemus.</strong></span> <span class='ocrx_word' id='word_1_530' title='bbox 2299 1254 2403 1310; x_wconf 87' lang='lat' dir='ltr'><strong>Sed</strong></span> <span class='ocrx_word' id='word_1_531' title='bbox 2449 1273 2607 1313; x_wconf 89' lang='lat' dir='ltr'><strong>nemo</strong></span> <span class='ocrx_word' id='word_1_532' title='bbox 2655 1265 2769 1316; x_wconf 83' lang='grc'><strong>11100</strong></span> <span class='ocrx_word' id='word_1_533' title='bbox 2815 1279 2996 1320; x_wconf 87' lang='lat' dir='ltr'><strong>secum</strong></span> <span class='ocrx_word' id='word_1_534' title='bbox 3053 1279 3300 1336; x_wconf 79' lang='lat' dir='ltr'><strong>reputat;</strong></span> <span class='ocrx_word' id='word_1_535' title='bbox 3357 1287 3542 1326; x_wconf 86' lang='lat' dir='ltr'><strong>verum</strong></span> 
     </span>
    </p>
   </div>
   <div class='ocr_carea' id='block_1_72' title="bbox 1949 1341 3540 1433">
    <p class='ocr_par' dir='ltr' id='par_1_72' title="bbox 1949 1341 3540 1433">
     <span class='ocr_line' id='line_1_72' title="bbox 1949 1341 3540 1433; baseline 0.017 -39"><span class='ocrx_word' id='word_1_536' title='bbox 1949 1341 2084 1397; x_wconf 82' lang='lat' dir='ltr'><strong>sicut</strong></span> <span class='ocrx_word' id='word_1_537' title='bbox 2128 1344 2196 1399; x_wconf 87' lang='lat' dir='ltr'><strong>de</strong></span> <span class='ocrx_word' id='word_1_538' title='bbox 2239 1350 2470 1415; x_wconf 86' lang='lat' dir='ltr'><strong>peccatis</strong></span> <span class='ocrx_word' id='word_1_539' title='bbox 2506 1351 2792 1421; x_wconf 88' lang='lat' dir='ltr'><strong>loquimur,</strong></span> <span class='ocrx_word' id='word_1_540' title='bbox 2836 1356 3076 1414; x_wconf 86' lang='lat' dir='ltr'><strong>dicentes</strong></span> <span class='ocrx_word' id='word_1_541' title='bbox 3113 1376 3210 1416; x_wconf 90' lang='lat' dir='ltr'><strong>nos</strong></span> <span class='ocrx_word' id='word_1_542' title='bbox 3258 1378 3540 1433; x_wconf 81' lang='lat' dir='ltr'><strong>peccasse,</strong></span> 
     </span>
    </p>
   </div>
   <div class='ocr_carea' id='block_1_73' title="bbox 1950 1431 3541 1519">
    <p class='ocr_par' dir='ltr' id='par_1_73' title="bbox 1950 1431 3541 1519">
     <span class='ocr_line' id='line_1_73' title="bbox 1950 1431 3541 1519; baseline 0.018 -37"><span class='ocrx_word' id='word_1_543' title='bbox 1950 1431 2090 1484; x_wconf 91' lang='lat' dir='ltr'><strong>nulla</strong></span> <span class='ocrx_word' id='word_1_544' title='bbox 2118 1433 2252 1486; x_wconf 86' lang='lat' dir='ltr'><strong>facta</strong></span> <span class='ocrx_word' id='word_1_545' title='bbox 2287 1437 2563 1519; x_wconf 87' lang='lat' dir='ltr'><strong>speciatim</strong></span> <span class='ocrx_word' id='word_1_546' title='bbox 2602 1454 2941 1508; x_wconf 88' lang='lat' dir='ltr'><strong>peccatorum</strong></span> <span class='ocrx_word' id='word_1_547' title='bbox 2973 1431 3332 1505; x_wconf 86' lang='lat' dir='ltr'><strong>recensione:</strong></span> <span class='ocrx_word' id='word_1_548' title='bbox 3372 1453 3451 1509; x_wconf 90' lang='lat' dir='ltr'><strong>sic</strong></span> <span class='ocrx_word' id='word_1_549' title='bbox 3486 1431 3541 1509; x_wconf 73' lang='lat' dir='ltr'><strong>et</strong></span> 
     </span>
    </p>
   </div>
   <div class='ocr_carea' id='block_1_74' title="bbox 1945 1520 3536 1600">
    <p class='ocr_par' dir='ltr' id='par_1_74' title="bbox 1945 1520 3536 1600">
     <span class='ocr_line' id='line_1_74' title="bbox 1945 1520 3536 1600; baseline 0.016 -26"><span class='ocrx_word' id='word_1_550' title='bbox 1945 1520 2012 1575; x_wconf 87' lang='lat' dir='ltr'><strong>de</strong></span> <span class='ocrx_word' id='word_1_551' title='bbox 2043 1523 2316 1581; x_wconf 90' lang='lat' dir='ltr'><strong>beneﬁciis</strong></span> <span class='ocrx_word' id='word_1_552' title='bbox 2347 1530 2438 1582; x_wconf 87' lang='lat' dir='ltr'><strong>Dei</strong></span> <span class='ocrx_word' id='word_1_553' title='bbox 2473 1531 2770 1600; x_wconf 87' lang='lat' dir='ltr'><strong>loquentes,</strong></span> <span class='ocrx_word' id='word_1_554' title='bbox 2796 1535 3026 1591; x_wconf 86' lang='lat' dir='ltr'><strong>dicimus</strong></span> <span class='ocrx_word' id='word_1_555' title='bbox 3053 1539 3219 1594; x_wconf 90' lang='lat' dir='ltr'><strong>Deum</strong></span> <span class='ocrx_word' id='word_1_556' title='bbox 3245 1555 3344 1597; x_wconf 91' lang='lat' dir='ltr'><strong>nos</strong></span> <span class='ocrx_word' id='word_1_557' title='bbox 3369 1543 3536 1599; x_wconf 46' lang='lat' dir='ltr'><strong>bene.</strong></span> 
     </span>
    </p>
   </div>
   <div class='ocr_carea' id='block_1_75' title="bbox 1948 1612 3534 1699">
    <p class='ocr_par' dir='ltr' id='par_1_75' title="bbox 1948 1612 3534 1699">
     <span class='ocr_line' id='line_1_75' title="bbox 1948 1612 3534 1699; baseline 0.016 -35"><span class='ocrx_word' id='word_1_558' title='bbox 1948 1612 2071 1667; x_wconf 87' lang='lat' dir='ltr'><strong>ﬁcio</strong></span> <span class='ocrx_word' id='word_1_559' title='bbox 2097 1615 2341 1674; x_wconf 80' lang='lat' dir='ltr'><strong>aﬁ‘ccisse</strong></span> <span class='ocrx_word' id='word_1_560' title='bbox 2366 1659 2381 1685; x_wconf 94' lang='lat'><strong>,</strong></span> <span class='ocrx_word' id='word_1_561' title='bbox 2426 1637 2525 1676; x_wconf 89' lang='lat' dir='ltr'><strong>nec</strong></span> <span class='ocrx_word' id='word_1_562' title='bbox 2555 1625 2832 1692; x_wconf 84' lang='lat' dir='ltr'><strong>speciatim</strong></span> <span class='ocrx_word' id='word_1_563' title='bbox 2867 1628 3122 1684; x_wconf 87' lang='lat' dir='ltr'><strong>beneﬁcia</strong></span> <span class='ocrx_word' id='word_1_564' title='bbox 3143 1633 3485 1699; x_wconf 81' lang='lat' dir='ltr'><strong>esploramns</strong></span> <span class='ocrx_word' id='word_1_565' title='bbox 3518 1654 3534 1692; x_wconf 85' lang='lat'><strong>:</strong></span> 
     </span>
    </p>
   </div>
   <div class='ocr_carea' id='block_1_76' title="bbox 1943 1708 3537 1791">
    <p class='ocr_par' dir='ltr' id='par_1_76' title="bbox 1943 1708 3537 1791">
     <span class='ocr_line' id='line_1_76' title="bbox 1943 1708 3537 1791; baseline 0.016 -34"><span class='ocrx_word' id='word_1_566' title='bbox 1943 1721 2048 1759; x_wconf 86' lang='lat' dir='ltr'><strong>non</strong></span> <span class='ocrx_word' id='word_1_567' title='bbox 2081 1708 2342 1777; x_wconf 90' lang='lat' dir='ltr'><strong>dicimus,</strong></span> <span class='ocrx_word' id='word_1_568' title='bbox 2373 1713 2484 1779; x_wconf 89' lang='lat' dir='ltr'><strong>ubi,</strong></span> <span class='ocrx_word' id='word_1_569' title='bbox 2518 1727 2742 1785; x_wconf 90' lang='lat' dir='ltr'><strong>quanta,</strong></span> <span class='ocrx_word' id='word_1_570' title='bbox 2776 1734 2882 1788; x_wconf 91' lang='lat' dir='ltr'><strong>quo</strong></span> <span class='ocrx_word' id='word_1_571' title='bbox 2910 1730 3169 1791; x_wconf 90' lang='lat' dir='ltr'><strong>tempore.</strong></span> <span class='ocrx_word' id='word_1_572' title='bbox 3199 1726 3306 1780; x_wconf 88' lang='lat' dir='ltr'><strong>Sed</strong></span> <span class='ocrx_word' id='word_1_573' title='bbox 3341 1727 3537 1784; x_wconf 72' lang='lat' dir='ltr'><strong>abhim</strong></span> 
     </span>
    </p>
   </div>
   <div class='ocr_carea' id='block_1_77' title="bbox 1942 1797 3530 1883">
    <p class='ocr_par' dir='ltr' id='par_1_77' title="bbox 1942 1797 3530 1883">
     <span class='ocr_line' id='line_1_77' title="bbox 1942 1797 3530 1883; baseline 0.015 -36"><span class='ocrx_word' id='word_1_574' title='bbox 1942 1797 2160 1851; x_wconf 89' lang='lat' dir='ltr'><strong>multam</strong></span> <span class='ocrx_word' id='word_1_575' title='bbox 2190 1800 2539 1859; x_wconf 88' lang='lat' dir='ltr'><strong>adhibeamus</strong></span> <span class='ocrx_word' id='word_1_576' title='bbox 2569 1806 2918 1876; x_wconf 88' lang='lat' dir='ltr'><strong>diligentiam.</strong></span> <span class='ocrx_word' id='word_1_577' title='bbox 2950 1811 3082 1865; x_wconf 88' lang='lat' dir='ltr'><strong>Nam</strong></span> <span class='ocrx_word' id='word_1_578' title='bbox 3118 1813 3163 1866; x_wconf 92' lang='lat' dir='ltr'><strong>si</strong></span> <span class='ocrx_word' id='word_1_579' title='bbox 3201 1814 3321 1883; x_wconf 84' lang='lat' dir='ltr'><strong>quis</strong></span> <span class='ocrx_word' id='word_1_580' title='bbox 3369 1818 3530 1871; x_wconf 89' lang='lat' dir='ltr'><strong>etiam</strong></span> 
     </span>
    </p>
   </div>
   <div class='ocr_carea' id='block_1_78' title="bbox 1941 1896 3528 1964">
    <p class='ocr_par' dir='ltr' id='par_1_78' title="bbox 1941 1896 3528 1964">
     <span class='ocr_line' id='line_1_78' title="bbox 1941 1896 3528 1964; baseline 0.014 -25"><span class='ocrx_word' id='word_1_581' title='bbox 1941 1896 2118 1942; x_wconf 87' lang='lat' dir='ltr'><strong>vetera</strong></span> <span class='ocrx_word' id='word_1_582' title='bbox 2151 1901 2396 1962; x_wconf 86' lang='lat' dir='ltr'><strong>repetere</strong></span> <span class='ocrx_word' id='word_1_583' title='bbox 2435 1905 2638 1964; x_wconf 89' lang='lat' dir='ltr'><strong>potest,</strong></span> <span class='ocrx_word' id='word_1_584' title='bbox 2681 1901 2859 1954; x_wconf 88' lang='lat' dir='ltr'><strong>omnia</strong></span> <span class='ocrx_word' id='word_1_585' title='bbox 2905 1912 3154 1958; x_wconf 88' lang='lat' dir='ltr'><strong>accurate</strong></span> <span class='ocrx_word' id='word_1_586' title='bbox 3197 1907 3248 1958; x_wconf 92' lang='lat' dir='ltr'><strong>in</strong></span> <span class='ocrx_word' id='word_1_587' title='bbox 3296 1916 3528 1962; x_wconf 89' lang='lat' dir='ltr'><strong>mentem</strong></span> 
     </span>
    </p>
   </div>
   <div class='ocr_carea' id='block_1_79' title="bbox 1938 1984 3530 2058">
    <p class='ocr_par' dir='ltr' id='par_1_79' title="bbox 1938 1984 3530 2058">
     <span class='ocr_line' id='line_1_79' title="bbox 1938 1984 3530 2058; baseline 0.013 -27"><span class='ocrx_word' id='word_1_588' title='bbox 1938 1991 2188 2047; x_wconf 89' lang='lat' dir='ltr'><strong>revocet,</strong></span> <span class='ocrx_word' id='word_1_589' title='bbox 2223 1984 2374 2052; x_wconf 90' lang='lat' dir='ltr'><strong>quasi</strong></span> <span class='ocrx_word' id='word_1_590' title='bbox 2418 2001 2665 2056; x_wconf 89' lang='lat' dir='ltr'><strong>magnum</strong></span> <span class='ocrx_word' id='word_1_591' title='bbox 2692 2000 3001 2058; x_wconf 84' lang='lat' dir='ltr'><strong>reperturus</strong></span> <span class='ocrx_word' id='word_1_592' title='bbox 3034 1993 3365 2050; x_wconf 89' lang='lat' dir='ltr'><strong>thesaurum.</strong></span> <span class='ocrx_word' id='word_1_593' title='bbox 3419 1999 3530 2052; x_wconf 91' lang='grc'><strong>1100</strong></span> 
     </span>
    </p>
   </div>
   <div class='ocr_carea' id='block_1_80' title="bbox 1935 2069 3525 2150">
    <p class='ocr_par' dir='ltr' id='par_1_80' title="bbox 1935 2069 3525 2150">
     <span class='ocr_line' id='line_1_80' title="bbox 1935 2069 3525 2150; baseline 0.011 -27"><span class='ocrx_word' id='word_1_594' title='bbox 1935 2069 2095 2124; x_wconf 89' lang='lat' dir='ltr'><strong>etiam</strong></span> <span class='ocrx_word' id='word_1_595' title='bbox 2128 2073 2279 2126; x_wconf 88' lang='lat' dir='ltr'><strong>nobis</strong></span> <span class='ocrx_word' id='word_1_596' title='bbox 2310 2075 2438 2130; x_wconf 91' lang='lat' dir='ltr'><strong>utile</strong></span> <span class='ocrx_word' id='word_1_597' title='bbox 2465 2085 2578 2142; x_wconf 92' lang='lat' dir='ltr'><strong>est,</strong></span> <span class='ocrx_word' id='word_1_598' title='bbox 2612 2087 2668 2132; x_wconf 92' lang='lat' dir='ltr'><strong>ut</strong></span> <span class='ocrx_word' id='word_1_599' title='bbox 2697 2096 2801 2134; x_wconf 92' lang='lat' dir='ltr'><strong>non</strong></span> <span class='ocrx_word' id='word_1_600' title='bbox 2839 2081 3210 2150; x_wconf 87' lang='lat' dir='ltr'><strong>desperemus.</strong></span> <span class='ocrx_word' id='word_1_601' title='bbox 3243 2085 3374 2140; x_wconf 87' lang='lat' dir='ltr'><strong>Nam</strong></span> <span class='ocrx_word' id='word_1_602' title='bbox 3405 2102 3525 2142; x_wconf 88' lang='lat' dir='ltr'><strong>cum</strong></span> 
     </span>
    </p>
   </div>
   <div class='ocr_carea' id='block_1_81' title="bbox 1935 2159 3524 2242">
    <p class='ocr_par' dir='ltr' id='par_1_81' title="bbox 1935 2159 3524 2242">
     <span class='ocr_line' id='line_1_81' title="bbox 1935 2159 3524 2242; baseline 0.012 -30"><span class='ocrx_word' id='word_1_603' title='bbox 1935 2159 2224 2218; x_wconf 84' lang='lat' dir='ltr'><strong>viderimus</strong></span> <span class='ocrx_word' id='word_1_604' title='bbox 2254 2165 2423 2232; x_wconf 90' lang='lat' dir='ltr'><strong>ipsum</strong></span> <span class='ocrx_word' id='word_1_605' title='bbox 2452 2182 2596 2237; x_wconf 77' lang='lat' dir='ltr'><strong>szepe</strong></span> <span class='ocrx_word' id='word_1_606' title='bbox 2620 2170 2773 2224; x_wconf 87' lang='lat' dir='ltr'><strong>nobis</strong></span> <span class='ocrx_word' id='word_1_607' title='bbox 2800 2175 3192 2240; x_wconf 87' lang='lat' dir='ltr'><strong>patrocinatum</strong></span> <span class='ocrx_word' id='word_1_608' title='bbox 3225 2193 3344 2232; x_wconf 89' lang='lat' dir='ltr'><strong>esse</strong></span> <span class='ocrx_word' id='word_1_609' title='bbox 3365 2220 3378 2242; x_wconf 94' lang='lat'><strong>,</strong></span> <span class='ocrx_word' id='word_1_610' title='bbox 3419 2195 3524 2233; x_wconf 88' lang='lat' dir='ltr'><strong>non</strong></span> 
     </span>
    </p>
   </div>
   <div class='ocr_carea' id='block_1_82' title="bbox 1933 2248 3522 2334">
    <p class='ocr_par' dir='ltr' id='par_1_82' title="bbox 1933 2248 3522 2334">
     <span class='ocr_line' id='line_1_82' title="bbox 1933 2248 3522 2334; baseline 0.014 -32"><span class='ocrx_word' id='word_1_611' title='bbox 1933 2248 2336 2318; x_wconf 84' lang='lat' dir='ltr'><strong>desperabimus</strong></span> <span class='ocrx_word' id='word_1_612' title='bbox 2363 2271 2463 2313; x_wconf 90' lang='lat' dir='ltr'><strong>nec</strong></span> <span class='ocrx_word' id='word_1_613' title='bbox 2485 2260 2790 2328; x_wconf 88' lang='lat' dir='ltr'><strong>putabimus</strong></span> <span class='ocrx_word' id='word_1_614' title='bbox 2819 2277 2917 2316; x_wconf 92' lang='lat' dir='ltr'><strong>nos</strong></span> <span class='ocrx_word' id='word_1_615' title='bbox 2939 2264 3175 2333; x_wconf 89' lang='lat' dir='ltr'><strong>abjectos</strong></span> <span class='ocrx_word' id='word_1_616' title='bbox 3203 2267 3399 2334; x_wconf 86' lang='lat' dir='ltr'><strong>fuisse;</strong></span> <span class='ocrx_word' id='word_1_617' title='bbox 3428 2271 3522 2324; x_wconf 87' lang='lat' dir='ltr'><strong>sed</strong></span> 
     </span>
    </p>
   </div>
   <div class='ocr_carea' id='block_1_83' title="bbox 1933 2348 3519 2425">
    <p class='ocr_par' dir='ltr' id='par_1_83' title="bbox 1933 2348 3519 2425">
     <span class='ocr_line' id='line_1_83' title="bbox 1933 2348 3519 2425; baseline 0.011 -31"><span class='ocrx_word' id='word_1_618' title='bbox 1933 2354 2180 2412; x_wconf 87' lang='lat' dir='ltr'><strong>magnum</strong></span> <span class='ocrx_word' id='word_1_619' title='bbox 2230 2348 2558 2416; x_wconf 82' lang='lat' dir='ltr'><strong>accipiemus</strong></span> <span class='ocrx_word' id='word_1_620' title='bbox 2587 2351 2776 2420; x_wconf 87' lang='lat' dir='ltr'><strong>pignus</strong></span> <span class='ocrx_word' id='word_1_621' title='bbox 2805 2353 2922 2420; x_wconf 88' lang='lat' dir='ltr'><strong>ejus</strong></span> <span class='ocrx_word' id='word_1_622' title='bbox 2943 2369 3070 2424; x_wconf 88' lang='lat' dir='ltr'><strong>erga</strong></span> <span class='ocrx_word' id='word_1_623' title='bbox 3105 2370 3201 2410; x_wconf 93' lang='lat' dir='ltr'><strong>nos</strong></span> <span class='ocrx_word' id='word_1_624' title='bbox 3229 2358 3519 2425; x_wconf 89' lang='lat' dir='ltr'><strong>providen-</strong></span> 
     </span>
    </p>
   </div>
   <div class='ocr_carea' id='block_1_84' title="bbox 1933 2434 3518 2522">
    <p class='ocr_par' dir='ltr' id='par_1_84' title="bbox 1933 2434 3518 2522">
     <span class='ocr_line' id='line_1_84' title="bbox 1933 2434 3518 2522; baseline 0.01 -35"><span class='ocrx_word' id='word_1_625' title='bbox 1933 2434 2054 2496; x_wconf 83' lang='lat' dir='ltr'><strong>tiae,</strong></span> <span class='ocrx_word' id='word_1_626' title='bbox 2102 2449 2222 2490; x_wconf 92' lang='lat' dir='ltr'><strong>cum</strong></span> <span class='ocrx_word' id='word_1_627' title='bbox 2253 2439 2664 2507; x_wconf 88' lang='lat' dir='ltr'><strong>cogitaverimus</strong></span> <span class='ocrx_word' id='word_1_628' title='bbox 2690 2456 2789 2496; x_wconf 90' lang='lat' dir='ltr'><strong>nos</strong></span> <span class='ocrx_word' id='word_1_629' title='bbox 2819 2453 3105 2513; x_wconf 87' lang='lat' dir='ltr'><strong>peccantes</strong></span> <span class='ocrx_word' id='word_1_630' title='bbox 3149 2461 3256 2501; x_wconf 91' lang='lat' dir='ltr'><strong>non</strong></span> <span class='ocrx_word' id='word_1_631' title='bbox 3304 2448 3476 2522; x_wconf 81' lang='lat' dir='ltr'><strong>puniri</strong></span> <span class='ocrx_word' id='word_1_632' title='bbox 3503 2489 3518 2514; x_wconf 92' lang='lat'><strong>,</strong></span> 
     </span>
    </p>
   </div>
   <div class='ocr_carea' id='block_1_85' title="bbox 1931 2523 2644 2596">
    <p class='ocr_par' dir='ltr' id='par_1_85' title="bbox 1931 2523 2644 2596">
     <span class='ocr_line' id='line_1_85' title="bbox 1931 2523 2644 2596; baseline 0.007 -18"><span class='ocrx_word' id='word_1_633' title='bbox 1931 2523 2024 2578; x_wconf 89' lang='lat' dir='ltr'><strong>sed</strong></span> <span class='ocrx_word' id='word_1_634' title='bbox 2051 2525 2168 2594; x_wconf 89' lang='lat' dir='ltr'><strong>ejus</strong></span> <span class='ocrx_word' id='word_1_635' title='bbox 2197 2529 2496 2596; x_wconf 90' lang='lat' dir='ltr'><strong>patrocinio</strong></span> <span class='ocrx_word' id='word_1_636' title='bbox 2521 2529 2644 2585; x_wconf 79' lang='lat' dir='ltr'><strong>frui.</strong></span> 
     </span>
    </p>
   </div>
   <div class='ocr_carea' id='block_1_86' title="bbox 2002 2615 3523 2700">
    <p class='ocr_par' dir='ltr' id='par_1_86' title="bbox 2002 2615 3523 2700">
     <span class='ocr_line' id='line_1_86' title="bbox 2002 2615 3523 2700; baseline 0.011 -31"><span class='ocrx_word' id='word_1_637' title='bbox 2002 2616 2055 2669; x_wconf 84' lang='lat'><strong>5.</strong></span> <span class='ocrx_word' id='word_1_638' title='bbox 2112 2615 2341 2672; x_wconf 80' lang='lat' dir='ltr'><strong>Historia</strong></span> <span class='ocrx_word' id='word_1_639' title='bbox 2388 2621 2533 2689; x_wconf 80' lang='lat' dir='ltr'><strong>pueri</strong></span> <span class='ocrx_word' id='word_1_640' title='bbox 2576 2623 2841 2692; x_wconf 79' lang='lat' dir='ltr'><strong>cujusdam</strong></span> <span class='ocrx_word' id='word_1_641' title='bbox 2888 2629 3034 2694; x_wconf 76' lang='lat' dir='ltr'><strong>wgri.</strong></span> <span class='ocrx_word' id='word_1_642' title='bbox 3077 2656 3147 2666; x_wconf 92' lang='lat'><strong><em>—</em></strong></span> <span class='ocrx_word' id='word_1_643' title='bbox 3196 2629 3372 2683; x_wconf 89' lang='lat' dir='ltr'><strong>Dicam</strong></span> <span class='ocrx_word' id='word_1_644' title='bbox 3423 2645 3523 2700; x_wconf 86' lang='lat' dir='ltr'><strong>ego</strong></span> 
     </span>
    </p>
   </div>
   <div class='ocr_carea' id='block_1_87' title="bbox 1930 2706 3518 2789">
    <p class='ocr_par' dir='ltr' id='par_1_87' title="bbox 1930 2706 3518 2789">
     <span class='ocr_line' id='line_1_87' title="bbox 1930 2706 3518 2789; baseline 0.011 -32"><span class='ocrx_word' id='word_1_645' title='bbox 1930 2706 2127 2774; x_wconf 88' lang='lat' dir='ltr'><strong>aliquid</strong></span> <span class='ocrx_word' id='word_1_646' title='bbox 2151 2749 2165 2772; x_wconf 96' lang='lat'><strong>,</strong></span> <span class='ocrx_word' id='word_1_647' title='bbox 2201 2709 2345 2778; x_wconf 89' lang='lat' dir='ltr'><strong>quod</strong></span> <span class='ocrx_word' id='word_1_648' title='bbox 2376 2727 2405 2765; x_wconf 92' lang='lat' dir='ltr'><strong>a</strong></span> <span class='ocrx_word' id='word_1_649' title='bbox 2433 2713 2683 2781; x_wconf 88' lang='lat' dir='ltr'><strong>quopiam</strong></span> <span class='ocrx_word' id='word_1_650' title='bbox 2713 2715 2911 2769; x_wconf 87' lang='lat' dir='ltr'><strong>audivi.</strong></span> <span class='ocrx_word' id='word_1_651' title='bbox 2945 2717 3076 2771; x_wconf 86' lang='lat' dir='ltr'><strong>Erat</strong></span> <span class='ocrx_word' id='word_1_652' title='bbox 3104 2719 3318 2788; x_wconf 88' lang='lat' dir='ltr'><strong>quidam</strong></span> <span class='ocrx_word' id='word_1_653' title='bbox 3353 2737 3484 2789; x_wconf 89' lang='lat' dir='ltr'><strong>puer</strong></span> <span class='ocrx_word' id='word_1_654' title='bbox 3504 2764 3518 2786; x_wconf 95' lang='lat'><strong>,</strong></span> 
     </span>
    </p>
   </div>
   <div class='ocr_carea' id='block_1_88' title="bbox 1929 2800 3519 2875">
    <p class='ocr_par' dir='ltr' id='par_1_88' title="bbox 1929 2800 3519 2875">
     <span class='ocr_line' id='line_1_88' title="bbox 1929 2800 3519 2875; baseline 0.009 -26"><span class='ocrx_word' id='word_1_655' title='bbox 1929 2811 2089 2866; x_wconf 89' lang='lat' dir='ltr'><strong>quem</strong></span> <span class='ocrx_word' id='word_1_656' title='bbox 2114 2800 2334 2870; x_wconf 90' lang='lat' dir='ltr'><strong>contigit</strong></span> <span class='ocrx_word' id='word_1_657' title='bbox 2359 2816 2480 2856; x_wconf 91' lang='lat' dir='ltr'><strong>cum</strong></span> <span class='ocrx_word' id='word_1_658' title='bbox 2511 2812 2680 2859; x_wconf 90' lang='lat' dir='ltr'><strong>matre</strong></span> <span class='ocrx_word' id='word_1_659' title='bbox 2715 2805 2768 2858; x_wconf 92' lang='lat' dir='ltr'><strong>in</strong></span> <span class='ocrx_word' id='word_1_660' title='bbox 2800 2820 2928 2875; x_wconf 89' lang='lat' dir='ltr'><strong>agro</strong></span> <span class='ocrx_word' id='word_1_661' title='bbox 2953 2821 3106 2874; x_wconf 89' lang='lat' dir='ltr'><strong>esse,</strong></span> <span class='ocrx_word' id='word_1_662' title='bbox 3135 2823 3256 2863; x_wconf 93' lang='lat' dir='ltr'><strong>cum</strong></span> <span class='ocrx_word' id='word_1_663' title='bbox 3286 2810 3519 2865; x_wconf 92' lang='lat' dir='ltr'><strong>nondum</strong></span> 
     </span>
    </p>
   </div>
   <div class='ocr_carea' id='block_1_89' title="bbox 1929 2885 3520 2968">
    <p class='ocr_par' dir='ltr' id='par_1_89' title="bbox 1929 2885 3520 2968">
     <span class='ocr_line' id='line_1_89' title="bbox 1929 2885 3520 2968; baseline 0.011 -31"><span class='ocrx_word' id='word_1_664' title='bbox 1929 2885 2233 2954; x_wconf 89' lang='lat' dir='ltr'><strong>quindecim</strong></span> <span class='ocrx_word' id='word_1_665' title='bbox 2263 2903 2522 2943; x_wconf 88' lang='lat' dir='ltr'><strong>annorum</strong></span> <span class='ocrx_word' id='word_1_666' title='bbox 2553 2901 2696 2947; x_wconf 86' lang='lat' dir='ltr'><strong>esset</strong></span> <span class='ocrx_word' id='word_1_667' title='bbox 2720 2911 2732 2945; x_wconf 87' lang='lat'>:</span> <span class='ocrx_word' id='word_1_668' title='bbox 2761 2903 2884 2949; x_wconf 90' lang='lat' dir='ltr'><strong>tunc</strong></span> <span class='ocrx_word' id='word_1_669' title='bbox 2907 2897 3052 2964; x_wconf 87' lang='lat' dir='ltr'><strong>gravi</strong></span> <span class='ocrx_word' id='word_1_670' title='bbox 3083 2907 3136 2951; x_wconf 93' lang='lat' dir='ltr'><strong>et</strong></span> <span class='ocrx_word' id='word_1_671' title='bbox 3165 2909 3417 2968; x_wconf 89' lang='lat' dir='ltr'><strong>corrupto</strong></span> <span class='ocrx_word' id='word_1_672' title='bbox 3440 2902 3520 2954; x_wconf 90' lang='lat' dir='ltr'><strong>in-</strong></span> 
     </span>
    </p>
   </div>
   <div class='ocr_carea' id='block_1_90' title="bbox 1927 2983 3518 3052">
    <p class='ocr_par' dir='ltr' id='par_1_90' title="bbox 1927 2983 3518 3052">
     <span class='ocr_line' id='line_1_90' title="bbox 1927 2983 3518 3052; baseline 0.013 -26"><span class='ocrx_word' id='word_1_673' title='bbox 1927 2986 2149 3045; x_wconf 88' lang='lat' dir='ltr'><strong>gruente</strong></span> <span class='ocrx_word' id='word_1_674' title='bbox 2185 2993 2311 3034; x_wconf 89' lang='lat' dir='ltr'><strong>aere</strong></span> <span class='ocrx_word' id='word_1_675' title='bbox 2335 3021 2350 3046; x_wconf 96' lang='lat'><strong>,</strong></span> <span class='ocrx_word' id='word_1_676' title='bbox 2396 2991 2679 3052; x_wconf 88' lang='lat' dir='ltr'><strong>utrmnque</strong></span> <span class='ocrx_word' id='word_1_677' title='bbox 2723 2983 2885 3040; x_wconf 89' lang='lat' dir='ltr'><strong>febris</strong></span> <span class='ocrx_word' id='word_1_678' title='bbox 2927 2987 3160 3041; x_wconf 88' lang='lat' dir='ltr'><strong>invasit:</strong></span> <span class='ocrx_word' id='word_1_679' title='bbox 3189 3000 3304 3043; x_wconf 90' lang='lat' dir='ltr'><strong>erat</strong></span> <span class='ocrx_word' id='word_1_680' title='bbox 3340 3001 3518 3046; x_wconf 87' lang='lat' dir='ltr'><strong>autem</strong></span> 
     </span>
    </p>
   </div>
   <div class='ocr_carea' id='block_1_91' title="bbox 1928 3069 3519 3151">
    <p class='ocr_par' dir='ltr' id='par_1_91' title="bbox 1928 3069 3519 3151">
     <span class='ocr_line' id='line_1_91' title="bbox 1928 3069 3519 3151; baseline 0.011 -32"><span class='ocrx_word' id='word_1_681' title='bbox 1928 3069 2168 3123; x_wconf 90' lang='lat' dir='ltr'><strong>autumni</strong></span> <span class='ocrx_word' id='word_1_682' title='bbox 2201 3078 2510 3140; x_wconf 86' lang='lat' dir='ltr'><strong>tempestas.</strong></span> <span class='ocrx_word' id='word_1_683' title='bbox 2545 3073 2694 3129; x_wconf 85' lang='lat' dir='ltr'><strong>&#39;l‘unc</strong></span> <span class='ocrx_word' id='word_1_684' title='bbox 2723 3084 2894 3130; x_wconf 88' lang='lat' dir='ltr'><strong>mater</strong></span> <span class='ocrx_word' id='word_1_685' title='bbox 2930 3078 3114 3132; x_wconf 89' lang='lat' dir='ltr'><strong>urbem</strong></span> <span class='ocrx_word' id='word_1_686' title='bbox 3148 3079 3350 3148; x_wconf 85' lang='lat' dir='ltr'><strong>ingredi</strong></span> <span class='ocrx_word' id='word_1_687' title='bbox 3384 3096 3519 3151; x_wconf 69' lang='lat' dir='ltr'><strong>prte-</strong></span> 
     </span>
    </p>
   </div>
   <div class='ocr_carea' id='block_1_92' title="bbox 1927 3159 3515 3237">
    <p class='ocr_par' dir='ltr' id='par_1_92' title="bbox 1927 3159 3515 3237">
     <span class='ocr_line' id='line_1_92' title="bbox 1927 3159 3515 3237; baseline 0.01 -28"><span class='ocrx_word' id='word_1_688' title='bbox 1927 3159 2210 3227; x_wconf 82' lang='lat' dir='ltr'><strong>occupavit</strong></span> <span class='ocrx_word' id='word_1_689' title='bbox 2236 3178 2249 3214; x_wconf 90' lang='lat'><strong>:</strong></span> <span class='ocrx_word' id='word_1_690' title='bbox 2281 3175 2416 3230; x_wconf 89' lang='lat' dir='ltr'><strong>puer</strong></span> <span class='ocrx_word' id='word_1_691' title='bbox 2441 3177 2572 3218; x_wconf 90' lang='lat' dir='ltr'><strong>vero</strong></span> <span class='ocrx_word' id='word_1_692' title='bbox 2600 3178 2630 3217; x_wconf 90' lang='lat' dir='ltr'><strong>a</strong></span> <span class='ocrx_word' id='word_1_693' title='bbox 2661 3165 2884 3220; x_wconf 89' lang='lat' dir='ltr'><strong>medicis</strong></span> <span class='ocrx_word' id='word_1_694' title='bbox 2908 3166 3090 3235; x_wconf 88' lang='lat' dir='ltr'><strong>jussus</strong></span> <span class='ocrx_word' id='word_1_695' title='bbox 3122 3169 3248 3224; x_wconf 90' lang='lat' dir='ltr'><strong>illuc</strong></span> <span class='ocrx_word' id='word_1_696' title='bbox 3278 3186 3515 3237; x_wconf 88' lang='lat' dir='ltr'><strong>manere,</strong></span> 
     </span>
    </p>
   </div>
   <div class='ocr_carea' id='block_1_93' title="bbox 1926 3248 3517 3327">
    <p class='ocr_par' dir='ltr' id='par_1_93' title="bbox 1926 3248 3517 3327">
     <span class='ocr_line' id='line_1_93' title="bbox 1926 3248 3517 3327; baseline 0.012 -30"><span class='ocrx_word' id='word_1_697' title='bbox 1926 3259 2045 3300; x_wconf 83' lang='grc'><strong>011111</strong></span> <span class='ocrx_word' id='word_1_698' title='bbox 2081 3248 2244 3303; x_wconf 79' lang='lat' dir='ltr'><strong>febris</strong></span> <span class='ocrx_word' id='word_1_699' title='bbox 2273 3249 2519 3320; x_wconf 87' lang='lat' dir='ltr'><strong>ﬂagraret</strong></span> <span class='ocrx_word' id='word_1_700' title='bbox 2544 3293 2559 3318; x_wconf 92' lang='lat'><strong>,</strong></span> <span class='ocrx_word' id='word_1_701' title='bbox 2588 3253 2750 3322; x_wconf 86' lang='lat' dir='ltr'><strong>coepit</strong></span> <span class='ocrx_word' id='word_1_702' title='bbox 2777 3255 3110 3325; x_wconf 84' lang='lat' dir='ltr'><strong>gargarizare</strong></span> <span class='ocrx_word' id='word_1_703' title='bbox 3131 3299 3145 3323; x_wconf 94' lang='lat'><strong>,</strong></span> <span class='ocrx_word' id='word_1_704' title='bbox 3175 3259 3312 3327; x_wconf 88' lang='lat' dir='ltr'><strong>apud</strong></span> <span class='ocrx_word' id='word_1_705' title='bbox 3340 3275 3398 3315; x_wconf 91' lang='lat' dir='ltr'><strong>se</strong></span> <span class='ocrx_word' id='word_1_706' title='bbox 3427 3276 3517 3315; x_wconf 89' lang='lat' dir='ltr'><strong>ra-</strong></span> 
     </span>
    </p>
   </div>
   <div class='ocr_carea' id='block_1_94' title="bbox 1930 3337 3516 3418">
    <p class='ocr_par' dir='ltr' id='par_1_94' title="bbox 1930 3337 3516 3418">
     <span class='ocr_line' id='line_1_94' title="bbox 1930 3337 3516 3418; baseline 0.01 -28"><span class='ocrx_word' id='word_1_707' title='bbox 1930 3337 2190 3394; x_wconf 78' lang='lat' dir='ltr'><strong>tiocinans</strong></span> <span class='ocrx_word' id='word_1_708' title='bbox 2209 3381 2225 3406; x_wconf 95' lang='lat'><strong>,</strong></span> <span class='ocrx_word' id='word_1_709' title='bbox 2255 3349 2553 3412; x_wconf 89' lang='lat' dir='ltr'><strong>putansque</strong></span> <span class='ocrx_word' id='word_1_710' title='bbox 2582 3345 2661 3398; x_wconf 87' lang='lat' dir='ltr'><strong>sic</strong></span> <span class='ocrx_word' id='word_1_711' title='bbox 2706 3343 2892 3399; x_wconf 77' lang='lat' dir='ltr'><strong>febrim</strong></span> <span class='ocrx_word' id='word_1_712' title='bbox 2932 3348 3198 3417; x_wconf 75' lang='lat' dir='ltr'><strong>exstingui</strong></span> <span class='ocrx_word' id='word_1_713' title='bbox 3249 3365 3404 3418; x_wconf 89' lang='lat' dir='ltr'><strong>posse</strong></span> <span class='ocrx_word' id='word_1_714' title='bbox 3427 3394 3442 3418; x_wconf 91' lang='lat'><strong>,</strong></span> <span class='ocrx_word' id='word_1_715' title='bbox 3472 3352 3516 3406; x_wconf 71' lang='lat' dir='ltr'><strong>si</strong></span> 
     </span>
    </p>
   </div>
   <div class='ocr_carea' id='block_1_95' title="bbox 1929 3429 3514 3508">
    <p class='ocr_par' dir='ltr' id='par_1_95' title="bbox 1929 3429 3514 3508">
     <span class='ocr_line' id='line_1_95' title="bbox 1929 3429 3514 3508; baseline 0.01 -28"><span class='ocrx_word' id='word_1_716' title='bbox 1929 3429 2057 3481; x_wconf 90' lang='lat' dir='ltr'><strong>nihil</strong></span> <span class='ocrx_word' id='word_1_717' title='bbox 2107 3430 2329 3485; x_wconf 90' lang='lat' dir='ltr'><strong>omnino</strong></span> <span class='ocrx_word' id='word_1_718' title='bbox 2372 3433 2610 3487; x_wconf 88' lang='lat' dir='ltr'><strong>alimenti</strong></span> <span class='ocrx_word' id='word_1_719' title='bbox 2655 3435 2942 3504; x_wconf 89' lang='lat' dir='ltr'><strong>acciperet.</strong></span> <span class='ocrx_word' id='word_1_720' title='bbox 2997 3431 3192 3507; x_wconf 87' lang='lat' dir='ltr'><strong>Utpote</strong></span> <span class='ocrx_word' id='word_1_721' title='bbox 3239 3455 3409 3508; x_wconf 89' lang='lat' dir='ltr'><strong>puer,</strong></span> <span class='ocrx_word' id='word_1_722' title='bbox 3451 3458 3514 3496; x_wconf 78' lang='lat' dir='ltr'><strong>cx</strong></span> 
     </span>
    </p>
   </div>
   <div class='ocr_carea' id='block_1_96' title="bbox 1928 3518 3517 3596">
    <p class='ocr_par' dir='ltr' id='par_1_96' title="bbox 1928 3518 3517 3596">
     <span class='ocr_line' id='line_1_96' title="bbox 1928 3518 3517 3596; baseline 0.009 -26"><span class='ocrx_word' id='word_1_723' title='bbox 1928 3518 2296 3588; x_wconf 87' lang='lat' dir='ltr'><strong>intempestiva</strong></span> <span class='ocrx_word' id='word_1_724' title='bbox 2341 3525 2684 3578; x_wconf 85' lang='lat' dir='ltr'><strong>contentione</strong></span> <span class='ocrx_word' id='word_1_725' title='bbox 2716 3525 2847 3578; x_wconf 89' lang='lat' dir='ltr'><strong>nihil</strong></span> <span class='ocrx_word' id='word_1_726' title='bbox 2875 3527 3100 3596; x_wconf 85' lang='lat' dir='ltr'><strong>accepit.</strong></span> <span class='ocrx_word' id='word_1_727' title='bbox 3151 3527 3220 3583; x_wconf 89' lang='lat' dir='ltr'><strong>Ut</strong></span> <span class='ocrx_word' id='word_1_728' title='bbox 3248 3540 3423 3584; x_wconf 87' lang='lat' dir='ltr'><strong>autem</strong></span> <span class='ocrx_word' id='word_1_729' title='bbox 3449 3532 3517 3584; x_wconf 87' lang='lat' dir='ltr'><strong>ad</strong></span> 
     </span>
    </p>
   </div>
   <div class='ocr_carea' id='block_1_97' title="bbox 1928 3608 3512 3686">
    <p class='ocr_par' dir='ltr' id='par_1_97' title="bbox 1928 3608 3512 3686">
     <span class='ocr_line' id='line_1_97' title="bbox 1928 3608 3512 3686; baseline 0.008 -24"><span class='ocrx_word' id='word_1_730' title='bbox 1928 3608 2110 3662; x_wconf 91' lang='lat' dir='ltr'><strong>urbem</strong></span> <span class='ocrx_word' id='word_1_731' title='bbox 2136 3612 2296 3669; x_wconf 84' lang='lat' dir='ltr'><strong>venit.</strong></span> <span class='ocrx_word' id='word_1_732' title='bbox 2331 3613 2504 3683; x_wconf 89' lang='lat' dir='ltr'><strong>lingua</strong></span> <span class='ocrx_word' id='word_1_733' title='bbox 2538 3615 2767 3686; x_wconf 85' lang='lat' dir='ltr'><strong>paralysi</strong></span> <span class='ocrx_word' id='word_1_734' title='bbox 2797 3625 2934 3671; x_wconf 88' lang='lat' dir='ltr'><strong>tacta</strong></span> <span class='ocrx_word' id='word_1_735' title='bbox 2963 3626 3080 3684; x_wconf 90' lang='lat' dir='ltr'><strong>est,</strong></span> <span class='ocrx_word' id='word_1_736' title='bbox 3110 3619 3182 3674; x_wconf 88' lang='lat' dir='ltr'><strong>ita</strong></span> <span class='ocrx_word' id='word_1_737' title='bbox 3211 3629 3268 3674; x_wconf 93' lang='lat' dir='ltr'><strong>ut</strong></span> <span class='ocrx_word' id='word_1_738' title='bbox 3293 3621 3382 3674; x_wconf 91' lang='lat' dir='ltr'><strong>diu</strong></span> <span class='ocrx_word' id='word_1_739' title='bbox 3409 3639 3512 3674; x_wconf 87' lang='lat' dir='ltr'><strong>non</strong></span> 
     </span>
    </p>
   </div>
   <div class='ocr_carea' id='block_1_98' title="bbox 1925 3699 3516 3781">
    <p class='ocr_par' dir='ltr' id='par_1_98' title="bbox 1925 3699 3516 3781">
     <span class='ocr_line' id='line_1_98' title="bbox 1925 3699 3516 3781; baseline 0.009 -27"><span class='ocrx_word' id='word_1_740' title='bbox 1925 3699 2188 3771; x_wconf 89' lang='lat' dir='ltr'><strong>loquens,</strong></span> <span class='ocrx_word' id='word_1_741' title='bbox 2221 3703 2351 3757; x_wconf 89' lang='lat' dir='ltr'><strong>nihil</strong></span> <span class='ocrx_word' id='word_1_742' title='bbox 2395 3707 2719 3761; x_wconf 90' lang='lat' dir='ltr'><strong>articulatim</strong></span> <span class='ocrx_word' id='word_1_743' title='bbox 2769 3711 3114 3778; x_wconf 91' lang='lat' dir='ltr'><strong>pronuntiare</strong></span> <span class='ocrx_word' id='word_1_744' title='bbox 3161 3722 3374 3781; x_wconf 90' lang='lat' dir='ltr'><strong>posset;</strong></span> <span class='ocrx_word' id='word_1_745' title='bbox 3421 3715 3516 3767; x_wconf 89' lang='lat' dir='ltr'><strong>sed</strong></span> 
     </span>
    </p>
   </div>
   <div class='ocr_carea' id='block_1_99' title="bbox 1924 3793 3516 3872">
    <p class='ocr_par' dir='ltr' id='par_1_99' title="bbox 1924 3793 3516 3872">
     <span class='ocr_line' id='line_1_99' title="bbox 1924 3793 3516 3872; baseline 0.005 -26"><span class='ocrx_word' id='word_1_746' title='bbox 1924 3793 2135 3863; x_wconf 90' lang='lat' dir='ltr'><strong>legebat</strong></span> <span class='ocrx_word' id='word_1_747' title='bbox 2158 3794 2370 3864; x_wconf 85' lang='lat' dir='ltr'><strong>quidem</strong></span> <span class='ocrx_word' id='word_1_748' title='bbox 2396 3837 2411 3862; x_wconf 94' lang='lat'><strong>,</strong></span> <span class='ocrx_word' id='word_1_749' title='bbox 2440 3805 2493 3851; x_wconf 92' lang='lat' dir='ltr'><strong>et</strong></span> <span class='ocrx_word' id='word_1_750' title='bbox 2523 3800 2806 3868; x_wconf 89' lang='lat' dir='ltr'><strong>magistros</strong></span> <span class='ocrx_word' id='word_1_751' title='bbox 2832 3801 3001 3855; x_wconf 90' lang='lat' dir='ltr'><strong>multo</strong></span> <span class='ocrx_word' id='word_1_752' title='bbox 3031 3811 3270 3872; x_wconf 89' lang='lat' dir='ltr'><strong>tempore</strong></span> <span class='ocrx_word' id='word_1_753' title='bbox 3295 3803 3469 3857; x_wconf 87' lang='lat' dir='ltr'><strong>adibat</strong></span> <span class='ocrx_word' id='word_1_754' title='bbox 3499 3820 3516 3868; x_wconf 90' lang='lat'><strong>;</strong></span> 
     </span>
    </p>
   </div>
   <div class='ocr_carea' id='block_1_100' title="bbox 1923 3883 3518 3965">
    <p class='ocr_par' dir='ltr' id='par_1_100' title="bbox 1923 3883 3518 3965">
     <span class='ocr_line' id='line_1_100' title="bbox 1923 3883 3518 3965; baseline 0.008 -29"><span class='ocrx_word' id='word_1_755' title='bbox 1923 3883 2018 3938; x_wconf 89' lang='lat' dir='ltr'><strong>sed</strong></span> <span class='ocrx_word' id='word_1_756' title='bbox 2051 3885 2244 3938; x_wconf 79' lang='lat' dir='ltr'><strong>frustra</strong></span> <span class='ocrx_word' id='word_1_757' title='bbox 2271 3896 2323 3940; x_wconf 93' lang='lat' dir='ltr'><strong>et</strong></span> <span class='ocrx_word' id='word_1_758' title='bbox 2353 3885 2556 3956; x_wconf 90' lang='lat' dir='ltr'><strong>absque</strong></span> <span class='ocrx_word' id='word_1_759' title='bbox 2583 3889 2735 3959; x_wconf 89' lang='lat' dir='ltr'><strong>signo</strong></span> <span class='ocrx_word' id='word_1_760' title='bbox 2767 3891 2897 3944; x_wconf 86' lang='lat' dir='ltr'><strong>ullo.</strong></span> <span class='ocrx_word' id='word_1_761' title='bbox 2930 3891 3116 3947; x_wconf 90' lang='lat' dir='ltr'><strong>Omnis</strong></span> <span class='ocrx_word' id='word_1_762' title='bbox 3141 3909 3269 3964; x_wconf 87' lang='lat' dir='ltr'><strong>ergo</strong></span> <span class='ocrx_word' id='word_1_763' title='bbox 3299 3911 3421 3965; x_wconf 87' lang='lat' dir='ltr'><strong>spes</strong></span> <span class='ocrx_word' id='word_1_764' title='bbox 3449 3895 3518 3949; x_wconf 87' lang='lat' dir='ltr'><strong>ab</strong></span> 
     </span>
    </p>
   </div>
   <div class='ocr_carea' id='block_1_101' title="bbox 1925 3974 3512 4049">
    <p class='ocr_par' dir='ltr' id='par_1_101' title="bbox 1925 3974 3512 4049">
     <span class='ocr_line' id='line_1_101' title="bbox 1925 3974 3512 4049; baseline 0.008 -22"><span class='ocrx_word' id='word_1_765' title='bbox 1925 3974 2016 4029; x_wconf 90' lang='lat' dir='ltr'><strong>illo</strong></span> <span class='ocrx_word' id='word_1_766' title='bbox 2041 3977 2348 4044; x_wconf 84' lang='lat' dir='ltr'><strong>exciderat,</strong></span> <span class='ocrx_word' id='word_1_767' title='bbox 2385 3987 2656 4049; x_wconf 90' lang='lat' dir='ltr'><strong>materque</strong></span> <span class='ocrx_word' id='word_1_768' title='bbox 2684 3985 2801 4049; x_wconf 85' lang='lat' dir='ltr'><strong>ejus</strong></span> <span class='ocrx_word' id='word_1_769' title='bbox 2837 3983 3057 4036; x_wconf 89' lang='lat' dir='ltr'><strong>tnultum</strong></span> <span class='ocrx_word' id='word_1_770' title='bbox 3087 3983 3318 4040; x_wconf 88' lang='lat' dir='ltr'><strong>dolebat.</strong></span> <span class='ocrx_word' id='word_1_771' title='bbox 3352 3987 3512 4040; x_wconf 83' lang='lat' dir='ltr'><strong>Multa</strong></span> 
     </span>
    </p>
   </div>
   <div class='ocr_carea' id='block_1_102' title="bbox 1923 4065 3513 4140">
    <p class='ocr_par' dir='ltr' id='par_1_102' title="bbox 1923 4065 3513 4140">
     <span class='ocr_line' id='line_1_102' title="bbox 1923 4065 3513 4140; baseline 0.008 -21"><span class='ocrx_word' id='word_1_772' title='bbox 1923 4065 2153 4134; x_wconf 88' lang='lat' dir='ltr'><strong>medici,</strong></span> <span class='ocrx_word' id='word_1_773' title='bbox 2177 4068 2339 4124; x_wconf 90' lang='lat' dir='ltr'><strong>multa</strong></span> <span class='ocrx_word' id='word_1_774' title='bbox 2360 4069 2450 4123; x_wconf 89' lang='lat' dir='ltr'><strong>alii</strong></span> <span class='ocrx_word' id='word_1_775' title='bbox 2471 4072 2871 4140; x_wconf 76' lang='lat' dir='ltr'><strong>cxcogitarunt,</strong></span> <span class='ocrx_word' id='word_1_776' title='bbox 2895 4074 2986 4127; x_wconf 90' lang='grc'><strong>8011</strong></span> <span class='ocrx_word' id='word_1_777' title='bbox 3014 4076 3277 4130; x_wconf 87' lang='lat' dir='ltr'><strong>incassum</strong></span> <span class='ocrx_word' id='word_1_778' title='bbox 3304 4094 3318 4128; x_wconf 88' lang='lat'><strong>:</strong></span> <span class='ocrx_word' id='word_1_779' title='bbox 3341 4080 3513 4132; x_wconf 84' lang='lat' dir='ltr'><strong>donec</strong></span> 
     </span>
    </p>
   </div>
   <div class='ocr_carea' id='block_1_103' title="bbox 1922 4157 3510 4234">
    <p class='ocr_par' dir='ltr' id='par_1_103' title="bbox 1922 4157 3510 4234">
     <span class='ocr_line' id='line_1_103' title="bbox 1922 4157 3510 4234; baseline 0.003 -22"><span class='ocrx_word' id='word_1_780' title='bbox 1922 4157 2186 4228; x_wconf 87' lang='lat' dir='ltr'><strong>benignus</strong></span> <span class='ocrx_word' id='word_1_781' title='bbox 2214 4159 2352 4215; x_wconf 89' lang='lat' dir='ltr'><strong>Deus</strong></span> <span class='ocrx_word' id='word_1_782' title='bbox 2376 4160 2568 4231; x_wconf 67' lang='lat' dir='ltr'><strong>linguae</strong></span> <span class='ocrx_word' id='word_1_783' title='bbox 2590 4161 2858 4217; x_wconf 89' lang='lat' dir='ltr'><strong>vinculum</strong></span> <span class='ocrx_word' id='word_1_784' title='bbox 2882 4167 3104 4230; x_wconf 87' lang='lat' dir='ltr'><strong>curavit,</strong></span> <span class='ocrx_word' id='word_1_785' title='bbox 3127 4175 3357 4234; x_wconf 89' lang='lat' dir='ltr'><strong>tuncque</strong></span> <span class='ocrx_word' id='word_1_786' title='bbox 3381 4181 3510 4219; x_wconf 80' lang='grc'><strong>01111⁸</strong></span> 
     </span>
    </p>
   </div>
   <div class='ocr_carea' id='block_1_104' title="bbox 1922 4247 3509 4324">
    <p class='ocr_par' dir='ltr' id='par_1_104' title="bbox 1922 4247 3509 4324">
     <span class='ocr_line' id='line_1_104' title="bbox 1922 4247 3509 4324; baseline 0.005 -23"><span class='ocrx_word' id='word_1_787' title='bbox 1922 4247 2108 4313; x_wconf 80' lang='lat' dir='ltr'><strong>valuil,</strong></span> <span class='ocrx_word' id='word_1_788' title='bbox 2132 4257 2184 4302; x_wconf 90' lang='lat' dir='ltr'><strong>et</strong></span> <span class='ocrx_word' id='word_1_789' title='bbox 2210 4250 2488 4318; x_wconf 86' lang='lat' dir='ltr'><strong>pristinam</strong></span> <span class='ocrx_word' id='word_1_790' title='bbox 2518 4252 2764 4322; x_wconf 91' lang='lat' dir='ltr'><strong>loquendi</strong></span> <span class='ocrx_word' id='word_1_791' title='bbox 2793 4253 3101 4311; x_wconf 82' lang='lat' dir='ltr'><strong>facultatem</strong></span> <span class='ocrx_word' id='word_1_792' title='bbox 3126 4258 3348 4324; x_wconf 84' lang='lat' dir='ltr'><strong>accepit.</strong></span> <span class='ocrx_word' id='word_1_793' title='bbox 3379 4257 3509 4310; x_wconf 84' lang='lat' dir='ltr'><strong>Nar-</strong></span> 
     </span>
    </p>
   </div>
   <div class='ocr_carea' id='block_1_105' title="bbox 1923 4341 3510 4420">
    <p class='ocr_par' dir='ltr' id='par_1_105' title="bbox 1923 4341 3510 4420">
     <span class='ocr_line' id='line_1_105' title="bbox 1923 4341 3510 4420; baseline 0.006 -25"><span class='ocrx_word' id='word_1_794' title='bbox 1923 4341 2058 4395; x_wconf 83' lang='lat' dir='ltr'><strong>ravit</strong></span> <span class='ocrx_word' id='word_1_795' title='bbox 2083 4352 2259 4397; x_wconf 89' lang='lat' dir='ltr'><strong>autem</strong></span> <span class='ocrx_word' id='word_1_796' title='bbox 2292 4343 2457 4410; x_wconf 91' lang='lat' dir='ltr'><strong>ipsius</strong></span> <span class='ocrx_word' id='word_1_797' title='bbox 2486 4355 2678 4413; x_wconf 90' lang='lat' dir='ltr'><strong>mater,</strong></span> <span class='ocrx_word' id='word_1_798' title='bbox 2703 4361 2822 4401; x_wconf 88' lang='lat' dir='ltr'><strong>cum</strong></span> <span class='ocrx_word' id='word_1_799' title='bbox 2854 4349 3106 4417; x_wconf 89' lang='lat' dir='ltr'><strong>puerulus</strong></span> <span class='ocrx_word' id='word_1_800' title='bbox 3135 4359 3306 4414; x_wconf 84' lang='lat' dir='ltr'><strong>esset,</strong></span> <span class='ocrx_word' id='word_1_801' title='bbox 3337 4351 3510 4420; x_wconf 86' lang='lat' dir='ltr'><strong>ipsum</strong></span> 
     </span>
    </p>
   </div>
   <div class='ocr_carea' id='block_1_106' title="bbox 1922 4433 3507 4512">
    <p class='ocr_par' dir='ltr' id='par_1_106' title="bbox 1922 4433 3507 4512">
     <span class='ocr_line' id='line_1_106' title="bbox 1922 4433 3507 4512; baseline 0.006 -24"><span class='ocrx_word' id='word_1_802' title='bbox 1922 4433 1974 4488; x_wconf 89' lang='lat' dir='ltr'><strong>in</strong></span> <span class='ocrx_word' id='word_1_803' title='bbox 2022 4448 2150 4490; x_wconf 85' lang='lat' dir='ltr'><strong>nare</strong></span> <span class='ocrx_word' id='word_1_804' title='bbox 2185 4437 2430 4491; x_wconf 87' lang='lat' dir='ltr'><strong>morbum</strong></span> <span class='ocrx_word' id='word_1_805' title='bbox 2477 4437 2728 4495; x_wconf 87' lang='lat' dir='ltr'><strong>habuisse</strong></span> <span class='ocrx_word' id='word_1_806' title='bbox 2752 4482 2767 4508; x_wconf 89' lang='lat'><strong>,</strong></span> <span class='ocrx_word' id='word_1_807' title='bbox 2795 4456 2953 4512; x_wconf 90' lang='lat' dir='ltr'><strong>quem</strong></span> <span class='ocrx_word' id='word_1_808' title='bbox 2982 4451 3168 4496; x_wconf 85' lang='lat' dir='ltr'><strong>vocant</strong></span> <span class='ocrx_word' id='word_1_809' title='bbox 3216 4442 3507 4512; x_wconf 83' lang='lat' dir='ltr'><strong>polypum;</strong></span> 
     </span>
    </p>
   </div>
   <div class='ocr_carea' id='block_1_107' title="bbox 1921 4529 3507 4603">
    <p class='ocr_par' dir='ltr' id='par_1_107' title="bbox 1921 4529 3507 4603">
     <span class='ocr_line' id='line_1_107' title="bbox 1921 4529 3507 4603; baseline 0.006 -25"><span class='ocrx_word' id='word_1_810' title='bbox 1921 4541 2241 4596; x_wconf 90' lang='lat' dir='ltr'><strong>rursumque</strong></span> <span class='ocrx_word' id='word_1_811' title='bbox 2267 4529 2504 4584; x_wconf 90' lang='lat' dir='ltr'><strong>medicos</strong></span> <span class='ocrx_word' id='word_1_812' title='bbox 2526 4529 2914 4600; x_wconf 58' lang='lat' dir='ltr'><strong>desperavisw,</strong></span> <span class='ocrx_word' id='word_1_813' title='bbox 2938 4546 3255 4603; x_wconf 82' lang='lat' dir='ltr'><strong>optasseque</strong></span> <span class='ocrx_word' id='word_1_814' title='bbox 3283 4542 3507 4589; x_wconf 87' lang='lat' dir='ltr'><strong>matrem</strong></span> 
     </span>
    </p>
   </div>
   <div class='ocr_carea' id='block_1_108' title="bbox 1922 4623 3508 4696">
    <p class='ocr_par' dir='ltr' id='par_1_108' title="bbox 1922 4623 3508 4696">
     <span class='ocr_line' id='line_1_108' title="bbox 1922 4623 3508 4696; baseline 0.006 -26"><span class='ocrx_word' id='word_1_815' title='bbox 1922 4627 1978 4671; x_wconf 92' lang='lat' dir='ltr'><strong>ut</strong></span> <span class='ocrx_word' id='word_1_816' title='bbox 2021 4631 2359 4684; x_wconf 83' lang='lat' dir='ltr'><strong>moreretur,</strong></span> <span class='ocrx_word' id='word_1_817' title='bbox 2404 4631 2716 4693; x_wconf 89' lang='lat' dir='ltr'><strong>patremque</strong></span> <span class='ocrx_word' id='word_1_818' title='bbox 2768 4623 2865 4693; x_wconf 89' lang='lat' dir='ltr'><strong>ipsi</strong></span> <span class='ocrx_word' id='word_1_819' title='bbox 2913 4625 3252 4680; x_wconf 80' lang='lat' dir='ltr'><strong>maledixisse</strong></span> <span class='ocrx_word' id='word_1_820' title='bbox 3295 4626 3508 4696; x_wconf 85' lang='lat' dir='ltr'><strong>(adhuc</strong></span> 
     </span>
    </p>
   </div>
   <div class='ocr_carea' id='block_1_109' title="bbox 1920 4711 3505 4787">
    <p class='ocr_par' dir='ltr' id='par_1_109' title="bbox 1920 4711 3505 4787">
     <span class='ocr_line' id='line_1_109' title="bbox 1920 4711 3505 4787; baseline 0.004 -22"><span class='ocrx_word' id='word_1_821' title='bbox 1920 4711 2060 4765; x_wconf 84' lang='lat' dir='ltr'><strong>enim</strong></span> <span class='ocrx_word' id='word_1_822' title='bbox 2084 4712 2345 4783; x_wconf 87' lang='lat' dir='ltr'><strong>vivebat):</strong></span> <span class='ocrx_word' id='word_1_823' title='bbox 2365 4714 2650 4785; x_wconf 89' lang='lat' dir='ltr'><strong>omniaque</strong></span> <span class='ocrx_word' id='word_1_824' title='bbox 2669 4715 2846 4770; x_wconf 90' lang='lat' dir='ltr'><strong>denuo</strong></span> <span class='ocrx_word' id='word_1_825' title='bbox 2867 4719 3132 4771; x_wconf 83' lang='lat' dir='ltr'><strong>anxietate</strong></span> <span class='ocrx_word' id='word_1_826' title='bbox 3156 4717 3309 4787; x_wconf 90' lang='lat' dir='ltr'><strong>plena</strong></span> <span class='ocrx_word' id='word_1_827' title='bbox 3332 4727 3505 4772; x_wconf 89' lang='lat' dir='ltr'><strong>erant.</strong></span> 
     </span>
    </p>
   </div>
   <div class='ocr_carea' id='block_1_110' title="bbox 1921 4801 3504 4877">
    <p class='ocr_par' dir='ltr' id='par_1_110' title="bbox 1921 4801 3504 4877">
     <span class='ocr_line' id='line_1_110' title="bbox 1921 4801 3504 4877; baseline 0.003 -22"><span class='ocrx_word' id='word_1_828' title='bbox 1921 4801 2014 4856; x_wconf 87' lang='lat' dir='ltr'><strong>lllc</strong></span> <span class='ocrx_word' id='word_1_829' title='bbox 2043 4818 2171 4858; x_wconf 89' lang='lat' dir='ltr'><strong>vero</strong></span> <span class='ocrx_word' id='word_1_830' title='bbox 2201 4805 2474 4860; x_wconf 90' lang='lat' dir='ltr'><strong>tussiendo</strong></span> <span class='ocrx_word' id='word_1_831' title='bbox 2497 4846 2510 4872; x_wconf 91' lang='lat'><strong>,</strong></span> <span class='ocrx_word' id='word_1_832' title='bbox 2543 4821 2608 4861; x_wconf 82' lang='lat' dir='ltr'><strong>ex</strong></span> <span class='ocrx_word' id='word_1_833' title='bbox 2639 4821 2854 4862; x_wconf 90' lang='lat' dir='ltr'><strong>mucore</strong></span> <span class='ocrx_word' id='word_1_834' title='bbox 2904 4809 3065 4862; x_wconf 83' lang='lat' dir='ltr'><strong>feram</strong></span> <span class='ocrx_word' id='word_1_835' title='bbox 3107 4807 3250 4860; x_wconf 88' lang='lat' dir='ltr'><strong>illam</strong></span> <span class='ocrx_word' id='word_1_836' title='bbox 3285 4808 3504 4877; x_wconf 75' lang='lat' dir='ltr'><strong>spiritus</strong></span> 
     </span>
    </p>
   </div>
   <div class='ocr_carea' id='block_1_111' title="bbox 1920 4891 3502 4965">
    <p class='ocr_par' dir='ltr' id='par_1_111' title="bbox 1920 4891 3502 4965">
     <span class='ocr_line' id='line_1_111' title="bbox 1920 4891 3502 4965; baseline 0.001 -19"><span class='ocrx_word' id='word_1_837' title='bbox 1920 4891 2119 4961; x_wconf 89' lang='lat' dir='ltr'><strong>impetu</strong></span> <span class='ocrx_word' id='word_1_838' title='bbox 2141 4909 2204 4948; x_wconf 85' lang='lat' dir='ltr'><strong>ex</strong></span> <span class='ocrx_word' id='word_1_839' title='bbox 2229 4894 2443 4949; x_wconf 84' lang='lat' dir='ltr'><strong>naribus</strong></span> <span class='ocrx_word' id='word_1_840' title='bbox 2464 4894 2641 4963; x_wconf 89' lang='lat' dir='ltr'><strong>ejecit,</strong></span> <span class='ocrx_word' id='word_1_841' title='bbox 2661 4897 2943 4964; x_wconf 87' lang='lat' dir='ltr'><strong>omniaque</strong></span> <span class='ocrx_word' id='word_1_842' title='bbox 2964 4897 3139 4965; x_wconf 88' lang='lat' dir='ltr'><strong>gravia</strong></span> <span class='ocrx_word' id='word_1_843' title='bbox 3162 4897 3333 4950; x_wconf 89' lang='lat' dir='ltr'><strong>soluta</strong></span> <span class='ocrx_word' id='word_1_844' title='bbox 3356 4907 3502 4951; x_wconf 92' lang='lat' dir='ltr'><strong>sunt.</strong></span> 
     </span>
    </p>
   </div>
   <div class='ocr_carea' id='block_1_112' title="bbox 1921 4981 3504 5055">
    <p class='ocr_par' dir='ltr' id='par_1_112' title="bbox 1921 4981 3504 5055">
     <span class='ocr_line' id='line_1_112' title="bbox 1921 4981 3504 5055; baseline 0.005 -19"><span class='ocrx_word' id='word_1_845' title='bbox 1921 4981 2033 5038; x_wconf 86' lang='lat' dir='ltr'><strong>Hoc</strong></span> <span class='ocrx_word' id='word_1_846' title='bbox 2070 4985 2254 5040; x_wconf 77' lang='lat' dir='ltr'><strong>sedaio</strong></span> <span class='ocrx_word' id='word_1_847' title='bbox 2286 4985 2423 5040; x_wconf 91' lang='lat' dir='ltr'><strong>malo</strong></span> <span class='ocrx_word' id='word_1_848' title='bbox 2461 4984 2635 5040; x_wconf 83' lang='lat' dir='ltr'><strong>ﬂuxus</strong></span> <span class='ocrx_word' id='word_1_849' title='bbox 2676 5001 2772 5055; x_wconf 89' lang='lat' dir='ltr'><strong>per</strong></span> <span class='ocrx_word' id='word_1_850' title='bbox 2807 4986 2989 5040; x_wconf 89' lang='lat' dir='ltr'><strong>oculos</strong></span> <span class='ocrx_word' id='word_1_851' title='bbox 3033 5002 3157 5042; x_wconf 85' lang='lat' dir='ltr'><strong>acer</strong></span> <span class='ocrx_word' id='word_1_852' title='bbox 3181 4996 3235 5040; x_wconf 92' lang='lat' dir='ltr'><strong>et</strong></span> <span class='ocrx_word' id='word_1_853' title='bbox 3264 4987 3504 5044; x_wconf 85' lang='lat' dir='ltr'><strong>viscosus</strong></span> 
     </span>
    </p>
   </div>
   <div class='ocr_carea' id='block_1_113' title="bbox 1919 5073 3504 5148">
    <p class='ocr_par' dir='ltr' id='par_1_113' title="bbox 1919 5073 3504 5148">
     <span class='ocr_line' id='line_1_113' title="bbox 1919 5073 3504 5148; baseline 0.003 -21"><span class='ocrx_word' id='word_1_854' title='bbox 1919 5073 2110 5137; x_wconf 83' lang='lat' dir='ltr'><strong>ﬂuens,</strong></span> <span class='ocrx_word' id='word_1_855' title='bbox 2145 5077 2278 5130; x_wconf 86' lang='lat' dir='ltr'><strong>tales</strong></span> <span class='ocrx_word' id='word_1_856' title='bbox 2309 5086 2520 5144; x_wconf 88' lang='lat' dir='ltr'><strong>tamque</strong></span> <span class='ocrx_word' id='word_1_857' title='bbox 2550 5089 2757 5131; x_wconf 83' lang='lat' dir='ltr'><strong>crassas</strong></span> <span class='ocrx_word' id='word_1_858' title='bbox 2787 5076 2956 5132; x_wconf 84' lang='lat' dir='ltr'><strong>lemas</strong></span> <span class='ocrx_word' id='word_1_859' title='bbox 2982 5075 3278 5143; x_wconf 89' lang='lat' dir='ltr'><strong>efﬁciebat,</strong></span> <span class='ocrx_word' id='word_1_860' title='bbox 3308 5085 3365 5131; x_wconf 91' lang='lat' dir='ltr'><strong>ut</strong></span> <span class='ocrx_word' id='word_1_861' title='bbox 3394 5079 3504 5148; x_wconf 87' lang='lat' dir='ltr'><strong>pcl-</strong></span> 
     </span>
    </p>
   </div>
   <div class='ocr_carea' id='block_1_114' title="bbox 1919 5165 3501 5240">
    <p class='ocr_par' dir='ltr' id='par_1_114' title="bbox 1919 5165 3501 5240">
     <span class='ocr_line' id='line_1_114' title="bbox 1919 5165 3501 5240; baseline 0.003 -20"><span class='ocrx_word' id='word_1_862' title='bbox 1919 5165 2078 5221; x_wconf 90' lang='lat' dir='ltr'><strong>licula</strong></span> <span class='ocrx_word' id='word_1_863' title='bbox 2131 5168 2342 5236; x_wconf 82' lang='lat' dir='ltr'><strong>pupillae</strong></span> <span class='ocrx_word' id='word_1_864' title='bbox 2394 5166 2789 5232; x_wconf 86' lang='lat' dir='ltr'><strong>obducerctur,</strong></span> <span class='ocrx_word' id='word_1_865' title='bbox 2836 5169 3084 5239; x_wconf 87' lang='lat' dir='ltr'><strong>quodque</strong></span> <span class='ocrx_word' id='word_1_866' title='bbox 3133 5185 3296 5240; x_wconf 86' lang='lat' dir='ltr'><strong>grave</strong></span> <span class='ocrx_word' id='word_1_867' title='bbox 3340 5181 3457 5225; x_wconf 90' lang='lat' dir='ltr'><strong>erat</strong></span> <span class='ocrx_word' id='word_1_868' title='bbox 3486 5213 3501 5236; x_wconf 93' lang='lat'><strong>,</strong></span> 
     </span>
    </p>
   </div>
   <div class='ocr_carea' id='block_1_115' title="bbox 1918 5259 3505 5331">
    <p class='ocr_par' dir='ltr' id='par_1_115' title="bbox 1918 5259 3505 5331">
     <span class='ocr_line' id='line_1_115' title="bbox 1918 5259 3505 5331; baseline 0.002 -18"><span class='ocrx_word' id='word_1_869' title='bbox 1918 5260 2210 5314; x_wconf 67' lang='lat' dir='ltr'><strong>caecitatem</strong></span> <span class='ocrx_word' id='word_1_870' title='bbox 2240 5259 2540 5314; x_wconf 89' lang='lat' dir='ltr'><strong>minabatur</strong></span> <span class='ocrx_word' id='word_1_871' title='bbox 2559 5303 2574 5326; x_wconf 93' lang='lat'><strong>,</strong></span> <span class='ocrx_word' id='word_1_872' title='bbox 2604 5274 2896 5331; x_wconf 87' lang='lat' dir='ltr'><strong>omnesque</strong></span> <span class='ocrx_word' id='word_1_873' title='bbox 2925 5260 3157 5317; x_wconf 84' lang='lat' dir='ltr'><strong>futuram</strong></span> <span class='ocrx_word' id='word_1_874' title='bbox 3190 5263 3332 5317; x_wconf 91' lang='lat' dir='ltr'><strong>illam</strong></span> <span class='ocrx_word' id='word_1_875' title='bbox 3359 5263 3505 5318; x_wconf 85' lang='lat' dir='ltr'><strong>dice-</strong></span> 
     </span>
    </p>
   </div>
   <div class='ocr_carea' id='block_1_116' title="bbox 1919 5350 3502 5426">
    <p class='ocr_par' dir='ltr' id='par_1_116' title="bbox 1919 5350 3502 5426">
     <span class='ocr_line' id='line_1_116' title="bbox 1919 5350 3502 5426; baseline 0.006 -23"><span class='ocrx_word' id='word_1_876' title='bbox 1919 5350 2064 5404; x_wconf 85' lang='lat' dir='ltr'><strong>bant.</strong></span> <span class='ocrx_word' id='word_1_877' title='bbox 2112 5350 2217 5406; x_wconf 87' lang='lat' dir='ltr'><strong>Sed</strong></span> <span class='ocrx_word' id='word_1_878' title='bbox 2262 5351 2363 5406; x_wconf 93' lang='lat' dir='ltr'><strong>hoc</strong></span> <span class='ocrx_word' id='word_1_879' title='bbox 2408 5351 2568 5406; x_wconf 87' lang='lat' dir='ltr'><strong>etiam</strong></span> <span class='ocrx_word' id='word_1_880' title='bbox 2614 5353 2803 5410; x_wconf 92' lang='lat' dir='ltr'><strong>morbo</strong></span> <span class='ocrx_word' id='word_1_881' title='bbox 2848 5369 2944 5425; x_wconf 90' lang='lat' dir='ltr'><strong>per</strong></span> <span class='ocrx_word' id='word_1_882' title='bbox 2985 5355 3079 5410; x_wconf 84' lang='lat' dir='ltr'><strong>Dei</strong></span> <span class='ocrx_word' id='word_1_883' title='bbox 3123 5356 3347 5426; x_wconf 85' lang='lat' dir='ltr'><strong>gratiam</strong></span> <span class='ocrx_word' id='word_1_884' title='bbox 3395 5356 3502 5412; x_wconf 86' lang='lat' dir='ltr'><strong>cito</strong></span> 
     </span>
    </p>
   </div>
   <div class='ocr_carea' id='block_1_117' title="bbox 1919 5440 2292 5496">
    <p class='ocr_par' dir='ltr' id='par_1_117' title="bbox 1919 5440 2292 5496">
     <span class='ocr_line' id='line_1_117' title="bbox 1919 5440 2292 5496; baseline 0 -2"><span class='ocrx_word' id='word_1_885' title='bbox 1919 5440 2172 5496; x_wconf 86' lang='lat' dir='ltr'><strong>liberatus</strong></span> <span class='ocrx_word' id='word_1_886' title='bbox 2193 5450 2292 5495; x_wconf 90' lang='lat' dir='ltr'><strong>est.</strong></span> 
     </span>
    </p>
   </div>
   <div class='ocr_carea' id='block_1_118' title="bbox 1994 5531 3497 5609">
    <p class='ocr_par' dir='ltr' id='par_1_118' title="bbox 1994 5531 3497 5609">
     <span class='ocr_line' id='line_1_118' title="bbox 1994 5531 3497 5609; baseline 0.001 -24"><span class='ocrx_word' id='word_1_887' title='bbox 1994 5531 2218 5587; x_wconf 83' lang='lat' dir='ltr'><strong>Historia</strong></span> <span class='ocrx_word' id='word_1_888' title='bbox 2259 5534 2361 5587; x_wconf 84' lang='lat' dir='ltr'><strong>alia</strong></span> <span class='ocrx_word' id='word_1_889' title='bbox 2398 5535 2466 5588; x_wconf 84' lang='lat' dir='ltr'><strong>ad</strong></span> <span class='ocrx_word' id='word_1_890' title='bbox 2510 5539 2677 5604; x_wconf 85' lang='lat' dir='ltr'><strong>ipsum</strong></span> <span class='ocrx_word' id='word_1_891' title='bbox 2701 5537 3114 5609; x_wconf 78' lang='lat' dir='ltr'><strong>Chrysostomum</strong></span> <span class='ocrx_word' id='word_1_892' title='bbox 3145 5539 3497 5607; x_wconf 84' lang='lat' dir='ltr'><strong>pertinens.—</strong></span> 
     </span>
    </p>
   </div>
   <div class='ocr_carea' id='block_1_119' title="bbox 1920 5623 3497 5699">
    <p class='ocr_par' dir='ltr' id='par_1_119' title="bbox 1920 5623 3497 5699">
     <span class='ocr_line' id='line_1_119' title="bbox 1920 5623 3497 5699; baseline -0.001 -20"><span class='ocrx_word' id='word_1_893' title='bbox 1920 5624 1985 5679; x_wconf 82' lang='lat' dir='ltr'><strong>Et</strong></span> <span class='ocrx_word' id='word_1_894' title='bbox 2025 5624 2138 5679; x_wconf 74' lang='lat' dir='ltr'><strong>hrcc</strong></span> <span class='ocrx_word' id='word_1_895' title='bbox 2167 5625 2378 5693; x_wconf 79' lang='lat' dir='ltr'><strong>quidem</strong></span> <span class='ocrx_word' id='word_1_896' title='bbox 2406 5627 2615 5690; x_wconf 87' lang='lat' dir='ltr'><strong>audivi;</strong></span> <span class='ocrx_word' id='word_1_897' title='bbox 2645 5645 2763 5698; x_wconf 77' lang='lat' dir='ltr'><strong>qua:</strong></span> <span class='ocrx_word' id='word_1_898' title='bbox 2789 5645 2919 5685; x_wconf 84' lang='lat' dir='ltr'><strong>vero</strong></span> <span class='ocrx_word' id='word_1_899' title='bbox 2948 5630 3060 5699; x_wconf 83' lang='lat' dir='ltr'><strong>ipse</strong></span> <span class='ocrx_word' id='word_1_900' title='bbox 3085 5627 3198 5682; x_wconf 86' lang='lat' dir='ltr'><strong>scio</strong></span> <span class='ocrx_word' id='word_1_901' title='bbox 3222 5669 3235 5689; x_wconf 93' lang='lat'><strong>,</strong></span> <span class='ocrx_word' id='word_1_902' title='bbox 3267 5623 3497 5680; x_wconf 85' lang='lat' dir='ltr'><strong>narrabo</strong></span> 
     </span>
    </p>
   </div>
   <div class='ocr_carea' id='block_1_120' title="bbox 1921 5715 3496 5793">
    <p class='ocr_par' dir='ltr' id='par_1_120' title="bbox 1921 5715 3496 5793">
     <span class='ocr_line' id='line_1_120' title="bbox 1921 5715 3496 5793; baseline -0.001 -24"><span class='ocrx_word' id='word_1_903' title='bbox 1921 5717 2090 5772; x_wconf 86' lang='lat' dir='ltr'><strong>vobis.</strong></span> <span class='ocrx_word' id='word_1_904' title='bbox 2110 5715 2250 5774; x_wconf 77' lang='grc'><strong>110111</strong></span> <span class='ocrx_word' id='word_1_905' title='bbox 2270 5728 2351 5775; x_wconf 62' lang='grc'><strong>011</strong></span> <span class='ocrx_word' id='word_1_906' title='bbox 2374 5727 2718 5791; x_wconf 68' lang='lat' dir='ltr'><strong>tyrannorum</strong></span> <span class='ocrx_word' id='word_1_907' title='bbox 2740 5722 2972 5793; x_wconf 87' lang='lat' dir='ltr'><strong>suspicio</strong></span> <span class='ocrx_word' id='word_1_908' title='bbox 2990 5720 3040 5774; x_wconf 91' lang='lat' dir='ltr'><strong>in</strong></span> <span class='ocrx_word' id='word_1_909' title='bbox 3062 5725 3273 5774; x_wconf 79' lang='lat' dir='ltr'><strong>etvitate</strong></span> <span class='ocrx_word' id='word_1_910' title='bbox 3293 5723 3496 5778; x_wconf 88' lang='lat' dir='ltr'><strong>nostra,</strong></span> 
     </span>
    </p>
   </div>
  </div>
