4036 6220
463 355 568 408 ΞΤΞ

464 473 590 527 dum
619 468 793 524 adhuc
822 464 1132 520 adolescens
1156 473 1331 515 essem
1363 474 1378 511 :
1409 454 1772 522 militibusque
1799 450 2045 506 omnibus

466 566 666 621 circum
689 560 955 615 civitatem
981 555 1109 610 foris
1130 552 1335 623 positis,
1354 549 1492 603 forte
1512 546 1721 602 libellos
1740 542 2049 613 quaerebant

400 724 411 734 .
465 654 850 726 praestigiarum
881 658 934 704 et
968 648 1218 716 inag’cos.
1248 645 1314 698 Et
1353 641 1443 712 qui
1487 640 1773 708 scripserat
1812 636 2005 690 librum
2028 674 2045 698 ,

467 748 860 813 incompactum
894 740 1119 810 projecit
1161 738 1214 792 in
1244 735 1442 789 ﬂumen
1467 774 1482 797 ,
1513 739 1805 800 captusque
1852 736 1968 787 est;
1998 734 2053 779 ct

465 851 587 890 cum
640 834 709 889 ab
740 834 828 887 illo
859 832 1235 900 requireretur,
1279 826 1405 879 dare
1439 839 1544 878 non
1599 820 1786 891 potuit,
1836 817 1926 872 sed
1959 831 2053 884 per

468 926 657 981 urbem
685 925 894 977 vinetus
922 921 1230 977 ducebatur.
1265 916 1396 971 Cum
1428 925 1602 969 autem
1634 912 1807 967 auctis
1846 909 2052 963 indiciis

470 1027 525 1073 et
564 1014 962 1086 probationibus
987 1055 1001 1079 ,
1031 1026 1218 1082 pmnas
1243 1009 1479 1064 dedisset
1505 1022 1523 1059 :
1552 1014 1677 1059 tunc
1721 1018 1819 1072 ego
1848 1016 1970 1055 cum
2002 999 2055 1053 in

472 1105 781 1176 martyrium
826 1106 839 1135 ¹
883 1103 958 1157 ire
990 1102 1182 1155 vellem
1210 1139 1225 1163 ,
1257 1097 1543 1153 transibam
1574 1109 1671 1163 per
1701 1095 1883 1146 hortos
1913 1089 2057 1158 iuxta

474 1199 672 1253 ﬂumen
700 1211 819 1251 cum
849 1195 953 1248 alio
978 1192 1206 1262 quodam
1234 1207 1249 1246 :
1272 1189 1361 1259 qui
1390 1196 1445 1241 ut
1472 1185 1602 1238 vidit
1626 1188 2057 1252 supernatanlem

474 1288 691 1353 librum,
725 1287 897 1356 primo
926 1299 985 1339 se
1014 1283 1235 1337 linteum
1267 1279 1447 1333 videre
1481 1276 1715 1345 putavit,
1745 1287 1807 1328 ac
1832 1272 2058 1326 descen—

472 1378 609 1434 dens
637 1377 870 1445 recepit;
902 1383 962 1427 ut
989 1372 1215 1427 accessit
1242 1385 1369 1425 vero
1395 1410 1411 1435 ,
1442 1368 1633 1421 librum
1664 1379 1784 1419 esse
1808 1362 1974 1425 vidit,
2007 1368 2063 1415 et

475 1468 807 1525 descendens
847 1466 1011 1536 cepit.
1038 1464 1151 1534 Ego
1184 1476 1310 1517 vero
1344 1458 1731 1515 contendebam
1758 1497 1772 1519 ,
1804 1453 1955 1524 quasi
1994 1450 2061 1505 de

477 1576 539 1615 re
582 1556 852 1613 communi
900 1563 1110 1624 reperta
1136 1594 1149 1617 ,
1181 1551 1544 1618 ridebamque.
1590 1544 1704 1602 Sed
1748 1543 2020 1599 videamus
2046 1581 2061 1605 ,

476 1652 649 1722 inquit
675 1651 782 1716 ille,
805 1648 927 1719 quid
954 1647 1058 1701 sit:
1085 1644 1427 1712 revolutaque
1453 1641 1656 1710 paginae
1676 1645 1825 1708 parte
1863 1634 2062 1704 magica

479 1742 744 1812 descripta
770 1741 990 1794 invenit.
1017 1735 1223 1792 Accidit
1246 1745 1421 1789 autem
1452 1731 1638 1786 eodem
1665 1738 1904 1799 tempore
1931 1725 2069 1780 mili-

483 1848 589 1892 tem
623 1835 868 1889 transire.
902 1831 1035 1885 ilinc
1065 1844 1192 1884 vero
1218 1827 1397 1882 socius
1425 1825 1515 1879 illo
1545 1822 1810 1878 occultato
1838 1819 1985 1885 abiit,
2016 1826 2067 1872 et

482 1930 672 1983 timore
699 1924 1020 1979 tabescebat.
1047 1921 1176 1988 Quis
1201 1919 1342 1974 enim
1373 1915 1691 1972 credidisset
1718 1927 1815 1967 nos
1839 1927 1869 1967 c
1896 1910 2068 1965 [lumi-

481 2033 552 2073 ne
584 2017 728 2070 illum
767 2013 1045 2069 sustulisse
1070 2053 1084 2076 ,
1126 2025 1246 2065 cum
1287 2021 1477 2064 omnes
1508 2005 1667 2061 etiam
1696 2019 1800 2058 non
1838 2004 2067 2072 suspecti

482 2106 884 2164 detinerentur?
927 2103 1173 2172 Ahjicere
1212 2116 1316 2155 non
1353 2098 1712 2161 audcbamus,
1756 2111 1821 2149 ne
1859 2094 2067 2147 videre-

485 2214 629 2263 mur,
658 2207 711 2252 et
760 2195 871 2264 pari
926 2194 1113 2248 timore
1160 2189 1537 2246 cohibebamur
1576 2202 1644 2241 nc
1689 2184 2067 2240 divideremus.

486 2289 598 2342 Deo
629 2296 805 2340 tamen
831 2285 1050 2353 juvante
1080 2281 1418 2351 projecimus,
1441 2286 1496 2333 et
1537 2277 1604 2331 ab
1653 2273 1905 2330 extremis
1932 2272 2072 2341 peri-

485 2378 618 2431 culis
639 2376 803 2443 erepti
826 2389 1026 2438 sumus.
1049 2373 1327 2426 luuumera
1346 2370 1524 2423 dicere
1546 2380 1755 2437 possem
1779 2364 1822 2417 si
1843 2362 2033 2417 vellem
2056 2379 2069 2414 :

488 2466 603 2533 hare
630 2475 806 2518 autem
836 2465 886 2516 in
910 2463 1072 2517 vestri
1101 2461 1320 2530 gratiam
1345 2458 1479 2521 dixi;
1510 2466 1567 2510 ιιι
1593 2456 1635 2509 si
1660 2455 1799 2524 quis,
1824 2454 1867 2507 si
1892 2468 1996 2506 non
2022 2451 2072 2504 in

490 2556 659 2625 paria,
688 2555 741 2608 in
772 2554 872 2606 alia
904 2562 1077 2606 tamen
1110 2551 1343 2615 incidat,
1375 2562 1560 2603 eorum
1593 2545 1901 2600 memoriam
1932 2558 2075 2597 sem-

492 2661 587 2716 per
615 2654 810 2699 servet.
845 2642 1001 2697 Verbi
1025 2643 1214 2711 gratia,
1247 2640 1289 2695 si
1321 2640 1474 2709 lapis,
1506 2638 1558 2692 in
1589 2646 1641 2691 te
1670 2634 1972 2704 conjectus,
1999 2641 2079 2687 tc-

557 2821 572 2850 ¹
610 2816 924 2883 Martyrium,
951 2816 1161 2883 ecclesia
1200 2823 1489 2883 martyrum,
1519 2812 1601 2863 vel
1640 2814 1689 2883 in
1714 2809 2079 2883 iquarcliquite

491 2874 758 2989 nIiartyruni
777 2879 1095 2928 habebantur.
1123 2877 1228 2927 Vox
1263 2874 1498 2940 frequens
1529 2874 1656 2937 apud
1703 2874 1969 2935 Scriptores
1998 2882 2078 2917 ec-

491 2958 519 2988 e
541 2942 810 2991 esiasticos.

1257 342 1311 395 S.
1350 337 1625 395 JUANNIS
1661 332 2135 391 CllliYSOSTOill
2176 328 2489 384 ARCIIIEP.
2520 324 3054 383 CONSTANTINOP.

3631 327 3731 382 9.76

2149 462 2252 519 que
2271 454 2416 502 recta
2437 447 2718 516 impetens,
2739 459 2846 500 non
2871 446 2921 500 in
2943 454 2994 499 te
3014 443 3228 513 incidat,
3248 445 3405 514 hujus
3428 461 3645 516 semper
3661 450 3733 503 sis

2151 555 2397 594 memor:
2427 538 2528 594 hoc
2560 538 2712 593 nobis
2740 553 2985 609 magnam
3021 539 3112 595 Dei
3141 540 3427 595 amicitiam
3458 540 3731 595 conciliat.

2152 630 2207 687 Si
2239 630 2380 686 enim
2419 644 2541 684 cum
2579 629 2924 685 recordamur
2952 631 3259 697 hominum,
3294 632 3383 702 qui
3423 647 3522 687 nos
3552 648 3737 688 serva-

2154 733 2312 787 runt,
2343 735 2666 791 magnopere
2690 721 2932 775 dolemus
2954 763 2968 786 ,
2998 722 3041 775 si
3071 738 3177 777 non
3206 724 3470 792 possimus
3502 724 3634 793 ipsis
3659 725 3738 779 vis

2155 826 2270 867 cem
2318 813 2616 882 rependere
2664 832 2677 866 :
2723 814 2891 868 multo
2934 813 3103 885 magis
3149 816 3260 870 Deo
3304 818 3501 886 gratias
3546 818 3743 874 habere

2157 912 2388 974 oportet.
2420 903 2475 957 id
2514 912 2570 959 et
2598 903 2731 959 alias
2770 904 2899 958 utile
2929 914 3028 959 est.
3061 906 3114 960 Si
3146 908 3324 976 itaque
3360 908 3605 963 volumus
3638 926 3741 964 non

2158 996 2379 1050 nimium
2414 994 2597 1050 dolere
2618 1037 2633 1058 ,
2664 995 2901 1049 dicamus
2932 1015 2944 1050 ε
2973 996 3035 1051 Si
3073 996 3205 1049 bona
3240 999 3550 1068 suscepimus
3577 1017 3608 1052 a
3638 1000 3743 1054 Do-

2160 1088 2329 1152 mino,
2361 1102 2533 1139 annon
2569 1084 2705 1138 mala
2752 1086 2969 1154 feremus
3007 1085 3143 1155 (Job
3170 1087 3225 1142 2.
3283 1088 3427 1157 10)?
3458 1088 3525 1142 Et
3555 1090 3747 1144 Paulus

2163 1177 2283 1232 ideo
2311 1176 2523 1231 dicebat
2542 1218 2557 1241 ,
2589 1176 2729 1232 unde
2759 1178 3012 1232 liberatus
3037 1188 3213 1244 esset,
3245 1186 3301 1232 ut
3327 1180 3459 1233 alios
3487 1179 3747 1235 admone-

2163 1278 2264 1324 ret.
2298 1269 2431 1324 Vidc
2460 1278 2513 1324 et
2542 1268 2821 1334 Jacobum,
2854 1268 3122 1338 quomodo
3155 1269 3242 1323 illa
3273 1272 3452 1325 omnia
3484 1271 3535 1325 in
3575 1283 3751 1327 mente

2166 1361 2381 1425 habuit;
2413 1360 2531 1415 idco
2560 1360 2767 1415 diccbat
2797 1379 2810 1413 :
2839 1360 3059 1430 Angelus
3081 1360 3167 1428 qui
3195 1361 3380 1429 eripuit
3410 1378 3488 1415 me
3511 1379 3542 1415 a
3564 1363 3746 1431 juven-

2166 1462 2268 1506 tute
2288 1469 2397 1506 mea
2418 1451 2571 1523 (Gen.
2595 1453 2682 1507 48.
2710 1452 2820 1522 16).
2845 1451 2951 1508 Sed
2972 1453 3265 1521 cogitemus
3287 1468 3390 1507 non
3415 1454 3589 1509 solum
3613 1456 3752 1524 quod

2167 1545 2401 1609 eruerit,
2430 1542 2524 1598 sed
2551 1544 2709 1598 etiam
2743 1544 3014 1615 quomodo
3039 1554 3091 1599 et
3117 1559 3220 1615 qua
3248 1546 3298 1599 in
3331 1562 3407 1601 re.
3436 1546 3571 1601 Vide
3600 1548 3756 1616 igitur

2169 1638 2318 1693 illum
2358 1637 2632 1707 Speciatim
2660 1637 2915 1692 benelicia
2948 1648 3482 1693 commemorantem.
3515 1638 3581 1693 In
3618 1641 3759 1709 virga

2170 1747 2300 1795 mea,
2330 1729 2532 1799 inquit,
2562 1729 2769 1782 transivi
2797 1727 3080 1783 Jordanem
3114 1729 3131 1799 (
3158 1728 3284 1783 Gen.
3310 1730 3398 1784 '52.
3429 1729 3494 1784 10
3517 1730 3560 1800 ).
3590 1729 3757 1783 Judaei

2172 1838 2299 1877 vero
2329 1821 2490 1877 etiam
2529 1836 2714 1875 eorum
2742 1861 2756 1886 ,
2785 1836 2905 1890 qua:
2944 1820 3233 1889 majoribus
3275 1822 3387 1876 suis
3426 1832 3718 1876 evenerant
3744 1864 3758 1883 ,

2172 1929 2386 1984 semper
2414 1928 2680 1968 memores
2708 1922 2883 1977 erant,
2917 1921 3221 1983 repetentes
3250 1928 3332 1978 ea,
3361 1929 3479 1983 quae
3512 1915 3563 1967 in
3597 1914 3764 1985 Egy-

2173 2016 2265 2078 pto
2292 2005 2615 2061 acciderant.
2648 2005 2711 2059 Et
2742 2018 2839 2059 nos
2869 2019 2996 2073 ergo
3023 2004 3192 2059 multo
3220 2006 3385 2074 magis
3412 2020 3619 2067 eorum,
3645 2024 3764 2075 qua:

2176 2096 2329 2153 nobis
2367 2095 2713 2159 acciderunt,
2744 2110 3011 2149 memores
3044 2096 3212 2149 simus
3233 2136 3249 2162 ,
3279 2097 3487 2164 quoties
3515 2097 3567 2151 in
3597 2113 3766 2169 angu-

2176 2189 2305 2242 stias
2342 2198 2396 2242 et
2428 2187 2757 2241 calamitates
2794 2185 3112 2251 incidimus;
3145 2196 3199 2242 et
3235 2188 3333 2241 nisi
3373 2188 3512 2242 Deus
3548 2205 3762 2243 manum

2178 2278 2733 2350 porrexisset,jamdiu
2753 2277 3111 2348 periissemus.
3133 2278 3255 2334 llaec
3267 2280 3560 2348 cogitantes
3576 2296 3763 2335 omnes

2178 2382 2231 2425 et
2262 2371 2497 2441 quotidie
2535 2379 2866 2439 repetentes,
2893 2370 3092 2440 gratias
3118 2384 3331 2439 semper
3363 2371 3473 2425 Deo
3500 2385 3721 2441 agamus
3747 2412 3761 2435 ,

2179 2472 2230 2517 et
2262 2464 2312 2516 in
2344 2462 2612 2516 communi
2640 2476 2826 2516 omnes
2856 2462 3081 2531 gloriam
3114 2462 3210 2531 ipsi
3244 2463 3559 2529 referamus,
3595 2480 3769 2534 neque

2182 2556 2329 2610 illum
2360 2552 2630 2607 celebrare
2657 2566 2950 2618 cessemus,
2978 2560 3037 2606 ut
3062 2554 3198 2623 grati
3227 2554 3388 2607 animi
3420 2570 3667 2624 magnam
3693 2572 3768 2608 re-

2181 2647 2438 2716 cipiamus
2467 2642 2769 2697 mercedem
2799 2661 2813 2697 :
2841 2644 3012 2713 gratia
3041 2651 3096 2698 et
3125 2644 3553 2699 miserationibus
3582 2647 3768 2715 unige-

2182 2738 2277 2791 niti
2307 2736 2424 2805 ejus
2454 2734 2571 2789 Filii
2601 2774 2615 2797 ,
2646 2734 2859 2804 quicum
2887 2742 2943 2788 et
2971 2749 3073 2787 una
3105 2734 3324 2802 Spiritui
3350 2746 3531 2790 sancto
3556 2736 3723 2805 gloria
3753 2779 3767 2800 ,

2183 2827 2496 2897 imperium,
2529 2825 2728 2890 honor,
2760 2838 2900 2877 nunc
2926 2832 2982 2878 et
3012 2837 3247 2893 semper,
3279 2835 3333 2880 ct
3362 2827 3414 2879 in
3440 2826 3636 2881 sxcula
3665 2842 3770 2881 sae-

2182 2919 2444 2972 culorum.
2479 2916 2670 2969 Amen.

502 3034 3760 3066 Μ

1792 3103 2138 3166 HOMILIA
2180 3099 2488 3161 XXXIX.

496 3263 624 3317 CAP.
661 3262 746 3315 17.
776 3275 829 3313 ν.
876 3258 967 3313 52.
1010 3256 1136 3310 Cum
1176 3255 1434 3309 audissent
1471 3262 1638 3306 autent
1679 3248 2090 3304 resurrectionem

569 3361 883 3405 mortuorum
902 3388 917 3413 ,
949 3346 1038 3400 alii
1065 3347 1267 3416 quidem
1307 3342 1582 3398 irridebant
1610 3384 1625 3405 ,
1655 3341 1745 3395 alii
1786 3355 1900 3393 vero
1940 3339 2088 3391 dixe-

572 3450 689 3495 runt
718 3455 737 3494 :
763 3440 1031 3493 Audiamus
1062 3448 1108 3491 te
1131 3438 1193 3491 de
1221 3437 1315 3491 hoc
1342 3436 1540 3488 iterant.
1571 3434 1660 3488 55.
1696 3430 1761 3485 Et
1787 3430 1859 3483 sic
1890 3427 2090 3482 Paulus

572 3533 693 3587 exiit
724 3532 788 3585 de
816 3532 982 3585 medio
1012 3545 1205 3583 eorum.

575 3627 627 3679 1.
670 3622 777 3675 Cur
803 3621 1017 3681 Paulus,
1049 3635 1169 3673 cum
1201 3620 1279 3674 sic
1308 3617 1681 3688 persuasisset,
1712 3625 1770 3671 ut
1796 3615 2089 3671 Athenien-

504 3731 592 3771 ses
618 3714 876 3776 dicerent,
906 3711 1181 3765 Audiemus
1208 3720 1255 3765 te
1279 3710 1341 3764 de
1370 3710 1462 3763 hoc
1487 3710 1686 3776 iterum,
1716 3724 1944 3778 cumque
1970 3706 2090 3762 nul-

508 3808 555 3859 ia
595 3812 774 3859 essent
808 3802 1038 3872 pericula
1063 3842 1078 3865 ,
1110 3801 1323 3857 festinat
1363 3802 1720 3856 Athenienses
1749 3799 2091 3869 relinquere?

509 3897 666 3951 Forte
691 3894 890 3950 sciebat
916 3908 974 3949 se
999 3908 1103 3949 non
1130 3895 1352 3949 multum
1381 3893 1508 3948 lucri
1536 3892 1797 3949 facturum
1823 3910 1835 3946 :
1857 3890 2092 3960 alioquin

506 3989 664 4045 etiam
704 4002 735 4041 a
777 3986 975 4056 Spiritu
1022 3984 1336 4040 Corinthum
1373 3985 1687 4040 ducebatur.
1737 3985 1823 4039 55.
1873 3982 2093 4048 Quidam

506 4096 620 4133 vero
645 4079 738 4132 viri
766 4077 1077 4132 adhaerentes
1104 4077 1148 4130 ei
1173 4119 1186 4143 ,
1213 4076 1532 4130 crediderunt
1556 4092 1573 4128 :
1595 4076 1647 4128 in
1676 4075 1855 4143 quibus
1885 4083 1931 4126 et
1962 4072 2090 4124 Dio-

507 4173 680 4242 nysius
717 4170 1018 4241 Areopagita
1043 4209 1058 4231 ,
1086 4178 1131 4222 et
1162 4169 1343 4222 mulier
1377 4167 1578 4220 nomine
1611 4166 1847 4218 Damaris
1870 4205 1885 4230 ,
1917 4173 1965 4217 et
2002 4163 2094 4217 alii

508 4278 620 4315 eum
645 4261 735 4314 eis.
761 4260 779 4329 (
804 4259 931 4328 Cap.
970 4258 1079 4326 18.)
1105 4259 1154 4310 1.
1181 4257 1305 4311 Post
1332 4258 1438 4310 [nec
1462 4266 1626 4309 autem
1648 4272 1875 4326 egressus
1897 4253 2095 4308 Paulus

508 4353 736 4416 Athenis,
759 4352 888 4404 venit
916 4350 1209 4404 Corinthum
1231 4366 1249 4402 :
1270 4350 1323 4402 Ξ.
1350 4359 1395 4401 et
1421 4349 1676 4402 inveniens
1702 4347 1967 4419 quemdam
1992 4348 2095 4399 Ju-

508 4444 674 4495 dazum
716 4442 916 4495 nomine
945 4439 1176 4509 Aquilam
1201 4479 1217 4504 ,
1250 4438 1519 4492 Ponticum
1557 4454 1767 4509 genere,
1806 4438 1892 4506 qui
1934 4454 2095 4506 nuper

508 4538 709 4585 venerat
736 4546 799 4584 ex
831 4529 985 4582 Italia
1008 4571 1021 4594 ,
1055 4538 1099 4582 ct
1132 4528 1423 4583 Priscillam
1452 4545 1659 4583 uxorem
1684 4530 1793 4599 ejus
1822 4528 1922 4599 (eo
1960 4528 2094 4599 quod

511 4621 823 4691 praecepisset
846 4618 1090 4675 Claudius
1115 4620 1368 4673 discedere
1399 4636 1573 4675 omnes
1608 4620 1820 4674 Judazos
1847 4618 2051 4691 Roma)
2075 4661 2090 4686 ,

509 4712 715 4765 accessit
742 4711 810 4764 ad
837 4727 919 4765 eos
945 4726 962 4763 :
984 4711 1037 4765 5.
1065 4719 1110 4764 et
1137 4711 1253 4780 quia
1290 4710 1514 4781 ejusdem
1542 4720 1651 4765 erat
1676 4712 1799 4765 artis
1817 4752 1832 4775 ,
1864 4712 2095 4766 manebat

510 4800 650 4872 apud
670 4816 774 4866 eos,
797 4810 844 4855 et
873 4800 1174 4869 operabatur
1196 4816 1214 4853 .'
1238 4810 1381 4853 erant
1407 4810 1573 4854 autem
1602 4801 1980 4870 scenofactoria:
2005 4818 2093 4855 ar-

511 4894 597 4948 tis.
638 4893 767 4948 lure
806 4891 1115 4947 Corinthum
1141 4932 1155 4956 ,
1201 4900 1258 4945 ut
1280 4892 1389 4946 disi
1414 4933 1428 4956 ,
1460 4907 1488 4944 a
1529 4891 1726 4961 Spiritu
1757 4893 1969 4946 ducitur
1992 4935 2005 4956 ,
2039 4893 2092 4949 in

511 5001 614 5055 qua
644 5000 861 5040 manere
886 4984 1186 5054 oportebat.
1217 4983 1572 5039 Athenienses
1599 4983 1739 5038 enim
1766 5025 1781 5050 ,
1813 4986 1912 5039 etsi
1942 5000 2095 5039 nova:

511 5076 786 5131 concionis
821 5083 1086 5131 amatores
1110 5082 1326 5141 essent,
1366 5089 1470 5129 non
1497 5072 1841 5130 attendebant
1871 5083 2044 5130 tamen
2076 5091 2090 5135 ς

514 5183 686 5236 neque
721 5169 862 5223 enim
899 5170 951 5223 id
980 5169 1268 5232 curabant,
1304 5167 1396 5222 sed
1428 5176 1486 5222 ut
1512 5182 1727 5236 semper
1756 5166 1880 5237 quid
1911 5166 2094 5221 dicen-

516 5258 642 5311 dum
669 5257 926 5314 haberent
950 5277 963 5313 :
989 5259 1040 5315 id
1067 5259 1207 5329 quod
1234 5260 1394 5315 etiam
1423 5258 1547 5315 fecit
1572 5267 1630 5313 ut
1671 5259 2009 5314 secedercnt.
2038 5258 2093 5314 Si

516 5349 619 5403 hoc
660 5359 836 5405 autem
880 5351 982 5405 illis
1020 5351 1070 5405 in
1108 5366 1258 5406 more
1295 5362 1448 5417 erat,
1489 5366 1587 5407 cur
1619 5359 1874 5407 accusant
1905 5352 2050 5406 illum
2078 5394 2092 5418 ,

518 5437 782 5493 Novarum
828 5441 1191 5495 daemoniorum
1238 5445 1565 5496 annuntiator
1598 5459 1702 5496 esse
1730 5443 1962 5497 videtur?
1993 5442 2094 5498 Sed

517 5531 632 5587 lucc
658 5531 811 5587 valde
839 5530 1062 5586 obscura
1103 5532 1206 5587 illis
1236 5548 1354 5588 esse
1382 5534 1646 5587 videntur.
1694 5535 1939 5587 Attamen
1976 5550 2095 5603 per-

517 5623 683 5679 suasit
714 5622 961 5693 Dionysio
990 5624 1321 5693 Areopagitae
1354 5632 1407 5677 et
1451 5624 1568 5677 aliis
1597 5622 1933 5692 quibusdam.
1963 5623 2094 5676 Nam

519 5717 603 5787 qui
633 5715 697 5791 de
726 5721 825 5771 vita
854 5724 998 5773 recte
1026 5716 1227 5786 agenda
1254 5714 1529 5779 curabant,
1556 5715 1661 5769 cito
1693 5714 1912 5769 verbum
1944 5730 2093 5770 acce-

2187 3253 2416 3314 perunt;
2461 3244 2641 3299 caeteri
2682 3258 2812 3299 vero
2850 3259 2955 3299 non
2997 3244 3143 3300 item.
3185 3244 3404 3300 Videtur
3429 3259 3556 3316 ergo
3580 3246 3775 3300 Paulus

2190 3334 2322 3389 Satis
2344 3333 2613 3399 habuisse,
2633 3334 2775 3403 quod
2802 3334 2922 3389 ﬁdei
2944 3334 3146 3389 semina
3165 3335 3386 3404 jecisset
3410 3353 3422 3389 :
3449 3336 3613 3405 major
3629 3336 3773 3391 enim

2192 3440 2313 3495 pars
2342 3423 2463 3478 viiai
2494 3423 2634 3479 illius
2670 3424 2780 3494 jam
2812 3432 3075 3479 transacta
3102 3435 3237 3479 erat.
3284 3425 3412 3480 Nam
3443 3427 3538 3481 sub
3562 3426 3779 3483 Nerone

2191 3524 2591 3571 consummatus
2619 3525 2733 3581 est;
2766 3530 2796 3571 a
2820 3515 3042 3570 Claudio
3068 3525 3245 3571 autem
3274 3526 3399 3572 tunc
3425 3518 3623 3573 bellum
3645 3534 3780 3574 con-

2193 3617 2272 3661 tra
2302 3606 2515 3662 Judaeos
2545 3608 2746 3663 moveri
2778 3607 3101 3678 incipiebat,
3132 3611 3316 3677 procul
3343 3612 3555 3681 quidem
3577 3653 3592 3676 ,
3620 3621 3783 3683 atque

2192 3708 2250 3751 ut
2285 3698 2575 3753 verisimile
2614 3708 2694 3754 est
2719 3739 2734 3763 ,
2767 3706 2825 3753 ut
2867 3713 2987 3755 sese
3026 3700 3407 3769 emendarent;
3438 3718 3501 3758 ac
3526 3704 3695 3760 Roma
3725 3716 3786 3759 ut

2196 3789 2429 3860 pestifcri
2469 3790 2822 3859 pellebantur.

2272 3878 2464 3934 Paulus
2490 3897 2581 3933 cur
2607 3883 2800 3936 vinctus
2826 3880 3041 3936 Romam
3068 3883 3289 3938 ducitur.
3322 3915 3386 3924 —
3412 3885 3535 3942 Ideo
3560 3902 3624 3942 ex
3666 3886 3784 3942 dis-

2194 3971 2507 4040 pensatione
2532 3972 2707 4026 divina
2732 3972 2808 4040 tit,
2832 3982 2888 4027 ut
2918 3973 3115 4030 Paulus
3145 3977 3353 4031 vinctus
3383 3978 3507 4033 illuc
3535 3978 3784 4044 ducatur,

2194 4069 2250 4114 ut
2282 4075 2349 4116 ne
2381 4062 2530 4131 quasi
2560 4061 2777 4117 Judaeus
2809 4064 3056 4133 pellatur,
3086 4066 3180 4121 sed
3208 4068 3357 4136 quasi
3396 4068 3497 4123 sub
3527 4068 3789 4124 militibus

2194 4165 2356 4217 agens
2380 4192 2394 4217 ,
2428 4152 2478 4205 in
2509 4152 2750 4207 custodia
2781 4154 2869 4208 sit.
2902 4152 2966 4205 Et
2994 4158 3211 4221 mansit,
3248 4157 3446 4227 inquit,
3476 4160 3617 4228 apud
3646 4159 3789 4214 illos.

2196 4240 2390 4310 Papae!
2423 4256 2583 4311 quam
2617 4242 2876 4312 justitiam
2909 4245 3131 4313 invenit,
3176 4257 3233 4301 ut
3259 4264 3379 4302 cum
3410 4248 3516 4304 illis
3546 4248 3787 4305 habitet!

2194 4333 2329 4401 Quia
2356 4334 2497 4389 enim
2531 4335 2617 4390 hic
2643 4338 2979 4406 potissimum
3008 4341 3287 4409 oportebat
3327 4342 3474 4397 illum
3507 4358 3616 4398 non
3642 4345 3792 4398 acci-

2196 4440 2323 4496 pere
2344 4466 2358 4489 ,
2388 4433 2445 4480 ut
2474 4425 2589 4495 ipse
2629 4427 2703 4481 ait
2742 4443 2756 4481 :
2803 4427 2871 4482 Ut
2916 4429 2969 4482 in
2992 4446 3091 4499 quo
3117 4431 3404 4501 gloriantur
3425 4475 3439 4498 ,
3469 4434 3795 4487 inveniantur

2194 4518 2321 4572 sicut
2340 4527 2385 4572 et
2405 4534 2495 4573 nos
2520 4517 2595 4590 (2.
2618 4519 2735 4574 Cor.
2764 4521 2847 4575 ii.
2876 4521 2985 4592 12);
3010 4523 3318 4593 providetur
3340 4533 3397 4578 ut
3419 4525 3524 4579 illic
3548 4539 3789 4581 maneat.

2195 4610 2247 4664 4.
2279 4608 2348 4663 Et
2373 4610 2658 4681 disputabat
2684 4612 2736 4665 in
2766 4630 3024 4685 synagoga
3065 4632 3153 4685 per
3179 4632 3325 4670 omne
3348 4617 3630 4686 sabbatum,
3665 4637 3792 4674 sua-

2195 4703 2436 4773 debatque
2462 4703 2681 4771 Iudaeis,
2706 4714 2750 4759 et
2779 4705 2986 4760 (ἱππεὶς.
3014 4708 3064 4762 5.
3092 4707 3219 4761 Cum
3253 4709 3499 4763 venissent
3524 4720 3700 4764 autem
3734 4713 3798 4765 de

2197 4795 2502 4852 Macedonia
2563 4799 2703 4854 Silas
2740 4809 2787 4853 et
2834 4799 3164 4866 Timotheus,
3211 4802 3563 4855 coarctabatur
3604 4806 3797 4872 spiritu

2198 4892 2395 4945 Paulus
2419 4933 2432 4955 ,
2479 4892 2752 4961 testiﬁcans
2792 4892 2988 4946 Judwis
3037 4894 3291 4947 Christum
3330 4893 3528 4948 Iesum.
3578 4894 3634 4948 id
3666 4903 3753 4951 est
3776 4938 3791 4962 ,

2196 4983 2406 5039 molesti
2436 4994 2587 5039 erant
2627 4984 2700 5038 illi
2723 5026 2737 5050 ,
2772 4984 3115 5055 insurgebant
3151 4986 3203 5039 in
3246 5001 3370 5040 eum
3404 5003 3417 5040 :
3449 4986 3528 5040 sic
3557 4986 3636 5040 illi
3664 5002 3796 5058 age-

2196 5078 2345 5131 bant.
2379 5076 2519 5144 Quid
2560 5092 2687 5132 vero
2713 5077 2948 5131 Paulus?
2985 5078 3260 5147 Relinquit
3286 5092 3381 5134 eos
3405 5119 3420 5143 ,
3452 5078 3795 5152 multumque

2201 5178 2384 5223 terret.
2409 5168 2522 5223 Non
2548 5168 2681 5222 ultra
2704 5169 3063 5223 necessarium
3088 5178 3223 5235 erat,
3252 5169 3445 5239 inquit,
3468 5169 3623 5223 vobis
3644 5169 3793 5241 loqui

2198 5261 2454 5327 verbum;
2503 5261 2597 5315 sed
2624 5260 2902 5315 obscurius
2947 5261 3198 5331 loquitur.
3230 5262 3284 5317 6.
3320 5262 3795 5319 Contradicentibus

2198 5364 2365 5406 autem
2393 5355 2464 5408 eis
2490 5362 2536 5407 et
2561 5353 3041 5423 blasphemantibus,
3071 5354 3327 5408 excutiens
3353 5355 3648 5409 vestimenta
3674 5372 3795 5423 sua,

2198 5445 2325 5497 dixit
2353 5445 2422 5498 eis
2449 5460 2468 5499 :
2494 5444 2719 5515 Sanguis
2748 5452 2903 5497 vester
2927 5461 3080 5513 super
3108 5454 3258 5515 caput
3282 5456 3499 5501 vestrum
3528 5464 3547 5501 :
3569 5449 3797 5503 mundus

2199 5551 2308 5604 ego,
2340 5551 2402 5588 ea:
2427 5535 2520 5588 hoc
2545 5535 2613 5587 ad
2632 5543 2799 5605 gentes
2829 5536 3028 5588 vadum.
3053 5536 3104 5591 7.
3130 5535 3198 5588 Et
3222 5538 3445 5606 migrans
3467 5537 3605 5602 inde,
3630 5538 3796 5592 intra-

2200 5627 2265 5677 rit
2294 5626 2347 5678 in
2376 5625 2582 5679 domum
2611 5625 2903 5695 cujusdam,
2934 5627 3135 5679 nomine
3161 5626 3321 5692 Justi,
3355 5628 3566 5681 colentis
3604 5627 3791 5692 Deum,

2200 5718 2347 5785 cujus
2371 5716 2549 5772 domus
2575 5726 2681 5771 erat
2706 5719 2973 5787 conjuncta
2995 5733 3284 5787 synngogte.
3312 5719 3363 5773 8.
3389 5717 3597 5788 Crispus
3620 5729 3796 5773 autem
