4036 6212
445 248 551 302 277

447 359 601 431 19.96]
639 359 798 430 εἴπερ
822 357 1029 428 ἤθελον.
1072 357 1342 424 Κρίσπος
1381 354 1483 418 δὲ,
1521 353 1714 424 φησὶν,
1752 353 1785 403 ὀ
1825 350 2115 417 ἀρχισυν-

448 447 672 517 άγωγος
693 448 1017 500 ἐπίστευσε
1037 441 1116 508 τῷ
1137 443 1330 510 Κυρίῳ
1349 443 1472 495 σὺν
1498 442 1618 508 ὅλῳ
1641 437 1720 504 τῷ
1741 439 1884 501 οἴκῳ
1905 432 2111 489 αὑτοῦ.

452 535 561 587 Καὶ
593 533 750 587 τοῦτο
779 533 1008 603 μάλιστα
1055 531 1236 583 ἱκανὸν
1267 531 1400 599 πρὸς
1435 529 1497 580 τὸ
1539 524 1930 594 ἐπαγαγέσθαι.
1967 517 2117 575 Εἷπε

452 619 522 687 δὲ
549 623 581 672 ό
609 620 821 685 Κύριος
863 618 949 670 δι’
993 617 1287 685 ὁράματος
1322 617 1391 667 ἐν
1423 607 1594 669 νυκτὶ
1635 613 1714 678 τῷ
1743 613 1987 673 Παύλῳ·
2021 606 2118 674 Μὴ

453 706 675 773 φοϐοῦ,
710 705 872 758 ἀλλὰ
919 704 1113 768 λάλει,
1157 704 1255 756 καὶ
1301 702 1381 772 μὴ
1423 700 1774 768 σιωπήσῃς,
1826 698 1972 750 διότι
2007 693 2122 764 ἐγώ

454 795 569 861 είμι
597 793 747 862 μετὰ
774 792 910 853 σοῦ,
936 791 1030 844 καὶ
1068 789 1266 856 οὐδεὶς
1301 788 1650 854 ἐπιθήσεταί
1682 802 1778 838 σοι
1806 784 1912 838 τοῦ
1941 779 2122 835 κακῶ-

456 879 564 929 σαί
585 895 678 940 σε,
698 877 846 930 διότι
867 879 1015 943 λαὸς
1035 877 1166 929 ἔστι
1192 895 1292 944 μοι
1315 874 1507 938 πολὺς
1526 874 1594 926 ἐν
1615 872 1688 940 τῇ
1716 873 1884 924 πόλει
1910 871 2117 936 ταύτῃ.

455 965 603 1033 Ὅρα
628 963 714 1018 διὰ
750 964 929 1016 πόσων
963 962 1123 1015 αὑτὸν
1150 961 1344 1025 πείθει,
1375 961 1469 1012 καὶ
1501 957 1616 1021 πῶς
1643 957 1671 1010 ὃ
1703 958 1933 1028 μάλιστα
1959 953 2122 1007 αὑτὸν

459 1049 610 1118 ᾕρει,
655 1049 812 1100 τοῦτο
843 1047 1067 1118 ὕστερον
1118 1045 1268 1116 αὐτῷ
1309 1047 1485 1113 λέγει·
1523 1045 1643 1097 Ὅτι
1675 1042 1824 1108 λαὸς
1864 1041 1995 1095 ἔστι
2021 1057 2124 1109 μοι

459 1135 653 1200 πολὺς
684 1134 755 1187 ἐν
774 1132 849 1202 τῇ
877 1136 1046 1188 πόλει
1082 1134 1288 1199 ταύτῃ.
1316 1132 1438 1193 Πῶς
1457 1127 1549 1184 οὖν
1572 1129 1925 1184 συνεπέθεντο
1951 1127 2119 1197 αὐτῷ,

458 1223 600 1274 εἴποι
631 1239 716 1283 τις
743 1221 839 1287 ἇν;
875 1221 984 1273 Καὶ
1021 1221 1126 1291 μὴν
1161 1220 1312 1272 οὐδὲν
1346 1220 1594 1288 ἴσχυσαν,
1629 1217 1741 1270 ἀλλ’
1779 1218 1988 1288 ἤγαγον
2025 1217 2124 1268 αύ-

457 1308 548 1361 τὸν
580 1307 739 1378 μόνον
772 1308 907 1378 πρὸς
941 1308 1031 1362 τὸν
1077 1307 1402 1360 ἀνθύπατον.
1443 1306 1717 1360 Ἐκάθισέ
1749 1323 1811 1359 τε
1845 1304 2124 1358 ἐνιαυτὸν

459 1395 554 1448 καὶ
577 1394 777 1465 μῆνας
807 1396 877 1460 ἐξ
898 1436 912 1460 ,
961 1395 1264 1449 διδάσκων
1301 1395 1373 1448 ἐν
1409 1396 1613 1459 αὐτοῖς
1653 1395 1761 1449 τὸν
1790 1395 1976 1464 λόγον
2015 1392 2122 1447 τοῦ

460 1480 628 1534 Θεοῦ.
662 1483 1010 1547 Γαλλίωνος
1053 1481 1122 1534 δὲ
1152 1482 1673 1546 ἀνθυπατεύοντος
1707 1479 1818 1548 τῆς
1858 1479 2118 1548 Ἀχαΐας,

457 1567 923 1636 κατεπέστησαν
963 1569 1339 1637 ὁμοθυμαδὸν
1366 1572 1418 1622 οἱ
1459 1567 1730 1623 Ἰουδαῖοι
1755 1565 1835 1631 τῷ
1880 1566 2119 1629 Παύλῳ,

457 1653 554 1705 καὶ
586 1653 813 1722 ἤγαγον
833 1655 1019 1707 αὑτὸν
1043 1655 1139 1707 ἐπὶ
1172 1653 1238 1707 τὸ
1265 1652 1456 1723 βῆμα,
1495 1654 1796 1724 λέγοντες,
1839 1651 1930 1705 ὅτι
1956 1649 2122 1717 Παρά

457 1741 564 1794 τὸν
595 1742 785 1809 νόμον
809 1737 988 1808 οὗτος
1041 1743 1346 1797 ἀναπείθει
1374 1741 1515 1805 τοὺς
1567 1740 1913 1807 ἀνθρώπους
1956 1736 2123 1792 σέϐε-

455 1832 597 1881 σθαι
624 1827 730 1882 τὸν
758 1829 925 1882 Θεόν.
954 1829 1118 1900 Ὀρᾷς
1140 1829 1226 1882 διὰ
1253 1828 1304 1882 τί
1330 1831 1523 1882 ἐκεῖνοι
1544 1828 1631 1881 ἀεὶ
1683 1826 1916 1897 δημοσίᾳ
1960 1823 2120 1877 ἔπλε-

456 1933 551 1969 κον
586 1916 1085 1986 κατηγορήματαα;
1132 1917 1273 1988 Ὅρα
1293 1916 1422 1985 γοῦν
1453 1914 1684 1970 ἐνταῦθα
1714 1914 1974 1968 εἰπόντων
1997 1911 2122 1966 τού-

455 2019 584 2064 των,
641 2003 723 2054 ὅτι
775 2003 926 2072 παρὰ
959 2003 1048 2055 τὸν
1103 2002 1266 2073 νόμον
1306 2001 1587 2056 ἀναπείθει
1625 2002 1751 2064 τοὺς
1799 1998 2121 2070 ἀνθρώπους

459 2088 710 2142 σέϐεσθαι
736 2088 826 2141 τὸν
847 2091 999 2152 Θεὸν,
1031 2089 1181 2143 οὐδὲν
1215 2088 1416 2142 τούτων
1440 2089 1672 2160 ἐμέλησε
1699 2089 1777 2157 τῷ
1807 2085 2119 2156 ἀνθυπάτῳ,

455 2174 569 2228 ἀλλ’
597 2176 736 2246 ὑπὲρ
765 2175 976 2229 Παύλου
1017 2175 1214 2244 μᾶλλον
1261 2176 1625 2244 ἀπολογεῖται.
1661 2175 1770 2228 Καὶ
1801 2175 1966 2229 ἄκουε
2003 2173 2122 2236 πῶς

455 2263 838 2332 ἀποκρίνεταιο
881 2264 949 2316 El
982 2263 1092 2333 μὲν
1128 2259 1207 2332 ἦν
1231 2262 1350 2316 τῶν
1375 2261 1483 2331 τῆς
1528 2263 1757 2327 πόλεως
1787 2261 2123 2329 ἀπτόμενον

456 2348 718 2417 ἀδίκημά
769 2367 823 2402 τι
867 2349 905 2416 ἢ
940 2350 1351 2418 ῥᾳδιούργημα
1397 2350 1685 2416 πονηρὸν,
1737 2343 1783 2402 ὦ
1831 2346 2119 2411 Ἰουδαῖοι,

456 2435 606 2488 κατὰ
638 2436 822 2502 λόγον
857 2435 934 2488 ἂν
962 2436 1314 2504 ἠνεσχόμην
1351 2435 1535 2504 ὑμῶν.
1585 2435 1862 2502 Ἐπιεικής
1903 2451 1984 2496 τις
2027 2433 2122 2486 ἄν·

459 2521 676 2591 θρωπος
708 2513 862 2584 οὗτος
892 2518 1028 2574 εἷναί
1057 2539 1146 2590 μοι
1175 2521 1354 2573 δοκεῖ·
1394 2519 1485 2574 καὶ
1515 2520 1670 2590 δῆλον
1709 2519 1768 2583 ἐξ
1802 2514 1876 2571 ὧν
1899 2518 2124 2589 ἀποκρί-

455 2625 604 2660 νεται
653 2608 904 2670 συνετῶς.
949 2608 1294 2673 Μέλλοντος
1335 2606 1404 2660 δὲ
1451 2607 1558 2661 τοῦ
1612 2607 1878 2670 Παύλου,
1935 2607 2120 2674 φησὶν,

455 2696 721 2764 ἀνοίγειν
747 2696 810 2749 τὸ
841 2697 1056 2764 στόμα,
1077 2692 1247 2749 εἶπεν
1265 2698 1298 2749 ὁ
1327 2696 1606 2749 Γαλλίων
1627 2695 1776 2762 πρὸς
1799 2693 1941 2758 τοὺς
1974 2693 2123 2747 Ἰου-

453 2781 695 2845 δαίους·
730 2781 912 2850 εἰμὲν
946 2778 1026 2852 ἦν
1053 2781 1316 2850 ἀδίκημά
1349 2800 1401 2835 τι
1430 2783 1468 2850 ἢ
1492 2782 1901 2851 ῥᾳδιούργημα
1934 2797 2120 2848 πονη-

451 2869 583 2937 ρὸν,
617 2864 664 2923 ὦ
696 2867 980 2933 Ἰουδαῖοι,
1015 2869 1166 2922 κατὰ
1200 2871 1384 2938 λόγον
1427 2868 1503 2922 ἂν
1530 2869 1882 2937 ἠνεσχόμην
1913 2866 2081 2936 ὑμῶν
2108 2885 2119 2896 .

453 2957 508 3008 εὶ
539 2954 607 3007 δὲ
637 2952 859 3024 ζήτημά
885 2955 1017 3009 ἐστι
1043 2954 1177 3024 περὶ
1208 2955 1392 3024 λόγου
1423 2955 1520 3008 καί
1560 2954 1864 3024 ὀνομάτων
1897 2953 1994 3007 καὶ
2025 2952 2124 3006 νό-

449 3061 570 3112 μου
597 3042 704 3098 τοῦ
742 3046 872 3099 καθ’
907 3043 1081 3114 ὑμᾶς,
1119 3043 1346 3111 ὄψεσθε
1377 3041 1548 3096 αὐτοί
1567 3056 1580 3070 ·
1613 3039 1817 3109 κριτὴς
1857 3040 1965 3110 γὰρ
2008 3039 2123 3108 ἐγὼ

456 3129 683 3183 τούτων
710 3132 781 3184 οὐ
812 3129 1111 3199 βούλομαι
1149 3124 1319 3181 εἶναι.
1371 3128 1481 3180 Καὶ
1529 3126 1852 3192 ἀπήλασεν
1902 3126 2123 3192 αὐτοὺς

456 3214 576 3268 ἀπὸ
607 3215 714 3269 τοῦ
737 3215 1031 3284 βήματος.
1064 3215 1503 3282 Ἐπιλαϐόμενοι
1543 3213 1611 3266 δὲ
1643 3214 1865 3280 πάντες
1895 3216 1948 3266 οἱ
1975 3215 2120 3266 ’Ἑλ-

456 3304 644 3368 ληνες
672 3302 995 3371 Σωσθένην
1016 3301 1124 3355 τὸν
1168 3298 1666 3369 ἀρχισυνάγωγον
1703 3299 1965 3352 ἔτυπτον
2014 3299 2118 3366 ἐμ-

454 3392 720 3456 προσθεν
738 3389 841 3443 τοῦ
852 3388 1123 3458 βήματος
1136 3387 1269 3451 ,ικαὶ
1286 3385 1467 3440 οὐδὲν
1491 3387 1714 3440 τούτων
1732 3385 1812 3450 τῷ
1826 3387 2120 3440 Γαλλίωνι

450 3477 649 3544 ἔμελε.
706 3477 816 3530 Καὶ
870 3475 1116 3529 ἐντεῦθεν
1160 3474 1320 3528 πάλιν
1379 3473 1441 3526 τὸ
1488 3473 1729 3536 ἐπιεικὲς
1787 3472 1881 3526 τοῦ
1931 3473 2122 3544 ἀνδρὸς

451 3562 746 3616 δείκνυται.
789 3562 1139 3633 Τυπτομένου
1187 3561 1297 3632 γὰρ
1337 3558 1523 3621 αὐτοῦ,
1568 3559 1666 3630 οὐχ
1713 3561 1954 3631 ἡγήσατο
1985 3561 2121 3615 ἰδίαν

454 3649 610 3720 ὓϐριν
647 3645 807 3704 εἶναι·
840 3649 1012 3712 οὕτως
1038 3644 1177 3720 ἦσαν
1213 3649 1391 3717 ἰταμοὶ
1410 3649 1461 3701 οἱ
1502 3648 1764 3704 Ἰουδαῖοι.

525 3738 589 3806 β’.
622 3737 848 3806 Ἰδωμεν
873 3737 929 3790 δὲ
957 3735 1162 3790 ἄνωθεν
1193 3735 1262 3789 τὰ
1289 3735 1693 3806 ἀνεγνωσμένα.
1730 3736 2117 3802 Ἀκούσαντες

452 3825 521 3879 δὲ
549 3825 893 3879 ἀνάστασιν
916 3823 1163 3894 νεκρῶν,
1182 3827 1236 3880 οί
1257 3825 1738 3894 μέν’ἐχλεύαζον,
1757 3829 1811 3880 οί
1829 3827 1898 3880 δὲ
1913 3823 2088 3881 εἷπον
2103 3846 2116 3858 ·

466 3911 862 3981 Ἀκουσόμεθά
914 3927 1029 3966 σου
1084 3911 1289 3966 πάλιν.
1348 3912 1498 3964 Πόσα
1549 3911 1762 3982 μεγάλα
1805 3914 1898 3966 καὶ
1943 3913 2122 3984 ὑψηλὰ

453 3997 806 4064 ἀκούσαντες,
841 3998 962 4052 οὑδέ
997 4000 1303 4069 προσεῖχον,
1343 3998 1454 4051 ἀλλ’
1489 3999 1806 4069 ἐχλεύαζονί
1842 3999 1951 4071 Τὴν
1986 4001 2120 4052 ἀνά-

455 4103 644 4140 στασιν
666 4086 723 4140 δὲ
745 4085 1032 4157 ἐχλεύαζον
1051 4105 1064 4118 ο
1095 4086 1363 4155 Ψυχικὸς
1390 4087 1498 4157 γὰρ
1526 4086 1836 4154 ἅνθρωπος
1858 4089 1929 4140 οὺ
1952 4086 2119 4156 δέχε-

454 4189 549 4227 ται
578 4175 652 4228 τὰ
676 4175 782 4228 τοῦ
812 4176 1178 4244 Πνεύματος.
1213 4176 1319 4231 Kal
1356 4175 1539 4239 οὕτω,
1569 4163 1759 4245 ⁸φησὶν,
1797 4174 2058 4242 ἐξῆλθεν
2090 4177 2122 4228 o'

453 4263 693 4326 Παῦλος
720 4263 787 4316 ἐκ
803 4263 998 4331 μέσου
1019 4263 1236 4317 αὐτῶν.
1275 4263 1465 4315 Οῦτω·
1513 4261 1663 4327 πῶς;
1701 4263 1838 4325 Τοὺς
1873 4263 1969 4332 μὲν
2006 4263 2122 4314 πεί-

455 4365 575 4409 σας,
612 4348 716 4400 ὑπὸ
752 4349 810 4401 δὲ
835 4349 941 4402 τῶν
974 4349 1303 4416 γελώμενος.
1333 4348 1652 4416 Χωρισθεὶς
1679 4347 1746 4400 δὲ
1785 4348 1904 4401 ἀπὸ
1957 4349 2122 4415 Ἀθη-

452 4434 597 4497 νῶν,
647 4435 831 4502 φησὶν,
879 4430 1066 4502 ἦλθεν
1114 4437 1200 4500 εἰς
1245 4435 1554 4502 Κόρινθον.
1613 4435 1723 4488 Kal
1754 4433 1944 4502 εὑρών
1987 4452 2122 4488 τινα

466 4519 750 4574 Ἰουδαῖον
797 4521 1041 4590 ὀνόματι
1095 4521 1390 4584 Ἀκύλαν,
1447 4521 1739 4576 Ποντικὸν
1791 4520 1872 4586 τῷ
1923 4521 2078 4592 γένει
2103 4562 2118 4586 ,

453 4606 813 4676 προσφάτως
829 4608 1167 4675 ἐληλυθότα
1190 4608 1308 4662 ἀπὸ
1327 4607 1438 4675 τῆς
1472 4609 1751 4674 Ἰταλίας,
1772 4608 1967 4681 ἔμεινε
1985 4610 2121 4679 παρ’

453 4695 660 4761 αὐτοῖς
685 4695 785 4749 καὶ
808 4694 1120 4766 εἰργάζετο.
1151 4696 1293 4766 Ὅρα
1313 4735 1328 4757 ,
1359 4695 1474 4760 πῶς
1505 4699 1532 4749 6
1564 4697 1726 4767 νόμος
1757 4696 1984 4768 ἄρχεται
2018 4714 2121 4750 κα-

453 4781 747 4837 ταλύεσθαι
768 4783 972 4837 λοιπόν.
1010 4782 1347 4854 Κειράμενος
1375 4783 1504 4854 γὰρ,
1538 4784 1787 4848 Ἰουδαῖος
1819 4783 1927 4846 ὢν,
1969 4778 2122 4848 οὗτος

453 4871 512 4923 ἐν
561 4872 866 4942 Κεγχρεαῖς
923 4869 1061 4940 μετὰ
1109 4869 1312 4934 ταῦτα,
1353 4871 1431 4933 είς
1481 4870 1681 4940 Συρίαν
1723 4870 2121 4942 συναπέρχεται

455 4959 678 5029 Παύλῳ.
736 4959 996 5022 Ποντικὸς
1027 4957 1124 5020 ὢν,
1168 4958 1268 5011 οὐκ
1297 4959 1355 5011 ἐν
1408 4956 1800 5029 Ἱεροσολύμοις
1823 4957 1944 5010 οὐδέ
1983 4958 2122 5029 πλη-

456 5046 567 5099 σίον
595 5046 852 5100 ἔσπευδεν
875 5046 1067 5111 ἐλθεῖν,
1091 5046 1227 5099 ἀλλὰ
1251 5045 1590 5118 μακροτέρω.
1620 5046 1758 5115 Παρ’
1798 5045 1946 5116 αὐτῷ
1966 5045 2120 5118 [29η

455 5131 586 5199 γοῦν
643 5133 817 5203 μένει,
854 5135 949 5188 καὶ
999 5134 1099 5187 οὒκ
1137 5134 1452 5204 αἰσχύνεται
1498 5133 1698 5204 μένων,
1724 5131 1860 5186 ἀλλὰ
1904 5133 1998 5186 καὶ
2053 5133 2120 5185 δι’

454 5219 585 5270 αὐτὸ
609 5220 765 5273 τοῦτο
819 5222 990 5290 μένει,
1044 5222 1120 5285 ὡς
1169 5221 1470 5292 ἐπιτήδειον
1527 5219 1704 5290 εὑρὼν
1738 5220 2118 5288 καταγώγιονι

456 5304 634 5375 πολλῷ
654 5307 760 5377 γὰρ
789 5309 935 5378 αὐτῷ
964 5307 1073 5361 τῶν
1117 5309 1402 5379 βασιλείων
1429 5309 1861 5380 ἐπιτηδειότερον
1891 5304 1978 5379 ἦν.
2010 5309 2120 5362 Καὶ

459 5390 533 5462 μὴ
580 5391 816 5464 γελάσῃς
865 5393 1098 5458 ἀκούων,
1141 5396 1410 5467 ἀγαπητέ.
1456 5395 1723 5466 Καθάπερ
1763 5396 1872 5467 γὰρ
1914 5397 2120 5468 ἀθλητῇ

457 5480 488 5548 ἡ
523 5477 832 5551 παλαίστρα
851 5480 960 5532 τῶν
979 5481 1202 5534 ἁπαλῶν
1223 5483 1561 5553 στρωμάτων
1592 5483 1792 5553 μᾶλλον
1817 5485 2084 5554 χρήσιμον
2105 5501 2119 5516 ·

456 5564 599 5620 οὕτω
631 5567 726 5621 καί
764 5567 844 5639 τῷ
891 5567 1189 5639 πολεμιστῇ
1219 5569 1279 5622 τὸ
1318 5569 1470 5638 ξίφος
1498 5570 1560 5622 τὸ
1599 5571 1872 5642 σιδηροῦν,
1913 5571 2027 5624 ἀλλ’
2060 5573 2120 5624 ού

455 5654 515 5707 τὸ
559 5653 814 5725 χρυσοῦν.
874 5657 982 5709 Καὶ
1033 5657 1318 5727 εἰργάζετο
1366 5657 1674 5728 κηρύττων.
1733 5658 2122 5730 Αἰσχυνθῶμεν

460 5743 616 5810 ἡμεῖς
649 5743 696 5794 οἱ
729 5743 823 5796 καὶ
853 5743 1022 5815 χωρὶς
1069 5743 1162 5797 τοῦ
1192 5743 1482 5815 κηρύττειν
1518 5745 1701 5814 ἀργῶς
1768 5744 1984 5810 ζῶντες.
2031 5749 2121 5798 AI-

530 5845 555 5874 ⁸
576 5845 674 5896 Alii
704 5847 899 5898 (πλεκον
926 5849 1260 5912 ἁμαρτήματα,
1285 5852 1376 5898 ἵνα.

1193 241 1250 298 S.
1291 236 1572 295 JOANNIS
1598 225 2080 291 CIIRYSOSTOMI
2109 223 2428 283 ARCHIEP.
2466 224 3017 284 CONSTANTINOP.

3795 216 3911 269 Ξῖὸ

2223 344 2467 412 ελέγετο
2495 342 2561 394 δὲ
2588 342 2657 396 ἐν
2689 340 2763 408 τῇ
2791 337 3136 408 συναγωγῇ,
3161 335 3314 407 φησὶ,
3345 333 3495 388 κατὰ
3520 331 3646 387 πᾶν
3673 330 3913 384 σάϐἴαο

2222 446 2350 495 τον,
2385 429 2583 485 ἔπειθέ
2630 447 2696 483 τε
2732 427 3059 491 Ἰουδαίους
3106 442 3170 478 τε
3210 423 3308 476 καὶ
3339 423 3662 486 Ἕλληνας.
3717 420 3912 472 Ἀντιη

2225 521 2616 589 τασσομένων
2638 519 2707 572 δὲ
2734 517 2933 572 αὐτῶν
2957 515 3053 569 καὶ
3070 511 3621 581 βλασφημούντων,
3661 505 3912 589 ἀπέστη.

2223 607 2408 680 Ταύτῃ
2445 607 2756 677 προσδοκῶν
2786 604 2986 666 αὐτοὺς
3035 601 3208 660 ἓλΞειν
3260 597 3480 670 μᾶλλον,
3517 580 3913 662 ἀφίσταταιθ.

2221 695 2318 748 Διὰ
2351 678 2401 746 τί
2433 693 2541 763 γὰρ
2572 693 2731 760 ἀφεὶς
2755 691 2972 758 ἐκείνην
3003 687 3102 758 τὴν
3133 686 3333 746 οἰκίαν,
3359 679 3491 753 ἦλθε
3537 678 3769 748 πλησίον
3805 678 3912 746 τῆς

2225 781 2544 850 συναγωγῆς
2565 797 2578 844 ;
2611 776 2699 848 ἆρ’
2735 778 2854 847 οὐχὶ
2879 775 2967 828 διὰ
2985 775 3173 837 τοῦτο;
3206 771 3327 825 οὐδὲ
3349 769 3458 842 γὰρ
3483 767 3728 819 κίνδυνον
3751 764 3909 834 ἐώρα

2222 867 2474 920 ἐνταῦθα.
2504 865 3056 934 Διαμαρτυρόμενος
3090 858 3317 922 αὐτοῖς,
3345 854 3528 924 φησίν.
3559 853 3673 905 υύκ
3714 851 3796 903 ἔτι
3831 850 3910 902 διο

2221 955 2433 1019 δάσκει,
2497 953 2632 1007 ἀλλὰ
2687 947 3141 1021 διαμαρτύρεται.
3213 939 3767 1007 Ἀντιτασσομένων
3838 936 3908 988 δὲ

2221 1041 2452 1104 αὐτῶν,
2489 1039 2654 1109 φησὶ,
2689 1037 2786 1090 καί
2816 1033 3382 1102 βλασφημούντων,
3429 1023 3905 1092 ἐκτιναξάμενος

2222 1127 2295 1180 τὰ
2347 1127 2550 1195 ίμάτια
2599 1121 2760 1177 εἶπε’
2801 1121 2874 1176 Τὸ
2917 1116 3060 1189 αἷμα
3101 1115 3268 1186 ὑμῶν
3295 1115 3392 1167 ἐπὶ
3447 1111 3560 1178 τὴν
3615 1109 3904 1177 κεφαλὴν

2222 1213 2411 1282 ὑμῶν.
2441 1211 2610 1266 Τοῦτο
2641 1213 2806 1272 ποιεῖ,
2843 1208 2984 1261 ὥστε
3029 1206 3101 1276 μὴ
3149 1205 3356 1274 ῥήματι
3397 1200 3579 1270 μόνον,
3623 1196 3765 1249 ἀλλὰ
3811 1196 3902 1249 καὶ

2225 1300 2508 1372 πράγματι
2537 1299 2770 1368 φοϐῆσαι
2790 1314 2803 1327 ·
2830 1296 2923 1349 καὶ
2947 1292 3301 1362 σφοδρότερον
3327 1286 3656 1352 διαλέγεται,
3681 1285 3782 1337 ἆτε
3810 1284 3901 1335 καὶ

2224 1371 2454 1451 πολλοὺς
2484 1388 2781 1447 πεπεικὼς.
2814 1381 3078 1448 Καθαρός
3108 1382 3244 1447 ειμι,
3273 1375 3457 1446 φησὶν,
3479 1372 3623 1442 ἐγώ·
3653 1371 3779 1425 ἀπὸ
3796 1371 3901 1424 τοῦ

2222 1477 2340 1530 νῦν
2374 1477 2461 1541 εἰς
2485 1475 2554 1528 τὰ
2578 1475 2722 1540 ἔθνη
2763 1471 3150 1540 πορεύσομαι.
3185 1468 3328 1535 Ἀρα
3354 1464 3448 1516 καὶ
3475 1463 3637 1532 ἡμεῖς
3660 1459 3905 1512 ὑπεύθυ-

2223 1563 2302 1616 νοί
2333 1565 2498 1631 ἐσμεν
2530 1559 2624 1613 τοῦ
2659 1560 2888 1627 αἵματος
2910 1555 3018 1608 τῶν
3048 1556 3178 1625 ἡμῖν
3213 1547 3733 1620 ἐγκεχειρισμένων,
3760 1547 3904 1616 ἁμεο

2221 1649 2439 1710 λοῦντες
2463 1645 2662 1700 αὐτῶν.
2691 1646 2855 1697 Ὥστε
2879 1643 2969 1696 καὶ
2995 1644 3122 1695 ὅταν
3144 1639 3301 1710 λέγῃ,
3330 1638 3400 1690 T6
3420 1636 3640 1690 λοιπὸν
3667 1636 3905 1698 κόπους

2219 1755 2321 1805 μοι
2348 1734 2562 1804 μηδείς
2602 1731 2929 1800 παρεχέτω,
2991 1728 3171 1797 φοϐῶν
3210 1739 3413 1796 φησιν’
3469 1724 3530 1775 οὐ
3567 1721 3678 1792 γὰρ
3729 1720 3901 1783 οῦτως

2223 1823 2418 1884 αὐτοὺς
2448 1820 2631 1891 ἐφόϐει
2672 1820 2704 1890 ή
2749 1816 3010 1888 τιμωρία,
3044 1813 3119 1878 ὡς
3149 1813 3339 1866 ἔδακνε
3377 1810 3554 1862 τοῦτο.
3593 1808 3705 1861 Kal
3730 1824 3902 1875 μετα-

2224 1909 2330 1974 ϐὰς
2351 1907 2600 1969 ἐκεῖθεν,
2639 1901 2828 1974 ἦλθεν
2854 1906 2941 1968 εὶς
2969 1902 3164 1956 οὶκίαν
3213 1898 3507 1953 Ἰούστου.
3560 1893 3905 1948 Μεταϐαίνει

2225 1996 2547 2066 βουλόμενος
2575 1994 2772 2056 αὐτοὺς
2811 1992 3017 2054 πεῖσαι,
3045 1990 3127 2041 ὅτι
3175 1986 3311 2057 πρδς
3342 1983 3413 2036 τὰ
3447 1982 3575 2051 ἔθνη
3613 1981 3903 2049 ἠπείγετο.

2221 2065 2490 2152 Κρίσπος
2525 2081 2594 2134 δὲ
2628 2083 2660 2135 ό
2687 2077 3177 2148 ἀρχισυνάγωγος
3198 2113 3211 2136 ,
3240 2072 3425 2142 φησὶν,
3451 2069 3787 2123 ἐπίστευσε
3828 2065 3907 2128 τῷ

2222 2170 2416 2237 Κυρίῳ
2459 2169 2582 2221 σὺν
2620 2167 2740 2232 ὅλῳ
2768 2163 2846 2230 τῷ
2896 2163 3038 2229 οἴκῳ
3081 2154 3467 2228 αὐτοῦ.”’ορα
3505 2156 3630 2218 τοὺς
3670 2152 3908 2214 πιστοὺς

2222 2256 2342 2308 τότε
2371 2254 2508 2326 μετὰ
2535 2255 2630 2325 τῆς
2658 2252 2833 2314 οἰκίας
2855 2250 3011 2303 τοῦτο
3039 2245 3326 2306 ποιοῦντας
3346 2241 3661 2312 ὁλοκλήρου.
3691 2239 3904 2291 Τούτου

2226 2343 2283 2397 δέ
2316 2341 2632 2412 γενομένου,
2673 2337 2874 2400 εὐθέως
2907 2337 3002 2390 καὶ
3043 2335 3221 2404 ἕτεροι
3271 2329 3454 2383 πολλοὶ
3501 2326 3906 2388 πιστεύσαντες

2223 2427 2647 2496 ἐϐαπτίσθησαν.
2673 2425 2876 2478 Τοῦτον
2904 2421 3156 2492 Κρίσπον
3193 2419 3342 2485 λέγει
3375 2416 3464 2469 τδν
3518 2413 3907 2485 ἀρχισυνάγω-

2221 2535 2338 2586 γον,
2379 2516 2504 2585 περὶ
2528 2507 2588 2568 οὗ
2617 2531 2747 2583 φησι
2776 2509 3004 2580 γράφων
3023 2525 3036 2538 ·
3084 2505 3313 2560 Οὐδένα
3359 2504 3553 2557 ἄλλον
3574 2500 3902 2562 ἐϐάπτισα,

2221 2607 2274 2658 εί
2297 2603 2382 2674 μὴ
2433 2603 2707 2671 Κρίσπον
2743 2597 2841 2651 καὶ
2888 2596 3092 2651 Γάϊον.
3137 2590 3304 2662 Οἶμαι
3343 2590 3399 2643 δέ
3439 2587 3759 2674 τοῦτονκαὶ
3789 2587 3908 2638 Σω-

2224 2690 2417 2759 σθένην
2445 2686 2718 2755 λέγεσθαι,
2757 2684 2814 2747 ὃς
2837 2683 3090 2735 τοσοῦτον
3128 2679 3268 2749 ἀνὴρ
3299 2675 3486 2737 πιστὸς
3513 2670 3601 2744 ἦν,
3632 2672 3781 2726 ὥστε
3809 2674 3906 2725 καὶ

2221 2758 2520 2830 τύπτεσθαι
2548 2773 2641 2826 καὶ
2669 2773 2920 2840 παρεῖναι
2949 2769 3040 2822 ἀεὶ
3067 2767 3145 2838 τῷ
3171 2765 3390 2833 Παύλῳ.
3423 2758 3571 2818 Εἷπε
3601 2759 3692 2824 δὲ,
3735 2761 3901 2829 φησι,

2223 2866 2254 2916 ὸ
2283 2863 2494 2929 Κύριος
2518 2860 2590 2913 δι’
2622 2858 2913 2927 ὁράματος
2941 2854 3020 2919 τῷ
3047 2853 3263 2917 Παύλῳ
3285 2857 3306 2884 ι’
3331 2867 3343 2881 ο
3369 2849 3466 2914 Μὴ
3491 2847 3703 2917 φοϐοῦ,
3736 2847 3905 2900 ἀλλὰ

2220 2948 2414 3003 λάλει.
2457 2947 2555 3000 Διὰ
2592 2945 2748 2998 τοῦτο
2793 2943 2958 2995 πολὺν
2989 2941 3180 3012 χρόνον
3209 2939 3361 3008 μένει
3403 2937 3550 2989 ἐκεῖ·
3581 2933 3768 2986 ἔπειθε
3801 2934 3903 3002 μὲν

2222 3037 2330 3107 γὰρ
2354 3035 2516 3089 αὑτὸν
2546 3035 2640 3087 καὶ
2685 3033 2745 3085 τὺ
2771 3030 2993 3100 πλῆθος,
3029 3031 3062 3099 ἡ
3111 3028 3168 3080 δὲ
3207 3025 3481 3086 οἰκείωσις
3530 3021 3626 3075 τοῦ
3657 3019 3901 3090 Χριστοῦ

2223 3106 2404 3178 πλέον.
2464 3119 2682 3184 Μείζων
2703 3120 2812 3188 γὰρ
2838 3120 2866 3171 6
2901 3117 3143 3178 κίνδυνος
3183 3113 3400 3181 ἐγένετο
3441 3109 3628 3163 λοιπὸν
3661 3109 3756 3160 καὶ
3788 3106 3903 3158 τῶν

2223 3212 2484 3265 πλειόνων
2538 3207 2906 3261 πιστευόντων
2963 3205 3060 3257 καὶ
3109 3201 3202 3255 τοῦ
3258 3195 3734 3271 ἀρχισυναγώγου.
3797 3195 3900 3260 Μὴ

2221 3299 2428 3370 φοϐοῦ,
2485 3297 2638 3367 φησί.
2704 3293 2875 3348 Τοῦτο
2919 3291 3101 3346 ἱκανὸν
3150 3289 3312 3343 αὑτὸν
3361 3283 3743 3351 διαναστῆσαι,
3812 3283 3902 3334 ὅτι

2219 3369 2454 3458 ἠλέγχθη
2483 3382 2868 3455 φοϐούμενοςῆ
2905 3381 3006 3434 οὐκ
3030 3375 3271 3448 ἠλέγχθη
3298 3374 3417 3444 μὲν,
3444 3371 3553 3425 ἀλλ’
3576 3369 3717 3458 ὥστε
3754 3369 3902 3438 μηδέ

2218 3457 2374 3529 τοῦτο
2401 3473 2592 3528 παθεῖν
2611 3510 2624 3532 ,
2655 3466 3155 3541 παραθαρρύνεται.
3186 3464 3262 3516 Οὐ
3281 3462 3387 3532 γὰρ
3421 3459 3504 3514 ἀεὶ
3549 3457 3754 3517 αὐτοὺς
3788 3457 3901 3508 πά-

2223 3577 2374 3631 σχειν
2403 3559 2490 3612 εία
2506 3557 2712 3622 κακῶς,
2743 3555 2881 3608 ὥστε
2901 3552 2976 3624 μὴ
2996 3548 3410 3618 ἀσθενεστέρους
3431 3542 3698 3613 γενέσθαι.
3728 3541 3903 3593 Οὐδὲν

2222 3627 2507 3718 γᾶροῦτως
2526 3641 2811 3706 ἐλύπειτδν
2833 3639 3066 3703 Παῦλον,
3092 3637 3165 3700 ὡς
3176 3637 3224 3688 οἱ
3244 3631 3612 3692 ἀπειθοῦντες.
3627 3627 3704 3691 ὡς
3732 3630 3780 3679 οἰ
3804 3629 3901 3680 ἀν-

2219 3732 2611 3802 τιτασσόμενοι.
2659 3727 2828 3782 Τοῦτο
2845 3723 3060 3782 καὶτῶν
3077 3722 3334 3776 κινδύνων
3349 3717 3498 3788 αὐτῷ
3517 3714 3899 3787 χαλεπώτερον

2219 3817 2304 3893 ἦν.
2324 3819 2429 3876 Kal
2449 3801 2532 3886 μὴ
2555 3816 2891 3883 σιωπήσῃς,
2915 3813 3066 3884 φησί,
3084 3810 3229 3862 διότι
3254 3805 3403 3893 λαὸς
3425 3803 3620 3893 πολὺς
3645 3801 3777 3893 ἐστι
3794 3819 3901 3870 μοι

2220 3887 2288 3962 έν
2315 3906 2390 3976 τῇ
2415 3906 2587 3960 πόλει
2611 3904 2816 3970 ταύτῃ.
2844 3900 2998 3968 Τάχα
3025 3896 3112 3950 διὰ
3137 3894 3296 3948 τοῦτο
3321 3890 3471 3960 αὐτῷ
3508 3889 3603 3942 καὶ
3643 3887 3900 3956 φαίνεται

2220 3998 2248 4049 6
2271 3971 2520 4064 Χρίστός.
2546 3989 2897 4052 Γαλλίωνος
2916 3983 3004 4046 δὲ,
3027 3981 3212 4052 φησὶν,
3237 3976 3762 4064 ἀνθυπατεύοντος
3785 3971 3900 4039 τῆς

2234 4059 2482 4150 Ἀχαΐας,
2513 4076 2973 4140 κατεπέστησαν
3004 4065 3384 4139 ὁμοθυμαδὸν
3411 4067 3466 4117 οἱ
3509 4060 3786 4150 Ἰουδαῖοι
3817 4059 3903 4125 τῷ

2221 4147 2458 4234 Παύλῳ.
2489 4166 2665 4236 Ὅρα,
2703 4162 2842 4234 μετὰ
2895 4158 2987 4212 τὸν
3032 4154 3274 4211 ἐνιαυτὸν
3313 4151 3561 4213 καὶτοὺς
3607 4148 3666 4213 ἐξ
3719 4147 3900 4216 μῆνας

2223 4234 2577 4316 ἐπιτίθενται,
2619 4252 2706 4304 ὅτε
2737 4250 2838 4301 οὐκ
2878 4247 2958 4299 ἔτι
3002 4246 3185 4314 ἴσχυον
3225 4241 3412 4311 νόμοις
3441 4236 3677 4308 χρῆσθαι
3723 4234 3901 4296 ἰδίοις.

2221 4340 2391 4394 Τοῦτο
2429 4338 2663 4409 μάλιστα
2699 4337 2870 4405 ἐπῆρε
2907 4328 3260 4400 Κορινθίους,
3288 4323 3350 4376 τὸ
3403 4317 3905 4409 μάλισταξτεισθῆ-

2221 4447 2329 4491 ναι,
2354 4403 2576 4480 ὃτι-οὐδὲ
2609 4403 2863 4498 καθίησι-ν
2893 4419 3084 4474 ἐαυτὸν
3122 4420 3150 4470 6
3169 4418 3373 4486 ἄρχων.
3399 4413 3474 4464 Οὐ
3507 4409 3616 4498 γὰρ
3640 4403 3711 4479 ἦν

2224 4518 2337 4569 ἴσον
2385 4515 2444 4578 ἐξ
2494 4511 2800 4580 ἀντιλογίας
2831 4497 3095 4578 νικῆσαι,
3136 4504 3232 4558 καὶ
3261 4501 3454 4573 μαθεῖν
3501 4497 3766 4560 ἐκείνους,
3818 4497 3907 4549 ὅτι

2221 4605 2372 4658 οὐδὲν
2409 4602 2557 4673 μέλει
2588 4598 2736 4669 αὐτῷ
2759 4597 2829 4650 τὰ
2851 4596 2944 4650 τοῦ
2977 4594 3320 4666 πράγματος.
3367 4586 3477 4640 Καὶ
3508 4586 3703 4638 σκόπει
3748 4585 3906 4636 ἐκεί-

2222 4708 2312 4753 νος
2347 4671 2464 4752 πῶς
2488 4684 2556 4758 ἦν
2581 4688 2818 4748 συνετός.
2845 4684 2919 4738 Οὐ
2951 4680 3060 4752 γὰρ
3095 4674 3248 4732 εἶπεν
3288 4674 3490 4738 εὐθέως
3527 4671 3908 4742 ἀποκρινόμε-

2223 4795 2332 4840 νος·
2367 4778 2441 4830 Οὐ
2475 4774 2624 4846 μέλει
2659 4791 2749 4844 μοι
2778 4790 2791 4803 ο
2839 4770 2978 4824 ἀλλὰ
3004 4768 3088 4833 τίς
3120 4768 3188 4820 El
3212 4763 3331 4834 μὲν
3356 4759 3436 4833 ἧν
3477 4778 3531 4814 τι
3563 4759 3907 4846 ἀδίκημαγῆ

2214 4845 2630 4935 ῥᾳδιούργημα
2659 4858 2946 4927 πονηρὸν,
2987 4854 3034 4909 ὦ
3079 4851 3368 4915 Ἰουδαῖοι,
3399 4848 3550 4902 κατὰ
3587 4845 3783 4915 λόγον
3829 4845 3910 4898 ἂν

2221 4933 2577 5023 ἠνεσχόμην
2600 4947 2794 5018 ὑμῶν’
2817 4947 2871 5000 εὶ
2901 4943 2969 4997 δὲ
2995 4939 3220 5010 ζήτημά
3259 4939 3392 4992 ἐστι
3417 4935 3548 5004 περὶ
3581 4935 3780 5002 λόγου
3805 4933 3908 5023 καὶ

2223 5021 2548 5111 ὀνομάτων,
2585 5037 2682 5092 καὶ
2708 5035 2897 5105 νόμου
2929 5030 3036 5086 τοῦ
3061 5028 3188 5083 καθ’
3219 5025 3396 5096 ὑμᾶς,
3425 5023 3652 5089 ὄψεσθε
3682 5021 3869 5074 αὐτοί
3893 5036 3908 5050 ·

2222 5108 2429 5200 κριτὴς
2459 5129 2568 5197 γὰρ
2586 5125 2700 5195 ἐγὼ
2726 5123 2953 5177 τούτων
2985 5120 3056 5173 οὺ
3081 5117 3384 5182 βούλομαι
3425 5108 3601 5164 εἶναι.
3637 5108 3898 5162 Ἀπετεί-

2222 5195 2397 5289 χίσεν
2417 5195 2620 5280 αῦτοῖς
2646 5211 2713 5266 τὸ
2731 5207 3139 5275 δικαστήριον.
3163 5200 3406 5289 Λαμπρέι
3437 5198 3662 5289 γέγονεν
3687 5197 3722 5267 ἡ
3749 5195 3907 5264 νίκη.

2236 5282 2689 5370 ίεπιλαϐόμενοι
2733 5297 2802 5350 δὲ
2844 5292 3167 5357 Σωσθένην
3208 5289 3317 5342 τὸν
3355 5282 3872 5370 ἀρχισυνάγωγον
3895 5321 3910 5342 ,

2221 5394 2480 5446 ἔτυπτον
2511 5368 2852 5458 ἔμπροσθεν
2886 5380 2991 5434 τοῦ
3019 5376 3316 5446 βήματος,
3345 5372 3441 5424 και
3465 5368 3649 5458 οῦδὲν
3670 5368 3914 5458 τούτων

2224 5478 2302 5544 τῷ
2335 5451 2640 5532 Γαλλίωνί
2663 5473 2896 5539 ἔμελεν.
2930 5467 2995 5518 Ὢ
3033 5464 3132 5534 τῆς
3174 5459 3433 5530 αἰσχύνης
3459 5497 3474 5518 ,
3521 5455 3587 5544 ᾖν
3621 5451 3915 5544 ᾐσχύνθη-

2225 5539 2342 5620 σαν.
2379 5563 2486 5619 Kal
2527 5559 2707 5615 οὐδὲν
2754 5557 3000 5617 τούτων,
3036 5549 3190 5621 φησὶ,
3229 5544 3308 5612 τῷ
3342 5541 3645 5598 Γαλλίωνι
3681 5539 3912 5610 ἔμελε·

2287 5707 2315 5746 ιι
2352 5706 2630 5770 Ἀφίπτατοιι
2651 5702 2796 5770 dces:
2821 5702 2872 5749 ιη
2891 5682 3917 5770 quib"%".'9;_.°}le£‘11’32";lii?

2260 5743 2335 5818 ιιξε
2367 5743 2952 5830 ἶμξῖοἶξξευτξᾷ
2963 5743 3353 5810 Exciderunt,”
3377 5758 3473 5795 uno
3498 5743 3604 5793 cod.
3631 5748 3687 5791 el
3711 5746 3917 5804 inte-rp.

2267 5839 2330 5880 ιιι.
2357 5824 2585 5888 ἑιψρὶειτι
2605 5824 2734 5874 Sunt.
2763 5824 2893 5871 E011.
