3950 6208
238 306 323 358 277

237 388 608 487 archisgnagogus
621 399 827 459 credidit
858 393 1071 449 Domino
1099 406 1214 443 cum
1241 397 1343 441 tota
1373 383 1522 438 domo
1549 395 1676 444 sua;
1711 387 1757 430 et

236 472 353 564 multi
375 472 611 558 ν(ἰοτῖιιξιτὶἑ
642 491 902 546 audientes
926 526 941 552 ,
970 480 1237 536 credebant
1267 485 1311 529 et
1353 472 1758 542 baptizabantur.

241 598 345 653 Vide
369 589 609 663 quomodo
638 587 852 643 iterum,
875 592 997 632 cum
1025 573 1267 634 dixisset,
1294 568 1366 620 Ab
1393 566 1486 618 hoc
1518 573 1758 631 tempore,

241 706 321 746 non
346 650 447 740 illus
472 693 635 734 tamen
664 672 879 743 negligit
908 686 921 721 :
957 668 1132 734 itaque
1162 663 1261 715 hoc
1288 658 1525 718 dixerat,
1556 662 1614 707 ut
1644 650 1763 704 illos

240 781 464 835 excitat-et.
492 772 548 824 Et
593 774 770 837 postea
800 762 951 816 venit
995 755 1061 810 ad
1103 754 1311 809 Justtnn
1338 789 1353 813 ,
1396 745 1548 815 eujus
1575 743 1764 797 domus

241 879 330 923 erat
352 864 603 932 conjuntta
634 866 940 927 synagoga).
978 846 1197 902 Vicinus
1223 849 1356 905 erat,
1391 847 1447 892 ut
1476 852 1543 890 ex
1572 831 1764 888 vicinia

244 965 376 1019 zelum
415 926 699 1015 haberent,
726 954 772 1002 si
803 946 1023 1000 vellent.
1062 938 1275 1007 Crispus
1318 942 1485 986 autem
1510 970 1525 992 ,
1557 926 1761 996 inquit,

244 1054 609 1121 mhisgnagogus
639 1040 855 1096 credidit
881 1031 1101 1090 Domino
1127 1045 1237 1083 cum
1265 1036 1369 1080 tota
1393 1024 1539 1076 domo
1564 1034 1673 1072 sua.
1704 1016 1767 1069 Et

246 1107 321 1199 hoc
356 1107 685 1209 titiqtie'satis
726 1139 844 1186 erat
886 1127 952 1180 ad
998 1124 1118 1179 illos
1153 1114 1516 1174 adducendas.
1545 1111 1597 1166 9.
1628 1107 1769 1161 Dixit

245 1255 280 1290 αι
296 1246 373 1289 tem
402 1198 630 1284 Dbminus
670 1240 758 1294 per
787 1221 1023 1274 uisionem
1058 1216 1110 1268 in
1140 1219 1282 1265 nocte
1310 1203 1477 1261 Paulo
1502 1218 1520 1256 :
1550 1198 1673 1255 Noli
1701 1198 1769 1250 ti-

243 1345 362 1390 tuere,
380 1325 455 1378 sed
477 1323 676 1389 loquere
702 1326 748 1371 et
777 1330 839 1368 ne
864 1322 1047 1372 taceas,
1081 1306 1165 1361 10.
1195 1303 1313 1371 quia
1337 1315 1425 1370 ego
1449 1306 1610 1351 tecum
1636 1307 1769 1354 sunt,

242 1430 281 1473 et
300 1386 415 1470 nemo
438 1386 650 1479 insurget
690 1409 742 1459 in
784 1415 831 1458 te
860 1412 910 1457 ut
938 1406 1115 1454 noceat
1154 1394 1282 1457 tibi,
1310 1391 1428 1460 quia
1459 1386 1677 1457 populus
1702 1389 1773 1435 cst

245 1510 341 1563 mihi
374 1507 536 1559 multus
564 1472 618 1555 in
665 1501 761 1552 hac
798 1495 1017 1550 civitate.
1047 1489 1182 1545 Vide
1216 1491 1346 1554 quot
1374 1477 1669 1536 rationibus
1700 1472 1773 1525 illi

246 1601 425 1663 suadet,
447 1606 496 1652 et
521 1591 794 1665 quomodo
820 1630 835 1653 ,
866 1584 1009 1657 quod
1052 1582 1200 1636 illum
1242 1574 1471 1630 maxime
1499 1566 1774 1637 erigebat,

250 1696 329 1747 hoc
345 1693 498 1745 ultimo
522 1655 654 1740 dicit
686 1702 698 1736 :
731 1680 864 1748 Quia
888 1655 1113 1747 populus
1140 1680 1209 1725 est
1237 1666 1359 1720 mihi
1388 1660 1576 1714 multus
1605 1658 1657 1709 in
1685 1655 1778 1707 hac

252 1786 422 1837 ciuitate.
444 1774 720 1845 Quomodo
740 1786 867 1841 ergo
898 1766 1305 1823 insurrexerunt
1334 1759 1387 1810 in
1411 1767 1552 1816 eum,
1585 1745 1780 1803 dixerit

251 1872 489 1946 quispiam?
516 1872 580 1923 At
610 1882 722 1920 non
750 1860 1161 1933 przevaluerunt,
1192 1849 1285 1906 sed
1312 1846 1378 1901 ad
1403 1840 1777 1915 proconsulem

249 1939 410 2022 tantum
432 1963 714 2018 duxerunt.
746 1957 829 2011 11.
863 1952 1010 2009 Sedit
1039 1958 1205 2002 autem
1243 1942 1310 1997 ibi
1337 1954 1527 1993 annum
1552 1949 1708 1988 unum
1737 1939 1781 1983 ct

243 2076 314 2113 sea:
331 2072 493 2109 meum
512 2096 525 2120 ,
552 2055 743 2107 docens
772 2045 910 2117 apud
938 2059 1021 2097 eos
1050 2038 1253 2094 uerbum
1285 2032 1402 2086 Dei.
1434 2028 1519 2083 12.
1552 2024 1784 2080 Gallione

242 2162 376 2203 autem
414 2142 708 2217 proconsule
753 2136 996 2198 Achaiae,
1045 2130 1428 2184 insurrexerunt
1472 2133 1574 2172 uno
1617 2114 1786 2167 animo

242 2239 382 2292 Jsdtei
407 2206 452 2289 in
486 2235 731 2295 Paulum,
761 2239 807 2283 et
832 2226 1152 2280 adduxerunt
1179 2233 1292 2273 eum
1319 2215 1386 2268 ad
1414 2207 1668 2272 tribunal,
1699 2206 1782 2259 15.

240 2334 421 2385 dicentes
448 2344 463 2382 :
489 2328 620 2394 Quia
668 2330 845 2376 contra
888 2319 1045 2387 legem
1084 2312 1164 2365 hic
1200 2304 1469 2379 persuadet
1505 2295 1788 2353 hominibus

241 2424 371 2475 colere
396 2388 568 2474 Deum.
598 2412 786 2470 Viden'
808 2423 911 2480 qua
938 2405 1005 2461 de
1035 2415 1195 2458 causa
1220 2398 1293 2452 illi
1320 2408 1534 2460 semper
1556 2388 1791 2459 publicas

239 2514 560 2569 accusationes
594 2476 890 2562 texebant?
925 2497 1058 2551 Vide
1089 2494 1197 2562 jam
1220 2530 1234 2554 ,
1272 2483 1541 2558 quomodo
1569 2476 1791 2535 dicenti-

240 2606 318 2658 bus
343 2605 437 2658 illis
458 2643 473 2669 ,
504 2601 683 2670 ipsum
710 2601 896 2650 contra
926 2589 1100 2657 legem
1129 2577 1454 2653 persuadere
1485 2568 1792 2628 hominibus

238 2700 387 2753 colere
413 2697 566 2749 Deum
590 2734 607 2756 ,
638 2687 774 2744 nihil
803 2685 994 2738 horum
1023 2689 1213 2732 curare
1243 2666 1616 2742 proconsulem
1643 2703 1658 2727 ,
1686 2661 1794 2715 imo

240 2790 386 2858 potius
408 2786 628 2843 Paulum
658 2778 970 2836 defendere.
1007 2772 1075 2826 Et
1100 2767 1249 2834 audi,
1275 2759 1544 2834 quomodo
1576 2769 1795 2824 respon-

1111 276 1176 332 ΙΝ
1215 273 1393 330 ACTA
1428 263 1942 324 APOSTOLORUM.
1985 262 2211 319 llOMlL.
2253 262 2492 317 XXXIX.

3346 265 3448 319 278

1868 384 2067 438 manet,
2102 375 2251 445 quasi
2286 374 2536 429 idoneum
2568 384 2755 430 nactus
2782 374 3159 442 diversorium,
3190 384 3246 431 et
3264 381 3451 441 quavis

1865 466 2013 535 regia
2028 464 2126 519 sibi
2149 465 2504 520 commodius.
2526 465 2636 522 Nec
2656 466 2834 521 rideas
2852 466 2965 522 haec
2977 464 3221 532 audiens,
3235 465 3449 521 dilecte.

1869 557 1938 612 Ut
1985 557 2126 611 enim
2176 556 2422 625 palaestra
2466 556 2679 611 athletas
2734 558 2903 627 magis
2952 557 3229 626 eutnpetit,
3282 570 3447 626 quam

1870 658 2034 703 strata
2080 648 2302 705 mollia;
2345 648 2423 701 sic
2470 648 2717 703 bellatori
2762 648 2968 716 gladius
2999 648 3236 711 ferreus,
3282 646 3453 715 magis

1871 756 2030 810 quam
2061 754 2278 795 aureus.
2308 738 2373 792 Et
2393 742 2695 808 operabatur
2717 739 3032 807 pra‘dicans.
3059 737 3455 792 Erubescamus

1872 847 2011 899 nos,
2065 832 2157 901 qui
2216 832 2373 885 etiam
2420 832 2536 885 sine
2586 830 2962 900 prmdicatione
2988 829 3212 885 vivimus
3257 828 3452 883 otiose.

1875 924 2179 995 Disputabat
2206 934 2396 987 autem,
2434 922 2622 992 inquit,
2648 924 2699 976 in
2721 938 2980 992 synagoga
2998 938 3088 991 per
3107 937 3254 974 omne
3272 919 3455 974 sabba-

1876 1025 2012 1081 tum,
2055 1016 2395 1085 suadebatque
2436 1014 2634 1068 Judceis
2670 1024 2716 1068 et
2745 1013 2959 1067 Grcecis.
2988 1010 3463 1067 Contradicentibus

1876 1117 2041 1158 autem
2086 1106 2157 1158 eis
2196 1119 2242 1159 et
2287 1104 2782 1172 blasphemantibus,
2828 1102 3095 1157 discessit.
3143 1100 3256 1154 [loc
3302 1099 3461 1153 modo

1883 1211 2107 1266 sperans
2131 1196 2248 1251 illos
2270 1197 2508 1263 allicere,
2532 1196 2799 1251 discessit.
2824 1193 2929 1248 Cur
2952 1195 3038 1247 illa
3067 1193 3250 1248 relicta
3276 1191 3455 1251 domo,

1881 1302 2048 1357 prope
2084 1302 2406 1358 synagogam
2456 1286 2788 1339 habitaturus
2833 1284 3017 1338 venit?
3058 1299 3235 1337 annon
3270 1282 3359 1335 illa
3397 1280 3467 1334 de

1881 1394 2038 1433 causa
2059 1380 2081 1431 'l
2109 1394 2280 1448 neque
2309 1378 2451 1432 enim
2482 1378 2566 1458 ibi
2582 1378 2878 1447 periculum
2903 1376 3133 1430 videbat.
3165 1373 3466 1442 Testiﬁcans

1882 1468 2004 1522 illis.
2039 1468 2152 1521 Non
2173 1468 2282 1537 jam
2307 1468 2483 1533 ducet,
2516 1468 2609 1521 sed
2639 1468 2972 1521 testiﬁcatur.
2992 1463 3467 1519 Conlt‘adicentibus

1885 1571 2053 1614 autem
2074 1560 2177 1612 illis
2198 1600 2212 1624 ,
2238 1559 2443 1628 inquit,
2478 1568 2520 1612 et
2549 1557 3028 1627 blasphemantibus,
3062 1554 3284 1608 excussis
3313 1552 3468 1606 vesti-

1885 1651 1975 1703 bus
2026 1651 2197 1703 dizrit:
2247 1649 2472 1720 Sanguis
2511 1659 2667 1703 vester
2706 1664 2858 1716 super
2902 1655 3051 1717 caput
3081 1652 3316 1699 vestrum.
3359 1642 3469 1695 lluc

1887 1742 2029 1808 facit,
2066 1751 2121 1795 ut
2151 1756 2257 1795 non
2289 1743 2454 1795 verbo
2483 1749 2709 1806 tantum,
2738 1738 2834 1794 sed
2864 1739 3024 1793 etiam
3053 1751 3218 1806 opere
3251 1742 3467 1790 terreat:

1888 1843 1942 1888 et
1981 1831 2354 1887 vehementius
2392 1831 2661 1901 disputat,
2708 1838 2891 1899 utpote
2930 1828 3017 1897 qui
3049 1827 3229 1881 multis
3255 1841 3478 1895 persua-

1889 1925 2068 1979 sisset.
2114 1923 2339 1977 Mundus
2364 1963 2379 1987 ,
2427 1923 2636 1992 inquit,
2679 1938 2793 1975 sum
2835 1936 2927 1991 ego
2957 1936 2974 1972 :
3004 1921 3066 1973 ab
3095 1920 3187 1970 hoc
3216 1917 3283 1969 ad
3309 1924 3477 1985 gentes

1889 2018 2090 2070 vadum.
2148 2017 2213 2069 Et
2260 2029 2356 2069 nos
2407 2015 2565 2084 igitur
2616 2015 2692 2069 tei
2720 2028 2903 2067 sumus
2947 2011 3218 2081 sanguinis
3266 2022 3475 2068 eorum,

1892 2109 1979 2178 qui
2007 2107 2162 2162 nobis
2185 2106 2477 2161 concrediti
2523 2114 2646 2159 sunt
2676 2145 2690 2168 ,
2723 2119 2843 2158 cum
2876 2102 3191 2171 negligimus
3222 2112 3335 2153 eos.
3368 2096 3477 2150 Ita-

1892 2215 1995 2269 que
2049 2214 2169 2253 cum
2211 2198 2377 2262 dicit,
2428 2195 2503 2249 De
2542 2206 2723 2249 ca'tero
2763 2210 2908 2247 nemo
2957 2192 3081 2245 mihi
3129 2190 3367 2244 molestus
3418 2186 3481 2239 sit

1896 2292 1915 2363 (
1944 2291 2061 2345 Gal.
2092 2291 2146 2344 6.
2180 2290 2285 2360 17)
2312 2331 2326 2355 ,
2370 2297 2429 2343 ιιι
2475 2294 2743 2341 exterreat
2772 2284 3047 2354 loquitur:
3080 2295 3187 2336 non
3218 2278 3358 2331 enim
3392 2291 3476 2345 pec

1895 2381 2300 2438 rindeterrebat
2323 2379 2442 2433 illos
2464 2376 2808 2447 supplicium,
2840 2384 2896 2428 ttt
2929 2371 3059 2426 illud
3087 2368 3386 2425 mordebat.
3414 2364 3480 2417 Et

1896 2475 2121 2543 migrans
2157 2471 2275 2525 inde
2299 2509 2314 2534 ,
2346 2469 2477 2523 venit
2515 2469 2568 2521 in
2599 2467 2806 2519 domum
2833 2463 2989 2517 Justi.
3015 2460 3266 2522 Transit,
3299 2455 3487 2509 volens

1900 2566 2005 2619 illis
2036 2560 2380 2632 persuadere,
2410 2558 2551 2629 quod
2584 2557 2649 2612 ad
2678 2565 2865 2626 gentes
2893 2552 3128 2608 festinet.
3157 2548 3366 2617 Crispus
3392 2562 3488 2599 au-

1902 2665 2000 2709 tem
2028 2653 2483 2721 archisgnagogus,
2514 2647 2718 2717 inquit,
2749 2644 2962 2699 credidit
2991 2642 3209 2696 Domino
3238 2656 3351 2692 cum
3387 2645 3491 2690 tota

1902 2745 2052 2798 domo
2098 2759 2211 2797 sua.
2262 2741 2396 2796 Vide
2441 2748 2566 2794 tunc
2595 2738 2782 2792 ﬁdeles
2809 2751 2928 2791 cum
2958 2742 3063 2788 tota
3091 2732 3250 2786 domo
3280 2729 3382 2782 hoc
3412 2726 3490 2779 t‘e-

1903 2838 2063 2893 cisse.
2105 2836 2233 2890 Pust
2274 2834 2389 2888 lucc
2425 2842 2605 2886 autem
2647 2830 2739 2883 alii
2777 2840 2992 2898 quoque
3032 2822 3185 2879 multi
3210 2820 3494 2876 credentes

1905 2926 2155 2997 baptizati
2184 2933 2331 2981 sunt.
2363 2924 2516 2977 Hunc
2546 2920 2793 2989 Crispum
2818 2918 2949 2972 dit-it
2973 2915 3452 2983 archisyuagogutn
3475 2948 3489 2970 ,

1907 3018 1975 3073 de
2005 3034 2111 3086 quo
2137 3017 2213 3070 ait
2239 3033 2253 3069 :
2285 3013 2503 3067 Nullum
2528 3010 2685 3065 alium
2715 3008 2962 3079 baptizari
2988 3046 3004 3073 ,
3042 3005 3137 3058 nisi
3178 3002 3412 3071 Crispum
3450 3008 3497 3052 et

1910 3107 2096 3162 Gaium
2127 3106 2144 3175 (
2169 3107 2221 3160 1.
2253 3103 2374 3158 Cor.
2400 3106 2455 3157 1.
2491 3102 2556 3155 11
2582 3100 2630 3172 ).
2655 3100 2792 3154 Puto
2817 3106 2995 3151 autem
3024 3094 3167 3148 hunc
3195 3100 3250 3145 et
3271 3087 3496 3144 Sosthc-

1914 3214 2032 3253 nem
2060 3197 2164 3251 dici
2191 3238 2207 3263 ,
2238 3195 2326 3265 qui
2353 3195 2434 3247 vir
2463 3192 2601 3246 adeo
2621 3190 2795 3245 ﬁdelis
2817 3186 2934 3253 luit,
2959 3195 3016 3239 ut
3035 3195 3322 3254 percussus
3342 3178 3501 3232 luerit

1915 3302 1967 3346 et
1996 3303 2209 3359 semper
2238 3285 2402 3341 Paulo
2430 3282 2685 3338 adiuerit.
2712 3280 2855 3334 Dixit
2883 3288 3071 3341 autem,
3105 3274 3295 3345 inquit,
3322 3270 3504 3325 Domi-

1916 3400 2010 3436 nus
2040 3398 2128 3451 per
2154 3380 2395 3433 uisionem
2423 3377 2475 3429 in
2501 3384 2644 3429 nocte
2677 3372 2843 3426 Paulo
2866 3386 2883 3424 :
2911 3368 3035 3422 Noli
3062 3368 3237 3420 timere
3257 3404 3272 3427 ,
3303 3363 3392 3417 sed
3427 3361 3506 3413 lo-

1918 3492 2087 3547 quere.
2132 3472 2259 3527 ldeo
2299 3469 2470 3526 multo
2508 3467 2579 3522 ibi
2625 3475 2866 3533 tempore
2907 3468 3123 3515 manet:
3170 3456 3221 3511 id
3250 3455 3393 3510 enim
3428 3451 3504 3506 illi

1921 3544 2088 3624 suasit
2118 3562 2427 3629 multitudo,
2456 3560 2551 3616 sed
2593 3555 2929 3613 familiaritas
2952 3550 3151 3607 Christi
3177 3548 3364 3617 magis.
3398 3544 3509 3598 Ma-

1919 3664 2007 3733 jus
2040 3661 2185 3714 enim
2210 3667 2337 3711 tunc
2359 3660 2477 3707 erat
2503 3649 2795 3720 periculum
2819 3687 2834 3712 ,
2873 3644 3058 3699 multis
3084 3637 3427 3697 credentibus
3455 3647 3510 3690 et

1927 3731 2042 3826 ipso
2065 3750 2507 3819 archisynagogo.
2536 3743 2662 3798 Noli
2684 3743 2878 3805 timere,
2905 3737 3091 3806 inquit.
3116 3733 3228 3788 Hoc
3246 3731 3375 3786 satis
3396 3737 3514 3784 crat

1926 3820 1991 3902 ad
2028 3846 2174 3898 illum
2203 3836 2545 3895 excitandum
2578 3874 2593 3897 ,
2616 3834 2739 3903 quia
2770 3832 2961 3884 timere
2986 3825 3354 3897 deprehensus
3378 3820 3509 3883 fuit;

1928 3939 2030 3994 nisi
2080 3936 2219 3990 forte
2260 3946 2367 3985 non
2418 3929 2610 3981 timere
2658 3925 2728 3977 sit
2749 3919 3157 3989 deprehensus,
3184 3914 3279 3969 sed
3301 3910 3516 3967 confor-

1932 4042 2071 4085 tctur
2115 4034 2173 4081 ut
2208 4022 2338 4079 nihil
2390 4019 2497 4073 tale
2529 4017 2779 4087 patiatur.
2817 4011 2933 4065 Non
2973 4010 3119 4063 enim
3150 4020 3364 4074 semper
3395 4004 3517 4057 illos

1933 4122 2070 4179 male
2114 4118 2221 4190 pati
2266 4114 2513 4176 sinebat,
2557 4122 2626 4163 ne
2674 4105 2996 4160 inﬁrmiores
3037 4097 3349 4154 evaderent.
3374 4093 3515 4147 Nihil

1933 4218 2075 4272 enim
2113 4184 2183 4268 ita
2230 4207 2450 4264 Paulum
2483 4214 2715 4257 mmrore
2752 4194 3054 4257 afﬁciebat,
3099 4184 3434 4243 utincreduli
3466 4194 3522 4237 et

1936 4304 2409 4365 contradicentes:
2456 4295 2560 4349 hoc
2601 4291 2731 4361 ipsis
2772 4284 3027 4358 periculis
3056 4279 3336 4336 molestius
3380 4284 3520 4330 erat.

1941 4400 2007 4454 Et
2044 4414 2106 4451 ne
2144 4406 2339 4456 taceas,
2372 4386 2543 4457 inquit
2569 4426 2582 4450 ,
2626 4382 2745 4453 quia
2774 4379 2962 4432 multus
2985 4374 3107 4428 mihi
3137 4370 3353 4441 populus
3375 4376 3445 4421 est
3472 4368 3524 4419 in

1942 4491 2035 4542 hac
2061 4486 2280 4540 civitate.
2314 4456 2459 4533 Ideo,
2480 4476 2705 4530 fortasse
2751 4470 2823 4523 illi
2852 4467 3097 4521 Christus
3124 4467 3363 4531 apparet.
3398 4456 3527 4511 Gal-

1944 4585 2077 4638 lione
2096 4588 2298 4640 autem,
2331 4571 2500 4640 inquit
2523 4609 2536 4631 ,
2568 4562 2867 4637 proconsule
2893 4558 3120 4623 Achaiae,
3148 4556 3529 4609 insurrexerunt

1945 4691 2048 4729 uno
2076 4672 2246 4725 animo
2269 4665 2443 4721 Judazi
2464 4664 2516 4716 in
2546 4660 2791 4713 Paulum.
2818 4654 2973 4719 Vide,
2996 4659 3118 4721 post
3138 4662 3337 4703 annum
3358 4655 3410 4700 et
3438 4658 3529 4697 sex

1947 4778 2163 4824 menses
2201 4763 2483 4828 insurgunt
2512 4755 2563 4809 in
2598 4767 2743 4815 eum,
2775 4745 2987 4817 quando
3013 4748 3120 4811 jam
3153 4755 3258 4794 non
3290 4742 3533 4807 poterant

1950 4859 2062 4915 suis
2088 4854 2161 4909 uti
2192 4824 2417 4921 legibus.
2461 4844 2574 4899 lloc
2600 4840 2828 4896 maxime
2857 4830 3165 4888 Corinthios
3201 4824 3530 4885 estoliebat,

1952 4948 2095 5021 quod
2119 4942 2362 5018 persuasi
2388 4944 2571 4995 essent
2592 4932 2884 5004 principem
2908 4941 3013 4980 non
3036 4936 3156 4977 sese
3177 4918 3534 4974 demissurum

1955 5056 2093 5098 esse.
2124 5038 2239 5093 Non
2267 5036 2409 5089 enim
2435 5030 2575 5086 idem
2606 5033 2724 5081 erat
2750 5038 2818 5077 ex
2847 5015 3194 5074 contentione
3220 5011 3457 5071 vincere,
3486 5017 3541 5061 et

1956 5135 2167 5189 discere
2188 5131 2358 5198 ipsum
2392 5125 2506 5178 lure
2533 5118 2740 5189 negotia
2769 5112 2900 5169 nihil
2929 5122 3139 5164 curare.
3183 5105 3248 5161 Et
3271 5100 3542 5173 perpende

1959 5241 2115 5297 quam
2147 5196 2381 5292 prudens
2408 5216 2497 5270 ille
2528 5220 2695 5268 esset.
2721 5208 2838 5263 Non
2866 5204 3008 5260 enim
3036 5201 3217 5256 statim
3242 5196 3542 5267 respondit,

1962 5288 2099 5371 lVihil
2124 5288 2289 5374 curo;
2322 5307 2417 5363 sed
2444 5304 2609 5375 quid?
2637 5302 2699 5357 Si
2726 5299 2927 5371 quidem
2948 5304 3075 5350 esset
3095 5292 3324 5362 iniquum
3350 5288 3545 5358 aliquid

1964 5420 2049 5462 aut
2074 5406 2269 5477 facinus
2301 5400 2592 5471 pessimum,
2622 5412 2651 5448 o
2674 5392 2867 5455 Judaai,
2888 5398 3019 5443 recte
3040 5400 3125 5439 vos
3150 5384 3444 5438 sustinerent
3464 5396 3481 5441 ;
3504 5378 3547 5429 si

1964 5475 2082 5555 rero
2099 5495 2307 5567 quiestio
2335 5501 2406 5547 est
2428 5492 2490 5543 de
2514 5487 2671 5542 verbis
2701 5493 2745 5539 et
2770 5479 3056 5538 nominibus
3080 5486 3127 5529 et
3148 5475 3210 5529 de
3236 5476 3342 5542 lege
3362 5477 3542 5526 vestra,

1966 5606 2051 5645 eos
2072 5555 2167 5658 ipsi
2196 5584 2417 5639 videritis
2440 5598 2459 5634 :
2478 5580 2642 5650 judex
2688 5592 2778 5647 ego
2802 5575 2984 5628 horum
3004 5568 3123 5623 nolo
3152 5579 3278 5619 esse.
3311 5555 3549 5612 Exclusit

1972 5698 2055 5736 eos
2145 5675 2403 5733 tribunali.
2451 5648 2743 5743 Splendida
2776 5665 2872 5720 fuit
2894 5658 3135 5718 victoria.
3169 5648 3551 5723 Apprclteusum

240 2848 375 2934 deat:
409 2878 467 2933 Si
493 2876 702 2945 quidem
743 2876 868 2924 esset
905 2865 973 2918 ad
1013 2862 1259 2916 civitatem
1300 2861 1534 2923 spectans
1572 2848 1798 2912 iniquum

241 2970 400 3038 aliquid
422 2976 507 3019 aut
538 2964 744 3036 facinus
776 2958 1062 3029 pessimum,
1092 2967 1122 3004 ο
1147 2946 1347 3011 Judwi,
1377 2952 1510 2997 recte
1538 2954 1623 2993 ros
1647 2935 1801 2991 susti-

242 3029 399 3113 nerem.
439 3029 736 3127 Eri-uitatis
764 3062 951 3104 amans
990 3042 1120 3100 mihi
1150 3042 1232 3094 vir
1255 3038 1343 3092 ille
1371 3034 1615 3096 videtur,
1643 3029 1802 3098 idque

243 3118 547 3204 manifestum
579 3154 673 3200 est
702 3159 767 3197 ex
798 3141 884 3206 iis,
912 3152 1031 3208 quae
1062 3131 1353 3205 prudenter
1375 3121 1684 3193 respondet.
1709 3118 1799 3173 14.

244 3242 345 3296 Cum
385 3241 577 3294 Paulus
606 3281 623 3299 ,
659 3234 867 3304 inquit,
896 3247 951 3285 os
991 3243 1137 3283 suum
1179 3233 1448 3294 aperturas
1483 3223 1649 3279 esset,
1677 3210 1805 3264 dixit

245 3333 385 3387 Gellio
423 3332 626 3386 Judwis
653 3327 758 3382 :Si
797 3324 997 3394 quidem
1037 3328 1162 3374 esset
1200 3316 1441 3384 injustum
1485 3304 1677 3377 aliquid
1719 3311 1808 3355 aut

246 3425 412 3492 {acinus
438 3424 719 3492 pessimum
743 3458 758 3479 ,
787 3432 816 3469 ο
841 3411 1013 3467 Judaei
1035 3452 1050 3477 ,
1077 3416 1209 3462 recte
1235 3420 1321 3457 vos
1349 3400 1644 3455 sustinerem
1674 3411 1691 3448 :
1720 3394 1806 3448 15.

245 3518 279 3568 si
301 3532 403 3569 rero
429 3490 646 3583 quantio
678 3518 751 3563 est
780 3508 842 3560 de
869 3505 1014 3560 verba
1044 3510 1089 3555 et
1119 3496 1401 3552 nominibus
1430 3502 1477 3546 et
1505 3492 1569 3543 de
1593 3490 1699 3559 lege
1727 3502 1810 3539 ve-

247 3616 349 3667 stra,
375 3576 454 3657 eoi
480 3606 581 3672 ipsi
614 3598 840 3652 riderilis
867 3611 883 3648 :
901 3592 1068 3663 judea:
1096 3604 1185 3660 ego
1212 3589 1392 3640 horum
1421 3581 1540 3637 nolo
1568 3594 1692 3635 esse.
1721 3576 1810 3631 16.

246 3693 302 3747 Et
331 3698 485 3767 abegit
530 3710 620 3747 eos
667 3707 699 3743 a
743 3686 1001 3742 tribunali.
1046 3683 1131 3736 17.
1170 3676 1612 3749 Apprehendentes
1650 3678 1816 3742 autem

249 3805 393 3843 omnes
418 3763 586 3843 δι’ωεὶ
621 3784 922 3839 Sosthenem
946 3775 1223 3848 principem
1251 3782 1543 3840 synagogae,
1574 3763 1818 3834 percutie-

248 3884 347 3935 baut
376 3898 489 3935 eum
518 3888 643 3933 ante
673 3872 892 3928 tribunal
919 3887 936 3923 :
960 3879 1006 3923 et
1044 3866 1172 3920 nihil
1208 3878 1380 3918 eorum
1426 3858 1650 3914 Gallioni
1688 3869 1822 3908 cura:

251 3984 359 4027 erat.
381 3974 513 4029 hinc
541 3982 765 4027 rursum
787 3964 886 4019 viri
908 3960 1130 4031 aequitas
1155 3962 1500 4011 monstratur.
1526 3950 1657 4005 Cum
1680 3948 1820 4003 enim

251 4066 325 4121 ille
340 4066 738 4124 verberaretur,
761 4072 864 4111 non
892 4052 1099 4125 putavit
1120 4049 1171 4103 id
1197 4047 1296 4118 ipsi
1318 4041 1658 4100 contumelia:
1674 4053 1792 4095 esse
1809 4054 1821 4091 :

251 4160 368 4213 adeo
395 4157 704 4228 petulantes
736 4148 905 4204 Judaei
937 4152 1112 4199 erant.

309 4249 359 4302 2.
396 4248 502 4303 Sed
539 4242 824 4313 superiora
867 4245 1191 4305 repetamus.
1230 4229 1507 4284 Audientes
1528 4234 1694 4278 autem
1743 4238 1828 4275 re-

254 4339 600 4392 surrectionem
650 4340 1000 4390 mortuorum,
1051 4323 1141 4376 alii
1163 4321 1367 4393 quidem
1391 4316 1708 4380 irridebant,
1740 4312 1831 4365 alii

253 4448 356 4485 vero
380 4431 625 4483 dixerunt
670 4440 687 4476 :
728 4420 1001 4474 Audiemus
1049 4424 1097 4468 te
1133 4415 1330 4466 iterum.
1363 4410 1570 4477 Quanta
1600 4414 1654 4460 et
1673 4418 1831 4471 quam

256 4525 485 4579 sublimia
515 4518 827 4579 audientes,
859 4528 927 4567 ne
954 4507 1299 4565 attendebant
1322 4503 1558 4574 quidem,
1578 4498 1673 4553 sed
1697 4496 1835 4550 ride-

259 4614 393 4668 bant.
413 4606 894 4667 Resurrcctionem
924 4599 1221 4656 irridebant
1247 4615 1260 4650 :
1282 4610 1402 4649 nam
1425 4590 1672 4645 Animalis
1688 4590 1837 4642 homo

258 4722 347 4756 non
377 4702 593 4774 percipit
623 4713 703 4761 ea,
735 4710 849 4763 qua:
874 4702 990 4746 sunt
1012 4690 1237 4759 Spiritus
1268 4686 1286 4756 (
1315 4688 1367 4740 1.
1394 4684 1513 4738 Cor.
1544 4682 1602 4735 2.
1628 4681 1739 4750 is).
1772 4678 1838 4731 Et

258 4795 339 4855 sic,
372 4794 567 4862 inquit,
590 4788 714 4841 exiit
741 4784 939 4839 Paulus
960 4782 1022 4834 de
1044 4779 1206 4833 medio
1227 4792 1417 4831 eorum.
1453 4774 1541 4828 Sic
1574 4788 1591 4826 :
1620 4784 1844 4841 quomo-

258 4884 363 4936 do?
389 4883 527 4937 Cum
556 4879 677 4933 aliis
705 4875 1079 4945 persuasisset,
1112 4870 1179 4923 ab
1204 4868 1323 4922 aliis
1344 4881 1473 4920 vero
1496 4864 1685 4918 irrisus
1714 4860 1844 4915 fuis-

261 4988 353 5031 set.
389 4975 652 5031 Secedens
679 4980 847 5023 autem
874 4966 1083 5021 Athenis
1104 5006 1118 5030 ,
1150 4961 1343 5031 inquit,
1371 4959 1502 5013 venit
1524 4956 1843 5012 Corinthum.

266 5068 322 5122 Et
342 5071 544 5121 inuento
572 5063 793 5134 quedam
822 5058 1027 5124 Iudaeo,
1056 5056 1137 5109 cui
1158 5069 1337 5108 nomen
1361 5051 1563 5120 Aquila,
1593 5049 1678 5117 qui
1707 5047 1850 5101 Pon-

267 5160 385 5212 ticus
411 5167 522 5210 erat
546 5169 727 5226 genere
746 5163 795 5207 et
816 5166 976 5219 nuper
1001 5155 1199 5201 venerat
1220 5161 1282 5199 ea:
1302 5141 1476 5207 Italia,
1499 5140 1683 5194 mansit
1709 5137 1848 5207 apud

266 5249 373 5300 illos
398 5259 445 5300 et
474 5244 806 5314 operabatur.
839 5240 990 5303 Vide,
1022 5235 1294 5307 quomodo
1313 5233 1399 5288 lex
1421 5232 1531 5301 jam
1555 5228 1692 5284 solvi
1721 5227 1855 5281 inci-

271 5342 391 5408 piat.
428 5339 529 5393 [lic
559 5338 702 5392 enim
730 5348 788 5389 se
817 5342 1028 5404 postea,
1052 5327 1271 5384 Judaaus
1292 5339 1412 5381 cum
1434 5331 1600 5388 esset,
1626 5318 1856 5374 totondit

271 5435 321 5487 in
344 5429 648 5488 Cenchreis
669 5472 683 5495 ,
710 5436 764 5482 et
793 5428 845 5481 in
869 5423 1079 5495 Syriam
1109 5417 1464 5491 proﬁciscitur
1501 5428 1620 5469 cum
1667 5411 1853 5466 Paulo.

274 5525 531 5579 Ponticus
558 5536 679 5576 cum
710 5528 877 5586 esset,
910 5530 1009 5570 nec
1029 5512 1421 5582 Jerosnlymam
1451 5520 1622 5574 neque
1647 5505 1699 5558 in
1725 5502 1858 5557 vici-

274 5628 338 5667 na
376 5615 498 5670 loca
539 5612 725 5666 venire
774 5605 1102 5670 festinabat,
1142 5602 1238 5659 sed
1280 5597 1465 5671 procul
1510 5604 1644 5652 erat.
1703 5591 1857 5662 Apud

278 5703 426 5759 illum
462 5716 601 5771 ergo
646 5708 853 5757 manet.
889 5712 987 5753 nec
1017 5709 1233 5751 manere
1259 5690 1568 5753 erubescit;
1599 5687 1705 5741 imo
1734 5684 1855 5739 ideo
