  <div class='ocr_page' id='page_1' title='image "/cluster/home/n/w/nwhite01/storage/ocr_20150623/60/hvd.32044073501942/285.png"; bbox 0 0 4036 6220; ppageno 0'>
   <div class='ocr_carea' id='block_1_1' title="bbox 528 251 633 304">
    <p class='ocr_par' dir='ltr' id='par_1_1' title="bbox 528 251 633 304">
     <span class='ocr_line' id='line_1_1' title="bbox 528 251 633 304; baseline 0.01 -1"><span class='ocrx_word' id='word_1_1' title='bbox 528 251 633 304; x_wconf 71' lang='lat'><strong>279</strong></span> 
     </span>
    </p>
   </div>
   <div class='ocr_carea' id='block_1_2' title="bbox 526 362 2104 435">
    <p class='ocr_par' dir='ltr' id='par_1_2' title="bbox 526 362 2104 435">
     <span class='ocr_line' id='line_1_2' title="bbox 526 362 2104 435; baseline 0.004 -20"><span class='ocrx_word' id='word_1_2' title='bbox 526 372 691 416; x_wconf 80' lang='lat' dir='ltr'><strong>autem</strong></span> <span class='ocrx_word' id='word_1_3' title='bbox 732 363 1026 417; x_wconf 74' lang='lat' dir='ltr'><strong>Sest/tenam</strong></span> <span class='ocrx_word' id='word_1_4' title='bbox 1065 362 1343 431; x_wconf 77' lang='lat' dir='ltr'><strong>principem</strong></span> <span class='ocrx_word' id='word_1_5' title='bbox 1388 381 1660 435; x_wconf 77' lang='lat' dir='ltr'><strong>synagogte</strong></span> <span class='ocrx_word' id='word_1_6' title='bbox 1682 406 1694 427; x_wconf 94' lang='lat'><strong>,</strong></span> <span class='ocrx_word' id='word_1_7' title='bbox 1752 379 2104 435; x_wconf 69' lang='lat' dir='ltr'><strong>percusserunt</strong></span> 
     </span>
    </p>
   </div>
   <div class='ocr_carea' id='block_1_3' title="bbox 525 451 2103 515">
    <p class='ocr_par' dir='ltr' id='par_1_3' title="bbox 525 451 2103 515">
     <span class='ocr_line' id='line_1_3' title="bbox 525 451 2103 515; baseline 0.006 -10"><span class='ocrx_word' id='word_1_8' title='bbox 525 463 642 506; x_wconf 75' lang='lat' dir='ltr'><strong>ante</strong></span> <span class='ocrx_word' id='word_1_9' title='bbox 684 452 924 507; x_wconf 87' lang='lat' dir='ltr'><strong>tribunal.</strong></span> <span class='ocrx_word' id='word_1_10' title='bbox 966 451 1035 506; x_wconf 87' lang='lat' dir='ltr'><strong>Et</strong></span> <span class='ocrx_word' id='word_1_11' title='bbox 1075 454 1205 507; x_wconf 81' lang='lat' dir='ltr'><strong>nihil</strong></span> <span class='ocrx_word' id='word_1_12' title='bbox 1249 472 1422 509; x_wconf 87' lang='lat' dir='ltr'><strong>eorum</strong></span> <span class='ocrx_word' id='word_1_13' title='bbox 1468 456 1691 510; x_wconf 78' lang='lat' dir='ltr'><strong>Gallioni</strong></span> <span class='ocrx_word' id='word_1_14' title='bbox 1729 474 1865 513; x_wconf 83' lang='lat' dir='ltr'><strong>cura:</strong></span> <span class='ocrx_word' id='word_1_15' title='bbox 1902 471 2029 513; x_wconf 83' lang='lat' dir='ltr'><strong>erat.</strong></span> <span class='ocrx_word' id='word_1_16' title='bbox 2060 462 2103 515; x_wconf 87' lang='grc' dir='ltr'>Ο</span> 
     </span>
    </p>
   </div>
   <div class='ocr_carea' id='block_1_4' title="bbox 526 546 2101 621">
    <p class='ocr_par' dir='ltr' id='par_1_4' title="bbox 526 546 2101 621">
     <span class='ocr_line' id='line_1_4' title="bbox 526 546 2101 621; baseline 0.005 -23"><span class='ocrx_word' id='word_1_17' title='bbox 526 546 926 614; x_wconf 93' lang='lat' dir='ltr'><strong>turpitudinem,</strong></span> <span class='ocrx_word' id='word_1_18' title='bbox 954 561 1113 615; x_wconf 88' lang='lat' dir='ltr'><strong>quam</strong></span> <span class='ocrx_word' id='word_1_19' title='bbox 1144 546 1394 602; x_wconf 88' lang='lat' dir='ltr'><strong>subiere!</strong></span> <span class='ocrx_word' id='word_1_20' title='bbox 1422 548 1488 601; x_wconf 86' lang='lat' dir='ltr'><strong>Et</strong></span> <span class='ocrx_word' id='word_1_21' title='bbox 1510 549 1639 602; x_wconf 81' lang='lat' dir='ltr'><strong>nihil</strong></span> <span class='ocrx_word' id='word_1_22' title='bbox 1657 566 1828 603; x_wconf 87' lang='lat' dir='ltr'><strong>eorum</strong></span> <span class='ocrx_word' id='word_1_23' title='bbox 1848 592 1863 618; x_wconf 89' lang='lat'><strong>,</strong></span> <span class='ocrx_word' id='word_1_24' title='bbox 1896 552 2101 621; x_wconf 88' lang='lat' dir='ltr'><strong>inquit,</strong></span> 
     </span>
    </p>
   </div>
   <div class='ocr_carea' id='block_1_5' title="bbox 528 633 2102 707">
    <p class='ocr_par' dir='ltr' id='par_1_5' title="bbox 528 633 2102 707">
     <span class='ocr_line' id='line_1_5' title="bbox 528 633 2102 707; baseline 0.007 -22"><span class='ocrx_word' id='word_1_25' title='bbox 528 633 751 687; x_wconf 80' lang='lat' dir='ltr'><strong>(.‘uttioni</strong></span> <span class='ocrx_word' id='word_1_26' title='bbox 794 651 929 689; x_wconf 73' lang='lat' dir='ltr'><strong>cura:</strong></span> <span class='ocrx_word' id='word_1_27' title='bbox 979 647 1085 689; x_wconf 89' lang='lat' dir='ltr'><strong>erat</strong></span> <span class='ocrx_word' id='word_1_28' title='bbox 1122 652 1141 700; x_wconf 89' lang='lat'><strong><em>;</em></strong></span> <span class='ocrx_word' id='word_1_29' title='bbox 1170 639 1270 691; x_wconf 91' lang='lat' dir='ltr'><strong>etsi</strong></span> <span class='ocrx_word' id='word_1_30' title='bbox 1309 646 1473 692; x_wconf 91' lang='lat' dir='ltr'><strong>totum</strong></span> <span class='ocrx_word' id='word_1_31' title='bbox 1504 639 1555 692; x_wconf 91' lang='lat' dir='ltr'><strong>in</strong></span> <span class='ocrx_word' id='word_1_32' title='bbox 1584 640 1699 707; x_wconf 90' lang='lat' dir='ltr'><strong>ejus</strong></span> <span class='ocrx_word' id='word_1_33' title='bbox 1729 642 2102 696; x_wconf 82' lang='lat' dir='ltr'><strong>contumeliam</strong></span> 
     </span>
    </p>
   </div>
   <div class='ocr_carea' id='block_1_6' title="bbox 529 726 2097 800">
    <p class='ocr_par' dir='ltr' id='par_1_6' title="bbox 529 726 2097 800">
     <span class='ocr_line' id='line_1_6' title="bbox 529 726 2097 800; baseline 0.005 -24"><span class='ocrx_word' id='word_1_34' title='bbox 529 735 788 793; x_wconf 74' lang='lat' dir='ltr'><strong>vergeret.</strong></span> <span class='ocrx_word' id='word_1_35' title='bbox 814 727 919 780; x_wconf 86' lang='lat' dir='ltr'><strong>Sed</strong></span> <span class='ocrx_word' id='word_1_36' title='bbox 950 726 1025 780; x_wconf 85' lang='lat' dir='ltr'><strong>illi</strong></span> <span class='ocrx_word' id='word_1_37' title='bbox 1052 728 1202 797; x_wconf 88' lang='lat' dir='ltr'><strong>quasi</strong></span> <span class='ocrx_word' id='word_1_38' title='bbox 1235 738 1494 796; x_wconf 85' lang='lat' dir='ltr'><strong>potestate</strong></span> <span class='ocrx_word' id='word_1_39' title='bbox 1523 738 1740 798; x_wconf 89' lang='lat' dir='ltr'><strong>accepta</strong></span> <span class='ocrx_word' id='word_1_40' title='bbox 1773 732 2097 800; x_wconf 89' lang='lat' dir='ltr'><strong>percutiunt,</strong></span> 
     </span>
    </p>
   </div>
   <div class='ocr_carea' id='block_1_7' title="bbox 526 815 2103 890">
    <p class='ocr_par' dir='ltr' id='par_1_7' title="bbox 526 815 2103 890">
     <span class='ocr_line' id='line_1_7' title="bbox 526 815 2103 890; baseline 0.008 -25"><span class='ocrx_word' id='word_1_41' title='bbox 526 815 729 883; x_wconf 87' lang='lat' dir='ltr'><strong>pudore</strong></span> <span class='ocrx_word' id='word_1_42' title='bbox 750 816 947 880; x_wconf 84' lang='lat' dir='ltr'><strong>affecti,</strong></span> <span class='ocrx_word' id='word_1_43' title='bbox 974 819 1229 888; x_wconf 87' lang='lat' dir='ltr'><strong>illegitimi</strong></span> <span class='ocrx_word' id='word_1_44' title='bbox 1261 818 1460 875; x_wconf 89' lang='lat' dir='ltr'><strong>furoris</strong></span> <span class='ocrx_word' id='word_1_45' title='bbox 1484 836 1619 890; x_wconf 90' lang='lat' dir='ltr'><strong>opus</strong></span> <span class='ocrx_word' id='word_1_46' title='bbox 1639 821 1883 877; x_wconf 90' lang='lat' dir='ltr'><strong>edentes.</strong></span> <span class='ocrx_word' id='word_1_47' title='bbox 1917 823 1986 876; x_wconf 85' lang='lat' dir='ltr'><strong>Et</strong></span> <span class='ocrx_word' id='word_1_48' title='bbox 2005 838 2103 877; x_wconf 91' lang='lat' dir='ltr'><strong>cur</strong></span> 
     </span>
    </p>
   </div>
   <div class='ocr_carea' id='block_1_8' title="bbox 528 904 2101 979">
    <p class='ocr_par' dir='ltr' id='par_1_8' title="bbox 528 904 2101 979">
     <span class='ocr_line' id='line_1_8' title="bbox 528 904 2101 979; baseline 0.006 -23"><span class='ocrx_word' id='word_1_49' title='bbox 528 904 616 957; x_wconf 90' lang='lat' dir='ltr'><strong>ille</strong></span> <span class='ocrx_word' id='word_1_50' title='bbox 637 920 742 959; x_wconf 89' lang='lat' dir='ltr'><strong>non</strong></span> <span class='ocrx_word' id='word_1_51' title='bbox 768 907 1003 961; x_wconf 86' lang='lat' dir='ltr'><strong>vicissim</strong></span> <span class='ocrx_word' id='word_1_52' title='bbox 1033 910 1317 977; x_wconf 75' lang='lat' dir='ltr'><strong>percussit,</strong></span> <span class='ocrx_word' id='word_1_53' title='bbox 1353 911 1454 965; x_wconf 91' lang='lat' dir='ltr'><strong>etsi</strong></span> <span class='ocrx_word' id='word_1_54' title='bbox 1483 920 1801 979; x_wconf 87' lang='lat' dir='ltr'><strong>potestatem</strong></span> <span class='ocrx_word' id='word_1_55' title='bbox 1832 912 2054 968; x_wconf 87' lang='lat' dir='ltr'><strong>haberet</strong></span> <span class='ocrx_word' id='word_1_56' title='bbox 2078 914 2101 966; x_wconf 92' lang='lat'><strong>?</strong></span> 
     </span>
    </p>
   </div>
   <div class='ocr_carea' id='block_1_9' title="bbox 529 992 2099 1072">
    <p class='ocr_par' dir='ltr' id='par_1_9' title="bbox 529 992 2099 1072">
     <span class='ocr_line' id='line_1_9' title="bbox 529 992 2099 1072; baseline 0.006 -24"><span class='ocrx_word' id='word_1_57' title='bbox 529 992 629 1048; x_wconf 82' lang='lat' dir='ltr'><strong>Sed</strong></span> <span class='ocrx_word' id='word_1_58' title='bbox 652 995 1014 1066; x_wconf 88' lang='lat' dir='ltr'><strong>philosophari</strong></span> <span class='ocrx_word' id='word_1_59' title='bbox 1040 998 1420 1056; x_wconf 80' lang='lat' dir='ltr'><strong>edocebantur.</strong></span> <span class='ocrx_word' id='word_1_60' title='bbox 1445 1001 1554 1056; x_wconf 86' lang='lat' dir='ltr'><strong>Nec</strong></span> <span class='ocrx_word' id='word_1_61' title='bbox 1580 1000 1814 1057; x_wconf 89' lang='lat' dir='ltr'><strong>vicissim</strong></span> <span class='ocrx_word' id='word_1_62' title='bbox 1850 1004 2099 1072; x_wconf 90' lang='lat' dir='ltr'><strong>percutit,</strong></span> 
     </span>
    </p>
   </div>
   <div class='ocr_carea' id='block_1_10' title="bbox 528 1085 2103 1165">
    <p class='ocr_par' dir='ltr' id='par_1_10' title="bbox 528 1085 2103 1165">
     <span class='ocr_line' id='line_1_10' title="bbox 528 1085 2103 1165; baseline 0.009 -29"><span class='ocrx_word' id='word_1_63' title='bbox 528 1095 585 1137; x_wconf 87' lang='lat' dir='ltr'><strong>ut</strong></span> <span class='ocrx_word' id='word_1_64' title='bbox 606 1085 767 1152; x_wconf 81' lang='lat' dir='ltr'><strong>judex</strong></span> <span class='ocrx_word' id='word_1_65' title='bbox 798 1087 1103 1153; x_wconf 90' lang='lat' dir='ltr'><strong>edisceret,</strong></span> <span class='ocrx_word' id='word_1_66' title='bbox 1130 1091 1248 1159; x_wconf 90' lang='lat' dir='ltr'><strong>quis</strong></span> <span class='ocrx_word' id='word_1_67' title='bbox 1276 1094 1605 1147; x_wconf 83' lang='lat' dir='ltr'><strong>mansuetior</strong></span> <span class='ocrx_word' id='word_1_68' title='bbox 1630 1104 1793 1149; x_wconf 88' lang='lat' dir='ltr'><strong>esset.</strong></span> <span class='ocrx_word' id='word_1_69' title='bbox 1825 1095 1938 1150; x_wconf 91' lang='lat' dir='ltr'><strong>lloc</strong></span> <span class='ocrx_word' id='word_1_70' title='bbox 1966 1111 2103 1165; x_wconf 84' lang='lat' dir='ltr'><strong>prae-</strong></span> 
     </span>
    </p>
   </div>
   <div class='ocr_carea' id='block_1_11' title="bbox 519 1177 2099 1254">
    <p class='ocr_par' dir='ltr' id='par_1_11' title="bbox 519 1177 2099 1254">
     <span class='ocr_line' id='line_1_11' title="bbox 519 1177 2099 1254; baseline 0.009 -26"><span class='ocrx_word' id='word_1_71' title='bbox 519 1177 762 1232; x_wconf 84' lang='lat' dir='ltr'><strong>sentibus</strong></span> <span class='ocrx_word' id='word_1_72' title='bbox 810 1195 914 1254; x_wconf 73' lang='lat' dir='ltr'><strong>non</strong></span> <span class='ocrx_word' id='word_1_73' title='bbox 960 1196 1145 1250; x_wconf 90' lang='lat' dir='ltr'><strong>parum</strong></span> <span class='ocrx_word' id='word_1_74' title='bbox 1195 1183 1436 1252; x_wconf 83' lang='lat' dir='ltr'><strong>profuit:</strong></span> <span class='ocrx_word' id='word_1_75' title='bbox 1483 1186 1666 1240; x_wconf 89' lang='lat' dir='ltr'><strong>docuit</strong></span> <span class='ocrx_word' id='word_1_76' title='bbox 1718 1188 1859 1243; x_wconf 91' lang='lat' dir='ltr'><strong>enim</strong></span> <span class='ocrx_word' id='word_1_77' title='bbox 1907 1188 2099 1243; x_wconf 89' lang='lat' dir='ltr'><strong>horum</strong></span> 
     </span>
    </p>
   </div>
   <div class='ocr_carea' id='block_1_12' title="bbox 526 1268 2101 1351">
    <p class='ocr_par' dir='ltr' id='par_1_12' title="bbox 526 1268 2101 1351">
     <span class='ocr_line' id='line_1_12' title="bbox 526 1268 2101 1351; baseline 0.013 -33"><span class='ocrx_word' id='word_1_78' title='bbox 526 1268 769 1335; x_wconf 70' lang='lat' dir='ltr'><strong>mquilas,</strong></span> <span class='ocrx_word' id='word_1_79' title='bbox 796 1270 1115 1342; x_wconf 91' lang='lat' dir='ltr'><strong>illorumque</strong></span> <span class='ocrx_word' id='word_1_80' title='bbox 1142 1274 1359 1339; x_wconf 90' lang='lat' dir='ltr'><strong>ferocia,</strong></span> <span class='ocrx_word' id='word_1_81' title='bbox 1387 1277 1501 1331; x_wconf 70' lang='lat' dir='ltr'><strong>hanc</strong></span> <span class='ocrx_word' id='word_1_82' title='bbox 1524 1278 1720 1347; x_wconf 87' lang='lat' dir='ltr'><strong>judicis</strong></span> <span class='ocrx_word' id='word_1_83' title='bbox 1741 1281 1946 1335; x_wconf 82' lang='lat' dir='ltr'><strong>calculo</strong></span> <span class='ocrx_word' id='word_1_84' title='bbox 1968 1297 2101 1351; x_wconf 79' lang='lat' dir='ltr'><strong>Opus</strong></span> 
     </span>
    </p>
   </div>
   <div class='ocr_carea' id='block_1_13' title="bbox 520 1355 2101 1428">
    <p class='ocr_par' dir='ltr' id='par_1_13' title="bbox 520 1355 2101 1428">
     <span class='ocr_line' id='line_1_13' title="bbox 520 1355 2101 1428; baseline 0.013 -20"><span class='ocrx_word' id='word_1_85' title='bbox 520 1355 792 1414; x_wconf 79' lang='lat' dir='ltr'><strong>habuisse.</strong></span> <span class='ocrx_word' id='word_1_86' title='bbox 825 1363 893 1416; x_wconf 84' lang='lat' dir='ltr'><strong>At</strong></span> <span class='ocrx_word' id='word_1_87' title='bbox 923 1362 975 1416; x_wconf 89' lang='lat' dir='ltr'><strong>bi</strong></span> <span class='ocrx_word' id='word_1_88' title='bbox 999 1367 1177 1419; x_wconf 85' lang='lat' dir='ltr'><strong>omnia</strong></span> <span class='ocrx_word' id='word_1_89' title='bbox 1196 1367 1328 1422; x_wconf 90' lang='lat' dir='ltr'><strong>citra</strong></span> <span class='ocrx_word' id='word_1_90' title='bbox 1358 1368 1599 1424; x_wconf 91' lang='lat' dir='ltr'><strong>ordinem</strong></span> <span class='ocrx_word' id='word_1_91' title='bbox 1632 1371 1851 1426; x_wconf 89' lang='lat' dir='ltr'><strong>faciunt.</strong></span> <span class='ocrx_word' id='word_1_92' title='bbox 1879 1372 1987 1427; x_wconf 87' lang='lat' dir='ltr'><strong>Nec</strong></span> <span class='ocrx_word' id='word_1_93' title='bbox 2014 1374 2101 1428; x_wconf 86' lang='lat' dir='ltr'><strong>di-</strong></span> 
     </span>
    </p>
   </div>
   <div class='ocr_carea' id='block_1_14' title="bbox 521 1449 2096 1535">
    <p class='ocr_par' dir='ltr' id='par_1_14' title="bbox 521 1449 2096 1535">
     <span class='ocr_line' id='line_1_14' title="bbox 521 1449 2096 1535; baseline 0.014 -36"><span class='ocrx_word' id='word_1_94' title='bbox 521 1449 598 1500; x_wconf 83' lang='lat' dir='ltr'><strong>xit</strong></span> <span class='ocrx_word' id='word_1_95' title='bbox 624 1450 732 1514; x_wconf 86' lang='lat' dir='ltr'><strong>ille,</strong></span> <span class='ocrx_word' id='word_1_96' title='bbox 764 1452 878 1507; x_wconf 90' lang='lat' dir='ltr'><strong>Non</strong></span> <span class='ocrx_word' id='word_1_97' title='bbox 909 1466 1156 1524; x_wconf 87' lang='lat' dir='ltr'><strong>oportet,</strong></span> <span class='ocrx_word' id='word_1_98' title='bbox 1188 1474 1254 1514; x_wconf 86' lang='lat' dir='ltr'><strong>ne</strong></span> <span class='ocrx_word' id='word_1_99' title='bbox 1285 1475 1497 1515; x_wconf 89' lang='lat' dir='ltr'><strong>rursum</strong></span> <span class='ocrx_word' id='word_1_100' title='bbox 1530 1473 1870 1530; x_wconf 88' lang='lat' dir='ltr'><strong>percuterent</strong></span> <span class='ocrx_word' id='word_1_101' title='bbox 1912 1466 2058 1520; x_wconf 91' lang='lat' dir='ltr'><strong>illum</strong></span> <span class='ocrx_word' id='word_1_102' title='bbox 2080 1508 2096 1535; x_wconf 92' lang='lat'><strong>,</strong></span> 
     </span>
    </p>
   </div>
   <div class='ocr_carea' id='block_1_15' title="bbox 515 1537 2100 1625">
    <p class='ocr_par' dir='ltr' id='par_1_15' title="bbox 515 1537 2100 1625">
     <span class='ocr_line' id='line_1_15' title="bbox 515 1537 2100 1625; baseline 0.016 -38"><span class='ocrx_word' id='word_1_103' title='bbox 515 1537 629 1602; x_wconf 86' lang='lat' dir='ltr'><strong>sed,</strong></span> <span class='ocrx_word' id='word_1_104' title='bbox 664 1538 819 1594; x_wconf 88' lang='lat' dir='ltr'><strong>Nolo.</strong></span> <span class='ocrx_word' id='word_1_105' title='bbox 847 1542 1018 1599; x_wconf 73' lang='lat' dir='ltr'><strong>Iudex</strong></span> <span class='ocrx_word' id='word_1_106' title='bbox 1043 1548 1173 1600; x_wconf 86' lang='lat' dir='ltr'><strong>enim</strong></span> <span class='ocrx_word' id='word_1_107' title='bbox 1202 1549 1382 1603; x_wconf 79' lang='lat' dir='ltr'><strong>lterum</strong></span> <span class='ocrx_word' id='word_1_108' title='bbox 1405 1568 1514 1606; x_wconf 78' lang='lat' dir='ltr'><strong>esse</strong></span> <span class='ocrx_word' id='word_1_109' title='bbox 1536 1555 1652 1607; x_wconf 88' lang='lat' dir='ltr'><strong>nolo</strong></span> <span class='ocrx_word' id='word_1_110' title='bbox 1682 1571 1701 1607; x_wconf 88' lang='lat'><strong><em>:</em></strong></span> <span class='ocrx_word' id='word_1_111' title='bbox 1720 1555 1855 1610; x_wconf 89' lang='lat' dir='ltr'><strong>adeo</strong></span> <span class='ocrx_word' id='word_1_112' title='bbox 1880 1559 2100 1625; x_wconf 64' lang='lat' dir='ltr'><strong>{equita-</strong></span> 
     </span>
    </p>
   </div>
   <div class='ocr_carea' id='block_1_16' title="bbox 516 1626 2094 1702">
    <p class='ocr_par' dir='ltr' id='par_1_16' title="bbox 516 1626 2094 1702">
     <span class='ocr_line' id='line_1_16' title="bbox 516 1626 2094 1702; baseline 0.016 -26"><span class='ocrx_word' id='word_1_113' title='bbox 516 1626 581 1678; x_wconf 90' lang='lat' dir='ltr'><strong>tis</strong></span> <span class='ocrx_word' id='word_1_114' title='bbox 629 1642 815 1685; x_wconf 89' lang='lat' dir='ltr'><strong>amans</strong></span> <span class='ocrx_word' id='word_1_115' title='bbox 862 1643 995 1690; x_wconf 89' lang='lat' dir='ltr'><strong>erat.</strong></span> <span class='ocrx_word' id='word_1_116' title='bbox 1035 1636 1146 1692; x_wconf 88' lang='lat' dir='ltr'><strong>iloc</strong></span> <span class='ocrx_word' id='word_1_117' title='bbox 1184 1649 1236 1693; x_wconf 89' lang='lat' dir='ltr'><strong>et</strong></span> <span class='ocrx_word' id='word_1_118' title='bbox 1279 1640 1482 1695; x_wconf 84' lang='lat' dir='ltr'><strong>Pilatus</strong></span> <span class='ocrx_word' id='word_1_119' title='bbox 1513 1642 1724 1700; x_wconf 87' lang='lat' dir='ltr'><strong>dicebat</strong></span> <span class='ocrx_word' id='word_1_120' title='bbox 1751 1646 1818 1700; x_wconf 89' lang='lat' dir='ltr'><strong>de</strong></span> <span class='ocrx_word' id='word_1_121' title='bbox 1838 1646 2094 1702; x_wconf 88' lang='lat' dir='ltr'><strong>Christo:</strong></span> 
     </span>
    </p>
   </div>
   <div class='ocr_carea' id='block_1_17' title="bbox 516 1716 2100 1807">
    <p class='ocr_par' dir='ltr' id='par_1_17' title="bbox 516 1716 2100 1807">
     <span class='ocr_line' id='line_1_17' title="bbox 516 1716 2100 1807; baseline 0.016 -39"><span class='ocrx_word' id='word_1_122' title='bbox 516 1716 739 1788; x_wconf 79' lang='lat' dir='ltr'><strong>Accipite</strong></span> <span class='ocrx_word' id='word_1_123' title='bbox 766 1738 879 1775; x_wconf 79' lang='lat' dir='ltr'><strong>eum</strong></span> <span class='ocrx_word' id='word_1_124' title='bbox 908 1741 1015 1791; x_wconf 76' lang='lat' dir='ltr'><strong>uos,</strong></span> <span class='ocrx_word' id='word_1_125' title='bbox 1061 1735 1107 1780; x_wconf 89' lang='lat' dir='ltr'><strong>et</strong></span> <span class='ocrx_word' id='word_1_126' title='bbox 1136 1730 1412 1783; x_wconf 76' lang='lat' dir='ltr'><strong>secundum</strong></span> <span class='ocrx_word' id='word_1_127' title='bbox 1445 1730 1602 1802; x_wconf 84' lang='lat' dir='ltr'><strong>legem</strong></span> <span class='ocrx_word' id='word_1_128' title='bbox 1640 1744 1851 1788; x_wconf 76' lang='lat' dir='ltr'><strong>restrain</strong></span> <span class='ocrx_word' id='word_1_129' title='bbox 1870 1738 2100 1807; x_wconf 79' lang='lat' dir='ltr'><strong>jutlicate</strong></span> 
     </span>
    </p>
   </div>
   <div class='ocr_carea' id='block_1_18' title="bbox 522 1808 2097 1895">
    <p class='ocr_par' dir='ltr' id='par_1_18' title="bbox 522 1808 2097 1895">
     <span class='ocr_line' id='line_1_18' title="bbox 522 1808 2097 1895; baseline 0.016 -34"><span class='ocrx_word' id='word_1_130' title='bbox 522 1808 718 1874; x_wconf 84' lang='lat' dir='ltr'><strong>(Joan.</strong></span> <span class='ocrx_word' id='word_1_131' title='bbox 767 1814 853 1868; x_wconf 86' lang='grc'><strong>18.</strong></span> <span class='ocrx_word' id='word_1_132' title='bbox 898 1815 1028 1887; x_wconf 79' lang='grc'><strong>51).</strong></span> <span class='ocrx_word' id='word_1_133' title='bbox 1067 1817 1163 1873; x_wconf 91' lang='lat' dir='ltr'><strong>llle</strong></span> <span class='ocrx_word' id='word_1_134' title='bbox 1203 1822 1497 1877; x_wconf 89' lang='lat' dir='ltr'><strong>secundum</strong></span> <span class='ocrx_word' id='word_1_135' title='bbox 1538 1826 1705 1895; x_wconf 92' lang='lat' dir='ltr'><strong>legem</strong></span> <span class='ocrx_word' id='word_1_136' title='bbox 1737 1828 1950 1884; x_wconf 88' lang='lat' dir='ltr'><strong>volebat</strong></span> <span class='ocrx_word' id='word_1_137' title='bbox 1981 1832 2097 1886; x_wconf 83' lang='lat' dir='ltr'><strong>illos</strong></span> 
     </span>
    </p>
   </div>
   <div class='ocr_carea' id='block_1_19' title="bbox 515 1898 2096 1980">
    <p class='ocr_par' dir='ltr' id='par_1_19' title="bbox 515 1898 2096 1980">
     <span class='ocr_line' id='line_1_19' title="bbox 515 1898 2096 1980; baseline 0.02 -31"><span class='ocrx_word' id='word_1_138' title='bbox 515 1898 793 1969; x_wconf 74' lang='lat' dir='ltr'><strong>indicare;</strong></span> <span class='ocrx_word' id='word_1_139' title='bbox 846 1906 922 1960; x_wconf 89' lang='lat' dir='ltr'><strong>illi</strong></span> <span class='ocrx_word' id='word_1_140' title='bbox 977 1922 1103 1963; x_wconf 91' lang='lat' dir='ltr'><strong>vero</strong></span> <span class='ocrx_word' id='word_1_141' title='bbox 1148 1913 1299 1980; x_wconf 90' lang='lat' dir='ltr'><strong>quasi</strong></span> <span class='ocrx_word' id='word_1_142' title='bbox 1338 1913 1470 1968; x_wconf 86' lang='lat' dir='ltr'><strong>ebrii</strong></span> <span class='ocrx_word' id='word_1_143' title='bbox 1516 1926 1569 1971; x_wconf 92' lang='lat' dir='ltr'><strong>et</strong></span> <span class='ocrx_word' id='word_1_144' title='bbox 1619 1916 1889 1975; x_wconf 89' lang='lat' dir='ltr'><strong>furibundi</strong></span> <span class='ocrx_word' id='word_1_145' title='bbox 1922 1922 2096 1980; x_wconf 87' lang='lat' dir='ltr'><strong>affecti</strong></span> 
     </span>
    </p>
   </div>
   <div class='ocr_carea' id='block_1_20' title="bbox 510 1993 2098 2081">
    <p class='ocr_par' dir='ltr' id='par_1_20' title="bbox 510 1993 2098 2081">
     <span class='ocr_line' id='line_1_20' title="bbox 510 1993 2098 2081; baseline 0.018 -40"><span class='ocrx_word' id='word_1_146' title='bbox 510 2001 683 2045; x_wconf 82' lang='lat' dir='ltr'><strong>erant.</strong></span> <span class='ocrx_word' id='word_1_147' title='bbox 728 1993 851 2049; x_wconf 92' lang='lat' dir='ltr'><strong>Ideo</strong></span> <span class='ocrx_word' id='word_1_148' title='bbox 899 1998 989 2053; x_wconf 92' lang='lat' dir='ltr'><strong>ille</strong></span> <span class='ocrx_word' id='word_1_149' title='bbox 1032 2000 1258 2055; x_wconf 84' lang='lat' dir='ltr'><strong>Athenis</strong></span> <span class='ocrx_word' id='word_1_150' title='bbox 1298 2007 1556 2070; x_wconf 89' lang='lat' dir='ltr'><strong>secessit,</strong></span> <span class='ocrx_word' id='word_1_151' title='bbox 1591 2009 1721 2074; x_wconf 82' lang='lat' dir='ltr'><strong>Quia</strong></span> <span class='ocrx_word' id='word_1_152' title='bbox 1746 2014 1966 2081; x_wconf 80' lang='lat' dir='ltr'><strong>populus</strong></span> <span class='ocrx_word' id='word_1_153' title='bbox 1990 2016 2098 2070; x_wconf 87' lang='lat' dir='ltr'><strong>illic</strong></span> 
     </span>
    </p>
   </div>
   <div class='ocr_carea' id='block_1_21' title="bbox 520 2086 1812 2158">
    <p class='ocr_par' dir='ltr' id='par_1_21' title="bbox 520 2086 1812 2158">
     <span class='ocr_line' id='line_1_21' title="bbox 520 2086 1812 2158; baseline 0.02 -28"><span class='ocrx_word' id='word_1_154' title='bbox 520 2090 628 2133; x_wconf 84' lang='lat' dir='ltr'><strong>erat</strong></span> <span class='ocrx_word' id='word_1_155' title='bbox 654 2086 861 2140; x_wconf 74' lang='lat' dir='ltr'><strong>multus.</strong></span> <span class='ocrx_word' id='word_1_156' title='bbox 895 2088 1318 2158; x_wconf 84' lang='lat' dir='ltr'><strong>Percutiebatttl‘,</strong></span> <span class='ocrx_word' id='word_1_157' title='bbox 1351 2102 1405 2149; x_wconf 87' lang='lat' dir='ltr'><strong>et</strong></span> <span class='ocrx_word' id='word_1_158' title='bbox 1433 2096 1560 2151; x_wconf 86' lang='lat' dir='ltr'><strong>nihil</strong></span> <span class='ocrx_word' id='word_1_159' title='bbox 1583 2098 1812 2156; x_wconf 88' lang='lat' dir='ltr'><strong>dicebat.</strong></span> 
     </span>
    </p>
   </div>
   <div class='ocr_carea' id='block_1_22' title="bbox 586 2173 2097 2267">
    <p class='ocr_par' dir='ltr' id='par_1_22' title="bbox 586 2173 2097 2267">
     <span class='ocr_line' id='line_1_22' title="bbox 586 2173 2097 2267; baseline 0.017 -40"><span class='ocrx_word' id='word_1_160' title='bbox 586 2175 638 2227; x_wconf 77' lang='lat'><strong>5.</strong></span> <span class='ocrx_word' id='word_1_161' title='bbox 681 2173 1024 2235; x_wconf 80' lang='lat' dir='ltr'><strong>Mansuetudo</strong></span> <span class='ocrx_word' id='word_1_162' title='bbox 1067 2187 1465 2242; x_wconf 85' lang='lat' dir='ltr'><strong>commendatur.</strong></span> <span class='ocrx_word' id='word_1_163' title='bbox 1524 2190 1839 2248; x_wconf 81' lang='lat' dir='ltr'><strong>Contumelia</strong></span> <span class='ocrx_word' id='word_1_164' title='bbox 1879 2198 2097 2267; x_wconf 62' lang='lat' dir='ltr'><strong>(iniciens</strong></span> 
     </span>
    </p>
   </div>
   <div class='ocr_carea' id='block_1_23' title="bbox 512 2265 2096 2347">
    <p class='ocr_par' dir='ltr' id='par_1_23' title="bbox 512 2265 2096 2347">
     <span class='ocr_line' id='line_1_23' title="bbox 512 2265 2096 2347; baseline 0.018 -33"><span class='ocrx_word' id='word_1_165' title='bbox 512 2265 672 2334; x_wconf 76' lang='lat' dir='ltr'><strong>magis</strong></span> <span class='ocrx_word' id='word_1_166' title='bbox 700 2270 1050 2339; x_wconf 72' lang='lat' dir='ltr'><strong>contemnitur,</strong></span> <span class='ocrx_word' id='word_1_167' title='bbox 1081 2290 1231 2342; x_wconf 81' lang='lat' dir='ltr'><strong>quant</strong></span> <span class='ocrx_word' id='word_1_168' title='bbox 1259 2280 1558 2333; x_wconf 85' lang='lat' dir='ltr'><strong>contumelia</strong></span> <span class='ocrx_word' id='word_1_169' title='bbox 1588 2280 1817 2347; x_wconf 73' lang='lat' dir='ltr'><strong>affectus.</strong></span> <span class='ocrx_word' id='word_1_170' title='bbox 1848 2316 1918 2325; x_wconf 92' lang='lat'><strong>—-</strong></span> <span class='ocrx_word' id='word_1_171' title='bbox 1946 2288 2096 2344; x_wconf 89' lang='lat' dir='ltr'><strong>llunc</strong></span> 
     </span>
    </p>
   </div>
   <div class='ocr_carea' id='block_1_24' title="bbox 520 2356 2093 2432">
    <p class='ocr_par' dir='ltr' id='par_1_24' title="bbox 520 2356 2093 2432">
     <span class='ocr_line' id='line_1_24' title="bbox 520 2356 2093 2432; baseline 0.019 -30"><span class='ocrx_word' id='word_1_172' title='bbox 520 2361 572 2405; x_wconf 89' lang='lat' dir='ltr'><strong>et</strong></span> <span class='ocrx_word' id='word_1_173' title='bbox 599 2369 695 2407; x_wconf 89' lang='lat' dir='ltr'><strong>nos</strong></span> <span class='ocrx_word' id='word_1_174' title='bbox 718 2356 989 2413; x_wconf 82' lang='lat' dir='ltr'><strong>imitemur</strong></span> <span class='ocrx_word' id='word_1_175' title='bbox 1016 2378 1027 2413; x_wconf 91' lang='lat'><strong>:</strong></span> <span class='ocrx_word' id='word_1_176' title='bbox 1056 2366 1474 2430; x_wconf 87' lang='lat' dir='ltr'><strong>percutientibus</strong></span> <span class='ocrx_word' id='word_1_177' title='bbox 1498 2373 1903 2428; x_wconf 84' lang='lat' dir='ltr'><strong>mansuetudine</strong></span> <span class='ocrx_word' id='word_1_178' title='bbox 1925 2377 2093 2432; x_wconf 90' lang='lat' dir='ltr'><strong>vicem</strong></span> 
     </span>
    </p>
   </div>
   <div class='ocr_carea' id='block_1_25' title="bbox 515 2442 2096 2523">
    <p class='ocr_par' dir='ltr' id='par_1_25' title="bbox 515 2442 2096 2523">
     <span class='ocr_line' id='line_1_25' title="bbox 515 2442 2096 2523; baseline 0.018 -30"><span class='ocrx_word' id='word_1_179' title='bbox 515 2442 871 2509; x_wconf 81' lang='lat' dir='ltr'><strong>rependamus</strong></span> <span class='ocrx_word' id='word_1_180' title='bbox 895 2488 911 2513; x_wconf 89' lang='lat'><strong>,</strong></span> <span class='ocrx_word' id='word_1_181' title='bbox 951 2450 1201 2519; x_wconf 91' lang='lat' dir='ltr'><strong>silentio,</strong></span> <span class='ocrx_word' id='word_1_182' title='bbox 1242 2456 1516 2523; x_wconf 82' lang='lat' dir='ltr'><strong>patientia.</strong></span> <span class='ocrx_word' id='word_1_183' title='bbox 1552 2460 1677 2515; x_wconf 71' lang='lat' dir='ltr'><strong>litec</strong></span> <span class='ocrx_word' id='word_1_184' title='bbox 1725 2465 1939 2518; x_wconf 81' lang='lat' dir='ltr'><strong>vulnera</strong></span> <span class='ocrx_word' id='word_1_185' title='bbox 1971 2478 2096 2523; x_wconf 91' lang='lat' dir='ltr'><strong>sunt</strong></span> 
     </span>
    </p>
   </div>
   <div class='ocr_carea' id='block_1_26' title="bbox 522 2533 2091 2615">
    <p class='ocr_par' dir='ltr' id='par_1_26' title="bbox 522 2533 2091 2615">
     <span class='ocr_line' id='line_1_26' title="bbox 522 2533 2091 2615; baseline 0.02 -33"><span class='ocrx_word' id='word_1_186' title='bbox 522 2533 800 2599; x_wconf 79' lang='lat' dir='ltr'><strong>graviora;</strong></span> <span class='ocrx_word' id='word_1_187' title='bbox 832 2538 1002 2605; x_wconf 89' lang='lat' dir='ltr'><strong>major</strong></span> <span class='ocrx_word' id='word_1_188' title='bbox 1019 2540 1168 2611; x_wconf 80' lang='lat' dir='ltr'><strong>plaga</strong></span> <span class='ocrx_word' id='word_1_189' title='bbox 1194 2553 1249 2598; x_wconf 90' lang='lat' dir='ltr'><strong>et</strong></span> <span class='ocrx_word' id='word_1_190' title='bbox 1276 2547 1550 2603; x_wconf 87' lang='lat' dir='ltr'><strong>molestior</strong></span> <span class='ocrx_word' id='word_1_191' title='bbox 1575 2560 1657 2606; x_wconf 90' lang='lat' dir='ltr'><strong>est</strong></span> <span class='ocrx_word' id='word_1_192' title='bbox 1688 2571 1700 2606; x_wconf 91' lang='lat'><strong>:</strong></span> <span class='ocrx_word' id='word_1_193' title='bbox 1732 2570 1835 2609; x_wconf 91' lang='lat' dir='ltr'><strong>non</strong></span> <span class='ocrx_word' id='word_1_194' title='bbox 1867 2558 2009 2612; x_wconf 92' lang='lat' dir='ltr'><strong>enim</strong></span> <span class='ocrx_word' id='word_1_195' title='bbox 2040 2560 2091 2615; x_wconf 90' lang='lat' dir='ltr'><strong>in</strong></span> 
     </span>
    </p>
   </div>
   <div class='ocr_carea' id='block_1_27' title="bbox 519 2627 2094 2709">
    <p class='ocr_par' dir='ltr' id='par_1_27' title="bbox 519 2627 2094 2709">
     <span class='ocr_line' id='line_1_27' title="bbox 519 2627 2094 2709; baseline 0.02 -36"><span class='ocrx_word' id='word_1_196' title='bbox 519 2635 786 2690; x_wconf 89' lang='lat' dir='ltr'><strong>corpore,</strong></span> <span class='ocrx_word' id='word_1_197' title='bbox 838 2627 931 2681; x_wconf 91' lang='lat' dir='ltr'><strong>sed</strong></span> <span class='ocrx_word' id='word_1_198' title='bbox 982 2629 1034 2685; x_wconf 92' lang='lat' dir='ltr'><strong>in</strong></span> <span class='ocrx_word' id='word_1_199' title='bbox 1075 2632 1254 2688; x_wconf 88' lang='lat' dir='ltr'><strong>animo</strong></span> <span class='ocrx_word' id='word_1_200' title='bbox 1300 2640 1501 2704; x_wconf 90' lang='lat' dir='ltr'><strong>percuti</strong></span> <span class='ocrx_word' id='word_1_201' title='bbox 1547 2656 1710 2709; x_wconf 88' lang='lat' dir='ltr'><strong>grave</strong></span> <span class='ocrx_word' id='word_1_202' title='bbox 1757 2654 1858 2699; x_wconf 84' lang='lat' dir='ltr'><strong>est.</strong></span> <span class='ocrx_word' id='word_1_203' title='bbox 1904 2647 2094 2705; x_wconf 84' lang='lat' dir='ltr'><strong>Multos</strong></span> 
     </span>
    </p>
   </div>
   <div class='ocr_carea' id='block_1_28' title="bbox 522 2716 2091 2809">
    <p class='ocr_par' dir='ltr' id='par_1_28' title="bbox 522 2716 2091 2809">
     <span class='ocr_line' id='line_1_28' title="bbox 522 2716 2091 2809; baseline 0.021 -45"><span class='ocrx_word' id='word_1_204' title='bbox 522 2716 868 2789; x_wconf 85' lang='lat' dir='ltr'><strong>percutimus,</strong></span> <span class='ocrx_word' id='word_1_205' title='bbox 898 2721 991 2777; x_wconf 90' lang='lat' dir='ltr'><strong>sed</strong></span> <span class='ocrx_word' id='word_1_206' title='bbox 1019 2724 1139 2793; x_wconf 87' lang='lat' dir='ltr'><strong>quia</strong></span> <span class='ocrx_word' id='word_1_207' title='bbox 1162 2735 1220 2780; x_wconf 90' lang='lat' dir='ltr'><strong>ut</strong></span> <span class='ocrx_word' id='word_1_208' title='bbox 1251 2729 1452 2785; x_wconf 90' lang='lat' dir='ltr'><strong>amicos</strong></span> <span class='ocrx_word' id='word_1_209' title='bbox 1474 2772 1486 2795; x_wconf 92' lang='lat'><strong>,</strong></span> <span class='ocrx_word' id='word_1_210' title='bbox 1515 2732 1852 2792; x_wconf 85' lang='lat' dir='ltr'><strong>delectantur</strong></span> <span class='ocrx_word' id='word_1_211' title='bbox 1881 2740 1978 2809; x_wconf 88' lang='lat' dir='ltr'><strong>ipsi</strong></span> <span class='ocrx_word' id='word_1_212' title='bbox 2004 2758 2019 2808; x_wconf 91' lang='lat'><strong>;</strong></span> <span class='ocrx_word' id='word_1_213' title='bbox 2047 2745 2091 2798; x_wconf 89' lang='lat' dir='ltr'><strong>si</strong></span> 
     </span>
    </p>
   </div>
   <div class='ocr_carea' id='block_1_29' title="bbox 512 2811 2094 2901">
    <p class='ocr_par' dir='ltr' id='par_1_29' title="bbox 512 2811 2094 2901">
     <span class='ocr_line' id='line_1_29' title="bbox 512 2811 2094 2901; baseline 0.021 -46"><span class='ocrx_word' id='word_1_214' title='bbox 512 2819 639 2857; x_wconf 85' lang='lat' dir='ltr'><strong>vero</strong></span> <span class='ocrx_word' id='word_1_215' title='bbox 664 2811 904 2876; x_wconf 92' lang='lat' dir='ltr'><strong>quemvis</strong></span> <span class='ocrx_word' id='word_1_216' title='bbox 930 2828 1051 2867; x_wconf 90' lang='lat' dir='ltr'><strong>cum</strong></span> <span class='ocrx_word' id='word_1_217' title='bbox 1078 2820 1401 2873; x_wconf 87' lang='lat' dir='ltr'><strong>contumelia</strong></span> <span class='ocrx_word' id='word_1_218' title='bbox 1449 2828 1779 2891; x_wconf 85' lang='lat' dir='ltr'><strong>percusseris</strong></span> <span class='ocrx_word' id='word_1_219' title='bbox 1803 2871 1818 2896; x_wconf 91' lang='lat'><strong>,</strong></span> <span class='ocrx_word' id='word_1_220' title='bbox 1851 2832 1973 2901; x_wconf 86' lang='lat' dir='ltr'><strong>quia</strong></span> <span class='ocrx_word' id='word_1_221' title='bbox 2000 2848 2094 2889; x_wconf 92' lang='lat' dir='ltr'><strong>cor</strong></span> 
     </span>
    </p>
   </div>
   <div class='ocr_carea' id='block_1_30' title="bbox 510 2894 2094 2992">
    <p class='ocr_par' dir='ltr' id='par_1_30' title="bbox 510 2894 2094 2992">
     <span class='ocr_line' id='line_1_30' title="bbox 510 2894 2094 2992; baseline 0.021 -46"><span class='ocrx_word' id='word_1_222' title='bbox 510 2894 763 2965; x_wconf 88' lang='lat' dir='ltr'><strong>tetigisti,</strong></span> <span class='ocrx_word' id='word_1_223' title='bbox 796 2914 1045 2970; x_wconf 87' lang='lat' dir='ltr'><strong>magnum</strong></span> <span class='ocrx_word' id='word_1_224' title='bbox 1077 2905 1304 2962; x_wconf 89' lang='lat' dir='ltr'><strong>intulisti</strong></span> <span class='ocrx_word' id='word_1_225' title='bbox 1329 2924 1616 2968; x_wconf 71' lang='lat' dir='ltr'><strong>mmrorem</strong></span> <span class='ocrx_word' id='word_1_226' title='bbox 1650 2934 1661 2969; x_wconf 94' lang='lat'>:</span> <span class='ocrx_word' id='word_1_227' title='bbox 1701 2918 1774 2972; x_wconf 89' lang='lat' dir='ltr'><strong>ita</strong></span> <span class='ocrx_word' id='word_1_228' title='bbox 1801 2923 1971 2992; x_wconf 81' lang='lat' dir='ltr'><strong>magis</strong></span> <span class='ocrx_word' id='word_1_229' title='bbox 2000 2939 2094 2979; x_wconf 93' lang='lat' dir='ltr'><strong>cor</strong></span> 
     </span>
    </p>
   </div>
   <div class='ocr_carea' id='block_1_31' title="bbox 510 2983 2089 3082">
    <p class='ocr_par' dir='ltr' id='par_1_31' title="bbox 510 2983 2089 3082">
     <span class='ocr_line' id='line_1_31' title="bbox 510 2983 2089 3082; baseline 0.022 -46"><span class='ocrx_word' id='word_1_230' title='bbox 510 2983 686 3051; x_wconf 88' lang='lat' dir='ltr'><strong>ipsum</strong></span> <span class='ocrx_word' id='word_1_231' title='bbox 717 2992 1065 3056; x_wconf 89' lang='lat' dir='ltr'><strong>percutimus.</strong></span> <span class='ocrx_word' id='word_1_232' title='bbox 1096 2996 1250 3064; x_wconf 85' lang='lat' dir='ltr'><strong>Quod</strong></span> <span class='ocrx_word' id='word_1_233' title='bbox 1277 3010 1456 3057; x_wconf 92' lang='lat' dir='ltr'><strong>autem</strong></span> <span class='ocrx_word' id='word_1_234' title='bbox 1487 3004 1679 3062; x_wconf 91' lang='lat' dir='ltr'><strong>lenitas</strong></span> <span class='ocrx_word' id='word_1_235' title='bbox 1704 3013 1873 3081; x_wconf 89' lang='lat' dir='ltr'><strong>magis</strong></span> <span class='ocrx_word' id='word_1_236' title='bbox 1891 2983 2049 3070; x_wconf 72' lang='lat' dir='ltr'><strong>feriat</strong></span> <span class='ocrx_word' id='word_1_237' title='bbox 2074 3057 2089 3082; x_wconf 92' lang='lat'><strong>,</strong></span> 
     </span>
    </p>
   </div>
   <div class='ocr_carea' id='block_1_32' title="bbox 510 3080 2093 3163">
    <p class='ocr_par' dir='ltr' id='par_1_32' title="bbox 510 3080 2093 3163">
     <span class='ocr_line' id='line_1_32' title="bbox 510 3080 2093 3163; baseline 0.024 -37"><span class='ocrx_word' id='word_1_238' title='bbox 510 3092 669 3145; x_wconf 89' lang='lat' dir='ltr'><strong>quam</strong></span> <span class='ocrx_word' id='word_1_239' title='bbox 713 3080 931 3149; x_wconf 89' lang='lat' dir='ltr'><strong>ferocia,</strong></span> <span class='ocrx_word' id='word_1_240' title='bbox 961 3100 1058 3155; x_wconf 86' lang='lat' dir='ltr'><strong>age</strong></span> <span class='ocrx_word' id='word_1_241' title='bbox 1102 3102 1198 3156; x_wconf 92' lang='lat' dir='ltr'><strong>pro</strong></span> <span class='ocrx_word' id='word_1_242' title='bbox 1231 3092 1370 3146; x_wconf 87' lang='lat' dir='ltr'><strong>virili</strong></span> <span class='ocrx_word' id='word_1_243' title='bbox 1398 3080 1839 3157; x_wconf 80' lang='lat' dir='ltr'><strong>demonstremus.</strong></span> <span class='ocrx_word' id='word_1_244' title='bbox 1867 3105 2093 3163; x_wconf 84' lang='lat' dir='ltr'><strong>Manife-</strong></span> 
     </span>
    </p>
   </div>
   <div class='ocr_carea' id='block_1_33' title="bbox 509 3169 2092 3261">
    <p class='ocr_par' dir='ltr' id='par_1_33' title="bbox 509 3169 2092 3261">
     <span class='ocr_line' id='line_1_33' title="bbox 509 3169 2092 3261; baseline 0.025 -44"><span class='ocrx_word' id='word_1_245' title='bbox 509 3175 591 3219; x_wconf 89' lang='lat' dir='ltr'><strong>sta</strong></span> <span class='ocrx_word' id='word_1_246' title='bbox 622 3169 836 3238; x_wconf 90' lang='lat' dir='ltr'><strong>quidem</strong></span> <span class='ocrx_word' id='word_1_247' title='bbox 864 3173 1249 3235; x_wconf 90' lang='lat' dir='ltr'><strong>demonstratio</strong></span> <span class='ocrx_word' id='word_1_248' title='bbox 1276 3199 1438 3253; x_wconf 83' lang='lat' dir='ltr'><strong>opere</strong></span> <span class='ocrx_word' id='word_1_249' title='bbox 1458 3187 1516 3240; x_wconf 88' lang='lat' dir='ltr'><strong>ﬁt</strong></span> <span class='ocrx_word' id='word_1_250' title='bbox 1536 3198 1590 3243; x_wconf 91' lang='lat' dir='ltr'><strong>et</strong></span> <span class='ocrx_word' id='word_1_251' title='bbox 1611 3195 1978 3261; x_wconf 87' lang='lat' dir='ltr'><strong>experimento</strong></span> <span class='ocrx_word' id='word_1_252' title='bbox 2005 3217 2018 3253; x_wconf 91' lang='lat'><strong>:</strong></span> <span class='ocrx_word' id='word_1_253' title='bbox 2045 3202 2092 3256; x_wconf 89' lang='lat' dir='ltr'><strong>si</strong></span> 
     </span>
    </p>
   </div>
   <div class='ocr_carea' id='block_1_34' title="bbox 515 3261 2091 3356">
    <p class='ocr_par' dir='ltr' id='par_1_34' title="bbox 515 3261 2091 3356">
     <span class='ocr_line' id='line_1_34' title="bbox 515 3261 2091 3356; baseline 0.023 -47"><span class='ocrx_word' id='word_1_254' title='bbox 515 3267 691 3313; x_wconf 87' lang='lat' dir='ltr'><strong>tamen</strong></span> <span class='ocrx_word' id='word_1_255' title='bbox 724 3261 933 3330; x_wconf 89' lang='lat' dir='ltr'><strong>placet,</strong></span> <span class='ocrx_word' id='word_1_256' title='bbox 959 3267 1117 3321; x_wconf 89' lang='lat' dir='ltr'><strong>ctiam</strong></span> <span class='ocrx_word' id='word_1_257' title='bbox 1146 3283 1395 3328; x_wconf 87' lang='lat' dir='ltr'><strong>sermone</strong></span> <span class='ocrx_word' id='word_1_258' title='bbox 1422 3279 1786 3338; x_wconf 83' lang='lat' dir='ltr'><strong>cxaminemus</strong></span> <span class='ocrx_word' id='word_1_259' title='bbox 1811 3325 1826 3350; x_wconf 95' lang='lat'><strong>,</strong></span> <span class='ocrx_word' id='word_1_260' title='bbox 1850 3292 2091 3356; x_wconf 88' lang='lat' dir='ltr'><strong>quamvis</strong></span> 
     </span>
    </p>
   </div>
   <div class='ocr_carea' id='block_1_35' title="bbox 512 3347 2091 3439">
    <p class='ocr_par' dir='ltr' id='par_1_35' title="bbox 512 3347 2091 3439">
     <span class='ocr_line' id='line_1_35' title="bbox 512 3347 2091 3439; baseline 0.025 -40"><span class='ocrx_word' id='word_1_261' title='bbox 512 3347 563 3400; x_wconf 91' lang='lat' dir='ltr'><strong>id</strong></span> <span class='ocrx_word' id='word_1_262' title='bbox 591 3348 701 3416; x_wconf 88' lang='lat' dir='ltr'><strong>jam</strong></span> <span class='ocrx_word' id='word_1_263' title='bbox 728 3365 870 3420; x_wconf 63' lang='lat' dir='ltr'><strong>sarpe</strong></span> <span class='ocrx_word' id='word_1_264' title='bbox 924 3354 1232 3415; x_wconf 79' lang='lat' dir='ltr'><strong>fecerimus.</strong></span> <span class='ocrx_word' id='word_1_265' title='bbox 1263 3363 1320 3417; x_wconf 89' lang='lat' dir='ltr'><strong>in</strong></span> <span class='ocrx_word' id='word_1_266' title='bbox 1360 3371 1699 3426; x_wconf 88' lang='lat' dir='ltr'><strong>contumeliis</strong></span> <span class='ocrx_word' id='word_1_267' title='bbox 1725 3375 1856 3430; x_wconf 88' lang='lat' dir='ltr'><strong>nihil</strong></span> <span class='ocrx_word' id='word_1_268' title='bbox 1883 3379 1953 3433; x_wconf 90' lang='lat' dir='ltr'><strong>ita</strong></span> <span class='ocrx_word' id='word_1_269' title='bbox 1994 3397 2091 3439; x_wconf 91' lang='lat' dir='ltr'><strong>nos</strong></span> 
     </span>
    </p>
   </div>
   <div class='ocr_carea' id='block_1_36' title="bbox 516 3437 2092 3539">
    <p class='ocr_par' dir='ltr' id='par_1_36' title="bbox 516 3437 2092 3539">
     <span class='ocr_line' id='line_1_36' title="bbox 516 3437 2092 3539; baseline 0.024 -51"><span class='ocrx_word' id='word_1_270' title='bbox 516 3437 657 3491; x_wconf 91' lang='lat' dir='ltr'><strong>male</strong></span> <span class='ocrx_word' id='word_1_271' title='bbox 682 3439 844 3494; x_wconf 80' lang='lat' dir='ltr'><strong>allicit</strong></span> <span class='ocrx_word' id='word_1_272' title='bbox 870 3484 884 3505; x_wconf 90' lang='lat'><strong>,</strong></span> <span class='ocrx_word' id='word_1_273' title='bbox 919 3453 975 3498; x_wconf 92' lang='lat' dir='ltr'><strong>ut</strong></span> <span class='ocrx_word' id='word_1_274' title='bbox 1003 3451 1360 3515; x_wconf 89' lang='lat' dir='ltr'><strong>spectantium</strong></span> <span class='ocrx_word' id='word_1_275' title='bbox 1391 3456 1626 3513; x_wconf 88' lang='lat' dir='ltr'><strong>calculus</strong></span> <span class='ocrx_word' id='word_1_276' title='bbox 1653 3478 1666 3515; x_wconf 91' lang='lat'><strong>:</strong></span> <span class='ocrx_word' id='word_1_277' title='bbox 1697 3478 1804 3518; x_wconf 89' lang='lat' dir='ltr'><strong>non</strong></span> <span class='ocrx_word' id='word_1_278' title='bbox 1830 3468 1970 3522; x_wconf 89' lang='lat' dir='ltr'><strong>enim</strong></span> <span class='ocrx_word' id='word_1_279' title='bbox 1996 3485 2092 3539; x_wconf 90' lang='lat' dir='ltr'><strong>par</strong></span> 
     </span>
    </p>
   </div>
   <div class='ocr_carea' id='block_1_37' title="bbox 516 3530 2088 3625">
    <p class='ocr_par' dir='ltr' id='par_1_37' title="bbox 516 3530 2088 3625">
     <span class='ocr_line' id='line_1_37' title="bbox 516 3530 2088 3625; baseline 0.027 -49"><span class='ocrx_word' id='word_1_280' title='bbox 516 3540 602 3578; x_wconf 87' lang='lat' dir='ltr'><strong>res</strong></span> <span class='ocrx_word' id='word_1_281' title='bbox 631 3538 712 3581; x_wconf 90' lang='lat' dir='ltr'><strong>est</strong></span> <span class='ocrx_word' id='word_1_282' title='bbox 741 3530 952 3597; x_wconf 86' lang='lat' dir='ltr'><strong>publice</strong></span> <span class='ocrx_word' id='word_1_283' title='bbox 983 3541 1306 3595; x_wconf 89' lang='lat' dir='ltr'><strong>contumelia</strong></span> <span class='ocrx_word' id='word_1_284' title='bbox 1336 3543 1497 3611; x_wconf 91' lang='lat' dir='ltr'><strong>afﬁci,</strong></span> <span class='ocrx_word' id='word_1_285' title='bbox 1521 3557 1680 3620; x_wconf 88' lang='lat' dir='ltr'><strong>atque</strong></span> <span class='ocrx_word' id='word_1_286' title='bbox 1701 3556 1925 3611; x_wconf 91' lang='lat' dir='ltr'><strong>seorsim</strong></span> <span class='ocrx_word' id='word_1_287' title='bbox 1951 3575 1964 3625; x_wconf 93' lang='lat'>;</span> <span class='ocrx_word' id='word_1_288' title='bbox 1994 3530 2088 3618; x_wconf 79' lang='lat' dir='ltr'><strong>sed</strong></span> 
     </span>
    </p>
   </div>
   <div class='ocr_carea' id='block_1_38' title="bbox 511 3613 2089 3721">
    <p class='ocr_par' dir='ltr' id='par_1_38' title="bbox 511 3613 2089 3721">
     <span class='ocr_line' id='line_1_38' title="bbox 511 3613 2089 3721; baseline 0.027 -55"><span class='ocrx_word' id='word_1_289' title='bbox 511 3613 630 3668; x_wconf 89' lang='lat' dir='ltr'><strong>illas</strong></span> <span class='ocrx_word' id='word_1_290' title='bbox 660 3616 815 3675; x_wconf 82' lang='lat' dir='ltr'><strong>facile</strong></span> <span class='ocrx_word' id='word_1_291' title='bbox 839 3620 1059 3681; x_wconf 91' lang='lat' dir='ltr'><strong>ferimus</strong></span> <span class='ocrx_word' id='word_1_292' title='bbox 1089 3635 1457 3701; x_wconf 90' lang='lat' dir='ltr'><strong>contumelias,</strong></span> <span class='ocrx_word' id='word_1_293' title='bbox 1484 3653 1601 3707; x_wconf 67' lang='lat' dir='ltr'><strong>quae</strong></span> <span class='ocrx_word' id='word_1_294' title='bbox 1628 3642 1679 3695; x_wconf 90' lang='lat' dir='ltr'><strong>in</strong></span> <span class='ocrx_word' id='word_1_295' title='bbox 1705 3643 1941 3715; x_wconf 88' lang='lat' dir='ltr'><strong>deserto,</strong></span> <span class='ocrx_word' id='word_1_296' title='bbox 1970 3669 2089 3721; x_wconf 79' lang='lat' dir='ltr'><strong>qua:</strong></span> 
     </span>
    </p>
   </div>
   <div class='ocr_carea' id='block_1_39' title="bbox 514 3708 2089 3800">
    <p class='ocr_par' dir='ltr' id='par_1_39' title="bbox 514 3708 2089 3800">
     <span class='ocr_line' id='line_1_39' title="bbox 514 3708 2089 3800; baseline 0.027 -42"><span class='ocrx_word' id='word_1_297' title='bbox 514 3708 728 3763; x_wconf 90' lang='lat' dir='ltr'><strong>nemine</strong></span> <span class='ocrx_word' id='word_1_298' title='bbox 763 3719 896 3769; x_wconf 91' lang='lat' dir='ltr'><strong>teste</strong></span> <span class='ocrx_word' id='word_1_299' title='bbox 935 3717 1019 3771; x_wconf 90' lang='lat' dir='ltr'><strong>vel</strong></span> <span class='ocrx_word' id='word_1_300' title='bbox 1062 3720 1263 3778; x_wconf 88' lang='lat' dir='ltr'><strong>sciente</strong></span> <span class='ocrx_word' id='word_1_301' title='bbox 1305 3726 1625 3786; x_wconf 88' lang='lat' dir='ltr'><strong>inferuntur.</strong></span> <span class='ocrx_word' id='word_1_302' title='bbox 1657 3734 1745 3791; x_wconf 91' lang='lat' dir='ltr'><strong>Sic</strong></span> <span class='ocrx_word' id='word_1_303' title='bbox 1766 3753 1872 3792; x_wconf 91' lang='lat' dir='ltr'><strong>non</strong></span> <span class='ocrx_word' id='word_1_304' title='bbox 1902 3708 2089 3800; x_wconf 74' lang='lat' dir='ltr'><strong>contu-</strong></span> 
     </span>
    </p>
   </div>
   <div class='ocr_carea' id='block_1_40' title="bbox 513 3798 2085 3903">
    <p class='ocr_par' dir='ltr' id='par_1_40' title="bbox 513 3798 2085 3903">
     <span class='ocr_line' id='line_1_40' title="bbox 513 3798 2085 3903; baseline 0.028 -55"><span class='ocrx_word' id='word_1_305' title='bbox 513 3798 686 3853; x_wconf 74' lang='lat' dir='ltr'><strong>melia:</strong></span> <span class='ocrx_word' id='word_1_306' title='bbox 730 3811 919 3860; x_wconf 90' lang='lat' dir='ltr'><strong>natura</strong></span> <span class='ocrx_word' id='word_1_307' title='bbox 947 3818 1028 3863; x_wconf 92' lang='lat' dir='ltr'><strong>est</strong></span> <span class='ocrx_word' id='word_1_308' title='bbox 1052 3849 1068 3875; x_wconf 94' lang='lat'><strong>,</strong></span> <span class='ocrx_word' id='word_1_309' title='bbox 1097 3827 1215 3881; x_wconf 70' lang='lat' dir='ltr'><strong>qua:</strong></span> <span class='ocrx_word' id='word_1_310' title='bbox 1245 3817 1383 3873; x_wconf 89' lang='lat' dir='ltr'><strong>male</strong></span> <span class='ocrx_word' id='word_1_311' title='bbox 1409 3819 1608 3887; x_wconf 86' lang='lat' dir='ltr'><strong>afﬁcit,</strong></span> <span class='ocrx_word' id='word_1_312' title='bbox 1640 3827 1734 3883; x_wconf 91' lang='lat' dir='ltr'><strong>sed</strong></span> <span class='ocrx_word' id='word_1_313' title='bbox 1762 3844 1883 3885; x_wconf 91' lang='lat' dir='ltr'><strong>cum</strong></span> <span class='ocrx_word' id='word_1_314' title='bbox 1912 3836 2085 3903; x_wconf 88' lang='lat' dir='ltr'><strong>palam</strong></span> 
     </span>
    </p>
   </div>
   <div class='ocr_carea' id='block_1_41' title="bbox 514 3886 2086 3985">
    <p class='ocr_par' dir='ltr' id='par_1_41' title="bbox 514 3886 2086 3985">
     <span class='ocr_line' id='line_1_41' title="bbox 514 3886 2086 3985; baseline 0.027 -45"><span class='ocrx_word' id='word_1_315' title='bbox 514 3886 739 3946; x_wconf 80' lang='lat' dir='ltr'><strong>infertur</strong></span> <span class='ocrx_word' id='word_1_316' title='bbox 779 3912 793 3948; x_wconf 92' lang='lat'><strong>:</strong></span> <span class='ocrx_word' id='word_1_317' title='bbox 849 3905 905 3951; x_wconf 91' lang='lat' dir='ltr'><strong>ut</strong></span> <span class='ocrx_word' id='word_1_318' title='bbox 950 3901 993 3953; x_wconf 92' lang='lat' dir='ltr'><strong>si</strong></span> <span class='ocrx_word' id='word_1_319' title='bbox 1026 3903 1145 3971; x_wconf 88' lang='lat' dir='ltr'><strong>quis</strong></span> <span class='ocrx_word' id='word_1_320' title='bbox 1190 3907 1399 3976; x_wconf 85' lang='lat' dir='ltr'><strong>publice</strong></span> <span class='ocrx_word' id='word_1_321' title='bbox 1446 3912 1707 3985; x_wconf 88' lang='lat' dir='ltr'><strong>honoret,</strong></span> <span class='ocrx_word' id='word_1_322' title='bbox 1760 3932 1814 3977; x_wconf 94' lang='lat' dir='ltr'><strong>et</strong></span> <span class='ocrx_word' id='word_1_323' title='bbox 1861 3930 2086 3983; x_wconf 87' lang='lat' dir='ltr'><strong>seorsim</strong></span> 
     </span>
    </p>
   </div>
   <div class='ocr_carea' id='block_1_42' title="bbox 510 3984 2084 4082">
    <p class='ocr_par' dir='ltr' id='par_1_42' title="bbox 510 3984 2084 4082">
     <span class='ocr_line' id='line_1_42' title="bbox 510 3984 2084 4082; baseline 0.029 -55"><span class='ocrx_word' id='word_1_324' title='bbox 510 3984 830 4039; x_wconf 87' lang='lat' dir='ltr'><strong>contumelia</strong></span> <span class='ocrx_word' id='word_1_325' title='bbox 858 3989 1075 4059; x_wconf 89' lang='lat' dir='ltr'><strong>afﬁciat,</strong></span> <span class='ocrx_word' id='word_1_326' title='bbox 1100 3996 1147 4049; x_wconf 89' lang='lat' dir='ltr'><strong>ei</strong></span> <span class='ocrx_word' id='word_1_327' title='bbox 1169 4000 1392 4067; x_wconf 85' lang='lat' dir='ltr'><strong>gratiam</strong></span> <span class='ocrx_word' id='word_1_328' title='bbox 1416 3984 1749 4064; x_wconf 85' lang='lat' dir='ltr'><strong>habebimus.</strong></span> <span class='ocrx_word' id='word_1_329' title='bbox 1775 4012 1957 4082; x_wconf 78' lang='lat' dir='ltr'><strong>Itaque</strong></span> <span class='ocrx_word' id='word_1_330' title='bbox 1980 4033 2084 4072; x_wconf 93' lang='lat' dir='ltr'><strong>non</strong></span> 
     </span>
    </p>
   </div>
   <div class='ocr_carea' id='block_1_43' title="bbox 506 4069 2084 4171">
    <p class='ocr_par' dir='ltr' id='par_1_43' title="bbox 506 4069 2084 4171">
     <span class='ocr_line' id='line_1_43' title="bbox 506 4069 2084 4171; baseline 0.026 -50"><span class='ocrx_word' id='word_1_331' title='bbox 506 4069 560 4122; x_wconf 92' lang='lat' dir='ltr'><strong>iu</strong></span> <span class='ocrx_word' id='word_1_332' title='bbox 593 4082 777 4129; x_wconf 88' lang='lat' dir='ltr'><strong>natura</strong></span> <span class='ocrx_word' id='word_1_333' title='bbox 805 4084 1143 4139; x_wconf 68' lang='lat' dir='ltr'><strong>contumelia:</strong></span> <span class='ocrx_word' id='word_1_334' title='bbox 1174 4087 1330 4144; x_wconf 91' lang='lat' dir='ltr'><strong>dolor</strong></span> <span class='ocrx_word' id='word_1_335' title='bbox 1356 4102 1439 4147; x_wconf 91' lang='lat' dir='ltr'><strong>est</strong></span> <span class='ocrx_word' id='word_1_336' title='bbox 1463 4137 1478 4161; x_wconf 90' lang='lat'><strong>,</strong></span> <span class='ocrx_word' id='word_1_337' title='bbox 1512 4097 1603 4150; x_wconf 89' lang='lat' dir='ltr'><strong>sed</strong></span> <span class='ocrx_word' id='word_1_338' title='bbox 1645 4099 1698 4152; x_wconf 92' lang='lat' dir='ltr'><strong>in</strong></span> <span class='ocrx_word' id='word_1_339' title='bbox 1726 4108 2084 4171; x_wconf 86' lang='lat' dir='ltr'><strong>spectantium</strong></span> 
     </span>
    </p>
   </div>
   <div class='ocr_carea' id='block_1_44' title="bbox 505 4164 2087 4269">
    <p class='ocr_par' dir='ltr' id='par_1_44' title="bbox 505 4164 2087 4269">
     <span class='ocr_line' id='line_1_44' title="bbox 505 4164 2087 4269; baseline 0.024 -51"><span class='ocrx_word' id='word_1_340' title='bbox 505 4164 735 4234; x_wconf 85' lang='lat' dir='ltr'><strong>calculo,</strong></span> <span class='ocrx_word' id='word_1_341' title='bbox 760 4187 827 4227; x_wconf 92' lang='lat' dir='ltr'><strong>ne</strong></span> <span class='ocrx_word' id='word_1_342' title='bbox 857 4172 983 4231; x_wconf 89' lang='lat' dir='ltr'><strong>hinc</strong></span> <span class='ocrx_word' id='word_1_343' title='bbox 1014 4178 1067 4232; x_wconf 90' lang='lat' dir='ltr'><strong>in</strong></span> <span class='ocrx_word' id='word_1_344' title='bbox 1096 4191 1461 4253; x_wconf 85' lang='lat' dir='ltr'><strong>contemptum</strong></span> <span class='ocrx_word' id='word_1_345' title='bbox 1492 4190 1730 4247; x_wconf 87' lang='lat' dir='ltr'><strong>cadatur.</strong></span> <span class='ocrx_word' id='word_1_346' title='bbox 1757 4164 1897 4260; x_wconf 45' lang='lat' dir='ltr'><strong>&#39;Quid</strong></span> <span class='ocrx_word' id='word_1_347' title='bbox 1926 4198 2087 4269; x_wconf 86' lang='lat' dir='ltr'><strong>igitur</strong></span> 
     </span>
    </p>
   </div>
   <div class='ocr_carea' id='block_1_45' title="bbox 508 4254 2084 4360">
    <p class='ocr_par' dir='ltr' id='par_1_45' title="bbox 508 4254 2084 4360">
     <span class='ocr_line' id='line_1_45' title="bbox 508 4254 2084 4360; baseline 0.025 -53"><span class='ocrx_word' id='word_1_348' title='bbox 508 4254 553 4307; x_wconf 94' lang='lat' dir='ltr'><strong>si</strong></span> <span class='ocrx_word' id='word_1_349' title='bbox 584 4269 912 4325; x_wconf 87' lang='lat' dir='ltr'><strong>spectatores</strong></span> <span class='ocrx_word' id='word_1_350' title='bbox 962 4284 1058 4335; x_wconf 89' lang='lat' dir='ltr'><strong>pro</strong></span> <span class='ocrx_word' id='word_1_351' title='bbox 1108 4272 1263 4327; x_wconf 88' lang='lat' dir='ltr'><strong>nobis</strong></span> <span class='ocrx_word' id='word_1_352' title='bbox 1315 4275 1460 4330; x_wconf 87' lang='lat' dir='ltr'><strong>sint?</strong></span> <span class='ocrx_word' id='word_1_353' title='bbox 1504 4294 1680 4335; x_wconf 91' lang='lat' dir='ltr'><strong>annon</strong></span> <span class='ocrx_word' id='word_1_354' title='bbox 1728 4295 1853 4341; x_wconf 90' lang='lat' dir='ltr'><strong>tunc</strong></span> <span class='ocrx_word' id='word_1_355' title='bbox 1883 4289 1957 4355; x_wconf 90' lang='lat' dir='ltr'><strong>is,</strong></span> <span class='ocrx_word' id='word_1_356' title='bbox 1995 4294 2084 4360; x_wconf 93' lang='lat' dir='ltr'><strong>qui</strong></span> 
     </span>
    </p>
   </div>
   <div class='ocr_carea' id='block_1_46' title="bbox 504 4351 2084 4445">
    <p class='ocr_par' dir='ltr' id='par_1_46' title="bbox 504 4351 2084 4445">
     <span class='ocr_line' id='line_1_46' title="bbox 504 4351 2084 4445; baseline 0.027 -50"><span class='ocrx_word' id='word_1_357' title='bbox 504 4351 881 4405; x_wconf 86' lang='lat' dir='ltr'><strong>contumeliam</strong></span> <span class='ocrx_word' id='word_1_358' title='bbox 928 4356 1120 4424; x_wconf 86' lang='lat' dir='ltr'><strong>infert,</strong></span> <span class='ocrx_word' id='word_1_359' title='bbox 1165 4361 1311 4415; x_wconf 90' lang='lat' dir='ltr'><strong>illam</strong></span> <span class='ocrx_word' id='word_1_360' title='bbox 1339 4367 1561 4435; x_wconf 89' lang='lat' dir='ltr'><strong>accipit,</strong></span> <span class='ocrx_word' id='word_1_361' title='bbox 1595 4385 1714 4426; x_wconf 89' lang='lat' dir='ltr'><strong>cum</strong></span> <span class='ocrx_word' id='word_1_362' title='bbox 1755 4351 2084 4445; x_wconf 74' lang='lat' dir='ltr'><strong>spectatores</strong></span> 
     </span>
    </p>
   </div>
   <div class='ocr_carea' id='block_1_47' title="bbox 508 4438 2085 4529">
    <p class='ocr_par' dir='ltr' id='par_1_47' title="bbox 508 4438 2085 4529">
     <span class='ocr_line' id='line_1_47' title="bbox 508 4438 2085 4529; baseline 0.031 -48"><span class='ocrx_word' id='word_1_363' title='bbox 508 4446 606 4500; x_wconf 87' lang='lat' dir='ltr'><strong>pro</strong></span> <span class='ocrx_word' id='word_1_364' title='bbox 655 4438 808 4493; x_wconf 89' lang='lat' dir='ltr'><strong>nobis</strong></span> <span class='ocrx_word' id='word_1_365' title='bbox 855 4443 1115 4500; x_wconf 88' lang='lat' dir='ltr'><strong>calculum</strong></span> <span class='ocrx_word' id='word_1_366' title='bbox 1165 4449 1391 4507; x_wconf 90' lang='lat' dir='ltr'><strong>ferunt?</strong></span> <span class='ocrx_word' id='word_1_367' title='bbox 1434 4457 1527 4512; x_wconf 91' lang='lat' dir='ltr'><strong>Dic</strong></span> <span class='ocrx_word' id='word_1_368' title='bbox 1558 4461 1715 4529; x_wconf 88' lang='lat' dir='ltr'><strong>mihi,</strong></span> <span class='ocrx_word' id='word_1_369' title='bbox 1752 4474 1924 4523; x_wconf 90' lang='lat' dir='ltr'><strong>utrum</strong></span> <span class='ocrx_word' id='word_1_370' title='bbox 1954 4486 2085 4528; x_wconf 90' lang='lat' dir='ltr'><strong>con-</strong></span> 
     </span>
    </p>
   </div>
   <div class='ocr_carea' id='block_1_48' title="bbox 504 4527 2081 4619">
    <p class='ocr_par' dir='ltr' id='par_1_48' title="bbox 504 4527 2081 4619">
     <span class='ocr_line' id='line_1_48' title="bbox 504 4527 2081 4619; baseline 0.029 -46"><span class='ocrx_word' id='word_1_371' title='bbox 504 4529 751 4579; x_wconf 88' lang='lat' dir='ltr'><strong>temnunt</strong></span> <span class='ocrx_word' id='word_1_372' title='bbox 773 4527 877 4595; x_wconf 87' lang='lat' dir='ltr'><strong>illi,</strong></span> <span class='ocrx_word' id='word_1_373' title='bbox 911 4546 1104 4591; x_wconf 90' lang='lat' dir='ltr'><strong>eumne</strong></span> <span class='ocrx_word' id='word_1_374' title='bbox 1130 4541 1219 4608; x_wconf 91' lang='lat' dir='ltr'><strong>qui</strong></span> <span class='ocrx_word' id='word_1_375' title='bbox 1244 4547 1621 4603; x_wconf 88' lang='lat' dir='ltr'><strong>contumeliam</strong></span> <span class='ocrx_word' id='word_1_376' title='bbox 1648 4552 1826 4619; x_wconf 88' lang='lat' dir='ltr'><strong>infert,</strong></span> <span class='ocrx_word' id='word_1_377' title='bbox 1860 4573 1926 4612; x_wconf 91' lang='lat' dir='ltr'><strong>an</strong></span> <span class='ocrx_word' id='word_1_378' title='bbox 1959 4576 2081 4617; x_wconf 88' lang='lat' dir='ltr'><strong>eum</strong></span> 
     </span>
    </p>
   </div>
   <div class='ocr_carea' id='block_1_49' title="bbox 504 4613 2081 4716">
    <p class='ocr_par' dir='ltr' id='par_1_49' title="bbox 504 4613 2081 4716">
     <span class='ocr_line' id='line_1_49' title="bbox 504 4613 2081 4716; baseline 0.029 -52"><span class='ocrx_word' id='word_1_379' title='bbox 504 4613 593 4680; x_wconf 91' lang='lat' dir='ltr'><strong>qui</strong></span> <span class='ocrx_word' id='word_1_380' title='bbox 638 4614 782 4673; x_wconf 88' lang='lat' dir='ltr'><strong>illam</strong></span> <span class='ocrx_word' id='word_1_381' title='bbox 824 4624 1017 4692; x_wconf 91' lang='lat' dir='ltr'><strong>accipit</strong></span> <span class='ocrx_word' id='word_1_382' title='bbox 1057 4636 1108 4682; x_wconf 93' lang='lat' dir='ltr'><strong>et</strong></span> <span class='ocrx_word' id='word_1_383' title='bbox 1148 4634 1328 4687; x_wconf 87' lang='lat' dir='ltr'><strong>tacet?</strong></span> <span class='ocrx_word' id='word_1_384' title='bbox 1368 4635 1450 4691; x_wconf 90' lang='lat' dir='ltr'><strong>Ira</strong></span> <span class='ocrx_word' id='word_1_385' title='bbox 1478 4650 1625 4697; x_wconf 89' lang='lat' dir='ltr'><strong>certe</strong></span> <span class='ocrx_word' id='word_1_386' title='bbox 1665 4613 1900 4716; x_wconf 80' lang='lat' dir='ltr'><strong>suggerit</strong></span> <span class='ocrx_word' id='word_1_387' title='bbox 1931 4613 2081 4708; x_wconf 81' lang='lat' dir='ltr'><strong>illum</strong></span> 
     </span>
    </p>
   </div>
   <div class='ocr_carea' id='block_1_50' title="bbox 506 4713 2081 4808">
    <p class='ocr_par' dir='ltr' id='par_1_50' title="bbox 506 4713 2081 4808">
     <span class='ocr_line' id='line_1_50' title="bbox 506 4713 2081 4808; baseline 0.027 -50"><span class='ocrx_word' id='word_1_388' title='bbox 506 4720 627 4760; x_wconf 81' lang='lat' dir='ltr'><strong>esse</strong></span> <span class='ocrx_word' id='word_1_389' title='bbox 647 4750 661 4774; x_wconf 92' lang='lat'><strong>,</strong></span> <span class='ocrx_word' id='word_1_390' title='bbox 690 4713 778 4780; x_wconf 89' lang='lat' dir='ltr'><strong>qui</strong></span> <span class='ocrx_word' id='word_1_391' title='bbox 825 4721 1203 4779; x_wconf 86' lang='lat' dir='ltr'><strong>contumeliam</strong></span> <span class='ocrx_word' id='word_1_392' title='bbox 1245 4728 1459 4799; x_wconf 90' lang='lat' dir='ltr'><strong>accipit.</strong></span> <span class='ocrx_word' id='word_1_393' title='bbox 1505 4732 1654 4790; x_wconf 88' lang='lat' dir='ltr'><strong>Nunc</strong></span> <span class='ocrx_word' id='word_1_394' title='bbox 1681 4753 1831 4808; x_wconf 87' lang='lat' dir='ltr'><strong>vero,</strong></span> <span class='ocrx_word' id='word_1_395' title='bbox 1862 4758 1980 4797; x_wconf 89' lang='lat' dir='ltr'><strong>cum</strong></span> <span class='ocrx_word' id='word_1_396' title='bbox 2012 4747 2081 4801; x_wconf 87' lang='lat' dir='ltr'><strong>ab</strong></span> 
     </span>
    </p>
   </div>
   <div class='ocr_carea' id='block_1_51' title="bbox 506 4797 2080 4895">
    <p class='ocr_par' dir='ltr' id='par_1_51' title="bbox 506 4797 2080 4895">
     <span class='ocr_line' id='line_1_51' title="bbox 506 4797 2080 4895; baseline 0.03 -48"><span class='ocrx_word' id='word_1_397' title='bbox 506 4797 667 4852; x_wconf 89' lang='lat' dir='ltr'><strong>animi</strong></span> <span class='ocrx_word' id='word_1_398' title='bbox 723 4815 871 4859; x_wconf 92' lang='lat' dir='ltr'><strong>motu</strong></span> <span class='ocrx_word' id='word_1_399' title='bbox 919 4808 1071 4866; x_wconf 89' lang='lat' dir='ltr'><strong>liberi</strong></span> <span class='ocrx_word' id='word_1_400' title='bbox 1119 4829 1337 4884; x_wconf 92' lang='lat' dir='ltr'><strong>sumus,</strong></span> <span class='ocrx_word' id='word_1_401' title='bbox 1389 4826 1780 4892; x_wconf 87' lang='lat' dir='ltr'><strong>perpendamus</strong></span> <span class='ocrx_word' id='word_1_402' title='bbox 1836 4849 1903 4889; x_wconf 92' lang='lat' dir='ltr'><strong>ne</strong></span> <span class='ocrx_word' id='word_1_403' title='bbox 1957 4848 2080 4895; x_wconf 90' lang='lat' dir='ltr'><strong>tunc</strong></span> 
     </span>
    </p>
   </div>
   <div class='ocr_carea' id='block_1_52' title="bbox 505 4889 2077 4984">
    <p class='ocr_par' dir='ltr' id='par_1_52' title="bbox 505 4889 2077 4984">
     <span class='ocr_line' id='line_1_52' title="bbox 505 4889 2077 4984; baseline 0.027 -43"><span class='ocrx_word' id='word_1_404' title='bbox 505 4889 850 4961; x_wconf 88' lang='lat' dir='ltr'><strong>abripiamur.</strong></span> <span class='ocrx_word' id='word_1_405' title='bbox 882 4898 1069 4957; x_wconf 89' lang='lat' dir='ltr'><strong>Utrum</strong></span> <span class='ocrx_word' id='word_1_406' title='bbox 1101 4919 1227 4976; x_wconf 81' lang='lat' dir='ltr'><strong>ergo</strong></span> <span class='ocrx_word' id='word_1_407' title='bbox 1270 4909 1587 4970; x_wconf 81' lang='lat' dir='ltr'><strong>damnamus</strong></span> <span class='ocrx_word' id='word_1_408' title='bbox 1614 4924 1843 4978; x_wconf 89' lang='lat' dir='ltr'><strong>omnes?</strong></span> <span class='ocrx_word' id='word_1_409' title='bbox 1889 4926 2077 4984; x_wconf 78' lang='lat' dir='ltr'><strong>Procul</strong></span> 
     </span>
    </p>
   </div>
   <div class='ocr_carea' id='block_1_53' title="bbox 496 4978 2075 5089">
    <p class='ocr_par' dir='ltr' id='par_1_53' title="bbox 496 4978 2075 5089">
     <span class='ocr_line' id='line_1_53' title="bbox 496 4978 2075 5089; baseline 0.026 -56"><span class='ocrx_word' id='word_1_410' title='bbox 496 4978 658 5038; x_wconf 91' lang='lat' dir='ltr'><strong>dubio</strong></span> <span class='ocrx_word' id='word_1_411' title='bbox 692 4992 1070 5047; x_wconf 91' lang='lat' dir='ltr'><strong>contumeliam</strong></span> <span class='ocrx_word' id='word_1_412' title='bbox 1123 4996 1488 5070; x_wconf 88' lang='lat' dir='ltr'><strong>inferentem;</strong></span> <span class='ocrx_word' id='word_1_413' title='bbox 1541 5016 1589 5061; x_wconf 90' lang='lat' dir='ltr'><strong>et</strong></span> <span class='ocrx_word' id='word_1_414' title='bbox 1647 5010 1691 5063; x_wconf 92' lang='lat' dir='ltr'><strong>si</strong></span> <span class='ocrx_word' id='word_1_415' title='bbox 1745 5013 1920 5070; x_wconf 89' lang='lat' dir='ltr'><strong>minor</strong></span> <span class='ocrx_word' id='word_1_416' title='bbox 1972 5020 2075 5089; x_wconf 86' lang='lat' dir='ltr'><strong>sit,</strong></span> 
     </span>
    </p>
   </div>
   <div class='ocr_carea' id='block_1_54' title="bbox 495 5070 2072 5175">
    <p class='ocr_par' dir='ltr' id='par_1_54' title="bbox 495 5070 2072 5175">
     <span class='ocr_line' id='line_1_54' title="bbox 495 5070 2072 5175; baseline 0.025 -52"><span class='ocrx_word' id='word_1_417' title='bbox 495 5070 657 5127; x_wconf 86' lang='lat' dir='ltr'><strong>etiam</strong></span> <span class='ocrx_word' id='word_1_418' title='bbox 689 5076 924 5137; x_wconf 89' lang='lat' dir='ltr'><strong>insanire</strong></span> <span class='ocrx_word' id='word_1_419' title='bbox 953 5084 1101 5141; x_wconf 93' lang='lat' dir='ltr'><strong>illum</strong></span> <span class='ocrx_word' id='word_1_420' title='bbox 1131 5086 1408 5156; x_wconf 86' lang='lat' dir='ltr'><strong>dicemus;</strong></span> <span class='ocrx_word' id='word_1_421' title='bbox 1437 5095 1480 5149; x_wconf 90' lang='lat' dir='ltr'><strong>si</strong></span> <span class='ocrx_word' id='word_1_422' title='bbox 1518 5100 1757 5168; x_wconf 53' lang='lat' dir='ltr'><strong>aequalis,</strong></span> <span class='ocrx_word' id='word_1_423' title='bbox 1791 5103 2033 5175; x_wconf 88' lang='lat' dir='ltr'><strong>desipere</strong></span> <span class='ocrx_word' id='word_1_424' title='bbox 2058 5126 2072 5175; x_wconf 93' lang='lat'><strong>;</strong></span> 
     </span>
    </p>
   </div>
   <div class='ocr_carea' id='block_1_55' title="bbox 494 5158 2072 5265">
    <p class='ocr_par' dir='ltr' id='par_1_55' title="bbox 494 5158 2072 5265">
     <span class='ocr_line' id='line_1_55' title="bbox 494 5158 2072 5265; baseline 0.027 -55"><span class='ocrx_word' id='word_1_425' title='bbox 494 5158 540 5212; x_wconf 89' lang='lat' dir='ltr'><strong>si</strong></span> <span class='ocrx_word' id='word_1_426' title='bbox 588 5165 785 5232; x_wconf 86' lang='lat' dir='ltr'><strong>major,</strong></span> <span class='ocrx_word' id='word_1_427' title='bbox 840 5185 1015 5240; x_wconf 86' lang='lat' dir='ltr'><strong>neque</strong></span> <span class='ocrx_word' id='word_1_428' title='bbox 1059 5176 1138 5230; x_wconf 92' lang='lat' dir='ltr'><strong>sic</strong></span> <span class='ocrx_word' id='word_1_429' title='bbox 1182 5182 1616 5249; x_wconf 88' lang='lat' dir='ltr'><strong>approbabimus.</strong></span> <span class='ocrx_word' id='word_1_430' title='bbox 1676 5188 1821 5259; x_wconf 81' lang='lat' dir='ltr'><strong>Uter,</strong></span> <span class='ocrx_word' id='word_1_431' title='bbox 1870 5210 2072 5265; x_wconf 70' lang='lat' dir='ltr'><strong>qumso,</strong></span> 
     </span>
    </p>
   </div>
   <div class='ocr_carea' id='block_1_56' title="bbox 498 5252 2077 5350">
    <p class='ocr_par' dir='ltr' id='par_1_56' title="bbox 498 5252 2077 5350">
     <span class='ocr_line' id='line_1_56' title="bbox 498 5252 2077 5350; baseline 0.029 -53"><span class='ocrx_word' id='word_1_432' title='bbox 498 5252 880 5315; x_wconf 86' lang='lat' dir='ltr'><strong>approbatione</strong></span> <span class='ocrx_word' id='word_1_433' title='bbox 905 5260 1097 5331; x_wconf 83' lang='lat' dir='ltr'><strong>dignus</strong></span> <span class='ocrx_word' id='word_1_434' title='bbox 1124 5276 1224 5333; x_wconf 88' lang='lat' dir='ltr'><strong>est,</strong></span> <span class='ocrx_word' id='word_1_435' title='bbox 1256 5272 1346 5340; x_wconf 92' lang='lat' dir='ltr'><strong>qui</strong></span> <span class='ocrx_word' id='word_1_436' title='bbox 1376 5276 1639 5345; x_wconf 88' lang='lat' dir='ltr'><strong>turbatur,</strong></span> <span class='ocrx_word' id='word_1_437' title='bbox 1665 5252 1915 5350; x_wconf 57' lang='lat' dir='ltr'><strong>agitatae,</strong></span> <span class='ocrx_word' id='word_1_438' title='bbox 1948 5252 2077 5343; x_wconf 56' lang='lat' dir='ltr'><strong>effe:</strong></span> 
     </span>
    </p>
   </div>
   <div class='ocr_carea' id='block_1_57' title="bbox 499 5349 2075 5445">
    <p class='ocr_par' dir='ltr' id='par_1_57' title="bbox 499 5349 2075 5445">
     <span class='ocr_line' id='line_1_57' title="bbox 499 5349 2075 5445; baseline 0.029 -55"><span class='ocrx_word' id='word_1_439' title='bbox 499 5349 665 5407; x_wconf 88' lang='lat' dir='ltr'><strong>ratur,</strong></span> <span class='ocrx_word' id='word_1_440' title='bbox 697 5359 881 5403; x_wconf 89' lang='lat' dir='ltr'><strong>contra</strong></span> <span class='ocrx_word' id='word_1_441' title='bbox 904 5368 1242 5415; x_wconf 90' lang='lat' dir='ltr'><strong>communem</strong></span> <span class='ocrx_word' id='word_1_442' title='bbox 1269 5374 1511 5422; x_wconf 86' lang='lat' dir='ltr'><strong>naturam</strong></span> <span class='ocrx_word' id='word_1_443' title='bbox 1545 5372 1622 5427; x_wconf 89' lang='lat' dir='ltr'><strong>sic</strong></span> <span class='ocrx_word' id='word_1_444' title='bbox 1647 5373 1895 5445; x_wconf 71' lang='lat' dir='ltr'><strong>affectus;</strong></span> <span class='ocrx_word' id='word_1_445' title='bbox 1930 5396 1997 5434; x_wconf 90' lang='lat' dir='ltr'><strong>an</strong></span> <span class='ocrx_word' id='word_1_446' title='bbox 2032 5383 2075 5436; x_wconf 94' lang='lat' dir='ltr'><strong>is</strong></span> 
     </span>
    </p>
   </div>
   <div class='ocr_carea' id='block_1_58' title="bbox 495 5432 2072 5540">
    <p class='ocr_par' dir='ltr' id='par_1_58' title="bbox 495 5432 2072 5540">
     <span class='ocr_line' id='line_1_58' title="bbox 495 5432 2072 5540; baseline 0.029 -58"><span class='ocrx_word' id='word_1_447' title='bbox 495 5432 662 5540; x_wconf 58' lang='lat' dir='ltr'><strong>quiin</strong></span> <span class='ocrx_word' id='word_1_448' title='bbox 695 5443 1080 5510; x_wconf 88' lang='lat' dir='ltr'><strong>tranquillitate</strong></span> <span class='ocrx_word' id='word_1_449' title='bbox 1107 5449 1271 5520; x_wconf 84' lang='lat' dir='ltr'><strong>degit,</strong></span> <span class='ocrx_word' id='word_1_450' title='bbox 1300 5455 1353 5509; x_wconf 91' lang='lat' dir='ltr'><strong>in</strong></span> <span class='ocrx_word' id='word_1_451' title='bbox 1388 5470 1545 5526; x_wconf 90' lang='lat' dir='ltr'><strong>portu</strong></span> <span class='ocrx_word' id='word_1_452' title='bbox 1574 5473 1628 5518; x_wconf 91' lang='lat' dir='ltr'><strong>et</strong></span> <span class='ocrx_word' id='word_1_453' title='bbox 1658 5467 1707 5519; x_wconf 93' lang='lat' dir='ltr'><strong>in</strong></span> <span class='ocrx_word' id='word_1_454' title='bbox 1735 5432 2072 5540; x_wconf 75' lang='lat' dir='ltr'><strong>philosophia</strong></span> 
     </span>
    </p>
   </div>
   <div class='ocr_carea' id='block_1_59' title="bbox 494 5523 2069 5620">
    <p class='ocr_par' dir='ltr' id='par_1_59' title="bbox 494 5523 2069 5620">
     <span class='ocr_line' id='line_1_59' title="bbox 494 5523 2069 5620; baseline 0.028 -44"><span class='ocrx_word' id='word_1_455' title='bbox 494 5523 697 5581; x_wconf 81' lang='lat' dir='ltr'><strong>multa?</strong></span> <span class='ocrx_word' id='word_1_456' title='bbox 727 5544 904 5589; x_wconf 90' lang='lat' dir='ltr'><strong>annon</strong></span> <span class='ocrx_word' id='word_1_457' title='bbox 949 5536 1035 5592; x_wconf 90' lang='lat' dir='ltr'><strong>hic</strong></span> <span class='ocrx_word' id='word_1_458' title='bbox 1067 5543 1261 5612; x_wconf 84' lang='lat' dir='ltr'><strong>angelo</strong></span> <span class='ocrx_word' id='word_1_459' title='bbox 1286 5547 1477 5606; x_wconf 87' lang='lat' dir='ltr'><strong>similis</strong></span> <span class='ocrx_word' id='word_1_460' title='bbox 1500 5563 1582 5608; x_wconf 90' lang='lat' dir='ltr'><strong>est</strong></span> <span class='ocrx_word' id='word_1_461' title='bbox 1604 5595 1620 5620; x_wconf 93' lang='lat'><strong>,</strong></span> <span class='ocrx_word' id='word_1_462' title='bbox 1654 5557 1741 5612; x_wconf 91' lang='lat' dir='ltr'><strong>ille</strong></span> <span class='ocrx_word' id='word_1_463' title='bbox 1772 5576 1837 5615; x_wconf 91' lang='lat' dir='ltr'><strong>ne</strong></span> <span class='ocrx_word' id='word_1_464' title='bbox 1867 5562 2069 5619; x_wconf 90' lang='lat' dir='ltr'><strong>homini</strong></span> 
     </span>
    </p>
   </div>
   <div class='ocr_carea' id='block_1_60' title="bbox 491 5617 2057 5721">
    <p class='ocr_par' dir='ltr' id='par_1_60' title="bbox 491 5617 2057 5721">
     <span class='ocr_line' id='line_1_60' title="bbox 491 5617 2057 5721; baseline 0.029 -51"><span class='ocrx_word' id='word_1_465' title='bbox 491 5617 717 5687; x_wconf 82' lang='lat' dir='ltr'><strong>quidem.</strong></span> <span class='ocrx_word' id='word_1_466' title='bbox 755 5624 849 5681; x_wconf 87' lang='lat' dir='ltr'><strong>llic</strong></span> <span class='ocrx_word' id='word_1_467' title='bbox 878 5642 1107 5702; x_wconf 89' lang='lat' dir='ltr'><strong>namque</strong></span> <span class='ocrx_word' id='word_1_468' title='bbox 1149 5651 1215 5691; x_wconf 92' lang='lat' dir='ltr'><strong>ne</strong></span> <span class='ocrx_word' id='word_1_469' title='bbox 1238 5643 1449 5709; x_wconf 89' lang='lat' dir='ltr'><strong>propria</strong></span> <span class='ocrx_word' id='word_1_470' title='bbox 1477 5617 1691 5715; x_wconf 81' lang='lat' dir='ltr'><strong>quidem</strong></span> <span class='ocrx_word' id='word_1_471' title='bbox 1722 5662 1894 5721; x_wconf 80' lang='lat' dir='ltr'><strong>potest</strong></span> <span class='ocrx_word' id='word_1_472' title='bbox 1922 5617 2057 5715; x_wconf 83' lang='lat' dir='ltr'><strong>mala</strong></span> 
     </span>
    </p>
   </div>
   <div class='ocr_carea' id='block_1_61' title="bbox 1205 248 2999 323">
    <p class='ocr_par' dir='ltr' id='par_1_61' title="bbox 1205 248 2999 323">
     <span class='ocr_line' id='line_1_61' title="bbox 1205 248 2999 323; baseline 0.01 -20"><span class='ocrx_word' id='word_1_473' title='bbox 1205 250 1261 304; x_wconf 90' lang='lat' dir='ltr'><strong>S.</strong></span> <span class='ocrx_word' id='word_1_474' title='bbox 1300 248 1577 305; x_wconf 70' lang='lat' dir='ltr'><strong>JOANNIS</strong></span> <span class='ocrx_word' id='word_1_475' title='bbox 1605 250 2073 310; x_wconf 69' lang='lat' dir='ltr'><strong>CllRYSOSTOill</strong></span> <span class='ocrx_word' id='word_1_476' title='bbox 2114 255 2427 313; x_wconf 74' lang='lat' dir='ltr'><strong>ARClllEP.</strong></span> <span class='ocrx_word' id='word_1_477' title='bbox 2470 261 2999 323; x_wconf 76' lang='lat' dir='ltr'><strong>CONSTANTINOP.</strong></span> 
     </span>
    </p>
   </div>
   <div class='ocr_carea' id='block_1_62' title="bbox 3693 284 3799 337">
    <p class='ocr_par' dir='ltr' id='par_1_62' title="bbox 3693 284 3799 337">
     <span class='ocr_line' id='line_1_62' title="bbox 3693 284 3799 337; baseline 0.028 -2"><span class='ocrx_word' id='word_1_478' title='bbox 3693 284 3799 337; x_wconf 68' lang='lat'><strong>9.80</strong></span> 
     </span>
    </p>
   </div>
   <div class='ocr_carea' id='block_1_63' title="bbox 2219 375 3799 462">
    <p class='ocr_par' dir='ltr' id='par_1_63' title="bbox 2219 375 3799 462">
     <span class='ocr_line' id='line_1_63' title="bbox 2219 375 3799 462; baseline 0.018 -40"><span class='ocrx_word' id='word_1_479' title='bbox 2219 381 2431 439; x_wconf 88' lang='lat' dir='ltr'><strong>portare</strong></span> <span class='ocrx_word' id='word_1_480' title='bbox 2452 415 2465 435; x_wconf 87' lang='lat'><strong>,</strong></span> <span class='ocrx_word' id='word_1_481' title='bbox 2502 375 2591 429; x_wconf 88' lang='lat' dir='ltr'><strong>ille</strong></span> <span class='ocrx_word' id='word_1_482' title='bbox 2621 392 2750 433; x_wconf 87' lang='lat' dir='ltr'><strong>vero</strong></span> <span class='ocrx_word' id='word_1_483' title='bbox 2777 380 2879 435; x_wconf 87' lang='lat' dir='ltr'><strong>fert</strong></span> <span class='ocrx_word' id='word_1_484' title='bbox 2908 383 3067 437; x_wconf 89' lang='lat' dir='ltr'><strong>etiam</strong></span> <span class='ocrx_word' id='word_1_485' title='bbox 3100 385 3269 441; x_wconf 88' lang='lat' dir='ltr'><strong>aliena</strong></span> <span class='ocrx_word' id='word_1_486' title='bbox 3296 406 3309 442; x_wconf 91' lang='lat'><strong>:</strong></span> <span class='ocrx_word' id='word_1_487' title='bbox 3346 389 3430 445; x_wconf 90' lang='lat' dir='ltr'><strong>hic</strong></span> <span class='ocrx_word' id='word_1_488' title='bbox 3462 406 3530 446; x_wconf 90' lang='lat' dir='ltr'><strong>ne</strong></span> <span class='ocrx_word' id='word_1_489' title='bbox 3560 392 3799 462; x_wconf 77' lang='lat' dir='ltr'><strong>seipsum</strong></span> 
     </span>
    </p>
   </div>
   <div class='ocr_carea' id='block_1_64' title="bbox 2211 463 3801 543">
    <p class='ocr_par' dir='ltr' id='par_1_64' title="bbox 2211 463 3801 543">
     <span class='ocr_line' id='line_1_64' title="bbox 2211 463 3801 543; baseline 0.019 -31"><span class='ocrx_word' id='word_1_490' title='bbox 2211 463 2423 529; x_wconf 90' lang='lat' dir='ltr'><strong>quidem</strong></span> <span class='ocrx_word' id='word_1_491' title='bbox 2456 465 2594 521; x_wconf 89' lang='lat' dir='ltr'><strong>ferre</strong></span> <span class='ocrx_word' id='word_1_492' title='bbox 2622 471 2811 537; x_wconf 88' lang='lat' dir='ltr'><strong>potuit,</strong></span> <span class='ocrx_word' id='word_1_493' title='bbox 2843 473 2931 527; x_wconf 90' lang='lat' dir='ltr'><strong>illc</strong></span> <span class='ocrx_word' id='word_1_494' title='bbox 2958 478 3127 543; x_wconf 90' lang='lat' dir='ltr'><strong>potuit</strong></span> <span class='ocrx_word' id='word_1_495' title='bbox 3153 487 3207 533; x_wconf 91' lang='lat' dir='ltr'><strong>et</strong></span> <span class='ocrx_word' id='word_1_496' title='bbox 3229 479 3393 534; x_wconf 90' lang='lat' dir='ltr'><strong>alium</strong></span> <span class='ocrx_word' id='word_1_497' title='bbox 3420 499 3433 535; x_wconf 90' lang='lat'><strong>:</strong></span> <span class='ocrx_word' id='word_1_498' title='bbox 3466 484 3557 538; x_wconf 89' lang='lat' dir='ltr'><strong>ille</strong></span> <span class='ocrx_word' id='word_1_499' title='bbox 3585 488 3641 539; x_wconf 91' lang='lat' dir='ltr'><strong>in</strong></span> <span class='ocrx_word' id='word_1_500' title='bbox 3669 502 3801 542; x_wconf 87' lang='lat' dir='ltr'><strong>nau-</strong></span> 
     </span>
    </p>
   </div>
   <div class='ocr_carea' id='block_1_65' title="bbox 2210 551 3799 638">
    <p class='ocr_par' dir='ltr' id='par_1_65' title="bbox 2210 551 3799 638">
     <span class='ocr_line' id='line_1_65' title="bbox 2210 551 3799 638; baseline 0.02 -33"><span class='ocrx_word' id='word_1_501' title='bbox 2210 551 2377 623; x_wconf 88' lang='lat' dir='ltr'><strong>fragio</strong></span> <span class='ocrx_word' id='word_1_502' title='bbox 2403 568 2505 622; x_wconf 88' lang='lat' dir='ltr'><strong>est,</strong></span> <span class='ocrx_word' id='word_1_503' title='bbox 2536 559 2623 614; x_wconf 91' lang='lat' dir='ltr'><strong>hic</strong></span> <span class='ocrx_word' id='word_1_504' title='bbox 2654 562 2706 616; x_wconf 94' lang='lat' dir='ltr'><strong>in</strong></span> <span class='ocrx_word' id='word_1_505' title='bbox 2740 573 2852 617; x_wconf 91' lang='lat' dir='ltr'><strong>tuto</strong></span> <span class='ocrx_word' id='word_1_506' title='bbox 2880 568 3092 638; x_wconf 81' lang='lat' dir='ltr'><strong>navigat</strong></span> <span class='ocrx_word' id='word_1_507' title='bbox 3116 585 3178 624; x_wconf 91' lang='lat' dir='ltr'><strong>ac</strong></span> <span class='ocrx_word' id='word_1_508' title='bbox 3202 574 3437 628; x_wconf 83' lang='lat' dir='ltr'><strong>secundo</strong></span> <span class='ocrx_word' id='word_1_509' title='bbox 3459 592 3622 633; x_wconf 89' lang='lat' dir='ltr'><strong>cursu</strong></span> <span class='ocrx_word' id='word_1_510' title='bbox 3648 582 3799 636; x_wconf 87' lang='lat' dir='ltr'><strong>navis</strong></span> 
     </span>
    </p>
   </div>
   <div class='ocr_carea' id='block_1_66' title="bbox 2209 643 3799 727">
    <p class='ocr_par' dir='ltr' id='par_1_66' title="bbox 2209 643 3799 727">
     <span class='ocr_line' id='line_1_66' title="bbox 2209 643 3799 727; baseline 0.019 -30"><span class='ocrx_word' id='word_1_511' title='bbox 2209 643 2415 699; x_wconf 89' lang='lat' dir='ltr'><strong>fertur:</strong></span> <span class='ocrx_word' id='word_1_512' title='bbox 2464 664 2637 720; x_wconf 88' lang='lat' dir='ltr'><strong>neque</strong></span> <span class='ocrx_word' id='word_1_513' title='bbox 2675 655 2816 709; x_wconf 90' lang='lat' dir='ltr'><strong>enim</strong></span> <span class='ocrx_word' id='word_1_514' title='bbox 2843 659 3087 726; x_wconf 90' lang='lat' dir='ltr'><strong>permisit</strong></span> <span class='ocrx_word' id='word_1_515' title='bbox 3116 661 3312 719; x_wconf 88' lang='lat' dir='ltr'><strong>furoris</strong></span> <span class='ocrx_word' id='word_1_516' title='bbox 3340 676 3559 721; x_wconf 86' lang='lat' dir='ltr'><strong>ventum</strong></span> <span class='ocrx_word' id='word_1_517' title='bbox 3594 670 3646 724; x_wconf 94' lang='lat' dir='ltr'><strong>in</strong></span> <span class='ocrx_word' id='word_1_518' title='bbox 3680 673 3799 727; x_wconf 90' lang='lat' dir='ltr'><strong>vela</strong></span> 
     </span>
    </p>
   </div>
   <div class='ocr_carea' id='block_1_67' title="bbox 2209 737 3799 828">
    <p class='ocr_par' dir='ltr' id='par_1_67' title="bbox 2209 737 3799 828">
     <span class='ocr_line' id='line_1_67' title="bbox 2209 737 3799 828; baseline 0.019 -37"><span class='ocrx_word' id='word_1_519' title='bbox 2209 737 2560 807; x_wconf 89' lang='lat' dir='ltr'><strong>incidentem,</strong></span> <span class='ocrx_word' id='word_1_520' title='bbox 2591 747 2752 801; x_wconf 90' lang='lat' dir='ltr'><strong>animi</strong></span> <span class='ocrx_word' id='word_1_521' title='bbox 2779 764 2966 805; x_wconf 91' lang='lat' dir='ltr'><strong>navem</strong></span> <span class='ocrx_word' id='word_1_522' title='bbox 2997 755 3379 828; x_wconf 80' lang='lat' dir='ltr'><strong>submergere,</strong></span> <span class='ocrx_word' id='word_1_523' title='bbox 3413 763 3507 816; x_wconf 91' lang='lat' dir='ltr'><strong>sed</strong></span> <span class='ocrx_word' id='word_1_524' title='bbox 3531 764 3668 818; x_wconf 89' lang='lat' dir='ltr'><strong>lenis</strong></span> <span class='ocrx_word' id='word_1_525' title='bbox 3699 766 3799 821; x_wconf 89' lang='lat' dir='ltr'><strong>be-</strong></span> 
     </span>
    </p>
   </div>
   <div class='ocr_carea' id='block_1_68' title="bbox 2207 830 3794 926">
    <p class='ocr_par' dir='ltr' id='par_1_68' title="bbox 2207 830 3794 926">
     <span class='ocr_line' id='line_1_68' title="bbox 2207 830 3794 926; baseline 0.021 -45"><span class='ocrx_word' id='word_1_526' title='bbox 2207 830 2477 899; x_wconf 87' lang='lat' dir='ltr'><strong>nignitatis</strong></span> <span class='ocrx_word' id='word_1_527' title='bbox 2528 851 2654 892; x_wconf 90' lang='lat' dir='ltr'><strong>aura</strong></span> <span class='ocrx_word' id='word_1_528' title='bbox 2678 881 2692 905; x_wconf 91' lang='lat'><strong>,</strong></span> <span class='ocrx_word' id='word_1_529' title='bbox 2732 856 2853 896; x_wconf 89' lang='lat' dir='ltr'><strong>cum</strong></span> <span class='ocrx_word' id='word_1_530' title='bbox 2880 847 3060 914; x_wconf 90' lang='lat' dir='ltr'><strong>quiete</strong></span> <span class='ocrx_word' id='word_1_531' title='bbox 3090 850 3252 904; x_wconf 90' lang='lat' dir='ltr'><strong>multa</strong></span> <span class='ocrx_word' id='word_1_532' title='bbox 3287 852 3433 907; x_wconf 92' lang='lat' dir='ltr'><strong>illum</strong></span> <span class='ocrx_word' id='word_1_533' title='bbox 3464 856 3517 909; x_wconf 93' lang='lat' dir='ltr'><strong>in</strong></span> <span class='ocrx_word' id='word_1_534' title='bbox 3552 857 3794 926; x_wconf 83' lang='lat' dir='ltr'><strong>philoso-</strong></span> 
     </span>
    </p>
   </div>
   <div class='ocr_carea' id='block_1_69' title="bbox 2205 913 3795 1014">
    <p class='ocr_par' dir='ltr' id='par_1_69' title="bbox 2205 913 3795 1014">
     <span class='ocr_line' id='line_1_69' title="bbox 2205 913 3795 1014; baseline 0.02 -41"><span class='ocrx_word' id='word_1_535' title='bbox 2205 913 2345 991; x_wconf 61' lang='lat' dir='ltr'><strong>pbiaé</strong></span> <span class='ocrx_word' id='word_1_536' title='bbox 2382 937 2590 994; x_wconf 88' lang='lat' dir='ltr'><strong>portum</strong></span> <span class='ocrx_word' id='word_1_537' title='bbox 2623 930 2845 988; x_wconf 91' lang='lat' dir='ltr'><strong>inducit.</strong></span> <span class='ocrx_word' id='word_1_538' title='bbox 2876 936 2939 989; x_wconf 80' lang='lat' dir='ltr'><strong>Et</strong></span> <span class='ocrx_word' id='word_1_539' title='bbox 2967 937 3106 993; x_wconf 90' lang='lat' dir='ltr'><strong>sicut</strong></span> <span class='ocrx_word' id='word_1_540' title='bbox 3132 940 3181 993; x_wconf 91' lang='lat' dir='ltr'><strong>in</strong></span> <span class='ocrx_word' id='word_1_541' title='bbox 3211 944 3366 1008; x_wconf 83' lang='lat' dir='ltr'><strong>navi,</strong></span> <span class='ocrx_word' id='word_1_542' title='bbox 3397 960 3519 1014; x_wconf 71' lang='lat' dir='ltr'><strong>qum</strong></span> <span class='ocrx_word' id='word_1_543' title='bbox 3545 950 3795 1004; x_wconf 82' lang='lat' dir='ltr'><strong>submer-</strong></span> 
     </span>
    </p>
   </div>
   <div class='ocr_carea' id='block_1_70' title="bbox 2205 1013 3790 1098">
    <p class='ocr_par' dir='ltr' id='par_1_70' title="bbox 2205 1013 3790 1098">
     <span class='ocr_line' id='line_1_70' title="bbox 2205 1013 3790 1098; baseline 0.018 -33"><span class='ocrx_word' id='word_1_544' title='bbox 2205 1013 2346 1081; x_wconf 87' lang='lat' dir='ltr'><strong>gitur</strong></span> <span class='ocrx_word' id='word_1_545' title='bbox 2368 1058 2384 1082; x_wconf 89' lang='lat'><strong>,</strong></span> <span class='ocrx_word' id='word_1_546' title='bbox 2418 1028 2591 1074; x_wconf 64' lang='lat' dir='ltr'><strong>nautae</strong></span> <span class='ocrx_word' id='word_1_547' title='bbox 2618 1023 2861 1078; x_wconf 88' lang='lat' dir='ltr'><strong>nesciunt</strong></span> <span class='ocrx_word' id='word_1_548' title='bbox 2890 1041 3008 1095; x_wconf 74' lang='lat' dir='ltr'><strong>qua:</strong></span> <span class='ocrx_word' id='word_1_549' title='bbox 3039 1028 3295 1097; x_wconf 89' lang='lat' dir='ltr'><strong>abjiciant</strong></span> <span class='ocrx_word' id='word_1_550' title='bbox 3321 1074 3336 1098; x_wconf 91' lang='lat'><strong>,</strong></span> <span class='ocrx_word' id='word_1_551' title='bbox 3371 1048 3438 1087; x_wconf 91' lang='lat' dir='ltr'><strong>an</strong></span> <span class='ocrx_word' id='word_1_552' title='bbox 3467 1051 3690 1091; x_wconf 91' lang='lat' dir='ltr'><strong>suorum</strong></span> <span class='ocrx_word' id='word_1_553' title='bbox 3722 1055 3790 1093; x_wconf 88' lang='lat' dir='ltr'><strong>an</strong></span> 
     </span>
    </p>
   </div>
   <div class='ocr_carea' id='block_1_71' title="bbox 2205 1104 3790 1196">
    <p class='ocr_par' dir='ltr' id='par_1_71' title="bbox 2205 1104 3790 1196">
     <span class='ocr_line' id='line_1_71' title="bbox 2205 1104 3790 1196; baseline 0.018 -41"><span class='ocrx_word' id='word_1_554' title='bbox 2205 1104 2503 1161; x_wconf 87' lang='lat' dir='ltr'><strong>alienormn</strong></span> <span class='ocrx_word' id='word_1_555' title='bbox 2554 1110 2827 1181; x_wconf 85' lang='lat' dir='ltr'><strong>deposita,</strong></span> <span class='ocrx_word' id='word_1_556' title='bbox 2878 1116 2972 1171; x_wconf 90' lang='lat' dir='ltr'><strong>sed</strong></span> <span class='ocrx_word' id='word_1_557' title='bbox 3019 1120 3257 1175; x_wconf 91' lang='lat' dir='ltr'><strong>omnium</strong></span> <span class='ocrx_word' id='word_1_558' title='bbox 3299 1125 3502 1192; x_wconf 90' lang='lat' dir='ltr'><strong>pariter</strong></span> <span class='ocrx_word' id='word_1_559' title='bbox 3524 1128 3790 1196; x_wconf 89' lang='lat' dir='ltr'><strong>jacturam</strong></span> 
     </span>
    </p>
   </div>
   <div class='ocr_carea' id='block_1_72' title="bbox 2207 1194 3793 1281">
    <p class='ocr_par' dir='ltr' id='par_1_72' title="bbox 2207 1194 3793 1281">
     <span class='ocr_line' id='line_1_72' title="bbox 2207 1194 3793 1281; baseline 0.018 -34"><span class='ocrx_word' id='word_1_560' title='bbox 2207 1194 2439 1263; x_wconf 89' lang='lat' dir='ltr'><strong>faciunt,</strong></span> <span class='ocrx_word' id='word_1_561' title='bbox 2486 1204 2881 1272; x_wconf 90' lang='lat' dir='ltr'><strong>pretiosorum,</strong></span> <span class='ocrx_word' id='word_1_562' title='bbox 2926 1218 2981 1262; x_wconf 89' lang='lat' dir='ltr'><strong>et</strong></span> <span class='ocrx_word' id='word_1_563' title='bbox 3017 1211 3238 1267; x_wconf 90' lang='lat' dir='ltr'><strong>minime</strong></span> <span class='ocrx_word' id='word_1_564' title='bbox 3277 1215 3496 1281; x_wconf 90' lang='lat' dir='ltr'><strong>talium;</strong></span> <span class='ocrx_word' id='word_1_565' title='bbox 3541 1219 3628 1272; x_wconf 91' lang='lat' dir='ltr'><strong>ubi</strong></span> <span class='ocrx_word' id='word_1_566' title='bbox 3665 1236 3793 1276; x_wconf 86' lang='lat' dir='ltr'><strong>vero</strong></span> 
     </span>
    </p>
   </div>
   <div class='ocr_carea' id='block_1_73' title="bbox 2208 1293 3791 1379">
    <p class='ocr_par' dir='ltr' id='par_1_73' title="bbox 2208 1293 3791 1379">
     <span class='ocr_line' id='line_1_73' title="bbox 2208 1293 3791 1379; baseline 0.018 -41"><span class='ocrx_word' id='word_1_567' title='bbox 2208 1293 2499 1355; x_wconf 86' lang='lat' dir='ltr'><strong>tempestas</strong></span> <span class='ocrx_word' id='word_1_568' title='bbox 2524 1294 2705 1348; x_wconf 90' lang='lat' dir='ltr'><strong>sedata</strong></span> <span class='ocrx_word' id='word_1_569' title='bbox 2728 1306 2811 1351; x_wconf 90' lang='lat' dir='ltr'><strong>est</strong></span> <span class='ocrx_word' id='word_1_570' title='bbox 2842 1338 2857 1363; x_wconf 92' lang='lat'><strong>,</strong></span> <span class='ocrx_word' id='word_1_571' title='bbox 2890 1307 3015 1354; x_wconf 90' lang='lat' dir='ltr'><strong>tunc</strong></span> <span class='ocrx_word' id='word_1_572' title='bbox 3045 1316 3224 1357; x_wconf 90' lang='lat' dir='ltr'><strong>secum</strong></span> <span class='ocrx_word' id='word_1_573' title='bbox 3253 1316 3563 1375; x_wconf 89' lang='lat' dir='ltr'><strong>reputantes</strong></span> <span class='ocrx_word' id='word_1_574' title='bbox 3591 1320 3791 1379; x_wconf 90' lang='lat' dir='ltr'><strong>quanta</strong></span> 
     </span>
    </p>
   </div>
   <div class='ocr_carea' id='block_1_74' title="bbox 2205 1378 3789 1462">
    <p class='ocr_par' dir='ltr' id='par_1_74' title="bbox 2205 1378 3789 1462">
     <span class='ocr_line' id='line_1_74' title="bbox 2205 1378 3789 1462; baseline 0.018 -34"><span class='ocrx_word' id='word_1_575' title='bbox 2205 1378 2546 1446; x_wconf 88' lang='lat' dir='ltr'><strong>projecerint,</strong></span> <span class='ocrx_word' id='word_1_576' title='bbox 2583 1384 2967 1457; x_wconf 85' lang='lat' dir='ltr'><strong>lacrymantur,</strong></span> <span class='ocrx_word' id='word_1_577' title='bbox 2994 1406 3092 1447; x_wconf 88' lang='lat' dir='ltr'><strong>nec</strong></span> <span class='ocrx_word' id='word_1_578' title='bbox 3122 1397 3412 1462; x_wconf 90' lang='lat' dir='ltr'><strong>tranquillo</strong></span> <span class='ocrx_word' id='word_1_579' title='bbox 3441 1413 3570 1454; x_wconf 91' lang='lat' dir='ltr'><strong>aere</strong></span> <span class='ocrx_word' id='word_1_580' title='bbox 3600 1400 3789 1455; x_wconf 83' lang='lat' dir='ltr'><strong>fruun-</strong></span> 
     </span>
    </p>
   </div>
   <div class='ocr_carea' id='block_1_75' title="bbox 2207 1473 3791 1559">
    <p class='ocr_par' dir='ltr' id='par_1_75' title="bbox 2207 1473 3791 1559">
     <span class='ocr_line' id='line_1_75' title="bbox 2207 1473 3791 1559; baseline 0.018 -40"><span class='ocrx_word' id='word_1_581' title='bbox 2207 1476 2313 1533; x_wconf 83' lang='lat' dir='ltr'><strong>tur,</strong></span> <span class='ocrx_word' id='word_1_582' title='bbox 2366 1473 2437 1525; x_wconf 91' lang='lat' dir='ltr'><strong>ob</strong></span> <span class='ocrx_word' id='word_1_583' title='bbox 2475 1473 2739 1540; x_wconf 86' lang='lat' dir='ltr'><strong>jacturam</strong></span> <span class='ocrx_word' id='word_1_584' title='bbox 2774 1496 2787 1532; x_wconf 90' lang='lat'>:</span> <span class='ocrx_word' id='word_1_585' title='bbox 2849 1482 2916 1534; x_wconf 92' lang='lat' dir='ltr'><strong>ita</strong></span> <span class='ocrx_word' id='word_1_586' title='bbox 2972 1492 3026 1537; x_wconf 90' lang='lat' dir='ltr'><strong>et</strong></span> <span class='ocrx_word' id='word_1_587' title='bbox 3069 1485 3190 1550; x_wconf 89' lang='lat' dir='ltr'><strong>hic,</strong></span> <span class='ocrx_word' id='word_1_588' title='bbox 3223 1503 3343 1542; x_wconf 91' lang='lat' dir='ltr'><strong>cum</strong></span> <span class='ocrx_word' id='word_1_589' title='bbox 3370 1491 3537 1559; x_wconf 87' lang='lat' dir='ltr'><strong>spirat</strong></span> <span class='ocrx_word' id='word_1_590' title='bbox 3566 1493 3712 1547; x_wconf 90' lang='lat' dir='ltr'><strong>furor</strong></span> <span class='ocrx_word' id='word_1_591' title='bbox 3734 1504 3791 1549; x_wconf 90' lang='lat' dir='ltr'><strong>et</strong></span> 
     </span>
    </p>
   </div>
   <div class='ocr_carea' id='block_1_76' title="bbox 2205 1566 3785 1654">
    <p class='ocr_par' dir='ltr' id='par_1_76' title="bbox 2205 1566 3785 1654">
     <span class='ocr_line' id='line_1_76' title="bbox 2205 1566 3785 1654; baseline 0.018 -43"><span class='ocrx_word' id='word_1_592' title='bbox 2205 1566 2495 1629; x_wconf 90' lang='lat' dir='ltr'><strong>tempestas</strong></span> <span class='ocrx_word' id='word_1_593' title='bbox 2522 1568 2804 1630; x_wconf 77' lang='lat' dir='ltr'><strong>excitatur,</strong></span> <span class='ocrx_word' id='word_1_594' title='bbox 2832 1574 3076 1628; x_wconf 90' lang='lat' dir='ltr'><strong>nesciunt</strong></span> <span class='ocrx_word' id='word_1_595' title='bbox 3107 1592 3225 1643; x_wconf 80' lang='lat' dir='ltr'><strong>quae</strong></span> <span class='ocrx_word' id='word_1_596' title='bbox 3253 1578 3435 1635; x_wconf 89' lang='lat' dir='ltr'><strong>debito</strong></span> <span class='ocrx_word' id='word_1_597' title='bbox 3463 1582 3654 1638; x_wconf 90' lang='lat' dir='ltr'><strong>ordine</strong></span> <span class='ocrx_word' id='word_1_598' title='bbox 3685 1584 3785 1654; x_wconf 86' lang='lat' dir='ltr'><strong>eji-</strong></span> 
     </span>
    </p>
   </div>
   <div class='ocr_carea' id='block_1_77' title="bbox 2202 1660 3788 1743">
    <p class='ocr_par' dir='ltr' id='par_1_77' title="bbox 2202 1660 3788 1743">
     <span class='ocr_line' id='line_1_77' title="bbox 2202 1660 3788 1743; baseline 0.016 -39"><span class='ocrx_word' id='word_1_599' title='bbox 2202 1664 2326 1705; x_wconf 90' lang='lat' dir='ltr'><strong>cere</strong></span> <span class='ocrx_word' id='word_1_600' title='bbox 2352 1664 2626 1722; x_wconf 89' lang='lat' dir='ltr'><strong>oporteat;</strong></span> <span class='ocrx_word' id='word_1_601' title='bbox 2648 1660 2735 1713; x_wconf 91' lang='lat' dir='ltr'><strong>ubi</strong></span> <span class='ocrx_word' id='word_1_602' title='bbox 2764 1677 2891 1716; x_wconf 86' lang='lat' dir='ltr'><strong>vero</strong></span> <span class='ocrx_word' id='word_1_603' title='bbox 2911 1667 3142 1719; x_wconf 86' lang='lat' dir='ltr'><strong>cessavit</strong></span> <span class='ocrx_word' id='word_1_604' title='bbox 3158 1668 3255 1729; x_wconf 87' lang='lat' dir='ltr'><strong>ira.</strong></span> <span class='ocrx_word' id='word_1_605' title='bbox 3282 1678 3408 1725; x_wconf 90' lang='lat' dir='ltr'><strong>tunc</strong></span> <span class='ocrx_word' id='word_1_606' title='bbox 3428 1673 3788 1743; x_wconf 89' lang='lat' dir='ltr'><strong>recogitantes</strong></span> 
     </span>
    </p>
   </div>
   <div class='ocr_carea' id='block_1_78' title="bbox 2203 1744 3788 1833">
    <p class='ocr_par' dir='ltr' id='par_1_78' title="bbox 2203 1744 3788 1833">
     <span class='ocr_line' id='line_1_78' title="bbox 2203 1744 3788 1833; baseline 0.017 -41"><span class='ocrx_word' id='word_1_607' title='bbox 2203 1752 2398 1807; x_wconf 89' lang='lat' dir='ltr'><strong>quanta</strong></span> <span class='ocrx_word' id='word_1_608' title='bbox 2430 1744 2747 1813; x_wconf 86' lang='lat' dir='ltr'><strong>abjeceriut,</strong></span> <span class='ocrx_word' id='word_1_609' title='bbox 2778 1750 3030 1807; x_wconf 88' lang='lat' dir='ltr'><strong>damnum</strong></span> <span class='ocrx_word' id='word_1_610' title='bbox 3063 1757 3444 1828; x_wconf 88' lang='lat' dir='ltr'><strong>considerant,</strong></span> <span class='ocrx_word' id='word_1_611' title='bbox 3475 1772 3528 1817; x_wconf 93' lang='lat' dir='ltr'><strong>et</strong></span> <span class='ocrx_word' id='word_1_612' title='bbox 3555 1764 3788 1833; x_wconf 91' lang='lat' dir='ltr'><strong>quietem</strong></span> 
     </span>
    </p>
   </div>
   <div class='ocr_carea' id='block_1_79' title="bbox 2203 1835 3787 1920">
    <p class='ocr_par' dir='ltr' id='par_1_79' title="bbox 2203 1835 3787 1920">
     <span class='ocr_line' id='line_1_79' title="bbox 2203 1835 3787 1920; baseline 0.017 -37"><span class='ocrx_word' id='word_1_613' title='bbox 2203 1846 2307 1885; x_wconf 91' lang='lat' dir='ltr'><strong>non</strong></span> <span class='ocrx_word' id='word_1_614' title='bbox 2339 1835 2575 1891; x_wconf 88' lang='lat' dir='ltr'><strong>sentiunt</strong></span> <span class='ocrx_word' id='word_1_615' title='bbox 2600 1879 2614 1899; x_wconf 86' lang='lat'><strong>,</strong></span> <span class='ocrx_word' id='word_1_616' title='bbox 2648 1854 2917 1897; x_wconf 90' lang='lat' dir='ltr'><strong>memores</strong></span> <span class='ocrx_word' id='word_1_617' title='bbox 2947 1846 3230 1902; x_wconf 81' lang='lat' dir='ltr'><strong>verborum</strong></span> <span class='ocrx_word' id='word_1_618' title='bbox 3256 1891 3271 1917; x_wconf 93' lang='lat'><strong>,</strong></span> <span class='ocrx_word' id='word_1_619' title='bbox 3304 1853 3498 1920; x_wconf 88' lang='lat' dir='ltr'><strong>quibus</strong></span> <span class='ocrx_word' id='word_1_620' title='bbox 3528 1868 3587 1908; x_wconf 90' lang='lat' dir='ltr'><strong>se</strong></span> <span class='ocrx_word' id='word_1_621' title='bbox 3612 1855 3787 1910; x_wconf 84' lang='lat' dir='ltr'><strong>deho-</strong></span> 
     </span>
    </p>
   </div>
   <div class='ocr_carea' id='block_1_80' title="bbox 2202 1929 3787 2011">
    <p class='ocr_par' dir='ltr' id='par_1_80' title="bbox 2202 1929 3787 2011">
     <span class='ocr_line' id='line_1_80' title="bbox 2202 1929 3787 2011; baseline 0.016 -34"><span class='ocrx_word' id='word_1_622' title='bbox 2202 1936 2499 1993; x_wconf 88' lang='lat' dir='ltr'><strong>nestarunt,</strong></span> <span class='ocrx_word' id='word_1_623' title='bbox 2528 1929 2888 2004; x_wconf 90' lang='lat' dir='ltr'><strong>damnumque</strong></span> <span class='ocrx_word' id='word_1_624' title='bbox 2915 1939 3204 1994; x_wconf 77' lang='lat' dir='ltr'><strong>maximum</strong></span> <span class='ocrx_word' id='word_1_625' title='bbox 3230 1944 3370 2010; x_wconf 90' lang='lat' dir='ltr'><strong>passi</strong></span> <span class='ocrx_word' id='word_1_626' title='bbox 3403 1956 3525 1998; x_wconf 87' lang='lat' dir='ltr'><strong>sunt</strong></span> <span class='ocrx_word' id='word_1_627' title='bbox 3547 1986 3563 2011; x_wconf 91' lang='lat'><strong>,</strong></span> <span class='ocrx_word' id='word_1_628' title='bbox 3596 1962 3701 2001; x_wconf 91' lang='lat' dir='ltr'><strong>non</strong></span> <span class='ocrx_word' id='word_1_629' title='bbox 3731 1948 3787 2004; x_wconf 90' lang='lat' dir='ltr'><strong>in</strong></span> 
     </span>
    </p>
   </div>
   <div class='ocr_carea' id='block_1_81' title="bbox 2203 2017 3787 2100">
    <p class='ocr_par' dir='ltr' id='par_1_81' title="bbox 2203 2017 3787 2100">
     <span class='ocr_line' id='line_1_81' title="bbox 2203 2017 3787 2100; baseline 0.016 -32"><span class='ocrx_word' id='word_1_630' title='bbox 2203 2017 2443 2084; x_wconf 89' lang='lat' dir='ltr'><strong>pecuniis</strong></span> <span class='ocrx_word' id='word_1_631' title='bbox 2465 2060 2478 2084; x_wconf 95' lang='lat'><strong>,</strong></span> <span class='ocrx_word' id='word_1_632' title='bbox 2512 2020 2608 2075; x_wconf 90' lang='lat' dir='ltr'><strong>sed</strong></span> <span class='ocrx_word' id='word_1_633' title='bbox 2646 2022 2698 2076; x_wconf 93' lang='lat' dir='ltr'><strong>in</strong></span> <span class='ocrx_word' id='word_1_634' title='bbox 2727 2025 3123 2084; x_wconf 82' lang='lat' dir='ltr'><strong>existimatione</strong></span> <span class='ocrx_word' id='word_1_635' title='bbox 3149 2032 3412 2100; x_wconf 68' lang='lat' dir='ltr'><strong>aequitatis</strong></span> <span class='ocrx_word' id='word_1_636' title='bbox 3438 2045 3489 2089; x_wconf 94' lang='lat' dir='ltr'><strong>et</strong></span> <span class='ocrx_word' id='word_1_637' title='bbox 3530 2041 3787 2092; x_wconf 81' lang='lat' dir='ltr'><strong>m&#39;ansue-</strong></span> 
     </span>
    </p>
   </div>
   <div class='ocr_carea' id='block_1_82' title="bbox 2209 2111 3789 2201">
    <p class='ocr_par' dir='ltr' id='par_1_82' title="bbox 2209 2111 3789 2201">
     <span class='ocr_line' id='line_1_82' title="bbox 2209 2111 3789 2201; baseline 0.015 -37"><span class='ocrx_word' id='word_1_638' title='bbox 2209 2111 2587 2170; x_wconf 81' lang='lat' dir='ltr'><strong>tudinis.Ver:n</strong></span> <span class='ocrx_word' id='word_1_639' title='bbox 2618 2119 2854 2175; x_wconf 83' lang='lat' dir='ltr'><strong>tenebrae</strong></span> <span class='ocrx_word' id='word_1_640' title='bbox 2870 2134 2991 2176; x_wconf 91' lang='lat' dir='ltr'><strong>sunt</strong></span> <span class='ocrx_word' id='word_1_641' title='bbox 3016 2122 3163 2178; x_wconf 92' lang='lat' dir='ltr'><strong>furor</strong></span> <span class='ocrx_word' id='word_1_642' title='bbox 3183 2135 3236 2180; x_wconf 92' lang='lat' dir='ltr'><strong>et</strong></span> <span class='ocrx_word' id='word_1_643' title='bbox 3257 2127 3351 2180; x_wconf 90' lang='lat' dir='ltr'><strong>ira.</strong></span> <span class='ocrx_word' id='word_1_644' title='bbox 3378 2126 3523 2183; x_wconf 76' lang='lat' dir='ltr'><strong>Dixit</strong></span> <span class='ocrx_word' id='word_1_645' title='bbox 3544 2133 3789 2201; x_wconf 75' lang='lat' dir='ltr'><strong>insipiens</strong></span> 
     </span>
    </p>
   </div>
   <div class='ocr_carea' id='block_1_83' title="bbox 2200 2201 3785 2289">
    <p class='ocr_par' dir='ltr' id='par_1_83' title="bbox 2200 2201 3785 2289">
     <span class='ocr_line' id='line_1_83' title="bbox 2200 2201 3785 2289; baseline 0.013 -35"><span class='ocrx_word' id='word_1_646' title='bbox 2200 2201 2253 2255; x_wconf 86' lang='lat' dir='ltr'><strong>in</strong></span> <span class='ocrx_word' id='word_1_647' title='bbox 2277 2204 2428 2258; x_wconf 78' lang='lat' dir='ltr'><strong>corde</strong></span> <span class='ocrx_word' id='word_1_648' title='bbox 2456 2223 2575 2270; x_wconf 77' lang='lat' dir='ltr'><strong>suo,</strong></span> <span class='ocrx_word' id='word_1_649' title='bbox 2611 2209 2816 2279; x_wconf 90' lang='lat' dir='ltr'><strong>inquit,</strong></span> <span class='ocrx_word' id='word_1_650' title='bbox 2846 2211 2965 2266; x_wconf 84' lang='lat' dir='ltr'><strong>Non</strong></span> <span class='ocrx_word' id='word_1_651' title='bbox 2988 2224 3059 2267; x_wconf 81' lang='lat' dir='ltr'><strong>est</strong></span> <span class='ocrx_word' id='word_1_652' title='bbox 3094 2214 3230 2269; x_wconf 78' lang='lat' dir='ltr'><strong>Deus</strong></span> <span class='ocrx_word' id='word_1_653' title='bbox 3258 2216 3276 2287; x_wconf 87' lang='lat'>(</span> <span class='ocrx_word' id='word_1_654' title='bbox 3307 2216 3448 2270; x_wconf 72' lang='lat' dir='ltr'><strong>Paul.</strong></span> <span class='ocrx_word' id='word_1_655' title='bbox 3483 2221 3570 2274; x_wconf 78' lang='grc'><strong>15.</strong></span> <span class='ocrx_word' id='word_1_656' title='bbox 3606 2223 3694 2289; x_wconf 91' lang='grc'><strong>1).</strong></span> <span class='ocrx_word' id='word_1_657' title='bbox 3730 2221 3785 2275; x_wconf 88' lang='lat' dir='ltr'><strong>ld</strong></span> 
     </span>
    </p>
   </div>
   <div class='ocr_carea' id='block_1_84' title="bbox 2201 2292 3783 2381">
    <p class='ocr_par' dir='ltr' id='par_1_84' title="bbox 2201 2292 3783 2381">
     <span class='ocr_line' id='line_1_84' title="bbox 2201 2292 3783 2381; baseline 0.016 -36"><span class='ocrx_word' id='word_1_658' title='bbox 2201 2292 2337 2348; x_wconf 89' lang='lat' dir='ltr'><strong>forte</strong></span> <span class='ocrx_word' id='word_1_659' title='bbox 2379 2294 2448 2349; x_wconf 89' lang='lat' dir='ltr'><strong>de</strong></span> <span class='ocrx_word' id='word_1_660' title='bbox 2488 2297 2627 2353; x_wconf 88' lang='lat' dir='ltr'><strong>irato</strong></span> <span class='ocrx_word' id='word_1_661' title='bbox 2672 2313 2972 2369; x_wconf 91' lang='lat' dir='ltr'><strong>opportune</strong></span> <span class='ocrx_word' id='word_1_662' title='bbox 3002 2304 3246 2361; x_wconf 92' lang='lat' dir='ltr'><strong>dicatur:</strong></span> <span class='ocrx_word' id='word_1_663' title='bbox 3276 2308 3409 2363; x_wconf 76' lang='lat' dir='ltr'><strong>dixit</strong></span> <span class='ocrx_word' id='word_1_664' title='bbox 3441 2311 3633 2381; x_wconf 87' lang='lat' dir='ltr'><strong>iratus,</strong></span> <span class='ocrx_word' id='word_1_665' title='bbox 3667 2313 3783 2369; x_wconf 85' lang='lat' dir='ltr'><strong>Non</strong></span> 
     </span>
    </p>
   </div>
   <div class='ocr_carea' id='block_1_85' title="bbox 2199 2385 3784 2461">
    <p class='ocr_par' dir='ltr' id='par_1_85' title="bbox 2199 2385 3784 2461">
     <span class='ocr_line' id='line_1_85' title="bbox 2199 2385 3784 2461; baseline 0.015 -24"><span class='ocrx_word' id='word_1_666' title='bbox 2199 2392 2282 2438; x_wconf 86' lang='lat' dir='ltr'><strong>est</strong></span> <span class='ocrx_word' id='word_1_667' title='bbox 2310 2385 2467 2441; x_wconf 88' lang='lat' dir='ltr'><strong>Deus.</strong></span> <span class='ocrx_word' id='word_1_668' title='bbox 2497 2388 2627 2442; x_wconf 85' lang='lat' dir='ltr'><strong>Nam</strong></span> <span class='ocrx_word' id='word_1_669' title='bbox 2663 2390 2955 2447; x_wconf 85' lang='lat' dir='ltr'><strong>Secundum</strong></span> <span class='ocrx_word' id='word_1_670' title='bbox 2995 2398 3367 2454; x_wconf 85' lang='lat' dir='ltr'><strong>multitudinem</strong></span> <span class='ocrx_word' id='word_1_671' title='bbox 3406 2404 3498 2456; x_wconf 83' lang='lat' dir='ltr'><strong>irte</strong></span> <span class='ocrx_word' id='word_1_672' title='bbox 3536 2420 3644 2458; x_wconf 77' lang='lat' dir='ltr'><strong>sua:</strong></span> <span class='ocrx_word' id='word_1_673' title='bbox 3682 2423 3784 2461; x_wconf 87' lang='lat' dir='ltr'><strong>non</strong></span> 
     </span>
    </p>
   </div>
   <div class='ocr_carea' id='block_1_86' title="bbox 2198 2479 3783 2562">
    <p class='ocr_par' dir='ltr' id='par_1_86' title="bbox 2198 2479 3783 2562">
     <span class='ocr_line' id='line_1_86' title="bbox 2198 2479 3783 2562; baseline 0.015 -34"><span class='ocrx_word' id='word_1_674' title='bbox 2198 2489 2385 2544; x_wconf 76' lang='lat' dir='ltr'><strong>quterct</strong></span> <span class='ocrx_word' id='word_1_675' title='bbox 2427 2481 2445 2536; x_wconf 86' lang='lat' dir='ltr'><strong>l</strong></span> <span class='ocrx_word' id='word_1_676' title='bbox 2474 2479 2617 2533; x_wconf 80' lang='lat' dir='ltr'><strong>Psal.</strong></span> <span class='ocrx_word' id='word_1_677' title='bbox 2661 2483 2746 2536; x_wconf 89' lang='grc'><strong>10.</strong></span> <span class='ocrx_word' id='word_1_678' title='bbox 2778 2485 2831 2537; x_wconf 74' lang='grc'><strong>4.</strong></span> <span class='ocrx_word' id='word_1_679' title='bbox 2862 2502 2961 2540; x_wconf 78' lang='lat' dir='ltr'><strong>sec.</strong></span> <span class='ocrx_word' id='word_1_680' title='bbox 2998 2486 3153 2542; x_wconf 84' lang='lat' dir='ltr'><strong>Ilebr.</strong></span> <span class='ocrx_word' id='word_1_681' title='bbox 3183 2490 3239 2558; x_wconf 89' lang='lat'><strong>),</strong></span> <span class='ocrx_word' id='word_1_682' title='bbox 3270 2491 3461 2562; x_wconf 90' lang='lat' dir='ltr'><strong>inquit.</strong></span> <span class='ocrx_word' id='word_1_683' title='bbox 3502 2494 3598 2549; x_wconf 88' lang='lat' dir='ltr'><strong>Pia</strong></span> <span class='ocrx_word' id='word_1_684' title='bbox 3640 2500 3783 2551; x_wconf 89' lang='lat' dir='ltr'><strong>enim</strong></span> 
     </span>
    </p>
   </div>
   <div class='ocr_carea' id='block_1_87' title="bbox 2198 2568 3791 2652">
    <p class='ocr_par' dir='ltr' id='par_1_87' title="bbox 2198 2568 3791 2652">
     <span class='ocr_line' id='line_1_87' title="bbox 2198 2568 3791 2652; baseline 0.015 -31"><span class='ocrx_word' id='word_1_685' title='bbox 2198 2568 2450 2637; x_wconf 84' lang='lat' dir='ltr'><strong>cogitatio</strong></span> <span class='ocrx_word' id='word_1_686' title='bbox 2496 2571 2732 2640; x_wconf 83' lang='lat' dir='ltr'><strong>ingressa</strong></span> <span class='ocrx_word' id='word_1_687' title='bbox 2761 2590 2949 2631; x_wconf 86' lang='lat' dir='ltr'><strong>omnes</strong></span> <span class='ocrx_word' id='word_1_688' title='bbox 2990 2578 3209 2647; x_wconf 83' lang='lat' dir='ltr'><strong>depellit</strong></span> <span class='ocrx_word' id='word_1_689' title='bbox 3252 2590 3305 2636; x_wconf 90' lang='lat' dir='ltr'><strong>et</strong></span> <span class='ocrx_word' id='word_1_690' title='bbox 3351 2584 3545 2652; x_wconf 89' lang='lat' dir='ltr'><strong>pulsat,</strong></span> <span class='ocrx_word' id='word_1_691' title='bbox 3592 2602 3791 2645; x_wconf 87' lang='lat' dir='ltr'><strong>omnes</strong></span> 
     </span>
    </p>
   </div>
   <div class='ocr_carea' id='block_1_88' title="bbox 2199 2665 3780 2744">
    <p class='ocr_par' dir='ltr' id='par_1_88' title="bbox 2199 2665 3780 2744">
     <span class='ocr_line' id='line_1_88' title="bbox 2199 2665 3780 2744; baseline 0.016 -35"><span class='ocrx_word' id='word_1_692' title='bbox 2199 2665 2535 2716; x_wconf 88' lang='lat' dir='ltr'><strong>transversos</strong></span> <span class='ocrx_word' id='word_1_693' title='bbox 2571 2665 2697 2733; x_wconf 91' lang='lat' dir='ltr'><strong>agit.</strong></span> <span class='ocrx_word' id='word_1_694' title='bbox 2740 2665 2855 2721; x_wconf 87' lang='lat' dir='ltr'><strong>Nisi</strong></span> <span class='ocrx_word' id='word_1_695' title='bbox 2905 2677 2960 2723; x_wconf 90' lang='lat' dir='ltr'><strong>tu</strong></span> <span class='ocrx_word' id='word_1_696' title='bbox 2992 2672 3157 2740; x_wconf 87' lang='lat' dir='ltr'><strong>magis</strong></span> <span class='ocrx_word' id='word_1_697' title='bbox 3186 2673 3368 2729; x_wconf 89' lang='lat' dir='ltr'><strong>doleas</strong></span> <span class='ocrx_word' id='word_1_698' title='bbox 3390 2716 3403 2739; x_wconf 94' lang='lat'><strong>,</strong></span> <span class='ocrx_word' id='word_1_699' title='bbox 3431 2692 3588 2744; x_wconf 92' lang='lat' dir='ltr'><strong>quam</strong></span> <span class='ocrx_word' id='word_1_700' title='bbox 3619 2679 3665 2732; x_wconf 81' lang='lat' dir='ltr'><strong>is</strong></span> <span class='ocrx_word' id='word_1_701' title='bbox 3688 2680 3780 2733; x_wconf 91' lang='lat' dir='ltr'><strong>cui</strong></span> 
     </span>
    </p>
   </div>
   <div class='ocr_carea' id='block_1_89' title="bbox 2197 2751 3780 2840">
    <p class='ocr_par' dir='ltr' id='par_1_89' title="bbox 2197 2751 3780 2840">
     <span class='ocr_line' id='line_1_89' title="bbox 2197 2751 3780 2840; baseline 0.016 -40"><span class='ocrx_word' id='word_1_702' title='bbox 2197 2751 2517 2805; x_wconf 90' lang='lat' dir='ltr'><strong>contumelia</strong></span> <span class='ocrx_word' id='word_1_703' title='bbox 2544 2754 2787 2824; x_wconf 89' lang='lat' dir='ltr'><strong>infertur,</strong></span> <span class='ocrx_word' id='word_1_704' title='bbox 2819 2757 2955 2813; x_wconf 90' lang='lat' dir='ltr'><strong>infer</strong></span> <span class='ocrx_word' id='word_1_705' title='bbox 2985 2761 3154 2828; x_wconf 85' lang='lat' dir='ltr'><strong>illam,</strong></span> <span class='ocrx_word' id='word_1_706' title='bbox 3183 2764 3391 2819; x_wconf 91' lang='lat' dir='ltr'><strong>etiamsi</strong></span> <span class='ocrx_word' id='word_1_707' title='bbox 3411 2768 3588 2823; x_wconf 91' lang='lat' dir='ltr'><strong>nullus</strong></span> <span class='ocrx_word' id='word_1_708' title='bbox 3604 2771 3780 2840; x_wconf 89' lang='lat' dir='ltr'><strong>sitqui</strong></span> 
     </span>
    </p>
   </div>
   <div class='ocr_carea' id='block_1_90' title="bbox 2197 2843 3781 2919">
    <p class='ocr_par' dir='ltr' id='par_1_90' title="bbox 2197 2843 3781 2919">
     <span class='ocr_line' id='line_1_90' title="bbox 2197 2843 3781 2919; baseline 0.016 -28"><span class='ocrx_word' id='word_1_709' title='bbox 2197 2851 2413 2895; x_wconf 89' lang='lat' dir='ltr'><strong>accuset</strong></span> <span class='ocrx_word' id='word_1_710' title='bbox 2442 2860 2455 2895; x_wconf 90' lang='lat'><strong>:</strong></span> <span class='ocrx_word' id='word_1_711' title='bbox 2485 2843 2585 2898; x_wconf 90' lang='lat' dir='ltr'><strong>nisi</strong></span> <span class='ocrx_word' id='word_1_712' title='bbox 2612 2848 2954 2903; x_wconf 79' lang='lat' dir='ltr'><strong>conscientiae</strong></span> <span class='ocrx_word' id='word_1_713' title='bbox 2984 2852 3209 2906; x_wconf 87' lang='lat' dir='ltr'><strong>tribunal</strong></span> <span class='ocrx_word' id='word_1_714' title='bbox 3232 2864 3281 2909; x_wconf 90' lang='lat' dir='ltr'><strong>te</strong></span> <span class='ocrx_word' id='word_1_715' title='bbox 3307 2858 3531 2919; x_wconf 87' lang='lat' dir='ltr'><strong>seorsim</strong></span> <span class='ocrx_word' id='word_1_716' title='bbox 3558 2859 3781 2916; x_wconf 88' lang='lat' dir='ltr'><strong>ductum</strong></span> 
     </span>
    </p>
   </div>
   <div class='ocr_carea' id='block_1_91' title="bbox 2197 2929 3781 3010">
    <p class='ocr_par' dir='ltr' id='par_1_91' title="bbox 2197 2929 3781 3010">
     <span class='ocr_line' id='line_1_91' title="bbox 2197 2929 3781 3010; baseline 0.017 -30"><span class='ocrx_word' id='word_1_717' title='bbox 2197 2929 2389 2985; x_wconf 90' lang='lat' dir='ltr'><strong>millies</strong></span> <span class='ocrx_word' id='word_1_718' title='bbox 2416 2934 2679 2989; x_wconf 83' lang='lat' dir='ltr'><strong>verberet.</strong></span> <span class='ocrx_word' id='word_1_719' title='bbox 2707 2937 2839 2992; x_wconf 91' lang='lat' dir='ltr'><strong>Cum</strong></span> <span class='ocrx_word' id='word_1_720' title='bbox 2872 2955 2999 3010; x_wconf 81' lang='lat' dir='ltr'><strong>ergo</strong></span> <span class='ocrx_word' id='word_1_721' title='bbox 3026 2942 3258 2998; x_wconf 88' lang='lat' dir='ltr'><strong>audieris</strong></span> <span class='ocrx_word' id='word_1_722' title='bbox 3288 2948 3617 3005; x_wconf 81' lang='lat' dir='ltr'><strong>centumelia</strong></span> <span class='ocrx_word' id='word_1_723' title='bbox 3646 2951 3781 3007; x_wconf 77' lang='lat' dir='ltr'><strong>affe-</strong></span> 
     </span>
    </p>
   </div>
   <div class='ocr_carea' id='block_1_92' title="bbox 2196 3027 3782 3102">
    <p class='ocr_par' dir='ltr' id='par_1_92' title="bbox 2196 3027 3782 3102">
     <span class='ocr_line' id='line_1_92' title="bbox 2196 3027 3782 3102; baseline 0.018 -31"><span class='ocrx_word' id='word_1_724' title='bbox 2196 3028 2363 3088; x_wconf 87' lang='lat' dir='ltr'><strong>ctum,</strong></span> <span class='ocrx_word' id='word_1_725' title='bbox 2391 3036 2632 3079; x_wconf 89' lang='lat' dir='ltr'><strong>amarum</strong></span> <span class='ocrx_word' id='word_1_726' title='bbox 2663 3027 2866 3083; x_wconf 89' lang='lat' dir='ltr'><strong>nullum</strong></span> <span class='ocrx_word' id='word_1_727' title='bbox 2885 3032 3103 3086; x_wconf 87' lang='lat' dir='ltr'><strong>verbum</strong></span> <span class='ocrx_word' id='word_1_728' title='bbox 3128 3035 3431 3102; x_wconf 87' lang='lat' dir='ltr'><strong>protulisse,</strong></span> <span class='ocrx_word' id='word_1_729' title='bbox 3455 3054 3638 3097; x_wconf 88' lang='lat' dir='ltr'><strong>nonne</strong></span> <span class='ocrx_word' id='word_1_730' title='bbox 3659 3042 3782 3099; x_wconf 90' lang='lat' dir='ltr'><strong>hinc</strong></span> 
     </span>
    </p>
   </div>
   <div class='ocr_carea' id='block_1_93' title="bbox 2196 3113 3776 3200">
    <p class='ocr_par' dir='ltr' id='par_1_93' title="bbox 2196 3113 3776 3200">
     <span class='ocr_line' id='line_1_93' title="bbox 2196 3113 3776 3200; baseline 0.015 -35"><span class='ocrx_word' id='word_1_731' title='bbox 2196 3113 2364 3181; x_wconf 88' lang='lat' dir='ltr'><strong>magis</strong></span> <span class='ocrx_word' id='word_1_732' title='bbox 2390 3114 2578 3171; x_wconf 87' lang='lat' dir='ltr'><strong>doles?</strong></span> <span class='ocrx_word' id='word_1_733' title='bbox 2615 3118 2705 3172; x_wconf 90' lang='lat' dir='ltr'><strong>Dic</strong></span> <span class='ocrx_word' id='word_1_734' title='bbox 2720 3120 2868 3187; x_wconf 91' lang='lat' dir='ltr'><strong>mihi,</strong></span> <span class='ocrx_word' id='word_1_735' title='bbox 2902 3125 3169 3191; x_wconf 84' lang='lat' dir='ltr'><strong>quomodo</strong></span> <span class='ocrx_word' id='word_1_736' title='bbox 3219 3126 3492 3183; x_wconf 88' lang='lat' dir='ltr'><strong>hominem</strong></span> <span class='ocrx_word' id='word_1_737' title='bbox 3548 3134 3733 3188; x_wconf 90' lang='lat' dir='ltr'><strong>mitem</strong></span> <span class='ocrx_word' id='word_1_738' title='bbox 3762 3178 3776 3200; x_wconf 95' lang='lat'><strong>,</strong></span> 
     </span>
    </p>
   </div>
   <div class='ocr_carea' id='block_1_94' title="bbox 2197 3205 3781 3282">
    <p class='ocr_par' dir='ltr' id='par_1_94' title="bbox 2197 3205 3781 3282">
     <span class='ocr_line' id='line_1_94' title="bbox 2197 3205 3781 3282; baseline 0.015 -24"><span class='ocrx_word' id='word_1_739' title='bbox 2197 3205 2471 3274; x_wconf 89' lang='lat' dir='ltr'><strong>humilem,</strong></span> <span class='ocrx_word' id='word_1_740' title='bbox 2505 3209 2807 3267; x_wconf 88' lang='lat' dir='ltr'><strong>modestum</strong></span> <span class='ocrx_word' id='word_1_741' title='bbox 2843 3216 2990 3271; x_wconf 90' lang='lat' dir='ltr'><strong>mille</strong></span> <span class='ocrx_word' id='word_1_742' title='bbox 3034 3219 3286 3274; x_wconf 89' lang='lat' dir='ltr'><strong>conviciis</strong></span> <span class='ocrx_word' id='word_1_743' title='bbox 3334 3225 3615 3278; x_wconf 86' lang='lat' dir='ltr'><strong>onerasti?</strong></span> <span class='ocrx_word' id='word_1_744' title='bbox 3654 3226 3781 3282; x_wconf 66' lang='lat' dir='ltr'><strong>&quot;me</strong></span> 
     </span>
    </p>
   </div>
   <div class='ocr_carea' id='block_1_95' title="bbox 2196 3297 3773 3383">
    <p class='ocr_par' dir='ltr' id='par_1_95' title="bbox 2196 3297 3773 3383">
     <span class='ocr_line' id='line_1_95' title="bbox 2196 3297 3773 3383; baseline 0.014 -33"><span class='ocrx_word' id='word_1_745' title='bbox 2196 3297 2501 3367; x_wconf 85' lang='lat' dir='ltr'><strong>frequenter</strong></span> <span class='ocrx_word' id='word_1_746' title='bbox 2520 3301 2747 3358; x_wconf 89' lang='lat' dir='ltr'><strong>dicimus</strong></span> <span class='ocrx_word' id='word_1_747' title='bbox 2776 3346 2790 3370; x_wconf 95' lang='lat'><strong>,</strong></span> <span class='ocrx_word' id='word_1_748' title='bbox 2824 3322 2997 3377; x_wconf 89' lang='lat' dir='ltr'><strong>neque</strong></span> <span class='ocrx_word' id='word_1_749' title='bbox 3026 3325 3188 3377; x_wconf 86' lang='lat' dir='ltr'><strong>Opere</strong></span> <span class='ocrx_word' id='word_1_750' title='bbox 3218 3313 3487 3383; x_wconf 87' lang='lat' dir='ltr'><strong>completa</strong></span> <span class='ocrx_word' id='word_1_751' title='bbox 3511 3316 3773 3374; x_wconf 84' lang='lat' dir='ltr'><strong>videmus.</strong></span> 
     </span>
    </p>
   </div>
   <div class='ocr_carea' id='block_1_96' title="bbox 2196 3386 3780 3463">
    <p class='ocr_par' dir='ltr' id='par_1_96' title="bbox 2196 3386 3780 3463">
     <span class='ocr_line' id='line_1_96' title="bbox 2196 3386 3780 3463; baseline 0.015 -23"><span class='ocrx_word' id='word_1_752' title='bbox 2196 3386 2367 3441; x_wconf 89' lang='lat' dir='ltr'><strong>llomo</strong></span> <span class='ocrx_word' id='word_1_753' title='bbox 2397 3404 2517 3444; x_wconf 90' lang='lat' dir='ltr'><strong>cum</strong></span> <span class='ocrx_word' id='word_1_754' title='bbox 2540 3392 2635 3458; x_wconf 90' lang='lat' dir='ltr'><strong>sis,</strong></span> <span class='ocrx_word' id='word_1_755' title='bbox 2670 3393 2937 3451; x_wconf 91' lang='lat' dir='ltr'><strong>hominem</strong></span> <span class='ocrx_word' id='word_1_756' title='bbox 2984 3402 3305 3456; x_wconf 84' lang='lat' dir='ltr'><strong>contumelia</strong></span> <span class='ocrx_word' id='word_1_757' title='bbox 3331 3401 3537 3458; x_wconf 81' lang='lat' dir='ltr'><strong>afﬁcis?</strong></span> <span class='ocrx_word' id='word_1_758' title='bbox 3584 3420 3780 3463; x_wconf 88' lang='lat' dir='ltr'><strong>servus</strong></span> 
     </span>
    </p>
   </div>
   <div class='ocr_carea' id='block_1_97' title="bbox 2194 3482 3781 3563">
    <p class='ocr_par' dir='ltr' id='par_1_97' title="bbox 2194 3482 3781 3563">
     <span class='ocr_line' id='line_1_97' title="bbox 2194 3482 3781 3563; baseline 0.014 -33"><span class='ocrx_word' id='word_1_759' title='bbox 2194 3482 2547 3533; x_wconf 82' lang='lat' dir='ltr'><strong>conservum?</strong></span> <span class='ocrx_word' id='word_1_760' title='bbox 2596 3482 2702 3537; x_wconf 87' lang='lat' dir='ltr'><strong>Sed</strong></span> <span class='ocrx_word' id='word_1_761' title='bbox 2756 3486 2880 3554; x_wconf 90' lang='lat' dir='ltr'><strong>quid</strong></span> <span class='ocrx_word' id='word_1_762' title='bbox 2941 3487 3043 3543; x_wconf 92' lang='lat' dir='ltr'><strong>hoc</strong></span> <span class='ocrx_word' id='word_1_763' title='bbox 3093 3490 3349 3560; x_wconf 89' lang='lat' dir='ltr'><strong>admiror,</strong></span> <span class='ocrx_word' id='word_1_764' title='bbox 3383 3495 3594 3563; x_wconf 90' lang='lat' dir='ltr'><strong>quando</strong></span> <span class='ocrx_word' id='word_1_765' title='bbox 3621 3500 3781 3554; x_wconf 89' lang='lat' dir='ltr'><strong>multi</strong></span> 
     </span>
    </p>
   </div>
   <div class='ocr_carea' id='block_1_98' title="bbox 2195 3569 3206 3640">
    <p class='ocr_par' dir='ltr' id='par_1_98' title="bbox 2195 3569 3206 3640">
     <span class='ocr_line' id='line_1_98' title="bbox 2195 3569 3206 3640; baseline 0.013 -18"><span class='ocrx_word' id='word_1_766' title='bbox 2195 3569 2362 3624; x_wconf 91' lang='lat' dir='ltr'><strong>Deum</strong></span> <span class='ocrx_word' id='word_1_767' title='bbox 2389 3570 2563 3640; x_wconf 90' lang='lat' dir='ltr'><strong>ipsum</strong></span> <span class='ocrx_word' id='word_1_768' title='bbox 2593 3577 2917 3631; x_wconf 86' lang='lat' dir='ltr'><strong>contumelia</strong></span> <span class='ocrx_word' id='word_1_769' title='bbox 2947 3578 3206 3635; x_wconf 89' lang='lat' dir='ltr'><strong>afﬁciunt.</strong></span> 
     </span>
    </p>
   </div>
   <div class='ocr_carea' id='block_1_99' title="bbox 2261 3661 3777 3734">
    <p class='ocr_par' dir='ltr' id='par_1_99' title="bbox 2261 3661 3777 3734">
     <span class='ocr_line' id='line_1_99' title="bbox 2261 3661 3777 3734; baseline 0.013 -19"><span class='ocrx_word' id='word_1_770' title='bbox 2261 3662 2317 3715; x_wconf 76' lang='grc'><strong>4.</strong></span> <span class='ocrx_word' id='word_1_771' title='bbox 2368 3661 2477 3717; x_wconf 89' lang='lat' dir='ltr'><strong>[ioc</strong></span> <span class='ocrx_word' id='word_1_772' title='bbox 2518 3664 2668 3720; x_wconf 88' lang='lat' dir='ltr'><strong>vobis</strong></span> <span class='ocrx_word' id='word_1_773' title='bbox 2713 3670 3035 3724; x_wconf 89' lang='lat' dir='ltr'><strong>contumelia</strong></span> <span class='ocrx_word' id='word_1_774' title='bbox 3085 3671 3290 3728; x_wconf 79' lang='lat' dir='ltr'><strong>affectis</strong></span> <span class='ocrx_word' id='word_1_775' title='bbox 3331 3676 3401 3729; x_wconf 90' lang='lat' dir='ltr'><strong>sit</strong></span> <span class='ocrx_word' id='word_1_776' title='bbox 3452 3678 3777 3734; x_wconf 90' lang='lat' dir='ltr'><strong>consolatio.</strong></span> 
     </span>
    </p>
   </div>
   <div class='ocr_carea' id='block_1_100' title="bbox 2192 3753 3775 3835">
    <p class='ocr_par' dir='ltr' id='par_1_100' title="bbox 2192 3753 3775 3835">
     <span class='ocr_line' id='line_1_100' title="bbox 2192 3753 3775 3835; baseline 0.011 -26"><span class='ocrx_word' id='word_1_777' title='bbox 2192 3753 2524 3810; x_wconf 89' lang='lat' dir='ltr'><strong>Contumelia</strong></span> <span class='ocrx_word' id='word_1_778' title='bbox 2573 3756 2882 3812; x_wconf 88' lang='lat' dir='ltr'><strong>aflicimini?</strong></span> <span class='ocrx_word' id='word_1_779' title='bbox 2927 3760 3264 3819; x_wconf 89' lang='lat' dir='ltr'><strong>Contumelia</strong></span> <span class='ocrx_word' id='word_1_780' title='bbox 3318 3766 3552 3823; x_wconf 88' lang='lat' dir='ltr'><strong>afﬁcitur</strong></span> <span class='ocrx_word' id='word_1_781' title='bbox 3604 3770 3775 3835; x_wconf 85' lang='lat' dir='ltr'><strong>Deus;</strong></span> 
     </span>
    </p>
   </div>
   <div class='ocr_carea' id='block_1_101' title="bbox 2192 3847 3779 3928">
    <p class='ocr_par' dir='ltr' id='par_1_101' title="bbox 2192 3847 3779 3928">
     <span class='ocr_line' id='line_1_101' title="bbox 2192 3847 3779 3928; baseline 0.012 -29"><span class='ocrx_word' id='word_1_782' title='bbox 2192 3847 2429 3900; x_wconf 85' lang='lat' dir='ltr'><strong>convicia</strong></span> <span class='ocrx_word' id='word_1_783' title='bbox 2454 3847 2639 3903; x_wconf 89' lang='lat' dir='ltr'><strong>fertis?</strong></span> <span class='ocrx_word' id='word_1_784' title='bbox 2668 3850 2913 3906; x_wconf 84' lang='lat' dir='ltr'><strong>Convicia</strong></span> <span class='ocrx_word' id='word_1_785' title='bbox 2936 3852 3041 3909; x_wconf 92' lang='lat' dir='ltr'><strong>fert</strong></span> <span class='ocrx_word' id='word_1_786' title='bbox 3062 3856 3238 3920; x_wconf 91' lang='lat' dir='ltr'><strong>Deus;</strong></span> <span class='ocrx_word' id='word_1_787' title='bbox 3266 3862 3664 3928; x_wconf 87' lang='lat' dir='ltr'><strong>conspuimini?</strong></span> <span class='ocrx_word' id='word_1_788' title='bbox 3691 3863 3779 3919; x_wconf 85' lang='lat' dir='ltr'><strong>Sic</strong></span> 
     </span>
    </p>
   </div>
   <div class='ocr_carea' id='block_1_102' title="bbox 2191 3940 3778 4019">
    <p class='ocr_par' dir='ltr' id='par_1_102' title="bbox 2191 3940 3778 4019">
     <span class='ocr_line' id='line_1_102' title="bbox 2191 3940 3778 4019; baseline 0.011 -27"><span class='ocrx_word' id='word_1_789' title='bbox 2191 3948 2245 3992; x_wconf 90' lang='lat' dir='ltr'><strong>et</strong></span> <span class='ocrx_word' id='word_1_790' title='bbox 2276 3940 2528 3995; x_wconf 90' lang='lat' dir='ltr'><strong>Dominus</strong></span> <span class='ocrx_word' id='word_1_791' title='bbox 2559 3950 2759 3997; x_wconf 90' lang='lat' dir='ltr'><strong>noster.</strong></span> <span class='ocrx_word' id='word_1_792' title='bbox 2790 3943 2848 3997; x_wconf 88' lang='lat' dir='ltr'><strong>In</strong></span> <span class='ocrx_word' id='word_1_793' title='bbox 2877 3944 2960 4000; x_wconf 93' lang='lat' dir='ltr'><strong>his</strong></span> <span class='ocrx_word' id='word_1_794' title='bbox 2980 3961 3108 4016; x_wconf 89' lang='lat' dir='ltr'><strong>ergo</strong></span> <span class='ocrx_word' id='word_1_795' title='bbox 3130 3948 3408 4005; x_wconf 90' lang='lat' dir='ltr'><strong>nobiscum</strong></span> <span class='ocrx_word' id='word_1_796' title='bbox 3432 3961 3536 4019; x_wconf 89' lang='lat' dir='ltr'><strong>est,</strong></span> <span class='ocrx_word' id='word_1_797' title='bbox 3570 3954 3622 4008; x_wconf 91' lang='lat' dir='ltr'><strong>in</strong></span> <span class='ocrx_word' id='word_1_798' title='bbox 3649 3970 3778 4010; x_wconf 89' lang='lat' dir='ltr'><strong>con-</strong></span> 
     </span>
    </p>
   </div>
   <div class='ocr_carea' id='block_1_103' title="bbox 2194 4030 3778 4113">
    <p class='ocr_par' dir='ltr' id='par_1_103' title="bbox 2194 4030 3778 4113">
     <span class='ocr_line' id='line_1_103' title="bbox 2194 4030 3778 4113; baseline 0.011 -31"><span class='ocrx_word' id='word_1_799' title='bbox 2194 4030 2369 4083; x_wconf 89' lang='lat' dir='ltr'><strong>trariis</strong></span> <span class='ocrx_word' id='word_1_800' title='bbox 2399 4046 2504 4085; x_wconf 91' lang='lat' dir='ltr'><strong>non</strong></span> <span class='ocrx_word' id='word_1_801' title='bbox 2538 4033 2687 4087; x_wconf 90' lang='lat' dir='ltr'><strong>item.</strong></span> <span class='ocrx_word' id='word_1_802' title='bbox 2720 4033 2903 4104; x_wconf 81' lang='lat' dir='ltr'><strong>Neque</strong></span> <span class='ocrx_word' id='word_1_803' title='bbox 2932 4037 3073 4091; x_wconf 89' lang='lat' dir='ltr'><strong>enim</strong></span> <span class='ocrx_word' id='word_1_804' title='bbox 3101 4054 3351 4109; x_wconf 89' lang='lat' dir='ltr'><strong>umquam</strong></span> <span class='ocrx_word' id='word_1_805' title='bbox 3380 4042 3563 4113; x_wconf 91' lang='lat' dir='ltr'><strong>inique</strong></span> <span class='ocrx_word' id='word_1_806' title='bbox 3589 4054 3778 4100; x_wconf 83' lang='lat' dir='ltr'><strong>contu-</strong></span> 
     </span>
    </p>
   </div>
   <div class='ocr_carea' id='block_1_104' title="bbox 2191 4121 3779 4202">
    <p class='ocr_par' dir='ltr' id='par_1_104' title="bbox 2191 4121 3779 4202">
     <span class='ocr_line' id='line_1_104' title="bbox 2191 4121 3779 4202; baseline 0.013 -29"><span class='ocrx_word' id='word_1_807' title='bbox 2191 4121 2351 4175; x_wconf 86' lang='lat' dir='ltr'><strong>melia</strong></span> <span class='ocrx_word' id='word_1_808' title='bbox 2387 4121 2594 4187; x_wconf 78' lang='lat' dir='ltr'><strong>affecit;</strong></span> <span class='ocrx_word' id='word_1_809' title='bbox 2638 4125 2810 4190; x_wconf 91' lang='lat' dir='ltr'><strong>absit;</strong></span> <span class='ocrx_word' id='word_1_810' title='bbox 2859 4143 3031 4197; x_wconf 90' lang='lat' dir='ltr'><strong>neque</strong></span> <span class='ocrx_word' id='word_1_811' title='bbox 3064 4138 3264 4186; x_wconf 89' lang='lat' dir='ltr'><strong>temere</strong></span> <span class='ocrx_word' id='word_1_812' title='bbox 3305 4135 3652 4202; x_wconf 84' lang='lat' dir='ltr'><strong>exprobravit</strong></span> <span class='ocrx_word' id='word_1_813' title='bbox 3681 4154 3779 4194; x_wconf 90' lang='lat' dir='ltr'><strong>nec</strong></span> 
     </span>
    </p>
   </div>
   <div class='ocr_carea' id='block_1_105' title="bbox 2191 4208 3771 4295">
    <p class='ocr_par' dir='ltr' id='par_1_105' title="bbox 2191 4208 3771 4295">
     <span class='ocr_line' id='line_1_105' title="bbox 2191 4208 3771 4295; baseline 0.013 -33"><span class='ocrx_word' id='word_1_814' title='bbox 2191 4208 2386 4279; x_wconf 89' lang='lat' dir='ltr'><strong>injuste</strong></span> <span class='ocrx_word' id='word_1_815' title='bbox 2411 4212 2537 4281; x_wconf 88' lang='lat' dir='ltr'><strong>agit.</strong></span> <span class='ocrx_word' id='word_1_816' title='bbox 2570 4214 2751 4283; x_wconf 85' lang='lat' dir='ltr'><strong>itaque</strong></span> <span class='ocrx_word' id='word_1_817' title='bbox 2778 4232 2875 4273; x_wconf 91' lang='lat' dir='ltr'><strong>nos</strong></span> <span class='ocrx_word' id='word_1_818' title='bbox 2913 4232 3096 4274; x_wconf 90' lang='lat' dir='ltr'><strong>sumus</strong></span> <span class='ocrx_word' id='word_1_819' title='bbox 3126 4221 3217 4290; x_wconf 91' lang='lat' dir='ltr'><strong>qui</strong></span> <span class='ocrx_word' id='word_1_820' title='bbox 3244 4235 3525 4281; x_wconf 85' lang='lat' dir='ltr'><strong>consortes</strong></span> <span class='ocrx_word' id='word_1_821' title='bbox 3554 4243 3771 4295; x_wconf 84' lang='lat' dir='ltr'><strong>sumus,</strong></span> 
     </span>
    </p>
   </div>
   <div class='ocr_carea' id='block_1_106' title="bbox 2190 4301 3774 4380">
    <p class='ocr_par' dir='ltr' id='par_1_106' title="bbox 2190 4301 3774 4380">
     <span class='ocr_line' id='line_1_106' title="bbox 2190 4301 3774 4380; baseline 0.013 -28"><span class='ocrx_word' id='word_1_822' title='bbox 2190 4314 2295 4353; x_wconf 92' lang='lat' dir='ltr'><strong>non</strong></span> <span class='ocrx_word' id='word_1_823' title='bbox 2319 4315 2433 4354; x_wconf 87' lang='lat' dir='ltr'><strong>vos.</strong></span> <span class='ocrx_word' id='word_1_824' title='bbox 2462 4301 2851 4360; x_wconf 88' lang='lat' dir='ltr'><strong>Contumeliam</strong></span> <span class='ocrx_word' id='word_1_825' title='bbox 2876 4308 3017 4363; x_wconf 89' lang='lat' dir='ltr'><strong>enim</strong></span> <span class='ocrx_word' id='word_1_826' title='bbox 3040 4310 3200 4374; x_wconf 88' lang='lat' dir='ltr'><strong>ferre,</strong></span> <span class='ocrx_word' id='word_1_827' title='bbox 3232 4312 3323 4366; x_wconf 91' lang='lat' dir='ltr'><strong>Dei</strong></span> <span class='ocrx_word' id='word_1_828' title='bbox 3348 4323 3465 4380; x_wconf 88' lang='lat' dir='ltr'><strong>est;</strong></span> <span class='ocrx_word' id='word_1_829' title='bbox 3494 4326 3774 4372; x_wconf 87' lang='lat' dir='ltr'><strong>contume-</strong></span> 
     </span>
    </p>
   </div>
   <div class='ocr_carea' id='block_1_107' title="bbox 2188 4388 3768 4477">
    <p class='ocr_par' dir='ltr' id='par_1_107' title="bbox 2188 4388 3768 4477">
     <span class='ocr_line' id='line_1_107' title="bbox 2188 4388 3768 4477; baseline 0.013 -36"><span class='ocrx_word' id='word_1_830' title='bbox 2188 4388 2315 4444; x_wconf 89' lang='lat' dir='ltr'><strong>liam</strong></span> <span class='ocrx_word' id='word_1_831' title='bbox 2346 4405 2471 4445; x_wconf 90' lang='lat' dir='ltr'><strong>vero</strong></span> <span class='ocrx_word' id='word_1_832' title='bbox 2494 4400 2693 4449; x_wconf 89' lang='lat' dir='ltr'><strong>temere</strong></span> <span class='ocrx_word' id='word_1_833' title='bbox 2722 4395 2937 4461; x_wconf 88' lang='lat' dir='ltr'><strong>inferre,</strong></span> <span class='ocrx_word' id='word_1_834' title='bbox 2966 4398 3242 4454; x_wconf 66' lang='lat' dir='ltr'><strong>daemonis.</strong></span> <span class='ocrx_word' id='word_1_835' title='bbox 3280 4401 3467 4459; x_wconf 81' lang='lat' dir='ltr'><strong>Videte</strong></span> <span class='ocrx_word' id='word_1_836' title='bbox 3493 4405 3627 4461; x_wconf 92' lang='lat' dir='ltr'><strong>duas</strong></span> <span class='ocrx_word' id='word_1_837' title='bbox 3652 4423 3768 4477; x_wconf 87' lang='lat' dir='ltr'><strong>par-</strong></span> 
     </span>
    </p>
   </div>
   <div class='ocr_carea' id='block_1_108' title="bbox 2192 4479 3770 4561">
    <p class='ocr_par' dir='ltr' id='par_1_108' title="bbox 2192 4479 3770 4561">
     <span class='ocr_line' id='line_1_108' title="bbox 2192 4479 3770 4561; baseline 0.013 -29"><span class='ocrx_word' id='word_1_838' title='bbox 2192 4487 2289 4533; x_wconf 91' lang='lat' dir='ltr'><strong>tes.</strong></span> <span class='ocrx_word' id='word_1_839' title='bbox 2324 4479 2642 4536; x_wconf 80' lang='lat' dir='ltr'><strong>Dcemonium</strong></span> <span class='ocrx_word' id='word_1_840' title='bbox 2665 4484 2816 4540; x_wconf 77' lang='lat' dir='ltr'><strong>habes</strong></span> <span class='ocrx_word' id='word_1_841' title='bbox 2838 4487 3019 4555; x_wconf 87' lang='lat' dir='ltr'><strong>(Joan.</strong></span> <span class='ocrx_word' id='word_1_842' title='bbox 3046 4490 3097 4543; x_wconf 91' lang='lat'><strong>7.</strong></span> <span class='ocrx_word' id='word_1_843' title='bbox 3122 4490 3236 4561; x_wconf 73' lang='lat'><strong>20),</strong></span> <span class='ocrx_word' id='word_1_844' title='bbox 3263 4493 3465 4548; x_wconf 85' lang='lat' dir='ltr'><strong>audivit</strong></span> <span class='ocrx_word' id='word_1_845' title='bbox 3485 4496 3770 4554; x_wconf 90' lang='lat' dir='ltr'><strong>Christus:</strong></span> 
     </span>
    </p>
   </div>
   <div class='ocr_carea' id='block_1_109' title="bbox 2187 4570 3770 4659">
    <p class='ocr_par' dir='ltr' id='par_1_109' title="bbox 2187 4570 3770 4659">
     <span class='ocr_line' id='line_1_109' title="bbox 2187 4570 3770 4659; baseline 0.013 -37"><span class='ocrx_word' id='word_1_846' title='bbox 2187 4570 2339 4639; x_wconf 84' lang='lat' dir='ltr'><strong>alapa</strong></span> <span class='ocrx_word' id='word_1_847' title='bbox 2366 4585 2534 4627; x_wconf 75' lang='lat' dir='ltr'><strong>czesus</strong></span> <span class='ocrx_word' id='word_1_848' title='bbox 2588 4585 2671 4629; x_wconf 91' lang='lat' dir='ltr'><strong>est</strong></span> <span class='ocrx_word' id='word_1_849' title='bbox 2713 4592 2744 4631; x_wconf 92' lang='lat' dir='ltr'><strong>a</strong></span> <span class='ocrx_word' id='word_1_850' title='bbox 2790 4592 2947 4633; x_wconf 84' lang='lat' dir='ltr'><strong>servo</strong></span> <span class='ocrx_word' id='word_1_851' title='bbox 2974 4581 3229 4650; x_wconf 87' lang='lat' dir='ltr'><strong>principis</strong></span> <span class='ocrx_word' id='word_1_852' title='bbox 3260 4585 3599 4641; x_wconf 88' lang='lat' dir='ltr'><strong>sacerdotum</strong></span> <span class='ocrx_word' id='word_1_853' title='bbox 3633 4589 3651 4659; x_wconf 96' lang='lat'>(</span> <span class='ocrx_word' id='word_1_854' title='bbox 3685 4588 3770 4644; x_wconf 84' lang='lat' dir='ltr'><strong>Id.</strong></span> 
     </span>
    </p>
   </div>
   <div class='ocr_carea' id='block_1_110' title="bbox 2188 4661 3771 4745">
    <p class='ocr_par' dir='ltr' id='par_1_110' title="bbox 2188 4661 3771 4745">
     <span class='ocr_line' id='line_1_110' title="bbox 2188 4661 3771 4745; baseline 0.012 -30"><span class='ocrx_word' id='word_1_855' title='bbox 2188 4661 2275 4716; x_wconf 85' lang='grc'><strong>18.</strong></span> <span class='ocrx_word' id='word_1_856' title='bbox 2304 4661 2421 4731; x_wconf 71' lang='lat'><strong>22).</strong></span> <span class='ocrx_word' id='word_1_857' title='bbox 2450 4663 2631 4735; x_wconf 89' lang='lat' dir='ltr'><strong>itaque</strong></span> <span class='ocrx_word' id='word_1_858' title='bbox 2660 4669 2750 4736; x_wconf 90' lang='lat' dir='ltr'><strong>qui</strong></span> <span class='ocrx_word' id='word_1_859' title='bbox 2781 4672 3102 4725; x_wconf 89' lang='lat' dir='ltr'><strong>contumelia</strong></span> <span class='ocrx_word' id='word_1_860' title='bbox 3132 4673 3326 4742; x_wconf 88' lang='lat' dir='ltr'><strong>injuste</strong></span> <span class='ocrx_word' id='word_1_861' title='bbox 3355 4676 3616 4745; x_wconf 85' lang='lat' dir='ltr'><strong>afﬁciunt,</strong></span> <span class='ocrx_word' id='word_1_862' title='bbox 3652 4696 3771 4735; x_wconf 90' lang='lat' dir='ltr'><strong>cum</strong></span> 
     </span>
    </p>
   </div>
   <div class='ocr_carea' id='block_1_111' title="bbox 2187 4753 3774 4825">
    <p class='ocr_par' dir='ltr' id='par_1_111' title="bbox 2187 4753 3774 4825">
     <span class='ocr_line' id='line_1_111' title="bbox 2187 4753 3774 4825; baseline 0.011 -18"><span class='ocrx_word' id='word_1_863' title='bbox 2187 4753 2292 4807; x_wconf 89' lang='lat' dir='ltr'><strong>illis</strong></span> <span class='ocrx_word' id='word_1_864' title='bbox 2331 4763 2515 4808; x_wconf 89' lang='lat' dir='ltr'><strong>stant:</strong></span> <span class='ocrx_word' id='word_1_865' title='bbox 2558 4758 2769 4812; x_wconf 90' lang='lat' dir='ltr'><strong>merito.</strong></span> <span class='ocrx_word' id='word_1_866' title='bbox 2812 4759 2945 4815; x_wconf 88' lang='lat' dir='ltr'><strong>Nam</strong></span> <span class='ocrx_word' id='word_1_867' title='bbox 2977 4761 3020 4815; x_wconf 90' lang='lat' dir='ltr'><strong>si</strong></span> <span class='ocrx_word' id='word_1_868' title='bbox 3071 4763 3259 4818; x_wconf 82' lang='lat' dir='ltr'><strong>Petrus</strong></span> <span class='ocrx_word' id='word_1_869' title='bbox 3307 4775 3522 4823; x_wconf 88' lang='lat' dir='ltr'><strong>satanas</strong></span> <span class='ocrx_word' id='word_1_870' title='bbox 3572 4770 3774 4825; x_wconf 90' lang='lat' dir='ltr'><strong>audivit</strong></span> 
     </span>
    </p>
   </div>
   <div class='ocr_carea' id='block_1_112' title="bbox 2187 4841 3773 4927">
    <p class='ocr_par' dir='ltr' id='par_1_112' title="bbox 2187 4841 3773 4927">
     <span class='ocr_line' id='line_1_112' title="bbox 2187 4841 3773 4927; baseline 0.014 -33"><span class='ocrx_word' id='word_1_871' title='bbox 2187 4841 2378 4913; x_wconf 80' lang='lat' dir='ltr'><strong>(Marc.</strong></span> <span class='ocrx_word' id='word_1_872' title='bbox 2409 4846 2460 4899; x_wconf 90' lang='lat'><strong>8.</strong></span> <span class='ocrx_word' id='word_1_873' title='bbox 2490 4845 2601 4915; x_wconf 82' lang='grc'><strong>55),</strong></span> <span class='ocrx_word' id='word_1_874' title='bbox 2635 4848 2703 4901; x_wconf 88' lang='lat' dir='ltr'><strong>ob</strong></span> <span class='ocrx_word' id='word_1_875' title='bbox 2732 4866 2891 4904; x_wconf 89' lang='lat' dir='ltr'><strong>unum</strong></span> <span class='ocrx_word' id='word_1_876' title='bbox 2919 4852 3119 4908; x_wconf 87' lang='lat' dir='ltr'><strong>dictum</strong></span> <span class='ocrx_word' id='word_1_877' title='bbox 3142 4896 3156 4917; x_wconf 91' lang='lat'><strong>,</strong></span> <span class='ocrx_word' id='word_1_878' title='bbox 3189 4857 3357 4911; x_wconf 90' lang='lat' dir='ltr'><strong>multo</strong></span> <span class='ocrx_word' id='word_1_879' title='bbox 3383 4860 3551 4927; x_wconf 83' lang='lat' dir='ltr'><strong>magis</strong></span> <span class='ocrx_word' id='word_1_880' title='bbox 3583 4861 3635 4915; x_wconf 91' lang='lat' dir='ltr'><strong>hi</strong></span> <span class='ocrx_word' id='word_1_881' title='bbox 3674 4862 3773 4916; x_wconf 81' lang='lat' dir='ltr'><strong>Ju-</strong></span> 
     </span>
    </p>
   </div>
   <div class='ocr_carea' id='block_1_113' title="bbox 2184 4932 3772 5013">
    <p class='ocr_par' dir='ltr' id='par_1_113' title="bbox 2184 4932 3772 5013">
     <span class='ocr_line' id='line_1_113' title="bbox 2184 4932 3772 5013; baseline 0.014 -27"><span class='ocrx_word' id='word_1_882' title='bbox 2184 4932 2284 4987; x_wconf 76' lang='lat' dir='ltr'><strong>dzci</strong></span> <span class='ocrx_word' id='word_1_883' title='bbox 2318 4934 2571 5000; x_wconf 91' lang='lat' dir='ltr'><strong>audient,</strong></span> <span class='ocrx_word' id='word_1_884' title='bbox 2612 4952 2734 4993; x_wconf 90' lang='lat' dir='ltr'><strong>cum</strong></span> <span class='ocrx_word' id='word_1_885' title='bbox 2761 4940 3065 4999; x_wconf 81' lang='lat' dir='ltr'><strong>Judaeorum</strong></span> <span class='ocrx_word' id='word_1_886' title='bbox 3092 4954 3207 4999; x_wconf 90' lang='lat' dir='ltr'><strong>acta</strong></span> <span class='ocrx_word' id='word_1_887' title='bbox 3240 4946 3461 5013; x_wconf 90' lang='lat' dir='ltr'><strong>facient,</strong></span> <span class='ocrx_word' id='word_1_888' title='bbox 3508 4960 3566 5004; x_wconf 91' lang='lat' dir='ltr'><strong>ut</strong></span> <span class='ocrx_word' id='word_1_889' title='bbox 3603 4963 3656 5007; x_wconf 91' lang='lat' dir='ltr'><strong>et</strong></span> <span class='ocrx_word' id='word_1_890' title='bbox 3697 4953 3772 5008; x_wconf 92' lang='lat' dir='ltr'><strong>illi</strong></span> 
     </span>
    </p>
   </div>
   <div class='ocr_carea' id='block_1_114' title="bbox 2181 5025 3772 5109">
    <p class='ocr_par' dir='ltr' id='par_1_114' title="bbox 2181 5025 3772 5109">
     <span class='ocr_line' id='line_1_114' title="bbox 2181 5025 3772 5109; baseline 0.013 -29"><span class='ocrx_word' id='word_1_891' title='bbox 2181 5025 2379 5082; x_wconf 88' lang='lat' dir='ltr'><strong>diaboli</strong></span> <span class='ocrx_word' id='word_1_892' title='bbox 2412 5029 2502 5083; x_wconf 87' lang='lat' dir='ltr'><strong>filii</strong></span> <span class='ocrx_word' id='word_1_893' title='bbox 2522 5030 2799 5089; x_wconf 88' lang='lat' dir='ltr'><strong>audierunt</strong></span> <span class='ocrx_word' id='word_1_894' title='bbox 2827 5033 3004 5103; x_wconf 78' lang='lat' dir='ltr'><strong>(Joan.</strong></span> <span class='ocrx_word' id='word_1_895' title='bbox 3028 5036 3082 5092; x_wconf 92' lang='lat'><strong>8.</strong></span> <span class='ocrx_word' id='word_1_896' title='bbox 3113 5039 3229 5107; x_wconf 69' lang='grc'><strong>44),</strong></span> <span class='ocrx_word' id='word_1_897' title='bbox 3259 5041 3384 5109; x_wconf 87' lang='lat' dir='ltr'><strong>quia</strong></span> <span class='ocrx_word' id='word_1_898' title='bbox 3406 5041 3671 5099; x_wconf 89' lang='lat' dir='ltr'><strong>diabolica</strong></span> <span class='ocrx_word' id='word_1_899' title='bbox 3697 5045 3772 5100; x_wconf 86' lang='lat' dir='ltr'><strong>fa-</strong></span> 
     </span>
    </p>
   </div>
   <div class='ocr_carea' id='block_1_115' title="bbox 2181 5117 3770 5199">
    <p class='ocr_par' dir='ltr' id='par_1_115' title="bbox 2181 5117 3770 5199">
     <span class='ocr_line' id='line_1_115' title="bbox 2181 5117 3770 5199; baseline 0.013 -28"><span class='ocrx_word' id='word_1_900' title='bbox 2181 5117 2413 5173; x_wconf 87' lang='lat' dir='ltr'><strong>ciebant.</strong></span> <span class='ocrx_word' id='word_1_901' title='bbox 2447 5118 2781 5178; x_wconf 88' lang='lat' dir='ltr'><strong>Contumelia</strong></span> <span class='ocrx_word' id='word_1_902' title='bbox 2812 5125 2982 5181; x_wconf 90' lang='lat' dir='ltr'><strong>afﬁcis</strong></span> <span class='ocrx_word' id='word_1_903' title='bbox 3002 5170 3017 5193; x_wconf 90' lang='lat'><strong>,</strong></span> <span class='ocrx_word' id='word_1_904' title='bbox 3058 5130 3177 5198; x_wconf 91' lang='lat' dir='ltr'><strong>quis</strong></span> <span class='ocrx_word' id='word_1_905' title='bbox 3204 5146 3324 5186; x_wconf 89' lang='lat' dir='ltr'><strong>cum</strong></span> <span class='ocrx_word' id='word_1_906' title='bbox 3363 5134 3458 5199; x_wconf 88' lang='lat' dir='ltr'><strong>sis,</strong></span> <span class='ocrx_word' id='word_1_907' title='bbox 3487 5135 3575 5191; x_wconf 91' lang='lat' dir='ltr'><strong>dic</strong></span> <span class='ocrx_word' id='word_1_908' title='bbox 3605 5138 3770 5192; x_wconf 83' lang='lat' dir='ltr'><strong>mihi?</strong></span> 
     </span>
    </p>
   </div>
   <div class='ocr_carea' id='block_1_116' title="bbox 2182 5208 3769 5293">
    <p class='ocr_par' dir='ltr' id='par_1_116' title="bbox 2182 5208 3769 5293">
     <span class='ocr_line' id='line_1_116' title="bbox 2182 5208 3769 5293; baseline 0.016 -33"><span class='ocrx_word' id='word_1_909' title='bbox 2182 5208 2293 5263; x_wconf 92' lang='lat' dir='ltr'><strong>lmo</strong></span> <span class='ocrx_word' id='word_1_910' title='bbox 2316 5221 2594 5280; x_wconf 83' lang='lat' dir='ltr'><strong>propterea</strong></span> <span class='ocrx_word' id='word_1_911' title='bbox 2617 5218 2933 5273; x_wconf 90' lang='lat' dir='ltr'><strong>contumelia</strong></span> <span class='ocrx_word' id='word_1_912' title='bbox 2956 5221 3145 5289; x_wconf 80' lang='lat' dir='ltr'><strong>allicis,</strong></span> <span class='ocrx_word' id='word_1_913' title='bbox 3168 5225 3291 5293; x_wconf 89' lang='lat' dir='ltr'><strong>quia</strong></span> <span class='ocrx_word' id='word_1_914' title='bbox 3310 5226 3441 5281; x_wconf 90' lang='lat' dir='ltr'><strong>nihil</strong></span> <span class='ocrx_word' id='word_1_915' title='bbox 3463 5242 3522 5284; x_wconf 90' lang='lat' dir='ltr'><strong>es</strong></span> <span class='ocrx_word' id='word_1_916' title='bbox 3548 5246 3561 5282; x_wconf 89' lang='lat'><strong>:</strong></span> <span class='ocrx_word' id='word_1_917' title='bbox 3590 5232 3769 5285; x_wconf 88' lang='lat' dir='ltr'><strong>nullus</strong></span> 
     </span>
    </p>
   </div>
   <div class='ocr_carea' id='block_1_117' title="bbox 2182 5301 3763 5389">
    <p class='ocr_par' dir='ltr' id='par_1_117' title="bbox 2182 5301 3763 5389">
     <span class='ocr_line' id='line_1_117' title="bbox 2182 5301 3763 5389; baseline 0.014 -36"><span class='ocrx_word' id='word_1_918' title='bbox 2182 5301 2321 5354; x_wconf 89' lang='lat' dir='ltr'><strong>enim</strong></span> <span class='ocrx_word' id='word_1_919' title='bbox 2364 5304 2451 5372; x_wconf 91' lang='lat' dir='ltr'><strong>qui</strong></span> <span class='ocrx_word' id='word_1_920' title='bbox 2497 5304 2659 5361; x_wconf 88' lang='lat' dir='ltr'><strong>homo</strong></span> <span class='ocrx_word' id='word_1_921' title='bbox 2706 5308 2809 5375; x_wconf 91' lang='lat' dir='ltr'><strong>sit,</strong></span> <span class='ocrx_word' id='word_1_922' title='bbox 2862 5314 3184 5369; x_wconf 90' lang='lat' dir='ltr'><strong>contumelia</strong></span> <span class='ocrx_word' id='word_1_923' title='bbox 3215 5316 3400 5373; x_wconf 87' lang='lat' dir='ltr'><strong>afﬁcit.</strong></span> <span class='ocrx_word' id='word_1_924' title='bbox 3444 5321 3621 5389; x_wconf 86' lang='lat' dir='ltr'><strong>Atque</strong></span> <span class='ocrx_word' id='word_1_925' title='bbox 3658 5322 3763 5388; x_wconf 88' lang='lat' dir='ltr'><strong>ita,</strong></span> 
     </span>
    </p>
   </div>
   <div class='ocr_carea' id='block_1_118' title="bbox 2179 5392 3763 5481">
    <p class='ocr_par' dir='ltr' id='par_1_118' title="bbox 2179 5392 3763 5481">
     <span class='ocr_line' id='line_1_118' title="bbox 2179 5392 3763 5481; baseline 0.015 -37"><span class='ocrx_word' id='word_1_926' title='bbox 2179 5392 2319 5460; x_wconf 89' lang='lat' dir='ltr'><strong>quod</strong></span> <span class='ocrx_word' id='word_1_927' title='bbox 2345 5394 2396 5447; x_wconf 94' lang='lat' dir='ltr'><strong>in</strong></span> <span class='ocrx_word' id='word_1_928' title='bbox 2430 5398 2619 5467; x_wconf 87' lang='lat' dir='ltr'><strong>pugnis</strong></span> <span class='ocrx_word' id='word_1_929' title='bbox 2647 5398 2862 5467; x_wconf 90' lang='lat' dir='ltr'><strong>dicitur,</strong></span> <span class='ocrx_word' id='word_1_930' title='bbox 2894 5402 2971 5456; x_wconf 89' lang='lat' dir='ltr'><strong>Tu</strong></span> <span class='ocrx_word' id='word_1_931' title='bbox 2992 5404 3110 5473; x_wconf 87' lang='lat' dir='ltr'><strong>quis</strong></span> <span class='ocrx_word' id='word_1_932' title='bbox 3133 5408 3230 5460; x_wconf 90' lang='lat' dir='ltr'><strong>es?</strong></span> <span class='ocrx_word' id='word_1_933' title='bbox 3260 5422 3322 5462; x_wconf 80' lang='lat' dir='ltr'><strong>ex</strong></span> <span class='ocrx_word' id='word_1_934' title='bbox 3345 5409 3575 5466; x_wconf 86' lang='lat' dir='ltr'><strong>adverso</strong></span> <span class='ocrx_word' id='word_1_935' title='bbox 3602 5427 3763 5481; x_wconf 89' lang='lat' dir='ltr'><strong>opor-</strong></span> 
     </span>
    </p>
   </div>
   <div class='ocr_carea' id='block_1_119' title="bbox 2182 5482 3761 5565">
    <p class='ocr_par' dir='ltr' id='par_1_119' title="bbox 2182 5482 3761 5565">
     <span class='ocr_line' id='line_1_119' title="bbox 2182 5482 3761 5565; baseline 0.015 -31"><span class='ocrx_word' id='word_1_936' title='bbox 2182 5482 2323 5537; x_wconf 87' lang='lat' dir='ltr'><strong>tebat</strong></span> <span class='ocrx_word' id='word_1_937' title='bbox 2343 5485 2444 5540; x_wconf 90' lang='lat' dir='ltr'><strong>dici</strong></span> <span class='ocrx_word' id='word_1_938' title='bbox 2468 5506 2481 5541; x_wconf 89' lang='lat'><strong>:</strong></span> <span class='ocrx_word' id='word_1_939' title='bbox 2514 5489 2659 5542; x_wconf 85' lang='lat' dir='ltr'><strong>verbi</strong></span> <span class='ocrx_word' id='word_1_940' title='bbox 2682 5492 2869 5559; x_wconf 86' lang='lat' dir='ltr'><strong>gratia.</strong></span> <span class='ocrx_word' id='word_1_941' title='bbox 2897 5492 3230 5551; x_wconf 88' lang='lat' dir='ltr'><strong>Contumelia</strong></span> <span class='ocrx_word' id='word_1_942' title='bbox 3251 5499 3428 5565; x_wconf 86' lang='lat' dir='ltr'><strong>afﬁce,</strong></span> <span class='ocrx_word' id='word_1_943' title='bbox 3458 5501 3594 5555; x_wconf 89' lang='lat' dir='ltr'><strong>nihil</strong></span> <span class='ocrx_word' id='word_1_944' title='bbox 3620 5503 3761 5557; x_wconf 88' lang='lat' dir='ltr'><strong>enim</strong></span> 
     </span>
    </p>
   </div>
   <div class='ocr_carea' id='block_1_120' title="bbox 2176 5582 3761 5663">
    <p class='ocr_par' dir='ltr' id='par_1_120' title="bbox 2176 5582 3761 5663">
     <span class='ocr_line' id='line_1_120' title="bbox 2176 5582 3761 5663; baseline 0.015 -38"><span class='ocrx_word' id='word_1_945' title='bbox 2176 5586 2235 5627; x_wconf 89' lang='lat' dir='ltr'><strong>es</strong></span> <span class='ocrx_word' id='word_1_946' title='bbox 2260 5591 2272 5626; x_wconf 90' lang='lat'><strong>:</strong></span> <span class='ocrx_word' id='word_1_947' title='bbox 2303 5591 2440 5633; x_wconf 90' lang='lat' dir='ltr'><strong>nunc</strong></span> <span class='ocrx_word' id='word_1_948' title='bbox 2468 5588 2645 5636; x_wconf 91' lang='lat' dir='ltr'><strong>autem</strong></span> <span class='ocrx_word' id='word_1_949' title='bbox 2675 5582 2977 5641; x_wconf 88' lang='lat' dir='ltr'><strong>dicentibus</strong></span> <span class='ocrx_word' id='word_1_950' title='bbox 3004 5588 3178 5654; x_wconf 86' lang='lat' dir='ltr'><strong>nobis,</strong></span> <span class='ocrx_word' id='word_1_951' title='bbox 3208 5590 3337 5658; x_wconf 87' lang='lat' dir='ltr'><strong>Quis</strong></span> <span class='ocrx_word' id='word_1_952' title='bbox 3363 5608 3423 5648; x_wconf 89' lang='lat' dir='ltr'><strong>cs</strong></span> <span class='ocrx_word' id='word_1_953' title='bbox 3447 5602 3500 5647; x_wconf 92' lang='lat' dir='ltr'><strong>tu</strong></span> <span class='ocrx_word' id='word_1_954' title='bbox 3522 5596 3610 5663; x_wconf 90' lang='lat' dir='ltr'><strong>qui</strong></span> <span class='ocrx_word' id='word_1_955' title='bbox 3632 5609 3761 5648; x_wconf 84' lang='lat' dir='ltr'><strong>con-</strong></span> 
     </span>
    </p>
   </div>
   <div class='ocr_carea' id='block_1_121' title="bbox 2178 5668 3757 5758">
    <p class='ocr_par' dir='ltr' id='par_1_121' title="bbox 2178 5668 3757 5758">
     <span class='ocr_line' id='line_1_121' title="bbox 2178 5668 3757 5758; baseline 0.015 -40"><span class='ocrx_word' id='word_1_956' title='bbox 2178 5668 2393 5722; x_wconf 86' lang='lat' dir='ltr'><strong>tumelia</strong></span> <span class='ocrx_word' id='word_1_957' title='bbox 2425 5672 2626 5728; x_wconf 88' lang='lat' dir='ltr'><strong>aflicis?</strong></span> <span class='ocrx_word' id='word_1_958' title='bbox 2672 5674 2748 5730; x_wconf 86' lang='lat' dir='ltr'><strong>Te</strong></span> <span class='ocrx_word' id='word_1_959' title='bbox 2786 5678 2995 5747; x_wconf 78' lang='lat' dir='ltr'><strong>melior,</strong></span> <span class='ocrx_word' id='word_1_960' title='bbox 3038 5680 3316 5741; x_wconf 84' lang='lat' dir='ltr'><strong>audiemus</strong></span> <span class='ocrx_word' id='word_1_961' title='bbox 3358 5686 3558 5757; x_wconf 88' lang='lat' dir='ltr'><strong>utique.</strong></span> <span class='ocrx_word' id='word_1_962' title='bbox 3598 5686 3757 5758; x_wconf 82' lang='lat' dir='ltr'><strong>Atqui</strong></span> 
     </span>
    </p>
   </div>
  </div>
