4036 6212
300 273 400 326 iii

297 380 629 435 contrarium
655 376 760 432 dici
790 373 1102 444 oportebat;
1142 371 1235 426 sed
1265 372 1386 441 quia
1419 385 1516 426 nos
1541 371 1681 425 male
1708 371 1876 426 inter-

298 490 584 545 rogamus,
626 472 747 528 ideo
788 472 861 526 illi
898 470 1039 525 male
1081 466 1445 539 respondent:
1479 466 1659 534 itaque
1701 477 1797 516 nos
1826 462 1880 516 in

294 580 463 620 causa
495 578 703 620 sumus.
731 564 808 617 Ac
834 562 878 615 si
900 562 1041 614 enim
1071 560 1148 614 illi
1172 555 1545 614 contumeliosi
1566 556 1742 624 magni
1767 552 1884 623 qui-

298 658 427 711 dam
458 657 557 709 viri
578 664 779 720 essent,
810 654 880 708 ita
909 652 1176 723 loquimur
1200 670 1213 705 :
1238 650 1368 717 Quis
1394 647 1584 719 estqui
1607 655 1884 702 contume-

298 748 429 803 liam
476 747 705 803 inferas?
746 747 871 802 ideo
910 746 984 800 illi
1032 744 1109 800 sic
1160 743 1502 813 respondent.
1550 740 1884 797 Contrarium

301 856 439 894 vero
469 840 753 910 oportebat
774 838 993 893 dicere:
1024 835 1357 891 Contumelia
1378 834 1583 889 aflicis?
1610 840 1887 887 contume-

302 934 373 986 lia
402 931 595 996 aflice;
628 930 808 984 nullus
833 930 975 985 enim
1010 943 1090 983 es.
1122 927 1203 982 Ad
1235 926 1355 980 illos
1385 940 1531 989 vero,
1575 924 1664 994 qui
1694 932 1884 977 contu-

305 1024 466 1077 melia
494 1038 603 1076 non
631 1021 899 1086 afﬁciunt,
930 1020 1106 1090 potius
1132 1018 1416 1074 dicendum
1455 1025 1570 1072 erat
1596 1034 1611 1070 :
1642 1016 1770 1083 Quis
1792 1030 1849 1070 es
1868 1056 1884 1081 ,

302 1118 392 1187 qui
425 1115 752 1170 contumelia
783 1129 887 1168 non
910 1111 1116 1168 amcis?
1148 1113 1430 1165 humanam
1452 1116 1692 1164 naturam
1715 1116 1887 1161 trans-

304 1210 560 1265 cendisti.
611 1209 724 1263 lloc
762 1207 1013 1262 nobilitas
1057 1213 1169 1270 est,
1216 1203 1351 1259 nihil
1392 1200 1653 1258 illiberale
1706 1200 1887 1271 loqui,

303 1302 518 1359 etiamsi
562 1302 681 1371 quis
710 1299 896 1353 audire
924 1298 995 1352 sit
1021 1296 1235 1367 dignus.
1280 1295 1373 1349 Dic
1398 1308 1529 1349 vero
1564 1291 1695 1347 mihi
1715 1332 1730 1357 ,
1761 1298 1892 1361 quot

302 1411 413 1449 non
436 1403 563 1448 sunt
584 1392 726 1463 digni
750 1400 807 1446 ut
830 1390 1173 1446 occidantur?
1200 1403 1373 1458 neque
1396 1397 1569 1442 tamen
1595 1401 1690 1456 per
1709 1400 1770 1441 se
1790 1384 1893 1440 hoc

302 1487 470 1555 iudex
502 1485 644 1548 facit,
666 1482 761 1538 sed
784 1483 1097 1551 interrogat,
1126 1495 1298 1550 neque
1322 1494 1415 1548 per
1436 1479 1690 1548 seipsum.
1714 1476 1772 1531 Si
1790 1491 1891 1531 au-

306 1587 419 1632 tem
450 1576 647 1629 homini
680 1574 922 1643 improbo
939 1572 1101 1642 iudex
1125 1587 1228 1625 non
1249 1571 1497 1641 dignatur
1519 1584 1615 1638 per
1637 1584 1697 1624 se
1724 1568 1889 1639 loqui,

311 1669 409 1722 sed
437 1668 611 1723 medio
644 1667 892 1737 quapiam
923 1666 1106 1729 utitur,
1150 1665 1317 1718 multo
1344 1663 1510 1733 magis
1541 1676 1638 1717 nos
1682 1668 1895 1731 oportet

313 1775 476 1829 pares
500 1774 601 1812 non
622 1758 943 1812 contumelia
965 1756 1178 1810 aflicere
1202 1772 1215 1808 ε
1247 1769 1350 1809 non
1372 1753 1514 1809 enim
1538 1753 1609 1807 ita
1634 1752 1739 1807 illis
1759 1766 1895 1824 prte-

311 1849 548 1920 ponendi
574 1849 809 1912 erimus,
840 1848 884 1902 si
919 1847 1037 1901 illos
1074 1845 1394 1900 contumelia
1423 1843 1736 1906 afﬁciamus,
1764 1852 1821 1896 ut
1847 1842 1892 1896 si

306 1943 626 2004 doceamur,
671 1940 812 2010 quod
854 1955 953 1995 nos
999 1940 1146 2008 ipsos
1182 1938 1501 1992 contumelia
1537 1937 1892 1991 all'ecerimus.

307 2033 479 2088 Malos
504 2049 631 2104 ergo
662 2032 781 2087 ideo
806 2030 1127 2085 contumelia
1157 2029 1372 2083 aflieere
1396 2044 1501 2081 non
1534 2036 1766 2097 Oportet,
1800 2026 1895 2081 bo—

309 2142 412 2179 nos
438 2135 618 2179 autem
644 2124 746 2177 alia
778 2139 988 2192 quoque
1013 2121 1079 2175 de
1100 2135 1281 2185 causa,
1312 2119 1451 2189 quod
1478 2135 1584 2173 non
1613 2127 1892 2173 contume—

309 2218 379 2271 lia
410 2216 559 2285 digni
591 2217 727 2276 sint;
762 2214 917 2268 tertio
942 2221 1121 2267 autem
1160 2212 1279 2281 quia
1306 2210 1748 2267 contumeliosum
1776 2225 1897 2265 esse

309 2329 417 2365 non
438 2319 672 2379 Oportet.
701 2308 847 2363 Nunc
867 2319 1042 2363 autem
1062 2306 1181 2362 vide
1203 2316 1401 2377 quanta
1425 2306 1553 2359 liant
1578 2323 1591 2358 :
1621 2314 1898 2360 contume-

312 2405 379 2456 lia
407 2413 463 2456 et
491 2402 693 2455 damno
719 2400 949 2453 aflicitur
978 2398 1171 2465 homo,
1202 2413 1407 2452 necnon
1438 2396 1483 2451 is
1510 2398 1597 2465 qui
1631 2395 1810 2460 laedit,
1842 2401 1899 2449 et

309 2505 666 2564 spectatores.
700 2493 835 2562 Quid
864 2493 1030 2562 ergo?
1060 2508 1182 2545 num
1230 2491 1368 2545 feras
1394 2490 1446 2543 in
1474 2488 1708 2544 medium
1739 2502 1896 2543 acce-

311 2590 442 2641 dere
470 2595 723 2655 oportet,
770 2594 824 2638 ct
866 2601 975 2638 rem
1028 2581 1355 2637 diswlvere?
1402 2581 1502 2634 hoc
1531 2580 1672 2634 enim
1712 2588 1894 2633 restat.

312 2680 446 2734 Cum
474 2680 619 2733 enim
650 2676 891 2731 homines
912 2685 1036 2731 sunt
1059 2677 1114 2740 ii,
1135 2675 1223 2746 qui
1249 2675 1299 2729 in
1324 2673 1605 2745 iniquitate
1624 2672 1897 2729 delectan-

314 2783 423 2838 tur,
483 2771 609 2825 feris
648 2770 1005 2825 reconciliatio
1052 2781 1404 2824 reservatur:
1448 2767 1898 2838 quemadmodum

1258 257 1326 314 1N
1366 259 1542 313 ACTA
1584 250 2100 313 APOSTOIDRUM.
2143 251 2368 306 ΙΙΟΜΙΙ..
2414 253 2504 309 XL

3460 272 3567 320 282

1987 366 2274 421 concilient
2300 367 2317 434 (
2339 367 2438 421 hoc
2469 368 2610 421 enim
2640 376 2825 421 natura
2859 368 2932 422 rei
2959 368 3161 439 exigit,
3194 368 3401 424 etiamsi
3429 369 3564 425 forte

1984 459 2084 515 hac
2114 461 2320 514 ratione
2347 476 2448 513 non
2476 461 2587 529 liat)
2612 479 2623 513 :
2654 464 2730 516 sic
2754 472 2807 515 ct
2834 462 2934 516 hoc
2957 478 3107 526 casu,
3135 462 3466 518 Contumelia
3490 466 3566 516 af—

1985 551 2136 607 ﬁcis?
2168 563 2221 607 et
2242 553 2366 622 jure
2396 554 2641 623 quidem;
2674 570 2777 608 non
2808 556 2949 610 enim
2989 556 3150 610 homo
3183 574 3259 611 es.
3304 558 3426 613 Ideo
3454 573 3566 612 ma.

1984 660 2145 715 gnum
2172 647 2441 716 quidpiam
2483 662 2603 702 esse
2629 648 2739 701 visa
2769 657 2852 702 est
2881 650 3201 704 contumelia
3224 692 3239 716 ,
3273 660 3327 704 et
3355 651 3562 721 magnis

1984 751 2315 807 congruere:
2345 739 2513 794 servis
2544 749 2719 794 autem
2745 742 2913 809 magis
2937 744 3211 810 competit,
3248 751 3303 796 ut
3327 742 3463 799 bene
3490 744 3569 797 lo-

1986 829 2075 897 qui
2099 830 2296 883 liberos
2321 829 2497 885 decet.
2526 831 2676 885 Sicut
2695 831 2837 885 enim
2861 833 2997 886 male
3021 832 3193 887 facere
3214 833 3279 887 ad
3306 834 3423 887 illos
3447 849 3568 904 per-

1990 922 2155 982 tinet,
2191 921 2267 974 sic
2297 920 2362 975 ad
2394 922 2491 975 hos
2532 923 2671 976 mala
2715 924 2842 991 pati.
2878 924 3116 992 Exempli
3144 940 3332 987 causa,
3377 923 3568 978 ancilla

1991 1013 2188 1081 raptrix
2216 1021 2318 1076 est,
2342 1028 2459 1082 qua:
2488 1028 2572 1068 res
2594 1014 2796 1067 domini
2822 1014 3013 1083 raptim
3038 1016 3265 1084 subripit
3291 1034 3304 1069 :
3340 1016 3460 1068 talis
3481 1026 3566 1068 est

1988 1111 2043 1156 et
2066 1103 2423 1158 contumelia:
2452 1112 2506 1158 et
2545 1112 2602 1158 ut
2627 1105 2745 1174 quis
2771 1105 2964 1160 dixerit
2984 1147 2997 1168 ,
3032 1105 3113 1159 fur
3148 1106 3417 1175 ingressus
3446 1115 3561 1159 stu-

1988 1193 2138 1249 diose
2162 1194 2356 1264 ubiqne
2384 1194 2672 1262 observat,
2699 1197 2895 1267 aliquid
2919 1197 3127 1252 auferre
3152 1212 3343 1251 curans
3368 1217 3381 1252 :
3408 1197 3488 1252 sic
3512 1206 3568 1252 et

1991 1285 2092 1340 iste
2120 1286 2297 1339 omnia
2323 1287 2719 1357 circumspicit,
2747 1296 2804 1342 ut
2830 1288 3029 1357 aliquid
3058 1289 3267 1357 eripiat.
3293 1289 3411 1344 Alio
3438 1288 3575 1343 forte

1991 1376 2237 1445 exemplo
2278 1390 2450 1446 ipsum
2481 1377 2847 1447 depingemus.
2894 1378 3349 1445 Quemadmodum
3384 1378 3429 1431 si
3456 1378 3576 1447 quis

1994 1482 2119 1520 vasa
2148 1467 2419 1522 immunda
2448 1467 2591 1522 domi
2625 1467 2848 1536 furetur,
2878 1479 2934 1524 et
2954 1484 3135 1523 coram
3162 1469 3410 1525 omnibus
3437 1469 3573 1524 edu-

1993 1565 2078 1610 cat
2099 1596 2114 1620 ,
2142 1571 2246 1611 non
2284 1567 2390 1611 tam
2433 1557 2580 1612 illum
2612 1558 2861 1629 deturpat
2897 1559 3124 1625 furtum,
3158 1575 3314 1628 quam
3343 1560 3458 1629 ipse
3485 1575 3575 1614 se-

1996 1647 2299 1715 metipsum,
2325 1649 2449 1703 dum
2479 1650 2592 1703 brec
2618 1649 2790 1705 aufert
2816 1668 2829 1702 :
2862 1651 2939 1705 sic
2959 1659 3013 1704 et
3039 1651 3159 1717 iste,
3188 1651 3391 1720 impura
3414 1651 3575 1705 verba

1993 1753 2172 1794 coram
2195 1741 2444 1795 omnibus
2474 1741 2771 1809 proferens,
2801 1757 2905 1796 non
2936 1744 3073 1797 alios
3099 1741 3278 1796 verbis
3306 1742 3575 1810 deturpat,

1993 1828 2086 1882 sed
2117 1830 2349 1899 seipsum
2371 1872 2386 1895 ,
2418 1830 2540 1884 talia
2574 1833 2852 1901 proferens
2878 1832 3191 1903 foedatusque
3220 1842 3277 1887 et
3303 1847 3363 1887 se
3390 1842 3441 1886 et
3471 1834 3575 1887 lin—

1995 1938 2150 1989 guam
2183 1931 2240 1977 et
2267 1932 2521 1978 mentem.
2555 1924 2784 1994 ldipsum
2814 1925 2954 1979 enim
2984 1925 3062 1991 lit,
3090 1923 3302 1994 quando
3325 1924 3578 1978 adversus

1997 2014 2166 2068 malos
2198 2030 2493 2084 pugnamus
2512 2057 2527 2082 ,
2557 2030 2621 2069 ac
2647 2016 2689 2069 si
2722 2016 2841 2085 quis
2871 2018 2921 2069 in
2964 2016 3245 2085 putredine
3275 2026 3579 2070 versantem

1999 2116 2053 2159 ut
2081 2107 2234 2159 feriat
2254 2148 2267 2165 .
2310 2105 2544 2175 seipsum
2573 2107 2911 2176 coinquinet,
2943 2121 3132 2161 manus
3164 2107 3216 2161 in
3244 2122 3455 2162 omnem
3482 2106 3579 2160 de-

1997 2197 2230 2250 tnittens.
2262 2196 2385 2251 llmc
2433 2199 2610 2251 omnia
2641 2239 2655 2263 ,
2687 2213 2870 2268 quaeso
2890 2239 2903 2261 ,
2951 2199 3283 2268 cogitantes,
3318 2197 3581 2267 fugiamus

2000 2287 2103 2341 hoc
2129 2288 2381 2341 damnum
2404 2331 2417 2349 .
2447 2299 2500 2342 et
2531 2289 2720 2343 bonam
2755 2290 3044 2344 habeamus
3074 2291 3329 2359 linguam,
3363 2298 3420 2343 ut
3458 2289 3579 2359 puri

1997 2378 2065 2432 ab
2091 2379 2236 2432 omni
2274 2381 2593 2433 contumelia
2618 2421 2635 2448 ,
2668 2381 2933 2450 poSsitnltS
2959 2381 3115 2435 vitam
3151 2391 3467 2451 praesentem
3501 2379 3582 2433 di-

1999 2469 2227 2539 ligenter
2272 2470 2604 2541 transigere.
2654 2481 2707 2526 et
2748 2474 3004 2543 promissa
3042 2472 3383 2542 diligentibus
3421 2473 3582 2527 Deum

1999 2562 2133 2616 bona
2165 2564 2453 2633 consequi,
2484 2565 2649 2633 gratia
2693 2574 2744 2618 et
2788 2564 3111 2637 benignitate
3156 2564 3363 2622 Domini
3416 2566 3584 2620 nostri

1999 2654 2123 2711 Jesu
2151 2655 2379 2723 Christi,
2405 2657 2617 2729 quicum
2651 2657 2794 2715 Patri
2823 2670 2877 2715 et
2902 2658 3121 2729 Spiritui
3151 2669 3358 2725 sancto,
3386 2658 3553 2728 gloria
3571 2698 3586 2722 ,

2006 2751 2287 2820 imperium
2307 2793 2321 2814 .
2370 2754 2562 2818 honor,
2598 2770 2741 2809 nunc
2762 2765 2815 2809 et
2837 2769 3069 2824 semper,
3101 2763 3154 2808 el.
3183 2755 3236 2809 in
3263 2753 3455 2808 satcula

2002 2842 2263 2897 enim-unt.
2296 2846 2483 2898 Amen.

315 2864 464 2919 heris
488 2862 637 2916 domi
666 2861 1042 2930 pugnantibus,
1070 2868 1236 2914 restat
1270 2868 1326 2912 ut
1354 2857 1632 2913 domestici
1667 2860 1782 2911 illos
1810 2874 1897 2912 re-

314 2991 3580 3014 ———'—_———_——-———_————————_

1676 3071 2008 3131 HOMILIA
2047 3074 2178 3133 XL.

318 3228 453 3283 CAP.
496 3225 586 3279 18.
618 3222 790 3280 v.18.
840 3220 1038 3274 Paulus
1077 3228 1243 3272 autem
1285 3235 1398 3271 cum
1440 3218 1606 3270 adhuc
1646 3218 1905 3271 nmnsissrt

393 3319 501 3371 dies
534 3318 715 3368 multos
732 3313 973 3384 fratribus
996 3311 1298 3373 valedicens,
1324 3310 1573 3377 navigavit
1600 3309 1652 3360 in
1676 3309 1901 3378 Syriam,

393 3421 440 3464 et
472 3424 586 3461 cum
623 3405 712 3459 illo
743 3404 979 3457 Priscilla
1014 3413 1059 3456 et
1088 3403 1273 3473 Aquila
1314 3402 1399 3470 qui
1428 3401 1521 3454 sibi
1550 3402 1829 3455 totonderat
1854 3400 1908 3454 in

392 3500 664 3559 Cenchreis
689 3507 874 3567 caput;
905 3496 1115 3550 habebat
1135 3497 1267 3549 enim
1292 3505 1481 3548 votum.

396 3598 451 3650 t.
492 3592 631 3649 Vide
673 3589 940 3662 quomodo
979 3590 1069 3644 lex
1109 3590 1281 3643 soluta
1319 3596 1432 3654 est;
1477 3586 1596 3641 vide
1640 3587 1909 3655 quomodo

324 3686 653 3742 conscientia
684 3682 1101 3739 detinebantur:
1130 3679 1410 3735 Iudaicum
1441 3682 1583 3734 enim
1614 3688 1730 3733 erat
1752 3687 1912 3748 caput

328 3780 552 3832 tondere
578 3792 646 3831 ex
668 3786 812 3829 voto.
841 3774 1221 3829 Verumtamen
1244 3772 1526 3842 oportebat
1551 3772 1711 3826 etiam
1738 3772 1907 3824 sacri-

331 3874 507 3925 tieiutn
542 3871 656 3923 fieri
687 3886 699 3920 :
735 3866 874 3936 quod
910 3882 1017 3920 non
1048 3874 1130 3920 est
1163 3865 1397 3919 oblatum
1426 3874 1546 3933 post
1576 3864 1911 3917 verberatum

328 3962 668 4015 Sasthrnem.
708 3958 998 4026 Oportebat
1034 3956 1181 4010 abire
1222 3956 1404 4020 illiilli;
1436 3954 1556 4009 ideo
1585 3964 1639 4007 et
1680 3952 1911 4006 festinat.

334 4057 398 4109 Et
426 4065 643 4125 rogatus
662 4051 799 4121 apud
827 4051 946 4106 illos
970 4049 1167 4119 Ephesi
1190 4063 1427 4115 manere,
1450 4062 1555 4102 non
1582 4046 1787 4100 annuit.
1807 4043 1916 4099 Cur

331 4162 465 4216 ergo
500 4159 686 4199 rursus
716 4142 1051 4197 Antiochiam
1095 4139 1380 4195 concedit?
1420 4138 1549 4193 Nam
1592 4137 1914 4202 Ascendens,

334 4241 528 4310 inquit,
557 4255 673 4292 cum
693 4237 955 4291 salutasset
980 4234 1276 4298 Ecclesium,
1305 4233 1559 4286 descendit
1576 4230 1914 4284 Antiochiam.

339 4334 585 4388 llumano
612 4330 841 4400 quodam
867 4328 1059 4383 affectu
1086 4327 1354 4383 civitatem
1388 4326 1532 4380 illam
1554 4322 1916 4395 prosequeba-

338 4436 462 4479 tur:
497 4423 569 4477 ibi
602 4422 745 4476 enim
775 4420 1026 4490 appellati
1066 4428 1192 4473 sunt
1219 4417 1462 4487 discipuli
1491 4416 1814 4480 Christiani,
1847 4414 1919 4469 ibi

337 4517 566 4572 traditus
590 4523 675 4569 est
695 4514 877 4584 gratia:
906 4513 1019 4575 Dei,
1050 4510 1122 4566 ibi
1147 4510 1407 4580 dogmatis
1430 4508 1639 4579 negotia
1673 4505 1918 4577 perfecit.

334 4610 403 4663 Et
427 4607 516 4661 ille
536 4604 751 4675 quidem
783 4604 834 4657 in
859 4602 1067 4674 Syriam
1095 4602 1399 4672 navigavit;
1428 4599 1549 4654 illos
1573 4612 1701 4654 vero
1728 4596 1922 4667 Ephesi

336 4699 603 4768 reliquit:
644 4705 698 4750 ct
738 4698 929 4750 merito
974 4693 1221 4764 quidem,
1272 4700 1460 4761 utpote
1500 4690 1777 4745 docturos.
1822 4687 1925 4755 Qui

336 4799 489 4844 tanto
514 4799 754 4856 tempore
784 4802 904 4839 cum
935 4786 1027 4839 illo
1046 4793 1323 4839 versantes
1348 4824 1363 4849 ,
1394 4782 1559 4837 multa
1586 4781 1884 4836 didicerant
1907 4798 1920 4834 :

335 4891 576 4934 attamen
600 4876 834 4931 nondum
860 4876 979 4930 illos
994 4892 1023 4930 a
1046 4876 1431 4929 consuetudine
1449 4874 1666 4929 Judaica
1686 4873 1927 4928 abduxe-

338 4983 442 5027 rat.
475 4972 619 5026 Ecce
651 4968 841 5022 mulier
870 4967 1007 5021 idem
1035 4966 1176 5037 quod
1199 4966 1297 5020 viri
1327 4966 1477 5033 facit,
1506 4976 1560 5021 et
1585 4966 1762 5021 docet.
1794 4965 1926 5019 Pro—

339 5076 526 5133 pterea
572 5059 885 5130 prohibetur
913 5060 965 5113 in
996 5059 1175 5113 Asiam
1210 5058 1428 5124 venire,
1474 5057 1542 5112 ad
1584 5073 1682 5123 ea,
1715 5057 1925 5127 opinor,

341 5172 461 5224 qua:
490 5153 661 5222 magis
684 5151 941 5220 urgebant
964 5150 1243 5220 impulsus.
1272 5149 1400 5204 Vide
1420 5165 1648 5218 namque
1672 5150 1820 5205 illum
1843 5148 1929 5204 hic

340 5257 587 5317 rogatum
614 5254 671 5297 ut
695 5253 966 5306 maneret.
998 5258 1098 5298 nec
1135 5258 1340 5299 morem
1369 5252 1665 5313 gerentem,
1694 5245 1822 5312 quia.
1842 5259 1933 5298 ur-

340 5340 573 5407 gebatur
598 5344 655 5389 ut
681 5334 1005 5390 discederet.
1038 5334 1150 5390 Nec
1173 5335 1489 5406 simpliciter
1524 5335 1644 5389 illos
1684 5336 1929 5405 reliquit,

341 5429 435 5481 sed
458 5444 581 5481 cum
605 5426 870 5495 promissu
893 5425 1196 5480 revertendi
1222 5444 1236 5479 :
1268 5425 1537 5496 quomodo
1560 5435 1757 5491 autem,
1786 5427 1927 5483 audi.

344 5521 435 5573 19.
468 5516 812 5585 Devenitque,
854 5516 1054 5585 inquit,
1086 5515 1348 5587 Ephesum
1376 5526 1421 5570 et
1450 5518 1566 5571 illos
1591 5517 1660 5571 ibi
1692 5517 1931 5587 reliquit:

344 5612 452 5678 ipse
480 5625 599 5662 vero
630 5610 882 5678 ingressus
911 5609 965 5661 in
1004 5625 1342 5680 sgnugogam,
1380 5610 1655 5680 disputavit
1682 5625 1797 5663 cum
1830 5609 1931 5663 Ju-

346 5702 490 5755 deis.
520 5699 609 5755 20.
650 5699 964 5770 Rogantibus
998 5708 1167 5754 autem
1200 5700 1305 5768 eis,
1348 5711 1402 5755 ut
1434 5701 1674 5772 ampliori
1716 5709 1936 5771 tempore

2015 3232 2234 3274 maneret
2260 3223 2398 3290 apud
2440 3224 2555 3278 illos
2575 3264 2591 3288 ,
2624 3241 2723 3277 non
2759 3226 2965 3290 annuit,
2991 3225 3080 3280 2|.
3110 3228 3199 3280 sed
3222 3226 3461 3281 valedixit
3488 3227 3590 3293 eis,

2012 3314 2183 3365 dicens
2208 3329 2225 3367 :
2258 3314 2467 3384 Oportet
2492 3332 2570 3369 me
2598 3316 2802 3369 omnino
2824 3319 3006 3386 festum
3024 3356 3041 3382 ,
3073 3318 3208 3387 quod
3237 3319 3422 3380 instat,
3451 3334 3599 3389 agere

2010 3403 2383 3475 Jerosolymis;
2422 3407 2602 3460 iterum
2646 3418 2813 3461 autem
2859 3418 3076 3461 revertar
3113 3409 3179 3461 ad
3219 3424 3334 3472 vos,
3367 3409 3476 3463 Deo
3513 3425 3596 3463 vo-

2014 3494 2183 3549 lente:
2208 3506 2254 3549 et
2280 3497 2425 3549 solvit
2450 3498 2511 3550 ab
2542 3495 2765 3566 Epheso.
2786 3497 2877 3552 22.
2908 3497 2975 3551 Et
3003 3501 3259 3569 profectus
3289 3498 3594 3566 Ctesaream,

2016 3604 2131 3641 cum
2156 3590 2482 3650 ascendisset.
2511 3600 2559 3644 et
2585 3591 2850 3644 salutasset
2878 3588 3181 3657 Ecclesium,
3212 3592 3465 3645 descendit
3493 3591 3599 3643 An-

2016 3680 2282 3744 tiochiam;
2310 3681 2401 3737 2'5.
2424 3681 2586 3751 ibique
2610 3682 2870 3751 aliquanto
2896 3692 3149 3736 transacto
3180 3692 3419 3751 tempore,
3450 3682 3601 3737 exivit

2017 3771 2264 3824 transiens
2285 3772 2466 3825 deinde
2492 3789 2581 3841 per
2602 3772 2886 3826 Galaticum
2920 3774 3173 3843 regionem
3200 3783 3247 3828 et
3278 3773 3597 3844 Phrygiam,

2018 3865 2325 3929 conﬁrmans
2351 3880 2522 3918 onmes
2555 3866 2850 3935 discipulos.
2895 3866 3029 3921 Vide
3053 3909 3068 3933 ,
3112 3869 3302 3923 iterum
3346 3868 3493 3922 venit
3534 3868 3602 3921 ad

2022 3955 2169 4018 loca,
2214 3972 2332 4025 qua:
2379 3967 2503 4011 ante
2549 3957 2772 4011 adierat.
2810 3958 2901 4012 24.
2941 3956 3154 4012 Judwus
3193 3970 3358 4013 autem
3395 3958 3603 4027 quidam

2024 4048 2203 4116 Apollo
2233 4049 2453 4113 nomine,
2484 4048 2856 4103 Alexandriam
2877 4066 3090 4121 genere,
3113 4050 3189 4104 vir
3218 4051 3484 4119 eloquens,
3513 4052 3605 4104 de-

2021 4138 2149 4191 venit
2179 4137 2461 4207 Ephesum,
2500 4149 2673 4209 potens
2700 4141 2753 4193 in
2788 4140 3090 4209 Scripturis.
3138 4141 3275 4195 Ecce
3311 4150 3367 4194 et
3407 4141 3600 4196 eruditi

2023 4233 2311 4304 praedicare
2347 4234 2604 4298 nituntur,
2637 4244 2692 4288 et
2736 4233 2954 4289 demum
2982 4233 3226 4303 discipuli
3256 4234 3600 4303 peregrinan-

2026 4335 2129 4379 tur.
2158 4326 2345 4381 Videu’
2378 4327 2764 4382 incrementum
2794 4328 3223 4398 praedicationis?
3251 4328 3343 4383 9.5.
3378 4327 3476 4382 llic
3501 4338 3608 4382 erat

2024 4419 2226 4472 edoctus
2255 4418 2386 4472 viam
2415 4418 2642 4484 Domini,
2676 4430 2725 4473 et
2754 4420 2950 4489 fervens
2982 4421 3183 4489 Spiritu
3214 4419 3531 4490 loquebatur,
3561 4431 3609 4476 et

2027 4511 2234 4564 docebat
2264 4510 2529 4581 diligenter
2556 4528 2615 4564 ea
2635 4553 2649 4576 ,
2676 4528 2790 4583 qua:
2812 4523 2929 4566 sunt
2953 4511 3194 4579 Domini,
3220 4514 3382 4567 sciens
3416 4524 3610 4567 tantum

2029 4602 2275 4669 baptisma
2312 4603 2553 4659 Joannis.
2581 4604 2672 4659 26.
2718 4604 2818 4658 llic
2841 4607 2988 4676 carpit
3019 4606 3172 4659 libere
3199 4607 3335 4675 loqui
3367 4609 3421 4659 in
3458 4622 3610 4676 syna-

2028 4710 2177 4761 goga.
2210 4694 2483 4749 Audientes
2510 4706 2676 4749 autem
2696 4695 2841 4750 illum
2862 4698 3045 4767 Aquila
3065 4707 3113 4751 et
3137 4696 3397 4761 Priscilla,
3415 4714 3611 4750 assum-

2032 4795 2236 4851 pserunt
2261 4801 2397 4850 eum,
2427 4796 2472 4841 et
2498 4787 2788 4858 diligentius
2808 4798 3146 4859 exposuerunt
3169 4788 3213 4842 ei
3233 4789 3359 4842 viam
3384 4788 3611 4842 Domini.

2032 4875 2086 4929 Si
2113 4874 2197 4929 hic
2222 4876 2481 4945 baptisma
2502 4877 2725 4932 Joannis
2748 4888 2948 4932 tantum
2972 4880 3194 4943 sciebat,
3219 4878 3489 4947 quomodo
3512 4876 3612 4930 fer-

2034 4968 2190 5022 vebat
2215 4969 2449 5037 Spiritu?
2480 4971 2709 5038 Spiritus
2738 4970 2879 5025 enim
2911 4987 3015 5026 non
3048 4972 3117 5025 ita
3148 4970 3393 5024 dabatur.
3425 4969 3481 5025 Si
3518 4985 3614 5023 au-

2035 5068 2140 5113 tem
2187 5060 2274 5127 qui
2316 5070 2434 5128 post
2482 5060 2629 5114 illum
2678 5062 2923 5127 fuerunt,
2964 5076 3100 5131 opus
3142 5060 3383 5115 habuere
3420 5060 3617 5116 Christi

2036 5150 2321 5220 baptismo,
2353 5151 2520 5205 multo
2549 5152 2717 5221 magis
2743 5151 2829 5207 hic
2848 5167 2983 5220 Opus
3006 5152 3299 5207 habuisset.
3329 5152 3466 5220 Quid
3488 5168 3619 5221 ergo

2035 5241 2356 5297 dicendum?
2386 5258 2560 5312 neque
2586 5245 2727 5298 enim
2763 5245 2879 5299 sine
2921 5260 3080 5299 causa
3114 5255 3399 5315 utrumque
3442 5250 3619 5317 posuit

2035 5336 2283 5403 scriptor.
2306 5335 2529 5390 Videtur
2550 5337 2678 5391 mihi
2710 5337 2850 5392 hunc
2874 5353 2993 5393 esse
3024 5355 3186 5393 unum
3213 5355 3281 5395 ex
3301 5350 3516 5395 centum
3546 5344 3622 5395 vi-

2037 5426 2166 5494 ginti
2199 5426 2336 5491 (Act.
2370 5428 2420 5480 1.
2450 5430 2565 5494 15),
2602 5428 2691 5498 qui
2721 5444 2842 5483 cum
2882 5432 3141 5499 apostolis
3166 5433 3419 5500 baptizati
3450 5440 3573 5486 sunt
3603 5450 3615 5485 :

2040 5519 2119 5571 vel
2150 5518 2194 5571 si
2236 5533 2341 5572 nou
2378 5522 2448 5572 ita
2474 5521 2576 5587 sit,
2608 5522 2747 5591 quod
2784 5523 2836 5576 iu
2865 5523 3145 5590 Cornelio,
3176 5525 3228 5579 in
3272 5525 3374 5579 hoc
3408 5540 3618 5593 quoque

2040 5613 2236 5665 factum
2261 5621 2363 5666 est.
2390 5612 2497 5668 Sed
2533 5630 2637 5669 non
2664 5616 2978 5685 baptizatur.
3007 5617 3180 5673 donec
3214 5618 3289 5671 illi
3317 5616 3614 5671 accuratius

2040 5715 2417 5772 exposuerunt.
2471 5706 2579 5761 lloc
2628 5708 2756 5762 mihi
2805 5724 2989 5764 verum
3038 5725 3158 5763 esse
3203 5707 3429 5769 videtur,
3483 5708 3607 5773 quia
