4036 6212
492 280 597 337 Ξεῖ

487 394 746 467 baptizari
781 394 926 449 illum
958 391 1254 463 oportebat,
1283 391 1530 460 quoniam
1556 388 1835 443 duodecim
1867 387 1951 439 alii
1983 386 2067 438 ni-

493 486 566 542 hil
596 487 827 556 pcrfecte
855 492 1149 548 noverunt“,
1195 498 1365 553 neque
1393 497 1453 535 ea
1482 495 1600 551 qua:
1643 480 1825 534 Jesum
1857 486 2067 546 specta-

494 577 643 634 bant.
669 576 974 632 Verisimile
1003 585 1083 629 est
1110 584 1285 629 autem
1318 574 1486 641 ipsum
1520 570 1840 639 baptizatum
1881 568 2065 622 fuisse.

491 669 754 724 Caeterum
783 666 1069 722 siJoannis
1087 665 1333 735 discipuli
1365 671 1484 734 post
1508 671 1781 730 acceptum
1806 660 2068 729 baptisma

490 760 669 817 denuo
692 760 1122 831 baptizabantur,
1154 759 1431 827 oportebat
1456 758 1617 812 etiam
1648 754 1940 824 discipulos
1966 753 2073 808 hoc-

491 855 687 910 facere.
717 854 808 907 27.
838 854 965 909 Cum
992 854 1137 907 vellet
1161 862 1328 905 autem
1354 851 1568 903 transire
1595 848 1646 902 in
1672 847 1948 908 Achaiam,
1980 859 2069 898 eo:-

489 947 677 1001 horlati
697 948 880 1017 fratres
903 947 1208 1017 scripserunt
1233 944 1494 1012 discipulis
1513 952 1566 995 ut
1595 942 1870 1009 reciperent
1895 938 2062 991 illum.

490 1038 588 1103 Qui
619 1056 733 1091 cum
764 1040 995 1105 venisset,
1026 1037 1239 1091 contulit
1267 1038 1477 1090 multum
1506 1036 1569 1088 iis
1588 1075 1601 1096 ,
1634 1033 1723 1103 qui
1746 1031 2062 1085 crediderant

486 1147 576 1197 per
602 1133 836 1200 gratiam.
878 1130 969 1185 28.
1013 1129 1331 1184 Vehementer
1366 1129 1499 1182 enim
1536 1126 1747 1180 Juda’os
1784 1123 2065 1177 revincebat

488 1217 706 1287 publice,
734 1220 1000 1274 ostendens
1028 1236 1114 1287 per
1141 1219 1431 1291 Scripturas
1454 1216 1634 1271 Jesum
1663 1232 1767 1270 esse
1787 1214 2059 1268 Christum.

489 1310 641 1379 (Cap.
661 1310 771 1383 19.)
787 1313 837 1367 l.
860 1310 1074 1365 Factum
1093 1320 1164 1365 est
1193 1319 1380 1375 autem,
1399 1325 1513 1363 cum
1544 1307 1725 1377 Apollo
1741 1314 1865 1360 esset
1884 1303 2065 1360 Corin-

494 1400 588 1465 thi,
615 1410 667 1454 ut
701 1401 898 1456 Paulus
938 1402 1216 1473 peragratis
1250 1399 1588 1471 superioribus
1619 1397 1843 1469 partibus
1878 1396 2063 1450 veniret

493 1492 770 1561 Ephesum,
816 1504 862 1546 et
885 1494 1125 1547 inveniret
1152 1494 1393 1559 quosdam
1418 1490 1715 1562 discipulos,
1753 1489 1807 1543 2.
1841 1489 2065 1556 dixitque

486 1584 556 1635 eis
581 1599 598 1635 :
612 1583 673 1637 Si
692 1582 940 1652 Spiritum
964 1593 1193 1637 sanctum
1212 1583 1472 1651 accepistis
1493 1581 1745 1635 credentes
1756 1581 1781 1633 1’
1794 1578 1884 1633 Illi
1897 1587 2063 1631 autem

488 1676 721 1729 dixerunt
750 1677 794 1729 ei
818 1691 837 1730 :
866 1676 1153 1742 Sed‘neque
1176 1677 1218 1729 si
1249 1675 1470 1744 Spiritus
1502 1683 1703 1727 sanctus
1731 1681 1831 1735 est,
1862 1670 2059 1723 audivi-

487 1783 617 1819 mus.
655 1768 707 1821 3.
737 1766 977 1838 Dixitque
1004 1768 1071 1820 ad
1092 1766 1210 1820 illos
1236 1783 1255 1820 :
1286 1765 1350 1820 In
1377 1781 1477 1836 quo
1503 1782 1619 1836 ergo
1644 1763 1884 1834 baptizati
1907 1761 2063 1815 estis?

487 1857 578 1911 Illi
597 1868 762 1912 autem
782 1859 1051 1914 dixerunt:
1076 1859 1143 1913 In
1168 1859 1381 1913 Joannis
1412 1859 1723 1929 baptismate.
1745 1858 1799 1911 4.
1825 1855 2063 1922 Dixitque

486 1949 684 2004 Paulus
708 1966 727 2004 :
751 1949 979 2005 Joannes
1006 1950 1208 2018 quidem
1233 1950 1499 2020 baptizavit
1526 1950 1775 2017 baptismo
1810 1947 2059 2019 paeniten-

486 2041 598 2101 τίω,
628 2040 817 2111 populo
852 2041 1051 2105 dicens,
1090 2051 1146 2095 ut
1175 2042 1226 2095 in
1254 2058 1393 2102 eum,
1426 2041 1512 2109 qui
1540 2050 1777 2093 venturus
1814 2046 1922 2093 erat
1950 2046 2061 2107 post

483 2132 681 2198 ipsum,
724 2131 1014 2196 crederent;
1050 2133 1105 2185 id
1139 2142 1241 2200 est,
1268 2133 1319 2185 in
1345 2130 1600 2187 Christum
1633 2130 1829 2185 Jesum.
1870 2130 1923 2185 5.
1958 2128 2061 2182 Au-

482 2222 674 2276 dientes
707 2232 873 2277 autem
897 2224 1135 2291 baptizati
1162 2233 1278 2277 sunt
1306 2224 1357 2277 in
1384 2224 1584 2277 nomine
1610 2221 1818 2275 Domini
1835 2220 1978 2276 Jesu.
2002 2219 2056 2275 6.

487 2314 552 2368 Et
580 2330 696 2369 cum
722 2316 1036 2387 imposuisset
1060 2317 1164 2371 illis
1194 2333 1373 2370 manus
1400 2314 1599 2369 Paulus
1618 2357 1633 2379 ,
1672 2314 1802 2368 venit
1834 2312 2061 2383 Spiritus

482 2415 685 2460 sanctus
709 2423 862 2476 super
881 2408 1018 2470 illos,
1043 2408 1464 2476 loquebanturque
1489 2407 1676 2477 linguis
1705 2414 1750 2460 et
1782 2404 2057 2476 prapheta-

484 2497 623 2551 bant.
659 2498 712 2552 7.
751 2498 1010 2568 Erantque
1036 2517 1205 2553 omnes
1230 2500 1323 2554 viri
1354 2500 1495 2569 quasi
1521 2498 1805 2552 duodecim.
1836 2497 2056 2551 Multum

483 2590 536 2645 hi
576 2590 644 2645 ab
672 2592 764 2646 illo
801 2592 1148 2658 differebant,
1184 2594 1271 2663 qui
1317 2608 1489 2663 neque
1527 2592 1764 2646 sciebant
1800 2590 2056 2660 Spiritum

481 2692 724 2738 sanctum
756 2698 896 2740 esse.
938 2685 999 2740 lli
1033 2685 1191 2755 igitur
1229 2685 1317 2755 qui
1347 2684 1653 2754 diligentius
1682 2683 1753 2738 illi
1791 2698 2057 2752 exposue-

482 2783 605 2828 runt
626 2775 763 2829 viam
797 2775 1025 2839 Domini,
1055 2776 1385 2846 praemittunt
1402 2776 1561 2830 etiam
1593 2775 1878 2845 literasque
1905 2774 2054 2832 dant.

484 2865 710 2921 Volebat
742 2866 902 2938 igitur
929 2876 985 2923 et
1010 2868 1123 2938 ipse
1164 2868 1217 2922 in
1250 2867 1502 2922 Achaiam
1533 2868 1741 2932 venire;
1768 2867 1862 2923 sed
1900 2878 2056 2922 ante-

482 2974 640 3027 quam
671 2957 819 3013 illum
848 2957 1037 3013 fratres
1059 2958 1329 3014 exhortati
1359 2967 1560 3025 essent,
1588 2973 1652 3013 ac
1678 2958 1860 3013 literas
1884 2958 1932 3011 ei
1958 2957 2054 3012 de-

479 3050 719 3118 dissent,
764 3066 870 3106 non
911 3051 1131 3107 recedit.
1166 3051 1264 3117 Qui
1307 3061 1361 3105 ut
1403 3052 1569 3116 venit,
1611 3051 1815 3121 inquit,
1848 3049 2055 3105 contulit

479 3145 691 3196 multum
720 3144 783 3197 iis
801 3184 818 3211 ,
845 3144 930 3213 qui
963 3143 1322 3198 crediderant:
1348 3144 1660 3197 vehementer
1686 3143 1819 3196 enim
1846 3140 2056 3195 Judwos

478 3236 754 3290 revincebat
778 3237 993 3307 publice,
1025 3236 1288 3290 ostendens
1312 3252 1401 3305 per
1429 3234 1725 3304 Scripturas
1748 3233 1781 3287 J
1787 3249 1924 3288 esum
1950 3247 2058 3286 esse

479 3325 755 3381 Christum.
802 3326 935 3381 llinc
976 3326 1209 3381 ostendit
1246 3341 1404 3395 quam
1436 3333 1624 3395 potens
1660 3326 1711 3380 in
1764 3324 2055 3395 Scripturis

478 3428 624 3475 esset
651 3420 879 3489 Apollo:
908 3419 1123 3475 Judzeos
1163 3419 1305 3474 enim
1350 3420 1694 3474 vehementer
1733 3418 2056 3488 reprimebat

481 3509 621 3582 (hoc
660 3510 803 3565 enim
848 3510 949 3565 sibi
981 3512 1092 3565 vult
1127 3510 1283 3574 illud,
1317 3510 1681 3579 Revincebat);
1714 3509 2056 3566 credentibus

480 3616 608 3656 vero
634 3600 876 3656 ﬁduciam
915 3601 1128 3656 indebat
1160 3612 1216 3655 ut
1254 3601 1306 3656 in
1340 3602 1444 3656 ﬁde
1482 3611 1707 3657 starent.
1740 3601 1958 3655 Factum
1983 3612 2056 3656 est

478 3703 644 3747 autem
664 3734 679 3757 ,
708 3692 909 3763 inquit,
942 3704 998 3746 ut
1031 3692 1245 3759 Paulus,
1274 3694 1551 3764 peragratis
1577 3693 1915 3764 superioribus
1935 3710 2056 3765 par-

480 3785 611 3840 tibus
630 3825 646 3850 ,
688 3785 875 3840 veniret
899 3784 1177 3857 Ephesum.
1206 3786 1340 3842 Sunt
1372 3796 1549 3842 autem
1578 3786 1680 3841 illze
1702 3787 1852 3856 juxta
1879 3788 2055 3842 Cresa-

480 3892 649 3942 ream,
674 3887 729 3933 et
756 3879 915 3933 ultra.
943 3877 1014 3932 Et
1039 3879 1221 3931 invenit
1249 3878 1494 3950 quosdam
1519 3879 1813 3949 discipulos,
1832 3879 2058 3951 dixitque

480 3970 550 4023 eis
572 3985 590 4022 :
622 3969 683 4023 Si
714 3968 964 4038 Spiritum
1006 3979 1235 4022 sanctum
1271 3971 1533 4039 accepistis
1574 3970 1874 4024 credentes?
1902 3969 2055 4037 Quod

480 4070 659 4114 autem
688 4060 739 4113 hi
761 4074 867 4115 non
894 4059 1177 4115 crederent
1198 4061 1248 4114 in
1272 4061 1560 4123 Christum,
1591 4061 1759 4129 palam
1778 4070 1943 4115 estex
1964 4075 2052 4127 eo,

479 4150 620 4221 quod
646 4150 845 4218 dicant,
876 4150 942 4206 In
971 4169 1104 4219 eum,
1135 4152 1220 4222 qui
1246 4162 1482 4205 venturus
1506 4160 1614 4205 erat
1639 4161 1750 4220 post
1768 4151 1969 4222 ipsum,
2001 4161 2057 4205 ut

480 4244 705 4299 credant.
733 4245 913 4314 Neque
932 4244 1084 4307 dixit,
1110 4244 1250 4299 Nihil
1272 4254 1356 4299 est
1375 4244 1635 4314 baptisma
1655 4243 1908 4311 Joannis;
1932 4244 2055 4311 sed,

482 4335 854 4404 Imperfectum
886 4346 986 4390 est.
1010 4336 1191 4405 Neque
1218 4336 1348 4391 illud
1368 4336 1487 4391 sine
1510 4350 1669 4390 causa
1693 4335 1928 4402 addidit,
1961 4336 2056 4391 sed

481 4436 540 4479 ut
565 4424 783 4479 doceret
810 4424 1162 4495 suaderetque
1187 4424 1284 4491 eis,
1311 4433 1368 4479 ut
1397 4426 1447 4480 in
1472 4425 1685 4480 nomine
1714 4426 1841 4482 Jesu
1883 4425 2057 4497 bapti-

483 4524 763 4570 zarentur:
795 4515 937 4586 quod
961 4516 1123 4573 etiam
1149 4516 1383 4582 faciunt,
1414 4526 1469 4573 et
1503 4517 1759 4587 Spiritum
1790 4519 2059 4588 accipiunt

482 4624 549 4663 ex
572 4608 911 4678 impositione
926 4624 1174 4667 manuum
1196 4610 1496 4665 Pauli.Cum
1510 4611 1849 4681 imposuisset,
1865 4612 2055 4683 inquit,

483 4703 583 4757 illis
610 4718 791 4756 manus
832 4700 1056 4769 Paulus,
1098 4703 1229 4757 venit
1273 4703 1501 4773 Spiritus
1533 4715 1738 4759 sanctus
1778 4722 1930 4775 super
1952 4723 2055 4760 eos.

485 4794 667 4866 Itaque
693 4796 729 4851 ii
769 4794 1023 4866 Spiritum
1048 4795 1413 4865 accipiebant,
1455 4796 1647 4866 quibus
1673 4812 1861 4853 manus
1890 4799 2060 4869 impo-

487 4888 667 4943 nebat.
698 4886 1001 4942 Verisimile
1031 4887 1189 4957 igitur
1218 4896 1303 4943 est
1328 4888 1451 4943 illos
1478 4888 1735 4959 Spiritum
1776 4889 2056 4957 habuisse,

482 4994 583 5035 nec
606 4980 940 5049 apparuisse,
972 4980 1073 5034 nisi
1096 4995 1163 5035 ex
1186 4980 1517 5050 operatione,
1548 4988 1604 5036 et
1626 4995 1689 5036 ex
1716 4995 1785 5036 eo
1804 4981 1945 5051 quod
1974 4981 2057 5038 lo-

482 5083 774 5142 querentur
793 5074 1005 5143 linguis.

555 5162 609 5216 2.
650 5163 755 5220 Sed
779 5180 843 5220 ea
866 5206 881 5229 ,
920 5180 1041 5235 qua:
1065 5164 1312 5234 superius
1356 5164 1489 5219 lecta
1538 5172 1696 5227 sunt,
1733 5174 2059 5234 repetamus.

492 5254 689 5309 Paulus
714 5268 883 5311 autem
903 5259 1155 5328 navigavit
1192 5256 1245 5312 in
1271 5258 1497 5327 Syriam,
1528 5258 1733 5327 inquit,
1763 5268 1809 5311 et
1834 5275 1947 5312 cum
1974 5260 2063 5312 illo

491 5344 733 5401 Priscilla
766 5359 814 5403 et
840 5350 1043 5415 Aquila,
1073 5364 1228 5420 quos,
1260 5365 1381 5405 cum
1414 5351 1741 5419 pervenisset
1767 5352 2060 5421 Ephesum,

493 5438 563 5493 ibi
588 5438 822 5509 reliquit.
851 5438 947 5494 Vel
968 5441 1089 5508 quia
1119 5441 1328 5496 nolebat
1353 5441 1472 5497 illos
1494 5442 1914 5507 circumducere,
1944 5444 2064 5498 ideo

494 5528 713 5598 reliquit
743 5546 760 5585 :
788 5528 871 5584 vel
901 5530 1096 5599 potius,
1129 5539 1185 5583 ut
1223 5530 1470 5586 doctores
1495 5543 1772 5588 manerent
1794 5533 2061 5603 Ephesiis.

495 5620 602 5689 Ipsi
626 5636 753 5676 vero
778 5631 960 5692 postea
986 5620 1225 5677 Corinthi
1253 5621 1575 5689 habitarunt,
1603 5624 1670 5679 de
1692 5625 1883 5694 quibus
1903 5626 2062 5679 etiam

493 5714 774 5787 tttagniﬁce
818 5714 1151 5785 testiﬁcatur,
1193 5724 1248 5770 ct
1294 5715 1550 5771 Romanis
1595 5716 1837 5773 scribens
1874 5718 2067 5773 salutat

1268 280 1326 331 S.
1365 274 1640 330 JOANNIS
1673 268 2139 328 ('HRYSOSTOMI
2176 268 2490 324 ARCHIEP.
2530 268 3054 327 CONSTANTINOP.

3648 270 3755 327 988

2180 383 2345 452 ipsos.
2376 384 2549 452 Quare
2575 386 2784 441 videtur
2832 388 2961 442 mihi
3008 389 3148 457 ipsos
3188 399 3370 458 postea
3398 403 3613 445 venisse
3642 389 3754 443 Ro-

2176 488 2354 539 mam,
2396 485 2580 544 utpote
2607 478 2694 547 qui
2742 477 2967 533 libenter
3007 477 3405 548 frequentarent
3443 481 3582 545 loca,
3610 481 3756 536 unde

2174 562 2326 633 ejeeti
2357 565 2564 620 fuerant
2589 568 2687 623 sub
2716 568 2948 623 Nerone.
2975 568 3045 623 Et
3073 570 3396 633 descendens,
3427 572 3619 640 inquit,
3650 573 3757 626 Cte-

2174 670 2389 722 saream,
2436 674 2550 712 cum
2590 660 2894 716 ascendisset
2931 671 2979 714 et
3023 664 3290 716 salutasset
3319 662 3620 725 Ecclesium,
3665 664 3759 716 deo

2171 748 2361 800 scendit
2391 751 2745 818 Antiochiam,
2772 764 3041 822 mctoque
3080 753 3151 807 ibi
3194 756 3453 825 aliquanto
3489 767 3713 825 tempore
3736 798 3753 819 ,

2171 841 2309 903 exiit,
2342 846 2681 909 pertransiens
2721 843 3003 900 Galaticum
3032 848 3211 902 ainde
3235 851 3484 918 regionem
3510 859 3559 903 et
3592 848 3758 920 Phry-

2169 932 2323 1001 giam.
2354 933 2571 988 Videtur
2622 936 2751 990 mihi
2800 938 2985 993 fideles
3028 940 3133 994 illic
3184 949 3481 994 conventus
3529 942 3750 1011 egisse:

2171 1038 2275 1076 non
2297 1026 2437 1079 enim
2464 1028 2642 1081 statim
2673 1029 2789 1083 illos
2818 1030 3218 1087 abstrahebaot.
3258 1033 3387 1086 Vide
3406 1041 3583 1087 autem
3615 1049 3755 1102 quo.

2170 1114 2329 1169 modo
2356 1117 2473 1173 illos
2503 1130 2704 1187 urgeat.
2735 1121 2795 1175 Et
2819 1121 2913 1175 has
2944 1123 3187 1191 regiones
3215 1124 3405 1177 iterum
3436 1126 3748 1192 pertransit,

2169 1215 2228 1260 ut
2272 1211 2549 1277 prmsentia
2594 1227 2687 1265 sua
2719 1212 3005 1284 discipulos
3052 1216 3347 1269 confirmet.
3376 1215 3589 1269 Judteus
3633 1231 3755 1270 vero

2167 1300 2395 1364 quidam,
2422 1300 2613 1369 inquit,
2657 1304 2840 1373 Apollo
2867 1306 3085 1371 nomine,
3106 1310 3241 1362 venit
3261 1305 3537 1377 Ephesum,
3570 1317 3754 1376 potens

2168 1389 2219 1441 in
2251 1390 2549 1458 Scripturis.
2581 1392 2750 1447 Homo
2796 1395 3017 1464 diligens
3061 1406 3208 1459 erat;
3239 1396 3462 1466 ideoque
3509 1399 3755 1467 peregri-

2168 1479 2412 1534 nabatnr.
2448 1482 2548 1549 Qui
2573 1500 2686 1537 cum
2714 1487 2943 1552 venisset,
2979 1488 3173 1555 inquit,
3201 1490 3254 1541 in
3293 1489 3559 1552 Achaiam,
3593 1492 3748 1543 vehe-

2166 1580 2356 1623 menter
2382 1572 2660 1627 revincebat
2697 1573 2910 1629 Juda‘os
2958 1578 3168 1647 publice.
3202 1578 3275 1632 De
3304 1594 3408 1648 quo
3439 1580 3638 1633 Paulus
3669 1582 3752 1635 di-

2168 1659 2320 1713 cebat
2346 1676 2361 1713 :
2392 1660 2467 1716 De
2486 1664 2672 1731 Apollo
2691 1676 2857 1719 autem
2886 1670 3044 1738 fratre
3080 1670 3157 1735 (1.
3182 1670 3299 1724 Cor.
3332 1671 3417 1725 16.
3445 1672 3557 1741 12).
3588 1672 3748 1739 Quod

2167 1752 2375 1820 publice
2403 1756 2768 1827 redargueret,
2794 1758 2917 1814 hinc
2946 1760 3132 1815 ﬁducia
3160 1762 3537 1816 ostendebatur
3560 1778 3575 1828 ;
3599 1765 3751 1833 quod

2165 1847 2511 1906 vehementer
2541 1852 2760 1907 facultas
2789 1856 3021 1909 enitebat
3048 1873 3062 1919 ;
3092 1857 3232 1925 quod
3264 1873 3327 1911 ex
3371 1858 3566 1911 divinis
3593 1858 3749 1913 Scri-

2165 1941 2334 2009 pturis
2360 1943 2705 2009 ostenderet,
2738 1948 3066 2015 experientia
3114 1948 3530 2002 monstrabatur.
3561 1950 3751 2019 Neque

2164 2035 2304 2088 enim
2348 2035 2557 2091 dicendi
2599 2038 2815 2093 libertas
2843 2040 3039 2108 aliquid
3069 2040 3305 2108 perﬁcit,
3330 2041 3551 2097 absente
3578 2041 3752 2096 facul-

2166 2138 2305 2193 tate;
2340 2144 2513 2200 neque
2544 2130 2766 2185 facultas
2793 2131 3011 2186 absente
3037 2132 3297 2187 libertate.
3324 2132 3465 2201 Ergo
3492 2149 3596 2187 non
3627 2134 3751 2188 sine

2163 2234 2321 2275 causa
2368 2220 2613 2291 Aquilam
2662 2222 2876 2292 reliquit
2916 2222 3138 2292 Ephesi,
3165 2223 3259 2277 sed
3304 2233 3524 2293 propter
3550 2226 3751 2294 Apollo

2166 2316 2342 2369 forsan
2373 2313 2604 2385 Spiritus
2628 2315 2729 2371 hoc
2757 2315 3104 2385 dispensavit,
3130 2326 3185 2371 ut
3212 2316 3399 2371 fortior
3424 2317 3748 2373 ascenderet

2162 2403 2497 2459 Corinthum.
2524 2405 2591 2459 Et
2618 2421 2715 2461 cur
2759 2407 2880 2461 huic
2925 2406 3054 2461 nihil
3107 2406 3384 2471 fecerunt,
3416 2408 3468 2461 in
3519 2408 3745 2463 Paulum

2162 2504 2339 2551 autem
2383 2496 2710 2567 insurgunt?
2738 2498 2990 2552 Sciebant
3017 2499 3165 2553 illum
3204 2499 3547 2570 coryplneum
3577 2514 3743 2566 esse;

2163 2591 2245 2645 vel
2277 2592 2397 2661 quia
2425 2607 2670 2662 magnum
2702 2601 2817 2647 erat
2841 2593 2941 2647 viri
2970 2608 3184 2647 nomen.
3219 2594 3544 2647 Assumentes
3573 2604 3747 2648 autent

2162 2682 2328 2744 illum,
2361 2683 2553 2752 inquit,
2583 2685 2767 2754 Aquila
2793 2694 2839 2737 et
2872 2682 3109 2738 Priscilla
3132 2725 3148 2750 ,
3184 2684 3474 2755 diligentius
3498 2700 3747 2749 exposue-

2161 2782 2279 2825 runt
2315 2774 2361 2826 ei
2403 2775 2535 2827 viam
2580 2773 2692 2829 Dei.
2726 2774 2857 2829 Vide
2885 2776 3153 2845 quomodo
3177 2778 3353 2830 omnia
3387 2776 3486 2830 fide
3512 2776 3743 2846 perﬁce-

2162 2873 2349 2920 rentur
2392 2875 2445 2921 et
2488 2883 2747 2937 nusquam
2794 2868 3011 2933 invidia,
3047 2883 3305 2938 nusquam
3340 2868 3476 2922 livor
3507 2886 3519 2922 :
3548 2868 3742 2939 Aquila

2160 2958 2358 3023 docet;
2395 2959 2502 3014 imo
2550 2962 2725 3029 potius
2778 2960 2893 3031 ipse
2934 2961 3175 3016 docetur.
3210 2961 3419 3015 Etenim
3469 2963 3748 3031 aliquanto

2162 3057 2401 3118 tempore
2427 3065 2547 3105 cum
2580 3050 2671 3105 illo
2691 3062 2986 3119 versantes,
3016 3053 3095 3108 sic
3124 3052 3295 3107 edocti
3318 3062 3461 3114 sunt,
3496 3063 3549 3106 ut
3578 3053 3745 3108 etiam

2160 3141 2294 3195 alios
2322 3142 2517 3197 docere
2548 3152 2786 3212 possent.
2811 3144 2938 3200 Cum
2963 3155 3129 3198 autem
3156 3146 3299 3199 vellet
3327 3147 3434 3214 ipse
3453 3147 3669 3200 transire
3691 3148 3745 3201 in

2166 3233 2424 3298 Achaiam,
2457 3234 2647 3305 inquit,
2679 3236 3011 3305 scripserunt
3033 3236 3328 3306 discipulis,
3356 3247 3414 3291 ut
3440 3238 3742 3307 reciperent

2159 3340 2302 3379 eum.
2333 3325 2439 3381 Cur
2468 3325 2646 3381 literas
2672 3328 2908 3383 scribant
2936 3328 3133 3385 indicat
3158 3345 3170 3381 :
3208 3328 3273 3385 Ut
3296 3330 3443 3383 illum
3472 3330 3733 3400 recipiant,

2160 3419 2353 3488 inquit.

2234 3511 2489 3576 Quantum
2518 3511 2769 3583 baptisma
2806 3511 2992 3567 Christi
3022 3520 3223 3583 pra'stet
3262 3511 3549 3583 baptismati
3572 3510 3745 3566 Joan-

2162 3602 2261 3655 nis.
2283 3633 2353 3644 —
2383 3602 2448 3657 Et
2488 3603 2626 3658 unde
2654 3604 2817 3673 liquet
2847 3605 2985 3668 illos,
3023 3618 3145 3658 cum
3178 3604 3374 3672 Ephesi
3405 3614 3607 3666 essent,
3641 3605 3745 3658 ha-

2160 3696 2350 3765 ptisma
2379 3693 2600 3750 Joannis
2626 3695 2909 3749 habuisse?
2935 3695 3065 3762 Quia
3090 3695 3419 3765 interrogati,
3446 3694 3510 3748 In
3536 3713 3635 3762 quo
3656 3697 3748 3750 ba-

2160 3786 2338 3856 ptizati
2361 3788 2478 3841 estis
2499 3787 2525 3840 ?
2554 3786 2738 3841 dicunt
2766 3803 2780 3841 :
2812 3785 2879 3839 In
2927 3786 3146 3840 Joannis
3199 3786 3515 3854 baptismate.
3540 3788 3745 3842 Forsan

2162 3888 2285 3934 tunc
2313 3879 2701 3951 Jerosolymam
2732 3894 2790 3934 se
2820 3878 3175 3941 contulerant,
3207 3888 3261 3933 et
3287 3878 3537 3933 abierunt
3567 3888 3621 3933 et
3654 3881 3749 3934 ba-

2162 3971 2341 4039 ptizati
2365 3982 2488 4027 sunt
2512 3989 2526 4037 ;
2552 3971 2643 4026 sed
2666 3972 2826 4025 etiam
2862 3970 3131 4039 baptizati,
3151 3969 3329 4025 Jesum
3353 3988 3457 4023 non
3481 3973 3745 4026 sciebant.

2160 4061 2270 4116 Nec
2300 4062 2425 4117 dicit
2446 4063 2545 4130 eis,
2576 4061 2807 4117 Creditis
2836 4061 2887 4115 in
2918 4061 3134 4116 Jesum?
3160 4060 3253 4115 sed
3298 4061 3461 4131 quid?
3485 4062 3544 4115 Si
3574 4062 3751 4130 Spiri-

2163 4164 2268 4208 tum
2293 4164 2521 4208 sanctum
2550 4155 2816 4225 accepistis
2834 4156 2860 4208 ?
2879 4154 3081 4209 sciebat
3102 4155 3244 4210 enim
3274 4156 3417 4225 quod
3452 4171 3559 4210 non
3585 4158 3737 4211 habe

2164 4256 2303 4302 rent.
2334 4247 2402 4302 Et
2446 4248 2556 4301 vult
2602 4248 2652 4301 id
2694 4248 2813 4302 illos
2840 4247 3053 4312 dicere,
3083 4256 3141 4301 ut
3186 4248 3418 4302 scientes
3472 4248 3599 4317 quid
3647 4250 3751 4301 sibi

2162 4338 2393 4402 deesset,
2424 4338 2475 4393 id
2507 4348 2769 4407 peterent.
2805 4337 2870 4391 Et
2897 4339 3201 4407 imponente,
3228 4339 3416 4409 inquit,
3442 4339 3548 4391 illis
3581 4336 3755 4393 Puqu

2163 4444 2365 4494 manus,
2395 4430 2527 4482 venit
2556 4426 2782 4499 Spiritus
2809 4439 3012 4482 sanctus
3040 4445 3191 4497 super
3217 4445 3320 4493 eos,
3343 4439 3389 4482 et
3417 4429 3759 4495 loquebantur

2164 4521 2349 4592 linguis
2363 4529 2409 4574 et
2438 4520 2820 4591 prophetabant.
2848 4521 2930 4576 Ab
2966 4522 3079 4590 ipso
3112 4520 3375 4591 baptismo
3401 4521 3754 4590 prOpItetant.

2164 4613 2276 4667 Hoc
2317 4621 2493 4665 autem
2533 4611 2754 4667 Joannis
2782 4611 3042 4681 baptisma
3088 4626 3191 4666 non
3223 4611 3489 4675 habebat;
3522 4612 3756 4679 ideoque

2164 4704 2531 4774 imperfectum
2578 4714 2714 4758 erat.
2746 4703 2813 4759 Ut
2844 4720 3004 4773 porro
3054 4704 3135 4757 his
3179 4704 3323 4771 digni
3378 4702 3713 4759 haberentur
3744 4750 3761 4769 ,

2166 4797 2483 4865 praeparavit
2512 4796 2650 4850 illos.
2681 4794 2861 4864 Itaque
2892 4796 2991 4850 hoc
3019 4795 3229 4850 volebat
3252 4795 3490 4850 Joannes
3516 4810 3640 4849 cum
3673 4798 3763 4849 ba-

2164 4886 2417 4956 ptizabat,
2442 4895 2501 4940 ut
2530 4886 2808 4941 crederent
2856 4887 2907 4940 in
2937 4896 3215 4941 venturum
3245 4898 3365 4957 post
3397 4888 3592 4957 ipsum.
3621 4889 3763 4944 llinc

2168 4977 2469 5032 ostenditur
2524 4993 2774 5048 magnum
2817 4977 3030 5046 dogma,
3059 4978 3202 5047 quod
3237 4978 3326 5047 qui
3380 4978 3722 5048 baptizaotnr
3746 5025 3761 5045 ,

2167 5067 2404 5138 perfecte
2427 5084 2456 5121 a
2486 5069 2715 5138 peccatis
2738 5078 3051 5138 purgentur.
3073 5068 3183 5121 Nisi
3212 5068 3355 5122 enim
3372 5081 3761 5139 purgarentur,

2166 5164 2421 5232 Spiritum
2467 5177 2569 5217 non
2608 5162 2934 5230 acciperent,
2968 5178 3073 5215 non
3117 5162 3295 5215 statim
3334 5161 3762 5216 charismatibus

2168 5256 2528 5323 dignarentur.
2562 5252 2630 5307 Et
2653 5253 2774 5307 vide
2797 5252 2936 5323 quod
2963 5252 3157 5322 duplex
3191 5261 3316 5307 tunc
3342 5253 3610 5307 charisma
3637 5255 3763 5309 sive

2168 5348 2366 5402 donum
2398 5346 2595 5407 fuerit,
2626 5356 2680 5401 et
2707 5347 2898 5415 lingua:
2945 5356 2993 5401 et
3028 5345 3343 5416 prophetiae.
3378 5345 3545 5400 Recte
3572 5355 3756 5400 autem

2169 5440 2303 5494 dixit
2330 5440 2587 5509 baptisma
2618 5438 2839 5493 Joannis
2884 5438 3208 5508 paenitentiae
3232 5453 3353 5494 esse
3376 5479 3392 5502 ,
3419 5454 3527 5493 non
3573 5448 3757 5492 autem

2171 5532 2503 5588 remissionis
2534 5550 2547 5586 :
2574 5532 2785 5602 erigens
2833 5531 2950 5585 illos
2991 5530 3332 5599 suadensque
3378 5530 3477 5593 eis,
3520 5528 3625 5583 hoc
3664 5543 3753 5581 va-

2171 5639 2329 5678 cuum
2353 5622 2537 5679 fuisse
2582 5623 2902 5693 baptismum
2953 5622 3102 5676 illum
3137 5641 3150 5675 :
3186 5637 3309 5675 nam
3354 5621 3624 5691 posterius
3648 5620 3756 5675 dati

2174 5717 2419 5788 baptismi
2442 5732 2576 5788 npus
2602 5729 2718 5772 erat
2741 5717 2985 5773 remissio
3007 5716 3113 5771 illa.
3146 5714 3211 5770 Et
3233 5713 3503 5786 quomodo
3536 5714 3627 5785 qui
3649 5708 3771 5779 Spi-
