4036 6212
288 405 395 461 283

287 521 415 586 τοῖς
435 519 732 590 μαθηταῖς
749 519 1155 582 ἀποδέξασθαι
1187 519 1390 574 αὐτόν.
1432 523 1528 587 ὀς
1562 521 1958 592 παραγενόμε-

288 627 396 674 νος
427 607 798 662 συνεϐάλετο
852 607 1012 660 πολὺ
1044 599 1169 671 τοῖς
1224 609 1658 662 πεπιστευκόσι
1688 609 1785 663 διὰ
1845 608 1957 676 τῆς

289 695 553 764 χάριτος.
583 695 856 758 Ε’ὑτόνως
881 693 992 762 γὰρ
1029 692 1152 758 τοῖς
1219 693 1525 761 Ἰουδαίοις
1568 695 1956 765 διακατηλέγ-

291 800 430 851 χετο
484 781 769 851 δημοσίᾳ,
817 779 1157 844 ἐπιδεικνὺς
1201 779 1298 833 διὰ
1335 779 1454 833 τῶν
1504 778 1760 850 Γραφῶν
1804 777 1958 837 εἶναι

295 871 401 920 τὸν
420 866 683 935 Χριστὸν
721 865 981 932 Ἰησοῦν.
1023 865 1292 935 Ἐγένετο
1323 865 1391 919 δέ
1410 867 1480 920 ἐν
1504 865 1584 933 τῷ
1605 868 1711 921 τὸν
1754 869 1960 922 Ἀπολ⁸

293 953 383 1008 λὼ
413 947 565 1006 εἶναι
603 953 672 1005 ἐν
701 953 980 1019 Κορίνθῳ,
1008 952 1250 1005 Παῦλον
1303 950 1615 1004 διελθόντα
1640 951 1712 1006 τὰ
1747 953 1962 1006 ἀνωτε-

292 1039 427 1108 ρικὰ
451 1038 632 1106 μέρη,
679 1037 878 1091 ἐλθεῖν
931 1038 1016 1102 εἰς
1075 1037 1361 1105 Ἔφεσον.
1400 1037 1508 1090 Καὶ
1563 1035 1752 1106 εὑρών
1791 1054 1962 1103 τινας

292 1126 582 1196 μαθητὰς,
623 1121 751 1178 εἶπε
774 1123 921 1192 πρὸς
954 1124 1195 1189 αὐτούς·
1231 1125 1302 1177 Ei
1351 1122 1592 1192 Πνεῦμα
1626 1123 1796 1194 ἅγιον
1823 1123 1962 1178 ἐλά-

301 1216 426 1266 εετε
451 1213 932 1276 πιστεύσαντες;
962 1213 1025 1264 Οἱ
1050 1209 1118 1263 δὲ
1146 1211 1323 1266 εἷπαν
1353 1211 1502 1278 πρὸς
1551 1212 1754 1266 αὐτόν·
1798 1212 1962 1267 Ἀλλ’

299 1297 439 1353 οὐδὲ
467 1300 522 1351 εί
549 1297 790 1366 Πνεῦμα
841 1297 1011 1367 ἅγιόν
1058 1297 1244 1361 ἐστιν,
1285 1299 1648 1367 ἠκούσαμεν.
1704 1295 1854 1352 Εἷπέ
1903 1315 1962 1352 τε

299 1385 444 1452 πρὸς
477 1383 723 1448 αὐτούς·
760 1385 864 1448 Είς
900 1384 958 1435 τί
988 1376 1104 1437 οὖν
1126 1382 1545 1449 ἐϐαπτίσθητε;
1580 1387 1643 1437 Ol
1674 1383 1742 1436 δέ
1768 1380 1959 1436 εἶπον·

292 1474 390 1537 Εἰς
421 1471 487 1524 τὸ
528 1468 808 1524 Ἰωάννου
829 1468 1171 1537 βάπτισμα.
1204 1465 1352 1524 Εἷπε
1376 1468 1443 1522 δὲ
1472 1470 1730 1536 Παῦλος·
1768 1469 1963 1524 Ἰωάν-

296 1574 411 1624 νης
434 1557 551 1626 μὲν
577 1556 864 1609 ἐϐάπτισε
883 1555 1199 1624 βάπτισμα
1225 1557 1569 1625 μετανοίας,
1599 1556 1679 1622 τῷ
1709 1555 1834 1621 λαῷ
1866 1557 1962 1611 λέ-

296 1661 441 1714 γων,
469 1647 555 1708 είς
578 1644 686 1697 τὸν
705 1643 1032 1712 ἐρχόμενον
1052 1645 1177 1711 μετ’
1204 1643 1393 1696 αὐτὸν
1425 1643 1524 1696 ἳνα
1570 1644 1959 1697 πιστεύσωσι-

298 1731 633 1796 τουτέστιν,
655 1732 742 1794 είς
767 1731 875 1782 τὸν
899 1729 1154 1798 Χριστὸν
1196 1729 1446 1797 Ἰησοῦν.
1488 1730 1875 1796 Ἀκούσαντες
1897 1730 1965 1784 δέ

297 1819 750 1886 ἐϐαπτίσθησαν
776 1820 864 1883 είς
886 1816 950 1869 τὸ
983 1817 1170 1886 ὄνομα
1201 1817 1306 1870 τοῦ
1342 1817 1562 1885 Κυρίου
1602 1818 1819 1884 Ἰησοῦ.
1854 1817 1962 1871 Καὶ

292 1905 610 1969 ἐπιθέντος
639 1891 982 1969 αὺτοῖςτοῦ
1001 1905 1245 1957 Παύλου
1279 1903 1384 1967 τὰς
1427 1903 1648 1972 χεῖρας,
1702 1900 1848 1972 ἦλθε
1898 1904 1963 1957 τὸ

290 1991 540 2059 Πνεῦμα
562 1991 627 2044 τὸ
661 1991 830 2060 ἅγιον
853 1990 944 2044 ἐπ’
969 1991 1210 2056 αὐτούς·
1243 1989 1508 2043 ἐλάλουν
1554 2007 1617 2043 τε
1659 1991 1965 2058 γλώσσαις

287 2077 391 2130 καὶ
417 2077 575 2149 [505]
610 2077 1039 2147 προεφήτευον.
1073 2073 1270 2130 Ἦσαν
1315 2076 1384 2129 δὲ
1415 2079 1468 2131 οἱ
1501 2076 1722 2143 πάντες
1750 2077 1965 2145 ἄνδρες

289 2165 434 2218 ὡσεὶ
459 2163 743 2218 δεκαδύο.
769 2163 953 2234 Πολλῴ
977 2159 1120 2218 οὗτοι
1143 2162 1350 2216 ἐκείνου
1374 2163 1744 2232 διεστήκασιν,
1772 2165 1820 2216 οί
1859 2180 1965 2234 μη-

287 2252 346 2305 δὲ
369 2254 419 2306 εί
455 2252 685 2323 Πνεῦμα
716 2252 866 2320 ἅγιόν
911 2254 1057 2306 ἐστιν
1115 2252 1335 2315 εἰδότες.
1389 2244 1548 2305 Οὗτοι
1605 2247 1718 2317 οὖν,
1777 2253 1826 2305 οἳ
1871 2253 1966 2304 καὶ

287 2341 692 2411 ἀκριϐέστερον
711 2340 858 2409 αὐτῲ
886 2339 1135 2404 ἐξέθεντο
1165 2341 1264 2411 τήν
1300 2339 1415 2393 ὁδὸν
1460 2338 1556 2392 τοῦ
1606 2340 1834 2410 Κυρίου,
1870 2340 1965 2392 καὶ

289 2429 692 2498 προπέμπουσι
723 2468 739 2492 ,
784 2430 874 2480 καὶ
917 2428 1220 2499 γράμματα
1277 2427 1623 2482 ἐπιδιδόασιν.
1685 2428 1965 2483 Ἐϐούλετο

289 2516 393 2586 μὲν
427 2512 524 2569 οῦν
557 2517 654 2569 καὶ
703 2516 862 2579 αὐτὸς
917 2515 1173 2568 ἀπελθεῖν
1227 2516 1306 2579 εἰς
1342 2514 1586 2585 Ἀχαΐαν·
1625 2514 1730 2585 πρὸ
1769 2514 1825 2567 δὲ
1868 2513 1963 2567 τοῦ

288 2604 625 2675 προτρέψαι,
660 2604 750 2655 καὶ
770 2603 1074 2674 γράμματα
1105 2600 1289 2656 δοῦναι
1324 2601 1470 2672 αὐτῷ
1523 2603 1649 2666 τοὺς
1677 2602 1966 2672 ἀδελφοὺς,

284 2693 390 2744 οὐκ
418 2693 716 2763 ἀναχωρεῖ.
753 2692 857 2755 Ὀς
882 2691 1360 2758 παραγενόμενος
1386 2688 1775 2751 συνεϐάλετο,
1807 2690 1962 2758 φησὶ,

285 2779 417 2846 τοῖς
462 2779 958 2832 πεπιστευκόσιν·
1013 2777 1276 2841 εὐτόνως
1300 2776 1411 2844 γὰρ
1461 2775 1964 2845 διακατηλέγχετο

284 2867 560 2937 δημοσίᾳ
583 2866 976 2920 ἐπιδεικνύων
1000 2864 1098 2918 διὰ
1123 2863 1241 2918 τῶν
1260 2863 1512 2933 Γραερῶν
1534 2861 1687 2917 εἶναι
1711 2865 1819 2917 τὸν
1841 2867 1966 2931 Χρι-

282 2953 448 3008 στὸν
487 2953 756 3021 Ἰησοῦν.
789 2952 1068 3008 Ἐντεῦθεν
1099 2952 1215 3016 πῶς
1238 2947 1306 3023 ἦν
1351 2951 1569 3014 δυνατὸς
1600 2954 1658 3004 ἐν
1679 2955 1799 3016 ταῖς
1820 2951 1962 3022 Γρα-

283 3045 425 3111 φαῖς
467 3039 740 3103 ’Δπολλὼς
767 3039 1022 3094 δείκνυσι.
1057 3041 1195 3102 Τοὺς
1242 3039 1466 3110 μὲνγὰρ
1507 3039 1792 3103 Ἰουδαίους
1845 3040 1968 3109 σφό·

283 3131 395 3200 δρα
434 3128 762 3198 ἐπεστόμιζε
793 3127 970 3198 (τοῦτο
1007 3127 1114 3198 γάρ
1143 3129 1257 3180 ἐστι
1299 3127 1382 3191 τὸ,
1409 3127 1962 3197 Διακατηλέγχετο),

285 3218 422 3280 τούς
461 3216 516 3268 δέ
538 3213 895 3277 πιστεύοντας
926 3215 1148 3286 θαρρεῖν
1205 3213 1404 3285 μᾶλλον
1430 3213 1625 3277 ἐποίει,
1681 3213 1774 3267 καὶ
1807 3215 1960 3267 ἵστα-

292 3305 420 3357 σθαι
460 3305 598 3373 πρὸς
642 3304 743 3372 τὴν
787 3302 988 3356 πίστιν.
1036 3301 1296 3372 Ἐγένετο
1357 3301 1445 3363 δέ,
1514 3301 1667 3370 φησὶ,
1715 3301 1961 3354 Παῦλον

290 3391 610 3446 διελθόντα
643 3391 713 3444 τὰ
743 3387 1063 3457 ἀνωτερικὰ
1105 3388 1257 3458 μέρη
1287 3389 1488 3443 ἐλθεῖν
1527 3391 1615 3454 εὶς
1669 3390 1958 3458 Ἔφεσον.

291 3481 480 3533 Ταῦτα
507 3481 572 3550 δὴ
595 3480 665 3532 τά
696 3478 835 3532 κατά
861 3477 1192 3548 Καισάρειαν
1214 3478 1307 3530 καὶ
1336 3477 1403 3531 τά
1422 3478 1604 3531 λοιπά.
1631 3479 1740 3532 Kal
1770 3479 1962 3546 εὑρών

292 3585 463 3633 τινας
481 3567 773 3637 μαθητὰς,
807 3562 938 3620 εἷπε
970 3565 1120 3634 πρὸς
1149 3566 1390 3630 αὐτούς·
1422 3567 1488 3618 El
1514 3565 1754 3634 Πνεῦμα
1787 3566 1961 3635 ἄτιον

293 3657 539 3710 ἐλάϐετε
560 3655 1000 3720 πιστεύσαντες
1017 3671 1036 3716 ;
1069 3654 1193 3706 ’Ότι
1251 3653 1373 3705 ούδέ
1423 3655 1504 3716 εἰς
1555 3653 1789 3723 Χριστὸν
1839 3655 1961 3707 ἐπί-

297 3759 481 3796 στευον
508 3736 678 3806 οῦτοι,
706 3741 865 3810 δῆλον
890 3743 955 3794 ἐκ
983 3739 1077 3793 τοῦ
1103 3741 1297 3794 εἰπεῖν·
1347 3741 1451 3805 Είς
1485 3738 1590 3793 τὸν
1635 3738 1962 3809 ἐρχόμενον

286 3831 413 3899 μετ’
443 3831 655 3890 αὐτόν,
685 3831 786 3882 ἵνα
837 3829 1231 3888 πιστεύσωσι.
1268 3827 1376 3880 Καὶ
1428 3827 1529 3880 οὐκ
1576 3821 1749 3894 εἶπεν,
1793 3828 1959 3882 Οὐδέν

293 3921 408 3972 ἐστι
442 3920 504 3972 τὸ
526 3917 812 3988 βάπτισμα
843 3915 1108 3970 Ἰωάννου·
1152 3914 1266 3967 ἀλλ’
1300 3915 1382 3968 ὄτι
1436 3913 1645 3978 ἀτελές.
1679 3915 1790 3968 Kal
1836 3915 1958 3968 οὐδέ

290 4007 448 4060 τοῦτο
482 4004 829 4077 προσέθηκεν
859 4003 1065 4068 ἁπλῶς,
1093 4002 1209 4056 ἀλλ’
1241 4003 1327 4056 ἵνα
1348 4002 1536 4072 διδάξῃ
1562 4003 1656 4055 καὶ
1677 4000 1842 4075 πείσῃ
1864 4002 1959 4056 αὐ-

291 4096 417 4158 τοῦς
441 4097 522 4157 είς
550 4093 612 4146 τὸ
643 4093 816 4163 ὄνομα
833 4091 927 4144 τοῦ
961 4091 1135 4162 Ἰησοῦ
1169 4090 1550 4161 βαπτισθῆναι·
1597 4090 1626 4143 ὃ
1651 4091 1744 4143 καὶ
1775 4090 1960 4144 ποιοῦ-

291 4198 364 4243 σι,
389 4184 486 4234 καὶ
510 4181 573 4234 τὸ
591 4179 820 4248 Πνεῦμα
844 4177 1177 4248 λαμϐάνουσι
1207 4180 1275 4250 τῇ
1301 4177 1542 4232 ἐπιθέσει
1597 4179 1709 4233 τῶν
1759 4179 1960 4250 χειρῶν

291 4269 528 4323 Παύλου.
576 4266 911 4331 Ἐπιθέντος
936 4265 1065 4335 γὰρ,
1099 4265 1284 4335 φησιν,
1321 4264 1522 4332 αὐτοῖς
1558 4264 1660 4318 τοῦ
1711 4265 1957 4321 Παύλου

289 4360 395 4423 τὰς
417 4358 646 4427 χεῖρας,
676 4352 824 4426 ἦλθε
859 4355 924 4408 τὸ
968 4355 1211 4424 Πνεῦμα
1247 4353 1316 4407 τὸ
1363 4354 1533 4422 ἅγιον
1573 4353 1664 4407 ἐπ’
1713 4357 1954 4422 αὐτούς.

291 4447 456 4498 Ὥστε
482 4439 564 4507 οἷς
597 4442 834 4496 ἐπετίθει
881 4441 978 4506 τὰς
1004 4445 1211 4514 χεῖρας,
1250 4441 1310 4493 τὸ
1357 4440 1582 4511 Πνεῦμα
1630 4441 1957 4513 ἐλάμϐανον.

290 4535 450 4597 Εἰκὸς
470 4533 656 4586 τοίνυν
700 4527 767 4601 ἦν
795 4530 1020 4600 Πνεῦμα
1053 4531 1152 4602 μὲν
1199 4530 1395 4592 αὐτοὺς
1432 4529 1594 4599 ἔχειν,
1615 4526 1713 4601 ’μὴ
1773 4531 1960 4598 φαίνε-

291 4620 416 4672 σθαι
438 4620 519 4674 δέ·
557 4618 672 4672 ἀλλ’
698 4619 762 4670 ἐκ
790 4617 890 4686 τῆς
912 4616 1192 4689 ἐνεργείας
1216 4617 1312 4670 καὶ
1330 4615 1423 4685 ἀφ’
1442 4631 1518 4670 ων
1538 4615 1811 4684 γλώσσαις
1829 4617 1956 4671 ἐλά-

288 4705 437 4773 λουν,
464 4703 629 4759 τοῦτο
654 4704 947 4773 ἐνέφαινον.

362 5008 429 5078 β’.
446 5005 591 5061 Ἀλλ’
625 5004 824 5073 ίδωμεν
849 5002 1050 5056 ἄνωθεν
1074 5003 1140 5054 τὰ
1172 5001 1576 5071 ἀνεγνωσμένα.
1616 5002 1677 5054 '0
1702 4999 1769 5052 δέ
1795 4999 1955 5054 Παῦ-

290 5101 400 5163 λος
443 5095 690 5159 ἐξέπλει
735 5093 823 5158 είς
869 5090 986 5159 τὴν
1031 5093 1273 5157 Συρίαν,
1312 5091 1468 5160 φησὶ,
1515 5089 1612 5142 καὶ
1649 5089 1771 5143 σὺν
1797 5086 1956 5152 αὐτῷ

292 5184 633 5250 Πρίσκιλλα
655 5180 754 5232 καί
790 5180 1056 5243 Ἀκύλας,
1077 5175 1168 5241 οὓς
1193 5177 1284 5230 καὶ
1309 5176 1652 5246 καταντήσας
1681 5177 1759 5237 είς
1792 5176 1958 5243 Ἐφε-

294 5289 382 5323 σον
407 5269 703 5323 κατέλιπεν
731 5266 918 5321 αὐτοῦ.
944 5265 1013 5318 Ἦ
1033 5267 1114 5318 ὅτι
1150 5265 1250 5317 οὐκ
1279 5263 1528 5316 ἐϐούλετο
1552 5263 1834 5333 περιάγειν
1855 5262 1955 5314 αὐ-

290 5359 436 5422 τοὺς,
465 5355 564 5409 καὶ
587 5355 676 5407 διὰ
707 5354 865 5407 τοῦτο
898 5353 1206 5406 κατέλιπεν·
1262 5351 1295 5422 ἢ
1335 5350 1534 5420 μᾶλλον
1588 5349 1674 5402 ἵνα
1699 5350 1954 5403 διδάσκα-

293 5445 367 5498 λοι
390 5444 600 5513 μένωσι
649 5445 758 5505 τοίς
786 5443 842 5495 ἐν
885 5441 1112 5510 Ἐφέσῳ.
1163 5440 1327 5494 Αὐτοὶ
1353 5439 1408 5492 δέ
1462 5437 1601 5509 μετὰ
1634 5437 1806 5492 ταῦτα
1853 5437 1952 5508 τὴν

294 5532 554 5603 Κόρινθον
577 5530 821 5601 ᾤκησαν,
851 5528 930 5594 οἷς
975 5531 1068 5585 καὶ
1109 5530 1318 5601 μεγάλα
1361 5530 1643 5600 μαρτυρεῖ,
1670 5528 1764 5581 καὶ
1819 5528 1954 5581 Ῥω-

301 5619 474 5690 μαίοις
496 5618 829 5672 ἐπιστέλλων
858 5617 1252 5689 προσαγορεύει
1286 5615 1502 5679 αὐτούς.
1557 5615 1717 5668 Ὅθεν
1754 5633 1842 5686 μοι
1866 5617 1951 5668 δο-

297 5711 375 5760 κεῖ
408 5706 552 5776 μετά
577 5705 750 5760 ταῦτα
775 5707 966 5768 αὐτοὺς
998 5707 1077 5768 έῐς
1121 5704 1336 5775 Ῥώμην
1365 5703 1635 5769 ἀπελθεῖν·
1668 5703 1761 5757 ἅτε
1791 5707 1954 5773 ῥίμφ’

300 5797 666 5869 λοχωροῦντας
721 5800 834 5858 τοῖς
878 5811 1061 5859 τόποις
1096 5796 1346 5856 ἐκείνοις,
1385 5796 1506 5848 ὅθεν
1557 5794 1812 5857 ἐξέπεσον
1861 5795 1952 5846 ἐπὶ

301 5886 539 5954 Νέρωνος
590 5885 694 5938 Kal
722 5887 1000 5948 καταϐάς,
1053 5883 1238 5951 φησιν,
1269 5884 1354 5946 εἱς
1391 5881 1771 5948 Καισάρειαν,
1809 5882 1954 5938 ἀνα-

306 5975 399 6030 διις
431 5972 530 6023 καὶ
558 5971 990 6039 ἀσπασάμενος
1026 5970 1137 6036 τὴν
1207 5969 1594 6039 Ἐκκλησίαν,
1625 5969 1835 6039 κατέϐη
1866 5973 1953 6034 εἰς

316 6043 681 6110 Ἀντιόχειαν,
711 6038 819 6096 καί
835 6038 1094 6110 ποιήσας
1129 6039 1341 6109 χρόνον
1368 6038 1518 6102 τινὰ,
1549 6038 1615 6102 ἐξ
1624 6038 1784 6107 ἦλθε,
1804 6039 1952 6108 διερ-

1454 405 1521 459 IN
1550 405 1736 461 ACTA
1775 403 2302 464 APOSTOLORUM.
2329 403 2562 462 HOMIL.
2604 407 2712 461 XL.
2805 380 2812 388 ’

3605 405 3714 460 284

2055 541 2310 608 χόμενος
2343 538 2458 606 τὴν
2494 537 2839 605 Γαλατικὴν
2885 537 3141 605 καθεξῆς
3165 537 3366 606 χώραν
3417 534 3515 590 καὶ
3563 539 3710 606 Φρυ-

2055 627 2210 696 γίαν.
2264 627 2416 698 Ἐμοὶ
2439 625 2653 678 δοκοῦσι
2683 624 2776 678 καὶ
2796 626 2845 677 οἱ
2877 626 3056 678 πιστοὶ
3091 624 3170 677 ἔτι
3197 625 3314 676 ἐκεῖ
3363 623 3708 692 συνάγεσθαι·

2056 717 2118 770 οὐ
2151 716 2257 787 γάρ
2288 715 2486 778 εὐθέως
2508 714 2706 777 αὐτοὺς
2748 712 3028 768 ἀπέσπων.
3087 713 3230 784 Ὅρα
3257 713 3314 767 δὲ
3370 711 3486 775 πῶς
3518 710 3711 774 αὐτοὺς

2055 803 2351 866 ἐπείγεται.
2402 802 2514 856 Kal
2564 799 2765 863 ταύτας
2820 800 2920 864 τάς
2983 799 3165 871 χώρας
3213 799 3373 853 πάλιν
3419 799 3710 870 διέρχεται,

2055 889 2196 943 ὥστε
2225 892 2291 960 τῇ
2324 889 2594 960 παρουσίᾳ
2639 887 2934 958 βεϐαιῶσαι
2962 889 3086 950 τοὺς
3127 885 3392 957 μαθητάς.
3436 883 3713 951 Ἰουδαῖος

2056 977 2121 1030 δέ
2165 993 2273 1041 τις,
2321 976 2506 1045 φησιν,
2555 974 2850 1039 Ἀπολλὼς
2900 974 3162 1042 ὀνόματι,
3210 973 3592 1041 ’κατήντησεν
3627 975 3715 1038 είς

2061 1065 2346 1133 Ἔφεσον,
2389 1062 2646 1127 δυνατὸς
2698 1059 2782 1114 ὢν
2821 1061 2890 1114 ἐν
2921 1061 3048 1126 ταῖς
3087 1059 3370 1129 Γραφαῖς.
3418 1061 3724 1131 Διεγηγερι

2061 1151 2222 1221 μένος
2274 1147 2341 1221 ἦν
2394 1151 2422 1203 ὁ
2476 1149 2793 1218 ἄνθρωπος·
2840 1147 2920 1200 διὸ
2971 1147 3063 1200 καὶ
3099 1147 3404 1217 ἀποδημίας
3445 1145 3716 1198 στέλλεται

2060 1237 2197 1306 ὐπέρ
2224 1235 2412 1288 τούτου
2452 1235 2639 1290 αὐτοῦ.
2687 1237 2790 1299 Ὃς
2836 1234 3336 1302 παραγενόμενος,
3390 1232 3576 1302 φησὶν,
3631 1234 3717 1298 είς

2072 1325 2328 1392 Ἀχαΐαν,
2369 1325 2628 1387 εὐτόνως
2679 1321 3181 1391 διακατηλέγχετο
3224 1321 3346 1387 τοῖς
3409 1318 3718 1386 Ἰουδαίοις

2059 1409 2339 1478 δημοσίᾳ.
2368 1410 2502 1481 Περὶ
2529 1409 2719 1462 τούτου
2759 1409 2984 1478 γράφων
3025 1408 3196 1477 ἔλεγε·
3231 1407 3371 1476 Περὶ
3403 1407 3471 1460 δέ
3513 1407 3719 1461 Ἀπολ-

2058 1499 2145 1552 λὼ
2173 1499 2278 1552 τοῦ
2311 1498 2596 1567 ἀδελφοῦ.
2619 1497 2709 1569 Τῷ
2732 1498 2828 1568 μὲν
2860 1494 2951 1552 οὖν
2979 1498 3212 1569 δημοσίᾳ
3235 1495 3386 1569 [504]
3403 1496 3661 1567 ἐλέγχειν,
3681 1497 3714 1565 ἡ

2061 1587 2340 1658 παρρησία
2365 1587 2655 1640 ἐδείκνυτο·
2689 1588 2766 1656 τῷ
2787 1587 2843 1639 δέ
2867 1587 3116 1653 εὐτόνως,
3142 1589 3174 1659 ή
3197 1587 3423 1658 δύναμις
3447 1585 3714 1656 ἐδηλοῦτο·

2059 1674 2138 1744 τῷ
2161 1675 2218 1728 δὲ
2251 1676 2315 1727 ἐκ
2352 1675 2459 1729 τῶν
2501 1674 2660 1727 θείων
2690 1675 2923 1746 Γραφῶν
2977 1674 3407 1744 ἐπιδεικνύειν,ή
3437 1672 3714 1744 ἐμπειρία.

2061 1760 2198 1812 υῦτε
2231 1761 2339 1831 γὰρ
2367 1763 2400 1831 ή
2450 1761 2729 1832 παρρησία
2782 1779 2835 1814 τι
2883 1762 3124 1815 συντελεῖ
3149 1761 3268 1814 καθ’
3298 1759 3495 1830 ἑαυτὴν
3518 1772 3566 1825 ιι,
3619 1759 3720 1811 οὐκ

2061 1846 2226 1917 οὔσης
2255 1848 2555 1918 δυνάμεως,
2586 1846 2709 1900 οὐτε
2738 1850 2770 1918 ή
2799 1848 3046 1919 δύναμις,
3075 1849 3174 1901 οὐκ
3194 1846 3358 1918 οὐσης
3387 1847 3716 1918 παρρησίας.

2064 1937 2207 2006 Ἀρα
2233 1936 2333 1988 οὐκ
2359 1935 2482 2003 εἰκῆ
2557 1935 2788 1988 ’Λκύλαν
2824 1936 3113 1989 κατέλιπεν
3144 1937 3222 1997 εἰς
3279 1935 3531 2002 Ἔφεσον,
3584 1931 3720 1985 ἀλλὰ

2059 2021 2147 2075 διὰ
2166 2022 2261 2075 τὸν
2300 2020 2546 2074 Ἀπολλὼ
2599 2023 2739 2091 τάχα
2769 2021 2829 2074 τὸ
2875 2021 3098 2091 Πνεῦμα
3147 2020 3302 2073 τοῦτο
3346 2019 3715 2089 ᾠκονόμησεν,

2061 2109 2199 2163 ὥστε
2234 2110 2576 2180 ἰσχυρότερον
2608 2110 2858 2178 ἐπιϐῆναι
2880 2112 2944 2179 τῇ
2974 2108 3240 2179 Κορίνθῳ.
3279 2108 3386 2159 Kal
3438 2107 3490 2158 τί
3519 2106 3716 2174 δήποτε

2060 2197 2236 2266 τούτῳ
2263 2197 2360 2267 μὲν
2382 2197 2534 2249 οὐδὲν
2556 2197 2832 2267 ἐποίησαν,
2858 2196 3053 2265 Παύλῳ
3082 2196 3138 2248 δὲ
3167 2194 3524 2258 ἐπιτίθενται;
3559 2193 3718 2262 ᾜδε·⁸

2064 2302 2181 2348 σαν,
2209 2285 2290 2336 ὅτι
2310 2286 2514 2347 ἐκεῖνος
2542 2286 2570 2337 ὁ
2600 2286 2899 2356 κορυφαῖος
2919 2279 3004 2352 ἦν·
3041 2282 3072 2351 ἣ
3129 2283 3223 2336 καὶ
3251 2282 3334 2335 ὅτι
3364 2280 3496 2335 πολύ
3522 2279 3582 2333 τὸ
3601 2281 3718 2332 δνο-

2064 2389 2140 2441 μα
2164 2371 2256 2424 τοῦ
2306 2370 2497 2441 ἀνδρὸς
2536 2367 2624 2442 ἦν·
2663 2371 3101 2439 Προλαϐόμενοι
3161 2369 3250 2434 δὲ,
3299 2370 3486 2438 φησὶν,
3531 2365 3722 2421 αὑτὸν

2073 2459 2322 2522 Ἀκύλας
2345 2457 2445 2510 καὶ
2478 2457 2837 2525 Πρίσκιλλα,
2869 2456 3286 2526 ἀκριϐέστερον
3309 2454 3467 2520 αὐτῷ
3494 2452 3722 2519 ἐξέθεν-

2061 2564 2127 2600 το
2156 2547 2270 2616 τὴν
2295 2546 2401 2600 τοῦ
2433 2546 2580 2600 Θεοῦ
2629 2547 2793 2601 όδόν.
2829 2547 2971 2616 Ὅρα
2999 2545 3115 2609 πῶς
3141 2546 3318 2599 πάντα
3345 2545 3522 2596 πίστει
3553 2543 3718 2611 ἐγίνε-

2059 2653 2140 2699 το,
2192 2636 2286 2689 καὶ
2324 2633 2558 2705 οὐδαμοῦ
2589 2634 2802 2703 φθόνος,
2854 2631 3090 2702 οὐδαμοῦ
3131 2631 3424 2702 βασκανία·
3487 2629 3717 2693 Ἀκύλας

2061 2723 2322 2788 διδάσκει,
2351 2722 2552 2793 μᾶλλον
2575 2722 2632 2775 δέ
2656 2721 2751 2775 καὶ
2781 2713 2936 2784 οὗτος
2965 2720 3296 2774 διδάσκεται.
3320 2720 3430 2773 Kal
3458 2719 3564 2794 γάρ
3591 2717 3716 2788 χρό-

2060 2827 2149 2862 νον
2176 2809 2324 2880 αὐτῷ
2348 2809 2729 2878 συγγενόμενοι
2769 2806 2940 2871 οὕτως
2989 2807 3359 2877 ἐδιδάχθησαν,
3385 2805 3459 2869 ὼς
3497 2806 3590 2859 καὶ
3632 2804 3718 2857 ἄλ-

2060 2889 2184 2954 λους
2214 2892 2431 2954 ἱκανοὺς
2484 2887 2623 2944 εἶναι
2665 2889 2956 2944 διδάσκειν.
3009 2889 3380 2958 Βουλομένου
3413 2887 3481 2940 δέ
3529 2886 3714 2940 αὐτοῦ

2059 2976 2335 3039 διελθεῖν,
2369 2978 2558 3048 φησὶν,
2583 2977 2670 3041 είς
2696 2975 2810 3043 τὴν
2847 2976 3099 3044 Ἀχαΐαν,
3140 2973 3382 3046 ἔγραψαν
3403 2975 3514 3037 τοῖς
3541 2972 3716 3042 μαθη-

2058 3069 2179 3130 ταῖς
2202 3066 2568 3132 ἀποδέξασθαι
2585 3066 2768 3120 αὐτόν.
2798 3065 2956 3129 Τίνος
2993 3064 3177 3119 ἕνεκεν
3230 3063 3531 3134 γράμματα
3576 3061 3715 3132 πέμ-

2061 3172 2273 3221 πουσιν,
2342 3153 2653 3227 ἐρμηνεύει·
2684 3154 2848 3222 Ἵνα,
2887 3153 3075 3224 φησὶν,
3135 3150 3320 3207 αὑτὸν
3374 3149 3715 3215 ἀποδέξων-

2061 3257 2173 3294 ται.

2130 3440 2237 3494 Kal
2264 3439 2426 3492 πόθεν
2443 3437 2598 3508 δῆλον
2616 3436 2856 3498 ἐκείνους
2873 3440 2928 3489 ἐν
2944 3435 3152 3506 Ἐφέσῳ
3170 3435 3329 3498 ὄντας
3355 3433 3416 3487 τδ
3435 3434 3715 3505 βάπτισμα

2055 3529 2199 3600 ἔχειν
2233 3528 2511 3591 Ἰωάννους
2537 3526 2659 3579 Ὅτι
2680 3523 3042 3595 ἐρωτώμενοι,
3064 3524 3167 3589 Είς
3197 3523 3256 3576 τί
3289 3521 3720 3588 ἐϐαπτίσθητε;

2058 3623 2161 3684 Είς
2183 3618 2249 3670 τὸ
2271 3615 2566 3681 Ἰωάννου,
2594 3611 3346 3683 λέγουσι,βάπτισμα.“ισως
3366 3609 3715 3681 ἐπεδήμησαν

2055 3710 2165 3772 τοῖς
2198 3706 2588 3777 Ἰεροσολύμοις
2613 3706 2758 3769 τότε,
2789 3702 2884 3757 καὶ
2912 3702 3176 3773 ἀπῆλθον,
3212 3703 3307 3756 καὶ
3333 3700 3709 3754 ἐϐαπτίσαντο·

2053 3795 2190 3849 ἀλλά
2218 3795 2313 3849 καὶ
2347 3793 2752 3864 βαπτισθέντες,
2778 3791 2870 3846 τὸν
2906 3790 3110 3862 Ἰησοῦν
3139 3793 3238 3843 οὐκ
3260 3789 3576 3859 ἠπίσταντο.
3607 3788 3715 3840 Καὶ

2054 3884 2114 3935 οὐ
2144 3882 2293 3950 λέγει
2330 3883 2542 3944 αὐτοῖς·
2578 3878 2867 3932 Πιστεύετε
2901 3880 2980 3940 εἰς
3004 3878 3096 3931 τὸν
3137 3877 3381 3948 Ἰησοῦν;
3439 3874 3574 3929 ἀλλὰ
3621 3874 3712 3940 τίς

2050 3971 2119 4023 El
2156 3968 2400 4038 Πνεῦμα
2433 3967 2603 4036 ἅγιον
2633 3965 2872 4019 ἐλάϐετε
2891 3979 2912 4030 ,°
2967 3964 3082 4035 ᾔδει
3111 3962 3241 4034 γάρ,
3283 3963 3365 4016 ὅτι
3397 3963 3497 4014 οὐκ
3547 3956 3710 4031 εἶχον.

2055 4055 2166 4108 Kal
2195 4054 2440 4126 βούλεται
2469 4052 2662 4115 αὐτοὺς
2686 4052 2880 4115 εἰπεῖν,
2923 4049 3009 4102 ἵνα
3061 4049 3325 4119 μαθόντες
3377 4040 3451 4101 ὧν
3483 4047 3714 4100 ἀπεστέ-

2058 4159 2270 4215 ρηνται,
2331 4142 2616 4210 αἰτήσωσι.
2650 4137 2759 4192 Καὶ
2799 4136 3105 4202 ἐπιθέντος
3152 4134 3375 4200 αὐτοῖς,
3422 4134 3572 4204 φησὶ,
3607 4133 3714 4199 τὰς

2054 4231 2256 4302 χεῷας
2291 4229 2398 4284 τοῦ
2446 4228 2711 4290 Παύλου,
2749 4221 2897 4296 ἦλθε
2924 4224 2986 4278 τὸ
3017 4223 3259 4294 Πνεῦμα
3305 4221 3372 4276 τὸ
3411 4221 3579 4302 ἅγιον
3617 4221 3710 4274 ἐπ’

2053 4319 2298 4385 αὐτοὺς,
2340 4318 2437 4371 καί
2467 4315 2729 4372 ἐλάλουν
2776 4311 3104 4388 γλώσσαις,
3130 4310 3228 4365 καὶ
3280 4301 3708 4379 προεφῆτευον.

2067 4407 2187 4461 ’Λπ’
2217 4405 2378 4458 αὐτοῦ
2405 4403 2498 4456 τοῦ
2527 4402 2900 4474 βαπτίσματος
2929 4397 3349 4470 προφητεύουσι.
3380 4395 3550 4449 Τοῦτο
3570 4396 3625 4449 δὲ
3651 4396 3712 4449 τὸ

2067 4495 2313 4548 Ἰωάννου
2347 4491 2628 4563 βάπτισμα
2655 4491 2755 4543 οὐκ
2786 4483 2920 4560 εἶχε·
2956 4487 3036 4541 διὸ
3077 4487 3172 4540 καὶ
3220 4485 3407 4551 ἀτελὲς
3448 4481 3535 4555 ἦν.
3594 4485 3712 4539 ’Ίνα

2053 4583 2110 4635 δὲ
2134 4581 2240 4634 τῶν
2268 4579 2522 4633 τοιούτων
2548 4576 2842 4644 ἀξιωθῶσι,
2870 4575 3357 4648 προπαρεσκεύαζε
3386 4572 3584 4645 μᾶλλον
3610 4572 3709 4626 αὐ-

2053 4669 2198 4733 τούς.
2223 4669 2383 4721 Ὥστε
2407 4666 2564 4720 τοῦτο
2591 4663 2840 4718 ἐϐούλετο
2881 4664 3131 4734 Ἰωάννης
3167 4661 3462 4731 βαπτίζων,
3493 4658 3712 4712 πιστεῦ·

2055 4774 2146 4809 σαι
2167 4756 2246 4818 εἰς
2274 4755 2365 4809 τὸν
2389 4753 2684 4825 ἐρχόμενον
2709 4752 2825 4823 μετ’
2867 4750 3049 4804 αὐτόν.
3115 4747 3392 4803 Ἐντεῦθεν
3439 4746 3710 4800 δείκνυται

2053 4844 2230 4914 δόγμα
2265 4841 2426 4912 μέγα,
2456 4841 2537 4894 ὅτι
2582 4839 2802 4903 τελείως
2850 4837 3200 4907 καθαίρονται
3241 4835 3347 4888 τῶν
3377 4833 3708 4904 ἁμαρτημά-

2052 4948 2161 4985 των
2211 4930 2260 4983 οί
2311 4927 2715 4999 βαπτιζόμενοι.
2750 4927 2814 4978 Εἰ
2854 4925 2929 4996 μὴ
2962 4923 3069 4994 γὰρ
3102 4919 3474 4991 ἐκαθαίροντο,
3505 4918 3603 4972 οὐκ
3641 4919 3708 4973 ἂν

2052 5017 2114 5070 τὺ
2167 5015 2389 5086 Πνεῦμα
2451 5014 2695 5083 ἐδέχοντο
2726 5005 2892 5073 οὗτοι,
2929 5011 3027 5062 οὐκ
3072 5009 3137 5062 ἂν
3171 5005 3520 5078 χαρισμάτων
3548 5005 3708 5069 εὐθὺς

2091 5103 2318 5171 ξιοῦντο.
2362 5101 2470 5154 Kal
2499 5101 2624 5171 ὅρα,
2685 5100 2765 5152 ὃτι
2817 5095 3035 5150 διπλοῦν
3072 5095 3132 5146 τὸ
3190 5094 3434 5164 χάρισμα
3479 5087 3569 5164 ἦν,
3615 5093 3708 5146 καὶ

2052 5193 2292 5262 γλῶσσαι
2323 5191 2414 5244 καὶ
2436 5189 2780 5262 προφητεῖαι.
2813 5183 3008 5246 Καλῶς
3039 5183 3095 5234 δέ
3145 5175 3265 5233 εἶπε
3303 5179 3582 5250 βάπτισμα
3614 5197 3708 5251 με-

2051 5279 2265 5341 τανοίας
2285 5279 2343 5331 τὸ
2382 5278 2649 5337 Ἰωάννου,
2703 5274 2795 5327 καὶ
2822 5273 2922 5325 οὐκ
2948 5271 3218 5340 ἀφέσεως,
3253 5268 3471 5337 ἀνάγων
3514 5268 3710 5330 αὐτοὺς

2052 5367 2145 5422 καὶ
2170 5365 2391 5429 πείθων,
2414 5366 2495 5417 ὅτι
2520 5360 2708 5415 τούτου
2746 5360 2950 5432 ἔρημον
2976 5354 3045 5430 ἦν
3073 5360 3265 5411 ἐκεῖνο·
3300 5355 3396 5408 τοῦ
3417 5355 3526 5424 γάρ
3549 5353 3706 5407 ὓστε-

2053 5472 2146 5526 ρον
2174 5453 2419 5515 δοθέντος
2449 5451 2658 5522 ἕργονή
2688 5450 2878 5517 ἄφεσις
2909 5447 3118 5514 γέγονε.
3171 5445 3280 5498 Kal
3312 5444 3428 5506 πῶς
3447 5446 3495 5496 οἱ
3517 5440 3706 5493 λαϐόν-

2049 5560 2139 5606 τες
2167 5542 2227 5595 τὸ
2278 5540 2498 5605 Πνεῦμα
2525 5539 2622 5591 οὐκ
2654 5537 2950 5601 ἐδίδασκον,
2981 5535 3096 5590 ἀλλ’
3133 5532 3402 5595 Ἀπολλὼς
3431 5531 3595 5600 μήπω
3642 5527 3706 5578 τὸ

2052 5630 2272 5700 Πνεῦμα
2308 5629 2519 5693 λαϐών;
2547 5628 2670 5678 ’Ότι
2697 5625 2796 5677 οὐκ
2819 5619 2957 5694 ἦσαν
2989 5621 3129 5674 οῦτω
3155 5619 3386 5684 ζέοντες,
3416 5616 3531 5667 οὐδέ
3569 5629 3700 5664 κατ-

2052 5735 2154 5790 ηχη
2164 5699 2330 5789 μένοι·
2346 5713 2614 5776 ἐκεῖνοςδὲ
2636 5712 2730 5766 καὶ
2749 5710 3116 5782 κατηχημένος
3135 5704 3320 5775 ἧν,κα“ι
3333 5702 3534 5772 σφόδρα
3546 5699 3702 5765 ζέων.

2115 5989 2129 6008 ¹
2153 5987 2307 6034 Locus
2331 5986 2456 6046 apud
2495 5982 2657 6031 Montf.
2684 5981 2841 6046 aliqua
2879 5983 3017 6041 parte
3037 5971 3241 6021 mutilus
3274 5981 3338 6018 ex
3373 5967 3528 6017 tribus
3560 5967 3700 6021 codd.

2058 6057 2109 6099 et
2133 6051 2281 6099 ﬁam.
2307 6044 2566 6097 reSUtulus
2590 6050 2683 6094 est.
2709 6044 2844 6092 Emr.
