4028 6218
366 347 474 403 285

382 458 535 527 Ἐμοὶ
557 457 614 514 δὲ
634 459 888 525 δοκεῖ,ὄτι
913 459 1004 513 καὶ
1027 458 1193 532 πολλὴ
1223 455 1292 532 ἦν
1314 462 1346 532 ὴ
1383 459 1662 532 παρρησία
1696 458 1790 513 τοῦ
1815 457 2023 526 ἀνδρός.

379 545 580 600 ’Δλλ“εί
601 550 694 601 καὶ
710 547 950 619 ἀκριϐῶς
969 547 1142 602 ἐλάλει
1160 549 1227 601 τά
1245 566 1309 602 πε
1319 553 1370 618 ρ⁶ι
1381 547 1474 601 τοῦ
1492 547 1684 612 Ἰησοῦ,
1697 548 1846 617 ὅμως
1860 545 2031 598 ἐδεῖτο

371 633 451 686 ἔτι
489 635 884 707 ἀκριϐεστέρας
931 637 1294 700 διδασκαλίας.
1327 637 1482 690 Οῦτω
1529 635 1704 690 καίτοι
1729 635 1828 688 οὐκ
1873 631 2028 696 εἰδὼς

373 719 568 785 πάντα,
601 723 709 777 ἀπὸ
745 725 846 794 τῆς
893 725 1198 796 προθυμίας
1226 725 1574 778 ἐπεσπάσατο
1603 723 1664 776 τὸ
1707 720 1932 792 Πνεῦμα
1971 723 2031 772 τὸ

369 807 545 874 ἅγιον,
574 811 826 882 καθάπερ
853 814 901 865 οἱ
930 831 993 865 πε
1005 815 1058 884 ρῒ.
1090 814 1409 883 Κορνήλιον.
1436 813 1589 882 Τάχα
1621 809 1805 864 πολλοὶ
1832 808 2031 862 ποθοῦ-

369 910 474 982 σιν,
503 899 551 950 εἰ
601 900 693 952 καὶ
730 899 824 954 νῦν
848 896 937 972 ῆν,
969 902 1028 954 τὸ
1075 901 1170 954 τοῦ
1229 902 1474 956 Ἰωάννου
1505 901 1804 971 βάπτισμα.
1870 896 2032 982 ’ῥλλά

369 981 553 1037 πολλοὶ
587 985 652 1039 ἀν
671 987 952 1059 ἠμέλησαν
985 987 1098 1058 βίου
1156 989 1430 1060 ἐναρέτου,
1471 988 1504 1059 ἢ
1535 989 1626 1041 καὶ
1652 981 1916 1056 ἐνομίσθη
1963 985 2028 1038 ἂν

365 1069 596 1135 ἕκαστος
625 1073 778 1146 [505]
807 1075 895 1128 διὰ
929 1077 1087 1129 τοῦτο
1119 1089 1167 1136 ο.
1206 1077 1299 1130 καὶ
1319 1077 1377 1128 ού
1407 1076 1493 1129 διὰ
1543 1074 1817 1145 βασιλείαν
1861 1073 2027 1144 οὐρα·

366 1157 498 1222 νῶν,
535 1161 784 1229 ἐφίεσθαι
812 1163 913 1232 τῆς
937 1164 1376 1235 ἀρετῆς.Ἀλλως
1405 1164 1460 1217 δὲ
1487 1163 1672 1216 πολλοὶ
1691 1162 1756 1216 ἂν
1784 1162 2028 1230 ἐγένοντο

364 1244 829 1319 ψευδοπροφῆται,
889 1251 984 1304 καὶ
1028 1252 1129 1304 οὐκ
1161 1251 1226 1304 ἂν
1255 1251 1439 1304 λοιπὸν
1464 1252 1513 1303 οί
1566 1249 1780 1320 δόκιμοι
1827 1248 2030 1318 σφόδρα

368 1334 666 1404 ἐφάνησαν,
715 1338 825 1391 οὐδ’
852 1337 918 1392 ἂν
951 1337 1403 1409 ὲμακαρίσθησαν
1435 1339 1482 1391 οί
1513 1337 1612 1408 τὴν
1636 1337 1818 1390 πίστιν
1843 1337 2030 1398 ἁπλῶς

366 1423 818 1493 παραδεξάμενοι.
879 1425 1090 1497 Ὥσπερ
1141 1422 1234 1480 οὖν
1263 1429 1329 1479 Οἱ
1373 1425 1460 1494 μὴ
1496 1427 1726 1491 ἰδόντες
1779 1424 1878 1478 καὶ
1933 1441 2029 1476 πι-

365 1511 734 1576 στεύσαντες
785 1514 1083 1582 μακάριοι,
1139 1515 1308 1577 οὓτως
1341 1515 1390 1567 οἱ
1440 1515 1608 1584 χωρὶς
1645 1513 1885 1582 σημείων
1936 1529 2026 1564 πι-

367 1595 665 1662 στεύοντες.
691 1601 825 1653 Εἰπὲ
853 1601 917 1671 δή
957 1619 1069 1671 μοι,
1095 1601 1195 1654 οὐκ
1236 1601 1507 1665 ὀνειδίζων
1547 1599 1814 1662 Ἰουδαίοις
1843 1599 2027 1669 ἔλεγεν

362 1685 390 1740 ὁ
421 1685 674 1757 Χριστός·
725 1689 866 1742 Ἐὰν
882 1687 968 1758 μὴ
990 1688 1210 1757 σημεῖα
1239 1689 1424 1756 ἴδητε,
1475 1690 1547 1743 οὐ
1579 1689 1665 1758 μὴ
1695 1689 2027 1756 πιστεύση-

363 1791 462 1840 τε;
491 1776 698 1830 Οὐκοῦν
731 1775 882 1831 οὐδὲν
905 1777 1349 1850 παρεόλάϐημεν,
1386 1779 1434 1831 εἰ
1460 1777 1708 1848 θέλοιμεν
1737 1778 2025 1849 προσέχειν

363 1861 597 1926 ἑαυτοῖς.
631 1864 702 1917 Τὸ
729 1865 1022 1933 κεφάλαιον
1053 1867 1246 1936 ἔχομεν
1275 1865 1382 1918 τῶν
1431 1863 1654 1932 ἀγαθῶν
1679 1864 1765 1918 διὰ
1794 1865 1887 1918 τοῦ
1925 1865 2024 1935 βα-

364 1951 688 2021 πτίσματος’
726 1954 920 2023 ἄφεσιν
955 1955 1366 2026 ἁμαρτημάτων
1418 1953 1704 2025 ἐλάϐομεν,
1732 1955 2022 2026 ἀγιασμὸν,

363 2038 680 2108 Πνεύματος
733 2042 1075 2112 μετάληψιν,
1137 2043 1429 2108 υἱοθεσίαν,
1471 2041 1614 2114 ζωὴν
1668 2043 1902 2096 αἰώνιον.
1960 2044 2024 2096 Τί

364 2124 616 2196 βούλεσθε
653 2127 858 2194 πλέον;
915 2133 1152 2200 σημεῖα;
1201 2129 1360 2184 Ἀλλά
1413 2132 1788 2202 καταργεῖται.
1838 2130 2025 2186 Πίστιν

362 2211 527 2284 ἔχεις,
552 2214 761 2279 ἐλπίδα,
785 2216 1027 2288 ἀγάπην,
1058 2217 1128 2270 τά
1159 2218 1409 2288 μένονταο
1439 2218 1610 2271 ταῦτα
1653 2218 1825 2289 ζήτει,
1853 2219 2026 2273 ταῦτα

363 2301 604 2371 σημείων
629 2302 821 2373 μείζω.
855 2305 1020 2357 Οὐδὲν
1051 2306 1269 2376 ἀγάπης
1293 2307 1427 2359 ἴσον·
1459 2305 1682 2367 Meler
1721 2307 1962 2361 πάντων
1985 2309 2024 2377 ἡ

361 2388 586 2458 ἀγάπη,
623 2392 775 2460 φησί.
815 2392 930 2445 Νῦν
959 2393 1070 2464 δὲή
1130 2395 1315 2465 ἀγάπη
1368 2395 1680 2448 κινδυνεύειο
1717 2396 1885 2467 ὄνομα
1917 2396 2024 2468 γάρ

361 2477 534 2547 αὐτῆς
563 2479 946 2534 ὑπολέλειπται
999 2481 1180 2552 μόνον,
1210 2482 1271 2535 τὸ
1311 2482 1368 2536 δὲ
1396 2482 1557 2556 ἔργον
1605 2483 1860 2554 οὐδαμοῦ,
1888 2484 2024 2538 ἀλλά

361 2564 446 2636 διῃ
456 2566 520 2636 ρή
530 2565 668 2635 μεθα
693 2568 791 2620 ἀπ’
831 2567 1092 2640 ἀλλήλων.

431 2660 500 2723 γ’.
519 2655 584 2707 Τί
606 2651 698 2708 οῦν
727 2656 794 2710 ἀν
822 2673 907 2720 τις
924 2658 1220 2729 ἐργάσαιτο
1244 2656 1384 2710 ῶστε
1409 2656 1638 2726 συνάψαι
1661 2674 1674 2720 ;
1705 2657 1766 2710 τὸ
1794 2657 1891 2729 μὲν
1915 2657 2024 2729 γάρ

362 2741 655 2810 ἔγκαλέσαι
707 2742 949 2808 εὔκολον,
983 2746 1118 2800 ἀλλά
1170 2744 1330 2799 τοῦτο
1388 2746 1559 2817 ἥμισύ
1593 2747 1760 2800 ἐστιν.
1815 2746 2024 2800 Οὐκοῦν

360 2832 629 2887 δεικνύναι
653 2835 735 2889 δεῖ
769 2834 887 2898 πῶς
915 2835 979 2889 ἂν
1017 2836 1312 2908 ὲργασθείη
1357 2835 1529 2907 φιλία·
1560 2835 1718 2889 τοῦτο
1749 2836 1858 2907 γάρ
1907 2839 2024 2891 ἐστι

359 2923 423 2977 τὸ
457 2925 910 2996 σπουδαζόμενον,
941 2926 1058 2988 πῶς
1087 2926 1156 2980 τά
1197 2927 1336 2996 μέλη
1378 2926 1448 2978 τὰ
1473 2925 1848 2995 διεσπασμένα
1903 2943 2026 2978 συν-

361 3013 682 3082 αγάγωμεν.
718 3014 794 3066 Οὐ
837 3013 946 3086 γάρ
977 3014 1135 3068 τοῦτὸ
1171 3016 1288 3068 ἐστι
1335 3015 1396 3068 τὸ
1446 3013 1775 3086 ζητούμενον
1817 3014 2022 3077 ἁπλῶς,

363 3102 410 3154 εί
447 3101 574 3172 μίαν
615 3101 939 3174 Ἐκκλησίαν
977 3101 1192 3173 ἔχομεν,
1233 3102 1266 3174 ἢ
1316 3101 1374 3154 έν
1405 3102 1583 3172 δόγμα
1613 3119 1625 3132 ο
1658 3101 1792 3154 ἀλλά
1826 3102 1887 3155 τὸ
1915 3102 2024 3155 δει-

362 3188 452 3241 νὸν
481 3188 638 3242 τοῦτό
690 3191 870 3254 ἐστιν,
920 3190 1001 3243 ὅτι
1056 3191 1113 3242 έν
1156 3192 1270 3253 τοῖς
1305 3189 1486 3252 ἄλλοις
1519 3189 1898 3252 κοινωνοῦντες
1927 3191 2024 3244 ἀλ-

361 3275 566 3347 λήλοις,
614 3279 672 3331 ὲν
718 3279 830 3340 τοῖς
882 3277 1199 3346 ἀναγκαίοις
1241 3277 1301 3330 ού
1332 3277 1717 3347 κοινωνοῦμεν.
1754 3279 1848 3330 καὶ
1887 3279 2026 3348 μετά

364 3365 581 3422 πάντων
635 3364 1006 3436 εἰρηνεύοντες
1033 3405 1049 3431 ,
1095 3365 1153 3417 ὲν
1195 3364 1441 3436 ἀλλήλοις
1499 3366 1880 3435 στασιάζομεν.
1933 3367 2023 3436 Μὴ

362 3453 492 3524 γὰρ,
527 3454 575 3506 εί
605 3452 679 3525 μὴ
705 3453 883 3523 μάχας
913 3451 1034 3506 καθ’
1056 3453 1290 3523 ἑκάστην
1332 3453 1611 3522 ποιοῦμεν,
1666 3453 1877 3518 σκόπει,
1908 3455 2022 3508 ἀλλ’

363 3539 446 3591 ὅτι
503 3539 622 3592 οὐδὲ
657 3539 876 3607 ἀγάπην
933 3537 1159 3606 γνησίαν
1193 3538 1386 3610 ἔχομεν
1417 3540 1509 3591 καὶ
1555 3539 1767 3607 ἀκλινῆ.
1812 3540 2022 3593 Ἐπιδέ-

365 3642 520 3696 σμων
560 3626 717 3701 χρεία
771 3627 865 3679 καὶ
916 3625 1116 3679 ἐλαίου.
1160 3627 1551 3696 Ἐννοήσωμεν,
1605 3627 1687 3680 ὃτι
1738 3627 2026 3699 γνώρισμά

363 3715 511 3767 ἑστιν
536 3715 569 3785 ὴ
595 3714 780 3786 ἀγάπη
807 3714 916 3766 τῶν
948 3713 1204 3784 μαθητῶν
1251 3714 1343 3767 τοῦ
1390 3715 1648 3786 Χριστοῦ,
1684 3717 1766 3769 ὅτι
1821 3716 2025 3787 ταύτης

363 3803 535 3876 χωρὶς
557 3802 708 3857 οὐδὲν
750 3803 920 3872 ἰσχύει
958 3803 1025 3855 τά
1059 3803 1210 3857 ἄλλαο
1244 3803 1324 3856 ὅτι
1379 3803 1578 3857 ἀπονόν
1620 3806 1735 3858 ἐστι
1769 3806 2023 3876 πρᾶγμα,

364 3892 459 3946 ἐὰν
489 3891 750 3964 θέλωμεν.
809 3891 934 3957 Ναὶ,
989 3894 1174 3962 φησὶν,
1205 3891 1426 3962 οἴδαμεν
1471 3893 1664 3951 ταῦτα.
1701 3893 1833 3947 ἀλλά
1882 3893 2022 3961 πῶς,

367 3981 454 4036 ἵνα
490 3981 846 4051 κατορθωθῇ;
905 3981 995 4044 Τί,
1023 3981 1109 4034 ἵνα
1135 3981 1396 4051 γένηται;
1450 3981 1590 4045 πῶς,
1641 3983 1728 4035 ἵνα
1783 3982 2025 4052 φιλῶμεν

362 4069 659 4139 ἀλλήλους;
701 4069 974 4140 Πρότερον
1001 4067 1069 4122 τά
1101 4069 1418 4140 ἀναιρετικά
1450 4071 1549 4138 τῆς
1585 4069 1805 4140 ἀγάπης
1832 4068 2026 4134 ἐξέλω·-

366 4175 486 4230 μεν,
515 4158 609 4212 καὶ
635 4158 756 4210 τότε
781 4159 1050 4229 στήσομεν
1079 4156 1302 4225 ταύτην.
1335 4157 1540 4227 Μηδεὶς
1592 4156 1732 4209 ἔστω
1761 4156 2026 4227 μνησίκα-

364 4262 480 4310 κος,
511 4245 696 4316 μηδεὶς
717 4244 858 4298 ἔστω
888 4243 1177 4314 βάσκανος,
1224 4243 1414 4314 μηδεὶς
1467 4243 1816 4314 χαιρέκακοςο
1849 4241 2026 4296 ταῦτά

363 4334 481 4389 ἐστι
531 4333 598 4388 τά
636 4331 949 4385 κωλυτικά·
981 4332 1049 4386 τά
1093 4331 1150 4384 δὲ
1199 4329 1458 4401 ποιητικά
1503 4330 1684 4401 ἔτερα.
1725 4330 1840 4382 Οὐκ
1866 4329 2027 4400 ἀρκεῖ

364 4421 434 4474 τά
464 4419 742 4474 κωλύοντα
794 4419 1024 4482 ἀνελεῖν,
1083 4418 1218 4472 ἀλλά
1261 4420 1355 4472 καὶ⁵
1380 4417 1449 4471 τά
1501 4417 1728 4471 ἱστῶντα
1761 4417 1866 4488 χρὴ
1892 4419 2026 4471 ὑπο-

364 4507 657 4564 δεικνύναι.
699 4507 759 4561 ’0
817 4507 915 4578 μὲν
969 4502 1061 4561 οὖν
1122 4506 1291 4578 Σιράχ
1347 4507 1493 4576 λέγει
1547 4505 1614 4560 τά
1663 4507 2022 4578 ἀναιρετικά,

366 4597 462 4650 καὶ
508 4597 609 4650 οὐκ
651 4595 732 4650 ἔτι
779 4597 846 4651 τά
895 4595 1270 4658 συνάπτοντα,
1305 4594 1610 4665 ὀνειδισμὸν
1661 4594 1886 4664 φάσκων
1930 4597 2024 4649 καὶ

371 4682 668 4756 μυστηρίου
726 4681 1070 4752 ἀποκάλυψιν
1099 4681 1191 4738 καὶ
1247 4680 1459 4753 πληγὴν
1489 4682 1688 4735 δολίαν.
1759 4681 1897 4735 Ἀλλ’
1936 4684 2023 4736 ἐπ’

366 4771 589 4826 ἐκείνων
609 4771 707 4841 μὲν
723 4771 944 4834 είκότως
965 4769 1156 4828 ταῦτα.
1173 4770 1266 4824 ἆτε
1280 4770 1552 4840 σαρκικῶν
1565 4771 1752 4824 ὄντων’
1770 4773 1853 4840 ἐφ’
1867 4775 1897 4842 ἡ
1910 4773 2024 4831 μῶν

366 4861 420 4913 δὲ
447 4861 521 4930 μὴ
548 4859 771 4928 γένοιτοο
803 4859 902 4913 οὐκ
925 4858 1032 4911 ἀπὸ
1064 4858 1267 4910 τούτων
1290 4858 1432 4928 ὑμᾶς
1460 4859 1742 4928 ὲνάγομεν,
1769 4859 1883 4912 ἀλλ’
1917 4861 2026 4914 ἀπὸ

367 4947 473 5001 τῶν
499 4947 691 5001 ἄλλων.
715 4946 878 5001 Οὐδὲν
909 4947 1039 5014 ἡμῖν
1059 4947 1174 4998 ἐστι
1195 4947 1427 5017 χρηστὸν
1451 4945 1631 5015 φιλίας
1649 4946 2026 5017 χωρίς.Ἐστω

373 5037 540 5110 μυρία
586 5035 786 5104 ἀγαθά,
841 5034 975 5089 ἀλλά
1006 5035 1058 5088 τί
1086 5035 1144 5088 τὸ
1173 5035 1394 5103 δφελος;
1425 5034 1565 5086 ἔστω
1609 5033 1849 5098 πλοῦτος.
1887 5035 2026 5088 έστω

371 5123 549 5194 τρυφὴ
595 5125 762 5193 φίλων
789 5125 957 5196 χωρὶς
992 5124 1041 5188 δ,
1069 5123 1202 5177 ἀλλὰ
1228 5123 1282 5175 τί
1307 5123 1368 5176 τὸ
1397 5122 1586 5193 κέρδος
1609 5140 1623 5187 ;
1656 5123 1818 5176 Οὐδὲν
1841 5124 2026 5193 κτῆμα

368 5209 558 5263 τούτου
586 5211 802 5264 κάλλιον
825 5212 918 5264 καὶ
949 5214 1004 5263 ἐν
1023 5215 1136 5277 τοῖς
1169 5210 1441 5281 βιωτικοῖς
1464 5211 1802 5280 πράγμασιν,
1839 5210 2026 5284 ῶσπερ

369 5293 462 5351 οῦν
515 5297 622 5348 τῶν
661 5297 1048 5366 έχθραινόντων
1081 5298 1231 5350 οὐδὲν
1255 5297 1651 5369 χαλεπώτερον.
1682 5297 1896 5367 Ἀγὰπη
1931 5316 2028 5351 χιι-

369 5384 577 5440 λὺπτει
609 5380 835 5447 πλῆθος
857 5383 1300 5453 ἁμαρτημάτων·
1335 5384 1443 5454 ἠδὲ
1483 5383 1648 5454 ἔχθρα
1697 5384 1788 5436 καὶ
1812 5383 1878 5436 τὰ
1928 5385 2029 5437 οὐκ

371 5472 499 5524 ὖντα
535 5468 850 5524 ὑποπτεύει.
884 5471 996 5522 Οὐκ
1027 5471 1187 5539 ἀρκεῖ
1227 5471 1298 5540 μὴ
1345 5467 1480 5524 εἶναι
1515 5471 1728 5541 ἐχθρὸν,
1779 5471 1914 5523 ἀλλά
1951 5472 2031 5524 δεῖ

373 5559 466 5614 καὶ
512 5555 664 5631 [506]
719 5557 912 5624 φιλεῖν.
957 5555 1256 5627 Ἐννόησον,
1294 5559 1374 5610 ὅτι
1425 5559 1453 5610 ὁ
1490 5558 1721 5628 Χριστὸς
1755 5558 2028 5620 ἐκέλευσε,

374 5649 466 5702 καὶ
487 5647 646 5718 ἀρκεῖ
663 5643 840 5698 τοῦτο.
876 5645 986 5696 Καὶ
1012 5642 1187 5713 θλῖψις
1217 5647 1361 5696 ποιεῖ
1401 5645 1601 5715 φιλίας,
1636 5646 1732 5698 καὶ
1787 5647 2028 5713 συνάγει.

375 5734 439 5786 Τί
468 5729 581 5796 οὖν,
612 5733 765 5803 φησὶ,
796 5731 908 5790 νῦν.
943 5731 1030 5784 ὅτε
1059 5729 1232 5799 θλῖψις
1255 5732 1352 5782 οὐκ
1376 5729 1555 5796 έστιν;
1593 5731 1732 5792 εἰπὲ,
1757 5731 1894 5795 πῶς,
1944 5733 2032 5784 ἵνα

440 5934 462 6000 ξ
483 5935 682 6000 Οιιίιιλιῐι
707 5951 820 5986 mss.
848 5939 1121 6000 ἐναρέτου
1144 5937 1230 5982 κᾶν
1268 5937 1486 5995 ἐνομίσθη
1511 5936 1725 5991 ἕκαστος.
1761 5938 1850 5984 Διά
1872 5935 2032 5987 τοῦτο.

379 5993 408 6036 δ
435 5996 635 6057 Quidam
676 6015 810 6062 mssa,
835 5993 980 6065 τρυφή
1029 5998 1178 6062 φιλίας
1199 5993 1361 6064 χωρίς,

1143 348 1201 405 S.
1243 347 1530 404 JOANNIS
1559 347 2044 406 CURYSOSTOMI
2087 347 2404 406 AHCIIIEP.
2445 350 2986 409 CONSTANTINOP.

3687 351 3801 403 ‘23!)

2134 456 2418 529 γενώμεθα
2445 462 2620 530 φίλοις
2662 463 2775 516 Οὐκ
2821 464 2971 534 ἔχετε
3005 460 3189 530 φίλους
3246 460 3456 523 ἄλλους.
3507 463 3630 516 εί.πέ
3673 483 3802 532 μοῖς

2137 543 2254 608 πῶς
2281 547 2458 600 αὐτῶν
2509 551 2633 603 ἐστε
2670 550 2848 618 φίλοις
2911 550 3028 612 πῶς
3059 548 3372 618 διαμένετε;
3407 549 3558 609 Τέως
3608 552 3804 619 μηδεὶς

2139 631 2342 700 μηδένα
2398 635 2592 706 ἐχθρὸν
2641 638 2828 708 ἐχέτωσ
2869 638 2967 691 οὐκ
3000 636 3114 690 ἔστι
3167 636 3324 688 τοῦτο
3356 637 3570 705 μικρόν·
3609 639 3804 706 μηδεὶς

2132 720 2416 788 φθονείτω·
2450 725 2549 777 οὐκ
2569 725 2647 779 ἔνι
2676 726 2768 778 τὸν
2794 726 2869 797 μὴ
2903 725 3202 795 φθονοῦντα
3249 728 3596 794 κατηγορεῖν.
3653 725 3803 778 Μίαν

2130 807 2387 878 οἰκοῦμεν
2435 813 2762 882 οἰκουμένην
2801 815 3058 879 ἅπαντες,
3112 814 3224 875 τοῖς
3266 813 3447 871 αὐτοῖς
3484 813 3803 882 τρεφόμεθα

2130 898 2381 965 καρποῖς.
2430 897 2588 952 Ἀλλά
2620 898 2792 953 ταῦτα
2827 901 3018 970 μικρά’
3067 902 3180 962 τοῖς
3209 898 3392 960 αὐτοῖς
3449 900 3798 968 μυστηρίοις,

2126 982 2227 1052 τῆς
2281 984 2450 1055 αὐτῆς
2502 991 2872 1057 πνευματικῆς
2927 987 3132 1056 τροφῆς
3183 984 3546 1055 ἀπολαύομεν.
3607 987 3802 1039 Ταῦτα

2130 1068 2300 1140 δήπου
2341 1073 2456 1126 ἐστὶ
2507 1073 2849 1144 δικαιώματα
2894 1074 2986 1127 τοῦ
3039 1073 3230 1140 φιλεῖν.
3272 1073 3391 1137 ΙΙῶς
3430 1069 3520 1126 οῦν
3573 1073 3801 1143 θερμῶς

2128 1156 2532 1228 διακεισόμεθα,
2566 1162 2731 1232 φησί;
2763 1161 2828 1214 Τί
2867 1164 3008 1214 ποιεῖ
3067 1161 3334 1231 σωμάτων
3377 1161 3588 1231 ἕρωτα;
3644 1162 3801 1230 Λαμ-

2128 1245 2335 1317 πρότης
2383 1246 2652 1317 σώματος.
2690 1247 2894 1302 Οὐκοῦν
2928 1250 3021 1302 καὶ
3069 1249 3165 1312 τὰς
3199 1248 3376 1318 ψυχάς
3407 1249 3576 1311 καλὰς
3626 1250 3799 1320 ἐργα-

2130 1335 2372 1404 σώμεθά,
2409 1336 2504 1388 καὶ
2545 1334 2781 1405 ἐσόμεθα
2834 1335 3081 1405 ἀλλήλοις
3111 1335 3429 1406 ἐπέραστοι·
3461 1337 3522 1388 οὐ
3576 1335 3689 1406 γάρ
3734 1335 3798 1405 δὴ

2129 1423 2305 1492 φιλεῖν
2325 1424 2405 1477 δεῖ
2440 1424 2620 1495 μόνον,
2642 1424 2776 1478 ἀλλά
2802 1425 2896 1478 καὶ
2927 1424 3215 1493 φιλεῖσθαι.
3245 1424 3464 1490 Πρῶτον
3485 1425 3646 1478 τοῦτο
3675 1443 3800 1478 κατ-

2126 1510 2477 1581 ορθῶσωμεν,
2506 1512 2645 1565 ὥστε
2705 1511 2995 1579 φιλεῖσθαι,
3029 1512 3122 1564 καὶ
3169 1513 3345 1564 έκεῖνο
3374 1509 3596 1564 εὔκολον
3621 1512 3795 1565 ἔσται.

2128 1598 2252 1662 Πῶς
2273 1594 2365 1652 οῦν
2385 1598 2537 1652 ἔσται
2560 1599 2645 1652 ἵνα
2673 1599 2986 1670 φιλῶμεθας
3011 1597 3298 1668 Γενώμεθα
3322 1598 3496 1657 καλοὶ.
3520 1599 3618 1651 καὶ
3638 1599 3799 1654 τοῦτο

2126 1685 2507 1756 ἐργαζώμεθα,
2541 1685 2679 1740 ὥστε
2721 1687 2956 1757 ἐραστάς
2997 1686 3138 1757 ἔχειν
3166 1688 3268 1740 ἀεί.
3323 1687 3529 1757 Μηδεὶς
3562 1689 3798 1741 σπουδα-

2127 1773 2264 1838 ζέτω
2285 1774 2359 1845 μὴ
2397 1777 2650 1846 χρήματα
2689 1774 2942 1835 κτᾶσθαι,
2999 1773 3074 1845 μὴ
3106 1775 3432 1844 ἀνδράποδα,
3463 1776 3538 1846 μὴ
3592 1777 3795 1839 οἰκίας.

2125 1861 2202 1925 ῶς
2232 1862 2292 1915 τὸ
2326 1861 2616 1931 φιλεῖσθαι,
2674 1861 2748 1926 ῶς
2785 1861 2956 1931 ὄνομα
3013 1862 3249 1933 χρηστὸν
3301 1862 3462 1932 ἔχειν.
3513 1863 3798 1930 Κρεῖττον

2127 1948 2335 2018 ὄνομα,
2383 1949 2420 2016 ἢ
2449 1949 2712 2016 πλοῦτος
2762 1950 2978 2009 πολύς.
3021 1950 3094 2002 Τὸ
3122 1949 3219 2020 μὲν
3267 1950 3377 2021 γάρ
3437 1950 3613 2020 μένει,
3666 1951 3696 2002 ό
3739 1951 3794 2004 δὲ

2125 2036 2442 2090 ἀπόλλυται·
2503 2035 2597 2089 καὶ
2650 2036 2708 2088 τ’)
2745 2035 2845 2107 μέν
2877 2035 3102 2089 δυνατὸν
3135 2037 3466 2106 κτήσασθαι,
3508 2039 3689 2090 ἐκεῖνο
3737 2039 3792 2091 δὲ

2124 2125 2405 2178 ἀδύνατον.
2447 2125 2505 2178 ’0
2535 2124 2634 2194 μὲν
2660 2124 2768 2196 γὰρ
2813 2126 3054 2196 πονηράν
3089 2125 3245 2189 δίξαν
3271 2123 3471 2186 λαϐὼν,
3518 2125 3796 2190 δυσκόλως

2124 2211 2292 2284 αὐτὴν
2317 2211 2670 2283 ἁποθήσεται·
2697 2215 2724 2266 ό
2757 2212 2811 2265 δὲ.
2837 2213 3000 2282 πένης
3033 2212 3243 2282 ταχέως
3274 2212 3380 2265 ἀπὸ
3408 2212 3502 2265 τοῦ
3531 2213 3796 2283 ὀνόματος

2125 2300 2276 2354 ἔσται
2300 2299 2572 2362 πλούσιος.
2609 2299 2788 2352 Ἔστω
2812 2317 2895 2362 τις
2925 2299 3092 2371 μυρία
3123 2300 3359 2352 τάλαντα
3379 2299 3540 2371 ἔχων,
3569 2303 3599 2354 ό
3625 2302 3683 2354 δὲ
3706 2304 3795 2370 φί-

2124 2388 2249 2454 λους
2301 2389 2516 2443 έκατόνο
2573 2385 2728 2454 οὗτος
2761 2389 2970 2442 ἐκείνου
3017 2390 3415 2460 εὐπορώτερος.
3469 2390 3559 2459 Μὴ
3614 2391 3798 2444 τοίνυν

2123 2482 2309 2546 ἀπλῶς
2337 2481 2495 2534 τοῦτο
2529 2480 2794 2550 ποιῶμεν,
2820 2478 2934 2532 ἀλλ’
2969 2477 3328 2550 ἐργαζώμεθα
3389 2479 3466 2542 ὡς
3530 2479 3798 2550 εὐπορίαν

2127 2569 2250 2623 τινά
2272 2581 2319 2624 ο.
2335 2571 2444 2622 Καὶ
2467 2568 2582 2631 πῶς
2608 2566 2906 2637 δυνάμεθα,
2927 2566 3060 2636 φησί
3081 2585 3093 2631 ;
3124 2565 3364 2636 Λάρυγξ
3380 2567 3615 2634 γλυκὺς
3640 2571 3800 2632 πλη-

2123 2662 2289 2715 θύνει
2317 2663 2534 2731 φίλους
2563 2659 2768 2723 αὑτοῦ,
2799 2659 2894 2712 καὶ
2918 2657 3168 2728 γλῶσσα
3199 2657 3576 2726 εὐχάριστός.
3607 2658 3801 2727 Στόμα

2123 2749 2368 2820 εύφημον
2424 2747 2773 2818 κτησώμεθα,
2809 2748 2905 2800 καὶ
2933 2746 3166 2817 τρόπους
3215 2744 3508 2816 καθαρούς.
3561 2745 3680 2798 Οὐκ
3716 2744 3800 2799 ἔνι

2123 2837 2306 2892 λαθεῖν
2343 2837 2433 2890 τὸν
2461 2837 2602 2890 οὕτω
2633 2835 2994 2906 διακείμενον.

2193 2925 2255 2978 δ’.
2275 2926 2416 2996 Ὅρα
2439 2925 2576 2977 πόσα
2602 2926 2650 2976 οἱ
2669 2923 2864 2987 ἔξωθεν
2886 2921 3186 2990 ἐπενόησαν
3207 2919 3416 2988 φιλικά,
3447 2921 3798 2987 συντεκνίαν,

2123 3013 2410 3083 γειτονίαν,
2457 3013 2792 3082 συγγενείας.
2837 3012 2996 3064 Ἀλλὰ
3043 3012 3249 3063 τούτων
3284 3012 3502 3064 πάντων
3536 3011 3606 3063 τά
3659 3015 3796 3082 παρ’

2123 3103 2253 3172 ήμῖν
2285 3097 2506 3169 μείζονα
2525 3116 2538 3130 ο
2570 3101 2602 3169 ἡ
2627 3096 2872 3168 τράπεζα
2908 3097 3044 3168 αῦτη
3067 3097 3386 3167 αἰδεσιμωτέ
3399 3115 3483 3167 ρα.
3513 3097 3704 3150 Πολλοὶ
3739 3098 3797 3151 δὲ

2123 3189 2231 3242 τῶν
2261 3187 2588 3258 προσιόντων
2633 3187 2752 3239 οὐδὲ
2787 3187 2943 3256 ἴσμεν
2974 3185 3257 3252 ἀλλήλους.
3300 3185 3374 3237 Τὸ
3407 3186 3609 3253 πλῆθος
3632 3185 3797 3238 τοῦτο

2125 3279 2285 3338 ποιεῖ,
2329 3274 2512 3343 φησίν.
2558 3273 2840 3344 Οὐδαμῶς,
2889 3273 3002 3326 ἀλλ’
3101 3273 3343 3342 ἡμετέρα
3374 3272 3584 3325 νωθεία.
3622 3272 3790 3342 Τρισ-

2124 3365 2281 3435 χίλιοι
2313 3360 2450 3434 ἦσαν
2473 3365 2566 3416 καὶ
2597 3363 3035 3433 πεντακισχίλιοι,
3061 3364 3149 3415 καὶ
3177 3363 3377 3423 πάντες
3430 3357 3568 3428 εἶχον
3602 3361 3790 3432 ψυχὴν

2127 3455 2287 3526 μίαν·
2331 3453 2425 3506 νῦν
2475 3454 2530 3506 δὲ
2563 3454 2792 3516 ἕκαστος
2815 3450 2906 3504 τόν
2938 3450 3165 3518 ἀδελφὺν
3189 3451 3393 3518 ἀγνοεῖ,
3424 3451 3515 3501 καὶ
3559 3449 3665 3502 οὐκ
3701 3453 3793 3504 αι-

2125 3543 2453 3614 σχύνεταιτὸ
2483 3543 2682 3611 πλῆθος
2711 3541 3054 3609 αἰτιώμενος.
3100 3539 3156 3592 '0
3195 3539 3376 3609 μέντοι
3429 3536 3658 3600 πολλοὺς
3700 3539 3796 3606 φί-

2124 3630 2246 3694 λους
2294 3630 2450 3699 ἔχων,
2487 3629 2755 3690 ἀνάλωτος
2810 3627 3010 3680 ἅπασίν
3066 3627 3200 3689 ἐστι,
3259 3627 3520 3696 τυράννου
3586 3627 3796 3690 παντὸς

2125 3713 2278 3779 οὗτος
2309 3717 2669 3788 ἰσχυρότερος.
2707 3716 2816 3785 οὐχ
2847 3713 3020 3774 οὕτως
3049 3715 3256 3766 ἐκεῖνον
3297 3715 3345 3766 οί
3371 3711 3660 3783 δορυφόροι
3697 3731 3795 3781 φυ-

2125 3807 2524 3870 λάττουσιν,ῶς
2552 3804 2740 3858 τοῦτον
2787 3803 2835 3855 οἱ
2878 3803 3054 3872 φίλοιο
3092 3803 3183 3854 καὶ
3204 3801 3587 3870 λαμπρότερος
3639 3795 3798 3864 οὗτος

2123 3897 2352 3951 ἐκείνου.
2396 3894 2455 3948 ’0
2491 3894 2588 3963 μὲν
2624 3892 2731 3962 γάρ
2760 3892 2910 3962 παρὰ
2936 3890 3042 3943 τῶν
3075 3888 3238 3944 αὐτοῦ
3271 3889 3470 3942 δούλων
3523 3889 3797 3956 φυλάττε-

2123 4003 2231 4049 ται,
2263 3986 2292 4038 ὁ
2310 3983 2536 4054 δὲπαρά
2561 3983 2667 4036 τῶν
2698 3980 2974 4052 ὁμοτίμων
2999 3997 3010 4009 ·
3047 3981 3140 4036 καὶ
3169 3981 3197 4033 ὁ
3230 3980 3329 4052 μὲν
3365 3979 3518 4050 παρά
3540 3980 3794 4034 ἀκόντων

2124 4076 2217 4128 καὶ
2245 4074 2577 4135 δεδοικότων,
2606 4067 2758 4134 οὗτος
2784 4070 2840 4123 δὲ
2873 4069 3026 4140 παρά
3052 4069 3308 4134 ἑκόντων,
3341 4070 3434 4122 καὶ
3461 4070 3524 4122 οὐ
3547 4069 3795 4121 δεδοικό-

2123 4181 2231 4217 των
2247 4179 2260 4194 ·
2297 4163 2390 4214 καὶ
2417 4161 2562 4213 ἔστιν
2590 4161 2717 4212 ἰδεῖν
2740 4161 2972 4228 πρᾶγμα
2994 4157 3327 4227 θαυμαστὸν,
3352 4159 3410 4209 ὲν
3431 4157 3648 4219 πολλοῖς
3672 4158 3796 4219 ἕνα,

2125 4249 2220 4301 καὶ
2243 4249 2300 4300 ὲν
2332 4248 2410 4299 έν).
2442 4245 2688 4308 πολλούς.
2735 4245 2846 4298 Καὶ
2873 4245 3122 4315 καθάπερ
3157 4245 3250 4296 ἐπὶ
3278 4244 3511 4313 κιθάρας
3541 4242 3800 4313 διάφοροι

2127 4335 2224 4405 μὲν
2245 4335 2294 4386 οἱ
2319 4333 2563 4402 φθόγγοι,
2593 4332 2690 4402 μία
2714 4331 2772 4385 δὲ
2796 4334 2830 4402 ἡ
2855 4333 3137 4402 συμφωνία
3161 4331 3211 4394 d,
3244 4325 3323 4394 εἷς
3346 4330 3400 4384 δὲ
3421 4331 3449 4382 ὁ
3474 4332 3739 4399 μουσικὸς
3771 4333 3802 4385 ό

2122 4422 2222 4492 τὴν
2254 4420 2484 4492 κιθάραν
2513 4420 2903 4491 μεταχειρίζων
2927 4435 2942 4451 ο
2973 4420 3142 4484 οὓτως
3169 4417 3422 4481 ἐνταῦθα,
3453 4418 3659 4488 κιθάρα
3697 4419 3801 4487 μὲν

2124 4511 2268 4565 ἐστιν
2299 4510 2435 4581 αὐτὴ
2461 4511 2493 4580 ἡ
2524 4509 2734 4578 ἀγάπη,
2765 4507 2990 4579 φθόγγοι
3016 4509 3070 4561 δὲ
3102 4507 3361 4578 ἠχοῦντες
3387 4505 3454 4558 τὰ
3479 4506 3543 4559 δι’
3565 4507 3800 4576 ἀγάπης

2125 4600 2507 4672 προφερόμενα
2539 4599 2760 4669 ῥήματα
2787 4597 2997 4667 φιλικὰ,
3032 4597 3159 4667 μίαν
3182 4597 3276 4648 καὶ
3305 4596 3404 4664 τὴν
3421 4593 3592 4664 αὐτὴν
3619 4595 3801 4659 ᾶπαν-

2123 4707 2214 4753 τες
2237 4689 2486 4758 ἀφιέντες
2514 4687 2776 4759 ἁρμονίαν
2810 4687 2905 4740 καὶ
2938 4684 3255 4756 συμφωνίαν
3274 4700 3287 4714 ·
3335 4683 3365 4734 ὁ
3389 4683 3444 4735 δὲ
3470 4683 3738 4754 μουσικὸς
3766 4685 3800 4752 ἡ

2125 4777 2225 4846 τῆς
2271 4777 2490 4846 ἀγάπης
2518 4775 2779 4846 δύναμις·
2819 4773 2955 4844 αῦτη
3011 4771 3198 4843 κρούει
3247 4771 3308 4824 τὸ
3357 4771 3515 4842 μέλος
3572 4770 3637 4822 τὺ
3671 4771 3798 4840 ἡδύ.

2138 4865 2464 4935 Ἐϐουλόμην
2494 4864 2636 4933 ὑμᾶς
2666 4864 2894 4930 ἀγαγεῖν
2919 4863 2998 4923 εἰς
3045 4860 3200 4912 πόλιν
3223 4859 3498 4928 τοιαύτην,
3529 4858 3585 4909 εἴ
3605 4875 3672 4926 γε
3711 4860 3804 4912 δυο

2127 4955 2303 5015 νατδν,
2337 4953 2464 5006 ἔνθα
2497 4954 2593 5023 μία
2619 4951 2763 5020 ψυχὴ
2777 4947 2863 5020 ῆν,
2890 4950 2984 5002 καὶ
3000 4943 3140 5010 εἶδες
3173 4947 3238 5000 ἂν
3259 4948 3404 5010 ὅπως
3429 4947 3613 5016 πάσης
3645 4947 3801 5020 [307]

2128 5043 2356 5111 κιθάρας
2383 5042 2474 5094 καὶ
2505 5041 2698 5102 παντὸς
2718 5038 2879 5092 αὐλοῦ
2902 5036 3323 5108 ἀρμοδιωτέραὴ
3347 5036 3461 5086 ἐκεῖ
3484 5038 3802 5105 συμφωνία,

2127 5130 2274 5183 οὐδὲν
2303 5129 2509 5201 ἀπηγὲς
2530 5129 2728 5200 ᾅδουσα
2753 5127 2934 5198 μέλος.
2979 5124 3148 5178 Τοῦτο
3170 5124 3260 5176 καὶ
3282 5123 3544 5190 ἀγγέλους
3570 5125 3672 5176 καὶ
3705 5126 3801 5177 τὸν

2127 5219 2370 5287 ἀγγέλων
2393 5217 2666 5286 Δεσπότην
2695 5214 2824 5267 Θεὸν
2850 5213 3126 5285 εὐφραίνει
3161 5213 3221 5265 τὸ
3251 5212 3409 5282 μέλος
3427 5229 3439 5240 ·
3483 5211 3643 5264 τοῦτο
3678 5213 3804 5266 ὅλου

2128 5307 2187 5359 τὸ
2211 5309 2267 5359 ἐν
2296 5305 2371 5376 τῷ
2398 5304 2609 5375 οὐρανῷ
2633 5303 2853 5373 θέατρον
2870 5302 3169 5370 διανίστησι
3187 5316 3200 5328 °
3231 5299 3385 5352 τοῦτο
3414 5301 3504 5351 καὶ
3523 5299 3804 5368 δαιμόνων

2130 5395 2284 5465 κηλεῖ
2311 5393 2496 5462 θυμὸν,
2529 5391 2716 5444 παθῶν
2753 5389 3070 5456 καταθέλγει
3117 5388 3291 5457 ὁρμάς
3317 5400 3361 5437 θ.
3410 5385 3582 5438 Τοῦτο
3612 5389 3677 5440 τὸ
3713 5388 3809 5456 μὲ-

2129 5483 2218 5544 λος
2241 5483 2302 5535 οὐ
2343 5482 2497 5551 μόνον
2525 5478 2670 5547 πάθη
2697 5477 2873 5547 κηλεῖ,
2900 5477 3012 5530 ἀλλ’
3039 5476 3157 5529 οὐδὲ
3186 5475 3538 5542 διαναστῆναι
3576 5475 3807 5544 ἀφίησι,

2131 5572 2223 5624 καὶ
2251 5569 2448 5639 πολλὴν
2481 5567 2578 5639 τὴν
2611 5567 2766 5636 σιγὴν
2795 5563 3103 5636 ἐργάζεται.
3143 5563 3409 5633 Καθάπερ
3451 5564 3558 5632 γάρ
3591 5564 3648 5615 ὲν
3674 5563 3812 5618 θεά-

2195 5818 2217 5846 °
2243 5814 2414 5862 Morel.
2442 5817 2506 5869 ὡς
2533 5813 2751 5874 εὐπορίαν
2780 5812 2903 5874 τινά,
2932 5821 3035 5859 Iros
3082 5814 3146 5865 ὡς
3179 5810 3407 5874 ἐμπορίαν
3430 5810 3549 5874 τινά.
3578 5809 3810 5870 Utraque

2133 5880 2281 5927 lectio
2297 5875 2535 5937 quadrare
2562 5872 2724 5935 polésl
2768 5872 2792 5910 ἀ
2820 5874 2852 5920 [
2863 5888 2952 5920 nus
2974 5874 3056 5934 μία
3079 5875 3129 5937 δέ
3151 5875 3178 5928 ἡ
3201 5873 3423 5937 ἁρμονία,
3442 5873 3523 5918 καὶ
3537 5874 3628 5937 -τήν
3653 5875 3809 5930 αὐτην

2131 5934 2331 5993 ἅπαντες
2353 5939 2535 5998 ἀφῶσιν
2557 5934 2779 5997 ἁρμονίαν
2802 5938 2890 5998 καίΔ
2901 5936 3188 5998 συμφωνίαν.
3240 5934 3282 5963 ’θ
3309 5934 3438 5994 Hac,
3462 5935 3626 5980 παθῶν
3647 5952 3808 5985 κατι.-

2134 6002 2281 6061 θέλγει
2307 5995 2465 6061 όομᾶς,
2503 5995 2680 6048 desinit
2702 5999 2750 6047 in
2795 5995 3082 6058 quibusdam
3103 6009 3236 6071 mss.‘
