4036 6220
271 362 359 420 885

280 481 411 534 ritum
440 483 783 545 acceperant
816 489 920 528 non
947 473 1367 538 docebant,cum
1384 471 1597 542 Apollo,
1615 469 1704 538 qui
1728 482 1852 521 non-

281 571 381 622 dum
402 573 723 633 acceperat,
742 564 994 621 doceret?
1014 564 1149 631 Quia
1176 580 1279 617 non
1296 572 1446 618 erant
1472 562 1540 615 ita
1565 559 1850 618 ferventes.

284 672 361 713 nec
385 655 615 709 instituti
648 670 662 705 :
696 656 789 709 ille
828 671 957 709 vero
977 665 1030 709 et
1056 656 1327 708 institutus
1355 660 1545 706 eratet
1569 648 1857 703 admodum

287 748 497 803 fervens.
524 744 659 798 Mihi
684 755 868 799 autem
896 744 1104 799 videtur
1127 745 1342 798 multam
1374 742 1425 795 in
1459 742 1571 795 viro
1602 739 1765 792 fuisse
1786 737 1861 790 di-

290 840 424 895 cendi
471 838 807 891 libertatem.
857 836 961 889 Sed
1011 836 1108 889 etsi
1156 842 1399 887 accurate
1443 832 1747 899 loqueretur
1793 826 1862 879 de

291 932 420 992 lesu,
468 928 816 983 accuratiore
848 936 1022 982 tamen
1048 926 1291 981 doctrina
1328 940 1460 994 opus
1487 922 1711 976 habebat
1742 937 1755 973 :
1784 919 1862 973 sic

293 1024 374 1079 etsi
402 1037 509 1076 non
537 1020 723 1074 omnia
751 1019 932 1082 sciret,
962 1034 1028 1073 ex
1053 1017 1262 1072 fervore
1288 1013 1589 1069 attrahebat
1605 1010 1861 1081 Spiritum

292 1125 545 1179 sanctum,
578 1112 820 1166 utetiam
849 1110 1147 1165 Cornelius.
1180 1107 1432 1162 Fortasse
1467 1102 1618 1158 multi
1657 1100 1865 1155 deside-

294 1212 419 1268 rant,
447 1203 654 1256 utinam
682 1200 846 1255 etiam
878 1212 1019 1253 nunc
1060 1204 1204 1252 esset
1226 1194 1447 1250 Joannis
1473 1191 1768 1262 baptisma!
1800 1190 1867 1241 At

296 1293 434 1348 multi
465 1292 724 1346 virtutem
766 1288 1128 1358 negligerent;
1157 1295 1211 1339 et
1241 1284 1382 1339 forte
1421 1282 1730 1338 crederetur
1768 1278 1869 1331 sin-

295 1386 436 1456 gulos
465 1392 689 1455 propter
719 1382 842 1442 hoc,
868 1396 971 1434 non
995 1387 1212 1448 propter
1239 1390 1462 1446 regnum
1488 1373 1738 1428 caalorum
1767 1371 1873 1422 vir-

298 1487 454 1533 tutem
502 1474 674 1530 adire.
700 1472 951 1541 Alioquin
996 1480 1177 1524 autem
1220 1467 1368 1520 multi
1416 1471 1597 1520 essent
1639 1461 1870 1533 pseudo-

300 1569 569 1641 prophetze
594 1607 609 1632 ,
642 1580 744 1619 nee
794 1573 975 1632 postea
1017 1562 1106 1631 qui
1154 1558 1361 1629 probati
1404 1564 1625 1619 essent,
1650 1554 1870 1607 multum

300 1665 653 1731 apparerent,
700 1669 799 1709 nec
833 1652 969 1707 beati
1002 1652 1418 1721 praedicarentur
1444 1648 1535 1717 qtti
1568 1645 1723 1700 fidem
1755 1647 1875 1697 sim-

303 1750 502 1820 pliciter
529 1747 886 1813 susciperent.
916 1742 984 1797 Ut
1009 1756 1137 1811 ergo
1163 1740 1261 1806 Qui
1301 1756 1401 1792 non
1440 1738 1671 1792 viderunt
1700 1743 1745 1788 et
1771 1749 1879 1786 crc-

304 1842 557 1904 diderunt,
579 1837 712 1891 beati
737 1843 853 1891 sunt
875 1834 1054 1905 (Joan.
1085 1832 1176 1888 20.
1205 1832 1324 1898 29),
1353 1831 1430 1884 sic
1455 1829 1544 1899 qui
1570 1828 1687 1882 sine
1712 1824 1878 1895 signis

302 1931 664 1993 crediderunt,
697 1928 859 1982 beati.
891 1927 986 1982 Dic
1011 1926 1156 1981 enim
1182 1924 1311 1980 mihi
1335 1964 1350 1988 ,
1376 1937 1554 1977 annon
1586 1921 1879 1991 exprobra-

302 2024 389 2078 bat
412 2022 662 2077 Christus
686 2017 907 2081 ludatis,
936 2016 1120 2071 dicens
1146 2034 1159 2069 :
1195 2013 1312 2067 Nisi
1337 2014 1483 2082 signa
1511 2010 1753 2073 videritis,
1782 2023 1882 2060 non

304 2114 513 2171 credetis
535 2110 721 2184 (Joan.
744 2111 797 2164 4.
830 2109 962 2179 48)2
991 2107 1170 2177 Itaque
1198 2106 1327 2159 nihil
1352 2105 1474 2159 hinc
1495 2103 1649 2157 nobis
1678 2099 1881 2159 damni,

304 2207 347 2261 si
376 2204 533 2259 nobis
575 2200 855 2257 attendere
893 2200 1234 2255 voluerimus.
1284 2198 1456 2265 Caput
1504 2195 1764 2249 bonorum
1796 2192 1881 2244 ha-

308 2300 491 2353 bemus
520 2310 615 2364 per
644 2293 965 2362 baptismum
998 2310 1011 2345 :
1040 2300 1377 2362 peccatorum
1416 2288 1781 2343 remissionem
1808 2300 1889 2338 ac-

308 2390 569 2458 cepimus,
598 2384 1071 2439 sanctificationem
1098 2425 1113 2449 ,
1142 2382 1371 2451 Spiritus
1399 2378 1884 2450 participationem,

311 2480 651 2547 adomionem
676 2517 694 2544 ,
730 2476 891 2529 vitam
922 2484 1195 2529 mternam.
1230 2472 1365 2540 Quid
1412 2470 1641 2540 amplius
1688 2467 1890 2520 vultis?

314 2569 500 2641 signa?
527 2566 635 2622 Sed
678 2575 1039 2621 cessaverunt.
1069 2564 1253 2619 Fidem
1291 2562 1475 2627 habes,
1497 2576 1644 2630 spem
1665 2600 1680 2626 ,
1702 2559 1893 2613 carita-

317 2671 441 2723 tem,
470 2675 592 2729 qua:
619 2668 868 2711 manent:
901 2657 1013 2709 lucc
1040 2670 1239 2725 qumre,
1277 2654 1391 2708 haec
1434 2652 1600 2720 signis
1641 2660 1761 2704 sunt
1792 2665 1896 2702 nta-

316 2752 451 2822 jora.
486 2751 625 2804 Nihil
656 2765 749 2819 par
774 2749 1012 2811 caritati;
1042 2748 1213 2819 Major
1250 2748 1470 2801 omnium
1498 2754 1567 2799 est
1592 2742 1817 2806 curitas(
1845 2743 1891 2799 1.

324 2844 434 2897 Cor.
460 2844 547 2897 15.
585 2843 696 2909 15),
733 2842 923 2911 inquit.
949 2840 1100 2894 Nunc
1131 2856 1258 2894 vero
1301 2839 1493 2892 caritas
1524 2836 1850 2905 periclitatur
1880 2850 1893 2884 :

327 2937 489 2991 solum
530 2935 726 3005 quippe
763 2949 955 2987 nomen
1003 2933 1118 3003 ejus
1162 2933 1403 2986 relictum
1449 2938 1567 2996 est,
1597 2942 1732 2997 Opus
1773 2940 1900 2980 vero

330 3043 607 3097 nusquam,
642 3028 733 3079 sed
766 3025 917 3077 divisi
947 3039 1130 3077 sumus
1158 3025 1296 3076 inter
1325 3037 1445 3075 nos.

396 3120 446 3173 3.
489 3117 688 3171 Caritas
714 3116 951 3168 anticitiw
971 3115 1222 3167 vinculum
1247 3154 1260 3176 ,
1293 3122 1336 3166 et
1362 3109 1726 3175 discipulorum
1756 3105 1901 3160 Clari-

333 3212 392 3266 sti
420 3220 624 3264 tessera.
654 3238 727 3248 -—-
755 3208 890 3274 Quid
921 3208 1077 3274 igitur
1106 3205 1367 3275 agendum
1401 3214 1455 3257 nt
1486 3199 1903 3257 connectamnr?

336 3317 449 3355 nam
476 3298 875 3368 reprehendere
902 3298 1054 3350 facile
1083 3307 1165 3350 est
1185 3336 1198 3357 ,
1229 3294 1322 3349 sed
1352 3294 1451 3347 hoc
1480 3292 1753 3346 dimidium
1785 3301 1905 3344 tan-

338 3399 462 3444 tum.
512 3390 691 3458 Itaque
742 3388 1144 3441 monstrandum
1187 3396 1305 3447 est.
1352 3384 1620 3454 quomodo
1670 3393 1909 3436 nectatur

339 3481 562 3535 anticitia
593 3500 605 3533 :
641 3480 741 3532 hoc
770 3480 911 3533 enim
943 3478 1234 3532 curandum
1267 3475 1534 3545 quomodo
1562 3474 1797 3528 membra
1830 3474 1910 3524 di-

339 3572 478 3626 vulsa
502 3579 904 3624 conuectamns.
937 3568 1117 3637 Neque
1148 3569 1248 3621 hoc
1275 3576 1475 3620 tantum
1504 3565 1811 3634 quaerimus,
1843 3579 1909 3615 an

343 3677 494 3716 unam
525 3662 821 3716 Ecclesiam
870 3660 954 3713 vel
1004 3675 1167 3713 unum
1221 3659 1411 3728 dogma
1462 3658 1787 3717 habeamus;
1819 3652 1910 3705 sed

342 3754 441 3809 hoc
464 3769 625 3825 grave
650 3763 753 3819 est,
777 3752 917 3822 quod
942 3766 1059 3806 cum
1102 3752 1152 3805 in
1193 3751 1311 3805 aliis
1352 3759 1533 3803 mutuo
1559 3747 1915 3803 communice-

344 3861 499 3907 mus,
552 3845 606 3899 in
657 3844 973 3898 necessariis
1022 3859 1126 3896 non
1178 3843 1662 3901 communicemus,
1694 3846 1748 3892 et
1793 3852 1911 3890 cum

346 3937 585 3989 onmibus
618 3950 799 4003 pacem
827 3934 1105 3997 habentes,
1132 3934 1268 3987 inter
1297 3948 1395 3986 nos
1420 3930 1816 3985 dissentiamus.
1840 3927 1916 3979 Ne

349 4028 482 4080 enim
508 4068 523 4090 ,
546 4025 688 4095 quod
723 4042 827 4078 non
859 4025 1098 4094 quotidie
1134 4039 1337 4094 pugnas
1367 4036 1675 4075 moveamus
1700 4061 1714 4083 ,
1743 4018 1913 4071 consi-

348 4117 511 4180 dera,
544 4116 638 4169 sed
667 4116 806 4185 quod
851 4117 1113 4170 sinceram
1171 4125 1224 4169 et
1269 4113 1593 4168 immobilem
1644 4111 1916 4164 caritatem

351 4223 453 4263 non
481 4208 759 4262 habemus.
792 4207 1151 4276 Ligaminibus
1179 4221 1314 4275 Opus
1342 4216 1425 4260 est
1462 4214 1516 4258 et
1543 4203 1681 4257 oleo.
1710 4202 1921 4270 Cogite-

352 4313 466 4353 mus
488 4298 768 4352 caritatem
814 4306 1069 4351 tesseram
1113 4310 1233 4351 esse
1277 4294 1655 4365 discipulorum
1682 4291 1918 4355 Christi.

353 4398 404 4443 ct
432 4390 545 4443 sine
576 4390 664 4444 illa
694 4388 824 4442 nihil
858 4389 1032 4443 valere
1058 4388 1184 4453 alia,
1216 4402 1434 4454 remque
1458 4400 1576 4440 esse
1598 4386 1713 4439 sine
1744 4384 1923 4439 labore

354 4481 395 4532 si
423 4481 666 4533 velimus.
693 4479 866 4533 Etiam
892 4520 907 4543 ,
933 4479 1139 4547 inquies
1161 4519 1177 4543 ,
1209 4478 1321 4533 haec
1359 4477 1640 4540 novimus;
1669 4475 1761 4529 sed
1789 4489 1922 4543 quo-

357 4571 509 4623 modo
552 4571 603 4624 id
632 4582 778 4625 recte
803 4570 1056 4640 geretur?
1076 4570 1353 4635 Quomodo
1383 4568 1513 4623 fiet?
1537 4566 1804 4638 quomodo
1826 4581 1924 4618 nos

357 4673 536 4716 mutuo
559 4664 885 4733 diligemus?
919 4663 1094 4716 Primo
1123 4678 1183 4715 ea
1210 4703 1225 4726 ,
1248 4677 1364 4732 qua:
1388 4661 1661 4716 caritatem
1688 4660 1884 4714 tollunt
1908 4700 1923 4724 ,

355 4755 420 4807 de
446 4755 625 4808 medio
653 4754 985 4822 ahjiciamus,
1011 4764 1067 4807 et
1092 4764 1216 4808 tunc
1240 4753 1383 4806 illam
1405 4761 1698 4807 statuemus
1725 4768 1739 4804 :
1768 4764 1926 4803 nemo

356 4849 423 4901 sit
458 4846 775 4915 injuriarum
806 4860 1032 4911 memor,
1067 4860 1223 4900 nemo
1250 4844 1477 4906 invidus,
1506 4858 1664 4899 nemo
1691 4843 1742 4896 in
1772 4840 1929 4895 malis

356 4940 623 5002 gaudeat:
669 4937 785 4992 haec
839 4937 1175 4991 dilectionem
1226 4937 1537 5003 impediunt.
1588 4935 1701 4989 Alia
1750 4941 1929 4987 autem

357 5042 475 5084 sunt
498 5071 513 5095 ,
542 5044 665 5100 qua:
690 5044 808 5083 eam
839 5028 1091 5083 exhibent
1121 5047 1133 5081 :
1165 5044 1267 5079 non
1295 5028 1434 5080 enim
1478 5026 1673 5081 sufficit
1702 5039 1820 5093 quas
1863 5022 1930 5075 ilo

360 5119 457 5171 lam
489 5120 782 5188 impediunt
813 5120 1019 5181 tollere,
1047 5120 1137 5173 sed
1171 5118 1327 5173 etiam
1357 5134 1472 5186 qua:
1512 5120 1654 5171 illam
1677 5125 1927 5179 statuant,

359 5222 477 5263 sunt
501 5210 855 5264 ostendenda.
884 5209 1067 5265 Sirach
1096 5225 1221 5276 ergo
1249 5209 1396 5269 dicit.
1424 5224 1484 5262 ea
1515 5224 1634 5276 qua:
1664 5208 1802 5260 illam
1834 5208 1931 5258 tol-

361 5298 492 5362 lunt,
515 5313 569 5354 et
596 5318 701 5354 non
732 5316 793 5355 ea
825 5318 944 5369 quae
967 5302 1287 5362 conciliant,
1321 5299 1784 5368 exprobrationem
1814 5310 1932 5349 esse

358 5402 411 5444 et
433 5393 669 5462 mysterii
716 5392 1093 5447 revelationem
1122 5401 1175 5445 et
1213 5392 1415 5459 plagam
1459 5390 1694 5443 dolosam
1727 5385 1929 5455 (Eccli.

358 5481 447 5535 2'2.
475 5483 541 5537 27
569 5486 609 5553 ).
635 5484 741 5538 Sed
769 5485 875 5537 illis
906 5492 1090 5550 utpote
1114 5482 1412 5535 carnalibus
1445 5482 1630 5534 merito
1664 5477 1782 5531 talia
1815 5496 1923 5547 pro-

358 5574 609 5639 veniunt;
635 5576 789 5628 nobis
816 5582 1021 5629 autem.
1045 5573 1181 5625 ahsit
1209 5589 1223 5625 :
1256 5588 1359 5626 non
1389 5572 1456 5625 ab
1483 5570 1565 5624 his
1592 5585 1685 5624 vos
1715 5569 1933 5625 induce—

360 5679 495 5729 mus,
524 5668 619 5721 sed
649 5669 717 5722 ab
744 5666 885 5721 aliis.
915 5663 1058 5717 Nihil
1088 5664 1240 5719 nobis
1283 5674 1363 5720 est
1400 5664 1530 5719 utile
1574 5661 1774 5729 absque
1802 5662 1935 5715 dile-

360 5759 551 5815 ctione.
611 5760 732 5814 Sint
778 5755 943 5812 millia
999 5755 1136 5809 bona
1183 5772 1196 5809 :
1248 5758 1369 5825 quid
1424 5757 1545 5813 inde
1594 5752 1770 5812 lucri?
1813 5755 1927 5809 Sint

1268 360 1337 415 IN
1378 356 1553 411 ACTA
1599 349 2118 409 APOSTOLORUM.
2162 347 2389 403 llOillL.
2427 347 2536 401 XL.

3435 345 3541 400 285

1962 465 2181 528 divittm,
2214 465 2321 518 sint
2348 464 2554 518 delicia:
2583 464 2781 533 absque
2807 466 2991 520 amicis
3025 482 3039 517 ε
3071 464 3197 535 quid
3240 464 3363 519 hinc
3396 466 3537 518 utili-

1962 556 2122 610 tatis?
2152 555 2301 609 Nttlla
2334 556 2602 624 possessio
2628 556 2784 609 etiam
2817 556 2867 608 in
2918 556 3264 611 smcularihus
3291 556 3390 610 hac
3421 556 3540 625 pul-

1962 649 2160 711 chrior,
2189 657 2244 701 ut
2272 647 2402 701 nihil
2448 646 2676 699 inimicis
2706 648 2982 700 molestius
3015 658 3115 701 est.
3149 647 3346 701 Caritas
3385 647 3545 717 operit

1964 739 2335 793 multitudinem
2382 749 2698 807 peccatorum
2750 740 2767 808 (
2795 740 2844 793 1.
2878 738 2989 793 Pet.
3022 741 3074 794 1.
3106 739 3215 809 8);
3266 739 3540 793 inimicitia

1965 839 2141 884 autem
2173 830 2330 883 etiam
2357 845 2440 891 ea,
2473 844 2593 897 qu:e
2619 845 2723 882 non
2753 840 2895 894 sunt,
2930 831 3249 896 SUSplCﬂlllf‘.
3278 830 3389 884 Non
3429 830 3544 883 suf-

1968 921 2077 974 ficit
2121 935 2226 973 non
2262 934 2380 974 csse
2411 920 2683 973 inimicum
2714 961 2729 984 ,
2758 919 2852 973 sed
2893 929 3105 987 oportet
3133 921 3292 973 etiam
3343 935 3546 973 amare.

1966 1010 2150 1082 Cogita
2176 1010 2227 1065 id
2255 1011 2521 1065 Christum
2548 1010 2796 1080 jussisse,
2826 1022 2880 1065 et
2904 1009 3006 1064 hoc
3034 1010 3251 1066 sufficit.
3283 1011 3450 1065 Etiam
3473 1009 3551 1064 af-

1969 1101 2135 1157 ﬂictio
2162 1103 2423 1157 amicitias
2454 1102 2579 1156 facit
2602 1112 2655 1156 et
2683 1102 2915 1171 copulat.
2947 1101 3082 1169 Quid
3117 1102 3293 1172 igitur,
3319 1102 3546 1171 inquies,

1972 1208 2131 1258 nunc,
2163 1210 2282 1249 cum
2316 1194 2532 1248 afllictio
2562 1210 2664 1248 non
2696 1195 2811 1249 est?
2836 1194 3102 1265 quomodo
3132 1197 3332 1249 erimus
3360 1193 3550 1248 amici?

1973 1288 2165 1340 Annon
2195 1287 2328 1340 alios
2360 1287 2566 1340 habetis
2606 1286 2807 1340 amicos
2827 1329 2841 1354 ,
2869 1288 3091 1356 quaiso?
3120 1287 3388 1357 quomodo
3431 1287 3554 1340 illo-

1975 1392 2091 1430 rttm
2162 1377 2289 1430 estis
2335 1377 2533 1431 amici?
2586 1378 2853 1446 quomodo
2901 1379 3288 1447 percheralis?
3336 1377 3552 1432 Interim

1977 1482 2134 1520 nemo
2165 1467 2434 1521 inimicum
2468 1468 2691 1533 haheat;
2724 1484 2826 1522 non
2869 1480 2945 1523 est
2978 1470 3075 1525 hoc
3126 1486 3309 1538 parum
3344 1487 3356 1522 :
3401 1484 3558 1524 nemo

1978 1559 2247 1625 invideat;
2298 1576 2401 1613 non
2445 1561 2568 1614 licet
2614 1576 2718 1614 non
2769 1560 3003 1614 invidum
3062 1576 3332 1615 accusare.
3382 1560 3559 1615 Unum

1980 1652 2277 1708 habitamus
2325 1653 2510 1709 orbem
2557 1655 2989 1719 omnes,iisdem
3036 1654 3227 1708 alimur
3281 1656 3557 1708 fructibus.

1981 1741 2086 1796 Sed
2131 1742 2244 1798 haec
2270 1760 2425 1813 parva
2455 1754 2578 1799 sunt
2610 1763 2622 1798 :
2650 1746 2832 1799 iisdem
2866 1746 3132 1817 mysteriis
3152 1788 3166 1811 ,
3192 1746 3377 1800 eadem
3406 1747 3563 1814 Spiri-

1984 1834 2111 1888 tuali
2162 1850 2282 1889 esca
2334 1836 2574 1890 fruimur.
2624 1837 2748 1892 Hauc
2791 1854 2921 1892 sane
2971 1840 3364 1905 amiritimjnra
3417 1847 3563 1890 sunt.

1983 1926 2262 1991 Quomodo
2294 1929 2451 1995 igitur
2475 1969 2490 1992 ,
2521 1928 2727 1997 inquies
2752 1971 2765 1989 ,
2796 1929 3063 1983 ferventer
3101 1931 3274 1983 affecti
3321 1929 3567 1982 erimus?

1985 2018 2119 2085 Quid
2161 2017 2287 2072 facit
2312 2034 2592 2086 corporum
2636 2020 2920 2073 amorem?
2947 2018 3198 2089 Corporis
3232 2019 3422 2073 forma.
3468 2018 3565 2072 Ita-

1987 2125 2092 2178 que
2119 2118 2173 2162 et
2192 2110 2398 2162 animas
2430 2109 2690 2163 formosas
2712 2109 3027 2173 efficiamus,
3051 2112 3356 2178 erinmsque
3384 2120 3568 2162 mutuo

1989 2209 2291 2255 amatores:
2324 2217 2427 2255 non
2456 2211 2665 2270 oportet
2693 2203 2831 2255 enim
2862 2203 3031 2256 solum
3062 2217 3261 2281 amare,
3295 2201 3389 2254 sed
3408 2201 3567 2254 etiam

1991 2293 2177 2345 amari.
2202 2293 2378 2346 Primo
2396 2292 2446 2345 id
2464 2308 2829 2362 assequamur,
2855 2302 2911 2347 ut
2932 2308 3192 2359 amemur,
3213 2301 3265 2347 et
3282 2292 3407 2345 illud
3429 2291 3571 2345 aliud

1994 2384 2145 2439 facile
2177 2386 2297 2439 erit.
2326 2385 2603 2451 Quomodo
2628 2386 2792 2438 amari
2822 2385 3147 2455 poterimus?
3171 2385 3349 2439 Simus
3369 2383 3571 2452 pulchri

1994 2486 2048 2530 et
2077 2475 2221 2537 boni,
2249 2486 2303 2529 ct
2333 2476 2433 2531 hoc
2458 2476 2822 2544 operabimur,
2856 2485 2913 2529 ut
2939 2491 3151 2546 semper
3178 2486 3444 2529 amatores
3474 2475 3571 2527 ha-

1995 2566 2235 2621 beamus.
2261 2567 2430 2620 Nemo
2458 2568 2525 2621 ita
2555 2575 2706 2621 curet
2733 2568 2982 2637 pecniiias
3022 2567 3315 2637 possidere,
3345 2568 3426 2621 vel
3457 2582 3574 2621 Scr-

1997 2673 2113 2720 vos,
2146 2658 2227 2713 vel
2253 2658 2464 2723 domos,
2495 2669 2551 2713 ut
2578 2659 2768 2723 amari,
2801 2668 2860 2712 ut
2890 2660 3085 2712 bonum
3130 2659 3329 2713 habere
3356 2674 3572 2712 nomen.

2002 2746 2187 2801 Melius
2212 2758 2281 2801 est
2307 2765 2506 2813 nomen,
2535 2767 2685 2819 quam
2705 2750 2893 2803 divitia:
2914 2751 3087 2802 multa:
3115 2750 3133 2819 (
3167 2749 3320 2803 Prov.
3353 2750 3443 2803 2‘2.
3475 2751 3499 2804 1
3537 2754 3577 2818 ).

2002 2837 2136 2893 Illud
2163 2840 2305 2893 enim
2334 2848 2533 2904 manet,
2564 2839 2645 2893 ha:
2667 2850 2892 2909 pereunt
2919 2858 2932 2894 :
2960 2850 3016 2895 et
3040 2840 3169 2894 illud
3194 2840 3451 2909 possideri
3480 2856 3578 2910 po-

2007 2937 2127 2995 test,
2153 2928 2235 2983 lite
2256 2945 2384 2985 vero
2417 2930 2658 2985 minime.
2686 2929 2816 2983 Nam
2846 2931 2935 3000 qui
2960 2931 3152 2984 malam
3177 2930 3335 2984 habet
3366 2931 3578 2991 famam.

2007 3021 2092 3074 vix
2143 3021 2284 3074 illam
2338 3031 2587 3075 excutere
2634 3021 2861 3090 poterit;
2908 3037 3109 3091 pauper
3138 3037 3266 3077 vero
3304 3037 3335 3076 a
3367 3023 3583 3077 nomine

2007 3116 2113 3168 cito
2142 3114 2290 3168 dives
2327 3116 2447 3168 crit.
2472 3116 2551 3168 Sit
2579 3116 2696 3182 quis
2742 3115 2876 3168 dena
2925 3115 3086 3168 millia
3120 3116 3313 3169 talenta
3347 3114 3548 3169 habens
3570 3156 3584 3178 ,

2009 3206 2143 3260 alius
2172 3221 2302 3260 vero
2345 3207 2546 3260 amicos
2575 3215 2786 3259 centum
2824 3223 2835 3257 :
2870 3205 2956 3260 hic
2983 3206 3075 3258 illo
3116 3205 3419 3274 opulentior
3461 3204 3585 3258 erit.

2011 3296 2088 3351 Ne
2137 3299 2293 3363 igitur
2334 3297 2435 3350 hoc
2476 3298 2646 3351 obiter
2686 3312 2954 3361 curemus,
2984 3296 3076 3350 sed
3120 3297 3269 3365 quasi
3301 3296 3585 3364 quamdam

2012 3390 2386 3443 abundantiam
2410 3389 2427 3419 ί
2453 3404 2772 3459 quaeramus.
2807 3389 2873 3442 Et
2911 3389 3179 3458 quomodo
3202 3428 3217 3453 ,
3262 3390 3464 3457 inquit,
3494 3405 3592 3455 νυο

2016 3481 2270 3532 terimus"
2297 3479 2446 3533 Faua:
2469 3479 2631 3533 dulcis
2659 3480 2956 3548 multiplicat
2977 3480 3185 3544 amicos,
3211 3490 3257 3533 et
3278 3480 3453 3550 lingua
3475 3495 3567 3549 gru

2019 3572 2143 3625 tinsa
2175 3574 2192 3640 (
2218 3571 2378 3626 Eccli.
2405 3572 2459 3627 6.
2492 3573 2586 3643 5).
2616 3573 2688 3628 Os
2712 3573 2849 3628 bene
2897 3573 3120 3642 loquens
3155 3573 3517 3641 possideamus
3544 3583 3596 3626 et

2019 3677 2194 3717 mores
2220 3679 2399 3732 puros.
2428 3663 2542 3717 Non
2577 3674 2751 3733 potest
2780 3664 2946 3720 latere
2975 3665 3063 3734 qui
3093 3665 3171 3718 sic
3199 3664 3418 3719 affectus
3448 3673 3549 3718 est.

2089 3754 2141 3806 4.
2194 3752 2323 3805 Vide
2368 3764 2561 3821 quanta
2590 3758 2787 3808 amoris
2815 3756 3019 3810 vincula
3072 3756 3279 3810 externi
3325 3756 3596 3824 excogita.

2020 3844 2169 3899 rint:
2200 3843 2538 3913 adoptionem
2563 3887 2576 3910 ,
2623 3846 2909 3910 viciniam,
2962 3849 3326 3917 cognationes.
3368 3848 3469 3903 Sed
3518 3847 3601 3902 his

2021 3935 2265 3988 omnibus
2299 3947 2478 3989 nostra
2507 3946 2631 3989 sunt
2679 3938 2879 4006 majora
2916 3957 2929 3992 :
2962 3939 3075 3993 htcc
3106 3956 3288 3993 mensa
3322 3940 3600 3994 venerabi-

2021 4028 2142 4082 lior.
2170 4028 2319 4081 Multi
2346 4039 2525 4083 autem
2571 4044 2637 4085 ex
2681 4031 2767 4094 iis,
2819 4032 2910 4099 qui
2939 4031 3274 4095 accedimus,
3305 4048 3475 4102 neque
3504 4047 3603 4087 nos

2025 4132 2208 4176 mutuo
2232 4121 2624 4177 uovimus.Hoc
2650 4123 2935 4177 multitudo
2963 4124 3105 4187 facit,
3139 4125 3365 4193 inquies.
3393 4124 3601 4193 Nequa-

2025 4228 2201 4283 quam,
2233 4214 2327 4269 sed
2376 4215 2583 4283 ignavia
2612 4224 2813 4269 nostra.
2854 4215 2960 4270 Ter
3008 4216 3184 4279 mille,
3233 4224 3288 4271 et
3316 4215 3599 4286 quinquies

2027 4306 2173 4361 tnille
2202 4315 2357 4361 erant
2381 4306 2476 4371 illi,
2510 4316 2564 4361 et
2592 4321 2781 4361 omnes
2810 4306 3076 4361 habebant
3120 4306 3350 4361 animam
3393 4322 3552 4361 unam
3588 4326 3600 4361 :

2028 4412 2169 4452 nunc
2186 4407 2363 4453 autem
2390 4398 2582 4468 singuli
2610 4398 2826 4453 fratrem
2853 4414 3007 4453 suum
3035 4399 3299 4470 ignorant,
3329 4415 3427 4455 nec
3448 4401 3608 4469 pudet

2029 4503 2124 4542 eos
2154 4489 2546 4545 multitudinem
2574 4501 2891 4559 praetexere.
2934 4490 3032 4560 Qui
3061 4493 3256 4547 multos
3284 4492 3446 4548 habet
3475 4494 3610 4548 ami-

2031 4595 2143 4646 cos,
2174 4582 2421 4635 omnibus
2449 4592 2531 4637 est
2558 4584 3002 4653 inexpugnabilis,
3042 4588 3229 4655 quovis
3253 4596 3477 4658 tyranno
3506 4588 3612 4640 fut-

2035 4671 2158 4725 tior.
2188 4670 2302 4726 Non
2326 4672 2399 4726 ita
2428 4672 2577 4727 illum
2598 4675 2759 4728 alium
2783 4675 3062 4742 satellites,
3096 4686 3151 4731 ut
3176 4679 3314 4732 hunc
3338 4678 3493 4733 amici
3516 4695 3610 4731 cu-

2034 4762 2273 4817 stodiunt
2298 4779 2313 4816 :
2334 4764 2524 4834 hicqtte
2546 4765 2741 4819 clarior
2759 4764 2849 4820 illo
2866 4776 2972 4821 est.
2993 4767 3087 4820 Illo
3114 4783 3343 4837 namque
3364 4784 3390 4820 a
3413 4770 3609 4833 servis,

2036 4855 2123 4909 hic
2152 4856 2218 4911 ab
2246 4858 2538 4925 aequalibus
2559 4858 2854 4913 custoditur
2878 4875 2890 4911 :
2924 4857 3015 4912 ille
3035 4858 3105 4912 ab
3130 4859 3307 4914 invitis
3340 4869 3395 4914 et
3422 4862 3613 4915 timen-

2038 4950 2197 5010 tibus,
2226 4949 2314 5002 hic
2351 4965 2378 5003 a
2413 4950 2715 5004 lubentibus
2762 4966 2861 5005 nec
2896 4951 3295 5016 metuentibus;
3328 4950 3613 5021 Videreque

2038 5048 2120 5094 est
2146 5055 2258 5092 rem
2284 5041 2506 5104 miram,
2541 5041 2591 5092 in
2639 5041 2818 5094 multis
2856 5056 3039 5105 unum,
3073 5048 3129 5095 et
3158 5041 3208 5094 in
3248 5056 3353 5095 uno
3395 5042 3609 5098 multos.

2038 5134 2211 5201 Atque
2242 5133 2367 5185 utin
2395 5132 2598 5185 cithara
2626 5131 2826 5186 diversi
2859 5133 2973 5185 soni
3013 5142 3158 5200 sunt,
3182 5150 3283 5187 una
3315 5150 3443 5189 vero
3466 5151 3613 5207 sym-

2039 5225 2257 5295 phonia,
2285 5240 2526 5292 unusque
2552 5223 2786 5277 musicus
2814 5224 2901 5292 qui
2929 5225 3184 5279 citharam
3214 5227 3385 5296 pulsat
3411 5245 3422 5280 :
3452 5228 3520 5280 ita
3561 5240 3617 5283 et

2043 5316 2127 5369 hic
2159 5333 2171 5368 :
2201 5315 2401 5368 cithara
2427 5315 2639 5383 quidem
2658 5323 2739 5368 est
2758 5315 2971 5372 caritas.
2993 5316 3108 5371 soni
3138 5332 3265 5371 vero
3292 5318 3448 5371 verba
3478 5322 3613 5373 cari-

2043 5416 2147 5460 tate
2173 5406 2351 5475 plcna,
2382 5405 2507 5459 dum
2534 5420 2722 5460 omnes
2748 5406 2902 5460 simul
2926 5420 3082 5459 unam
3125 5408 3470 5477 eamdemque
3493 5409 3615 5461 har-

2044 5498 2276 5551 moniam
2304 5507 2357 5551 et
2378 5496 2751 5567 symphoniam
2780 5496 3054 5561 efficiunt;
3086 5499 3320 5553 musicus
3344 5511 3517 5551 autem
3534 5507 3615 5549 cst

2043 5590 2279 5644 Caritatis
2306 5589 2474 5643 virtus
2510 5606 2523 5642 :
2554 5587 2667 5657 ipsa
2701 5588 2860 5643 dulce
2889 5589 3057 5643 melos
3080 5590 3270 5656 pulsat.
3290 5588 3491 5642 Vellem
3522 5602 3615 5640 vos

2108 5703 2126 5734 ί
2151 5700 2257 5766 Alii
2281 5701 2471 5763 legunt,
2493 5701 2882 5764 negotiationem,
2904 5717 3008 5766 pro,
3026 5700 3380 5750 abundantiam.
3407 5704 3619 5760 Utraque

2047 5763 2193 5815 lectio
2215 5766 2453 5827 quadrare
2480 5772 2656 5827 potest.
