4036 6220
508 319 614 376 287

506 435 560 491 in
595 435 752 490 talem
799 432 1071 490 civitatem
1111 433 1343 497 ducere.
1373 436 1417 490 si
1449 435 1562 492 fieri
1591 447 1794 506 posset,
1827 438 1915 494 ubi
1950 455 2089 495 unus

504 536 645 583 esset
671 526 900 591 animus,
925 537 980 582 et
997 524 1206 582 videres
1226 525 1296 581 ibi
1323 527 1694 598 symphoniam
1713 530 1857 584 omni
1879 531 2084 588 cithara

501 629 555 672 et
598 618 724 672 tibia
760 618 1082 686 suaviorem,
1115 618 1355 688 nihilque
1381 619 1570 674 absoni
1605 618 1913 680 habentem.
1955 622 2082 680 llzec

503 709 731 763 melodia
757 719 811 763 et
829 709 1050 780 angelos
1077 718 1130 763 et
1154 709 1465 786 angelorum
1494 710 1781 766 Dominum
1808 728 1873 768 ac
1915 714 2081 782 Deum

500 800 759 866 deleatat;
788 788 1094 856 ha-ctotum
1124 801 1172 854 in
1197 800 1329 856 ca‘lo
1352 805 1616 860 theatrmn
1639 805 1868 870 excitat;
1895 805 2010 860 btec
2029 816 2084 861 et

499 893 799 948 daemonum
843 891 1076 947 furorem
1099 893 1388 961 Cotttpescit
1425 903 1477 946 et
1515 896 1797 953 affectuum
1823 897 2078 968 impetmn

499 985 767 1044 dcnmlcet
800 985 838 1038 ί.
874 983 998 1036 lla-c
1045 984 1273 1038 melodia
1308 1001 1410 1038 non
1460 987 1617 1040 modo
1648 988 1873 1043 atl'ecms
1901 989 2075 1056 sedat,

496 1076 594 1129 sed
625 1091 721 1129 nec
745 1090 1032 1144 exsurgere
1054 1076 1207 1142 sinit,
1244 1093 1599 1148 magnumque
1628 1080 1754 1134 facit
1783 1081 2074 1136 sileri-timo.

491 1160 642 1222 Sicut
668 1167 810 1222 enim
843 1168 892 1220 in
925 1167 1132 1223 theatro
1154 1169 1477 1224 mnsicormn
1497 1186 1684 1226 otnues
1711 1171 1930 1226 chorum
1954 1188 2076 1226 cum

489 1259 702 1312 silentio
735 1259 978 1324 audiunt,
1005 1259 1286 1329 nullusque
1313 1261 1382 1314 ibi
1418 1262 1677 1317 tumultus
1697 1273 1813 1318 est:
1839 1265 1917 1318 sic
1940 1265 2077 1320 inter

489 1347 714 1415 amicos,
746 1349 971 1410 caritate
997 1351 1262 1420 pulsante,
1311 1367 1497 1408 omnes
1532 1354 1756 1425 affectus
1794 1357 2077 1428 quiescunt

489 1450 547 1496 et
575 1440 851 1507 sedantur,
890 1451 948 1497 ut
971 1442 1097 1497 fera:
1126 1442 1383 1498 demulsa:
1408 1453 1461 1498 et
1483 1446 1768 1516 mitigatze;
1801 1449 1958 1516 sicut,
1984 1450 2072 1505 ubi

488 1534 783 1590 inimicitia:
812 1546 956 1600 sunt,
989 1535 1059 1590 ibi
1105 1537 1282 1591 omnia
1329 1549 1453 1593 sunt
1481 1543 1770 1595 contraria.
1801 1541 1907 1598 Sed
1938 1541 2071 1598 nihil

484 1628 592 1697 jam
631 1627 700 1684 de
733 1627 1008 1688 inimicitia
1044 1629 1357 1698 loquamur:
1391 1631 1459 1687 de
1485 1632 1721 1690 amicitia
1763 1644 1965 1688 tantum
1989 1634 2071 1688 di-

484 1737 685 1776 eamus.
709 1719 763 1776 Si
785 1721 908 1792 quid
937 1722 1276 1777 temerarium
1294 1722 1462 1790 dicas,
1489 1740 1645 1779 nemo
1675 1736 1757 1780 est
1783 1727 1867 1795 qui
1890 1725 2071 1784 insur-

482 1823 574 1883 gat
595 1814 645 1867 in
680 1823 753 1881 te,
778 1813 873 1868 sed
901 1828 1090 1868 onmes
1119 1814 1401 1882 ignoscunt
1425 1832 1440 1882 ;
1469 1818 1513 1872 si
1545 1818 1670 1888 quid
1697 1818 1880 1884 facias,
1910 1835 2068 1876 nemo

477 1904 800 1974 suspicatur,
842 1904 933 1960 sed
973 1920 1162 1975 magna
1191 1915 1274 1961 est
1321 1907 1645 1978 indulgentia
1671 1928 1683 1963 :
1709 1909 1920 1964 cadenti
1944 1927 2065 1964 om-

484 2011 580 2051 nes
611 2005 860 2070 prompte
908 2011 1120 2051 manum
1149 1998 1466 2068 porrigunt;
1493 2015 1681 2054 onmes
1721 2001 1894 2070 ipsum
1924 2013 2069 2058 stare

477 2097 685 2142 curant.

551 2179 801 2233 Amicitia:
820 2178 968 2234 ratio.
986 2208 1058 2219 —
1088 2178 1269 2234 Murus
1299 2195 1424 2236 vere
1445 2182 1797 2237 inconcussus
1823 2193 1906 2238 est
1936 2187 2069 2242 ami-

476 2271 621 2339 citia,
643 2271 734 2340 qui
763 2285 862 2325 nec
887 2269 914 2324 ἢ
947 2269 1163 2325 diabolo
1187 2272 1411 2342 capitur,
1443 2272 1637 2328 nedum
1658 2274 1725 2328 ab
1745 2274 2063 2330 horninibus.

475 2365 590 2420 Non
645 2373 819 2434 potest
873 2364 923 2417 in
971 2364 1211 2434 pericula
1270 2365 1506 2420 incidere
1527 2366 1616 2436 qui
1658 2367 1860 2421 amicos
1901 2367 2067 2423 habet

476 2455 671 2508 nmltos
700 2471 714 2508 :
744 2454 887 2508 nulla
913 2455 1068 2510 adest
1115 2455 1212 2510 ira:
1261 2457 1494 2517 occasio,
1523 2455 1618 2510 sed
1645 2460 1924 2513 suavitatis
1959 2469 2070 2513 tan-

478 2555 587 2612 tum
622 2564 636 2601 :
670 2546 720 2601 in
750 2547 862 2602 risu
891 2561 1107 2616 semper
1135 2556 1217 2602 cst
1237 2562 1301 2602 ac
1322 2547 1530 2602 deliciis
1555 2565 1569 2603 :
1596 2549 1736 2602 nulla
1762 2551 1832 2603 ibi
1857 2551 2066 2608 invidiae

472 2637 705 2702 occasio,
737 2637 883 2692 nulla
908 2637 1228 2706 injuriarum
1256 2639 1535 2694 memoria.
1567 2639 1716 2694 llunc
1737 2642 1858 2696 vide
1883 2653 1936 2697 et
1958 2643 2066 2711 Spi-

477 2728 686 2784 ritttalia
758 2739 813 2784 et
859 2727 1094 2784 carnalia
1160 2728 1316 2784 facile
1373 2730 1713 2800 dirigentem.
1756 2732 1890 2800 Quid
1939 2733 2064 2791 huic

474 2836 568 2890 par
592 2819 789 2876 fuerit?
815 2818 913 2874 ilic
936 2829 1019 2880 est
1045 2834 1144 2876 ceu
1166 2821 1355 2877 civitas
1381 2821 1615 2893 undique
1640 2829 1814 2880 muris
1837 2826 2010 2880 cincta
2041 2841 2058 2892 ;

471 2915 557 2968 ille
592 2929 720 2968 vero
745 2914 881 2968 alius
922 2914 1070 2985 quasi
1111 2915 1298 2980 civitas
1350 2917 1468 2972 sine
1500 2918 1684 2973 muris.
1716 2919 1920 2990 Magnas
1967 2935 2058 2975 sas-

467 3007 681 3076 pieutia:
725 3016 828 3071 est,
863 3021 1020 3078 posse
1045 3009 1308 3064 amicitias
1333 3009 1644 3066 conciliare.
1675 3011 1828 3067 Tolle
1867 3013 2058 3068 amici-

469 3098 592 3154 tiam
617 3105 672 3151 et
696 3097 875 3151 omnia
898 3099 1197 3164 susmleris,
1228 3100 1406 3154 omnia
1427 3100 1755 3156 confoderis.
1788 3102 1843 3157 Si
1865 3116 2043 3160 autent

465 3189 712 3244 amicitia:
735 3189 912 3260 imago
938 3199 1134 3244 tantam
1161 3191 1266 3254 vim
1289 3189 1472 3253 habet,
1499 3192 1610 3260 ipsa
1639 3193 1835 3248 veritas
1855 3206 2054 3262 quanta

467 3281 608 3337 erit?
633 3280 850 3336 Amicos
875 3295 1005 3350 ergo
1047 3280 1200 3336 nobis
1247 3297 1516 3352 paremus,
1544 3285 1789 3348 obsecro,
1817 3295 1869 3341 et
1916 3286 2054 3344 hanc

461 3420 520 3529 dt
552 3417 692 3532 ΙΙΞὲ
713 3423 760 3469 et
780 3417 1038 3482 amcam
1048 3413 1279 3482 impetum
1299 3417 1555 3481 demulcet,
1579 3419 1761 3472 desunt
1783 3422 1833 3472 in
1848 3424 2049 3487 quibus.

1209 320 1266 378 S.
1306 320 1581 378 JUANNIS
1604 321 2078 382 CHRYSOSTOMI
2105 325 2426 388 ARCHIEP.
2455 333 2981 398 CONSTANTINOP.

2193 453 2365 501 artem
2383 447 2561 518 quivis
2603 461 2874 507 exerceat.
2906 451 2976 510 Et
2997 466 3149 520 ecce,
3176 455 3404 528 inquies,
3445 474 3548 533 ego
3569 476 3776 533 conor;

2193 535 2283 593 ille
2313 553 2440 596 vero
2463 555 2566 596 non
2583 551 2756 598 curat.
2786 544 2954 616 Major
2985 547 3076 607 tibi
3103 563 3310 607 merces
3331 553 3415 608 sic
3431 556 3555 609 erit.
3576 557 3772 626 Etiam,

2190 626 2420 698 inquies,
2447 631 2543 687 sed
2567 647 2657 689 res
2687 645 2812 690 tunc
2857 635 3126 693 diﬂtcilior
3150 649 3251 696 est.
3283 641 3596 714 Quomodo,
3627 664 3774 718 qua:-

2188 721 2288 775 so?
2320 721 2457 778 Ecce
2489 725 2744 781 testificor
2759 737 2814 782 et
2837 728 2980 796 dico,
3011 746 3055 785 SI
3080 731 3266 787 decem
3291 745 3495 792 tantum
3525 755 3623 795 vos
3643 759 3774 797 con-

2181 811 2478 884 jungeretis
2501 859 2515 882 ,
2571 829 2623 872 et
2647 834 2784 888 opus
2819 822 3140 890 prmdicandi
3191 825 3329 880 sicut
3357 832 3586 898 apostoli
3619 834 3771 890 vobis

2185 907 2601 976 constitueretis,
2632 921 2686 966 et
2713 915 2850 967 sicut
2879 916 3153 985 propheta
3201 917 3488 985 docebant,
3518 925 3598 979 sic
3627 928 3764 981 ami-

2179 1011 2276 1051 cos
2304 998 2480 1053 facere
2499 1000 2806 1066 studeret-is,
2828 1019 3078 1075 magnam
3110 1007 3267 1062 vobis
3296 1009 3408 1065 fere
3435 1016 3767 1071 mercedem.

2183 1085 2375 1157 Regios
2415 1091 2570 1146 nobis
2601 1091 2858 1163 imagines
2886 1111 3181 1165 paremus:
3210 1098 3314 1154 hoc
3346 1103 3491 1157 enim
3528 1105 3769 1176 discipu-

2175 1179 2351 1233 iornm
2373 1183 2676 1251 symbolum
2707 1195 2809 1240 est.
2843 1186 2908 1240 Et
2925 1203 3024 1243 cur
3052 1204 3158 1245 non
3187 1191 3359 1260 majus
3383 1196 3657 1266 quidpiam
3693 1201 3768 1254 fa-

2173 1275 2370 1340 cimus,
2400 1290 2557 1342 quam
2588 1275 2632 1329 si
2655 1277 2811 1331 adsis
2849 1266 3150 1336 facultatem
3189 1287 3590 1354 acquireremus
3617 1306 3762 1345 mor-

2174 1373 2300 1416 tuos
2321 1365 2653 1420 suscitandi?
2679 1367 2934 1424 Diadema
2963 1380 3264 1442 etparpura
3292 1389 3472 1446 regem
3490 1378 3765 1437 indicant:

2171 1455 2222 1508 si
2253 1455 2367 1509 bare
2399 1470 2502 1510 Inoo
2534 1457 2730 1518 adsint,
2763 1460 2971 1515 etiamsi
2996 1477 3161 1516 aurea
3196 1465 3388 1522 habeat
3414 1473 3760 1537 vestimenta,

2177 1547 2414 1602 nomium
2452 1564 2543 1603 res
2567 1551 2940 1606 tmoaifrstat-us
2955 1564 3061 1607 est.
3086 1553 3158 1607 lta
3181 1565 3235 1609 et
3266 1567 3319 1610 tu
3341 1573 3479 1612 tmnc
3505 1561 3648 1614 hanc
3673 1564 3765 1618 tibi

2176 1648 2433 1695 tesseram
2461 1643 2642 1708 fadto,
2665 1653 2720 1698 et
2748 1645 2841 1699 tibi
2870 1655 2924 1700 et
2951 1646 3074 1700 aliis
3100 1647 3302 1703 amicos
3323 1653 3562 1718 parabis.
3593 1654 3765 1710 Nemo

2171 1733 2261 1802 qui
2287 1743 2515 1797 ametur,
2545 1735 2670 1789 odio
2694 1734 2894 1791 habere
2919 1737 3067 1794 velit.
3101 1738 3377 1796 Discamus
3407 1744 3618 1799 colores
3647 1747 3764 1802 illos

2172 1826 2262 1895 qui
2287 1826 2600 1893 miscentur,
2626 1828 2819 1898 quibus
2845 1829 3021 1899 imago
3047 1830 3139 1884 illa
3159 1835 3505 1889 constituitur
3531 1853 3545 1889 :
3575 1838 3762 1894 diserti

2169 1919 2338 1973 simus
2361 1935 2375 1970 :
2395 1934 2464 1975 ne
2477 1930 2848 1989 exspectemus
2865 1924 3156 1992 proximos.
3180 1923 3257 1979 Ne
3277 1925 3424 1981 dicas
3453 1943 3468 1981 :
3495 1927 3550 1984 Si
3579 1931 3765 1985 videro

2168 2012 2401 2081 aliquem
2431 2013 2662 2078 tardum,
2691 2029 2794 2084 ego
2833 2015 3072 2070 deterior
3113 2017 3183 2070 tio
3217 2035 3230 2071 :
3259 2017 3368 2073 imo
3419 2019 3465 2074 si
3520 2022 3719 2077 videris
3742 2067 3760 2090 ,

2175 2117 2486 2174 pra-occupa
2506 2145 2522 2170 ,
2554 2114 2610 2160 et
2637 2105 2754 2175 ejus
2778 2106 2964 2160 vitium
2994 2111 3292 2180 esstingue.
3327 2110 3552 2182 Egnati
3587 2115 3757 2177 vides,

2171 2205 2223 2249 et
2255 2196 2499 2250 morbum
2528 2199 2730 2268 auges?
2755 2199 2868 2255 Hoc
2899 2201 3130 2256 maxime
3174 2209 3228 2256 et
3255 2213 3381 2256 ante
3411 2205 3590 2258 omnia
3619 2223 3762 2274 [mn-

2171 2295 2394 2353 stt-mus,
2417 2287 2691 2344 uthonore
2708 2303 2804 2344 nos
2826 2301 3013 2346 mutuo
3032 2292 3422 2360 prreveniamus
3456 2293 3634 2365 (Rom.
3672 2297 3761 2354 t2.

2172 2376 2284 2439 10),
2320 2392 2416 2430 nec
2436 2387 2591 2446 putes
2613 2387 2664 2433 te
2685 2380 2873 2447 min-ui,
2903 2396 3025 2436 cum
3056 2391 3212 2452 putas
3235 2383 3370 2438 alios
3400 2392 3452 2439 te
3476 2387 3756 2442 excellen-

2171 2470 2353 2521 tiores.
2389 2470 2444 2524 Si
2475 2470 2645 2539 ipsum
2701 2471 2906 2528 honore
2958 2475 3274 2544 pnevenias,
3325 2477 3555 2546 teipsum
3587 2483 3761 2552 magis

2167 2561 2439 2614 ἐπινωτιδιὶ
2473 2562 2672 2631 tibique
2703 2562 2964 2620 honorem
2989 2567 3278 2620 attraxisti.
3319 2565 3526 2638 Ubique
3556 2573 3759 2640 primas

2167 2654 2286 2707 aliis
2311 2655 2691 2710 cottcedamus.
2713 2655 2851 2710 Nihil
2869 2673 3079 2723 eorum,
3109 2673 3228 2729 quae
3258 2660 3412 2716 nobis
3440 2661 3581 2716 illata
3605 2675 3753 2727 sunt.

2163 2745 2426 2799 malorum
2457 2749 2824 2811 recordemur,
2843 2750 2936 2803 sed
2969 2752 3233 2806 bonorum
3257 2761 3484 2807 tantum.
3509 2754 3650 2811 Nihil
3677 2759 3756 2813 sic

2161 2840 2289 2895 facit
2313 2843 2542 2896 amicum
2570 2852 2627 2896 ut
2654 2852 2803 2912 grata
2835 2843 3115 2914 lingua,os
3143 2845 3277 2900 bene
3308 2845 3554 2916 loquens,
3571 2851 3754 2906 anima

2163 2935 2278 2988 sine
2307 2935 2461 3000 fastu,
2481 2950 2629 2989 vana-
2643 2937 2825 3005 gloriaa
2849 2947 2901 2991 et
2929 2938 3146 2992 honoris
3168 2949 3526 3008 contemptus.
3559 2941 3615 2996 Si
3639 2942 3756 3000 hcce

2161 3023 2468 3093 fecerimus,
2499 3027 2792 3096 poterimus
2834 3027 3029 3082 diaboli
3063 3029 3263 3099 laqtn-is
3301 3031 3560 3086 inaccessi
3592 3049 3752 3100 esse;

2160 3125 2214 3170 et
2243 3117 2492 3171 virtutem
2546 3127 2795 3172 accurate
2822 3119 3053 3183 sectati,
3103 3122 3363 3190 promissa
3403 3123 3752 3193 diligentibus

2159 3207 2328 3262 Deum
2361 3209 2496 3262 bona
2547 3209 2824 3278 consequi,
2877 3210 3046 3279 gratia
3077 3221 3130 3264 et
3158 3211 3488 3284 benignitate
3539 3215 3746 3272 Domini

2155 3300 2326 3354 nostri
2357 3299 2480 3354 Jesu
2511 3300 2730 3366 Christi,
2772 3304 2985 3372 quicum
3038 3303 3184 3358 Patri
3225 3316 3279 3360 et
3307 3305 3527 3377 Spiritui
3557 3319 3744 3362 sancto

2159 3391 2349 3461 gloria,
2371 3392 2672 3462 imperium,
2694 3393 2890 3463 honor,
2917 3410 3057 3450 nunc
3077 3405 3131 3451 et
3145 3413 3375 3469 semper,
3397 3409 3451 3456 et
3471 3401 3522 3455 in
3544 3402 3743 3457 saecula

2152 3484 2496 3537 Saeculorum.
2517 3484 2708 3539 Amen.

1059 3609 1067 3617 ’
1775 3658 2119 3724 HOMILIA
2169 3663 2326 3723 xu.

458 3799 592 3855 CAP.
636 3798 721 3855 l9.
757 3813 812 3852 ν.
841 3801 892 3854 8.
940 3796 1206 3870 Ingressus
1240 3799 1292 3852 in
1337 3815 1666 3871 synagogant,
1706 3819 1818 3855 cum
1855 3805 2044 3872 ﬁducia

530 3890 832 3962 loquebatur
876 3905 966 3960 per
995 3900 1095 3944 tres
1127 3905 1344 3954 menses,
1373 3891 1638 3963 disputans
1673 3903 1717 3947 et
1739 3895 1958 3950 suadens
1981 3899 2044 3950 de

530 3999 685 4054 regno
711 3979 827 4036 Dei.

531 4076 583 4130 i.
607 4077 907 4147 Synagogas
929 4077 1212 4146 frequenter
1235 4074 1343 4128 adit
1375 4073 1572 4130 Paulus
1587 4117 1600 4141 ,
1629 4093 1800 4146 quare.
1821 4106 1892 4116 —
1911 4076 2040 4130 Vide

459 4169 674 4238 ubique,
704 4179 760 4221 ut
787 4183 846 4222 se
875 4168 928 4222 iit
957 4180 1258 4238 synagogas
1281 4166 1540 4231 immittit,
1564 4177 1618 4220 et
1643 4168 1722 4221 sic
1742 4169 2036 4236 demigrat:

459 4263 655 4332 ubique
685 4261 826 4314 enim
865 4260 932 4312 ab
972 4260 1078 4313 illis
1106 4257 1320 4312 volebat
1343 4257 1680 4310 occasionem
1722 4273 1999 4312 assumere
2021 4299 2036 4326 ,

456 4352 664 4406 ntdixi.
703 4350 835 4405 Nam
865 4359 1053 4418 gentes
1084 4350 1194 4418 jam
1233 4348 1351 4400 zelo
1393 4345 1689 4411 fervebant,
1730 4357 1784 4402 et
1812 4347 2039 4404 libenter

454 4457 575 4498 emn
604 4439 974 4509 accipiebant;
1013 4437 1181 4492 Judaei
1215 4453 1342 4491 vero
1390 4438 1639 4508 gentibus
1688 4439 2036 4494 tidemsusci-

455 4535 752 4607 pientibus,
785 4531 1151 4601 pmnitentiam
1189 4531 1437 4601 agebant.
1479 4530 1707 4586 Volebat
1745 4531 2035 4604 discipulos

455 4627 603 4682 illinc
643 4624 978 4690 abstrahere,
1021 4633 1074 4679 et
1099 4624 1165 4678 ab
1191 4623 1294 4677 illis
1317 4623 1576 4694 incipere,
1608 4635 1666 4678 ut
1696 4641 1762 4679 ne
1788 4640 1907 4678 cum
1931 4625 2037 4682 illis

451 4725 907 4788 congregarentur
932 4733 946 4769 :
972 4730 1147 4788 neque
1169 4715 1286 4769 sine
1313 4729 1472 4768 causa
1498 4713 1602 4769 hoc
1644 4716 1889 4781 faciebat.
1913 4713 2036 4771 Ideo

453 4812 763 4882 frequenter
807 4825 928 4864 cum
961 4809 1068 4864 illis
1112 4807 1453 4877 disputabat,
1497 4807 1620 4878 quia
1657 4809 2032 4878 persuadebat.

451 4905 530 4961 Ne
560 4906 752 4977 igitur,
784 4906 909 4975 quia
938 4901 1150 4958 dicendi
1193 4902 1488 4957 libertatem
1513 4901 1743 4969 audisti,
1772 4906 2034 4974 asperita-

451 5006 558 5053 tem
592 5007 745 5068 putes
776 5015 789 5052 :
822 4997 892 5052 de
918 4996 1137 5051 utilibus
1167 4995 1326 5050 rebus
1365 4993 1693 5065 disputabat,
1721 4995 1790 5050 de
1817 5012 1982 5068 regno
2012 5015 2027 5051 :

462 5089 581 5155 quis
609 5103 713 5143 non
754 5087 1027 5144 audisset?
1055 5087 1109 5142 9.
1146 5105 1165 5138 ι
1197 5087 1329 5141 Cum
1359 5095 1535 5140 autem
1563 5085 1777 5154 quidam
1820 5087 2033 5141 indura-

454 5195 658 5247 tentur,
685 5190 737 5235 et
759 5197 863 5234 non
884 5179 1167 5240 crederent
1189 5220 1204 5243 ,
1235 5178 1618 5233 maledicentes
1649 5179 1784 5231 viam
1817 5179 2032 5234 Domini

456 5285 638 5326 curam
669 5270 1034 5334 multitmline,
1059 5269 1339 5324 discedens
1362 5270 1428 5323 ab
1467 5271 1577 5335 eis,
1609 5271 1907 5340 segregavit
1950 5271 2032 5324 di-

460 5361 714 5429 scipulos,
741 5359 979 5429 quotidie
1005 5361 1285 5430 disputans
1307 5361 1359 5414 in
1387 5360 1570 5415 schola
1595 5361 1829 5433 Tyranni
1855 5363 2031 5430 cujus-

455 5450 602 5504 dam.
629 5449 716 5505 10.
753 5449 862 5503 lloc
888 5460 1066 5503 autem
1087 5447 1291 5505 factum
1322 5459 1401 5504 est
1430 5467 1524 5520 per
1564 5451 1856 5516 biennitnn,
1888 5455 1955 5506 ita
1978 5461 2034 5510 nt

453 5557 675 5606 omnes,
707 5541 796 5613 qui
845 5541 1154 5596 habitabant
1201 5542 1254 5596 itt
1304 5544 1470 5610 Asia,
1525 5544 1771 5598 audirent
1813 5545 2031 5600 verbum

461 5636 670 5693 Domini
697 5635 854 5700 Jesu,
891 5642 998 5688 tam
1043 5634 1215 5689 Judaei
1258 5650 1416 5704 quam
1457 5635 1650 5690 Gratci.
1691 5657 1709 5689 ι
1741 5635 1890 5691 Viam
1916 5653 2030 5691 me-

451 5732 554 5787 rito
580 5730 844 5784 vocabant
877 5725 1308 5798 prmdicationcm
1334 5742 1348 5788 ;
1380 5741 1506 5781 vere
1537 5729 1679 5782 enim
1706 5728 1818 5784 hazc
1845 5730 1926 5783 via
1949 5737 2032 5786 est

452 5840 570 5894 qua:
599 5823 744 5880 ducit
783 5822 852 5879 ad
882 5837 1102 5894 regnum
1153 5822 1431 5878 cwlorum.
1465 5819 1531 5875 In
1587 5823 1780 5890 schola,
1832 5824 2024 5894 inquit,

2157 3804 2385 3875 Tyranni
2426 3809 2696 3877 cujusdam
2734 3808 3048 3878 disputabat.
3109 3808 3173 3864 Et
3209 3811 3305 3863 hoc
3325 3816 3519 3882 factum
3550 3824 3625 3867 est
3655 3831 3746 3883 per

2151 3897 2407 3950 biennium
2427 3938 2441 3962 ,
2465 3898 2535 3950 ita
2564 3908 2616 3951 ut
2653 3914 2826 3952 omnes
2851 3900 3084 3953 audirent
3128 3917 3410 3956 sermonem
3438 3913 3544 3956 tant
3568 3903 3741 3958 Judaei

2149 4004 2302 4047 quam
2329 3987 2512 4042 Graeci.
2544 3988 2703 4044 Vides
2733 3999 2988 4060 quantum
3019 3990 3214 4058 profuit
3256 3995 3473 4049 assidue
3501 3996 3740 4065 urgere?

2149 4076 2217 4130 Et
2244 4077 2414 4132 Judasi
2445 4089 2497 4132 et
2519 4077 2690 4134 Grmci
2733 4080 3039 4136 audiebant.
3065 4082 3154 4139 ll.
3181 4101 3200 4136 ί
3239 4083 3584 4155 Virtutesque
3616 4102 3722 4141 non

2146 4172 2414 4241 quaslibet
2466 4171 2692 4226 faciebat
2744 4173 2884 4228 Deus
2939 4190 3031 4242 per
3083 4191 3273 4230 manus
3319 4177 3492 4242 Pauli,
3551 4177 3639 4234 19..
3681 4189 3738 4234 ut

2153 4264 2312 4318 etiam
2345 4279 2508 4334 super
2551 4265 2830 4336 languidos
2882 4268 3222 4330 deterrentur
3259 4271 3327 4327 de
3353 4287 3581 4341 corpore
3621 4275 3737 4346 ejus

2153 4353 2396 4422 sudaria,
2438 4366 2492 4410 et
2537 4356 2862 4412 semicinctio
2887 4397 2903 4422 ,
2961 4369 3012 4413 et
3042 4361 3354 4417 recederent
3411 4364 3479 4416 ah
3517 4366 3600 4419 eis
3623 4367 3734 4418 lan-

2141 4461 2358 4516 guores,
2387 4456 2441 4500 et
2460 4447 2678 4516 spiritus
2696 4464 2921 4518 nequam
2949 4452 3160 4506 exirent
3187 4454 3255 4505 ab
3281 4455 3385 4509 eis.
3421 4474 3441 4507 ι
3469 4454 3588 4510 Non
3614 4466 3734 4511 tan-

2143 4539 2341 4608 gebant
2371 4540 2542 4592 solum
2573 4539 2837 4609 ferentes,
2863 4543 2957 4597 sed
2999 4545 3322 4614 accipientes
3353 4547 3725 4617 imponebant.

2142 4629 2266 4685 Ideo
2296 4647 2402 4684 non
2428 4631 2552 4686 sivit
2573 4631 2818 4689 Christus
2858 4634 3008 4689 illum
3040 4636 3118 4690 ire
3149 4637 3198 4691 in
3237 4637 3446 4704 Asiam,
3479 4639 3580 4694 hoc
3601 4650 3734 4696 tem-

2141 4737 2241 4792 pus
2265 4723 2576 4789 observans,
2605 4735 2663 4778 ut
2677 4739 2774 4795 ego
2801 4737 2948 4795 puto.
2985 4729 3066 4783 15.
3107 4747 3126 4780 ‹
3158 4729 3529 4785 Tentaverunt
3549 4743 3730 4788 autem

2140 4814 2354 4884 quidam
2390 4829 2454 4869 ex
2514 4815 2970 4872 circnmeuntibus
3001 4818 3201 4876 Judaeis
3247 4821 3528 4877 exureistis
3576 4825 3730 4880 invo-

2140 4921 2263 4968 care
2285 4920 2445 4973 super
2485 4920 2610 4970 eos,
2641 4908 2730 4976 qui
2759 4907 3026 4964 habebant
3051 4913 3272 4980 spiritus
3303 4913 3500 4979 malos,
3533 4931 3733 4973 nomen

2143 4997 2351 5051 Domini
2379 4995 2507 5050 Jesu
2529 5038 2546 5063 ,
2579 4997 2858 5052 dicentes:
2892 4999 3214 5068 Adjuramns
3255 5017 3352 5057 Vos
3390 5019 3486 5072 per
3516 5003 3730 5072 Jesum,

2140 5104 2297 5157 quem
2331 5087 2526 5143 Paulus
2570 5089 2842 5157 prmdicat.
2869 5109 2888 5142 ι
2934 5090 3007 5145 ita
3049 5094 3226 5148 ctunia
3270 5093 3541 5151 faciebant
3596 5098 3732 5155 lucri

2139 5193 2319 5238 causa.
2354 5178 2487 5233 Vide
2519 5197 2532 5234 :
2567 5180 2786 5235 credere
2817 5182 3030 5250 quidem
3061 5184 3316 5240 nolebant
3336 5228 3352 5250 ,
3377 5186 3470 5240 sed
3504 5202 3602 5257 per
3628 5189 3732 5246 hoc

2140 5287 2333 5326 nomen
2369 5273 2620 5327 volebant
2656 5273 2855 5342 ejicere
2889 5275 3174 5332 daemonia.
3222 5279 3378 5348 Papa:
3401 5321 3417 5344 ,
3467 5292 3731 5350 quantum

2137 5373 2253 5416 erat
2293 5378 2484 5416 nomen
2515 5363 2660 5417 Pauli
2691 5364 2704 5418 Ξ
2737 5365 2824 5420 Η.
2863 5385 2881 5418 ι
2917 5367 3080 5422 Erant
3107 5380 3283 5424 autem
3311 5370 3528 5440 quidam
3554 5371 3726 5428 Judtei

2143 5454 2350 5514 δουναι.
2400 5454 2654 5523 principis
2693 5457 3067 5520 sacerdotum,
3108 5471 3312 5530 septem
3355 5461 3474 5529 lilii,
3506 5461 3729 5531 quihoe

2140 5547 2420 5602 faciebant.
2454 5549 2543 5605 15.
2569 5548 2922 5618 Ιὶοςρυιιάθηδ
2950 5561 3129 5608 autem
3175 5555 3396 5623 spiritus
3445 5569 3682 5624 nequam
3705 5598 3722 5620 ,

2136 5640 2270 5694 dixit
2293 5639 2372 5694 eis
2403 5657 2416 5692 :
2448 5639 2631 5695 Jesum
2661 5641 2778 5695 novi
2805 5683 2820 5706 ,
2865 5653 2920 5697 et
2959 5643 3176 5698 Panlum
3224 5645 3374 5712 scio;
3412 5657 3514 5700 vos
3539 5656 3721 5702 autem

2139 5731 2226 5802 qui
2254 5730 2422 5784 estis?
2473 5731 2558 5784 l6.
2589 5733 2653 5786 Et
2682 5732 2922 5788 insiliens
2953 5735 3003 5787 in
3031 5750 3125 5787 eos
3157 5734 3352 5798 homo,
3388 5737 3438 5789 in
3469 5753 3578 5806 quo
3607 5750 3722 5791 erat

2137 5821 2466 5877 da:utonittm
2513 5823 2806 5899 pessimgm
2835 5833 2888 5880 et
2917 5824 3216 5880 dominatus
3242 5843 3428 5881 eorum
3454 5868 3468 5892 ,
3496 5828 3719 5883 invaluit
