3920 6224
611 262 716 318 289

607 392 786 444 χωντο
808 373 1336 440 ἐξομολογούμενοι
1359 373 1454 425 καὶ
1487 371 1961 442 ἀναγγέλλοντες
1988 371 2094 436 τὰς
2122 365 2266 435 πρά-

609 463 731 526 εεις
757 460 970 512 αὐτῶν.
1019 459 1235 528 Ἐπειδὴ
1267 460 1375 529 γὰρ
1422 458 1688 529 τοσαύτην
1726 459 1875 528 ἰσχὺν
1910 458 2086 527 ἔσχον,
2123 455 2264 507 ὥστε

605 547 690 599 διά
713 546 819 598 τῶν
863 546 1150 615 δαιμονίων
1176 545 1398 598 τοιαῦτα
1429 547 1624 606 ποιεῖν,
1665 545 1885 605 εἰκότως
1919 543 2090 596 ταῦτα
2119 541 2260 608 γίνε-

605 642 716 680 ται.
762 627 968 679 Ἰκανοί
999 644 1060 680 τε
1112 626 1227 678 τῶν
1257 628 1327 680 τὰ
1360 627 1639 693 περίεργα
1671 625 2023 693 πραξάντων
2049 639 2266 676 συνεν-

605 707 889 776 έγκαντες
915 709 1018 774 τὰς
1044 711 1317 775 βίϐλους,
1357 708 1670 762 κατέκαιον
1695 707 1951 761 ἐνώπιον
2003 706 2264 769 πάντων,

607 795 704 847 καί
735 797 1169 865 συνεψήφισαν
1201 797 1300 862 τὰς
1329 798 1498 863 τιμὰς
1521 793 1736 859 αὐτῶν,
1762 794 1858 846 καί
1883 789 2060 860 εὗρον
2091 793 2268 860 apru-

607 881 738 948 ρίου
755 883 1046 951 μυριάδας
1061 883 1261 939 πέντε.
1295 884 1457 936 Οὕτω
1483 881 1634 935 κατὰ
1661 879 1877 949 κράτος
1900 884 1933 933 ὁ
1959 880 2140 948 λόγος
2161 877 2266 930 τοῦ

609 970 830 1037 Κυρίου
858 971 1086 1037 ηὔξανε
1120 973 1215 1024 καὶ
1256 972 1490 1040 ἴσχυεν.
1523 970 1764 1031 Ἰδόντες,
1799 969 1881 1020 ὃτι
1905 967 2056 1019 οὐδὲν
2088 965 2266 1019 αὐτῶν
2294 1012 2299 1018 .

608 1053 797 1122 ὄφελος
833 1057 1013 1110 λοιπὸν
1045 1053 1132 1128 ἦν,
1185 1058 1539 1110 κατακαίουσι
1589 1056 1687 1120 τας
1719 1055 1974 1125 βίϐλουςελ
2002 1071 2016 1084 ο
2056 1054 2143 1105 ὅτε
2175 1053 2268 1104 καὶ

610 1143 763 1194 αὐτοὶ
791 1145 836 1196 οί
866 1145 1114 1214 δαίμονες
1137 1145 1310 1198 ταῦτα
1344 1145 1606 1198 ποιοῦσιν.
1643 1145 1755 1197 Ούκ
1783 1142 1890 1213 ἄρα
1914 1141 1975 1194 τὸ
2015 1140 2186 1210 δνομά
2213 1157 2268 1192 τι

610 1231 773 1294 ποιεῖ,
804 1229 870 1284 ἂν
899 1232 972 1301 μὴ
1005 1232 1140 1302 μετά
1169 1232 1403 1295 πίστεως
1430 1232 1672 1300 λέγηται.
1701 1227 1896 1291 Καλῶς
1925 1229 2034 1296 ἄρα
2061 1227 2266 1294 ἐλεγεν,

621 1314 683 1369 '0
708 1320 1007 1372 πιστεύων
1029 1321 1114 1385 εἰς
1161 1319 1286 1388 ἐμὲ,
1314 1320 1552 1389 μείζονα
1582 1316 1838 1382 ποιήσει,
1870 1315 2026 1368 τοῦτο
2054 1314 2116 1366 τὸ
2159 1313 2267 1367 τῶν

609 1403 778 1457 σκιῶν
802 1406 1186 1476 αίνιττόμενος.
1219 1407 1360 1477 Ὅρα
1394 1405 1510 1469 πῶς
1539 1408 1652 1468 τοῖς
1683 1404 1868 1466 ὅπλοις
1908 1403 2031 1455 καθ’
2061 1401 2272 1455 ἑαυτῶν

609 1490 926 1561 ἐχρήσαντο.
973 1493 1080 1547 Kal
1117 1492 1434 1561 διελέγετο,
1465 1493 1649 1563 φησὶν,
1703 1491 1774 1544 ἐν
1799 1489 1871 1557 τῇ
1906 1487 2105 1558 σχολῇ
2161 1491 2262 1542 Τυ-

599 1575 830 1644 ράννου
857 1580 1018 1646 τινὸς
1049 1581 1147 1634 ἐπὶ
1196 1582 1300 1648 ἔτη
1342 1581 1471 1636 δύο.
1523 1580 1691 1632 Ἔνθα.
1743 1577 1924 1632 πιστοὶ
1967 1573 2127 1646 ἦσαν,
2173 1575 2268 1628 καὶ

612 1664 816 1734 σφόδρα
845 1665 1042 1718 πιστοί.
1075 1665 1260 1730 Οὕτως
1283 1666 1432 1719 οὐδὲν
1473 1665 1612 1736 μέγα
1641 1663 1887 1735 ἐνόμιζον
1916 1663 2007 1716 τὸν
2037 1661 2262 1732 Ἰησοῦν,

609 1749 692 1802 ὃτι
719 1753 812 1804 καὶ
833 1751 923 1806 τὸν
950 1753 1156 1808 Παῦλον
1185 1753 1591 1824 προσετίθεσαν,
1623 1753 1698 1816 ὡς
1729 1753 1892 1805 αὑτὸν
1923 1749 2096 1822 ταύτῃ
2125 1749 2266 1819 μέγα.

606 1851 660 1888 τι
691 1837 1000 1908 νομίζοντες
1030 1835 1188 1894 εἶναι.
1223 1840 1403 1905 Ἀξιον
1449 1838 1682 1893 ἐνταῦθα
1721 1839 2018 1907 θαυμάσαι,
2081 1837 2194 1898 πῶς
2237 1838 2266 1890 ὁ

607 1921 814 1994 δαίμων
834 1925 892 1978 οὑ
925 1926 1256 1998 συνέπραξεν
1278 1929 1481 1990 ἐκεῖνος
1507 1930 1570 1997 τῇ
1593 1926 1700 1978 τῶν
1725 1924 2050 1994 ἐξορκιστῶν
2069 1923 2264 1994 πλάνῃ,

607 2009 745 2063 ἀλλά
775 2011 1051 2083 διήλεγξεν
1082 2013 1299 2077 αὐτοὺς,
1321 2014 1416 2066 καὶ
1447 2015 1546 2082 τὴν
1584 2013 1787 2083 σκηνὴν
1825 2011 2003 2065 αὐτῶν
2032 2010 2266 2081 φανεράν

607 2097 880 2168 ἐποίησεν.
925 2098 1080 2169 Ἐμοὶ
1130 2099 1278 2152 δοκεῖ
1332 2100 1537 2170 σφόδρα
1583 2099 1872 2170 θυμωθεὶς,
1902 2099 2087 2169 ὥσπερ
2121 2098 2184 2151 ἂν
2217 2098 2270 2152 εί

605 2200 692 2246 τις
712 2187 837 2257 περὶ
859 2185 968 2239 τῶν
998 2187 1238 2256 ἐσχάτων
1255 2187 1595 2250 κινδυνεύων,
1617 2187 1721 2239 ὑπό
1746 2203 1890 2246 τινος
1923 2184 2138 2254 οἰκτροῦ
2172 2184 2268 2238 καὶ

605 2271 950 2344 ταλαιπώρου
981 2273 1327 2344 διελέγχοιτο,
1361 2279 1454 2328 καὶ
1501 2275 1676 2327 πάντα
1705 2275 1784 2337 εἰς
1813 2273 2014 2326 ἐκεῖνον
2053 2273 2268 2341 ἀφεῖναι

610 2356 858 2426 βούλεται
897 2358 988 2412 τὸν
1016 2359 1206 2430 θυμόν.
1257 2360 1373 2413 Ἵνα
1410 2362 1518 2431 γάρ
1555 2361 1628 2431 μὴ
1661 2359 1785 2430 δόξῃ
1815 2357 2267 2431 καταφρονεῖσθαι

607 2444 669 2496 τὸ
687 2445 855 2515 ὄνομα
875 2445 966 2500 τοῦ
999 2446 1195 2517 Ἰησοῦ,
1220 2447 1482 2519 πρότερον
1510 2447 1872 2516 ὁμολογήσας,
1902 2446 2058 2498 τοῦτο
2080 2445 2268 2499 ἐλαϐεν

608 2530 872 2596 ἐξουσίαν.
915 2537 1034 2588 ’Ότι
1068 2535 1175 2606 γὰρ
1213 2537 1273 2589 ού
1307 2535 1400 2588 τοῦ
1433 2536 1692 2606 ὀνόματος
1719 2531 1786 2606 ἦν
1813 2535 2088 2593 ἀσθένεια.
2131 2533 2266 2587 ἀλλά

607 2623 706 2691 τῆς
734 2621 956 2676 ἐκείνων
981 2624 1193 2693 ἀπάτης
1214 2625 1273 2676 τὸ
1300 2626 1425 2688 πᾶν,
1451 2625 1543 2676 ἐπὶ
1568 2624 1779 2676 Παύλου
1803 2623 1888 2676 διὰ
1915 2623 1966 2676 τί
2000 2623 2073 2694 μὴ
2097 2623 2268 2676 ταῦτα

609 2709 934 2780 γεγένηται;
986 2710 1096 2765 Kal
1133 2712 1562 2781 ἐξαλλόμενος.
1608 2713 1789 2783 φησὶν,
1867 2715 1899 2766 ό
1961 2712 2268 2778 ἄνθρωπος

607 2796 968 2864 ἐπάὺτούς.
1005 2800 1162 2861 Ἴσως
1211 2799 1496 2870 διέρρηξεν
1550 2799 1726 2852 αὐτῶν
1781 2798 1848 2852 τὰ
1909 2800 2117 2860 ἱμάτια,
2175 2800 2266 2852 καὶ

619 2884 960 2954 προσήραξεν
987 2885 1163 2938 αὐτῶν
1183 2886 1282 2949 τὰς
1303 2886 1540 2956 κεφαλάς
1562 2903 1574 2915 ο
1611 2885 1766 2938 τοῦτο
1793 2887 1898 2956 γὰρ
1928 2886 2157 2956 ἐδήλωσε
2193 2885 2267 2955 τῷ

611 2972 803 3035 εἰπεῖν,
841 2971 1306 3040 Ἐφαλλόμενοςο
1361 2973 1608 3026 τουτέστι
1661 2972 1797 3041 μετά
1856 2972 2034 3042 ῥύμης
2068 2975 2266 3043 ἐπιπη-

610 3055 797 3127 δήσας,
842 3057 981 3112 ὥστε
1041 3061 1225 3112 ἱκανὸν
1272 3056 1340 3130 ἦν
1375 3061 1532 3114 τοῦτο
1585 3060 1938 3130 ἐργάσασθαι.
1983 3059 2048 3111 Τί
2086 3061 2265 3123 ἐστιν,

624 3146 906 3212 Ἀποστὰς
931 3147 1031 3201 ἀπ’
1059 3147 1255 3200 αὐτῶν
1279 3148 1537 3216 ἀφώρισε
1562 3147 1700 3210 τοὺς
1725 3146 2024 3214 μαθητάς;
2059 3147 2267 3199 Ἐνέκο-

610 3231 710 3301 ψεν
751 3235 948 3297 αὐτῶν,
985 3236 1137 3304 φησί,
1198 3236 1296 3303 τὴν
1328 3235 1666 3302 κακολογίαν.
1715 3232 1883 3286 Τοῦτο
1915 3233 1970 3285 δέ
2005 3236 2145 3286 ποιεῖ
2178 3233 2268 3287 καί

612 3320 925 3387 ἀφίσταται,
954 3322 1072 3372 ἐπεὶ
1101 3322 1199 3373 οῦκ
1223 3320 1478 3388 ἠϐούλετο
1504 3317 1766 3372 ἐκκαῦσαι
1800 3319 1977 3371 αὐτῶν
2021 3319 2110 3370 τὸν
2136 3320 2268 3387 φθό-

613 3423 721 3469 νον,
751 3407 870 3459 οὐδὲ⁹
898 3410 976 3470 εἰς
999 3407 1114 3478 ἔριν
1134 3407 1388 3478 ἐμϐαλεῖν
1412 3407 1650 3460 πλείονα.
1681 3406 1754 3458 Τὸ
1785 3405 1860 3468 δέ,
1882 3406 2269 3473 Ἐπαρῤησιά·

615 3492 763 3560 ζετο,
788 3495 958 3563 λέγει,
1016 3495 1190 3566 δηλῶν
1223 3496 1303 3548 ὅτι
1337 3498 1431 3548 καὶ
1458 3494 1593 3566 πρὸς
1638 3492 1909 3556 κινδύνους
1934 3488 2001 3563 ἦν
2034 3509 2270 3561 παρατε-

611 3581 901 3651 ταγμένος,
935 3583 1026 3636 καὶ¹
1062 3582 1434 3652 φανερώτερον
1484 3581 1784 3648 διελέγετο,
1842 3580 1901 3631 ού
1967 3579 2269 3642 συσκιάζων

613 3668 683 3721 τά
713 3668 974 3738 δόγματα.
1013 3668 1284 3721 Ἐντεῦθεν
1339 3669 1698 3738 μανθάνομεν,
1761 3666 1836 3738 μὴ
1884 3667 2049 3736 ὁμόσε
2097 3667 2124 3706 ι)
2170 3685 2271 3737 χω-

615 3758 730 3827 ρεῖν
748 3757 857 3818 τοῖς
870 3756 1163 3822 κακολογοῦ
1172 3773 1272 3816 σιν,
1292 3756 1404 3808 ἀλλ’
1421 3755 1752 3824 ἀφίστασθαι
1771 3753 1921 3826 [310]
1938 3755 2132 3810 αὐτῶν.
2157 3755 2268 3808 Οὐκ

616 3843 980 3913 ἐκακολόγησε
1038 3845 1222 3908 κακῶς
1275 3843 1484 3897 ἀκούων
1535 3845 1630 3897 καὶ
1677 3843 1858 3906 αὐτὸς,
1925 3843 2060 3895 ἀλλά
2132 3843 2270 3912 μᾶλ-

613 3930 704 3985 λον
759 3931 1024 4000 διελέγετο
1065 3931 1200 3987 ,καθ’
1243 3931 1489 4003 ἡμέραν,
1535 3931 1628 3984 καί
1677 3930 1848 4001 ταύτῃ
1911 3929 2138 4000 μάλιστα
2181 3931 2269 3982 ol-

615 4018 929 4090 κειούμενος
971 4020 1098 4084 τοὺς
1151 4019 1377 4083 πολλοὺς
1424 4018 1502 4089 τῷ
1556 4017 1736 4081 κακῶς
1773 4017 1949 4072 καίτοι
1975 4016 2208 4080 ἀκούσας
2243 4029 2265 4057 ο

618 4107 694 4178 μὴ
739 4101 1084 4179 ἀποπηδῆσαι
1135 4107 1270 4179 μηδὲ
1317 4106 1664 4176 χωρισθῆναι.
1718 4106 1827 4159 Καὶ
1877 4105 2089 4166 σκόπει,
2125 4106 2270 4158 ἐπει-

615 4193 681 4264 δὴ
723 4195 752 4247 ό
781 4193 888 4248 τῶν
935 4193 1039 4259 ἐξω
1067 4193 1370 4265 πειρασμὸς
1393 4192 1689 4256 ἐπαύσατο,
1716 4191 1822 4244 ἀπὸ
1857 4191 1964 4244 τῶν
2000 4191 2268 4262 δαιμόνων

618 4281 840 4350 ἤρξατο.

700 4366 862 4437 Ὁρᾷς
900 4365 1154 4436 πώρωσιν
1191 4365 1511 4436 Ἰουδαῖκήνς
1537 4364 1617 4418 Τά
1648 4365 1837 4436 ἱμάτια
1864 4364 2026 4419 αὑτοῦ
2061 4364 2262 4429 ἰδόντες

620 4451 964 4523 ἐνεργοῦντα,
995 4453 1056 4505 οὑ
1085 4455 1389 4524 προσεῖχον.
1420 4453 1486 4506 Τί
1509 4453 1701 4506 τούτου
1733 4452 1916 4524 μεῖζον
1939 4451 2005 4505 ἂν
2031 4453 2266 4521 γένοιτος

623 4541 750 4604 Τοῖς
778 4539 836 4593 δέ
863 4538 1063 4611 μᾶλλον
1098 4540 1180 4602 εἰς
1208 4539 1516 4593 τούναντίον
1546 4541 1824 4611 περιέστη.
1870 4541 1936 4594 Et
1968 4558 2052 4604 τις
2091 4539 2270 4612 Ἑλλήο

619 4644 728 4681 νων
747 4627 985 4688 ἀπιστεῖ,
1031 4626 1128 4698 τὴν
1168 4626 1323 4680 σκιὰν
1370 4627 1510 4698 ὀρῶν
1564 4627 1736 4681 ταῦτα
1785 4629 2156 4700 ἐργαζομένην
2183 4647 2271 4681 πιο

622 4713 872 4767 στευέτω.
904 4713 1060 4767 Οὕτω
1079 4713 1154 4784 τῷ
1192 4713 1250 4778 ἐξ
1285 4713 1459 4768 αὐτῶν
1486 4715 1783 4783 ἀποστῆναι
1823 4716 1871 4767 οἱ
1916 4715 2014 4785 μὲν
2046 4715 2272 4768 κακολο-

621 4801 840 4869 γοῦντες
873 4801 966 4854 καὶ
990 4801 1363 4864 διαϐάλλοντες
1389 4801 1450 4854 τὸ
1476 4801 1649 4872 δόγμα
1676 4802 1942 4872 ἡττῶνται
1969 4803 2145 4873 (τοῦτο
2165 4803 2270 4873 γὰρ

622 4889 878 4942 ἐκάλεσεν
928 4888 1101 4960 ὁδόν)·
1137 4888 1297 4952 αὐτὸς
1348 4889 1406 4942 δὲ
1466 4889 1779 4958 ἀφίσταται,
1834 4891 1909 4952 ὡς
1961 4893 2094 4960 μήτε
2149 4892 2272 4954 τοὺς

625 4975 870 5046 μαθητὰς
901 4975 1266 5047 ἀναχωρῆσαι,
1305 4977 1440 5046 μήτε
1471 4975 1708 5039 ἐκείνους
1735 4978 1814 5040 εἰς
1843 4976 2010 5047 θυμὸν
2043 4979 2270 5047 ἐγεῖραι,

621 5062 834 5126 δεικνὺς
895 5064 1166 5133 πανταχοῦ
1220 5064 1610 5134 διωθουμένους
1663 5065 1764 5135 τὴν
1819 5066 2111 5135 σωτηρίαν.
2163 5049 2273 5118 Καὶ

622 5145 803 5200 λοιπὸν
835 5149 1065 5202 ἐνταῦθα
1095 5150 1212 5202 οὐδὲ
1256 5151 1605 5219 ἀπολογεῖται
1635 5151 1834 5212 αὐτοῖς,
1875 5151 1969 5204 ἆτε
2001 5149 2272 5218 πανταχοῦ

623 5234 732 5285 τῶν
759 5234 925 5287 ἐθνῶν
974 5239 1396 5292 πιστευσάντων.
1445 5241 1553 5292 Καὶ
1596 5238 1917 5306 διαλέγεται,
1951 5240 2047 5306 οὐχ
2087 5237 2274 5301 ἁπλῶς

624 5319 715 5370 τὸν
739 5319 900 5371 τόπον
924 5320 1181 5390 ζητήσας,
1213 5323 1326 5376 ἀλλ’
1347 5325 1475 5377 ἔνθα
1505 5325 1665 5395 σχολὴ
1693 5320 1781 5394 ἦν,
1806 5323 1880 5388 ῶς
1920 5324 2277 5394 ἐπιτηδειότε-

629 5422 722 5477 ρον
749 5405 835 5458 διά
860 5405 919 5458 τὸ
940 5409 1054 5458 ἐκεῖ
1085 5409 1407 5476 συνάγεσθαι
1435 5423 1480 5465 ο.

694 5684 1067 5759 ’Κατακαίουσι
1086 5685 1166 5759 τὰς
1183 5688 1380 5759 βίϐλους
1417 5687 1561 5759 deest
1597 5688 1645 5759 ip
1675 5688 1997 5759 (Quibusdaml
2043 5688 2114 5759 ab
2143 5688 2276 5759 [ἠιις

704 5749 922 5810 νθάνομεν
965 5749 1045 5794 καὶ
1089 5749 1222 5809 ἡμεῖς
1261 5753 1322 5810 μή
1361 5751 1520 5805 ὁμόσε.
1611 5751 1633 5779 ο
1673 5752 1755 5798 Sic
1787 5764 1912 5797 unus
1953 5756 2007 5798 et
2039 5750 2272 5800 Commel.

660 5809 822 5874 spinus
834 5809 1336 5874 iulerp_ljcs,3avil.'el
1355 5811 1520 5861 Mumf.
1534 5823 1641 5860 cum
1667 5811 1836 5872 tribus,
1859 5814 2017 5868 κακῶς
2058 5813 2274 5874 πάσχειν,

642 5872 722 5918 καὶ
739 5870 961 5927 ἀκούσας.
989 5870 1126 5921 Enn.

1409 257 1468 318 S.
1509 257 1790 313 JOANNIS
1829 249 2316 314 CHIHSOSTOMI
2354 251 2670 308 ARCHIEP.
2710 245 3249 319 CONSTANTINOP.

2442 365 2508 435 β’.
2532 365 2697 419 Βαϐαί
2723 367 2736 418 ί
2766 364 2906 433 πόση
2932 362 3041 416 τῶν
3070 359 3471 414 πιστευσάντων
3497 355 3763 427 ἠδύναμις

2369 453 2573 523 ἑτέροις
2595 452 2686 506 τοῦ
2711 451 2781 505 τὰ
2815 450 2955 504 αὐτά
2997 450 3170 502 ποιεῖν
3206 445 3450 514 γίνεταιί
3496 443 3629 512 πόση
3655 443 3709 496 δέ
3748 462 3764 495 ι

2367 540 2473 592 τῶν
2510 539 2603 592 καὶ
2635 539 2770 608 μετά
2798 538 2894 609 τὴν
2922 536 3190 599 ἀπόδειξιν
3216 534 3316 604 τῆς
3333 533 3603 602 δυνάμεως
3632 532 3706 584 ἐτι
3737 549 3764 600 μ

2365 630 2430 698 τῇ
2455 628 2716 692 ἀπιστίαι
2747 627 2956 697 Ὥσπερ
2975 623 3069 678 οῦν
3091 625 3272 694 Σίμων
3311 620 3572 693 ἐμπορίας
3605 620 3764 674 ἐνεκεπ

2364 715 2456 767 τοῦ
2488 713 2802 784 Πνεύματος
2845 714 2945 783 τὴν
2977 713 3166 783 χάριν,
3205 709 3346 764 οὕτω
3400 709 3494 762 καὶ
3536 701 3671 762 οῦτοι
3713 725 3764 760 τι

2364 802 2554 856 τούτου
2604 801 2787 855 ἕνεκεν
2831 799 2985 854 τοῦτο
3031 798 3265 852 ἐποίουν.
3297 797 3446 867 Πόση
3495 797 3764 868 πώρωσιςί

2365 888 2560 958 δήποτε
2582 890 2610 940 ὁ
2633 887 2841 952 Παῦλος
2865 887 2963 941 οὐκ
2991 888 3250 957 ἐπιτιμᾷ;
3281 885 3404 938 Ὀτι
3425 883 3597 949 ἔδοξεν
3623 883 3685 937 ἂν
3713 883 3764 952 βσ

2367 972 2582 1030 εἶναιτὸ
2603 978 2834 1046 πρᾶγμα
2863 993 2878 1008 ο
2917 975 3004 1028 διά
3044 973 3201 1028 τοῦτο
3248 974 3605 1044 οἰκονομεῖται
3647 970 3764 1023 οὔτε

2366 1063 2462 1115 καὶ
2485 1064 2576 1116 ἐπὶ
2598 1062 2691 1115 τοῦ
2719 1061 2953 1134 Χριστοῦ
2975 1061 3221 1129 γέγονεν’
3247 1060 3381 1114 ἀλλὰ
3407 1059 3528 1112 τότε
3551 1058 3642 1128 μὲν
3662 1057 3718 1109 ού
3742 1076 3764 1109 ν

2368 1149 2542 1220 (ἀρχὴ
2593 1149 2701 1220 γὰρ
2758 1149 2864 1202 τῶν
2913 1148 3250 1219 πραγμάτων
3305 1143 3408 1217 ἦν)
3435 1161 3448 1174 ·
3495 1145 3611 1198 ἐπεὶ
3655 1146 3748 1197 καί

2367 1236 2614 1290 κλέπτων
2641 1237 2740 1290 οὐκ
2760 1233 3065 1289 ἐκωλύετο(1
3081 1251 3094 1265 ·
3140 1234 3385 1297 Ἀνανίας
3413 1233 3470 1286 δέ
3493 1232 3586 1286 καὶ
3612 1232 3762 1300 Σάπφ

2368 1323 2711 1394 ἀνῃρέθησαν
2735 1339 2750 1353 ο
2786 1322 2879 1376 καὶ⁹
2912 1321 3094 1375 πολλοὶ
3131 1320 3369 1374 Ἰουδαῖοι
3397 1319 3495 1388 μὲν
3521 1320 3610 1373 καί
3633 1320 3764 1372 ἀνθιτ

2367 1413 2517 1466 οὐδὲν
2557 1412 2810 1483 ἔπασχον,
2848 1411 3084 1481 Ἐλύμας
3111 1410 3168 1464 δέ
3205 1409 3509 1480 ἐτυφλώθη.
3543 1412 3622 1464 Οὐ
3655 1410 3763 1478 τὰρ

2367 1500 2551 1570 φησιν,
2605 1501 2704 1554 ἵνα
2752 1503 2933 1568 κρίνω
2981 1497 3089 1552 τὸν
3139 1499 3389 1566 κόσμον,
3440 1496 3586 1551 ἀλλ’
3631 1498 3728 1550 ἵνα

2365 1591 2612 1658 κόσμος.
2649 1590 2791 1660 Ὅρα
2823 1587 3074 1659 μιαρίανί
3123 1585 3360 1640 Ἰουδαῖοι
3385 1585 3630 1656 μένοντες
3655 1585 3757 1647 ἔτι,

2365 1675 2630 1745 ὀνόματος
2666 1673 3024 1748 χρηματίζειν
3057 1668 3244 1745 ἤθελον
3265 1687 3279 1702 °
3311 1671 3451 1726 ὥστε
3490 1672 3662 1726 πάντα
3691 1689 3764 1743 πρ

2366 1762 2582 1815 ἐποίουν
2609 1762 2703 1816 καὶ
2753 1761 3040 1833 πορισμόν.
3087 1759 3197 1813 Θέα
3245 1758 3519 1829 πανταχοῦ
3567 1760 3662 1829 οὐχ
3713 1758 3764 1812 of

2365 1847 2683 1918 ἀνθρώπους
2714 1847 3206 1918 ἐπιστρεφομένους
3226 1846 3333 1901 ἀπὸ
3359 1845 3468 1900 τῶν
3492 1845 3763 1917 χρηστῶν,

2365 1935 2472 1990 τῶν
2502 1934 2765 2006 φοϐερῶν.
2808 1935 2932 1988 Ἐπὶ
2958 1933 3270 2003 Σαπφείρας
3311 1931 3473 2003 φόϐος
3503 1932 3764 1986 ἐπέπεσεν

2377 2023 2721 2094 Ἐκκλησίαν,
2745 2023 2838 2075 καὶ
2863 2021 2962 2076 οὐκ
2983 2019 3222 2092 ἐτόλμων
3243 2018 3531 2074 κολλᾶσθαι
3546 2019 3753 2082 αὐτοῖς’

2369 2109 2624 2181 σουδάρια
2649 2110 2742 2162 καί
2770 2107 3074 2180 σιμικίνθια
3108 2107 3410 2177 ἐλάμϐανον
3433 2106 3526 2160 καὶ
3550 2105 3725 2169 ἰῶντο,
3757 2125 3764 2158 z

2365 2197 2523 2251 τοῦτο
2550 2197 2670 2251 τότε
2702 2193 2865 2268 ἦλθον
2892 2195 3365 2267 ἐξομολογούμενοι
3398 2195 3498 2258 τὰς
3525 2194 3763 2264 ἁμαρτία

2380 2286 2511 2340 Ἀπὸ
2535 2286 2631 2340 τοῦ
2656 2287 2976 2356 ἐφάλλεσθαι
3002 2285 3274 2339 δείκνυται
3306 2284 3414 2338 τῶν
3443 2284 3709 2354 δαιμόνων
3735 2285 3764 2354 ἡ

2370 2373 2579 2445 μεγάλη
2603 2391 2686 2438 τις
2719 2370 2871 2440 οὖσα,
2908 2375 3037 2430 ὅταν
3077 2371 3214 2445 πρὸς
3243 2372 3504 2435 ἀπίστους
3547 2370 3676 2443 ἔχῃ.
3701 2373 3764 2424 Kc

2369 2462 2444 2532 μὴ
2472 2457 2612 2524 εἷπε,
2633 2461 2717 2525 τίς
2754 2461 2903 2515 ἐστιν
2953 2464 2983 2516 δ
3022 2459 3246 2531 Ἰησοῦς,
3293 2458 3354 2512 τὸ
3405 2457 3620 2528 πνεῦμα
3653 2459 3712 2511 τὸ
3749 2477 3764 2510 ς

2365 2548 2480 2602 ἀλλ’
2508 2543 2628 2601 εἰπε
2658 2547 2854 2618 μᾶλλον
2885 2547 2955 2602 τά
3007 2547 3244 2619 ἀνόνητα
3293 2547 3548 2618 ρήματας
3597 2545 3759 2616 Ἐφοϐ

2365 2637 2461 2689 καὶ
2484 2636 2644 2699 αὐτὸς
2674 2635 2829 2707 δίκην
2875 2634 2981 2706 δῷ·
3018 2634 3134 2707 ¹Ιὶδει
3189 2635 3318 2706 γάρ,
3375 2635 3457 2688 ὅτι
3494 2633 3555 2688 τὸ
3596 2650 3764 2704 συγχιι

2367 2725 2515 2796 αὐτῷ
2541 2725 2781 2789 ἐκείνους
2832 2723 3141 2796 ἀμύνασθαι
3198 2725 3325 2787 τοὺς
3379 2722 3764 2786 καταπαίζοντσ

2367 2813 2523 2866 τοῦτο
2554 2813 2615 2866 τὸ
2643 2813 2812 2883 δνομα
2844 2811 3132 2882 πεποίηκε.
3157 2810 3256 2864 Διά
3279 2810 3334 2864 τί
3353 2809 3410 2864 δὲ
3434 2811 3530 2865 καὶ
3554 2812 3598 2863 οί
3624 2809 3764 2862 ἂθλις

2370 2919 2469 2955 πον
2501 2901 2673 2972 αὐτῷ,
2726 2900 3090 2972 Πιστεύομενς
3147 2899 3513 2954 Ἐδεδοίκεσαν
3565 2897 3764 2952 Παῦλον

2370 2991 2522 3060 πόσῳ
2551 2989 2746 3060 μᾶλλον
2786 2987 3151 3060 λαμπρότεροι
3207 2987 3274 3042 ἂν
3322 2983 3460 3058 ἦσαν
3487 2986 3641 3041 τοῦτο
3670 2988 3763 3038 εἰπ

2367 3093 2432 3146 γε
2463 3075 2804 3146 ᾠκειώσαντο
2848 3075 3012 3130 αὑτοῦ
3057 3074 3155 3146 τὴν
3203 3074 3546 3137 δεσποτείαν;
3580 3073 3760 3126 Ἀλλω

2366 3165 2428 3217 τὸ
2473 3166 2529 3216 ἐν
2578 3164 2863 3228 Φιλίπποις
2910 3163 3201 3235 γενόμενον
3251 3163 3346 3216 καὶ
3397 3162 3620 3226 τούτους
3662 3164 3762 3216 ἐσιι

2369 3253 2440 3306 Σὺ
2471 3253 2527 3306 δέ
2558 3271 2646 3323 μοι
2690 3254 2878 3306 σκόπει
2927 3252 3022 3306 τοῦ
3082 3251 3434 3323 συγγραφέως
3479 3251 3706 3306 ἐνταῦθα
3735 3270 3762 3303 τ

2367 3341 2548 3410 αχθές.
2581 3340 2674 3393 καὶ
2699 3339 2814 3402 πῶς
2842 3340 3078 3412 ἱστορίαν
3105 3339 3262 3410 μόνον
3288 3339 3508 3410 γράφει,
3529 3339 3621 3393 καὶ
3635 3339 3692 3391 ού
3715 3339 3762 3390 δι

2369 3427 2517 3501 [5U]
2547 3427 2714 3482 Τοῦτο
2735 3429 2858 3491 τοὺς
2899 3427 3225 3488 ἀποστόλους
3247 3426 3418 3478 ἐποίει
3449 3425 3758 3495 θαυμαστοῦ

2367 3515 2511 3578 τίνος
2530 3510 2670 3585 ἦσαν
2703 3516 2828 3579 υἰοὶ,
2857 3514 2916 3568 τὸ
2942 3515 3112 3585 ὄνομα
3159 3512 3304 3582 λέγει
3355 3513 3453 3566 καὶ
3499 3512 3591 3565 τὸν
3621 3511 3762 3583 ἀριθς

2367 3602 2490 3666 δοὺς
2517 3605 2630 3667 τοῖς
2661 3604 2781 3657 τότε
2825 3602 3123 3676 τεκμήριον
3159 3599 3466 3666 ἀξιόπιστον
3498 3593 3571 3653 ὧν
3610 3599 3760 3670 έγρατ

2367 3687 2425 3740 δὲ
2455 3689 2638 3742 ἕνεκεν
2685 3689 2779 3741 καί⁵
2815 3689 3206 3760 περιήρχοντος
3249 3686 3547 3758 Ἐμπορίας
3582 3688 3744 3758 χάριν

2367 3775 2432 3846 δὴ
2483 3775 2574 3829 τὸν
2621 3775 2776 3844 λόγον
2826 3775 3282 3843 καταγγέλλοντες
3303 3790 3318 3806 ο
3375 3773 3492 3837 πῶς
3534 3774 3674 3844 γάρ;
3728 3775 3760 3826 Ε

2369 3861 2588 3934 ἔτρεχον
2636 3861 2839 3926 λοιπὸν,
2883 3861 3240 3933 κηρύττοντες
3280 3861 3359 3914 δι’
3401 3854 3476 3916 ὧν
3539 3860 3756 3931 έπασχο

2367 3949 2526 4002 τοῦτο
2552 3948 2744 4020 δηλῶν,
2761 3948 2870 4004 Kal
2891 3949 3145 4018 ἐγένετο,
3176 3948 3328 4019 φησὶ,
3352 3947 3625 4018 γνωστὸν
3649 3947 3760 4002 πᾶ(

2369 4036 2559 4104 δαίοις
2584 4055 2646 4091 τε
2672 4037 2770 4090 καί
2801 4037 3066 4105 Ἕλλησι
3089 4035 3211 4103 τοῖς
3235 4035 3577 4090 κατοικοῦσι
3601 4036 3721 4100 τὴν
3742 4039 3758 4054 ¹

2369 4125 2540 4178 Τοῦτο
2561 4125 2679 4196 οὐχὶ
2707 4125 2801 4179 καὶ
2843 4125 2970 4188 τοὺς
3004 4123 3468 4195 σκληρυνομένους
3497 4124 3758 4192 ἐπιπρέιξ

2368 4215 2480 4279 λεν,
2507 4215 2628 4268 εἰπέ
2682 4231 2807 4286 μοις
2863 4213 3002 4267 Ἀλλ’
3037 4215 3138 4267 οὐκ
3181 4211 3504 4283 ἐπέστρεψε.
3554 4212 3668 4265 Καὶ
3716 4230 3757 4282 μ

2372 4319 2471 4375 σῃς
2499 4318 2514 4332 ·
2554 4303 2654 4371 τὴν
2679 4301 2787 4373 γὰρ
2817 4301 3018 4355 κακίαν
3049 4299 3200 4355 οὐδὲν
3244 4298 3436 4354 πείθει.
3493 4298 3632 4368 Φέρε
3669 4298 3730 4350 δὲ

2369 4392 2429 4444 τὸ
2461 4391 2568 4445 τῶν
2597 4389 2924 4461 ἐξορκιστῶν
2962 4389 3158 4458 ἴδωμεν
3208 4387 3340 4458 ὅσης
3381 4387 3496 4439 ἐστὶ
3532 4386 3758 4448 κακίας.

2373 4479 2558 4532 ἕνεκεν
2619 4478 2710 4530 ἐπὶ
2766 4477 2861 4530 τοῦ
2910 4474 3146 4547 Χριστοῦ
3201 4474 3358 4529 τοῦτο
3409 4474 3485 4545 μὴ
3532 4473 3756 4542 γέγονεν

2372 4565 2584 4638 καιροῦ,
2614 4566 2708 4618 καὶ
2739 4565 2799 4618 ού
2828 4564 2922 4617 τοῦ
2962 4563 3226 4634 παρόντος
3256 4561 3518 4632 ζητῆσαι·
3557 4561 3702 4630 πλὴν
3737 4562 3756 4613 ε

2371 4653 2529 4706 τοῦτο
2573 4651 2803 4706 ἐνταῦθα
2859 4651 3048 4718 γέγονε
3105 4649 3197 4702 καὶ
3233 4647 3539 4719 χρησίμως.
3594 4647 3756 4716 Ἐμοὶ

2373 4740 2732 4814 χλευάζοντας
2775 4739 2973 4801 αὐτοὺς
3013 4737 3172 4791 τοῦτο
3219 4737 3422 4788 ποιεῖν·
3464 4735 3590 4788 ὅθεν
3639 4753 3756 4803 τιμε

2374 4831 2510 4883 ὥστε
2541 4830 2633 4882 καὶ
2659 4829 2764 4882 ἀπὸ
2796 4827 2982 4880 τούτου
3015 4825 3215 4896 μηδένα
3267 4823 3471 4894 τολμᾷν
3507 4822 3647 4893 μηδὲ
3688 4823 3756 4883 ὡς

2373 4919 2543 4988 ὄνομα
2565 4917 2848 4986 ὀνομάζειν
2875 4915 3077 4968 λοιπόν.
3107 4912 3274 4966 Τοῦτο
3299 4911 3525 4974 πολλοὺς
3557 4910 3670 4962 τῶν
3709 4927 3753 4961 π

2373 5022 2480 5057 των
2523 5006 2600 5066 εἰς
2647 5002 3031 5073 ἐξομολόγησιν
3078 5001 3283 5070 ἡγαγε·
3319 4998 3476 5050 τοῦτο
3518 4998 3615 5049 καὶ
3658 4997 3754 5064 φόί

2375 5092 2611 5154 ἐνέϐαλε,
2641 5092 2733 5144 καὶ
2763 5090 2854 5144 τοῦ
2875 5090 3048 5141 πάντα
3077 5087 3272 5139 εἰδέναι
3301 5086 3389 5138 τὸν
3422 5085 3556 5136 Θεὸν
3595 5085 3754 5153 μέγιε

2374 5183 2670 5251 τεκμήριον
2689 5180 2902 5248 γέγονε.
2933 5175 3118 5247 Πρὶνῆ
3141 5175 3242 5227 ὑπὸ
3261 5173 3368 5226 τῶν
3390 5173 3664 5241 δαιμόνων
3693 5173 3754 5224 ἐλ

2377 5268 2584 5322 ἑαυτῶν
2614 5266 2972 5336 κατηγόρουν,
3008 5261 3327 5332 φοϐούμενοι
3356 5259 3429 5330 μὴ
3458 5259 3532 5312 τὰ
3563 5258 3712 5311 αὐτὰ
3752 5283 3753 5290 ι

2377 5356 2619 5418 εἰκότως.
2657 5356 2824 5407 ’ὐταν
2865 5353 2970 5423 γάρ
3003 5352 3054 5403 οἰ
3091 5347 3405 5420 βοηθοῦντες
3447 5347 3708 5416 δαίμονες

2378 5444 2558 5497 αὐτῶν
2586 5437 2716 5506 ὦσι,
2747 5443 2839 5496 καὶ
2863 5441 2922 5493 ού
2955 5439 3256 5508 σύμμαχοι,
3290 5435 3418 5488 ποία
3458 5434 3653 5487 λοιπὸν
3685 5435 3751 5486 ἐλ

2376 5533 2484 5585 τῶν
2539 5531 2712 5602 ἔργων
2773 5525 3190 5597 ἐξομολόγησις;
3223 5524 3364 5590 Ὅρα
3415 5521 3472 5574 δὲ
3527 5515 3621 5573 οἷα
3679 5539 3749 5588 με

2379 5622 2588 5690 γίνεται
2624 5619 2767 5673 κακά
2790 5656 2806 5681 ,
2842 5615 3102 5669 τοιούτων
3148 5611 3386 5684 σημείων
3429 5610 3752 5679 γενομένων

2447 5868 2475 5909 ἀ
2501 5869 2634 5920 Unus
2658 5867 2712 5915 οὐ
2733 5865 2986 5914 κωλύεται.
