4036 6220
298 398 388 457 2119
1306 405 1369 461 ΙΝ
1407 405 1583 462 ACTA
1624 403 2142 463 APOSTOLORUM.
2183 404 2415 461 1101110.
2447 404 2586 463 XLI.

306 527 481 572 contra
506 532 633 582 eos,
684 518 759 573 ita
786 526 845 575 ut
870 517 995 573 nudi
1022 525 1075 573 et
1094 519 1260 574 saucii
1301 519 1594 590 effugerent
1637 521 1704 575 de
1730 521 1889 575 domo

313 612 412 667 illa.
440 613 531 667 17.
568 613 691 668 1100
719 623 898 667 01110111
930 622 1113 667 1111111111
1143 612 1341 667 factum
1385 623 1469 669 est
1492 614 1690 669 Judmis
1720 626 1885 684 atque

312 704 614 775 gentilibus,
660 705 754 775 qui
807 705 1117 759 habitabant
1160 704 1378 775 Ephesi.
1412 725 1431 758 1
1466 706 1629 776 igitur
1654 706 1887 760 01011110-

312 796 540 859 ciebant,
569 796 775 852 deinde
818 797 1083 868 divulgata
1133 806 1215 852 est
1256 798 1466 852 illorum
1494 798 1792 852 inﬁrmitas.
1821 796 1889 850 Et

312 890 484 941 cecidit
516 890 671 942 timor
697 905 854 958 super
882 906 1053 943 omnes
1100 889 1237 955 illos,
1281 901 1325 943 et
1349 890 1770 959 magniﬁcabatur
1790 906 1883 944 no-

313 997 419 1033 men
444 978 659 1033 Domini
686 978 832 1034 Iesu.
860 980 947 1035 18.
994 980 1243 1049 Multique
1269 982 1575 1034 credentium
1608 980 1881 1045 veniebant,

312 1074 603 1141 conﬁtentes
631 1083 678 1125 et
730 1075 1089 1126 annuntiantes
1136 1081 1279 1125 actus
1333 1089 1469 1126 suos.
1525 1073 1657 1140 Quia
1688 1082 1885 1126 tantam

313 1171 633 1233 potestatem
688 1162 977 1227 habebant,
1010 1172 1068 1216 ut
1113 1178 1210 1233 per
1262 1163 1524 1217 daemonia
1579 1164 1699 1218 talia
1742 1164 1884 1218 facc-

310 1267 448 1319 reut,
484 1256 682 1309 merito
702 1254 818 1309 haec
846 1254 997 1309 ﬁunt.
1025 1255 1110 1311 19.
1146 1274 1165 1307 1
1201 1254 1351 1309 Multi
1376 1264 1553 1309 autem
1585 1270 1650 1310 ex
1682 1254 1765 1320 iis,
1794 1254 1882 1324 qui

307 1351 519 1404 fuerant
543 1347 756 1402 curiosa
802 1347 1027 1413 sectati,
1079 1347 1425 1401 contulerunt
1456 1346 1637 1409 libros,
1661 1354 1714 1407 et
1740 1359 1887 1399 com-

308 1442 592 1495 bttsserunt
629 1453 811 1493 coram
838 1438 1085 1493 omnibus
1114 1454 1126 1489 :
1156 1447 1209 1494 et
1238 1437 1560 1507 computatis
1611 1437 1800 1506 pretiis
1820 1436 1885 1490 il-

304 1532 504 1595 lorum,
553 1531 883 1585 invenerunt
912 1529 1191 1599 pecuniam
1236 1528 1579 1583 denariorum
1618 1528 1881 1597 quinqua—

302 1624 454 1692 ginta
487 1620 732 1674 millium.
760 1618 850 1673 ‘20.
882 1618 955 1672 lta
984 1618 1193 1673 fortiter
1206 1618 1488 1672 crescebat
1513 1616 1735 1672 verbum
1764 1616 1878 1681 Dei,

304 1726 362 1770 et
381 1712 813 1767 conﬁrmabatur.
847 1730 867 1764 1
910 1711 1159 1765 Videntes
1196 1720 1373 1764 autem
1421 1725 1487 1764 ex
1516 1709 1600 1763 his
1625 1710 1881 1779 deinceps

307 1808 446 1861 nihil
476 1806 568 1859 sibi
597 1806 844 1861 utilitatis
896 1804 1031 1872 fore,
1075 1813 1392 1858 exusserunt
1433 1804 1635 1858 libros:
1668 1803 1881 1873 quando

306 1902 413 1969 ipsi
445 1899 705 1953 dannones
730 1898 830 1952 hoc
852 1896 1072 1951 faciunt.
1095 1896 1209 1951 Non
1233 1911 1363 1966 ergo
1380 1911 1571 1951 nomen
1598 1896 1873 1967 quidpiam

305 1990 452 2050 facit,
489 1991 584 2046 nisi
615 2006 735 2043 cum
779 1990 882 2044 lide
910 1990 1134 2043 dicatur.
1187 1989 1330 2044 Bene
1359 2004 1486 2059 ergo
1505 1988 1715 2043 dicebat
1734 2030 1749 2055 ,
1778 1990 1879 2061 Qui

305 2081 467 2132 credit
495 2081 545 2132 ia
566 2096 674 2147 me,
714 2081 909 2151 majora
950 2080 1097 2151 faciet
1130 2080 1149 2151 (
1168 2079 1327 2138 Joan.
1358 2080 1442 2135 14.
1474 2080 1608 2151 12.),
1642 2080 1737 2135 has
1758 2098 1876 2134 11111-

310 2170 433 2223 bras
464 2171 753 2225 insinuans.
788 2170 919 2225 Vide
946 2171 1213 2240 quomodo
1250 2172 1412 2227 armis
1432 2181 1616 2226 contra
1671 2173 1875 2242 seipsos

312 2262 389 2315 nsi
419 2272 556 2315 sunt.
614 2261 681 2315 Et
724 2261 1031 2330 disputabat,
1087 2263 1272 2332 inquit,
1330 2264 1385 2317 in
1428 2264 1601 2320 schola
1649 2263 1875 2334 Tyranni

313 2356 565 2424 cujusdam
592 2371 681 2425 per
708 2371 871 2409 annos
899 2355 1047 2409 duos.
1078 2355 1177 2411 Ubi
1233 2355 1419 2413 ﬁdeles
1441 2364 1596 2413 erant
1617 2399 1632 2424 ,
1684 2358 1873 2414 admo-

318 2447 433 2500 dum
473 2459 624 2502 erant
666 2448 873 2503 ﬁdeles.
921 2448 994 2502 lta
1025 2450 1154 2503 nihil
1185 2465 1431 2520 magnum
1472 2452 1727 2521 putabant
1752 2466 1872 2507 esse

313 2538 480 2593 Jesum
506 2583 521 2605 ,
553 2541 984 2611 quandoquidem
1028 2552 1081 2595 et
1123 2542 1340 2595 Paulum
1382 2542 1665 2605 addidere.
1698 2545 1868 2615 ipsum

312 2628 426 2683 hinc
477 2646 722 2700 magnum
777 2632 1047 2702 quidpiam
1099 2648 1220 2687 esse
1266 2643 1451 2702 putare
1504 2634 1867 2690 ostendentes.

310 2721 397 2773 llic
418 2723 593 2776 mirari
622 2723 785 2787 subit,
816 2724 1082 2791 quomodo
1120 2723 1330 2778 daemon
1365 2725 1455 2779 ille
1482 2728 1871 2783 exorciStarum

302 2818 464 2868 0111111
495 2832 597 2869 11011
642 2826 963 2885 cooperatus
1016 2828 1117 2881 e8t,
1160 2817 1252 2872 sed
1306 2818 1574 2889 redarguit
1613 2820 1785 2887 illum,
1815 2830 1872 2876 et

297 2919 507 2959 scenam
538 2923 727 2961 eorum
763 2908 1029 2976 patefecit.
1062 2908 1186 2961 Mihi
1219 2909 1429 2963 videtur
1452 2910 1605 2965 valde
1647 2927 1871 2967 succen-

294 2999 481 3065 suisse,
511 3016 572 3055 ac
599 3000 645 3054 si
679 3001 798 3069 quis
820 3000 887 3056 de
917 3001 1171 3056 extremis
1212 3003 1536 3071 periclitans,
1591 3019 1620 3058 a
1671 3007 1869 3061 misero

296 3092 522 3159 quodam
550 3102 605 3147 ct
636 3108 945 3147 :erumnoso
973 3092 1249 3157 refutetur,
1281 3102 1334 3148 et
1360 3097 1590 3150 furorem
1612 3112 1763 3151 suum
1788 3106 1869 3153 to-

292 3190 403 3238 tmn
427 3185 477 3239 in
502 3187 651 3239 11111111
681 3201 978 3240 exonerare
1007 3187 1157 3241 vclit.
1190 3187 1265 3241 Ne
1289 3189 1562 3243 videretur
1587 3190 1727 3244 enim
1760 3206 1860 3246 no-

292 3292 413 3331 men
440 3278 564 3332 Jesu
613 3279 913 3347 despicere,
967 3280 1139 3347 primo
1188 3278 1360 3347 ipsum
1392 3281 1701 3347 confessus,
1739 3290 1865 3337 tunc

293 3380 608 3435 potestatem
640 3371 865 3439 accepit.
903 3370 971 3427 Ut
1012 3382 1188 3424 autem
1219 3370 1479 3441 probetur
1521 3388 1628 3425 non
1675 3388 1740 3427 ex
1765 3373 1863 3427 de-

296 3458 494 3517 bilitate
527 3463 781 3527 nominis,
814 3462 905 3516 sed
933 3477 998 3516 ex
1042 3461 1249 3515 illorum
1297 3462 1481 3517 fraude
1525 3472 1691 3516 totum
1722 3465 1863 3519 acci-

298 3554 453 3621 disse,
480 3571 576 3611 cur
602 3572 709 3608 non
756 3554 921 3609 Paulo
952 3554 1058 3608 tale
1091 3553 1362 3621 quidpiam
1390 3554 1659 3624 contigit?
1689 3554 1753 3608 Et
1782 3560 1861 3611 in-

297 3645 461 3699 siliens
480 3687 494 3710 ,
541 3647 734 3715 inquit,
781 3646 929 3698 homo
959 3645 1011 3698 in
1041 3645 1175 3697 illos.
1220 3644 1379 3699 Forte
1408 3644 1621 3699 discidit
1652 3646 1859 3701 illorum

298 3748 482 3802 vestes,
536 3750 589 3793 et
624 3739 796 3807 capita
828 3736 1103 3791 dilaniavit
1132 3754 1144 3788 :
1178 3735 1279 3791 hoc
1317 3736 1461 3790 enim
1504 3735 1755 3790 indicavit
1780 3739 1862 3792 di-

298 3842 438 3895 cens,
468 3828 744 3893 Insiliens;
790 3828 840 3882 id
883 3839 985 3890 est.
1033 3843 1155 3882 cum
1200 3829 1398 3896 impetu
1448 3828 1679 3893 irruens,
1708 3830 1775 3882 ita
1804 3841 1861 3887 ut

298 3910 407 3968 hare
432 3913 605 3968 facere
632 3923 829 3983 posset.
859 3912 993 3980 Quid
1037 3912 1138 3967 sibi
1192 3914 1321 3975 vult,
1364 3911 1639 3967 Discedens
1658 3915 1721 3967 ab
1746 3915 1816 3968 eis
1838 3956 1853 3981 ,

295 4006 557 4075 segregavit
593 4004 914 4073 discipulos?
952 4003 1190 4069 Illorum,
1216 4003 1402 4073 inquit,
1433 4003 1856 4059 maledicentiam

295 4096 533 4151 succidit.
568 4095 684 4151 Hoc
725 4103 907 4150 autem
935 4093 1061 4149 facit
1102 4104 1154 4149 et
1182 4094 1441 4159 abscedit,
1492 4096 1613 4165 quia
1643 4096 1859 4151 uolebat

295 4184 497 4241 illorum
539 4186 792 4241 invidiam
839 4184 1184 4250 succendere,
1216 4201 1389 4255 neque
1417 4186 1469 4240 in
1497 4186 1756 4255 majorem
1785 4187 1858 4242 ri-

295 4292 407 4332 xam
438 4279 678 4335 incitare.
706 4277 839 4333 Illud
867 4288 1064 4343 autem,
1115 4276 1451 4333 Fiducialiter
1478 4280 1679 4351 agebat,
1702 4280 1854 4347 dicit,

294 4368 587 4437 significans
628 4369 800 4438 ipsum
844 4367 910 4423 ad
953 4367 1187 4437 pericula
1231 4378 1496 4439 paratum,
1540 4370 1735 4425 clarius
1758 4386 1858 4426 nec

294 4459 528 4529 dngmata
545 4460 951 4515 obnmbrantem
970 4460 1289 4530 disputasse.
1313 4460 1446 4516 Hinc
1466 4462 1721 4519 discimus
1749 4479 1854 4518 non

294 4565 386 4605 nos
415 4553 712 4605 itmniscere
738 4566 858 4604 cum
886 4548 1160 4605 maledicis
1185 4591 1201 4617 ,
1230 4550 1324 4604 sed
1355 4552 1423 4604 ab
1454 4552 1562 4607 illis
1589 4553 1849 4608 abscede-

297 4656 369 4696 re.
398 4642 509 4696 Non
540 4642 816 4697 maledixit
838 4643 985 4711 ipse,
1012 4655 1132 4696 cum
1190 4640 1331 4697 male
1357 4641 1600 4708 audiret,
1632 4644 1739 4697 imo
1756 4660 1853 4716 po-

295 4736 392 4788 tius
415 4737 651 4807 quotidie
673 4734 993 4804 disputabat,
1025 4744 1079 4789 et
1106 4734 1206 4790 hac
1230 4736 1461 4789 maxime
1488 4736 1692 4792 ratione
1719 4738 1857 4791 mul-

296 4837 369 4881 tus
397 4828 493 4882 sibi
516 4827 831 4892 concilians,
859 4825 1001 4896 quod
1042 4827 1284 4896 quamvis
1313 4827 1450 4881 mala
1484 4828 1712 4893 audiret,
1748 4846 1852 4883 non

292 4918 581 4975 discederet
607 4933 781 4988 neque
808 4927 1164 4987 separaretur.
1197 4917 1265 4972 Et
1294 4919 1541 4984 observa,
1573 4930 1853 4989 postquam

294 5016 502 5069 tentatio
533 5014 602 5068 ab
626 5012 863 5067 externis
881 5013 1130 5075 cessavit,
1159 5027 1189 5066 a
1218 5012 1552 5067 dazmonibus
1580 5013 1799 5082 incepit.

356 5106 652 5161 Judworum
696 5106 910 5159 caecitas.
958 5135 1027 5145 —-
1066 5103 1254 5159 Viden'
1311 5105 1602 5159 comitatem
1669 5104 1855 5160 1111101-

291 5199 436 5251 cam?
464 5199 595 5253 Cum
634 5197 878 5250 viderent
913 5206 1089 5251 vestes
1131 5198 1248 5264 ejus
1284 5206 1590 5265 operantes,
1628 5212 1731 5249 non
1756 5198 1853 5250 ad-

294 5290 582 5343 vertebant.
613 5288 753 5357 Quid
790 5287 893 5342 1100
929 5289 1099 5357 majus
1133 5303 1253 5343 esse
1306 5288 1511 5357 possit?
1555 5290 1623 5342 At
1659 5289 1761 5342 illis
1803 5291 1853 5344 in

290 5382 609 5435 contrarium
658 5396 746 5434 res
800 5395 954 5434 versa
1010 5390 1111 5434 est.
1161 5380 1217 5435 Si
1265 5381 1385 5449 quis
1437 5380 1714 5450 gentilium
1749 5399 1853 5436 non

290 5471 487 5536 credat,
518 5471 706 5524 videns
749 5470 991 5523 umbram
1034 5469 1147 5524 haec
1170 5480 1504 5540 operantem,
1530 5458 1732 5525 credat.
1767 5472 1857 5528 Sic

290 5576 453 5627 exeo,
487 5564 626 5633 quod
661 5563 730 5617 ab
756 5562 861 5616 illis
889 5562 1223 5626 discederet.
1248 5564 1490 5619 maledici
1535 5572 1590 5618 et
1642 5566 1731 5634 qui
1759 5564 1856 5619 do-

292 5670 399 5721 gnta
446 5655 943 5720 calumniabantnr,
994 5666 1315 5725 superantur
1354 5657 1481 5727 (hoc
1527 5658 1668 5712 enim
1713 5659 1852 5713 viam

294 5746 510 5816 vocavit)
537 5764 550 5799 :
582 5746 669 5801 ille
694 5762 822 5801 vero
849 5746 1095 5811 discedit,
1120 5758 1181 5801 ut
1222 5763 1397 5818 neque
1424 5748 1670 5819 discipuli
1697 5764 1850 5803 sece-

300 5836 477 5897 derent
506 5859 680 5913 neque
709 5843 828 5898 illos
848 5842 914 5897 ad
964 5841 1098 5897 iram
1121 5842 1443 5913 concitaret,
1474 5843 1761 5901 ostendens
1786 5843 1855 5897 il-

3473 416 3576 471 20o

1999 517 2080 572 los
2102 518 2298 589 ubique
2326 520 2553 576 salutem
2601 522 2882 592 repellere.
2926 526 2989 581 Et
3026 527 3137 598 jam
3182 528 3287 584 illis
3318 546 3420 583 non
3456 547 3572 587 sese

1996 620 2207 680 purgat,
2234 626 2301 667 eo
2324 612 2465 681 quod
2497 622 2686 682 gentes
2731 615 2927 686 ubique
2970 621 3269 677 crederent.
3302 623 3367 677 Et
3395 625 3548 693 dispu

1996 708 2091 766 tat,
2134 716 2239 756 non
2287 705 2530 773 quemvis
2567 706 2739 759 locum
2788 722 3066 776 quzerens,
3124 714 3217 768 sed
3243 716 3329 769 ubi
3387 717 3570 769 schola

1994 801 2129 859 erat,
2153 794 2301 863 quasi
2328 796 2772 862 commodiorem,
2811 816 2875 854 eo
2914 804 3054 870 quod
3085 805 3152 858 ibi
3181 822 3570 877 congregaren-

1998 890 2101 936 tur.

2061 975 2115 1031 2.
2150 977 2326 1047 Papte,
2358 989 2554 1050 quanta
2579 982 2911 1038 credentium
2948 988 3119 1041 virtus
3144 1029 3159 1055 ,
3185 1005 3345 1058 quum
3376 1001 3427 1045 et
3452 993 3569 1047 aliis

1991 1082 2200 1138 quoque
2229 1072 2412 1126 eadem
2446 1074 2558 1143 ipsa
2613 1074 2792 1130 facere
2824 1079 3183 1134 concedatur!
3213 1092 3406 1150 quanta
3442 1100 3567 1137 vero

1990 1163 2203 1216 caecitas
2232 1178 2441 1228 eorum,
2474 1167 2563 1236 qui
2586 1168 2743 1221 etiam
2762 1169 2887 1222 dmn
2919 1170 3087 1225 virtus
3121 1173 3204 1226 illa
3237 1174 3571 1228 demonstra-

1989 1263 2169 1320 retur,
2200 1254 2251 1308 in
2296 1255 2668 1311 incredulitate
2710 1261 3015 1315 manebant.
3063 1262 3129 1317 Ut
3175 1263 3334 1334 igitur
3381 1265 3565 1320 Simon

1988 1342 2121 1399 lucri
2145 1360 2301 1400 causa
2328 1349 2555 1417 gratiam
2589 1349 2821 1419 Spiritus
2850 1354 3162 1422 quaerebat,
3193 1356 3271 1411 sic
3302 1367 3354 1411 et
3386 1357 3438 1410 111
3470 1374 3565 1411 ea-

1986 1433 2109 1489 dem
2144 1437 2210 1490 de
2235 1452 2398 1493 causa
2440 1438 2670 1509 idipsum
2715 1442 3001 1497 faciebant.
3050 1445 3258 1513 Quanta
3304 1448 3561 1504 caecitas?

1988 1523 2057 1578 Et
2094 1540 2260 1594 quare
2310 1526 2511 1584 Paulus
2552 1545 2657 1584 non
2704 1531 2981 1602 increpat?
3008 1534 3141 1601 Quia
3179 1537 3351 1591 visum
3381 1538 3564 1595 fuisset

1986 1615 2089 1672 hoc
2109 1632 2176 1672 ex
2198 1618 2397 1674 invidia
2445 1621 2595 1687 ﬁeri;
2637 1622 2760 1679 ideo
2779 1640 2867 1678 res
2906 1626 2975 1680 ita
3008 1628 3371 1697 dispensatur.
3400 1631 3488 1687 Sic
3508 1642 3564 1687 et

1983 1708 2197 1764 Christo
2230 1712 2453 1779 accidit;
2490 1714 2583 1768 sed
2637 1724 2760 1771 tunc
2808 1732 2913 1772 non
2954 1721 3341 1790 impediebatur
3389 1726 3554 1797 (nam

1984 1809 2108 1856 tunc
2130 1803 2337 1858 initium
2363 1821 2539 1861 rerum
2564 1817 2679 1863 erat
2702 1808 2749 1880 ),
2773 1810 3032 1881 siquidem
3062 1821 3115 1868 et
3143 1814 3307 1869 Judas
3336 1816 3419 1870 fur
3448 1834 3553 1873 non

1982 1894 2369 1962 cohibebatur;
2418 1900 2655 1956 Ananias
2710 1916 2841 1957 vero
2891 1912 2947 1958 et
2984 1904 3247 1975 Sapphira
3297 1908 3557 1965 interfecti

1980 1996 2102 2039 sunt
2134 2002 2147 2045 :
2184 1987 2626 2059 multiqueJudaei
2675 1991 3022 2061 obsistentes,
3055 1997 3186 2051 nihil
3209 2000 3352 2069 passi
3385 2011 3550 2069 sunt;

1981 2075 2194 2147 Elymas
2218 2093 2343 2134 vero
2373 2092 2672 2137 exemcatus
2711 2093 2812 2138 est.
2852 2084 2973 2140 Non
3002 2090 3158 2154 enim,
3194 2091 3383 2160 inquit,
3416 2096 3548 2161 ueni,

1979 2175 2033 2218 ut
2053 2168 2277 2236 judicent
2301 2171 2566 2237 mundum,
2601 2173 2690 2227 sed
2714 2184 2768 2227 ut
2791 2177 3011 2230 salvetur
3054 2180 3273 2236 mundus
3298 2182 3476 2251 (Joan.
3500 2186 3554 2241 5.

1979 2258 2091 2329 17).
2129 2258 2259 2314 Vide
2285 2275 2399 2316 rem
2428 2264 2807 2318 exsecrandam
2830 2283 2844 2320 :
2865 2266 3035 2323 Judaei
3063 2269 3235 2325 adhuc
3254 2286 3550 2343 manentes,

1977 2363 2044 2403 ex
2073 2348 2189 2419 ipso
2219 2351 2437 2407 nomine
2487 2353 2681 2408 lucrari
2726 2356 3009 2413 volebant:
3040 2360 3220 2431 itaque
3258 2366 3435 2420 omnia
3483 2369 3549 2423 ad

1975 2438 2199 2509 gloriam
2222 2450 2275 2495 et
2300 2441 2507 2497 lucrum
2551 2442 2836 2500 faciebant.
2884 2447 3129 2519 Undique
3154 2452 3276 2507 vide
3301 2454 3547 2515 homines

1976 2543 2083 2583 non
2114 2529 2183 2584 ita
2231 2547 2327 2602 per
2382 2534 2554 2600 utilia,
2613 2544 2669 2591 ut
2724 2553 2817 2606 per
2868 2541 3121 2596 terribilia
3174 2549 3434 2601 converti.
3472 2550 3553 2605 Ex

1974 2618 2249 2691 Sappbira:
2301 2626 2549 2697 exemplo
2589 2637 2765 2683 terror
2811 2630 2999 2687 incidit
3048 2633 3099 2687 in
3152 2635 3466 2705 Eeelesiam,
3500 2653 3555 2697 et

1973 2711 2060 2766 alii
2096 2729 2201 2768 non
2229 2715 2495 2771 audebant
2523 2732 2584 2773 se
2614 2720 2938 2790 conjungere
2978 2723 3085 2778 illis
3108 2726 3126 2796 (
3151 2725 3266 2780 Act.
3292 2729 3346 2783 5.
3374 2732 3485 2803 15)
3527 2751 3541 2787 :

1974 2803 2061 2859 hic
2085 2805 2294 2859 sudaria
2319 2816 2371 2861 et
2398 2808 2726 2865 semicinctia
2748 2812 3083 2882 accipiebant
3107 2826 3160 2870 et
3184 2820 3545 2891 sanabantur;

1972 2904 2027 2948 et
2070 2906 2252 2962 postea
2298 2898 2587 2954 veniebant
2632 2911 2688 2956 ut
2733 2906 3119 2962 confiterentur
3161 2920 3376 2979 peccata
3431 2929 3547 2972 sua.

1974 2987 2053 3041 Ex
2083 3003 2167 3056 eo,
2200 2990 2339 3059 quod
2380 2990 2638 3059 insiliret,
2669 2995 2969 3050 ostenditur
3010 2998 3311 3056 daemonum
3358 3020 3547 3075 magna

1970 3080 2211 3147 quaedam
2240 3082 2340 3144 vis,
2369 3096 2488 3136 cum
2517 3095 2701 3139 contra
2737 3085 2976 3141 inﬁdeles
3004 3101 3184 3159 agunt.
3219 3093 3286 3147 Et
3313 3110 3410 3149 cur
3438 3114 3542 3153 non

1969 3168 2105 3223 dixit
2156 3170 2375 3241 spiritus
2419 3174 2627 3228 malus:
2657 3175 2786 3242 Quis
2828 3185 2914 3231 est
2961 3177 3157 3233 .lesus?
3199 3183 3291 3238 sed
3338 3186 3543 3243 inutilia

1969 3263 2133 3317 verba
2189 3266 2451 3333 protulit?
2501 3266 2765 3335 Timebat,
2824 3285 2893 3325 ne
2942 3272 3057 3341 ipse
3116 3289 3299 3342 pmnas
3344 3278 3543 3337 daret:

1967 3352 2175 3407 sciebat
2210 3355 2351 3408 enim
2391 3355 2550 3425 hujus
2578 3358 2810 3414 nominis
2862 3359 3058 3417 virtute
3094 3377 3407 3421 concessum
3439 3371 3540 3425 sibi

1966 3442 2149 3509 fuisse,
2186 3454 2243 3500 ut
2269 3447 2518 3503 illusores
2544 3448 2663 3505 illos
2685 3450 3056 3507 ulcisceretur.
3086 3455 3196 3510 Cur
3222 3470 3401 3514 autem
3433 3465 3536 3517 mi-

1964 3538 2072 3591 seri
2100 3538 2176 3592 illi
2207 3554 2311 3592 nou
2340 3540 2592 3595 dixerunt
2618 3543 2689 3604 ei,
2715 3541 2998 3599 Credimus
3025 3546 3047 3598 ?
3090 3547 3370 3605 Timebant
3401 3554 3541 3607 Pan-

1968 3624 2075 3680 lum
2102 3643 2461 3698 :quamquam
2492 3632 2660 3685 multo
2704 3633 2962 3688 clariores
2994 3634 3154 3690 futuri
3184 3652 3357 3708 erant,
3384 3644 3427 3697 si
3456 3645 3544 3699 Jo-

1964 3732 2082 3771 sum
2135 3719 2416 3774 Dominum
2469 3724 2831 3792 agnovissent.
2883 3725 2951 3780 Et
2997 3728 3231 3797 alioquin
3288 3734 3359 3794 id,
3397 3739 3540 3805 quod

1967 3810 2225 3879 Philippis
2281 3813 2685 3883 contigit,i|los
2735 3816 3058 3873 emendavit.
3113 3820 3189 3874 'l‘u
3234 3838 3361 3878 vero
3411 3830 3537 3884 mihi

1962 3901 2267 3965 considera,
2294 3917 2451 3971 quam
2500 3904 2772 3959 modestus
2823 3908 2922 3962 hoc
2964 3909 3082 3964 loco
3108 3914 3174 3967 sit
3204 3918 3454 3987 scriptor,
3485 3933 3539 3975 et

1962 3994 2234 4065 quomodo
2273 3993 2549 4049 historiam
2599 3996 2771 4049 solum
2812 4000 3044 4066 scribat,
3098 4019 3194 4058 nec
3233 4014 3536 4078 quempiam

1963 4094 2198 4140 accuset.
2230 4085 2342 4141 Hoc
2366 4087 2634 4155 apostolos
2680 4088 2952 4145 mirabiles
2977 4093 3253 4151 reddebat.
3287 4098 3354 4152 Et
3386 4109 3537 4170 cuius

1962 4186 2144 4233 essent
2168 4176 2259 4231 ﬁlii
2285 4177 2432 4243 dicit,
2461 4185 2514 4232 et
2543 4191 2735 4233 nomen
2758 4189 2807 4234 et
2838 4196 3139 4248 numerum,
3172 4185 3305 4241 dans
3331 4190 3415 4256 iis,
3448 4196 3535 4260 qui

1960 4279 2089 4327 tunc
2112 4280 2284 4335 erant,
2341 4281 2547 4325 certum
2594 4273 2916 4328 narrationis
2955 4290 3066 4329 sua:
3115 4277 3387 4335 indit-ium.
3426 4285 3539 4341 Cur

1962 4375 2141 4419 autem
2177 4363 2613 4419 circuibantilli?
2644 4364 2801 4421 Lucri
2827 4380 3021 4433 causa,
3069 4383 3174 4424 non
3216 4382 3269 4426 ut
3314 4376 3531 4432 verbum

1961 4457 2341 4511 aununtiarent
2368 4474 2382 4510 :
2413 4456 2683 4526 quomodo
2728 4458 2913 4513 enim?
2959 4458 3105 4516 Bene
3130 4473 3307 4519 autem
3347 4484 3531 4524 curre-

1960 4548 2088 4604 bant
2111 4557 2291 4618 postea
2316 4588 2331 4613 ,
2374 4548 2725 4618 prtedicantes
2767 4566 2861 4617 per
2903 4567 2966 4607 ea
3016 4569 3136 4624 qua:
3179 4560 3531 4628 patiebantur.

1961 4640 2137 4708 Quare
2168 4639 2269 4695 hoc
2292 4640 2574 4695 declarans
2600 4642 2673 4695 ait
2699 4660 2712 4695 :
2744 4640 2811 4694 Et
2836 4653 3009 4698 notum
3042 4650 3241 4714 factum
3266 4661 3337 4704 est
3362 4657 3527 4708 omni-

1962 4734 2053 4787 bus
2107 4744 2211 4786 tam
2278 4731 2477 4787 Iudicis
2527 4750 2681 4803 quam
2737 4737 3040 4805 gentilibus,
3086 4742 3171 4807 qui
3245 4744 3535 4803 habitabant

1962 4825 2170 4895 Ephesi.
2202 4824 2409 4892 Nonne,
2430 4840 2635 4895 quwso,
2655 4826 2814 4881 etiam
2837 4842 2947 4895 eos,
2978 4831 3067 4897 qui
3095 4830 3338 4889 duriores
3358 4849 3530 4905 erant,

1970 4926 2285 4972 convertere
2307 4915 2520 4971 debuit?
2540 4912 2645 4971 Sed
2676 4933 2781 4971 non
2811 4921 3071 4974 convertit
3078 4938 3100 4993 λ
3136 4938 3233 4978 nec
3266 4926 3476 4982 mireris
3509 4947 3523 4983 :

1977 5008 2193 5063 malitiae
2219 5009 2361 5063 enim
2392 5008 2523 5062 nihil
2551 5018 2632 5063 est
2670 5009 2809 5079 quod
2858 5012 3195 5079 persuadeat.
3241 5018 3353 5087 Age
3382 5034 3530 5087 vero,

1972 5103 2073 5157 hoc
2104 5104 2484 5157 cxorcistarum
2532 5118 2664 5172 opus
2694 5103 2967 5157 videmnus
2996 5118 3204 5174 quanta:
3243 5110 3310 5164 sit
3340 5115 3532 5183 nequi-

1963 5197 2072 5250 1101.
2118 5193 2227 5248 Cur
2260 5204 2437 5248 autem
2484 5192 2583 5247 hoc
2625 5194 2723 5246 sub
2766 5193 2980 5248 Christo
3045 5212 3148 5251 non
3212 5205 3532 5274 contigerit,

1965 5290 2205 5354 alterius,
2231 5302 2339 5341 non
2368 5287 2645 5355 praesentis
2688 5288 2941 5356 temporis
2970 5299 3053 5343 est
3080 5291 3407 5363 disquirere;
3443 5316 3533 5354 ve-

1972 5397 2088 5435 rum
2129 5379 2270 5449 quod
2313 5379 2421 5448 jam
2475 5378 2692 5448 pulchre
2732 5388 2787 5433 et
2818 5381 3015 5436 utiliter
3043 5385 3251 5440 accidit.
3312 5388 3541 5449 Videtur

1963 5473 2103 5526 enim
2133 5472 2252 5524 illos
2282 5469 2532 5524 irridendi
2564 5485 2723 5524 causa
2772 5470 2871 5525 hoc
2894 5470 3085 5529 fecisse
3113 5490 3126 5538 ;
3162 5476 3385 5547 ideoque
3427 5484 3538 5550 ple.

1963 5572 2207 5618 ctuntur:
2232 5562 2301 5615 ita
2327 5570 2387 5615 ut
2407 5560 2625 5630 posthac
2657 5577 2813 5616 nemo
2831 5563 3051 5620 auderet
3081 5576 3282 5623 temere
3308 5570 3409 5625 hoc
3438 5588 3534 5625 no-

1963 5670 2084 5709 men
2114 5654 2373 5723 proferre.
2401 5653 2511 5706 Hoc
2535 5654 2772 5709 ﬁdelium
2818 5657 3012 5712 multos
3051 5659 3116 5713 ad
3143 5662 3533 5718 confessionem

1963 5746 2207 5812 deduxit,
2232 5746 2333 5799 hoc
2358 5754 2413 5799 01
2435 5746 2676 5801 timorem
2702 5748 2830 5819 ipsis
2857 5749 3113 5817 incussit,
3142 5752 3535 5823 maximumque

1968 5841 2069 5899 hoc
2091 5848 2460 5913 argumentum
2492 5840 2588 5895 luit
2617 5842 2781 5896 Deum
2805 5845 2979 5897 omnia
3015 5857 3193 5898 1.0556.
3216 5843 3531 5915 Priusquam
