3920 6224
683 331 782 388 2M

665 460 708 529 la
754 442 1086 500 daemonibus
1136 423 1604 517 redarguerentur,
1649 446 1857 517 seipsos
1877 448 2236 515 accusabant,

680 537 930 591 timentes
979 550 1048 591 ne
1098 536 1282 592 eadem
1336 546 1683 607 paterentur;
1731 546 1787 594 et
1842 538 1964 609 jure
2011 540 2248 611 quidem.

677 626 902 693 Quando
922 627 1067 683 enim
1108 627 1381 696 adjutores
1417 628 1725 695 daemones,
1756 642 2097 686 accusatores
2134 633 2250 687 illo-

678 734 793 773 rum
825 730 1000 784 erant,
1034 736 1137 775 non
1168 721 1549 785 auxiliatores,
1581 723 1755 792 qualis
1776 739 1906 794 spes
1947 734 2247 794 supererat,

676 812 776 865 nisi
801 812 1071 867 confessio
1108 829 1201 883 per
1238 812 1451 882 opera?
1488 813 1622 869 Vide
1661 824 1856 885 quanta
1890 816 2035 871 brevi
2064 828 2249 881 postea

675 904 813 956 inata
832 904 1079 959 eveniant
1113 913 1233 973 post
1261 913 1338 959 tot
1383 905 1515 959 faeta
1539 906 1709 976 signa.
1768 906 1912 961 Talis
1942 911 2139 979 quippe
2165 920 2250 965 est

673 997 900 1050 humana
923 1007 1105 1051 natura
1138 1015 1150 1051 :
1182 997 1359 1051 statim
1380 998 1755 1053 beneﬁciorum
1786 999 2137 1055 obliviscitur.

741 1087 911 1142 Terris
927 1098 1087 1142 motus
1108 1088 1563 1159 Constantinmioli.
1589 1120 1660 1129 —
1677 1094 1870 1145 Annon
1888 1093 2234 1160 meministis,

672 1180 895 1249 idipsum
957 1180 1116 1233 etiam
1167 1181 1362 1234 nostris
1416 1180 1746 1250 temporibus
1806 1183 2107 1239 accidisse?
2154 1185 2247 1240 Dic

668 1275 809 1326 enim
839 1273 963 1326 mihi
991 1291 1004 1327 :
1039 1288 1215 1327 nonne
1238 1288 1381 1327 anno
1402 1274 1678 1343 superiore
1705 1275 1976 1330 concussit
2004 1277 2145 1331 Deus
2170 1277 2249 1331 ci-

668 1367 885 1418 vitath
943 1373 1106 1419 totam
1147 1366 1264 1436 (a)?
1318 1366 1455 1434 Quid
1506 1367 1678 1421 vero?
1732 1384 1910 1423 nonne
1947 1384 2133 1424 onmes
2177 1371 2243 1426 ad

666 1458 984 1528 baptismum
1005 1458 1370 1513 accedebant?
1393 1474 1571 1514 nonne
1596 1469 1938 1527 scortatores,
1972 1462 2162 1517 molles
2190 1472 2245 1518 ct

664 1555 897 1623 corrupti
952 1554 1214 1614 homines,
1267 1554 1468 1608 relictis
1513 1554 1761 1609 domibus
1809 1565 1863 1609 et
1907 1554 2240 1620 habitaculis,

662 1646 906 1699 conversi
952 1652 1005 1698 et
1046 1645 1118 1713 pii
1170 1643 1345 1699 ell‘ccti
1399 1650 1560 1698 sunt?
1610 1645 1709 1700 Ubi
1763 1658 1939 1701 autem
1978 1656 2085 1702 tres
2127 1647 2242 1702 dies

665 1738 1012 1799 transierunt,
1040 1751 1226 1790 rursus
1267 1735 1332 1789 ad
1364 1736 1637 1803 pristinam
1680 1738 1879 1792 reversi
1903 1746 2029 1792 sunt
2053 1738 2240 1807 ncqui-

662 1827 807 1881 tiant.
832 1827 984 1882 Unde
1016 1827 1117 1880 hoc
1142 1826 1445 1895 contingit?
1467 1825 1544 1878 Ex
1575 1826 1781 1894 ignavia
1815 1827 2000 1881 multa.
2036 1827 2239 1897 Ecquid

659 1917 872 1982 mirum,
892 1917 935 1971 si
958 1917 1043 1970 ubi
1062 1932 1149 1971 res
1172 1918 1519 1982 transierunt,
1544 1917 1756 1986 quando
1788 1918 2103 1988 imaginibus
2126 1934 2241 1987 per-

663 2021 822 2077 petito
852 2008 1188 2063 manentibus
1217 2008 1317 2062 huc
1356 2009 1527 2076 ipsum
1568 2009 1784 2063 evenit?
1822 2009 1951 2076 Qua:
1979 2009 2031 2064 in
2064 2009 2238 2065 Sodo-

660 2100 781 2158 mis.
812 2099 896 2153 die
919 2099 1068 2163 mihi,
1112 2114 1292 2153 nonne
1334 2108 1592 2168 perpetuo
1620 2100 1877 2152 manent?
1910 2098 2045 2165 Quid
2073 2101 2239 2167 ergo?

656 2208 721 2245 au
749 2192 903 2246 vicini
934 2198 1212 2259 propterea
1243 2191 1491 2246 meliores
1509 2191 1631 2245 facti
1655 2193 1813 2246 sunt?
1833 2192 2068 2247 Minime.
2099 2192 2237 2260 Quid

657 2297 712 2341 et
742 2288 877 2340 ﬁlius
908 2286 1056 2340 Noe?
1100 2302 1280 2340 nonne
1326 2285 1445 2340 talis
1494 2286 1654 2340 erat?
1694 2302 1873 2342 nonne
1912 2297 2110 2341 tantam
2139 2288 2238 2343 sub

654 2378 824 2431 oeulis
876 2377 1079 2432 habens
1121 2377 1486 2438 solitudinem,
1534 2376 1705 2431 malus
1740 2387 1913 2432 tamen
1956 2378 2113 2433 erat?
2158 2376 2237 2432 Ne

655 2470 913 2524 miremur
954 2484 1106 2539 ergo,
1157 2469 1202 2523 si
1248 2468 1330 2523 his
1378 2470 1450 2523 ita
1502 2470 1667 2538 gestis
1718 2483 1825 2522 non
1866 2469 2230 2537 crediderunt,

649 2562 863 2632 quando
894 2563 1007 2631 ipsa
1038 2561 1168 2617 ﬁdes
1200 2561 1305 2615 illis
1345 2576 1489 2630 8:ch
1518 2563 1568 2614 in
1611 2560 1939 2615 contrarium
1969 2570 2025 2614 et
2052 2561 2103 2614 in
2133 2572 2232 2616 ne-

650 2655 875 2722 quitiam
904 2654 1127 2708 vertitur
1150 2670 1165 2719 ;
1198 2662 1256 2706 ut
1283 2652 1498 2722 quando
1523 2652 1913 2707 ila-moniacum
1936 2668 2057 2708 esse
2079 2652 2232 2708 dice-

648 2748 777 2802 bant
810 2748 899 2801 Dei
931 2746 1142 2802 Filium.
1165 2749 1351 2801 Annon
1384 2746 1575 2800 videtis
1602 2745 1704 2800 hoc
1738 2760 1880 2800 nunc
1902 2746 2061 2799 etiam
2081 2746 2229 2810 ﬁeri,

648 2855 700 2897 et
731 2842 923 2895 multos
947 2842 1193 2896 homines
1220 2840 1561 2910 serpentibus
1586 2840 1814 2903 similes,
1848 2839 2150 2895 incredulos
2177 2848 2233 2895 et

651 2936 888 3004 ingratos
911 2934 998 3001 qui
1020 2934 1186 2988 instar
1207 2933 1504 3001 viperarum
1527 2947 1645 2985 cum
1667 2931 1922 2986 beneﬁcia
1940 2930 2227 3001 accipiunt,

648 3025 905 3080 beneﬁcis
932 3023 1109 3079 infesti
1156 3023 1321 3076 sunt?
1351 3022 1475 3076 llmc
1496 3038 1524 3074 a
1549 3022 1702 3075 nobis
1728 3021 1870 3076 dicta
1898 3030 2041 3085 sunt,
2072 3032 2130 3075 ut
2161 3036 2230 3076 ne

646 3118 765 3187 quis
794 3116 1013 3170 miretur
1035 3156 1049 3181 ,
1075 3114 1220 3185 quod
1248 3123 1324 3168 tot
1349 3112 1512 3169 editis
1541 3112 1708 3182 signis
1737 3128 1843 3166 non
1870 3127 2057 3167 omnes
2098 3126 2230 3166 con-

647 3208 784 3263 versi
807 3208 933 3261 sint.

716 3301 770 3353 5.
814 3298 1021 3353 Nostris
1045 3297 1241 3366 quippe
1286 3296 1613 3364 temporibus
1639 3294 1952 3350 acciderunt
1986 3310 2070 3360 ea,
2103 3312 2223 3365 quae

645 3391 858 3444 beatum
897 3388 1147 3459 Bahylam
1175 3397 1422 3458 spectant
1443 3388 1517 3459 (b)
1546 3428 1560 3451 ,
1592 3403 1712 3457 quin
1738 3387 2091 3459 .lerosolymis
2126 3404 2221 3457 ge-

644 3495 723 3537 sta
752 3491 896 3541 sunt.
926 3497 1044 3551 qttze
1073 3482 1125 3534 in
1151 3480 1517 3535 destructione
1556 3479 1899 3548 templorum,
1934 3494 2105 3549 neque
2142 3488 2224 3533 ta-

644 3588 764 3626 men
795 3587 982 3625 omnes
1011 3571 1255 3625 conversi
1307 3580 1450 3623 sunt.
1481 3569 1619 3637 Quid
1656 3584 1791 3639 opus
1816 3578 1899 3625 est
1924 3580 2102 3625 vetera
2129 3585 2219 3625 re-

642 3679 862 3719 censere
884 3665 906 3714 ll
931 3664 1044 3716 Dixi
1072 3663 1243 3726 vobis,
1272 3662 1397 3731 quid
1423 3678 1564 3715 anno
1586 3662 1829 3731 proximo
1859 3661 2133 3728 acciderit,
2166 3669 2222 3717 et

642 3770 799 3811 nemo
839 3753 1103 3817 attendit;
1134 3753 1230 3808 sed
1276 3766 1458 3807 rursus
1505 3753 1757 3823 paulatim
1786 3751 2125 3808 deﬂuxerunt
2164 3762 2221 3808 et

641 3846 865 3916 collapsi
896 3855 1039 3900 sunt.
1079 3844 1198 3900 Stat
1216 3858 1431 3914 semper
1456 3844 1645 3899 caelum
1669 3844 1911 3899 clamans
1938 3860 1998 3900 se
2026 3844 2217 3899 Domi-

639 3956 766 3994 unm
790 3939 1005 4003 habere,
1035 3946 1089 3993 et
1118 3937 1217 3991 hoc
1247 3938 1550 3991 universum
1570 3951 1692 3991 esse
1709 3935 1987 4006 cujusdam
2011 3936 2217 4006 opiﬁcis

641 4032 731 4103 (de
774 4031 974 4087 mundo
1016 4031 1264 4101 loquor);
1294 4040 1349 4084 et
1373 4029 1559 4084 dicunt
1586 4030 1804 4098 quidam
1838 4044 1943 4083 non
1974 4032 2045 4083 ita
2072 4044 2210 4085 esse.

636 4125 763 4192 Qua:
800 4124 941 4178 circa
987 4120 1329 4177 Theodorum
1376 4134 1518 4173 anno
1558 4120 1804 4188 proximo
1850 4128 1999 4187 gesta
2046 4128 2211 4187 sunt,

635 4230 792 4284 quem
824 4230 929 4268 non
979 4211 1481 4280 obstupefecerunt?
1510 4210 1575 4264 Et
1614 4219 1792 4265 tamen
1822 4209 1954 4264 nihil
1985 4209 2213 4279 amplius

636 4305 829 4359 factum
847 4312 950 4368 est,
977 4303 1069 4357 sed
1087 4301 1154 4356 ad
1178 4311 1385 4368 tempus
1414 4302 1484 4370 pii
1512 4300 1711 4363 effecti,
1742 4316 1808 4355 co
1839 4302 2034 4354 reversi
2063 4310 2209 4367 sunt,

635 4395 774 4448 unde
797 4394 1044 4462 pietatem
1069 4393 1318 4447 inierant.
1350 4391 1458 4444 l'loe
1476 4391 1637 4445 etiam
1665 4392 1902 4446 llehrzeis
1930 4401 2057 4446 tunc
2081 4407 2213 4446 con-

637 4486 751 4555 tigit
782 4503 795 4539 :
819 4485 938 4540 ideo
964 4484 1172 4539 dicebat
1201 4484 1493 4555 propheta:
1518 4483 1645 4539 Cum
1662 4486 1909 4539 occideret
1933 4503 2037 4553 eos,
2066 4504 2209 4557 qua:-

636 4577 812 4630 rebant
844 4592 981 4640 eum,
1019 4585 1066 4630 et
1104 4577 1475 4629 revertebantur
1514 4583 1560 4628 et
1590 4576 1817 4630 diluculo
1847 4577 2107 4631 veniebant
2137 4580 2209 4632 ad

636 4668 792 4722 Deum
824 4670 842 4737 (
868 4666 1014 4722 Psal.
1056 4667 1142 4722 77.
1173 4668 1241 4722 54
1261 4664 1300 4737 ).
1337 4666 1540 4734 Ecquid
1570 4676 1780 4735 oportet
1820 4669 2090 4737 generalia
2119 4670 2207 4725 illa

634 4759 907 4829 jwol'crre?
934 4768 1065 4828 quot
1094 4759 1145 4811 in
1186 4758 1404 4811 morbus
1441 4756 1776 4811 inciderunt?
1804 4767 1935 4829 quot
1980 4775 2204 4831 surgeno

630 4860 708 4906 t‘es
748 4851 962 4921 polliciti
1012 4860 1140 4905 sntit
1166 4866 1224 4905 se
1255 4865 1432 4904 mores
1464 4850 1514 4902 in
1560 4852 1749 4905 melius
1793 4862 2107 4920 mutaturos,
2152 4865 2208 4912 et

632 4957 807 5002 tamen
850 4946 1008 5000 iidem
1040 4946 1138 5016 ipsi
1172 4946 1519 4999 manserunt?
1564 4946 1673 5000 Iloc
1711 4948 1942 5002 tuamne
1971 4951 2207 5006 ostendit

630 5039 787 5094 nobis
813 5039 1105 5094 naturalem
1136 5048 1371 5093 nostram
1414 5039 1623 5093 arbitrii
1656 5040 1976 5106 libertatem,
2009 5059 2202 5112 repen-

627 5132 736 5185 tina
765 5146 954 5199 nempe
981 5132 1224 5185 mutatio.
1272 5130 1402 5185 Nam
1447 5132 1491 5184 si
1531 5132 1786 5185 naturalia
1820 5134 1959 5187 mala
1996 5147 2200 5201 essent,

622 5220 840 5275 libertas
882 5238 987 5276 non
1021 5233 1164 5277 esset
1203 5238 1216 5272 :
1248 5238 1366 5290 qua:
1395 5225 1538 5277 enim
1568 5239 1634 5277 ex
1666 5233 1854 5278 natura
1883 5236 1936 5279 et
1963 5230 2201 5282 necessi-

625 5322 735 5369 tate
763 5313 927 5377 ﬁunt,
958 5323 1162 5367 mutare
1200 5329 1306 5367 non
1351 5331 1651 5382 possunms.
1705 5317 1861 5386 Atqui
1895 5328 2198 5386 mutantur,

622 5402 851 5473 inquies.
883 5406 1074 5456 Annon
1105 5403 1345 5457 videmus
1375 5407 1639 5460 interdum
1670 5422 1765 5462 eos
1787 5449 1805 5475 ,
1830 5411 1921 5479 qui
1950 5426 1980 5463 a
2014 5421 2198 5466 natura

685 5534 758 5646 (:2
776 5541 909 5583 Hunc
947 5540 1095 5582 terra:
1120 5542 1300 5583 motum
1319 5574 1331 5593 ,
1356 5538 1438 5598 qui
1464 5552 1588 5588 anno
1611 5544 1835 5603 proximo
1851 5579 1865 5595 .
1893 5557 2072 5604 nempe
2108 5545 2221 5601 599,

685 5600 715 5646 e'
757 5605 885 5646 erat.
910 5608 1043 5646 sane
1086 5607 1338 5646 memorat.
1378 5600 1447 5646 Ea
1489 5603 1553 5646 de
1598 5617 1654 5646 re
1678 5605 1724 5646 ‘m
1748 5604 1852 5646 vna
1877 5607 2196 5646 tim-mtuam

619 5600 885 5669 acciderat,
910 5608 1043 5658 sepe
1086 5607 1338 5648 memorat.
1378 5600 1447 5648 lia
1489 5603 1553 5650 de
1598 5600 1654 5651 re
1678 5605 1726 5651 in
1748 5604 1853 5654 Vita
1877 5600 2199 5669 Chrysostotni

623 5667 1020 5793 ὂθξξῧξίιῗτιιδε
1046 5729 1329 5772 enarrantur
1355 5724 1401 5772 in
1424 5723 1601 5774 Ilomil.
1619 5725 1683 5776 de
1706 5734 1749 5776 s.
1776 5727 1965 5791 Babyla,
1992 5738 2122 5779 Tom.
2140 5730 2193 5793 2,

620 5782 713 5835 ωι.
740 5782 829 5836 ⁵561
855 5792 909 5835 et
929 5796 1035 5848 seq.

1420 329 1473 390 S.
1514 330 1789 389 JOANNIS
1832 332 2302 391 CllRYSOSTOﬂl
2341 337 2659 395 ARCﬂllSP.
2697 339 3221 403 CONSTANTINOP.

2362 451 2563 508 habent
2602 462 2661 508 ut
2701 454 2917 512 videant
2937 500 2953 525 ,
2982 475 3094 528 prae
3135 470 3281 517 metu
3307 474 3598 521 exemtus
3616 466 3640 522 τ
3660 466 3800 533 Quen

2358 544 2489 598 illud
2528 555 2731 601 naturae.
2757 558 2875 616 est,
2919 557 2975 605 ut
2998 552 3354 623 reprimatnr,
3397 572 3517 611 cum
3544 568 3722 613 natura
3751 561 3796 614 al

2350 635 2573 691 advenit
2617 655 2631 692 :
2680 637 2752 693 ita
2806 642 3099 697 secundum
3134 655 3384 702 naturam
3432 658 3663 705 nostram
3712 661 3800 713 est,

2356 733 2623 799 perterriti
2673 748 2778 787 non
2820 735 3112 791 videamus.
3166 738 3469 795 Secundum
3513 753 3744 798 naturam
3791 747 3800 798 i

2352 832 2458 887 est,
2482 834 2543 878 ut
2566 825 2771 894 majore
2797 826 3113 883 adveniente
3134 839 3298 897 metu,
3329 832 3463 889 alter
3495 845 3660 892 metus
3684 852 3800 891 rece

2355 910 2490 981 Quid
2518 915 2697 985 igitur,
2729 917 2934 988 inquies
2956 958 2971 987 ,
3000 920 3043 974 si
3070 925 3415 991 temperantia
3446 926 3725 981 secundum
3755 944 3800 982 ιιι

2354 1020 2466 1059 ram
2502 1007 2597 1073 sit,
2654 1016 2708 1062 et
2750 1020 2925 1065 metus
2965 1011 3299 1069 invalescens
3337 1016 3480 1069 illam
3526 1018 3732 1085 ejiciat?
3779 1020 3800 1083 (

2350 1098 2545 1167 igitur,
2587 1102 2629 1154 si
2658 1103 2943 1158 ostendero
2968 1146 2982 1168 ,
3013 1121 3081 1160 ne
3117 1108 3327 1176 quidem
3372 1117 3497 1164 tunc
3523 1113 3768 1180 quosdam
3796 1138 3800 1162 ι

2354 1198 2730 1260 temperantes,
2761 1195 2853 1249 sed
2884 1196 2935 1249 in
2956 1207 3097 1251 metu
3128 1199 3288 1253 etiam
3319 1201 3615 1269 petulantes
3639 1206 3792 1258 esse?

2352 1285 2592 1338 naturale
2616 1302 2723 1340 non
2772 1296 2872 1342 est.
2906 1290 2990 1343 An
3033 1299 3212 1345 vetera
3253 1292 3465 1347 dicam?
3489 1310 3555 1349 an
3584 1299 3748 1351 nova?
3776 1297 3800 1361 ε

2349 1376 2405 1431 in
2433 1377 2547 1445 ipso
2576 1378 2765 1432 timore
2782 1391 3093 1436 manserunt
3120 1383 3381 1450 ridentes,
3406 1394 3460 1440 et
3489 1387 3617 1442 nihil
3641 1390 3741 1443 tale
3764 1405 3799 1458 p

2350 1469 2512 1523 sunt?
2539 1469 2649 1533 Dic,
2670 1486 2870 1539 qmeso,
2902 1472 3109 1527 Pharao
3137 1490 3313 1530 nonne
3341 1478 3518 1531 statim
3542 1489 3767 1533 mutatus

2347 1569 2403 1616 et
2429 1561 2495 1615 ad
2522 1562 2795 1630 pristinam
2838 1566 3063 1619 recurrit
3090 1567 3379 1635 nequitiam
3402 1568 3426 1620 ’ἰ
3453 1569 3562 1623 Hoc
3586 1581 3759 1624 autem
3790 1572 3800 1624 l

2346 1651 2717 1718 diBﬂlOIIitiClS,
2766 1654 3008 1722 quamvis
3048 1656 3147 1726 ipsi
3176 1672 3282 1711 non
3315 1658 3635 1729 ignorarent,
3664 1662 3800 1716 dixe:

2346 1745 2657 1814 simpliciter
2685 1764 2698 1800 :
2737 1745 2835 1799 Per
2860 1745 3037 1801 Iesum
3064 1748 3361 1820 adjuramus
3384 1768 3504 1815 vos,
3540 1770 3679 1823 quem
3717 1774 3800 1824 pn

2345 1851 2424 1895 cat
2447 1840 2642 1895 Paulus
2668 1857 2686 1896 :
2710 1857 2878 1911 perea
2903 1843 3069 1908 enim,
3087 1860 3206 1914 quae
3230 1846 3572 1913 respondent,
3601 1849 3737 1917 ipsos
3766 1864 3799 1903 s

2344 1933 2618 2003 probatur.
2660 1932 2844 1988 Jesum
2888 1949 3015 1990 vero
3058 1935 3244 1990 dicunt
3284 1937 3358 1991 illi
3404 1938 3728 2007 simpliciter,
3784 1956 3800 1993 ι

2344 2026 2666 2094 Oportuisset
2720 2026 2922 2094 dicere,
2976 2027 3314 2084 Servatorem
3353 2030 3555 2097 mundi,
3588 2032 3677 2102 qui
3728 2048 3799 2087 re

2343 2118 2487 2172 rexit
2527 2134 2541 2170 :
2580 2118 2676 2172 sed
2718 2104 3016 2175 noluerunt
3051 2120 3293 2176 conﬁteri
3334 2122 3556 2193 gloriam
3602 2125 3734 2195 ejus.
3794 2127 3800 2180 Ι

2343 2212 2612 2284 redarguit
2658 2214 2777 2268 illos
2814 2213 3049 2281 daemon,
3078 2215 3320 2271 insiliens
3359 2216 3411 2272 in
3449 2232 3543 2273 eos
3570 2219 3790 2290 dicensq

2339 2302 2517 2358 Jesum
2543 2305 2676 2369 noui,
2719 2315 2767 2358 et
2807 2304 3026 2360 Paulum
3053 2308 3197 2373 scio;
3237 2323 3301 2362 ac
3339 2308 3383 2363 si
3409 2308 3630 2375 diceret,
3666 2312 3778 2366 Vos

2338 2394 2578 2460 creditis,
2603 2394 2696 2450 sed
2729 2394 2818 2448 illo
2850 2395 3127 2451 abutentes
3154 2398 3369 2452 nomine
3404 2399 3506 2454 hoc
3528 2400 3716 2455 dicitis.
3750 2402 3800 2472 lg

2339 2489 2606 2540 desertum
2638 2487 2893 2556 templum
2917 2496 2998 2540 est
3019 2528 3036 2553 ,
3065 2500 3367 2558 expugnalu
3393 2489 3565 2545 facilia
3590 2508 3735 2547 arma
3766 2512 3780 2546 :

2338 2592 2444 2646 que
2485 2592 2592 2631 non
2633 2579 2763 2633 estis
2795 2594 3068 2649 praecones
3097 2622 3114 2647 ,
3144 2580 3333 2650 inquit,
3364 2582 3457 2637 sed
3489 2584 3590 2637 mei
3614 2584 3761 2638 estis.
3791 2585 3800 2639 l

2336 2682 2474 2739 guns
2503 2667 2651 2724 furor
2670 2669 2947 2726 daemonis.
2977 2671 3282 2727 Potuissent
3302 2671 3415 2728 haec
3441 2675 3659 2744 apostoli
3682 2674 3799 2729 face

2337 2763 2434 2818 sed
2492 2763 2704 2819 interim
2755 2779 2860 2819 non
2911 2764 3193 2821 faciebant.
3251 2765 3385 2821 Nam
3436 2768 3524 2837 qui
3572 2769 3800 2837 imperat:

2336 2853 2442 2909 illis
2480 2895 2495 2920 ,
2552 2856 2640 2924 qui
2694 2856 2817 2909 talia
2861 2856 2912 2911 in
2960 2856 3105 2926 ipsos
3133 2858 3512 2927 operabantur,
3540 2860 3703 2915 multo
3727 2876 3800 2916 ωε

2335 2946 2465 3017 ipsis
2521 2948 2891 3017 imperassent.
2959 2948 3093 3004 Vide
3165 2950 3434 3021 quomodo
3478 2952 3689 3007 illorum
3748 2971 3800 3008 ιιι

2330 3038 2560 3094 sueludo
2626 3050 2953 3096 monstratur
2982 3083 2998 3109 ,
3044 3043 3186 3113 quod
3235 3043 3359 3110 illi,
3415 3045 3505 3115 qui
3548 3046 3799 3115 pellebant

2330 3130 2453 3184 talia
2486 3131 2775 3197 faciebant;
2808 3133 3079 3190 daemones
3118 3150 3247 3191 vero
3273 3178 3289 3202 ,
3331 3138 3521 3207 quibus
3564 3141 3800 3195 servieba

2324 3223 2620 3276 contraria.
2660 3221 2874 3292 Jesum,
2941 3225 3148 3296 inquit,
3204 3230 3343 3284 novi.
3402 3230 3546 3301 Ergo
3604 3232 3800 3286 erubes.

2329 3329 2447 3380 ros,
2469 3316 2554 3384 qui
2579 3317 2726 3371 illum
2748 3317 3020 3387 ignoratis.
3053 3320 3113 3373 Et
3134 3319 3354 3375 Paulam
3372 3324 3497 3377 scio.
3517 3324 3585 3379 Et
3607 3324 3706 3380 hoc
3728 3325 3799 3379 be

2326 3422 2549 3464 noverat
2590 3412 2734 3466 enim
2768 3413 2858 3467 Dei
2909 3430 3029 3469 esse
3074 3429 3394 3483 praeconem.
3426 3416 3624 3473 Deinde
3650 3419 3796 3473 insili

2324 3515 2439 3565 eos,
2464 3510 2518 3555 et
2547 3512 2725 3558 vestes
2752 3503 3047 3570 dilacerat;
3075 3522 3137 3559 ac
3161 3506 3208 3560 si
3236 3523 3330 3577 per
3349 3521 3510 3577 opem
3533 3508 3739 3565 diceret
3765 3511 3800 3565 il

2324 3590 2402 3646 Ne
2429 3593 2626 3662 putetis
2650 3609 2738 3649 me
2768 3594 2888 3649 ideo
2916 3595 2967 3649 id
2997 3595 3191 3661 facere,
3218 3597 3361 3668 quod
3391 3598 3513 3652 illos
3536 3611 3796 3656 contemn

2322 3681 2546 3753 Magnus
2575 3685 2737 3739 timor
2772 3684 3051 3741 dtemouls.
3085 3688 3154 3741 Et
3176 3703 3273 3743 cur
3298 3704 3401 3743 non
3434 3690 3551 3745 sine
3575 3693 3764 3748 verbis
3794 3694 3800 3747 i

2324 3784 2498 3830 vestes
2522 3791 2705 3831 eorum
2736 3776 2987 3832 discidit?
3016 3780 3087 3832 ita
3116 3780 3257 3834 enim
3285 3791 3338 3835 et
3366 3781 3601 3837 furorem
3630 3784 3800 3854 imple

2322 3877 2423 3931 set,
2447 3878 2501 3923 et
2522 3884 2763 3924 errorem
2786 3872 3076 3927 statuisset.
3108 3873 3371 3941 Timebat,
3405 3886 3462 3929 ut
3485 3876 3620 3942 disi,
3657 3879 3800 3933 inact

2320 3972 2434 4015 sam
2476 3969 2794 4030 potestatem
2822 3971 2911 4017 :ct
2932 3978 3036 4018 non
3062 3973 3264 4019 tantum
3292 3967 3567 4033 potuisset,
3600 3968 3646 4021 si
3676 3969 3782 4023 hoc

2319 4050 2558 4106 dixisset.
2592 4052 2723 4107 Vide
2754 4054 2948 4123 ubique
2972 4057 3243 4111 daemones
3270 4059 3532 4127 gratiores
3560 4100 3574 4123 ,
3603 4076 3777 4130 quam

2317 4140 2463 4196 dicos
2481 4182 2495 4206 ,
2523 4157 2623 4197 nec
2647 4142 2907 4199 audentes
2936 4146 3303 4201 contradicere
3323 4185 3337 4209 ,
3367 4148 3446 4200 vel
3476 4163 3751 4206 accusare
3781 4166 3800 4203 ιτ

2315 4232 2483 4286 stolos
2502 4274 2519 4300 ,
2551 4250 2723 4304 neque
2747 4234 3042 4292 Christum.
3078 4238 3187 4291 Illic
3224 4238 3407 4292 dicunt
3436 4258 3449 4293 :
3478 4240 3694 4297 Scimus
3725 4256 3773 4299 te

2316 4323 2426 4386 sis;
2456 4335 2544 4386 et,
2593 4324 2695 4379 Cur
2743 4327 2919 4380 uenisti
2970 4327 3065 4380 huc
3108 4338 3224 4382 ante
3279 4340 3474 4397 tempus
3523 4342 3773 4401 torquere

2318 4412 2529 4481 (Matth.
2559 4416 2614 4471 8.
2658 4417 2804 4488 29);
2843 4428 2898 4472 et
2934 4430 3167 4485 rursum,
3215 4421 3335 4476 Scio
3377 4433 3426 4476 te
3460 4426 3574 4490 quis
3602 4427 3704 4488 sis,
3744 4427 3800 4479 F1

2315 4503 2412 4557 Dei
2440 4505 2629 4574 (Marc.
2663 4508 2713 4561 Ι.
2753 4509 2845 4579 24)
2877 4527 2889 4561 :
2924 4510 3009 4564 hic
3036 4526 3163 4566 vero
3187 4552 3202 4578 ,
3256 4513 3327 4566 Hi
3367 4516 3594 4569 liorm‘nes
3645 4522 3787 4573 servi

2313 4595 2500 4649 excelsi
2524 4607 2641 4651 sunt
2673 4598 2809 4670 (Act.
2843 4601 2929 4655 16.
2956 4604 3021 4655 17
3040 4601 3096 4675 );
3124 4613 3177 4658 et
3207 4619 3438 4669 rursum,
3467 4604 3654 4661 Iesum
3696 4628 3798 4663 nov

2315 4685 2535 4740 Paulum
2561 4690 2685 4743 scio.
2713 4690 2931 4745 Multum
2961 4694 3102 4747 enim
3132 4696 3483 4751 formidabant
3510 4709 3565 4752 et
3598 4704 3800 4756 tremel

2313 4788 2528 4834 sanctos
2554 4780 2694 4837 illos.
2726 4782 2887 4839 Forte
2908 4787 3029 4856 quis
3052 4799 3287 4843 vestrum
3310 4790 3557 4856 audiens,
3585 4797 3748 4863 cupit
3777 4796 3800 4849 ll

2312 4870 2507 4927 habere
2545 4883 2885 4943 potestatem,
2935 4888 2991 4932 ut
3032 4893 3101 4934 ne
3142 4882 3317 4936 ausint
3356 4883 3578 4952 quidem
3624 4886 3800 4940 dmmi

2309 4963 2564 5019 adversus
2617 4966 2763 5021 illum
2820 4971 3111 5039 respicere,
3160 4982 3216 5027 et
3266 4984 3484 5028 sanctos
3534 4976 3669 5031 illos
3728 4994 3795 5032 ea

2309 5071 2466 5111 causa
2500 5058 2682 5114 beatos
2708 5062 2982 5130 praedicat,
3014 5065 3135 5134 quia
3165 5076 3365 5121 tantam
3387 5067 3629 5125 habuere
3664 5082 3799 5140 pote

2310 5159 2436 5203 tem.
2476 5150 2581 5203 Sed
2611 5153 2792 5206 audiat
2820 5154 3088 5209 Christum
3123 5157 3424 5214 dicentem:
3450 5159 3633 5216 Nolite
3654 5164 3800 5233 gand

2307 5242 2425 5309 quia
2467 5242 2718 5296 daemonia
2746 5245 2881 5298 vobis
2910 5245 3243 5316 subjiciuntur
3290 5249 3440 5319 (Luc.
3473 5250 3565 5308 10.
3594 5254 3697 5323 20)
3728 5272 3745 5321 ;
3783 5270 3799 5309 ι

2309 5332 2513 5386 sciebat
2537 5348 2726 5389 omnes
2756 5333 2998 5390 homines
3024 5339 3093 5393 ob
3134 5356 3329 5396 vanam
3366 5345 3595 5413 gloriam
3627 5360 3697 5399 ea
3748 5347 3800 5400 de

2308 5426 2538 5480 maxime
2586 5429 2864 5495 gavisuros
2900 5445 3041 5486 esse.
3088 5431 3220 5487 Nam
3260 5436 3305 5488 si
3355 5437 3429 5500 id,
3459 5438 3607 5507 quod
3636 5440 3800 5507 placit

2310 5516 2417 5570 Deo
2438 5526 2520 5571 est
2542 5558 2558 5584 ,
2584 5520 2780 5588 (pueris
2804 5564 2818 5587 ,
2847 5531 2902 5577 et
2930 5524 3069 5592 tutod
3102 5528 3155 5581 in
3198 5533 3466 5583 communi
3496 5532 3769 5599 prodest,
3797 5570 3799 5578 ι

2305 5609 2474 5677 major
2510 5620 2593 5664 est
2621 5613 2725 5666 via.
2768 5612 2883 5669 Non
2913 5617 2980 5670 ita
3010 5632 3258 5687 magnum
3287 5631 3369 5675 est
3414 5637 3443 5674 a
3474 5622 3734 5676 darmone
3764 5624 3797 5675 li

2306 5703 2445 5764 rari,
2476 5706 2533 5754 ut
2577 5718 2605 5754 ιι
2640 5714 2879 5771 peccato.
2916 5708 3133 5763 Dzeinou
3169 5724 3272 5764 non
3320 5712 3563 5781 impedit,
3598 5716 3791 5781 quomi

2308 5808 2528 5863 regnum
2558 5798 2809 5854 calorum
2840 5816 3265 5873 consequamur;
3292 5806 3402 5860 imo
3425 5816 3784 5877 cooperator,
