3920 6224
494 251 603 305 293

566 358 627 412 δ’.
667 356 805 409 Ἀλλ’
838 355 1094 425 ῖσωςέρεῖ
1116 370 1217 416 τις·
1245 353 1337 423 Μὴ
1352 353 1561 420 γένοιτό
1589 370 1677 423 μοι
1708 352 1946 406 τοιούτου
1974 352 2157 419 τυχεῖν

496 444 899 515 σωφρονισμοῦ.
928 443 1060 495 Οὐδὲ
1094 439 1203 508 ἐγὼ
1237 440 1517 510 βούλομαι,
1549 441 1663 493 ἀλλ’
1694 441 1905 509 ἐτέρου,
1936 438 2042 491 ἀπὸ
2064 435 2157 489 τοῦ

500 532 666 586 πόθου
696 532 789 583 τοῦ
817 528 1052 600 Χριστοῦ
1078 528 1255 579 πάντα
1302 530 1496 579 ποιεῖν.
1528 528 1588 579 EE
1618 528 1695 588 δὲ,
1735 527 1763 579 ὃ
1808 526 1883 595 μὴ
1929 526 2156 591 γένοιτο,

500 620 743 689 συμϐαίη
804 618 896 670 καὶ⁴
930 617 1069 687 ὑπὲρ
1097 614 1286 668 τούτου
1320 615 1677 686 παρακαλεῖν.
1712 616 1774 667 Εἰ
1805 614 1980 665 τοίνυν
2013 606 2165 673 οὗτος

507 710 603 777 μὲν
630 707 729 759 οὐκ
756 704 1027 768 ἐκϐάλλει,
1052 704 1233 773 ἐκείνη
1276 704 1329 755 δὲ
1358 703 1626 764 ἐκϐάλλει,
1675 702 1736 754 τὸ
1757 702 1970 770 ἐκείνης
1994 700 2168 751 ἀπαλο

502 793 662 856 λάξαι
692 791 934 862 μείζονος
959 791 1292 861 εὐεργεσίας.
1312 789 1519 843 Οὐκοῦν
1549 789 1751 856 ταύτης
1778 787 2167 857 σπουδάζωμεν

502 880 862 932 ἀπαλλάττειν
886 880 1012 941 τοὺς
1033 878 1258 947 πλησίον
1295 878 1387 929 καὶ
1412 876 1517 947 πρὸ
1532 875 1641 928 τῶν
1669 875 1894 943 πλησίον
1908 875 2054 944 ἡμᾶς
2072 873 2170 925 αὐ-

501 967 646 1031 τούς.
677 966 921 1036 Ἰδωμεν,
966 966 1039 1035 μὴ
1062 965 1289 1035 δαίμονα
1321 965 1550 1034 ἔχωμεν·
1575 962 1918 1031 ἐξετάσωμεν
1945 960 2169 1023 ἑαυτοὺς

505 1054 747 1125 ἀκριϐῶς
760 1094 772 1106 .
792 1054 1051 1123 Δαίμονος
1067 1051 1443 1122 χαλεπώτερον
1457 1050 1719 1121 ἁμαρτία·
1734 1050 1938 1112 ἐκεῖνος
1954 1048 2169 1118 μὲνγὰρ

504 1143 792 1202 ταπεινοὺς
831 1144 993 1194 ποιεῖ.
1032 1142 1101 1192 Ἢ
1127 1140 1223 1210 οὐχ
1251 1141 1415 1211 όράτε
1466 1140 1591 1201 τοὺς
1618 1136 2008 1208 δαιμονῶντας,
2043 1136 2169 1187 ὅταν

507 1228 868 1296 ἀνενέγκωσιν
896 1226 1005 1279 ἀπὸ
1058 1228 1158 1297 τῆς
1192 1226 1370 1292 νόσου,
1407 1225 1525 1289 πῶς
1562 1227 1666 1277 εἰσι
1717 1225 2000 1293 κατηφεῖς,
2052 1220 2171 1285 πῶς

510 1318 863 1389 σκυθρωποί;
897 1319 1013 1379 πῶς
1045 1316 1309 1386 αἰσχύνης
1340 1316 1407 1369 τὰ
1449 1316 1715 1387 πρόσωπα
1761 1316 1942 1370 αὐτῶν
1969 1315 2166 1386 γέμει;

509 1406 626 1470 πῶς
674 1407 796 1459 οὐδὲ
854 1406 1176 1473 ἀντιϐλέψαι
1228 1404 1532 1474 τολμῶσιν;
1591 1404 1732 1475 Ὅρα
1782 1403 1879 1474 τὴν
1920 1404 2199 1457 ἀτοπίαν·

510 1494 708 1547 ἐκεῖνοι
739 1495 837 1563 μὲν
866 1495 1005 1563 ὑπὲρ
1036 1487 1111 1546 ὧν
1164 1492 1465 1560 πάσχουσιν
1512 1491 1876 1560 αἰσχύνονται,
1908 1492 2067 1561 ἡμεῖς
2115 1489 2174 1543 δὲ

511 1580 650 1651 ὑπὲρ
682 1573 756 1633 ὧν
779 1579 1089 1651 πράττομεν
1108 1579 1208 1632 οὐκ
1239 1577 1626 1648 αἰσχυνόμεθα·
1659 1580 1854 1631 ἐκεῖνοι
1880 1576 2174 1647 ἀδικούμε-

510 1685 591 1721 νοι
625 1667 922 1731 αἰδοῦνται,
955 1669 1114 1737 ἡμεῖς
1163 1664 1475 1727 ἀδικοῦντες
1512 1665 1612 1716 οὐκ
1639 1664 1951 1735 αἰδούμεθα·
2000 1664 2175 1717 καίτοι

511 1756 581 1809 τά
608 1755 828 1807 ἐκείνων
884 1756 984 1805 οὐκ
1038 1751 1300 1822 αἰσχύνης
1332 1752 1476 1815 ἀξια,
1511 1751 1627 1805 ἀλλ’
1660 1751 1810 1803 ἐλέου
1845 1752 1938 1803 καὶ
1987 1752 2175 1820 φιλαν-

516 1843 760 1913 θρωπίας
794 1842 887 1893 καὶ
916 1840 1263 1909 συγγνώμης.
1300 1841 1394 1891 καὶ
1414 1838 1606 1891 πολλοῦ
1635 1838 1728 1890 τοῦ
1760 1837 2033 1908 θαύματος
2061 1839 2179 1891 ικαὶ

519 1930 726 1999 μυρίων
758 1930 865 1981 τῶν
910 1928 1166 1990 ἐπαίνων,
1205 1928 1333 1980 ὅταν
1390 1926 1485 1979 καὶ
1511 1926 1735 1995 τοιούτῳ
1780 1925 2177 1990 προσπαλαίον-

515 2034 604 2081 τες
651 2017 885 2086 δαίμονι,
940 2015 1119 2067 πάντα
1162 2014 1501 2084 εὐχαρίστως
1553 2014 1779 2083 φέρωσι·
1838 2014 1905 2067 τὰ
1952 2014 2009 2067 δὲ
2042 2014 2180 2084 ἠμέ-

515 2121 649 2175 τερα
677 2105 909 2172 γέλωτος
957 2103 1146 2167 ὅντως,
1182 2102 1463 2172 αἰσχύνης,
1493 2103 1847 2173 κατηγορίας,
1888 2102 2181 2165 κολάσεως,

516 2192 807 2261 τιμωρίας,
840 2190 947 2243 τῶν
988 2190 1231 2259 ἐσχάτων
1268 2190 1455 2242 κακῶν
1482 2190 1576 2241 καὶ
1617 2190 1861 2259 γεέννης,
1892 2188 2006 2243 ἀλλ’
2037 2189 2185 2243 οὐδε·

523 2280 652 2348 μιᾶς
692 2277 841 2349 [514]
893 2277 1019 2341 ἀξια
1075 2275 1423 2346 συγγνώμης.
1465 2276 1648 2348 Ὁρᾷς,
1684 2277 1765 2329 ὅτι
1809 2275 2186 2347 χαλεπώτερον

520 2368 772 2436 δαίμονος
807 2366 1084 2436 ἀμαρτία;
1143 2366 1252 2417 Καὶ
1303 2368 1501 2418 ἐκεῖνοι
1552 2367 1649 2437 μὲν
1700 2365 1759 2429 ἐξ
1788 2361 1862 2419 ὢν
1920 2367 2187 2435 πάσχουσι

523 2454 709 2507 κακῶς
740 2466 787 2518 ιι,
822 2454 1166 2523 κερδαίνουσι
1195 2454 1383 2525 κέρδος
1410 2453 1649 2506 διπλοῦν·
1683 2454 1740 2506 ἓν
1765 2455 1862 2523 μὲν
1890 2453 1951 2506 τὸ
1972 2470 2187 2524 σωφρο-

523 2542 761 2605 νίζεσθαι
805 2543 897 2594 καὶ
935 2540 1357 2611 φιλοσοφώτεροι
1412 2536 1573 2607 εἶναι,
1619 2542 1868 2614 δεύτερον
1913 2542 1967 2595 δὲ
1995 2541 2053 2594 τὸ
2090 2542 2190 2612 τὴν

524 2630 744 2682 κόλασιν
799 2628 1036 2683 ἐνταῦθα
1085 2631 1191 2682 τῶν
1250 2630 1463 2682 οἰκείων
1522 2630 1928 2701 ἁμαρτημάτων
1986 2629 2189 2693 δόντες,

524 2717 755 2787 καθαροὶ
809 2717 943 2787 πρὸς
975 2717 1066 2769 τὸν
1117 2717 1394 2787 Δεσπότην
1425 2718 1700 2772 ἀπελθεῖν.
1754 2719 1866 2771 Καὶ
1895 2718 2002 2789 γάρ
2051 2719 2191 2788 ὑπὲρ

526 2804 718 2857 τούτου
774 2805 1128 2876 διελέχθημεν
1195 2805 1475 2871 πολλάκις,
1532 2806 1623 2859 καί¹
1673 2806 1955 2875 ἐδείξαμεν
2007 2806 2055 2872 ι),
2111 2806 2192 2859 ὅτι

527 2896 649 2957 τούς
698 2895 931 2948 ἐνταῦθα
969 2896 1383 2966 κολαζομένους,
1441 2894 1507 2948 ἂν
1556 2896 1911 2965 εὐγνωμόνως
1964 2896 2189 2966 φέρωσι,

530 2982 698 3035 πολλά
747 2984 855 3036 τῶν
890 2985 1309 3055 ἁμαρτημάτων
1350 2982 1702 3036 ἀποτίθεσθαι
1752 2984 1916 3046 εἰκός.
1956 2984 2088 3035 Ἀπὸ
2137 2984 2194 3037 δὲ

528 3070 638 3125 τῶν
682 3073 1096 3143 ἁμαρτημάτων
1140 3072 1304 3124 διπλᾶ
1353 3070 1421 3123 τά
1461 3070 1629 3133 δεινὰ,
1676 3070 1732 3123 ἓν
1768 3071 1863 3140 μὲν
1891 3072 1972 3123 ὃτι
2024 3090 2194 3142 προσ-

530 3161 823 3231 κρούομεν,
863 3161 1047 3230 ἕτερον
1102 3160 1158 3212 δὲ
1194 3160 1274 3211 δτι
1317 3159 1529 3230 χείρους
1567 3158 1849 3229 γινόμεθα.
1893 3160 2194 3230 Προσέχετε

530 3241 574 3316 ᾧ
616 3249 779 3317 λέγω.
833 3250 907 3301 Οὐ
944 3248 1099 3300 τοῦτο
1156 3247 1313 3317 μόνον
1358 3244 1687 3316 ἀδικούμεθα
1720 3246 1828 3299 ἀπὸ
1868 3245 1968 3316 τῆς
2017 3247 2197 3319 ἁμαρ-

531 3336 674 3399 τίας,
708 3337 789 3389 δτι
836 3335 1245 3405 ἁμαρτάνομεν,
1281 3333 1418 3387 ἀλλά
1445 3334 1541 3385 καὶ
1588 3333 1798 3404 ἕτερον,
1842 3333 1923 3386 ὅτι
1969 3333 2081 3398 ἓξιν
2109 3335 2197 3387 δέ·

533 3426 745 3494 χεταιή
780 3422 946 3493 ψυχὴ,
977 3418 1088 3474 οἷον
1135 3422 1211 3485 ώς
1250 3422 1341 3473 ἐπὶ
1384 3420 1655 3491 σώματος·
1707 3421 2040 3493 σαφέστερον
2090 3424 2200 3496 γάρ

535 3511 689 3565 ἔσται
733 3512 825 3563 ἐπὶ
877 3510 1273 3579 ὐποδείγματος
1319 3508 1631 3577 λεγόμενον.
1683 3508 1951 3580 Καθάπερ
2012 3509 2121 3581 γάρ
2174 3513 2203 3564 ό

535 3598 775 3671 πυρέξας
800 3598 861 3651 οὐ
904 3598 1063 3649 τοῦτο
1110 3596 1270 3665 μόνον
1304 3595 1581 3665 ἠδίκηται,
1618 3596 1701 3649 δτι
1754 3599 1920 3660 νοσεῖ,
1956 3597 2071 3650 ἀλλ’
2120 3598 2203 3651 ὅτι

539 3685 683 3756 μετά
701 3684 798 3756 τὴν
847 3684 1000 3736 νόσον
1039 3683 1427 3752 ἀσθενέστερος
1474 3682 1684 3750 γίνεται
1728 3682 1932 3748 λοιπὸν,
1970 3683 2075 3737 κᾶν
2124 3685 2204 3746 εἰς

540 3774 731 3841 ὑγείαν
779 3770 1061 3825 ἐπανέλθοι
1093 3770 1199 3823 ἀπὸ
1226 3772 1381 3823 νάσου
1417 3772 1655 3841 μακρᾶς·
1687 3769 1831 3824 οὓτω
1862 3770 1925 3842 δὴ
1977 3771 2070 3824 καὶ
2114 3771 2206 3823 ἐπί

540 3862 637 3929 τῆς
689 3858 986 3931 ἁμαρτίας,
1032 3858 1135 3911 κᾶν
1186 3857 1539 3928 ὐγιαίνωμεν,
1590 3857 1670 3911 ἔτι
1724 3856 1929 3927 πολλῆς
1977 3857 2207 3927 δεόμεθα

538 3950 641 4019 τῆς
676 3948 879 4020 ἰσχύος.
929 3948 1037 4000 Ἴδε
1077 3947 1185 4018 γάρ
1219 3963 1312 4016 μοι
1342 3947 1640 4018 ὑϐρίσαντά
1670 3964 1813 4011 τινα,
1859 3947 1956 3999 καὶ
1998 3946 2073 4018 μὴ
2123 3966 2208 4001 τι·-

545 4038 890 4109 μωρηθέντα·
951 4037 1011 4089 οὐ
1051 4036 1140 4088 δια
1176 4035 1333 4089 τοῦτο
1386 4035 1544 4103 μόνον
1576 4035 1857 4106 δακρύειν,
1891 4037 1973 4088 ὅτι
2019 4037 2079 4089 οὐ
2110 4037 2207 4106 τῆς

546 4126 756 4197 ὕϐρεως
787 4125 945 4195 δίκην
1004 4124 1262 4187 δίδωσιν,
1308 4123 1443 4176 ἀλλά
1494 4123 1587 4176 καὶ
1632 4123 1699 4175 δι’
1758 4124 1944 4193 ἕτερον
1992 4123 2207 4176 πενθεῖν

543 4213 712 4278 ἄξιον.
772 4214 929 4265 Ποῖον
980 4212 1044 4283 δὴ
1091 4210 1280 4275 τοῦτο;
1332 4211 1455 4263 Ὅτι
1508 4210 1967 4279 ἀναισχυντοτέρα
2016 4208 2207 4277 γέγονε

544 4300 729 4353 λοιπὸν
759 4301 791 4369 ἡ
826 4300 996 4368 ψυχή.
1040 4298 1302 4350 Ἐκάστου
1334 4296 1441 4365 γάρ
1484 4295 1591 4348 τῶν
1624 4296 2059 4366 ἁμαρτημάτων,
2116 4300 2208 4350 καὶ

545 4390 646 4459 τῆς
697 4390 973 4458 ἁμαρτίας
1012 4386 1370 4455 ἐργασθείσης
1416 4384 1511 4437 καὶ
1539 4384 1916 4454 παυσαμένης,
1963 4386 2212 4439 ἐναποτί-

547 4476 697 4529 θεταί
746 4493 830 4538 τις
868 4476 1023 4545 ἡμῶν
1082 4476 1157 4536 ἰὸς
1204 4476 1272 4544 τῇ
1296 4471 1463 4542 ψυχῇ.
1517 4471 1631 4524 Οὐκ
1677 4471 1893 4535 ἀκούεις
1945 4471 2210 4541 λεγόντων

547 4565 729 4625 τινῶν,
779 4565 907 4616 ὅταν
960 4566 1025 4616 ἐκ
1078 4564 1233 4615 νόσου
1277 4562 1591 4630 ὐγιάνωσιν,
1641 4561 1869 4615 ὅτιούκ
1913 4560 1997 4615 ἐτι
2029 4563 2212 4634 τολμῶ

550 4653 694 4724 ’ύδωρ
728 4655 902 4717 πιεῖν;
937 4650 1115 4704 καίτοι
1165 4666 1228 4718 γε
1279 4650 1516 4716 ὐγίανεν·
1567 4648 1680 4702 ἀλλ’
1712 4651 1745 4719 ἡ
1788 4651 1938 4712 νόσος
1971 4650 2065 4703 καὶ
2088 4650 2213 4704 τοῦ·

548 4760 610 4795 το
664 4742 907 4811 ἠδίκησε.
962 4741 1218 4793 Κάκεῖνοι
1281 4739 1379 4809 μὲν
1431 4737 1614 4801 κακῶς
1666 4738 1989 4807 πάσχοντες,
2050 4740 2213 4810 εὐχα-

555 4830 845 4900 ριστοῦσιν·
887 4831 1047 4898 ἡμεῖς
1094 4828 1151 4881 δὲ
1184 4824 1241 4880 εὖ
1275 4827 1625 4897 πράττοντες,
1660 4827 2082 4897 βλασφημοῦμεν
2122 4829 2214 4883 τὸν

551 4920 703 4983 Θεὸν,
735 4919 825 4973 καὶ
860 4917 1361 4987 ἁποδυσπετοῦμεν·
1406 4915 1654 4978 πλείονας
1686 4916 1793 4985 γάρ
1841 4916 2019 4987 εὕροις
2051 4917 2117 4970 ἂν
2157 4920 2214 4970 ὲν

554 5008 708 5079 ὐγείᾳ
767 5009 860 5060 καὶ
914 5006 1124 5076 πλούτῳ
1167 5008 1323 5059 τοῦτο
1371 5004 1677 5067 ποιοῦντας,
1743 5004 1775 5075 ἦ
1821 5006 1877 5056 ἐν
1928 5005 2088 5076 πενίᾳ
2122 5006 2214 5058 καὶ

554 5096 851 5165 ἀρρωστία.
918 5095 1215 5165 Ἑσέστηκε
1244 5094 1350 5165 γὰρ
1382 5096 1409 5146 ό
1457 5093 1660 5163 δαίμων
1706 5093 1782 5155 ώς
1810 5094 1997 5163 δήμιος
2047 5094 2215 5157 ὅντως

560 5183 784 5251 σφοδρὸς
834 5182 1071 5235 ἀπειλῶν
1124 5183 1311 5243 πολλὰ,
1364 5181 1610 5250 καθάπερ
1660 5191 1682 5219 ε
1738 5198 1820 5243 τις
1874 5182 2217 5248 παιδαγωγὸς

557 5274 645 5325 τὸν
705 5274 902 5341 ἱμάντα
956 5272 1249 5324 ἀνατείνων
1283 5310 1297 5334 ,
1368 5272 1459 5323 καὶ
1530 5270 1825 5340 οὐδαμόθεν
1885 5269 2216 5339 ἀναχυθῆναι

558 5360 754 5427 ἀφιείς.
794 5359 853 5409 Εἰ
892 5358 945 5408 δέ
970 5374 1115 5419 τινες
1146 5358 1264 5426 μηδ’
1302 5356 1444 5410 οὐτω
1477 5359 1715 5428 νήφοιεν,
1770 5356 1882 5409 ἀλλ’
1934 5353 2026 5409 οὖν
2084 5358 2219 5409 ἐκεῖ·

448 5446 455 5451 ’
559 5465 637 5500 νοι
662 5446 863 5497 διδόασι
889 5444 915 5482 ά
954 5444 1129 5512 δίκην.
1168 5446 1240 5495 υύ
1289 5447 1482 5514 μικρὸν
1512 5446 1568 5497 δὲ
1600 5448 1692 5498 καὶ
1740 5445 1913 5498 τοῦτο·
1967 5445 2219 5515 καθάπερ

558 5535 667 5605 γὰρ
723 5532 773 5584 οἰ
812 5529 1008 5600 μωροὶ,
1070 5529 1319 5601 καθάπερ
1377 5532 1425 5582 οἰ
1483 5531 1821 5602 μαινόμενοι,
1884 5531 2137 5601 καθάπερ
2170 5534 2219 5584 οί

619 5684 637 5707 ⁸
666 5684 914 5745 Πάσχουσι
936 5680 1097 5745 κακῶς
1118 5677 1263 5745 deest
1284 5681 1349 5745 ‘in_
1394 5693 1493 5745 unq
1516 5680 1720 5745 rcodice.
1808 5702 1836 5741 δ
1856 5682 1949 5745 καὶ
1979 5682 2216 5745 ἐδείξαμεν

559 5748 700 5797 deest
722 5743 907 5793 mimo.
995 5746 1016 5773 ε
1044 5744 1141 5805 Alii
1183 5743 1384 5805 σφοδρὸς
1420 5743 1573 5789 πολλά
1616 5744 1764 5803 λέγων
1801 5744 2028 5805 καθάπερ.
2096 5744 2122 5779 ιι
2147 5745 2214 5791 lla

564 5811 793 5856 (inmiuel.
821 5814 873 5855 et
893 5818 1017 5854 unus
1048 5804 1156 5853 cod.
1182 5818 1195 5863 ;
1247 5804 1436 5863 Meum,
1462 5812 1570 5866 post
1593 5806 1764 5864 Savi|.,
1794 5807 1846 5852 Εἰ
1869 5807 1919 5853 δέ
1939 5804 2058 5859 τινες
2105 5805 2214 5864 μηδ’

563 5870 687 5919 οὕτω
706 5871 832 5932 vim,
862 5869 969 5918 οὐδὲ
994 5870 1063 5919 ἐκ.
1089 5868 1317 5916 δώσουσι.
1348 5867 1483 5918 Enn.

1271 242 1331 297 S.
1374 239 1659 297 JOANNIS
1698 234 2188 297 CIIRYSOS'I'OMI
2228 232 2553 292 ARCIIIEP.
2599 234 3144 293 CONSTANTINOP.

2262 348 2447 412 παῖδες
2479 350 2579 403 οὐκ
2628 349 2983 403 ἀπαιτοῦνται
3043 347 3300 410 εὐθύνας,
3354 346 3524 408 οὕτως
3565 346 3675 400 οὐδὲ
3727 341 3768 401 οἶ

2261 435 2370 488 τῶν
2403 437 2509 505 γάρ
2565 438 2664 489 οὐκ
2722 439 2781 490 ὲν
2836 435 3034 504 γνώσει
3087 434 3474 504 πραττομένων
3518 434 3680 496 οὐδεὶς
3730 433 3770 486 οἱ

2265 523 2433 593 ὠμὸς,
2475 523 2614 576 ὥστε
2666 526 2965 595 ἀπαιτῆσαι
3010 524 3165 593 δίκην
3212 524 3360 577 ποτέ.
3396 524 3534 592 Ἀρα
3583 521 3748 590 πολλῶ

2266 611 2646 681 δαιμονῶντων
2669 617 2848 683 χεῖρον
2877 611 3196 681 διακείμεθα
3223 614 3271 663 οἰ
3315 612 3718 681 ἁμαρτάνοντες.
3761 611 3770 630 ¹

2267 699 2348 752 ὃτι
2369 701 2467 752 οὐκ
2496 701 2819 770 ἀφρίζομεν,
2847 700 2969 753 οὐδὲ
3010 699 3401 769 διαστρέφομεν
3445 700 3539 762 τάς
3587 699 3762 768 κόρας,

2267 785 2366 851 τάς
2391 790 2609 857 χεῖρας;
2643 787 2767 841 Εἴθε
2796 789 2852 839 ἐν
2877 787 2954 858 τῷ
2992 786 3202 857 σώματι
3256 785 3412 839 τοῦτο
3442 787 3774 856 ἐπράττομεν,

2272 877 2347 947 μὴ
2372 879 2428 929 ὲν
2456 880 2522 949 τῇ
2551 878 2716 947 ψυχῇ.
2734 876 2923 929 Βούλει
2950 894 3029 929 σοι
3055 875 3211 940 δείξω
3237 875 3413 945 ψυχὴν
3438 875 3753 945 ἀφρίζουσαν

2270 965 2485 1034 θαρτον,
2526 965 2620 1017 καὶ
2650 965 2978 1035 διαστροφὴν
3012 965 3272 1034 ὀμμάτων
3315 963 3586 1027 διανοίαςς
3638 963 3776 1015 Ἐννό

2269 1053 2392 1114 τούς
2412 1051 2792 1123 ὀργιζομένους
2830 1052 2922 1103 καὶ
2963 1049 3258 1121 μεθύοντας
3289 1050 3393 1101 ὐπὸ
3414 1047 3507 1101 τοῦ
3540 1048 3718 1118 θυμοῦ,
3746 1066 3776 1100 τι

2271 1140 2446 1212 ἀφροῦ
2494 1142 2593 1193 οὐκ
2630 1140 3039 1210 ἀκαθαρτότερα
3078 1139 3396 1192 ἐκϐάλλουσι
3440 1139 3672 1207 ῥήματα;
3710 1141 3777 1189 'U

2271 1227 2460 1299 ῶσπερ
2491 1227 2696 1298 δυσώδη
2730 1228 2902 1281 σίελον
2923 1225 3303 1290 ἀποϐλύζουσι.
3329 1226 3437 1278 Καὶ
3462 1224 3697 1294 καθάπερ
3719 1226 3778 1277 ἐκ

2272 1315 2465 1369 οὐδένα
2500 1316 2644 1368 ῐσασι
2666 1315 2773 1368 τῶν
2807 1315 3109 1385 παρόντων,
3152 1312 3323 1375 οὕτως
3351 1312 3472 1364 οὐδὲ
3524 1306 3681 1364 οὗτοι.
3732 1312 3780 1363 Στ

2278 1402 2499 1473 σθείοης
2526 1404 2633 1475 γάρ
2658 1404 2841 1464 αὐτοῖς
2869 1403 2969 1474 τῆς
2989 1402 3226 1464 διανοίας
3251 1401 3344 1453 καὶ
3363 1400 3782 1470 διαστραφέντωτ

2274 1490 2587 1563 ὀφθαλμῶν,
2611 1492 2671 1544 οὐ
2704 1491 2876 1559 φίλον.
2925 1490 3026 1543 οὐκ
3079 1488 3289 1559 ἐχθρὸν,
3340 1489 3439 1541 οὐκ
3487 1488 3776 1558 αἰδέσιμον,

2276 1579 2767 1651 εὐκαταφρόνητον,
2800 1577 2933 1633 ἀλλά
2970 1578 3177 1640 πάντας
3201 1576 3387 1640 ἁπλῶς
3417 1575 3626 1647 ὁρῶσιν.
3662 1576 3777 1645 υύχ

2276 1668 2471 1729 αὐτοὺς
2504 1669 2604 1729 καὶ
2624 1667 2921 1738 τρέμοντας
2971 1663 3127 1737 [515]
3174 1664 3427 1735 καθάπερ
3452 1663 3712 1726 ἐκείνους;

2277 1757 2338 1809 οὐ
2371 1756 2626 1808 πίπτουσι
2655 1754 2865 1825 χαμαί;
2911 1754 3070 1807 Ἀλλά
3100 1755 3135 1823 ἡ
3161 1752 3306 1823 ψυχὴ
3359 1751 3533 1804 αὐτῶν
3562 1746 3729 1821 χαμαὶ
3755 1768 3786 1803 κ

2280 1844 2373 1895 καὶ
2403 1842 2590 1896 πίπτει
2631 1842 2953 1913 σπαίρουσα·
2989 1842 3037 1893 εἰ
3082 1840 3189 1911 γάρ
3228 1838 3365 1910 ὀρθὴ
3413 1840 3669 1910 εἱστήκει,
3709 1840 3785 1891 οὐτ

2281 1930 2483 1983 ἔπαθεν
2512 1932 2693 1983 ἐκεῖνα
2721 1928 2863 2000 άπερ
2889 1928 3109 1984 ἔπαθεν.
3145 1929 3216 1981 Ἦ
3244 1928 3303 1980 οὐ
3334 1928 3476 1981 δοκεῖ
3502 1944 3579 1980 σοι
3599 1926 3788 1980 καταϐι

2286 2020 2454 2090 μένης
2512 2014 2647 2072 εἶναι
2692 2018 2890 2088 ψυχῆς,
2940 2018 3032 2071 καὶ
3077 2016 3176 2086 τὴν
3212 2015 3416 2069 οἰκείαν
3455 2015 3609 2085 νῆψιν
3656 2016 3787 2068 ἀπο)

2284 2106 2441 2171 κυίας
2467 2118 2514 2170 ε,
2545 2108 2641 2159 καὶ
2675 2106 2711 2159 ἃ
2743 2105 2951 2159 ποιοῦσι
2976 2107 3069 2157 καὶ
3100 2105 3311 2172 λέγουσι
3337 2103 3617 2173 μεθύοντες
3644 2104 3718 2174 τις)
3740 2104 3790 2156 θι

2290 2195 2446 2245 ¹Ἐστι
2474 2210 2525 2246 τι
2553 2195 2645 2245 καὶ
2673 2194 2857 2264 ἓτερον
2891 2191 3086 2263 μανίας
3135 2187 3271 2255 εἶδος
3305 2190 3490 2243 τούτου
3538 2191 3789 2260 χαλεπώτ

2287 2283 2445 2335 Ποῖον
2476 2280 2539 2351 δὴ
2557 2280 2752 2346 τοῦτο;
2784 2281 2953 2333 Ὅταν
2986 2280 3118 2350 μηδὲ
3148 2282 3365 2348 ἀφεῖναι
3391 2280 3488 2349 τὴν
3513 2278 3679 2349 ὀργὴν
3714 2280 3792 2331 ἀνι

2288 2388 2398 2433 ται,
2430 2370 2563 2424 ἀλλά
2582 2371 2820 2442 τρέφωσι
2848 2370 2975 2439 παρ’
3008 2370 3218 2430 ἑαυτοῖς
3250 2367 3518 2421 οἰκειακὸν
3553 2366 3792 2437 καθάπερ

2286 2458 2478 2529 δήμιον
2509 2459 2608 2529 τὴν
2634 2458 3016 2528 μνησικακίαν,
3042 2456 3248 2518 Αὐτοὺς
3275 2455 3381 2525 γὰρ
3410 2453 3655 2525 πρώτους
3682 2454 3794 2507 ἀπόῖ

2288 2550 2348 2599 τὸ
2379 2548 2734 2617 μνησικακεῖν
2756 2545 3003 2598 ἐντεῦθεν
3049 2545 3174 2616 ήδη,
3210 2544 3297 2597 ἵνα
3345 2544 3413 2597 τὰ
3450 2542 3705 2613 μέλλοντα
3758 2563 3795 2595 π

2291 2636 2469 2705 Πόσην
2499 2636 2607 2705 γὰρ
2632 2634 2735 2688 οίει
2788 2634 3019 2705 βάσανον
3066 2629 3203 2687 εἶναι
3260 2631 3528 2704 ἀνθρώπῳ
3575 2632 3795 2701 πεπληγλ

2291 2726 2389 2794 τὴν
2416 2724 2612 2796 ψυχὴν,
2645 2723 2767 2777 καθ’
2808 2722 3042 2791 ἐκάστην
3075 2722 3287 2792 ἡμέραν
3326 2720 3605 2774 σκοποῦντι
3628 2721 3798 2781 ὅπως.

2291 2829 2449 2883 νηται
2480 2813 2572 2866 τὸν
2601 2812 2822 2883 ἐχθρόν;
2858 2810 3125 2881 Πρότερον
3153 2811 3341 2863 ἑαυτὸν
3366 2808 3579 2872 κολάζει
3620 2807 3649 2858 ό
3676 2807 3798 2859 τοιοέ

2293 2902 2388 2955 καί
2418 2906 2740 2973 τιμωρεῖται
2766 2901 3031 2967 οἰδαίνων,
3058 2900 3192 2971 πρὸς
3214 2899 3401 2953 ἑαυτὸν
3432 2900 3751 2969 μαχόμενος,
3778 2900 3800 2949 ὲ

2296 2988 2595 3061 ριζὸμενος.
2642 2988 2881 3058 ’Δνὰγκη
2913 2988 3021 3058 γάρ
3052 2988 3343 3051 διαπαντὸς
3387 2987 3631 3041 καίεσθαι
3688 3004 3799 3056 παρ

2292 3075 2355 3129 τὸ
2389 3074 2521 3147 πῦρ·
2553 3073 2647 3127 καὶ
2697 3072 2788 3126 τὸν
2820 3073 3052 3145 πυρετὸν
3104 3074 3197 3126 ἐπὶ
3225 3067 3476 3126 τοσοῦτον
3524 3072 3802 3137 ἐκτείνων,

2294 3163 2461 3233 ἀφίης
2495 3162 2877 3236 παρακμάσαι,
2914 3163 3010 3216 καὶ
3037 3161 3273 3233 νομίζεις
3332 3160 3522 3229 ἐκείνῳ
3548 3160 3746 3214 διδόναι
3774 3179 3801 3213 τ

2295 3252 2410 3319 κὸν,
2443 3251 2603 3315 αὐτὸς
2634 3252 2690 3304 δὲ
2748 3251 2974 3305 σεαυτὸν
3029 3251 3241 3319 τήκεις,
3285 3248 3580 3312 διαπαντὸς
3625 3249 3723 3317 τὴν
3777 3266 3802 3315 ς

2297 3340 2651 3411 ἀκμάζουσαν
2683 3341 2884 3411 φέρων,
2916 3341 3008 3393 καὶ
3036 3338 3501 3393 διαναπαύσασθαι
3531 3338 3627 3409 τὴν
3652 3338 3801 3407 ψυχὴ

2299 3430 2424 3491 ἐῶν,
2460 3429 2573 3482 ἀλλ’
2602 3429 3023 3501 ἐκθηριούμενος
3047 3429 3154 3493 ἀεὶ,
3188 3428 3282 3481 καί
3304 3430 3361 3481 ἐν
3386 3429 3595 3498 ταραχῇ
3624 3427 3721 3478 καὶ
3768 3429 3801 3477 ἐπ

2302 3516 2442 3587 μῶνι
2458 3517 2549 3569 τὸν
2575 3517 2832 3587 λογισμὸν
2870 3517 3026 3586 ἔχων.

2371 3612 2429 3658 ε’.
2463 3606 2527 3657 Τί
2550 3605 2753 3677 ταύτης
2780 3605 3157 3675 χαλεπώτερον
3189 3605 3288 3675 τῆς
3318 3602 3531 3675 μανίας,
3556 3602 3801 3657 διαπαντέ

2302 3692 2522 3747 πεῖσθαι
2550 3693 2644 3746 καὶ
2674 3693 2832 3747 οἰδεῖν
2861 3693 2956 3745 καὶ
3003 3692 3392 3762 φλεγμαίνεινς
3442 3690 3707 3745 Τοιαῦται
3760 3708 3794 3757 γ

2302 3781 2411 3834 τῶν
2452 3781 2803 3851 μνησικάκων
2832 3781 3023 3852 ψυχαί·
3076 3780 3203 3834 ἔνθα
3239 3780 3306 3833 ἂν
3359 3780 3541 3831 ῖδωσιν
3566 3778 3624 3830 ὃν
3694 3778 3802 3847 βούῖ

2304 3869 2633 3941 ἀμύνασθαι,
2686 3869 2888 3933 εὐθέως
2938 3870 3274 3940 ἐπλήγησαν·
3314 3869 3380 3922 ἂν
3432 3869 3617 3937 φωνῆς
3676 3871 3802 3921 ἀκοι

2306 3958 2626 4018 κατέπεσον,
2657 3958 2969 4029 τρέμουσιν·
2997 3956 3064 4011 ἂν
3092 3958 3185 4010 ἐπὶ
3216 3957 3403 4027 κλίνης
3453 3949 3578 4018 ὦσι,
3617 3957 3800 4026 μυρία

2305 4048 2415 4108 τοῖς
2446 4045 2823 4117 ὐπογράφουσι
2849 4044 3141 4116 τιμωρίας,
3168 4044 3527 4114 ἀναρτῶντες,
3588 4042 3797 4111 βασανί

2266 4136 2519 4186 -ἐκείνον
2541 4134 2633 4187 τὸν
2684 4133 2898 4204 ἐχθρόν·
2940 4135 3075 4205 πρὸς
3107 4134 3165 4187 δέ
3220 4134 3451 4197 τούτοις,
3510 4131 3579 4185 ἂν
3626 4134 3738 4186 καὶ
3784 4150 3802 4183 ε

2311 4221 2516 4293 μοῦντα
2572 4222 2743 4287 ἴδωσι,
2781 4220 2943 4290 βαϐαὶ
2990 4222 3091 4291 τῆς
3142 4220 3443 4292 τιμωρίαςί
3480 4220 3659 4286 Ἀφες
3725 4222 3801 4271 αὐη

2308 4311 2632 4381 ἁμάρτημα,
2661 4310 2754 4362 καὶ
2778 4309 3085 4376 ἀπάλλαξον
3116 4309 3307 4361 σαυτὸν
3364 4307 3463 4376 τῆς
3497 4308 3801 4376 βασάνου.⁴

2308 4415 2417 4460 νεις
2438 4397 2727 4461 διαπαντὸς
2768 4396 3145 4468 κολαζόμενος,
3177 4397 3261 4449 ἵνα
3296 4397 3500 4448 ἐκεῖνον
3534 4394 3697 4461 ἅπαξ
3760 4413 3801 4446 κε

2311 4488 2408 4540 καὶ
2434 4487 2764 4558 τιμωρήσῃ;
2799 4485 2849 4539 τί
2892 4485 3318 4549 κατασκευάζεις
3350 4483 3565 4536 ὲκτικὸν
3597 4482 3800 4552 σαυτῷ

2316 4590 2393 4644 μα
2432 4571 2451 4610 ί
2481 4589 2496 4637 ;
2540 4573 2591 4624 τί
2628 4572 2946 4642 βουλόμενον
2966 4570 3347 4640 ἀπαλλαγῆναί
3386 4586 3479 4622 σου
3504 4570 3597 4621 τὸν
3628 4570 3801 4639 θυμὺ·

2314 4661 2489 4731 έχεις;
2533 4661 2682 4730 Μηδὲ
2720 4659 2909 4730 μέχρις
2938 4660 3174 4729 ἑσπέρας
3200 4659 3429 4729 μενέτω,
3458 4658 3625 4727 φησὶν
3679 4661 3710 4711 ό
3768 4659 3802 4710 Π

2316 4749 2581 4819 Καθάπερ
2627 4749 2735 4818 γάρ
2779 4746 3019 4818 τηκεδών
3052 4764 3136 4809 τις
3180 4747 3275 4799 καί
3305 4746 3421 4817 σὴς,
3480 4745 3633 4797 οὓτω
3692 4747 3799 4816 τὴν

2314 4838 2415 4907 τῆς
2445 4837 2716 4906 ἡμετέρας
2764 4834 3053 4906 διατρώγει
3112 4834 3367 4896 διανοίας.
3421 4833 3487 4885 Τί
3539 4832 3745 4905 θηρίον

2316 4926 2515 4988 κλείεις
2540 4927 2619 4987 εἰς
2648 4926 2716 4978 τά
2744 4924 3027 4993 σπλάγχνα
3050 4924 3118 4976 τά
3150 4924 3251 4988 σά;
3286 4922 3501 4974 Βέλτιον
3534 4922 3670 4991 ὅφιν
3708 4924 3742 4992 ἦ
3771 4924 3793 4973 ἕ

2318 5013 2528 5067 κεῖσθαι
2558 5016 2623 5082 τῇ
2651 5011 2867 5083 καρδίᾳ,
2917 5012 2950 5081 ἢ
3008 5010 3175 5080 θυμὸν
3214 5012 3306 5063 καὶ
3356 5012 3762 5081 μνησικακίαν·

2322 5104 2418 5171 μὲν
2448 5101 2553 5171 γὰρ
2582 5099 2780 5161 εὐθέως
2805 5100 2868 5151 ἂν
2896 5100 3044 5168 ἡμᾶς
3072 5098 3398 5169 ἀπήλλαξεν,
3427 5092 3589 5161 οὗτος
3612 5099 3675 5150 δὲ
3714 5100 3801 5167 μέ·

2320 5190 2542 5251 παντὸς,
2582 5189 2703 5250 τούς
2726 5187 2944 5248 ὀδόντας
2975 5188 3290 5257 ιέμπηγνὺς,
3344 5188 3433 5239 τὸν
3472 5188 3549 5240 ἰὸν
3590 5188 3802 5241 ἐντιθεὶ

2319 5281 2584 5350 χαλεποὺς
2610 5275 3014 5346 ἐπιστρατεύων
3045 5286 3070 5323 8
3098 5276 3409 5347 λογισμούς.
3450 5277 3617 5329 Ἀλλά
3644 5275 3801 5329 ταῦτ.

2320 5369 2502 5436 φησὶν,
2525 5368 2611 5419 ἴνα
2645 5365 2718 5436 μὴ
2746 5362 3112 5433 καταγελάσῃ,
3146 5365 3229 5417 ἵνα
3263 5366 3337 5435 μὴ
3362 5366 3790 5434 καταφρονήσῃ.

2320 5456 2571 5525 ἄνθρωπε
2601 5456 2694 5507 καὶ
2720 5454 3057 5525 ταλαίπωρε,
3084 5455 3145 5506 οὐ
3173 5452 3351 5523 βούλει
3385 5452 3801 5521 καταγελασθῆ-

2324 5544 2390 5615 0‘1
2424 5544 2515 5597 τοῦ
2546 5541 2853 5605 συνδούλου,
2894 5541 3029 5595 ἁλλά
3065 5541 3365 5612 μισηθῆναι
3429 5540 3579 5610 παρά
3610 5538 3715 5589 τοῦ
3781 5553 3802 5585 ο

2406 5686 2427 5712 θ
2456 5672 2573 5731 Alii,
2596 5671 2915 5728 ἀπολωλυίας,
2940 5672 3089 5719 male.
3161 5672 3180 5709 ἵ
3209 5672 3413 5731 Quidam
3460 5670 3671 5731 ἐκτῆκον
3710 5682 3802 5731 σαι

2319 5728 2571 5796 νοσήματιζ
2593 5747 2714 5796 (ιιιωῄ
2738 5736 2894 5796 Alectio
2928 5747 3021 5780 non
3070 5728 3365 5792 spernénda,
3392 5738 3435 5780 te
3471 5729 3644 5779 morbo
3688 5728 3801 5796 lqbc

2323 5803 2346 5837 ε
2374 5788 2472 5854 Sid,
2494 5788 2791 5849 cum'codd..
2816 5795 3052 5845 Commel.
3096 5804 3150 5845 et
3175 5788 3682 5855 Savilq'scripsimus.
3716 5788 3801 5843 Le;

2324 5858 2667 5920 ἐκστρατεύων.
2718 5856 2853 5905 Eon.
