4028 6218
254 221 349 277 £95

248 336 384 388 vitus
415 332 655 403 quidem,
687 331 784 388 sed
813 341 990 387 tamen
1015 342 1336 402 cooperatur
1355 376 1371 402 ,
1398 334 1525 390 dum
1556 338 1836 394 continen-

249 425 438 479 tiorem
472 424 650 478 reddit
685 438 808 478 cum
835 439 994 494 quem
1024 432 1251 494 occupat
1277 442 1293 479 :
1340 437 1615 497 peccatum
1643 443 1775 484 vero
1803 444 1835 485 e

246 530 407 585 regno
433 514 602 583 cjicit.

311 627 368 681 4.
400 625 607 679 Habere
633 636 897 696 peccatum
925 643 1076 696 quam
1101 626 1282 681 habere
1323 629 1600 683 dwmonem
1628 631 1835 701 gravius

247 730 341 775 est.
369 749 443 759 ——
466 721 540 774 At
572 720 708 773 forte
738 720 881 775 dicet
922 719 1184 790 quispiam
1229 738 1242 773 ε
1275 720 1425 774 Absit
1451 762 1466 786 ,
1497 732 1554 775 ut
1581 723 1658 777 sic
1683 737 1833 777 assc-

246 828 381 882 quar
412 812 819 866 continentiam.
854 810 1035 882 Neque
1064 827 1164 881 ego
1192 812 1371 877 velim,
1416 813 1509 867 sed
1538 814 1644 868 alio
1676 814 1834 868 modo

246 912 301 955 ut
331 903 517 956 omnia
554 901 716 957 facias
746 918 809 956 ex
836 917 1020 957 amore
1048 903 1267 957 Christi.
1296 902 1350 957 Si
1382 920 1509 958 vero
1540 908 1661 969 hoc,
1690 905 1830 974 quod

241 994 401 1057 absit,
436 994 713 1063 conlingat
745 1036 758 1057 ,
788 1008 887 1062 pro
914 995 1013 1048 hoc
1040 1003 1122 1048 est
1147 994 1428 1050 orandum.
1456 995 1509 1051 Si
1539 998 1696 1067 igitur
1721 996 1832 1051 dte-

240 1098 365 1135 mon
399 1098 509 1136 non
541 1084 705 1151 ejicit,
734 1093 1007 1152 peccatum
1036 1099 1162 1137 vero
1188 1085 1355 1152 ejicit,
1382 1084 1448 1138 ab
1479 1085 1579 1141 hoc
1610 1087 1830 1142 liberari

238 1175 415 1243 majus
461 1186 546 1229 est
576 1174 916 1228 beneficium.
951 1176 1087 1244 Ergo
1132 1175 1199 1229 ab
1227 1174 1329 1230 hoc
1356 1176 1652 1245 proximum
1696 1177 1830 1232 libe-

237 1268 343 1320 rari
372 1282 651 1331 curemus,
675 1275 727 1319 et
755 1276 875 1319 ante
898 1266 1222 1335 proximum,
1243 1282 1339 1321 nos
1372 1266 1831 1336 ipsos.Videamus

234 1373 304 1412 ne
341 1359 651 1412 daemonem
705 1358 1028 1421 habeamus,
1060 1358 1339 1427 diligenter
1385 1374 1483 1412 nos
1522 1361 1664 1428 ipsos
1692 1374 1827 1415 exa-

235 1450 535 1502 minemns.
568 1450 820 1503 Dmmone
849 1450 1069 1519 gravius
1098 1460 1179 1504 est
1207 1459 1483 1520 peccatum
1510 1464 1525 1515 ;
1560 1451 1651 1506 ille
1679 1467 1830 1507 nam-

227 1557 342 1611 que
400 1542 636 1596 humiles
687 1542 892 1596 reddit.
950 1544 1140 1596 Annon
1193 1543 1388 1597 videtis
1426 1542 1825 1610 dwmoniacos,

226 1634 458 1705 quando
481 1651 511 1688 a
537 1634 721 1688 morbo
740 1645 1070 1695 recreantur.
1096 1650 1252 1705 quam
1275 1636 1382 1690 sint
1400 1636 1643 1705 demissi,
1666 1652 1826 1708 quam

229 1726 470 1779 mmsti?
499 1725 766 1795 quomodo
802 1726 981 1779 vultus
1024 1727 1227 1795 pudore
1280 1727 1636 1793 suﬂundatur,
1692 1743 1829 1798 quo-

230 1820 411 1872 modo
438 1835 539 1871 non
566 1820 740 1872 ausint
770 1819 1018 1873 obtueri?
1045 1819 1175 1874 Vide
1202 1819 1580 1875 absurditatem
1614 1836 1629 1872 :
1661 1820 1737 1875 illi
1760 1820 1828 1876 de

225 1912 302 1966 iis
332 1928 461 1980 qua:
502 1912 776 1980 patiuntur
824 1914 1189 1976 erubescunt,
1221 1928 1319 1966 nos
1362 1912 1429 1966 de
1458 1912 1592 1966 actis
1628 1910 1827 1968 nostris

220 2018 341 2056 non
374 2002 749 2056 erubescimus
795 2019 809 2054 :
838 2002 912 2056 illi
960 2002 1153 2071 injuria
1184 2002 1360 2057 aﬂ'ecti
1401 2012 1658 2058 verentur
1681 2044 1697 2070 ,
1728 2018 1826 2058 nos

220 2095 431 2161 injuria
459 2094 759 2147 allicientes
788 2108 893 2147 non
919 2109 1187 2148 veremur.
1216 2094 1376 2163 Atqui
1404 2094 1617 2148 illorum
1648 2105 1822 2151 status

224 2200 337 2237 non
371 2185 586 2253 pudore
617 2185 829 2253 dignus,
860 2183 954 2238 sed
982 2184 1346 2239 misericordia
1374 2193 1428 2239 et
1465 2184 1819 2253 humanitate,

219 2277 431 2341 venia,
489 2276 843 2330 admiratione
893 2291 1117 2346 magna,
1173 2277 1465 2333 innumeris
1532 2278 1819 2347 laudibus,

220 2369 456 2437 quando
486 2383 609 2422 cum
656 2369 744 2422 tali
786 2366 1030 2423 daemone
1056 2378 1426 2423 concertantes
1450 2409 1466 2435 ,
1496 2370 1672 2424 omnia
1701 2386 1821 2425 cum

220 2463 533 2531 gratiarum
565 2460 774 2514 actione
800 2460 1069 2528 patiuntur
1098 2476 1111 2512 :
1144 2468 1322 2513 nostra
1362 2474 1492 2513 vero
1519 2459 1673 2529 digna
1697 2469 1822 2514 sunt

224 2556 362 2614 risu,
400 2553 630 2621 pudore,
661 2553 1017 2615 accusatione,
1049 2550 1331 2621 supplicio,
1360 2565 1537 2618 poena,
1568 2552 1823 2606 extremis

225 2648 416 2708 malis,
475 2648 746 2713 gebcuna,
801 2646 1049 2713 nullaque
1091 2642 1267 2697 venia.
1318 2641 1515 2697 Viden"
1545 2653 1821 2714 peccatum

222 2737 486 2790 da-tnune
531 2737 763 2789 deterius
807 2738 964 2790 esse?
1013 2736 1078 2789 Et
1116 2735 1194 2788 illi
1225 2734 1439 2803 quidem
1470 2750 1536 2790 ex
1568 2736 1632 2790 iis
1656 2778 1673 2802 ,
1701 2752 1821 2807 quae

222 2831 474 2897 graviter
514 2830 782 2897 patiuntur
814 2869 826 2889 ,
860 2827 1053 2896 duplex
1083 2827 1288 2881 lucrum
1317 2836 1589 2897 reportant
1615 2845 1628 2881 :
1657 2844 1818 2882 unum

223 2921 377 2989 quod
412 2920 819 2984 temperatiores
843 2918 949 2972 sint
974 2928 1026 2970 et
1048 2918 1214 2987 magis
1243 2916 1562 2988 philosophi,
1593 2918 1817 2973 alterum

224 3014 405 3082 quod.
436 3029 555 3063 eum
601 3011 687 3064 hic
720 3021 1055 3079 peccatorum
1102 3025 1285 3078 ptenas
1311 3010 1574 3072 dederint,
1604 3012 1723 3081 puri
1751 3011 1818 3066 ad

228 3104 523 3156 Dominum
552 3101 799 3171 migrent.
830 3100 959 3155 Nam
995 3101 1092 3154 hac
1119 3100 1186 3155 de
1213 3117 1271 3155 re
1301 3116 1443 3171 Stepe
1472 3101 1819 3157 disseruimus

229 3208 285 3249 et
308 3197 673 3259 ostendimus,
698 3209 792 3248 eos
813 3194 900 3263 qui
930 3194 1015 3248 hic
1045 3193 1335 3263 puniuntur
1360 3235 1374 3259 ,
1403 3194 1447 3248 si
1477 3193 1707 3264 benigne
1734 3194 1817 3250 fe-

233 3298 397 3351 rant,
456 3304 701 3357 magnam
754 3296 1087 3354 peccatorum
1143 3287 1405 3341 sarcinam
1462 3287 1820 3342 verisilniliter

236 3378 534 3447 deponere.
569 3381 610 3431 Δ
643 3379 871 3445 peccatis
896 3389 1073 3431 autem
1099 3378 1325 3447 duplicia
1359 3380 1495 3431 mala
1523 3381 1817 3435 eveniunt:

242 3486 405 3524 unum
461 3470 605 3540 quod
654 3469 1006 3533 offendamus,
1058 3469 1282 3523 alterum
1332 3468 1473 3539 quod
1524 3470 1819 3525 deteriores

242 3563 559 3617 evadamus.
593 3560 863 3615 Attendite
902 3560 1078 3613 dictis.
1123 3558 1236 3613 Non
1264 3559 1315 3613 in
1362 3558 1463 3613 hoc
1493 3569 1699 3614 tantum
1728 3561 1819 3615 la:-

244 3657 417 3706 dnnur
460 3668 489 3703 a
540 3660 779 3721 peccato,
826 3651 968 3720 quod
1016 3664 1332 3718 peccemus;
1382 3648 1473 3702 sed
1503 3661 1556 3704 et
1600 3650 1650 3703 in
1689 3651 1812 3713 alio,

246 3748 381 3813 quod
408 3746 585 3799 anima
621 3746 854 3798 habitum
901 3744 1180 3802 admittat;
1209 3743 1345 3796 sicut
1388 3752 1442 3795 et
1468 3742 1518 3794 in
1545 3756 1771 3811 corpore
1800 3758 1813 3794 :

247 3839 434 3891 clarius
465 3837 609 3891 enim
653 3835 755 3890 erit
799 3835 923 3889 inde
952 3843 1218 3903 sumptum
1263 3834 1585 3903 exemplum.
1617 3835 1815 3899 Quem-

248 3929 525 3982 admodum
572 3930 712 3981 enim
753 3926 1055 3979 febricitans
1099 3940 1203 3978 non
1248 3925 1300 3978 in
1332 3925 1432 3979 hoc
1465 3925 1638 3977 solum
1670 3923 1817 3977 hedi-

250 4028 347 4078 tur.
386 4020 527 4089 quod
571 4020 883 4079 inlirtnetur,
914 4016 1007 4071 sed
1040 4017 1199 4070 etiam
1227 4016 1368 4085 quod
1416 4025 1532 4084 post
1574 4017 1817 4070 morbum

252 4114 312 4163 sit
342 4112 629 4176 inﬁrmior,
657 4109 864 4163 etiamsi
906 4124 972 4162 ex
1008 4108 1258 4161 diuturno
1303 4109 1489 4162 morbo
1531 4109 1581 4163 in
1623 4109 1815 4163 bonam

252 4203 602 4255 valetudinem
646 4199 866 4253 redeat:
899 4212 975 4252 szc
1003 4207 1057 4252 et
1079 4198 1147 4253 de
1177 4207 1395 4267 peccato
1419 4198 1723 4264 dicendum,
1755 4199 1820 4252 li-

252 4306 327 4347 cet
352 4309 627 4355 sanentur,
659 4292 832 4345 adhuc
861 4301 1037 4345 tamen
1058 4306 1277 4361 egemus
1324 4291 1652 4347 fortitudine.
1685 4292 1818 4349 Vide

253 4400 472 4451 namque
499 4384 627 4436 mihi
669 4383 1011 4452 quempiam,
1040 4384 1129 4451 qui
1171 4383 1492 4437 contumelia
1535 4384 1812 4450 aﬂ‘ecerit,

252 4492 339 4529 nec
373 4491 561 4543 pcenas
587 4474 795 4529 dederit
829 4493 842 4527 ε
873 4490 975 4528 non
1003 4474 1125 4529 ideo
1149 4474 1320 4531 solum
1347 4474 1626 4545 lacrymari
1652 4490 1815 4544 Opor—

253 4577 336 4633 tet,
367 4567 512 4635 quod
541 4568 878 4623 contumelixr
911 4581 1093 4635 paenas
1118 4582 1224 4620 non
1252 4566 1500 4620 dederit?
1529 4568 1632 4621 Sed
1658 4569 1818 4621 etiam

252 4659 344 4710 alia
381 4660 452 4710 de
501 4672 661 4711 causa
696 4656 1002 4726 lugendum.
1051 4658 1266 4723 Quare?
1297 4657 1426 4724 Quia
1464 4658 1820 4726 impudentior

251 4748 469 4802 effectus
508 4755 593 4801 est
626 4748 854 4800 animus.
898 4748 1235 4817 Singulorum
1265 4750 1406 4801 enim
1440 4760 1816 4817 peccatorum,

248 4853 523 4911 postquam
565 4841 815 4894 delictum
864 4851 1138 4910 peractum
1166 4851 1247 4895 est
1287 4855 1340 4895 et
1381 4843 1643 4907 cessavit,
1679 4844 1819 4898 virus

249 4931 512 4999 quoddam
548 4931 599 4984 in
630 4930 804 4983 anima
833 4930 1102 4985 inseritur.
1135 4930 1248 4984 Non
1277 4931 1426 4983 audis
1456 4933 1715 5000 quosdam
1739 4932 1821 4986 di-

249 5034 451 5085 centes,
485 5031 767 5089 postquam
806 5036 834 5073 a
867 5021 1056 5075 morbo
1085 5022 1311 5076 recreati
1342 5033 1465 5075 sunt
1492 5040 1505 5076 :
1538 5022 1651 5076 Non
1685 5023 1819 5077 ultra

249 5114 408 5165 ausim
443 5128 634 5178 aquam
668 5111 889 5177 bibere;
922 5113 1043 5165 licet
1068 5113 1180 5166 Sani
1214 5112 1356 5167 sint?
1384 5113 1475 5167 sed
1517 5116 1732 5167 morbus
1765 5115 1818 5168 in

250 5203 341 5256 hoc
381 5205 545 5256 etiam
591 5202 747 5255 laesit.
779 5202 843 5255 Et
892 5202 965 5255 illi
996 5201 1207 5272 quidem
1252 5202 1390 5255 mala
1437 5204 1596 5271 passi.
1624 5205 1821 5273 gratias

248 5304 438 5364 agunt;
488 5308 590 5347 nos
628 5303 806 5348 autem
839 5292 964 5347 dum
1010 5293 1146 5349 bene
1178 5293 1454 5359 habemus,
1502 5295 1667 5349 Deum
1710 5294 1822 5349 bla-

251 5386 615 5455 sphemamus,
645 5393 699 5438 et
741 5400 881 5455 argre
907 5383 1126 5440 ferimus
1162 5402 1174 5439 :
1205 5384 1382 5453 plures
1410 5386 1550 5439 enim
1583 5387 1821 5441 invenias

248 5478 295 5531 in
326 5477 561 5532 sanitate
597 5490 661 5530 ac
688 5475 891 5531 divitiis
918 5475 1019 5531 hoc
1046 5485 1266 5547 agentes
1286 5517 1299 5541 ,
1329 5491 1486 5545 quam
1516 5478 1567 5530 in
1595 5492 1823 5547 pauper-

248 5575 353 5623 tate
372 5576 430 5622 et
454 5566 786 5622 inﬁmitate.
808 5566 973 5621 Instat
1001 5570 1141 5622 enim
1168 5568 1375 5622 daemon
1411 5569 1557 5639 quasi
1579 5570 1817 5626 carnifex

241 5660 427 5717 ardens
469 5658 647 5714 minas
675 5659 965 5726 intentans,
996 5659 1133 5715 sicut
1157 5659 1370 5729 quidam
1403 5659 1717 5732 paedagogus
1744 5663 1821 5719 lo—

1241 219 1308 275 lN
1343 218 1518 277 ACTA
1551 222 2049 283 APOSTOLORUM
2107 228 2333 285 IIOMIL.
2372 230 2506 288 XLI.

3419 246 3520 306 294

1945 357 2062 395 rum
2099 344 2328 413 erigens,
2372 355 2426 399 et
2449 362 2711 420 nusquam
2739 350 3027 410 deﬂectere
3054 355 3259 412 sinens.
3286 356 3437 425 Quod
3478 362 3524 417 si

1944 434 2033 502 qui
2056 450 2122 489 ne
2146 436 2215 491 ita
2246 438 2459 506 quidem
2498 442 2727 510 sapiant,
2771 460 2878 499 non
2906 446 3031 502 dant
3066 450 3139 504 illi
3170 466 3373 520 pmnas.
3406 453 3521 511 Non

1948 540 2134 593 parum
2166 537 2341 582 autem
2374 529 2475 585 hoc
2516 542 2616 586 est.
2653 533 2717 588 Ut
2743 536 2882 589 enim
2912 540 3079 606 stulti,
3112 551 3165 595 ut
3208 543 3416 611 furiosi,
3463 558 3521 602 ut

1943 618 2097 684 pueri
2148 633 2251 671 non
2299 619 2428 674 dant
2476 636 2692 690 pennas,
2725 626 2801 679 sic
2833 644 3006 697 neque
3035 630 3087 684 hi
3122 649 3136 685 :
3166 648 3348 688 eorum
3376 638 3518 691 enim

1942 721 2060 775 qu:e
2088 707 2377 764 inscienter
2418 722 2532 765 acta
2562 724 2686 767 sunt
2711 756 2726 780 ,
2760 732 2917 772 nemo
2949 730 3053 772 tam
3087 724 3318 778 crudelis
3348 737 3430 779 est
3459 736 3518 781 ut

1942 811 2125 865 ptenas
2154 810 2377 868 repetat.
2410 803 2547 872 Ergo
2576 817 2860 872 peccantes
2887 810 3054 865 multo
3079 812 3313 868 deterius
3343 815 3515 872 aﬂ‘ecti

1940 903 2124 943 sumus
2168 906 2327 961 quam
2368 894 2707 953 daemoniaci.
2756 899 2860 954 Sed
2895 918 2998 957 non
3044 921 3387 974 spumamus,
3419 927 3517 966 nec

1941 980 2166 1047 pupillas
2188 982 2584 1053 distorquemus
2605 989 2683 1042 vel
2713 992 2945 1045 manus?
2974 993 3180 1048 Utinam
3206 996 3306 1051 hoc
3333 1000 3383 1052 in
3401 1016 3513 1056 cor-

1939 1085 2068 1138 pore
2115 1081 2450 1141 pateremur,
2486 1091 2589 1131 non
2633 1078 2683 1131 in
2733 1082 2907 1136 anima
2938 1084 3063 1137 lVis
3110 1087 3202 1141 tibi
3235 1092 3510 1145 ostendam

1936 1161 2164 1214 animam
2212 1175 2567 1233 spumantem,
2617 1169 2901 1240 impuram,
2930 1184 2982 1229 et
3030 1176 3288 1234 distortos
3332 1184 3517 1237 oculos

1935 1251 2167 1305 mentis?
2205 1252 2387 1323 Cogita
2416 1256 2579 1311 iratos
2620 1270 2673 1314 et
2721 1264 2898 1317 furore
2939 1267 3139 1329 ebrios,
3176 1286 3278 1339 qua
3328 1288 3514 1343 spuma

1936 1358 2039 1396 non
2093 1344 2442 1403 immundiora
2491 1351 2763 1420 proferunt
2807 1357 3005 1411 verba?
3059 1361 3305 1418 Profecto
3355 1368 3507 1435 quasi

1935 1432 2177 1489 fmtidum
2222 1449 2433 1507 sputum
2470 1443 2740 1497 emittunt.
2781 1446 2847 1500 Et
2894 1449 3031 1503 sicut
3080 1450 3152 1505 illi
3196 1432 3399 1509 nullum
3447 1472 3513 1512 ex

1935 1531 2288 1597 prmsentibus
2314 1546 2534 1603 norunt,
2566 1540 2644 1594 sic
2673 1556 2845 1611 neque
2873 1543 2946 1599 hi.
2977 1547 3335 1606 Obtenebrata
3362 1553 3503 1608 enim

1935 1619 2146 1674 illorum
2183 1633 2361 1679 mente
2387 1635 2441 1680 et
2466 1627 2704 1684 dismrtis
2729 1633 2901 1687 oculis
2925 1678 2939 1701 ,
2968 1653 3072 1692 non
3105 1643 3331 1698 amicum
3356 1686 3371 1709 ,
3404 1662 3509 1701 non

1934 1708 2228 1779 inimicum,
2262 1730 2368 1769 non
2399 1721 2759 1777 venerabilem
2790 1767 2804 1790 ,
2838 1742 2939 1780 non
2967 1708 3387 1803 despiciendam,
3418 1739 3509 1792 sed

1932 1816 2119 1857 omnes
2148 1820 2255 1858 uno
2299 1805 2493 1862 intuitu
2520 1823 2765 1867 cernunt.
2794 1815 2907 1871 Non
2940 1820 3089 1875 vides
3133 1822 3229 1878 hos
3278 1835 3510 1883 tremere

1931 1892 2067 1947 sicut
2097 1895 2219 1951 illos
2242 1896 2385 1953 ?Sed
2408 1916 2513 1955 non
2543 1903 2808 1961 caduntin
2840 1913 3080 1966 terram?
3111 1913 3304 1970 Verum
3330 1919 3507 1976 anima

1932 2000 2117 2040 eorum
2168 1989 2312 2043 humi
2346 1992 2490 2061 jacet
2516 2004 2570 2049 et
2595 1998 2736 2051 cadit
2766 2000 3031 2069 palpitans
3065 2025 3078 2060 ;
3108 2007 3150 2060 si
3192 2010 3332 2063 enim
3366 2022 3509 2067 recta

1930 2085 2247 2160 staret.»non
2276 2091 2550 2149 pateretur
2572 2087 2657 2140 illa
2685 2105 2801 2156 qua:
2832 2094 3048 2160 patitur.
3086 2101 3277 2154 Annon
3317 2102 3503 2157 viden-

1930 2173 2016 2219 tur
2066 2158 2154 2221 tilii
2187 2170 2407 2240 abjecta:
2438 2189 2559 2229 esse
2599 2178 2790 2233 auiune
2812 2158 2972 2252 ,una:
3002 2186 3325 2255 vigilantiam
3357 2208 3506 2249 suam

1929 2257 2235 2326 perdiderit,
2264 2277 2325 2316 ea
2355 2278 2471 2333 qua:
2500 2266 2573 2319 illi
2601 2267 2783 2323 dicunt
2813 2283 2863 2325 et
2895 2272 3097 2329 faciunt
3122 2279 3302 2333 animo
3328 2281 3508 2338 ebrii?

1928 2349 2023 2403 Est
2071 2360 2125 2406 et
2171 2352 2313 2407 aliud
2355 2356 2546 2411 luroris
2594 2374 2764 2429 genus
2814 2361 2916 2418 hoc
2949 2368 3179 2435 gravius.
3229 2372 3504 2437 Quodnam

1928 2440 2055 2495 illud
2078 2443 2100 2496 ?
2121 2443 2342 2511 Quando
2360 2462 2533 2518 neque
2556 2451 2688 2505 iram
2712 2456 2906 2509 remitti
2937 2460 3220 2525 sustinent,
3246 2464 3337 2517 sed
3365 2466 3504 2534 apud

1926 2546 1986 2586 se
2012 2534 2160 2587 alunt
2182 2577 2196 2602 ,
2224 2540 2370 2607 quasi
2404 2540 2762 2597 domesticum
2792 2548 3096 2603 carnificem
3131 2552 3420 2610 ulciscendi
3446 2573 3506 2612 se

1926 2628 2288 2695 cupiditatem.
2343 2632 2469 2687 Illos
2512 2637 2653 2689 enim
2706 2640 2905 2707 primos
2958 2643 3071 2698 hare
3118 2647 3380 2715 cupiditas
3418 2649 3503 2705 hic

1926 2721 2119 2790 perdit,
2202 2734 2258 2779 ut
2299 2725 2470 2781 futura
2518 2742 2852 2798 praeteream.
2885 2734 3014 2789 Nam
3045 2752 3297 2806 quantum
3348 2752 3500 2811 putas

1925 2829 2045 2871 esse
2101 2828 2418 2875 tormentum
2468 2822 2697 2879 hominis
2748 2830 2925 2881 animo
2980 2833 3230 2899 perculsi,
3280 2836 3502 2906 singulis

1924 2905 2113 2962 diebus
2141 2910 2451 2968 meditantis
2477 2955 2493 2981 ,
2522 2930 2630 2984 quo
2661 2927 2816 2984 pacto
2847 2919 3119 2975 inimicum
3168 2905 3499 2983 ulciscatur?

1925 2995 2106 3053 Primo
2165 3000 2401 3070 seipsum
2448 3005 2618 3072 punit,
2676 3016 2730 3061 et
2780 3007 3016 3063 inﬂatum
3062 3012 3262 3081 plectit,
3318 3027 3500 3074 contra

1923 3089 2156 3161 seipsmn
2182 3108 2416 3162 pugnans
2437 3103 2490 3149 et
2514 3096 2780 3153 incensus.
2806 3099 3033 3157 Necesse
3054 3106 3193 3159 enim
3216 3116 3299 3162 est
3324 3110 3499 3179 ignem

1923 3196 2136 3253 semper
2181 3185 2231 3238 in
2282 3197 2333 3241 te
2358 3187 2547 3244 ardere
2580 3206 2594 3242 :
2628 3201 2683 3244 et
2713 3190 2900 3246 febrim
2933 3203 3135 3251 tantum
3185 3199 3462 3256 intendens
3484 3248 3497 3264 ,

1924 3286 2028 3325 non
2061 3274 2192 3329 sinis
2213 3274 2543 3343 decrescere,
2568 3290 2828 3351 pntasqne
2860 3292 2910 3338 te
2938 3284 3009 3338 illi
3041 3288 3235 3344 malum
3264 3291 3497 3360 inferre;

1924 3362 2038 3432 ipse
2067 3380 2193 3419 vero
2224 3367 2451 3436 teipsum
2481 3370 2750 3438 tabefacis,
2782 3372 3047 3430 ﬂammam
3074 3392 3289 3450 semper
3319 3383 3499 3454 vigen-

1924 3463 2030 3509 tem
2052 3466 2286 3527 gestans,
2312 3474 2412 3516 nec
2437 3460 2620 3517 sinens
2655 3465 2885 3521 animam
2914 3470 3211 3538 quiescere,
3247 3476 3340 3530 sed
3368 3477 3499 3532 eﬂ‘e-

1924 3556 2071 3602 ratus
2096 3564 2327 3618 semper,
2350 3551 2480 3606 etin
2507 3555 2909 3623 perturbatione
2928 3567 2985 3616 et
3004 3570 3319 3634 tempestate
3346 3582 3501 3623 men-

1923 3646 2029 3693 tem
2070 3641 2330 3698 retinens.

1993 3730 2047 3785 5.
2081 3732 2215 3798 Quid
2256 3733 2355 3788 hoc
2382 3735 2559 3793 furore
2587 3737 2840 3809 deterius,
2863 3757 3075 3815 semper
3095 3747 3161 3801 ita
3184 3748 3387 3815 dolere,
3417 3752 3498 3807 in-

1923 3819 2060 3889 ﬂari,
2084 3820 2309 3881 ardere?
2332 3826 2487 3883 Tales
2510 3830 2652 3885 enim
2676 3844 2795 3888 sunt
2818 3836 3099 3893 vindictam
3127 3842 3493 3901 meditantimn

1922 3915 2113 3969 anima:
2141 3933 2156 3970 :
2187 3918 2274 3972 ubi
2303 3919 2531 3975 viderint
2554 3938 2698 3988 eum,
2730 3941 2888 3995 quem
2916 3931 3095 3985 ulcisci
3123 3935 3362 4003 cupiunt,
3389 3949 3500 3992 sta-

1925 4007 2019 4060 tim
2048 4009 2415 4076 concitantur;
2457 4013 2502 4068 si
2532 4030 2714 4071 vocem
2744 4018 3030 4088 audierint,
3063 4023 3334 4092 decidunt,
3382 4038 3493 4084 tre-

1922 4107 2111 4165 munt;
2151 4101 2197 4155 si
2242 4102 2293 4156 in
2326 4103 2465 4158 lecto
2486 4105 2823 4174 decumbant,
2865 4112 3011 4167 mille
3056 4114 3155 4169 sibi
3202 4117 3494 4189 depingunt

1924 4191 2141 4247 ultionis
2168 4209 2382 4263 genera,
2415 4199 2823 4267 suspendentes,
2865 4213 3175 4275 torquentes
3218 4210 3490 4270 inimicum

1924 4281 2070 4336 illum
2100 4299 2113 4335 :
2145 4284 2210 4339 ad
2242 4284 2376 4351 haec,
2406 4288 2451 4342 si
2482 4289 2628 4345 illum
2658 4291 2860 4347 clarum
2888 4305 2941 4350 et
2969 4300 3313 4361 conspicuum
3343 4304 3493 4361 vide-

1925 4375 2052 4440 rint,
2087 4391 2256 4446 papa',
2285 4388 2540 4449 quantum
2567 4384 2881 4453 supplicium
2912 4388 2924 4441 !
2962 4387 3176 4446 Dimitte
3202 4393 3274 4447 illi
3310 4410 3496 4463 pecca-

1927 4474 2059 4532 tum,
2092 4476 2247 4537 teque
2274 4488 2301 4521 a
2336 4481 2598 4526 tormento
2634 4476 2827 4531 exime.
2858 4476 2966 4533 Cur
2993 4496 3206 4550 semper
3232 4488 3496 4544 cruciatus

1926 4572 2252 4628 perseveras,
2284 4572 2340 4616 ut
2364 4563 2509 4618 illum
2538 4569 2703 4623 semel
2734 4571 3003 4628 ulciscaris
3025 4584 3079 4629 et
3119 4582 3338 4646 punias?
3366 4586 3491 4653 quid

1927 4666 2081 4720 paras
2106 4653 2197 4707 tibi
2226 4655 2486 4711 hecticum
2517 4660 2802 4715 morbum?
2825 4679 2920 4718 cur
2939 4666 3172 4722 animum
3201 4680 3344 4727 tuum
3369 4676 3496 4732 libe-

1926 4744 2030 4797 rari
2070 4745 2335 4802 volentem
2365 4748 2617 4805 detines?
2666 4753 2742 4808 Ne
2780 4772 2946 4825 usque
2976 4759 3038 4812 ad
3070 4776 3346 4831 vesperam
3387 4784 3499 4821 ma-

1927 4843 2070 4896 neat,
2105 4835 2273 4906 inquit
2314 4839 2505 4894 Paulus
2537 4841 2744 4911 (Ep/tes.
2779 4846 2833 4899 4.
2862 4846 2973 4918 ‘26).
3007 4848 3152 4905 Sicut
3180 4856 3319 4908 enim
3353 4858 3498 4913 tabes

1925 4926 2166 4995 quaedam
2197 4938 2251 4983 et
2291 4931 2449 4996 tinea,
2497 4934 2573 4988 sic
2604 4938 2797 4990 mentis
2826 4949 3021 4991 nostra:
3062 4942 3294 4997 radicem
3339 4948 3494 5002 rodit.

1926 5018 2033 5073 Cur
2063 5020 2225 5074 feram
2265 5022 2494 5078 includis
2538 5026 2588 5078 in
2634 5028 2930 5082 visceribus
2962 5033 3111 5085 tuis?
3142 5034 3326 5089 Melius
3354 5053 3497 5095 esset

1926 5123 2225 5180 serpentem
2273 5124 2323 5168 et
2356 5116 2590 5195 viperam
2638 5118 2686 5170 iu
2730 5120 2889 5173 corde
2926 5136 3063 5187 esse,
3095 5141 3252 5192 quam
3285 5129 3415 5184 iram
3443 5142 3495 5186 et

1926 5204 2212 5257 ulciscendi
2244 5206 2584 5273 cupiditatem
2615 5225 2627 5259 :
2659 5224 2776 5261 nam
2803 5210 2884 5262 illa
2914 5213 3116 5279 reptilia
3140 5218 3315 5271 Statim
3346 5236 3373 5274 a
3400 5239 3493 5275 no-

1927 5296 2008 5350 bis
2032 5295 2410 5361 abscederent;
2441 5297 2554 5351 hare
2582 5307 2756 5351 autem
2798 5316 3009 5370 semper
3043 5317 3240 5369 manet,
3283 5326 3414 5380 senq
3437 5329 3498 5367 er

1928 5388 2177 5444 dentibus
2207 5390 2389 5453 laniat,
2433 5392 2576 5446 virus
2626 5391 2879 5457 immittit,
2911 5396 3250 5454 molestarmn
3291 5406 3494 5474 Cogita-

1927 5483 2129 5536 tioumn
2158 5483 2446 5538 exercitum
2476 5483 2735 5554 producit.
2765 5487 2835 5541 At
2858 5488 2970 5544 lucc
2990 5488 3147 5558 facio,
3179 5493 3402 5564 inquies,
3432 5516 3495 5551 ne

1928 5590 2015 5629 me
2040 5574 2230 5638 rideat,
2261 5589 2329 5629 ne
2372 5585 2697 5630 contemnat.
2726 5576 2885 5634 Miser
2912 5581 3069 5637 homo
3097 5595 3150 5638 et
3170 5603 3489 5647 :rrumnnsc,

1928 5683 2032 5722 non
2058 5682 2132 5720 \‘lS
2157 5682 2184 5721 a
2213 5680 2468 5723 conservo
2496 5667 2724 5738 irrideri,
2748 5669 2843 5728 sed
2863 5672 2985 5727 odio
3009 5674 3191 5729 haberi
3216 5694 3240 5727 a
3272 5680 3309 5730 υ
3350 5682 3490 5733 mino
