4002 6224
219 271 315 326 Ξθὸ

226 386 416 440 σπότου
447 398 474 424 ιι
501 403 517 450 ;
552 386 620 438 οὑ
655 385 838 457 βούλει
869 386 1346 457 καταφρονηθῆναι
1378 388 1532 459 παρὰ,
1556 387 1648 442 τοῦ
1671 388 1893 460 ὀμοδούυ

229 477 328 536 λου,
361 474 502 528 ἀλλὰ
535 477 911 546 καταφρονεῖς
957 475 1049 526 τοῦ
1078 475 1384 542 Δεσπότου;
1419 477 1895 548 καταφρονηθῆναι

235 565 346 635 παρ’
369 562 539 616 αὑτοῦ
565 564 672 616 οὑκ
698 563 890 634 ἀνέχῃ,
924 562 1015 616 τὸν
1046 563 1102 615 δὲ
1139 562 1270 617 Θεὸν
1303 564 1629 633 ἀγανακτεῖν
1653 566 1754 633 οὑκ
1770 567 1892 632 οἴει,

235 654 306 706 ὅτι
331 651 496 705 αὑτοῦ
529 652 866 723 καταγελᾷς,
899 653 979 704 ὅτι
1018 652 1183 705 αὑτοῦ
1220 658 1595 725 καταφρονεῖς,
1617 656 1676 708 οὑ
1711 653 1895 725 βουλό-

239 757 381 811 μενος
409 739 562 810 αὑτῷ
592 741 916 806 πείθεσθαι;
948 741 1071 793 ’Ότι
1091 741 1148 792 δὲ
1169 742 1292 794 οὑδὲ
1322 743 1750 811 καταγελάσεταί
1775 761 1891 806 σου,

234 827 378 896 δῆλον
405 827 640 880 ἐκεῖθεν.
679 828 779 879 Ἂν
815 827 912 898 μὲν
951 823 1044 880 οὖν
1071 827 1383 899 ἐπεξέλθῃς,
1437 829 1605 892 πολὺς
1632 832 1661 882 ὁ
1698 830 1891 897 γέλως,

236 915 391 985 πολλὴ
422 917 455 986 ή
491 916 922 986 καταφρόνησις·
989 916 1355 986 μικροψυχίας
1395 917 1504 992 γὰρ
1531 918 1593 970 τὸ
1640 919 1890 989 πρᾶγμα·

236 1002 295 1056 ἂν
322 1003 377 1055 δὲ
404 1003 572 1074 ἀφῇς,
610 1003 748 1056 πολὺ
777 1003 838 1056 τὸ
897 1002 1102 1073 θαῦμα·
1145 1005 1548 1075 μεγαλοψυχίας
1575 1005 1683 1076 γάρ
1711 1004 1890 1059 τοῦτο.

249 1090 372 1144 Ἀλλ’
404 1093 614 1154 ἐκεῖνος
647 1091 749 1144 οὑκ
772 1087 904 1156 οἶδε,
946 1092 1130 1162 φησίν.
1173 1094 1334 1146 Ἰστω
1383 1095 1411 1146 ὀ
1437 1094 1587 1158 Θεὸς,
1631 1095 1717 1148 ἵνα
1774 1094 1894 1164 μεί-

236 1178 351 1243 ζονα
381 1178 512 1250 ἔχῃς
540 1179 634 1230 τὸν
669 1178 880 1247 μισθόν.
931 1177 1215 1242 Δανείζετε
1259 1181 1389 1251 γάρ,
1443 1183 1598 1250 φησὶ,
1635 1181 1766 1251 παρ’
1817 1173 1893 1232 ὧν

236 1269 325 1320 οὑκ
343 1265 492 1338 [516]
531 1266 782 1328 ἐλπίζετε
831 1267 1147 1320 ἀπολαϐεῖν.
1181 1265 1338 1320 Οὑτω
1371 1268 1464 1320 καὶ
1517 1266 1892 1338 εύεργετῶμεν

237 1357 348 1419 τοὺς
403 1355 536 1424 μηδέ
592 1353 1038 1425 αἰσθανομένους,
1097 1357 1180 1408 ὅτι
1212 1355 1645 1426 εὐεργετοῦνται,
1679 1357 1767 1409 ἵνα
1817 1355 1892 1426 μὴ

239 1443 580 1506 ἀντιδιδόντες
615 1444 748 1514 ἡμῖν
777 1444 867 1495 τὸν
891 1441 1174 1514 ἐπαινον,ῆ
1201 1444 1229 1496 ὅ
1254 1461 1306 1496 τι
1335 1444 1554 1514 δήποτε,
1577 1443 1892 1496 ἐλαττώσω-

241 1550 314 1585 σιν
344 1534 474 1602 ἡμῖν
505 1532 600 1585 τὸν
663 1532 873 1602 μισθόν.
929 1533 1096 1584 Ὅταν
1128 1532 1236 1603 γὰρ
1273 1532 1438 1601 μηδὲν
1487 1532 1638 1603 παρὰ
1691 1531 1894 1602 ἀνθρώ-

242 1636 346 1672 πων
382 1618 654 1689 λάϐωμεν,
684 1618 805 1671 τότε
838 1617 1060 1690 μείζονα
1091 1620 1241 1690 παρὰ
1293 1619 1386 1672 τοῦ
1420 1619 1553 1672 Θεοῦ
1584 1620 1886 1691 ληψόμεθα.

241 1711 300 1763 Τί
333 1710 388 1763 δὲ
412 1709 962 1778 καταγελαστότερον,
992 1711 1046 1763 τί
1075 1709 1132 1763 δὲ
1175 1708 1510 1782 ψυχρότερον
1541 1710 1717 1781 ψυχῆς
1741 1712 1892 1782 ὀργι-

243 1798 464 1867 ζομένης
493 1797 802 1863 διαπαντὸς,
836 1799 928 1852 καὶ
960 1797 1294 1869 βουλομένης
1325 1798 1666 1865 ἐπεξελθεῖν;
1701 1800 1890 1852 Γυναι-

243 1884 412 1954 κὼδης
437 1884 566 1955 αὕτη
595 1887 628 1956 ή
659 1883 977 1957 προαίρεσις
1020 1885 1113 1938 καὶ
1172 1883 1418 1956 παιδική.
1470 1885 1736 1958 Καθάπερ
1781 1887 1888 1957 γάρ

239 1973 411 2044 ἐκείνη
442 1973 692 2045 καὶπρὸς
719 1974 790 2026 τά
823 1973 1004 2042 ἄψυχα
1044 1971 1342 2044 ὀργίζεται,
1380 1973 1483 2028 κᾶν
1512 1974 1586 2045 μὴ
1619 1975 1797 2048 πλήξῃ
1828 1976 1889 2029 τὸ

235 2061 439 2132 ξῦαφος,
470 2065 567 2116 οῦκ
595 2063 790 2132 ἀφίησι
813 2063 908 2132 τὴν
932 2064 1121 2134 ὀργήν·
1153 2062 1295 2116 οὕτω
1446 2064 1540 2116 καί⁹
1566 2057 1709 2117 οὗτοι
1761 2067 1888 2127 τοὺς

237 2151 572 2220 λυπήσαντας
602 2149 914 2220 ἀμύνασθαι
946 2149 1241 2221 βούλονται.
1281 2152 1423 2221 ’Ἄρα
1456 2151 1610 2205 αὐτοὶ
1656 2150 1888 2219 γέλωτος

236 2241 386 2305 ἄξιοι·
408 2241 470 2294 τὸ
494 2241 603 2311 γάρ
638 2241 742 2293 ὑπὸ
777 2239 949 2311 θυμοῦ
973 2241 1312 2313 κρατεῖσθαι,
1344 2240 1599 2310 παιδικῆς
1627 2240 1883 2303 διανοίας·

237 2328 292 2380 τὸ
320 2328 374 2380 δὲ
405 2331 649 2399 κρατεῖν,
683 2328 1082 2399 ἀνδρειότητος.
1112 2329 1255 2402 Ἀρα
1277 2329 1376 2400 οὑχ
1397 2330 1555 2399 ἡμεῖς
1577 2328 1892 2397 καταγελώ-

243 2415 389 2483 μεθα,
412 2416 537 2468 ὅταν
563 2415 964 2486 φιλοσοφῶμεν,
998 2415 1111 2470 ἀλλ’
1148 2419 1365 2471 ἐκεῖνοι.
1419 2417 1532 2471 υὺκ
1570 2418 1686 2470 ἐστι
1729 2416 1888 2469 τοῦτο

239 2504 710 2574 εὐκαταφρονήτων
762 2505 1083 2575 ἀνθρώπων,
1142 2505 1202 2558 τὸ
1264 2507 1338 2578 μὴ
1390 2505 1654 2576 ἡττᾶσθαι
1699 2505 1882 2558 πάθει·

240 2592 712 2664 εὐκαταφρονήτων
737 2593 796 2646 δέ
842 2596 960 2646 ἐστι
1003 2595 1063 2646 τὸ
1091 2593 1233 2647 οὑτω
1287 2593 1512 2664 τρέμειν
1553 2595 1644 2647 τὸν
1687 2594 1886 2660 ἔξωθεν

239 2679 452 2745 γέλωτα,
487 2680 562 2744 ῶς
590 2680 678 2733 διά
705 2679 893 2733 τοῦτον
921 2682 1188 2751 αἱρεῖσθαι
1222 2682 1314 2735 καὶ
1369 2681 1531 2738 πάθει
1561 2683 1886 2739 ὑποπίπτειν

238 2767 428 2837 οἰκείῳ,
457 2768 552 2820 καὶ
577 2767 696 2839 Θεῷ
750 2769 1132 2840 προσκρούειν,
1171 2771 1263 2823 καὶ
1311 2772 1503 2824 ἐαυτὸν
1548 2771 1881 2843 ἀμύνασθαι.

242 2852 411 2905 Ταῦτα
431 2854 597 2926 ὅντως
621 2855 856 2922 γέλωτος
905 2855 1048 2920 ἀξια.
1085 2857 1294 2910 Οὐκοῦν
1347 2857 1518 2910 ταῦτα
1569 2858 1882 2928 φεύγωμεν·

240 2939 449 3008 λεγέτω,
480 2943 562 2997 ὃτι
602 2944 775 3016 μυρία
803 2944 950 3014 ἡμᾶς
977 2946 1346 3016 ἐργασάμενος
1365 2946 1530 3014 κακὰ,
1550 2947 1700 2999 οὐδὲν
1723 2948 1884 3012 αὐτὸς

241 3027 414 3083 ἔπαθε·
441 3031 666 3100 λεγέτω,
703 3032 786 3084 ὃτι
837 3033 930 3084 καὶ
980 3033 1140 3086 πάλιν
1193 3036 1322 3104 ἡμῖν
1353 3035 1402 3086 εί
1457 3037 1881 3106 ἐπικωμάσειεν,

241 3116 382 3170 οὐδὲν
411 3119 676 3173 πείσεται.
706 3121 824 3173 υὺκ
847 3121 912 3174 ἂν
935 3121 1133 3190 ἑτέρως
1175 3123 1332 3192 ἡμῶν
1360 3123 1597 3195 ἐκήρυξε
1623 3125 1720 3196 τήν
1755 3127 1885 3196 ἀρε-

241 3205 352 3275 τὴν,
379 3208 472 3260 οὑκ
497 3206 563 3261 ἂν
594 3207 732 3261 ἄλλα
764 3206 996 3280 ἐζήτησε
1047 3212 1286 3281 ῥήματα,
1340 3213 1389 3264 εἰ
1421 3213 1702 3267 ἐπαινέσαι
1735 3218 1883 3284 ἡμᾶς

245 3295 494 3360 ἐϐούλετο,
529 3296 644 3348 ἀλλ’
669 3297 704 3368 ἢ
761 3297 952 3361 ταῦτα,
979 3297 1015 3352 ἃ
1066 3299 1213 3352 δοκεῖ
1245 3301 1483 3364 κακίζων
1506 3301 1704 3370 λέγειν.
1757 3303 1883 3357 Εἴθε

248 3384 428 3449 πάντες
457 3387 586 3457 περὶ
625 3385 763 3455 ἐμοῦ
785 3385 958 3440 ταῦτα
980 3387 1180 3456 ἔλεγον,
1215 3389 1296 3442 ὅτι
1335 3391 1553 3460 Ψυχρὸς
1576 3393 1880 3462 ἄνθρωπος,

248 3472 332 3522 καί
358 3473 690 3546 ταλαίπωρός
728 3476 862 3528 ἐστι·
890 3477 1088 3540 πάντες
1124 3479 1205 3541 εἰς
1240 3479 1402 3532 αὑτὸν
1434 3481 1760 3550 ὑϐρίζουσιν,
1786 3481 1884 3532 αὑ-

246 3559 327 3621 τὸς
354 3560 404 3613 δὲ
425 3563 598 3633 φέρει·
634 3562 836 3626 πάντες
867 3563 1197 3631 ἐνάλλονται,
1244 3567 1407 3630 αὐτὸς
1462 3568 1519 3621 δὲ
1541 3569 1641 3621 οὐκ
1681 3569 1883 3640 ἀμύνε-

248 3662 344 3702 ται.
375 3651 493 3704 Εἴθε
514 3652 933 3724 προσετίθεσαν,
967 3655 1048 3706 ὅτι
1076 3655 1211 3709 Οὑδὲ
1249 3656 1343 3708 ἐάν
1366 3656 1493 3728 θέλῃ
1521 3657 1767 3725 δύναται,
1795 3659 1883 3712 ἵνα

251 3752 330 3804 μοι
352 3738 559 3805 ἔπαινος
579 3737 649 3812 ἧν
676 3743 742 3794 ἐκ
767 3740 861 3794 τοῦ
897 3742 1052 3808 Θεοῦ,
1086 3744 1181 3797 καὶ
1215 3745 1289 3816 μὴ
1317 3745 1376 3812 ἐξ
1423 3745 1742 3816 ἀνθρώπων.
1775 3748 1882 3800 Λε-

248 3825 391 3892 γέτω,
420 3830 499 3883 ὅτι
523 3831 674 3902 παρά
703 3831 1017 3902 ψυχρότητα
1036 3833 1137 3886 οὑκ
1177 3835 1517 3905 ἀμυνόμεθα.
1547 3835 1710 3888 Οὐδὲν
1737 3838 1882 3908 ἡμᾶς

251 3912 651 3984 βλάπτειέτοῦτο,
672 3919 800 3972 ὅταν
819 3921 847 3972 ὀ
865 3919 997 3984 Θεὸς
1022 3921 1156 3993 εἰδῇ,
1181 3922 1294 3974 ἀλλ’
1315 3925 1372 3975 ἐν
1395 3923 1602 3994 μείζονι
1628 3924 1885 3997 καθίστη-

251 4018 322 4054 σιν
345 4006 490 4077 ήμῶν
513 4008 604 4061 τὸν
633 4007 906 4080 θησαυρὸν
932 4009 1166 4082 φυλακῇ.
1185 4012 1248 4064 Εἰ
1266 4011 1555 4084 μέλλοιμεν
1577 4014 1712 4087 πρὸς
1737 4016 1880 4068 ἐκεί-

250 4106 352 4156 νδνς
371 4097 516 4166 ὀρᾷν,
554 4097 776 4151 πάντων
798 4099 1237 4172 ἀποπεσούμεθα.
1278 4101 1369 4174 Μὴ
1392 4103 1443 4156 τί
1462 4104 1882 4173 λέγουσιν,άλλὰ

305 4258 320 4280 ⁶
338 4261 425 4312 Alii
457 4265 725 4325 Δεσπότου,
752 4267 834 4314 καὶ
858 4271 1261 4332 καταφρονηθῆναι
1285 4273 1394 4333 παρ’
1433 4272 1608 4332 αὑτοῦ;

1220 271 1282 325 IN
1321 271 1502 326 ACTA
1543 270 2076 328 APOSTOLORUM.
2133 269 2366 328 HOMIL.
2409 271 2567 328 XUI.

3562 278 3668 337 996

1995 388 2046 441 τί
2074 385 2204 457 ἡμῖν
2233 388 2452 457 πρέπει.
2474 389 2694 459 ἴδωμεν.
2722 391 2786 444 Ol
2809 391 2884 455 δὲ,
2905 392 2996 463 Μὴ
3017 392 3125 462 γάρ
3165 410 3267 462 μου
3299 395 3670 472 καταγελάσῃ,

1994 476 2248 542 φασὶ,κα“ι
2263 475 2819 544 καυχῶνταίτινες.Ὢ
2835 481 2932 551 τῆς
2944 481 3131 544 ἀνοίας
3148 483 3159 534 !
3177 479 3368 546 Οὑδείς
3387 502 3453 552 με
3479 485 3671 556 ἀδική-

1995 578 2094 626 σας
2127 563 2460 631 κατεγέλασέ
2493 580 2618 634 μου,
2656 566 2822 636 φησί·
2855 568 3154 632 τουτέστιν,
3192 569 3533 641 Ἐπεξῆλθον.
3560 575 3673 628 Καὶ

1997 650 2106 720 μὴν
2139 649 2315 720 τούτῳ
2337 651 2744 718 καταγελᾶσθαι
2763 653 3021 722 ὀφείλεις,
3051 657 3135 710 ὃτι
3158 657 3471 728 ἐπεξῆλθες.
3499 660 3671 715 Πόθεν

1992 734 2167 788 ταῦτα
2194 733 2263 787 τά
2287 737 2506 806 ῥήματα
2531 738 2874 808 ἐπεισῆλθεν,
2899 742 3128 811 αἰσχύνη
3155 744 3248 796 καὶ
3273 744 3492 816 ὄλεθρος
3515 746 3667 812 ὄντα,

1994 821 2088 873 καὶ
2114 821 2396 893 ἀνατροπὴ
2429 823 2530 894 τῆς
2563 824 2710 894 ζωῆς
2754 826 2852 896 τῆς
2885 828 3182 899 ἡμετέρας,
3235 833 3328 882 καὶ
3380 835 3478 902 τῆς
3517 833 3668 886 πολι-

1991 909 2176 976 τείας;
2209 905 2320 980 ἆρα
2364 912 2464 964 οὑκ
2494 912 2602 965 άπὸ
2627 912 2721 966 τοῦ
2775 914 3105 978 ἀπεναντίας
3156 916 3233 986 τῷ
3270 917 3389 987 Θεῷ
3438 919 3666 988 φθέγγε-

1995 995 2118 1048 σθαι
2144 1013 2160 1063 ;
2197 999 2262 1050 Ὃ
2288 999 2397 1070 γὰρ
2429 1003 2574 1052 ποιεῖ
2598 1000 2732 1053 Θεοῦ
2773 1001 2908 1064 ἴσον,
2937 1002 2997 1054 τὸ
3025 1002 3100 1073 μὴ
3139 1004 3468 1074 ἀμύνασθαι,
3505 1007 3665 1062 τοῦτο

1992 1083 2208 1151 γέλωτα
2241 1086 2501 1155 νομίζεις.
2535 1088 2609 1140 Οὑ
2653 1087 2742 1141 διὰ
2782 1088 2958 1142 ταῦτα
3003 1090 3266 1158 γελᾶσθαί
3312 1093 3478 1161 ἐσμεν
3525 1093 3664 1158 ἄξιοι

1993 1171 2089 1224 καὶ
2117 1173 2245 1242 παρ’
2271 1173 2431 1243 ήμῶν
2463 1174 2663 1239 αὐτῶν,
2709 1175 2802 1228 καὶ
2837 1177 2966 1248 παρ’
3013 1177 3302 1249 Ἑλλήνων,
3321 1177 3494 1243 οὕτως
3513 1181 3667 1234 ἀντι-

1995 1257 2354 1329 φθεγγόμενοι
2374 1261 2451 1332 τῷ
2471 1261 2620 1331 Θεῷ;

2063 1346 2331 1419 Βούλομαι
2365 1366 2415 1402 τι
2438 1351 2804 1422 διηγήσασθαι
2837 1355 3127 1424 γενόμενον
3149 1356 3242 1410 ἐπὶ
3263 1357 3370 1410 τῶν
3397 1358 3662 1423 παλαιῶν,

1993 1437 2054 1488 οὑ
2079 1437 2208 1507 περὶ
2227 1437 2414 1508 ὀργῆς,
2438 1438 2575 1493 ἀλλά
2623 1441 2753 1512 περὶ
2793 1445 3111 1513 χρημάτων·
3153 1441 3258 1495 'Hv
3307 1461 3411 1498 τινι
3467 1447 3667 1518 χωρίον

1995 1524 2271 1596 θησαυρὸν
2303 1526 2426 1597 ἔχον
2481 1529 2931 1600 ἐγκεκρυμμένον
2960 1531 3060 1585 οὑκ
3095 1531 3297 1595 εἰδότος
3325 1533 3418 1585 τοῦ
3467 1534 3665 1588 δεστιιόο

1992 1628 2108 1665 του·
2129 1612 2290 1666 τοῦτο
2314 1615 2520 1678 ἐκεῖνος
2547 1615 2608 1668 τὸ
2636 1618 2834 1686 χωρίον
2863 1618 3111 1672 ἀπέδοτο.
3147 1620 3204 1672 '0
3225 1623 3526 1692 πριάμενος
3549 1621 3668 1676 δια-

1993 1700 2252 1756 σκάπτων
2280 1700 2420 1754 ὥστε
2449 1703 2714 1772 φυτεῦσαι
2748 1705 2842 1758 καὶ
2880 1707 3340 1777 ἐπιμελήσασθαι,
3400 1703 3526 1781 εὗρε
3573 1711 3668 1765 τὸν

1993 1788 2267 1861 θησαυρὸν
2310 1792 2755 1863 ἐναποκείμενον.
2792 1794 2997 1848 Μαθὼν
3049 1796 3077 1847 ὁ
3111 1797 3442 1867 ἀποδόμενος
3481 1798 3662 1864 τοῦτο,

1990 1876 2161 1929 ἐλθὼν
2185 1877 2436 1943 ἐϐιάζετο
2462 1879 2553 1934 τὸν
2587 1881 2898 1952 ὴγορακότα
2919 1884 3214 1938 ἀπολαϐεῖν
3243 1886 3338 1940 τὸν
3367 1887 3660 1960 θησαυρόν·

1989 1967 2188 2038 χωρίον
2243 1966 2351 2038 γὰρ
2399 1967 2553 2039 ἔλεγε
2598 1972 2983 2040 πεπρακέναι,
3037 1976 3099 2028 ού
3151 1975 3442 2047 θησαυρόν.
3496 1977 3664 2040 Πάλιν

1988 2056 2196 2118 ἐκεῖνος
2233 2056 2476 2110 διωθεῖτο
2522 2058 2703 2123 αὑτὸν,
2733 2059 2928 2128 λέγων,
2973 2061 3035 2114 τὸ
3078 2064 3276 2134 χωρίον
3328 2066 3663 2136 ὴγορακέναι

1993 2144 2132 2209 μετὰ
2187 2142 2342 2214 [517]
2408 2145 2503 2197 τοῦ
2561 2146 2860 2219 θησαυροῦ,
2897 2149 2993 2202 καὶ
3048 2151 3240 2205 οὐδένα
3297 2152 3454 2220 λόγον
3487 2157 3662 2208 ποιεῖν

1990 2229 2134 2300 ὑπὲρ
2186 2230 2398 2284 τούτου.
2456 2234 2552 2296 Εἰς
2617 2235 3028 2308 ἀμφισϐήτησιν
3077 2240 3420 2310 κατέστησαν
3479 2243 3661 2313 ἀμφό-

1986 2335 2138 2389 τεροι
2170 2360 2187 2385 ,
2255 2323 2283 2374 ὀ
2339 2322 2439 2391 μὲν
2492 2322 2676 2376 λαϐεῖν
2750 2324 3072 2396 βουλόμενος
3101 2367 3118 2393 ,
3198 2332 3227 2382 ὀ
3299 2331 3356 2384 δὲ
3429 2332 3662 2404 φιλονει-

1987 2404 2100 2458 κῶν
2155 2406 2230 2476 μὴ
2301 2407 2505 2463 δοῦναι.
2575 2411 2685 2464 Καὶ
2755 2414 3102 2484 ἐπιτυχόντες
3154 2416 3444 2489 ἀνθρώπου
3515 2421 3660 2484 τινὸς

1986 2491 2304 2563 διελέγοντο·
2343 2493 2463 2550 εἶτα
2503 2497 2732 2568 ἠρώτων
2767 2501 2949 2565 αὑτὸν,
2984 2502 3088 2557 τίνι
3133 2503 3218 2556 δεῖ
3264 2508 3659 2577 προσγενέσθαι

1985 2580 2077 2634 τὸν
2109 2581 2400 2655 θησαυρόν.
2445 2587 2502 2639 'U
2539 2587 2595 2640 δὲ
2618 2587 2718 2640 οὑκ
2746 2591 3086 2661 ἀπεφήνατο,
3132 2593 3238 2663 ἐφη
3261 2593 3318 2646 δὲ
3355 2595 3658 2651 καταλῦσαι

1986 2670 2166 2725 αὑτῶν
2195 2672 2292 2745 τὴν
2321 2675 2750 2748 ἀμφισϐήτησιν·
2785 2680 2947 2744 αὐτὸς
2979 2681 3089 2752 γὰρ
3139 2681 3358 2736 ἔσεσθαι
3390 2684 3578 2756 κύριος
3600 2687 3654 2740 ιτ.

1987 2761 2100 2814 Kal
2123 2761 2304 2815 λαϐὼν
2362 2765 2456 2818 τὸν
2507 2766 2782 2838 θησαυρὸν
2841 2768 3080 2822 ἑκόντων
3131 2775 3657 2845 παραχωρησάντων

1987 2848 2234 2914 ἐκείνων,
2266 2853 2435 2922 μυρία
2459 2852 2684 2923 ὓστερον
2707 2855 2914 2926 ὑπέστη
2938 2857 3103 2922 κακά,
3125 2861 3219 2912 καὶ
3240 2861 3386 2932 ἔργῳ
3415 2861 3657 2932 ἐμάνθα-

1983 2952 2096 3001 νεν,
2133 2937 2216 2990 ὅτι
2246 2939 2470 3003 εἰκότως
2501 2942 2696 2995 ἐκεῖνοι
2719 2943 2910 2997 τούτου
2959 2944 3301 3017 ἀπέστησαν.
3351 2950 3522 3005 Τοῦτο
3561 2956 3656 3006 καὶ

1984 3027 2114 3097 περὶ
2144 3026 2246 3097 τῆς
2283 3028 2453 3100 ὀργῆς
2480 3029 2561 3082 δεῖ
2592 3029 2863 3098 γενέσθαι,
2895 3034 2990 3087 καὶ
3025 3036 3172 3106 ἡμᾶς
3198 3037 3522 3106 φιλονεικεῖν
3579 3041 3656 3114 μὴ

1983 3113 2315 3183 ἀμύνασθαι,
2372 3117 2467 3169 καὶ
2497 3117 2622 3181 τοὺς
2668 3118 3040 3192 λελυπηκότας
3099 3122 3423 3192 φιλονεικεῖν
3473 3113 3656 3184 δοῦναι

1981 3201 2159 3273 δίκην.
2203 3203 2362 3258 Ἀλλά
2409 3206 2552 3276 τάχα
2606 3207 2779 3261 ταῦτα
2813 3211 2906 3262 καὶ
2958 3211 3133 3280 γέλως
3177 3231 3260 3278 τις
3308 3211 3447 3270 εἶναι
3484 3217 3651 3272 δοκεῖ·

1983 3289 2110 3344 ὅταν
2136 3290 2245 3363 γάρ
2266 3292 2524 3347 ἐπιπλέον
2562 3296 2596 3365 ή
2648 3297 2816 3365 μανία
2850 3300 3116 3373 κατάσχῃ,
3150 3303 3200 3354 οἰ
3251 3306 3655 3375 σωφρονοῦντες

1982 3378 2271 3447 γελῶνται,
2303 3381 2397 3433 καὶ
2427 3383 2485 3435 ἐν
2518 3382 2733 3448 πολλοῖς
2770 3387 3117 3456 μαινομένοις
3160 3391 3188 3442 ό
3221 3391 3295 3463 μὴ
3328 3393 3654 3465 μαινόμενος

1981 3466 2132 3520 δοκεῖ
2181 3468 2488 3538 μαίνεσθαι.
2526 3471 2617 3524 Διὸ
2651 3475 2953 3544 παρακαλῶ
2988 3479 3321 3547 ἀνενεγκεῖν,
3370 3482 3466 3535 καὶ
3495 3484 3656 3554 ήμῶν

1983 3555 2163 3608 αὐτῶν
2195 3557 2469 3624 γενέσθαι,
2513 3560 2600 3612 ἵνα
2638 3560 2954 3634 δυνηθῶμεν
2976 3565 3068 3618 τοῦ
3108 3565 3351 3637 ὀλεθρίου
3383 3579 3406 3608 ε
3461 3574 3652 3628 τούτου

1983 3643 2190 3707 πάθους
2215 3644 2630 3717 καθαρεύοντες,
2655 3651 2752 3722 τῆς
2784 3652 2893 3704 τῶν
2918 3653 3162 3724 οὐρανῶν
3187 3654 3463 3726 βασιλείας
3491 3659 3654 3726 ἀξιω-

1983 3729 2164 3799 θῆναι,
2223 3732 2406 3803 χάριτι
2468 3738 2562 3788 καὶ
2621 3739 2925 3808 οἰκτιρμοῖς
2964 3740 3056 3793 τοῦ
3109 3746 3434 3812 μονογενοῦς
3486 3747 3652 3802 αὑτοῦ

1982 3816 2199 3880 Παιδὸς,
2226 3819 2346 3888 μεθ’
2385 3815 2445 3874 οὗ
2591 3822 2764 3894 Πατρὶ
2793 3825 2910 3895 ἅμα
2936 3827 3016 3896 τῷ
3037 3829 3178 3899 ἀγίῳ
3202 3830 3478 3901 Πνεύματι
3500 3833 3650 3901 δόξα,

1982 3905 2202 3974 κράτος,
2260 3908 2414 3977 τιμὴ,
2455 3908 2552 3963 νῦν
2587 3910 2682 3963 καὶ
2718 3913 2826 3978 ἀεὶ,
2861 3913 2955 3967 καὶ
2988 3917 3068 3979 εἰς
3114 3917 3240 3982 τοὺς
3287 3921 3488 3985 αἰῶνας
3540 3923 3652 3977 τῶν

1981 3990 2213 4048 αἰώνων.
2257 3994 2452 4067 Ἀμήν.

2066 4179 2095 4220 ι)
2120 4161 2519 4230 Hzpc‘legeplem
2551 4171 2740 4230 _spome
2771 4165 2914 4230 rsubit
2952 4168 3188 4216 memoria
3226 4166 3370 4218 faceti
3402 4169 3580 4230 judicis
3619 4186 3646 4220 ιι

1982 4232 2150 4285 ηοςιιξο
2173 4223 2456 4274 Lafoniaine
2481 4223 2668 4276 inddcli
2691 4229 2738 4276 in
2764 4229 2922 4277 fabula
2944 4231 3020 4278 cui
3049 4232 3222 4279 titul-us
3243 4249 3254 4277 :
3283 4223 3492 4284 L’Imitre
3509 4239 3554 4284 ei
3577 4230 3647 4285 les

1984 4282 2249 4347 pluidcurs.
2277 4288 2411 4336 Ευιτ.
2481 4289 2504 4318 ο
2533 4288 2632 4337 Τοῦ
2657 4291 2866 4353 ὀλεθρίου
2887 4292 3031 4340 deest
3054 4295 3103 4341 in
3121 4282 3425 4354 quibusdam.

2125 4433 3475 4459 ,ἡκ-Μ*

1738 4527 1992 4582 ΟΜΙΛΙΛ
2031 4530 2164 4583 MB'.

253 4625 334 4706 Ὠς
355 4630 437 4706 δὲ-
469 4629 1042 4706 ἐπληρώθη-ταῦτα,
1079 4635 1248 4689 ἔθετο
1303 4639 1336 4690 ό
1386 4637 1625 4704 Παῦλος
1675 4639 1745 4693 ἐν
1796 4640 1876 4706 τῷ

297 4704 604 4777 Πνεύματι,
639 4703 890 4777 διελθὼν
915 4705 1029 4772 τὴν
1059 4706 1435 4760 Μακεδονίαν
1472 4709 1571 4761 καὶ
1610 4703 1872 4777 Ἀχαΐαν,

297 4775 645 4842 πορεύεσθαι
682 4775 772 4838 εἰς
804 4774 1225 4844 κἸερουσαλὴμ,
1264 4777 1468 4843 εἰπὼν,
1500 4779 1584 4831 ὅτι
1619 4774 1779 4834 Μετὰ
1807 4774 1876 4836 τὸ

293 4844 667 4917 γενέσθαιμε
696 4843 959 4917 ἑκεῖηδεῐ
981 4863 1056 4913 με
1086 4843 1184 4901 καί
1234 4847 1465 4917 Ῥώμην
1491 4849 1657 4903 ἰδεῖν.
1701 4853 1874 4906 Ἀπο-

293 4911 530 4978 στείλας
561 4911 632 4965 δὲ
663 4915 751 4978 είς
799 4913 914 4981 τὴν
959 4911 1465 4972 Μακεδονίανόὼ
1510 4921 1628 4972 τῶν
1677 4920 1875 4975 (Sumo-

292 4987 555 5058 νούντων
603 4982 786 5058 αὐτῷ,
825 4988 1120 5058 ΑΤιμ-όθεον
1173 4988 1270 5058 καὶ
1315 4990 1634 5056 Ἔραστον,
1692 4994 1874 5058 αὐτὸς

289 5056 506 5122 ἐπέσχε
536 5055 872 5126 χρόνονῴεις
895 5056 1008 5124 τὴν
1052 5057 1278 5111 Ἀσίαν.
1324 5055 1590 5126 Ἐγένετο
1625 5060 1693 5113 δὲ
1725 5055 1874 5116 κατὰ

288 5121 622 5252 ἓὲν
661 5121 897 5180 ἐκεῖνον
926 5121 1182 5197 τάραχος
1217 5129 1330 5184 οὐκ
1360 5121 1563 5199 ὀλίγος
1587 5132 1720 5199 περὶ
1767 5133 1876 5200 τῆς

354 5215 446 5252 av.

289 5293 352 5339 α’.
384 5283 608 5347 Ἱκανῶς
625 5282 972 5353 ἐνδιατρίψας
997 5285 1062 5354 τῇ
1084 5284 1235 5338 πόλει
1265 5284 1513 5356 βούλεται
1541 5287 1873 5356 μεταστῆναι

230 5375 390 5428 πάλιν.
423 5373 517 5426 Διὸ
545 5373 642 5426 καὶ
691 5371 900 5442 πέμπει
923 5371 1016 5424 τὸν
1047 5372 1308 5443 Τιμόθεον
1337 5373 1434 5431 καὶ
1482 5374 1571 5428 τὸν
1606 5376 1873 5447 Ἔραστον

229 5464 293 5524 εἰς
326 5460 686 5524 Μακεδονίαν,
718 5457 880 5522 αὑτὸς
908 5458 964 5511 δὲ
998 5460 1148 5530 μένει
1178 5463 1261 5521 εἰς
1288 5461 1539 5530 Ἔφεσον.
1569 5462 1694 5527 Πῶς
1727 5463 1784 5517 δὲ
1815 5465 1873 5531 ἐξ

229 5550 383 5621 ἀρχῆς
415 5550 673 5619 ἐλόμενος
701 5547 782 5611 εἰς
811 5547 1014 5619 Συρίαν
1046 5560 1072 5589 ιι
1133 5549 1407 5616 ἀπελθεῖν,
1443 5549 1603 5604 πάλιν
1636 5552 1715 5614 εἰς
1754 5554 1874 5606 Μα-

229 5640 450 5692 κεδονίαν
482 5635 853 5705 ὑποστρέφει;
905 5637 1148 5703 Δεικνὺς,
1192 5639 1274 5690 ὅτι
1329 5639 1509 5692 πάντα
1559 5639 1659 5693 οὑκ
1695 5641 1872 5710 οἰκείᾳ

227 5719 432 5791 δυνάμει
471 5722 761 5792 ἔπραττεν.
798 5720 938 5789 Ἤδη
971 5721 1300 5791 προφητεύει
1328 5722 1520 5791 λέγων,
1544 5723 1646 5777 Δεῖ
1672 5740 1750 5792 με
1773 5723 1870 5777 καὶ

236 5802 451 5873 Ῥώμην
489 5805 659 5860 ἰδεῖν.
693 5803 866 5856 Τοῦτο
894 5803 951 5856 δὲ
980 5800 1152 5872 εἶπεν,
1203 5806 1333 5871 ἴσως
1382 5809 1870 5884 παραμυθούμενος

272 5890 301 5951 ,⁸
320 5892 490 5948 lore].
511 5892 752 5951 ἀπελθεῖν,
780 5893 846 5948 εἷς
866 5893 1180 5943 Μακεδονίαν.

571 5993 850 6053 Ρηιιοι..
895 5990 1012 6052 Gn.
1063 5992 1190 6053 LX.

1978 4645 2191 4709 αὑτοὺς,
2227 4646 2302 4710 ὡς
2335 4648 2434 4701 οὑκ
2466 4648 2775 4719 ἀπομένων,
2805 4651 2919 4704 ἀλλ’
2944 4651 3020 4716 ὡς
3065 4653 3226 4707 πάλιν
3261 4656 3539 4729 ἐγγυτέρω
3562 4678 3644 4730 γις

1977 4732 2202 4802 νόμενος
2240 4735 2438 4798 αὑτῶν,
2471 4737 2566 4790 καὶ
2602 4737 2886 4791 διανιστῶν
2916 4740 3014 4814 τὰς
3043 4739 3220 4811 ψυχὰς
3250 4744 3358 4796 τῶν
3386 4746 3646 4817 μαθητῶν

1975 4824 2042 4892 τῇ
2073 4825 2398 4895 προφητείᾳ.
2441 4825 2721 4880 Ἐντεῦθέν
2752 4843 2844 4896 μοι
2876 4827 3026 4882 δοκεῖ
3073 4830 3306 4901 γράφειν
3335 4833 3642 4903 Κορινθίοις

1975 4912 2083 4966 ἀπὸ
2124 4915 2373 4985 Ἐφέσου,
2397 4917 2491 4971 καὶ
2522 4917 2723 4987 λέγειν,
2748 4920 2832 4971 ὅτι
2874 4923 2956 4974 Οὐ
3001 4920 3153 4975 θέλω
3204 4923 3364 4992 ὑμᾶς
3401 4927 3642 4994 ἀγνοεῖν

1975 5001 2126 5070 ὑπὲρ
2151 5001 2263 5072 τῆς
2291 5005 2550 5073 θλίψεως
2587 5004 2696 5074 τῇς
2719 5010 3042 5076 γενομένης
3073 5008 3216 5078 ἡμῖν
3234 5010 3304 5062 ἐν
3337 5011 3411 5080 τῇ
3447 5017 3636 5084 Ἀσίᾳ.

1977 5087 2194 5161 Ἐπειδὴ
2241 5091 2348 5164 γάρ
2375 5092 2742 5165 ἐπηγγέλλετο
2776 5095 2856 5157 εἰς
2894 5094 3154 5165 Κόρινθον
3201 5097 3476 5165 ἀπελθεῖν,
3505 5103 3639 5157 ἀπο-

1974 5178 2213 5247 λογεῖται
2229 5180 2321 5234 am
2337 5181 2728 5254 βραδύνας,καὶ
2753 5182 2897 5251 λέγει
2912 5183 3005 5236 τὸν
3025 5187 3328 5257 πειρασμὸν
3339 5189 3541 5257 λοιπὸν,
3566 5197 3640 5250 τά

1977 5267 2114 5321 κατά
2129 5270 2437 5340 Δημήτριον
2457 5269 2829 5342 διηγούμενος.
2855 5271 3054 5325 Τοῦτον
3075 5275 3183 5346 γὰρ
3207 5275 3523 5343 αἰνίττεται,
3538 5283 3637 5336 τά·

1977 5372 2142 5426 ραχον
2163 5357 2264 5410 οὑκ
2284 5357 2464 5425 ὀλίγον
2482 5357 2652 5412 εἰπὼν
2674 5360 2805 5430 περὶ
2826 5361 2925 5432 τῆς
2943 5360 3062 5415 ὀδοῦ
3086 5365 3436 5436 γεγενῆσθαι.
3467 5370 3637 5423 Πάλιν

1976 5443 2233 5508 κίνδυνος,
2255 5443 2417 5498 πάλιν
2440 5444 2700 5517 τάραχος.
2732 5449 2891 5520 Ὁρᾷς
2907 5449 3006 5521 τὴν
3025 5450 3395 5524 εὑδοκίμησινς
3428 5455 3636 5523 Ἐγένε-

1973 5547 2034 5583 το
2084 5533 2286 5602 σημεῖα
2336 5531 2519 5585 διπλᾶ·
2568 5535 2617 5586 οἱ
2651 5534 2707 5588 δὲ
2734 5535 3041 5607 ἀντέλεγον.
3076 5540 3234 5594 Οὕτω
3283 5543 3370 5594 διὰ
3418 5542 3632 5595 πάντων

1975 5619 2258 5689 ὑφαίνεται
2284 5621 2352 5674 τά
2398 5623 2716 5692 πράγματα.
2748 5627 3076 5697 Δημήτριος
3108 5630 3218 5699 γάρ
3248 5647 3338 5694 τις
3366 5629 3628 5696 ὀνόματι,

1970 5708 2402 5778 ἀργυροκόπος,
2457 5711 2644 5767 ποιῶν
2688 5715 2872 5781 ναοὺς
2923 5717 3218 5787 ἀργυροῦς
3277 5714 3629 5783 Ἀρτέμιδος,

1970 5798 2288 5866 παρείχετο
2313 5799 2439 5854 τοῖιν
2465 5801 2760 5870 τεχνίταις
2792 5803 3082 5872 ἐργασίαν
3107 5806 3218 5859 οὐκ
3247 5803 3478 5870 ὀλίγην.
3509 5801 3631 5869 Οὓς

1975 5889 2070 5947 καί
2123 5888 2276 5966 [518]
2322 5893 2752 5966 συναθροίσας,
2817 5894 2916 5949 καί
2970 5889 3428 5963 ἐπισυναγαγὼν
3484 5891 3627 5961 τοὺς

3096 6002 3170 6060 19
