3920 6224
527 250 630 304 297

528 372 660 442 περὶ
688 373 763 425 τὰ
816 367 1059 422 τοιαῦτα
1090 362 1364 435 ἐργάτας,
1414 359 1602 415 εἶπεν·
1656 363 1915 430 Ἄνδρες,
1956 363 2197 415 ἐπίστα-

530 465 661 523 σθε,
695 459 785 512 ὅτι
831 457 899 510 ἐκ
948 454 1165 520 ταύτης
1200 448 1309 518 τῆς
1336 452 1621 519 ἐργασίας
1665 452 1705 518 η
1739 451 1987 533 εὐπορία
2030 448 2198 518 ἡμῶν

531 549 682 603 ἐστι’
713 544 810 598 καὶ
840 541 1104 610 θεωρεῖτε
1124 539 1222 593 καί
1256 538 1527 601 ἀκούετε,
1563 536 1653 590 ὅτι
1677 538 1749 591 οὺ
1797 538 1992 607 μόνον
2028 537 2195 605 Ἐφέ-

530 652 668 697 σου,
696 631 858 688 ἁλλὰ
880 630 981 684 καὶ
1004 627 1232 698 σχεδὸν
1251 626 1456 693 πάσης
1478 625 1590 694 τῆς
1628 626 1834 692 Ἀσίας
1884 628 1917 680 ὁ
1956 626 2199 691 Παῦλος

531 720 711 787 οὗτος
732 718 951 782 πείσας
979 715 1360 786 μετέστησεν
1390 713 1579 783 ὄχλον
1608 715 1839 778 ἱκανὸν,
1866 711 2080 783 λέγων,
2110 709 2199 764 ὅτι

532 814 656 864 Οὐκ
682 808 803 863 εισὶ
831 806 951 862 θεοὶ
979 807 1034 859 οἱ
1055 803 1152 857 διὰ
1180 801 1398 873 χειρῶν
1417 800 1744 870 ἀνθρώπων
1772 802 2086 871 γινόμενοι.
2117 801 2198 853 Οὐ

527 900 721 969 μόνον
753 895 820 949 δὲ
841 894 1018 949 τοῦτο
1048 891 1382 946 κινδυνεύει
1410 888 1556 958 ἡμῖν
1579 891 1644 943 τὸ
1667 889 1847 958 μέρος
1872 891 1958 954 εὶς
1982 890 2198 942 ἀπελε-

530 988 685 1057 γμὸν
723 983 947 1047 ἐλθεῖν,
976 979 1137 1035 ἀλλὰ
1184 978 1284 1032 καὶ
1314 980 1380 1031 τὸ
1419 977 1528 1044 τῆς
1562 974 1832 1047 μεγάλης
1876 976 2013 1042 θεᾶς
2042 977 2202 1045 ἱερὸν

544 1070 883 1142 Ἀρτέμιδος
927 1072 1016 1135 είς
1053 1066 1236 1122 οὐδὲν
1283 1064 1662 1135 λογισθῆναι,
1686 1065 1936 1133 μέλλειν
1983 1063 2052 1116 δέ
2101 1064 2199 1117 καὶ

533 1154 947 1223 καθαιρεῖσθαι
1007 1151 1124 1219 τὴν
1170 1149 1601 1219 μεγαλειότητα
1644 1145 1856 1214 αὐτῆς,
1887 1145 1967 1214 ἦν
2001 1147 2114 1214 ὅλη
2161 1149 2199 1217 ἡ

534 1244 709 1298 Ἀσία
740 1241 840 1294 καὶ
869 1240 907 1308 η
935 1238 1257 1308 οἰκουμένη
1302 1237 1559 1292 σέϐεται.
1592 1233 1804 1297 Ποιῶν,
1836 1235 1991 1305 φησὶ,
2017 1235 2203 1301 ναοὺς

532 1328 828 1399 ἀργυροῦς
890 1326 1251 1396 Ἀρτέμιδος.
1286 1326 1397 1379 Καὶ
1442 1325 1560 1385 πῶς
1613 1322 1691 1376 ἔνι
1726 1325 1886 1386 ναοὺς
1932 1323 2204 1395 ἀργυροῦς

533 1416 822 1486 γενέσθαι;
858 1416 1018 1477 Ἴσως
1050 1415 1125 1477 ώς
1149 1414 1382 1484 κιϐωρια
1425 1410 1616 1482 μικρά*
1664 1410 1833 1482 πολλὴ
1864 1412 1975 1482 γὰρ
2001 1410 2203 1480 ταύτης

532 1503 601 1575 ἦν
624 1507 658 1577 ἡ
686 1504 821 1575 τιμὴ
849 1506 907 1557 ἐν
943 1502 1174 1573 Ἐφέσῳ,
1216 1504 1349 1554 ὅπου
1372 1502 1467 1554 καὶ
1493 1500 1554 1552 τὸ
1600 1500 1742 1571 ἱερὸν
1766 1500 1944 1553 αὐτῶν
1992 1501 2205 1570 ἐμπρη-

536 1594 661 1647 σθὲν
693 1593 866 1654 οὕτως
894 1590 1163 1660 ἐλύπησεν
1196 1589 1416 1653 αὐτοὺς,
1444 1589 1519 1651 ὡς
1566 1587 1658 1640 τὸν
1691 1589 2052 1659 ἐμπρήσαντα
2111 1605 2204 1641 κε·-

535 1681 714 1733 λεύειν
743 1679 879 1750 μηδέ
902 1678 1127 1749 ὀνόματι
1150 1675 1429 1744 λέγεσθαι.
1461 1676 1603 1743 Ὅρα
1630 1676 1903 1746 πανταχοῦ
1926 1676 2024 1746 τὴν
2050 1675 2205 1728 εἰδω-

535 1767 850 1838 λολατρείαν
878 1766 987 1819 ἀπὸ
1019 1783 1122 1836 χρη
1134 1765 1316 1835 μάτων
1346 1763 1656 1833 γινομένην.
1682 1766 1938 1817 Κάκεῖνοι
1959 1764 2047 1817 διὰ
2074 1764 2205 1834 χρή-

540 1856 827 1929 ματα,καὶ
880 1848 1034 1918 οὗτος
1066 1854 1155 1907 διὰ
1183 1854 1457 1924 χρήματα·
1493 1852 1591 1921 οὐχ
1644 1852 1719 1914 ὡς
1778 1852 1875 1921 τῆς
1927 1852 2206 1915 εὐσεϐείας

536 1943 952 2013 κινδυνευούσης
990 1943 1195 2004 αὐτοῖς,
1228 1939 1340 1993 ἀλλ’
1369 1939 1443 2002 ώς
1464 1938 1557 1991 τοῦ
1600 1937 1871 2009 πορισμοῦ
1895 1938 1992 2010 τὴν
2021 1939 2208 1991 ὑπόθε-

539 2050 624 2085 σιν
656 2032 756 2084 οὐκ
794 2029 1026 2099 ἔχοντος.
1083 2030 1192 2081 Καὶ
1227 2026 1416 2079 σκόπει
1463 2024 1662 2083 κακίαν
1702 2025 1911 2095 ἀνδρός·
1964 2024 2207 2096 Εῦπορος

537 2118 608 2191 ἦν
651 2119 837 2184 αὐτὸς,
868 2118 962 2170 καὶ
989 2114 1139 2185 αύτῴ
1184 2115 1280 2186 μὲν
1313 2114 1374 2166 ού
1415 2112 1650 2182 τοσαύτη
1694 2110 1884 2182 ἔμελλε
1924 2111 2093 2183 βλάϐη
2124 2129 2209 2181 γε-

541 2207 728 2261 νέσθαι
773 2208 836 2259 ἐκ
869 2202 1091 2257 τούτου*
1139 2200 1369 2263 ἐκείνοις
1402 2199 1458 2252 δέ
1509 2194 1578 2270 ἦν
1624 2199 1817 2270 πολλὴ,
1853 2198 1948 2252 ἅτε
1987 2200 2209 2269 πένησιν

540 2290 661 2349 οὖσι
718 2294 812 2347 καὶ
842 2292 951 2346 ἀπὸ
982 2290 1082 2359 τῆς
1135 2287 1259 2342 καθ’
1287 2287 1500 2358 ἡμέραν
1542 2286 1802 2358 ἐργασίας
1838 2286 2208 2357 τρεφομένοις.

540 2384 653 2436 Καὶ
680 2383 827 2451 ὅμως
857 2374 1001 2435 οὗτοι
1025 2378 1119 2447 μὲν
1141 2376 1290 2429 οὐδὲν
1316 2375 1584 2443 λέγουσιν,
1608 2373 1769 2437 αὐτὸς
1789 2373 1845 2426 δέ
1863 2390 1877 2404 ο
1926 2377 2211 2438 κοινωνοὺς

540 2472 598 2524 δὲ
641 2469 799 2531 ὄντας
831 2467 1027 2528 αὐτοὺς
1064 2467 1161 2535 τῆς
1201 2462 1420 2532 τέχνης,
1474 2463 1760 2525 κοινωνοὺς
1815 2461 2077 2534 λαμϐάνει
2119 2464 2212 2517 καί

542 2558 636 2612 τοῦ
672 2556 921 2626 θορύϐου.
957 2550 1088 2608 Εἶτα
1114 2551 1208 2605 καὶ
1232 2551 1321 2604 τὸν
1348 2550 1591 2604 κίνδυνον
1624 2549 1878 2621 ηῦξησεν,
1901 2552 2209 2619 ἐπαγαγὼν,

542 2646 625 2698 ὅτι
674 2641 1019 2697 Κινδυνεύει
1055 2638 1199 2708 ημῖν
1242 2637 1417 2691 τοῦτο
1461 2636 1527 2690 τὸ
1560 2636 1742 2706 μέρος
1764 2639 1851 2702 είς
1873 2638 2215 2707 ἀπελεγμὸν

543 2730 761 2785 ἐλθεῖν.
796 2728 966 2782 Τοῦτο
985 2727 1092 2798 γὰρ
1118 2726 1302 2797 σχεδὸν
1327 2724 1415 2778 διὰ
1448 2723 1637 2777 τούτου
1664 2726 1836 2795 δηλοῖ,
1861 2725 1944 2778 ὅτι
1982 2726 2091 2778 ἀπὸ
2115 2727 2215 2797 τῆς

545 2821 739 2890 τέχνης
768 2815 971 2886 ταύτης
1001 2812 1381 2885 κινδυνεύομεν
1410 2812 1488 2875 είς
1521 2811 1677 2883 λιμὸν
1712 2814 1989 2883 ἐμπεσεῖν,
2021 2814 2213 2866 Καίτοι

545 2908 615 2961 τά
641 2904 908 2978 εἰρημένα
938 2901 1101 2956 ἱκανὰ
1132 2903 1211 2964 εἰς
1250 2898 1534 2955 εὐσέϐειαν
1565 2900 1759 2963 αὐτοὺς
1787 2901 2045 2968 ἀγαγεῖν·
2079 2901 2216 2954 ἀλλὰ

545 2992 879 3064 ςαλαίπωροί
908 3008 1050 3054 τινες
1073 2990 1223 3053 ὅντες
1251 2989 1343 3042 καὶ
1369 2988 1590 3059 ψυχροὶ,
1618 2988 2057 3041 ἐπισυνίστανται
2082 2988 2216 3058 μᾶλ-

546 3083 659 3149 λον,
680 3083 776 3136 καὶ
799 3082 899 3133 οῦκ
919 3077 1210 3141 ἐννοοῦσιν,
1236 3077 1316 3129 ὅτι
1344 3078 1406 3129 Εἰ
1432 3079 1461 3129 ὁ
1488 3076 1769 3145 ἄνθρωπος
1799 3068 1952 3139 οὗτος
1980 3077 2217 3131 τοσαῦτα

552 3171 728 3242 ἰσχύει
761 3170 837 3233 ὡς
893 3167 1225 3239 μεταστῆσαι
1265 3164 1492 3227 πάντας,
1528 3164 1620 3217 καὶ
1675 3162 1969 3216 κινδυνεύει
2009 3165 2075 3218 τὰ
2107 3165 2216 3217 τῶν

551 3262 711 3325 θεῶν,
763 3259 950 3329 ἡλίκος
1005 3260 1033 3310 ὁ
1083 3254 1273 3308 τούτου
1319 3252 1478 3317 Θεόςί
1533 3252 1626 3305 καὶ
1673 3252 1755 3304 ὅτι
1805 3250 1990 3323 Πολλῷ
2020 3253 2216 3323 μᾶλλον

552 3350 734 3403 ἐκεῖνα
766 3347 897 3417 ημῖν
942 3342 1124 3406 δώσει,
1161 3341 1302 3410 ὑπὲρ
1331 3332 1405 3392 ὧν
1441 3339 1773 3409 φοϐούμεθα.
1802 3339 1939 3410 Ἤδη
1976 3350 2207 3411 προκατ.

552 3436 744 3490 ἐλαϐεν
788 3430 966 3485 αὐτῶν
994 3429 1092 3490 τὰς
1114 3428 1311 3499 ψυχὰς,
1337 3426 1532 3495 λέγων,
1556 3427 1637 3479 ὅτι
1681 3428 1801 3491 Οὐκ
1842 3427 1961 3480 εὶσὶ
2006 3429 2126 3482 θεοὶ
2163 3432 2217 3482 οἱ

553 3520 673 3577 ὑπὸ
728 3508 943 3589 χειρῶν
970 3515 1295 3585 ἀνθρώπων
1326 3515 1643 3584 γινόμενοι.
1686 3514 1828 3585 Ὅρα
1882 3514 2020 3587 ὑπὲρ
2077 3516 2219 3580 τίνος

553 3606 954 3676 ἀγανακτοῦσιν
990 3603 1246 3672 Ἕλληνες
1269 3618 1284 3633 ⁸
1320 3602 1509 3670 ἐπειδὴ
1542 3597 1715 3665 εἶπεν,
1751 3602 1833 3654 ὅτι
1871 3606 1934 3655 Οἱ
1962 3602 2080 3657 ὑπὸ
2115 3604 2219 3657 ἀν-

556 3698 803 3765 θρώπων
840 3693 1160 3764 γινόμενοι.
1200 3691 1310 3743 οὐκ
1338 3690 1454 3742 εἰσὶ
1485 3688 1626 3743 θεοί.
1660 3689 1939 3759 Πανταχώ
1992 3691 2071 3754 είς
2122 3690 2219 3761 τὴν

554 3786 749 3855 τέχνην
771 3781 901 3835 ὠθεῖ
931 3781 1021 3833 τὸν
1047 3779 1222 3847 λόγον.
1250 3772 1380 3831 Εἶτα
1404 3776 1464 3829 τὸ
1494 3775 1726 3847 μάλιστα
1754 3778 1950 3841 αὐτοὺς
1975 3778 2220 3849 λυπῆσαν

557 3874 782 3943 ὕστερον
809 3870 1012 3941 τίθησι,
1041 3868 1217 3935 λέγων
1237 3881 1251 3895 ·
1304 3867 1385 3918 Οὐ
1428 3864 1704 3934 μόνονδέ
1739 3865 1913 3919 τοῦτο
1947 3864 2014 3919 τὸ
2044 3867 2221 3935 μέρος

556 3957 920 4014 κινδυνεύει·
966 3954 1238 4016 τουτέστι,
1285 3951 1405 4005 Τῶν
1461 3951 1560 4022 μὲν
1604 3951 1779 4005 ἄλλων
1829 3953 2001 4018 οὐδεὶς
2040 3953 2217 4023 λόγος,

557 4048 671 4102 ἀλλ’
700 4048 782 4103 ὅτι
804 4044 899 4099 καὶ
920 4043 981 4096 16
1001 4042 1100 4111 τῆς
1126 4040 1363 4111 μεγάλης
1391 4039 1518 4102 θεᾶς
1540 4041 1683 4110 ἱερὸν
1713 4041 2023 4111 Ἀρτέμιδος
2042 4042 2221 4095 κινδυ-

558 4135 703 4189 νεύει
763 4130 1164 4203 καθαιρεῖσθαι.
1223 4123 1358 4180 Εἷτα
1407 4128 1492 4179 ἵνα
1549 4127 1623 4196 μὴ
1671 4127 1795 4197 δόξῃ
1839 4128 2220 4199 χρηματισμοῦ

558 4227 744 4279 ἓνεκεν
770 4223 949 4290 λέγειν
983 4219 1177 4284 ταῦτα,
1209 4218 1309 4287 ὅρα
1330 4215 1384 4267 τί
1412 4213 1762 4286 προστίθησιν
1779 4229 1793 4243 ο
1832 4216 1942 4266 Ἢν
1965 4214 2004 4281 η
2029 4215 2223 4268 οἰκου-

557 4316 713 4385 μένη
747 4310 1000 4363 σέϐεται.
1041 4306 1202 4375 Ὁρᾷς
1234 4302 1349 4365 πῶς
1370 4301 1533 4365 ἔδειξε
1565 4299 1733 4371 μείζω
1761 4301 1860 4370 τὴν
1889 4300 1982 4352 τοῦ
2010 4301 2221 4355 Παύλου

561 4401 813 4468 δύναμιν,
844 4396 1051 4455 πάντας
1084 4391 1301 4453 ἀθλίους
1334 4390 1428 4441 καὶ
1459 4385 1838 4457 ταλαιπώρους
1862 4387 2057 4450 αὐτοὺς
2084 4388 2221 4441 ἀπο-

563 4489 787 4555 φαίνων,
806 4484 932 4552 εἴγε
944 4481 1037 4536 άνθ
1047 4497 1224 4552 ρωπος
1253 4479 1607 4548 ἐλαυνόμενος
1631 4477 1726 4530 καὶ
1758 4478 2076 4546 σκηνοποιδς
2096 4496 2223 4533 τοσ-

563 4575 706 4629 αῦτα
753 4572 1013 4634 δύναται;
1057 4569 1198 4637 Ὅρα
1230 4568 1359 4637 παρ’
1399 4565 1611 4636 ἐχθρῶν
1647 4564 1746 4629 τὰς
1778 4565 2079 4635 μαρτυρίας
2112 4568 2223 4631 τοῖς

564 4660 882 4721 ἀποστόλοις
922 4656 1227 4726 γινομένας.
1272 4654 1416 4706 Ἐκεῖ
1457 4654 1552 4724 μὲν
1580 4651 1784 4721 ἔλεγον,
1819 4652 1965 4707 Ἰδοὺ
1996 4657 2223 4723 πεπλη-

558 4749 786 4819 ρώκατε
804 4744 1316 4814 τηνἸερουσαλὴμ
1338 4740 1447 4809 τῆς
1469 4740 1718 4809 διδαχῆς
1738 4740 1905 4809 ὑμῶν
1920 4757 1933 4771 ⁸
1968 4741 2221 4808 ἐνταῦθα,

564 4840 645 4890 ὃτι
673 4834 897 4889 Μέλλει
928 4829 1330 4898 καθαιρεῖσθαι
1358 4826 1467 4896 τῆς
1496 4827 1831 4897 Ἀρτέμιδος
1862 4829 1900 4895 η
1913 4830 2225 4899 μεγαλειό-

562 4942 692 4992 της·
708 4924 852 4985 τότε,
888 4923 951 4973 Οἱ
1000 4919 1117 4988 τὴν
1137 4917 1494 4986 οἰκουμένην
1523 4914 1668 4989 [519]
1693 4917 2225 4984 ἀναστατώσαντες

564 5013 781 5082 ἤκουον,
810 5012 892 5064 ὅτι
929 5003 1101 5064 Οὗτοι
1135 5006 1233 5060 καὶ
1271 5004 1482 5060 ἐνθάδε
1539 5003 1807 5073 πάρεισιο
1829 5003 1943 5067 νῦν,
1979 5006 2061 5057 ὅτι
2087 5009 2225 5058 Κιν-

566 5099 803 5152 δυνεύει
828 5096 975 5165 ημῖν
1001 5094 1175 5148 τοῦτο
1201 5092 1269 5147 τὸ
1288 5092 1469 5162 μέρος
1511 5094 1598 5158 εῑς
1627 5090 1969 5160 ἀπελεγμὸν
2005 5092 2220 5147 ἐλθεῖν.

566 5186 724 5238 Οὕτω
761 5186 854 5238 καὶ
902 5182 1141 5237 Ἰουδαῖοι
1192 5182 1283 5235 ἐπὶ
1313 5180 1408 5234 τοῦ
1457 5181 1694 5251 Χριστοῦ
1747 5180 1961 5251 ἔλεγον⁶
2006 5178 2222 5249 Ὁρᾶτε,

566 5269 658 5323 ὅτι
695 5274 727 5323 ό
760 5270 987 5337 κόσμος
1024 5268 1214 5320 ὀπίσω
1238 5267 1421 5322 αὑτοῦ
1467 5266 1700 5336 ὑπάγει,
1742 5267 1839 5321 καὶ
1868 5268 2222 5322 ἐλεύσονται

568 5360 621 5411 οί
650 5354 917 5424 Ῥωμαῖοι
943 5353 1039 5407 καὶ
1069 5353 1323 5421 ἀροῦσιν
1340 5353 1508 5423 ἡμῶν
1530 5354 1644 5422 τὴν
1662 5357 1862 5410 πόλιν.
1905 5356 2226 5412 Ἀκούσαν-

567 5463 665 5511 τες
701 5444 769 5497 δὲ
797 5443 981 5496 ταῦτα
1017 5443 1415 5509 ἐπλήσθησαν
1443 5445 1652 5515 θυμοῦ.
1704 5447 1839 5499 Πότε
1868 5448 1895 5499 ὁ
1929 5447 2094 5518 θυμὸς
2135 5448 2226 5516 γέ-

567 5549 755 5602 γονεν;
782 5531 909 5582 Ὅτε
942 5529 1069 5600 περὶ
1096 5530 1193 5600 τῆς
1221 5530 1534 5602 Ἀρτέμιδος
1568 5534 1828 5603 ἥκουσαν,
1862 5535 1950 5585 ὅτε
1976 5536 2103 5606 περὶ
2131 5535 2223 5587 τοῦ

568 5616 860 5689 πορισμοῦ.
893 5615 1127 5668 Τοιαῦτα
1156 5615 1263 5688 γὰρ
1291 5617 1360 5671 τὰ
1390 5619 1498 5671 τῶν
1523 5620 1796 5690 ἀγοραίων
1827 5621 1957 5691 ἢθη,
1990 5622 2097 5675 ἀπὸ
2130 5623 2223 5674 τοῦ

564 5708 821 5777 τυχόντος
875 5704 1309 5774 συναρπάζεσθαι
1368 5708 1459 5760 καὶ
1504 5706 1841 5760 ἐκκαίεσθαι.
1902 5708 2000 5761 Διὰ
2053 5710 2226 5764 ταῦτα

567 5795 687 5865 μετ’
731 5791 1026 5857 ἐξετάσεως
1074 5791 1156 5846 δεῖ
1202 5795 1375 5848 ποιεῖν
1416 5792 1647 5847 πάντα⁸.
1682 5794 1823 5865 Ὅρα
1869 5794 1923 5847 δὲ
1985 5795 2099 5860 πῶς
2133 5799 2226 5852 καὶ

628 5913 647 5937 ⁸
668 5914 833 5964 Πάντα
858 5913 1002 5964 deest
1025 5911 1073 5962 in
1096 5926 1208 5964 uno.

1311 249 1370 304 S.
1411 247 1697 303 JOANN‘IS
1733 243 2224 303 CIHWSOSTOMI
2260 242 2583 299 ARCHIEP.
2625 242 3174 303 CONSTANTINOP.

2303 354 2446 429 ἦσαν
2471 360 2954 432 εὐκαταφρόνητοι,
2979 360 3056 423 ὡς
3104 361 3237 413 πᾶσι
3266 360 3585 431 προκεῖσθαι.
3620 360 3790 414 Ἆκούο

2302 462 2401 511 τες
2435 445 2522 511 δὲ,
2571 448 2670 500 καί
2715 448 3022 519 γενόμενοι
3055 447 3312 515 πλήρεις
3332 447 3534 516 θυμοῦ,
3560 447 3720 516 φησὶν,
3746 447 3790 500 ἒι

2309 532 2408 593 ζον
2435 534 2710 603 λέγοντες
2736 551 2750 564 ⁸
2799 534 3041 604 Μεγάλη
3082 536 3122 602 η
3167 537 3430 603 Ἄρτεμις
3479 536 3769 603 Ἐφεσίων]

2306 620 2586 689 ἐπλήσθη
2612 622 2650 688 ή
2684 622 2860 687 πόλις
2880 621 2991 689 ὅλη
3016 620 3128 689 τῆς
3163 623 3513 691 συγχύσεως
3531 638 3543 653 ο
3581 622 3790 692 ὥρμησά

2307 709 2689 779 ὁμοθυμαδὸν
2734 712 2822 775 εὶς
2890 708 2957 763 τὸ
3012 709 3279 777 θέατρον.
3348 710 3790 779 Συναρπιωαντες

2308 795 2493 850 Γάϊον
2528 799 2627 850 καί
2672 797 3067 865 Ἀρίσταρχον
3123 795 3493 862 Μακεδόνας,
3545 797 3790 865 συνεκδήγ

2308 885 2579 949 Παύλου,
2609 885 2908 938 εἵλκυσαν
2936 885 3176 949 αὐτούς.

2381 972 2446 1043 β’.
2465 972 2674 1035 ’Λπλῶς
2693 973 2854 1025 πάλιν
2867 972 3082 1026 ἐπίασιν
3095 972 3168 1034 ὡς
3187 972 3214 1010 ι»
3228 971 3320 1024 ἐπὶ
3353 970 3568 1035 Ἰάσονος
3588 972 3789 1025 Ἰουδαῖοι

2310 1059 2582 1129 πανταχοῦ
2617 1060 2799 1124 αὐτοῖς
2822 1059 3137 1130 πρόκεινται
3162 1077 3174 1089 ·
3206 1058 3377 1123 οὕτως
3404 1060 3546 1113 οὐδὲν
3574 1056 3701 1130 εἶχον
3728 1064 3787 1113 κό

2309 1149 2481 1218 γέμον
2527 1148 2648 1201 οὐδὲ
2684 1148 2860 1218 δόξης.
2922 1146 3030 1201 Τοῦ
3063 1147 3130 1199 δέ
3162 1148 3405 1201 Παύλου
3435 1148 3783 1216 βουλομένου

2309 1235 2510 1289 ελθεῖν
2534 1239 2622 1299 εἰς
2662 1236 2768 1288 τὸν
2815 1233 3032 1302 δῆμον,
3084 1236 3195 1287 οὐκ
3227 1233 3367 1287 εῖων
3402 1233 3577 1288 αὑτὸν
3602 1237 3651 1287 οί
3674 1238 3789 1303 μαθτ

2317 1321 2482 1386 Τινὲς
2506 1321 2574 1373 δὲ
2597 1319 2717 1374 τῶν
2745 1320 3079 1388 Ἀσιαρχῶν
3107 1320 3275 1387 ὄντες
3301 1318 3461 1385 αὐτῷ
3486 1321 3655 1389 φίλοι,
3684 1320 3790 1388 πέμ

2309 1425 2407 1475 τες
2435 1409 2584 1476 πρὸς
2611 1408 2798 1462 αὑτὸν
2845 1407 3228 1476 παρεκάλουν
3270 1407 3356 1477 μὴ
3384 1403 3583 1462 δοῦναι
3612 1408 3790 1461 ἐαυτὼ

2311 1497 2378 1549 τὸ
2426 1497 2692 1564 θέατρον.
2756 1496 3192 1566 Παρακαλοῦσιν,
3225 1497 3305 1548 ὅτι
3351 1494 3570 1559 ἄτακτος
3615 1491 3742 1566 ἦσαν
3785 1500 3790 1541 ὀ

2312 1584 2578 1653 ἀλογίστῳ
2613 1583 2763 1655 ῥύμῃ
2789 1584 2963 1637 πάντα
2992 1584 3318 1653 τολμῶντες.
3362 1585 3468 1636 Καὶ
3491 1585 3517 1635 ό
3551 1584 3741 1647 Παῦλος
3770 1602 3790 1634 1

2311 1688 2399 1725 ται
2426 1690 2438 1702 σ
2463 1672 2523 1724 οὐ
2562 1672 2670 1741 γὰρ
2697 1667 2764 1741 ἦν
2806 1672 3103 1737 κενόδοξος,
3157 1672 3276 1725 οὐδὲ
3306 1670 3593 1741 φιλότιμος.
3626 1674 3789 1725 Ἄλλο

2313 1756 2428 1814 οὖν
2457 1759 2611 1812 ἄλλο
2632 1776 2685 1811 τι
2716 1757 2959 1826 ἔκραζον
2983 1778 2996 1790 ·
3040 1755 3119 1828 ἦν
3144 1764 3253 1828 γὰρ
3294 1761 3330 1827 η
3365 1760 3645 1826 ἐκκλησία
3675 1778 3790 1828 συγ

2309 1846 2482 1916 μένη.
2518 1846 2770 1899 Τοιοῦτον
2800 1845 2907 1918 γὰρ
2937 1846 2996 1899 τὸ
3019 1847 3218 1917 πλῆθος
3239 1865 3254 1877 ·
3296 1847 3477 1911 ἁπλῶς
3501 1848 3678 1901 ἕπεται
3709 1853 3790 1900 καί

2315 1935 2427 2005 πῦρ
2462 1938 2541 1997 εἰς
2580 1935 2713 2005 ὓλην
2746 1936 3007 2006 ἐμπεσόν.
3040 1936 3150 1990 Καὶ
3183 1940 3237 1990 οί
3283 1938 3527 2003 πλείους
3552 1940 3656 1990 οὐκ
3687 1937 3790 2006 ῇδε

2316 2023 2477 2088 τίνος
2513 2023 2720 2076 ἕνεκεν
2764 2025 3312 2090 συνεληλύθεισαν.
3360 2026 3459 2078 Ἐκ
3504 2024 3568 2076 δέ
3618 2025 3718 2078 τοῦ
3774 2027 3790 2077 ί

2317 2111 2716 2179 προεϐίϐασαν
2739 2110 3145 2179 Ἀλέξανδρον,
3180 2112 3591 2178 προϐαλόντων
3627 2111 3790 2164 αὑτὸι

2330 2200 2643 2254 Ἰουδαίων.
2676 2199 3042 2269 Προεϐάλοντο
3082 2199 3324 2253 Ἰουδαῖοι
3366 2200 3728 2270 οἰκονομικῶς,
3756 2202 3790 2251 ἵε

2318 2290 2407 2343 δὲν
2436 2290 2630 2359 ἔχωσιν
2676 2289 2899 2359 ὓστερον
2928 2289 3250 2357 ἀντιλέγειν.
3282 2283 3444 2353 Οὗτος
3474 2290 3565 2343 καὶ
3588 2291 3790 2361 προϐάλ

2319 2381 2412 2432 καὶ
2442 2379 2754 2448 φθέγγεται,
2787 2379 2881 2431 καὶ
2901 2378 2975 2442 τί,
3002 2378 3184 2432 ἄκουεο
3216 2381 3279 2432 '0
3299 2380 3367 2433 δὲ
3389 2380 3763 2448 Ἀλέξανδρος

2320 2468 2534 2532 σείσας
2590 2464 2663 2535 τῇ
2729 2466 2898 2535 χειρὶ,
2924 2467 3142 2534 ἢθελεν
3197 2467 3616 2537 ἀπολογεῖσθαι
3656 2467 3733 2533 τῷ
3782 2490 3790 2518 ‹

2334 2555 2710 2623 Ἐπιγνόντες
2760 2552 2849 2620 δὲ,
2900 2554 2989 2607 ὅτι
3024 2553 3306 2620 Ἰουδαῖός
3341 2554 3490 2616 ἐστι,
3530 2555 3692 2624 φωνὴ
3734 2556 3789 2623 ἐπ

2270 2694 2271 2697 η
2316 2644 2425 2711 μία
2451 2643 2520 2696 ἐκ
2559 2641 2821 2707 πάντων,
2851 2642 2930 2708 ὡς
2953 2642 3052 2695 ἐπὶ
3078 2641 3234 2709 ὧρας
3266 2641 3374 2695 δύο
3398 2642 3741 2709 κραζόντωνο
3777 2647 3790 2694 λ

2319 2732 2400 2797 λη
2439 2730 2477 2797 ἡ
2509 2731 2781 2797 ’Ἄρτεμις
2809 2728 3111 2798 Ἐφεσίων.
3164 2728 3394 2798 Παίδικὴ
3426 2728 3587 2792 ὄντως
3635 2731 3665 2798 η
3723 2729 3790 2781 διε

2322 2802 2574 2887 καθάπερ
2619 2814 2962 2884 φοϐούμενοι,
2994 2814 3067 2886 μὴ
3103 2815 3299 2886 σϐεσθῇ
3327 2814 3386 2867 τὸ
3431 2813 3583 2877 σέϐας
3611 2814 3786 2866 αὐτῶν

2323 2905 2461 2973 εχῶς
2491 2905 2678 2957 ἐϐόων.
2723 2904 2826 2955 Δύο
2854 2903 2948 2974 ἐτη
2983 2902 3233 2957 ἐκάθισεν
3262 2905 3401 2970 ἐκεῖ,
3431 2904 3523 2957 καὶ
3563 2905 3661 2975 ὅρα
3692 2903 3790 2955 πόσ

2325 2992 2583 3062 ’Έλληνες
2616 2988 2780 3063 ἦσαν.
2814 2992 3222 3057 Καταστείλας
3268 2990 3335 3043 δὲ
3378 2995 3411 3045 ὁ
3457 2992 3789 3061 γραμματεῦ

2325 3078 2528 3149 ὄχλον,
2564 3080 2789 3148 φησίν*
2831 3079 3079 3146 ’Ἄνδρες
3114 3077 3388 3148 Ἐφέσιοι,
3426 3081 3517 3144 τίς
3542 3079 3653 3147 γάρ
3681 3080 3787 3132 ἐστ

2325 3171 2575 3235 θρωπος,
2635 3166 2702 3232 ὃς
2754 3168 2825 3220 οὺ
2864 3166 3141 3237 γινώσκει
3182 3165 3294 3234 τὴν
3319 3167 3607 3236 Ἐφεσίων
3635 3168 3790 3220 πόλι]

2324 3261 2506 3325 κόρον
2537 3253 2732 3312 οὖσαν
2758 3255 2866 3325 τῆς
2889 3257 3158 3327 μεγάλης
3186 3256 3327 3322 θεᾶς
3360 3257 3681 3327 Ἀρτέμιδος
3732 3276 3790 3311 χι

2325 3344 2676 3410 Διοπετοῦς;
2723 3345 2909 3415 Τούτῳ
2962 3344 3160 3415 πρώτῳ
3202 3345 3292 3397 τὸν
3341 3344 3508 3414 θυμὸν
3547 3344 3717 3397 αὐτῶν
3766 3348 3789 3394 ἐ

2325 3433 2433 3486 Καὶ
2463 3431 2570 3485 τοῦ
2600 3432 2933 3498 διοπετοῦς.
3000 3432 3169 3485 Τοῦτο
3210 3432 3377 3500 λέγει,
3412 3432 3485 3493 ὼς
3519 3433 3614 3484 οὐκ
3640 3433 3790 3494 ὄντος

2327 3520 2416 3573 τοῦ
2452 3520 2793 3591 πράγματος.
2844 3520 3006 3589 Ἱερὸν
3036 3522 3091 3573 δὲ
3117 3521 3297 3590 ἓτερον
3334 3520 3474 3573 οὕτω
3520 3520 3771 3572 ἐκαλεῖτο

2324 3607 2451 3670 τές’
2510 3609 2625 3677 ἦτοι
2651 3608 2712 3660 τὸ
2746 3607 2958 3661 εἴδωλον
3002 3608 3174 3661 τοίνυν
3228 3607 3329 3676 τῆς
3372 3605 3691 3678 Ἀρτέμιδος
3742 3610 3783 3659 Δ

2327 3693 2530 3761 ἔλεγον,
2573 3695 2647 3753 ὡς
2691 3695 2755 3747 ἐκ
2797 3694 2890 3747 τοῦ
2924 3695 3043 3758 Διὸς
3088 3696 3148 3747 τὸ
3179 3693 3441 3765 ὄστρακον
3474 3696 3655 3746 ἐκεῖνο
3688 3712 3790 3747 1:51

2329 3783 2422 3834 καὶ
2467 3782 2564 3851 οὐχ
2612 3782 2715 3834 ὑπὸ
2762 3781 3047 3853 ἀνθρώπου
3092 3782 3414 3852 γενόμενον
3461 3782 3494 3852 ἦ
3532 3783 3732 3853 ἕτερον
3786 3810 3789 3833 ‹

2329 3869 2461 3940 παρ’
2501 3872 2685 3933 αὐτοῖς
2725 3869 2897 3934 οὕτως
2940 3870 3172 3938 ἐλέγετο.
3208 3870 3688 3938 Ἀναντιρῤήτων
3752 3889 3789 3925 0

2330 3975 2447 4012 των
2466 3959 2711 4021 τούτων,
2740 3958 2879 4011 δέον
2925 3959 3098 4011 ἐστίν
3136 3958 3293 4029 ὑμᾶς
3317 3959 3789 4027 κατεσταλμέῪο

2329 4047 2554 4116 ἀρχειν,
2605 4047 2701 4099 καὶ
2759 4044 2951 4115 μηδὲν
3008 4048 3297 4114 προπετὲς
3351 4047 3693 4115 πράσσειν.
3767 4050 3790 4102 ἶ

2330 4150 2390 4188 τε
2450 4133 2556 4203 γὰρ
2624 4132 2765 4198 τοὺς
2817 4131 3038 4199 ἄνδρας
3077 4135 3358 4198 τούτους,
3401 4133 3540 4185 οὔτε
3600 4135 3789 4201 ἱεροσ

2328 4221 2467 4274 οὔτε
2515 4217 3039 4288 ,βλασφημοῦντας
3091 4219 3203 4287 τὴν
3254 4217 3399 4272 θεὰν
3446 4216 3649 4286 ὑμῶν.
3731 4222 3790 4272 ’Δ

2330 4311 2438 4363 πᾶν
2483 4307 2712 4377 ψεῦδος·
2769 4304 2939 4359 ταῦτα
2984 4306 3039 4360 δὲ
3090 4307 3224 4378 πρὸς
3268 4308 3357 4360 τὸν
3407 4307 3619 4378 δῆμον,
3703 4309 3790 4363 ὥσ

2330 4398 2539 4461 κείνους
2611 4395 3045 4468 ἐπιεικεστέρους
3111 4396 3406 4464 γενέσθαι,
3475 4398 3685 4467 φησιν.
3780 4430 3790 4454 λ

2330 4483 2444 4543 οὖν
2466 4485 2791 4556 Δημήτριος
2811 4486 2909 4539 καὶ
2933 4490 2987 4540 οἱ
3010 4487 3130 4539 σὺν
3152 4486 3308 4552 αὐτῷ
3326 4487 3591 4556 τεχνῖται
3618 4490 3790 4557 ἔχου

2330 4591 2462 4629 τινα
2491 4576 2694 4642 λόγον,
2725 4573 2989 4642 ἀγοραῖοι
3014 4574 3277 4644 ἄγονται,
3310 4576 3405 4628 καὶ
3437 4577 3789 4633 ἀνθύπατο

2333 4660 2480 4735 [3‘20]
2504 4661 2947 4730 ἐγκαλείτωσαν
2982 4663 3298 4730 ἀλλήλοις.
3328 4667 3395 4718 El
3419 4664 3488 4718 δέ
3526 4683 3582 4718 τι
3626 4669 3789 4736 περὶ

2329 4747 2681 4815 ἐπιζητεῖτε,
2709 4748 2778 4802 ἐν
2815 4749 2891 4818 τῇ
2931 4750 3160 4825 ἐννόμῳ
3198 4752 3497 4819 ἐκκλησίᾳ
3542 4754 3790 4809 ἐπιλυό

2331 4836 2439 4890 Καὶ
2486 4836 2595 4904 γὰρ
2631 4835 3062 4905 κινδυνεύομεν
3107 4837 3482 4906 ἐγκαλεῖσθαι
3547 4843 3790 4896 στάσει

2331 4923 2441 4991 τῆς
2472 4921 2757 4992 σήμερον,
2792 4924 3053 4993 μηδενὸς
3079 4925 3269 4979 αὶτίου
3296 4925 3713 4996 ὑπάρχοντος
3741 4970 3759 4992 ,

2333 5010 2427 5083 [οὐ
2448 5009 2499 5082 ο]
2535 5010 2917 5080 δυνησόμεθα
2941 5013 3266 5066 ἀποδοῦναι
3289 5014 3475 5082 λόγον
3508 5014 3641 5083 τῆς
3668 5034 3790 5071 συί

2332 5098 2573 5164 ταύτης.
2614 5098 2727 5154 Καὶ
2747 5098 2933 5153 ταῦτα
2960 5099 3166 5165 εἰπὼν,
3189 5100 3459 5155 ἀπέλυσε
3480 5104 3619 5170 τὴν
3659 5106 3789 5157 ἐκκ

2336 5184 2597 5257 Ἔννομον
2634 5185 2949 5256 ἐκκλησίαν,
2994 5188 3159 5257 φησὶ,
3192 5187 3324 5240 διότι
3367 5192 3522 5260 τρεῖς
3559 5191 3790 5259 ἐκκληε

2332 5292 2483 5329 νοντο
2511 5276 2650 5329 κατὰ
2684 5276 2846 5346 νόμον
2874 5276 2994 5329 καθ’
3019 5278 3250 5330 ἕκαστον
3286 5278 3429 5348 μῆνα
3447 5296 3461 5311 ο
3490 5279 3657 5347 αῦτη
3684 5281 3751 5331 6‘5
3784 5276 3790 5315 ί

2331 5380 2515 5434 νομος.
2536 5359 2668 5416 Εἶτα
2701 5364 2793 5416 καὶ
2819 5363 3085 5433 ἐφόϐησεν
3107 5367 3303 5428 αὐτοὺς
3329 5366 3528 5420 εἰπών·
3559 5370 3785 5421 Κινδυ

2331 5451 2705 5520 ἐγκαλεῖσθαι
2751 5451 3044 5518 στάσεως.
3081 5452 3219 5505 Ἀλλ’
3253 5453 3447 5523 ἴδωμεν
3494 5455 3744 5508 ἄνωθεν
3776 5473 3790 5505 1

2337 5539 2489 5608 μένα.
2526 5541 2620 5603 Ὠς
2640 5537 2707 5591 δὲ
2726 5539 3036 5607 ἐπληρώθη
3065 5541 3267 5605 ταῦτα,
3293 5542 3478 5611 φησὶν,
3513 5544 3713 5597 ἔθετο
3742 5548 3780 5597 o'

2328 5622 2401 5674 ἐν
2456 5622 2536 5687 τῷ
2593 5623 2919 5691 Πνεύματι,
2984 5624 3235 5678 διελθὼν
3294 5624 3408 5693 τὴν
3457 5624 3789 5680 Μακεδονη

2396 5853 2424 5893 ι›
2459 5854 2672 5903 Ἐπίασιν
2692 5858 2755 5911 ὡς
2775 5856 2918 5905 deest
2938 5858 2987 5905 in
3014 5856 3206 5906 eodem.
3274 5861 3296 5888 ο
3325 5858 3456 5911 Editi
3485 5863 3541 5908 et
3567 5871 3713 5907 mss.
3748 5874 3790 5905 π

2330 5920 2549 5979 quamvis
2573 5921 2768 5980 negatio
2788 5918 2836 5967 in
2862 5918 3028 5968 Bibliis
3050 5920 3191 5969 absit.
3224 5920 3349 5970 Emr.
