3920 6224
314 248 398 303 ευτ
1285 252 1349 307 IN
1388 252 1562 311 ACTA
1608 255 2122 316 arosrowauu.
2164 262 2388 320 nomn.
2430 266 2584 324 XLll.
3428 292 3532 351 298

309 363 381 419 25.
412 362 550 429 Quos
574 378 878 431 convocans,
902 375 948 420 et
976 382 1057 422 eos
1101 368 1188 436 qui
1230 370 1519 440 hujusmodi
1542 383 1681 427 erant
1706 374 1859 444 api/i-
1961 378 2288 436 siorum!29.
2319 382 2381 436 Et
2408 385 2612 453 impleta
2636 401 2705 443 est
2742 392 2915 451 ciuitas
2941 404 3239 471 con/mione
3260 424 3280 461 :
3306 422 3351 463 ct
3375 414 3532 481 impe-

312 474 371 481 -..
446 458 569 481 4:...34
596 472 611 481 .
650 458 757 481 [11.1
829 460 961 481 --3.2,
1008 461 1112 481 μμ)-
1160 479 1207 481 κη
1245 463 1258 481 Ι
1286 480 1327 481 ,,
1372 480 1377 481 ,
1424 465 1494 481 ,ιιι
1531 466 1542 477 ο
1669 475 1681 481 -
1790 468 1834 481 ιο
1974 480 1977 481 ,
2106 474 2122 481 -
2548 480 2551 481 ,

3038 458 3048 471 ,
3196 458 3229 460 κ-
3261 458 3273 461 -
3308 458 3345 463 --
3376 458 3507 481 ..--,,-

305 474 391 517 crs,
439 458 569 512 dixit
591 472 611 511 :
650 458 776 524 Viri,
823 460 963 514 scitis
998 461 1116 531 quia
1145 479 1210 515 ea:
1236 463 1331 517 hoc
1358 465 1573 532 arti/icio
1609 475 1682 520 est
1716 468 1859 523 nobis
1963 480 2064 522 tum
2094 474 2314 541 fecerunt
2340 493 2441 531 uno
2466 480 2633 533 animo
2657 482 2707 535 in
2728 485 2995 544 theatrum.
3022 492 3187 564 [lapte
3213 510 3380 555 autem
3403 504 3531 560 Gaio

301 558 503 613 quam
538 565 559 602 :
593 547 682 604 26.
729 560 774 603 et
815 551 989 604 videtis
1032 562 1079 606 et
1128 554 1316 608 auditis
1337 596 1353 618 ,
1398 556 1516 624 quia
1559 572 1660 610 non
1697 558 1858 612 solum
1960 573 2005 612 et
2026 563 2315 619 Aristarcho
2348 568 2724 637 Macedonibus,
2780 575 2931 633 Pauli
2957 586 3239 655 comitibus,
3268 600 3531 651 traxerunt

301 638 491 707 Ephesi,
516 642 606 693 sed
629 643 778 695 etiam
807 646 909 713 fere
937 645 1087 698 totius
1124 644 1277 713 Asia,
1314 643 1510 721 Paulus
1534 648 1613 701 hic
1643 652 1859 705 suadens
1959 660 2093 704 :ttos.

294 732 456 784 avertit
484 734 681 787 turbam
706 735 932 799 multam,
966 736 1134 790 dicens
1162 752 1179 790 :
1212 737 1331 792 Non
1366 750 1482 793 sunt
1499 740 1589 802 dii,
1621 752 1707 810 qut"
1746 760 1855 793 ma.

293 822 421 875 tu'bus
444 822 681 878 humanis
720 826 867 893 fiunt.
904 826 994 880 27.
1038 826 1160 881 Νοη
1200 831 1361 883 solum
1389 842 1552 885 autem
1580 833 1687 887 hwc
1721 838 1846 904 peri-

292 912 531 966 clitabitur
556 916 700 968 nobis
724 934 862 985 pars,
894 934 956 971 ne
977 919 1033 973 in
1061 923 1457 991 confutationem
1484 926 1668 991 veniat,
1700 928 1790 981 sed
1807 936 1854 980 et

288 1019 341 1056 tte
369 1020 567 1074 mgna:
601 1006 713 1060 det:
752 1007 932 1062 Diana:
968 1012 1206 1081 templum
1245 1028 1337 1081 pro
1376 1014 1535 1069 nihilo
1574 1026 1847 1085 reputetur,

286 1094 653 1166 datrueturque
686 1099 925 1167 majestas
947 1102 1076 1170 ejus,
1100 1119 1250 1169 quam
1275 1113 1379 1159 tota
1406 1107 1528 1161 Asia
1551 1117 1596 1162 et
1617 1110 1749 1163 orbis
1773 1126 1850 1164 co-

281 1184 350 1238 lit.
374 1184 615 1253 Faciem,
636 1188 825 1259 inquit,
847 1191 979 1245 mdes
998 1205 1258 1261 argenteas
1281 1196 1482 1251 Dianae.
1502 1200 1566 1253 Et
1581 1205 1847 1270 quomodo

280 1287 496 1345 possunt
550 1278 693 1335 ardes
736 1291 1004 1351 argentea:
1054 1284 1210 1339 ﬁeri?
1254 1287 1417 1343 Forte
1455 1292 1605 1360 quasi
1645 1294 1843 1350 ciboria

278 1384 429 1437 parva
454 1387 468 1422 :
499 1386 723 1441 magnus
751 1375 891 1428 enim
928 1376 1025 1444 ipsi
1058 1376 1230 1433 honor
1258 1390 1376 1435 erat
1404 1381 1621 1451 Ephesi,
1652 1385 1737 1440 ubi
1782 1386 1845 1440 il-

277 1458 438 1515 lorum
466 1462 686 1518 incenso
714 1467 912 1535 templo
938 1468 1008 1522 ita
1041 1468 1281 1535 doluere,
1309 1482 1366 1527 ut
1391 1490 1459 1529 ne
1487 1492 1680 1531 nomen
1720 1480 1839 1549 qui-

275 1549 386 1603 dem
412 1550 555 1620 ejus,
599 1554 689 1625 qui
732 1558 1103 1627 succenderat,
1147 1562 1371 1631 proferri
1403 1565 1674 1635 juberent.
1710 1569 1840 1626 Vide

2024 743 2077 796 9..
2099 746 2225 802 Sine
2253 765 2409 806 causa
2430 771 2612 813 rursus
2639 761 2891 819 invadunt
2911 767 3044 823 sicut
3061 770 3307 830 Jasoncm
3327 777 3522 847 Judtei,

1956 842 2009 885 et
2036 836 2226 907 ubique
2242 852 2364 897 sunt
2389 850 2554 914 parati
2582 866 2598 904 :
2627 852 2693 905 ita
2719 856 2913 911 nullam
2940 862 3022 914 vel
3052 863 3239 931 gloria:
3267 870 3349 924 vel
3373 871 3527 927 fatua:

1957 920 2215 984 raiionetn
2249 932 2531 992 habebant.
2566 942 2655 997 30.
2706 943 2871 1001 Paulo
2904 964 3069 1005 autem
3117 956 3309 1013 volente
3337 962 3527 1016 intrare

1952 1017 2006 1071 in
2043 1027 2306 1091 populum,
2357 1046 2457 1083 non
2501 1037 2829 1101 permiserunt
2876 1043 3133 1113 discipuli.
3172 1051 3261 1105 51.
3306 1054 3523 1120 Quidam

1951 1122 2117 1166 autem
2146 1116 2209 1169 de
2231 1119 2361 1173 Asia:
2383 1125 2713 1195 principibus,
2744 1134 2830 1201 qui
2855 1148 2994 1189 erant
3022 1141 3129 1208 ejus
3156 1144 3323 1207 amici,
3369 1150 3521 1204 mise-

1950 1215 2067 1256 runt
2094 1207 2162 1259 ad
2190 1225 2300 1262 eum
2328 1228 2579 1284 rogantes,
2612 1237 2674 1273 ne
2696 1240 2748 1276 se
2767 1226 2907 1280 daret
2934 1229 2987 1282 in
3015 1207 3285 1292 theatrum.
3315 1239 3524 1312 Rogant

1947 1296 2068 1363 quia
2117 1299 2383 1358 incondita
2429 1308 2578 1364 turba
2618 1324 2751 1383 erat,
2777 1334 2893 1387 qua!
2916 1336 3061 1378 (εαξοο
3105 1327 3302 1399 impetu
3342 1296 3518 1392 omnia

1946 1390 2194 1446 audebat.
2238 1395 2304 1450 Et
2345 1398 2538 1457 Paulus
2581 1405 2915 1480 obtemperat
2959 1390 3193 1489 :ncqse-
3220 1426 3362 1479 enim
3403 1441 3520 1484 erat

1946 1493 2095 1535 vanm
2117 1485 2299 1553 gloriae
2346 1493 2570 1561 cupidus
2613 1499 2693 1552 vel
2740 1504 3070 1562 ambitiosus.
3099 1512 3187 1565 52.
3216 1515 3319 1570 Alii
3354 1520 3518 1590 itaque

276 1640 460 1711 ubique
485 1643 843 1701 idololatriam
872 1664 903 1703 a
935 1651 1174 1719 pecuniis
1203 1664 1470 1710 constare.
1505 1657 1570 1712 Et
1613 1658 1688 1713 illi
1716 1676 1839 1729 pre-

280 1743 391 1802 pter
431 1738 699 1805 pecunias,
753 1748 807 1794 et
844 1740 931 1797 hic
967 1756 1186 1815 propter
1230 1749 1522 1816 pecunias:
1554 1766 1657 1805 non
1686 1755 1835 1822 quasi

286 1825 519 1894 religione
564 1830 933 1897 periclitante,
982 1835 1075 1890 sed
1119 1838 1267 1906 quasi
1308 1849 1513 1909 quaestu
1560 1845 1832 1899 materiam

284 1930 381 1970 non
407 1916 645 1976 habente.
691 1922 757 1977 Et
807 1927 1074 1997 perpende
1118 1930 1214 1984 viri
1259 1933 1662 2003 malignitatem.
1692 1936 1834 2006 Opu-

278 2010 437 2065 leutus
476 2012 569 2068 ille
594 2025 734 2081 erat,
766 2026 819 2072 et
847 2017 973 2075 hinc
999 2021 1074 2075 illi
1108 2038 1210 2078 non
1243 2033 1443 2081 tantum
1471 2027 1722 2084 damnum
1755 2031 1835 2086 fu-

271 2108 435 2155 turum
461 2114 614 2169 erat;
659 2106 764 2162 illis
805 2123 954 2173 vero,
1002 2121 1187 2182 utpote
1229 2118 1552 2186 pauperibus
1580 2122 1826 2189 multum,

259 2192 344 2261 qui
373 2193 568 2250 diurno
606 2207 812 2269 qumstu
852 2201 1048 2257 victum
1084 2208 1353 2275 pararent.
1384 2211 1632 2266 Attamen
1668 2214 1720 2267 hi
1753 2215 1835 2267 ni-

259 2284 329 2339 hil
380 2286 586 2355 dicunt,
640 2291 738 2345 sed
785 2292 876 2349 ille
919 2304 1119 2350 tantum
1154 2314 1167 2350 :
1200 2302 1333 2355 artis
1365 2317 1491 2357 vero
1534 2305 1666 2359 socii
1708 2322 1827 2360 cum

254 2384 474 2443 essent,
523 2381 779 2436 tumultus
823 2395 1100 2441 consortes
1138 2391 1382 2445 assumit.
1430 2393 1630 2449 Deinde
1668 2396 1827 2451 etiam

253 2467 549 2535 periculum
576 2476 936 2543 exaggeravit,
965 2476 1147 2532 dicens
1170 2494 1184 2533 :
1211 2478 1338 2534 Ηαοε
1357 2483 1667 2551 periclitatur
1687 2487 1829 2542 nobis

249 2576 391 2627 pars,
437 2578 500 2615 ne
528 2562 579 2615 in
615 2566 1009 2635 confutationem
1050 2570 1260 2624 incidat.
1306 2573 1415 2627 lloc
1441 2576 1582 2630 enim
1612 2576 1724 2633 fere
1749 2578 1825 2633 si-

248 2648 509 2715 gniﬁcat:
537 2652 616 2707 Ab
643 2653 742 2709 hac
782 2665 896 2712 arte
926 2657 976 2711 in
1018 2658 1208 2715 famem
1239 2661 1413 2718 delabi
1445 2665 1822 2734 periclitamur.

250 2740 413 2808 Atqui
446 2750 691 2811 poterant
739 2745 875 2801 dicta
910 2748 997 2805 illa
1026 2750 1169 2819 ipsos
1212 2752 1279 2807 ad
1325 2754 1464 2824 piam
1513 2757 1824 2828 religionem

248 2831 518 2889 adducere
544 2850 559 2899 ;
591 2836 686 2891 sed
718 2838 896 2894 miseri
926 2856 988 2895 ac
1015 2842 1146 2897 viles
1170 2860 1291 2899 cum
1318 2858 1517 2913 essent,
1547 2852 1825 2922 insurgunt

250 2926 439 2995 magis,
474 2942 574 2983 nec
598 2931 853 3000 cogitant,
882 2934 925 2988 si
956 2932 1043 2990 hic
1071 2936 1232 2992 homo
1260 2939 1378 2995 talia
1415 2944 1601 3011 possit,
1632 2954 1688 2999 ut
1711 2961 1825 3000 om-

250 3030 345 3069 nes
371 3027 659 3073 convertat
684 3030 737 3074 et
776 3022 848 3077 dii
884 3026 1269 3093 periclitentur,
1298 3043 1531 3099 quantus
1571 3036 1640 3090 sit
1682 3037 1823 3093 illius

252 3106 391 3163 Deus
424 3126 439 3161 :
468 3121 525 3165 et
551 3112 693 3181 quod
723 3115 888 3171 multo
915 3120 1081 3189 magis
1109 3123 1224 3191 ipse
1250 3123 1407 3180 nobis
1426 3126 1512 3181 illa
1541 3128 1703 3195 dabit,
1728 3147 1822 3200 pro

249 3201 441 3267 quibus
480 3204 754 3262 timemus.
800 3208 916 3264 Iam
960 3227 1426 3285 prmoccupaverat
1462 3219 1669 3276 illorum
1708 3224 1822 3278 ani-

250 3306 364 3345 mos
389 3334 405 3358 ,
453 3294 682 3350 dicens:
733 3297 853 3353 Non
905 3313 1023 3357 sunt
1068 3306 1175 3372 dii,
1205 3310 1291 3378 qui
1319 3312 1547 3367 manibus
1588 3315 1820 3372 humanis

252 3382 398 3445 ﬁunt.
435 3383 569 3441 Vide
618 3402 714 3456 pro
752 3406 852 3461 qua
890 3408 949 3448 re
996 3396 1335 3467 indignentur
1383 3405 1607 3473 gentiles
1645 3424 1659 3461 :
1697 3410 1818 3478 quia

258 3473 463 3530 dixerat
490 3493 505 3528 :
533 3476 634 3543 Qui
660 3481 723 3534 ab
750 3482 1033 3540 hominibus
1078 3489 1197 3558 facti
1248 3502 1384 3558 sunt,
1431 3511 1530 3548 non
1563 3507 1679 3550 sunt
1715 3473 1815 3554 vdii.

258 3560 458 3634 Ubique
485 3567 537 3621 in
567 3583 737 3625 artem
778 3588 1080 3632 sermonem
1110 3584 1394 3638 convertit.
1440 3585 1638 3643 Deinde
1677 3590 1817 3658 quod

250 3659 477 3715 maxime
508 3661 560 3715 in
590 3677 844 3734 angorem
873 3670 1138 3738 conjicere
1165 3683 1392 3743 poterat,
1419 3678 1565 3745 dicit,
1598 3679 1718 3735 Non
1736 3699 1818 3737 so-

246 3744 353 3799 lum
376 3749 483 3804 hcc
503 3768 623 3821 pars
653 3757 1004 3825 periclitatur;
1032 3762 1081 3816 id
1112 3772 1215 3829 est,
1245 3765 1471 3823 aliorum
1497 3744 1650 3826 nobis
1673 3773 1816 3828 nulla

243 3854 373 3893 cura
396 3853 496 3907 est,
527 3845 621 3899 sed
647 3849 788 3917 quod
835 3866 1036 3922 magna:
1061 3854 1177 3910 dcte
1218 3858 1396 3915 Dianae
1428 3865 1680 3932 templum
1717 3867 1815 3923 de-

246 3933 380 3986 strui
412 3938 759 4004 periclitetur.
794 3942 994 3999 Deinde
1016 3962 1082 4002 ne
1105 3948 1345 4006 videatur
1368 3953 1495 4008 lucri
1520 3970 1679 4012 causa
1704 3958 1816 4015 haec

246 4021 444 4092 dicere,
474 4028 595 4083 vide
615 4031 738 4099 quid
760 4032 919 4089 addat
943 4054 956 4090 :
979 4037 1140 4104 Quaut
1165 4042 1297 4095 orbis
1316 4044 1455 4098 colit.
1482 4045 1667 4101 Viden'
1686 4066 1815 4119 quo-

248 4114 407 4169 modo
430 4119 947 4188 majorem‘osteudat
965 4128 1112 4183 Pauli
1130 4131 1400 4199 virtutem,
1418 4150 1603 4192 omnes
1622 4156 1816 4195 terum-

247 4219 407 4262 uosos
429 4220 485 4265 et
534 4214 759 4269 miseros
784 4217 904 4272 illos
945 4222 1250 4291 ostendens,
1296 4227 1340 4280 si
1369 4226 1527 4283 homo
1558 4231 1738 4299 pulsus
1761 4244 1814 4289 et

247 4301 594 4359 tentoriorum
620 4307 812 4362 artifex
839 4310 962 4363 talia
996 4315 1207 4380 potest?
1248 4315 1379 4371 Vide
1409 4320 1709 4377 testimonia
1745 4324 1813 4379 de

244 4395 497 4457 apostolis
521 4397 590 4450 ab
617 4399 748 4469 ipsis
778 4401 1007 4459 inimicis
1037 4407 1261 4463 reddita.
1296 4410 1406 4467 lllic
1432 4413 1643 4483 quidem
1664 4416 1810 4473 dicc-

242 4478 370 4537 baut
394 4503 408 4539 :
436 4487 567 4543 Ecce
587 4491 806 4561 impletis
827 4492 1111 4551 Jerusalem
1135 4498 1365 4556 doctrina
1390 4478 1551 4559 vestra
1572 4506 1709 4575 (Act.
1749 4510 1805 4564 5.

238 4570 367 4639 38);
391 4577 493 4642 hic,
522 4579 779 4635 Futurum
805 4596 898 4651 est,
927 4597 981 4639 ut
1006 4587 1296 4645 destruatur
1318 4591 1501 4649 Biante
1528 4600 1763 4668 majestas
1793 4617 1811 4654 :

236 4673 367 4721 tunc
388 4671 697 4735 audiebant.
731 4674 833 4741 Qui
860 4678 1203 4735 subuerterant
1232 4684 1400 4739 orbem
1428 4696 1694 4754 terrarum,
1729 4691 1810 4744 hic

228 4761 421 4815 adsunt
453 4764 612 4829 (Ibid.
648 4768 735 4822 l7.
788 4771 886 4838 6);
939 4790 1101 4839 nunc,
1148 4774 1471 4833 Periclitatur
1515 4783 1656 4838 nobis
1703 4784 1809 4839 lucc

228 4866 357 4916 pars
376 4856 432 4907 in
459 4859 852 4927 confutationens
876 4866 1061 4920 uenire.
1094 4866 1182 4923 Sic
1206 4867 1375 4925 Judaei
1405 4872 1471 4927 de
1495 4874 1707 4929 Christo
1724 4877 1809 4931 di-

224 4943 472 5001 cebant:
512 4947 687 5004 Videte
728 4954 863 5021 quod
912 4956 1131 5012 mundus
1180 4969 1290 5027 post
1332 4962 1496 5033 ipsum
1520 4966 1701 5032 vadat;
1730 4978 1805 5035 et,

236 5030 450 5092 Venias:
474 5040 712 5101 Romani.
732 5056 780 5097 et
798 5047 972 5101 tollent
992 5060 1213 5104 nostram
1241 5030 1483 5109 ciuitatem
1513 5057 1691 5125 (loan.
1720 5062 1804 5118 1‘3.

224 5126 321 5181 19.
343 5142 393 5183 et
429 5134 512 5187 il.
545 5135 660 5207 48).
694 5136 794 5192 His
820 5152 985 5195 autem
1012 5144 1220 5211 auditis,
1266 5148 1443 5218 repleti
1469 5162 1583 5205 sunt
1615 5158 1803 5224 furore.

218 5215 383 5274 Unde
408 5221 559 5278 furor
583 5226 715 5281 ille?
740 5228 962 5294 Quando
988 5232 1053 5289 de
1082 5234 1242 5290 Diana
1263 5215 1561 5307 audierunt,
1594 5215 1807 5313 quando

212 5310 293 5362 de
324 5311 460 5367 lucri
481 5314 713 5385 jactura.
742 5318 888 5376 Talis
917 5322 1057 5377 enim
1102 5324 1391 5384 forensium
1429 5347 1544 5387 mos
1572 5344 1674 5401 est,
1701 5335 1803 5390 levi

210 5398 289 5453 de
312 5417 479 5457 causa
507 5407 679 5478 abripi
707 5419 761 5465 et
790 5414 1031 5469 accendt.
1060 5415 1260 5474 Idcirco
1278 5434 1397 5475 cum
1419 5425 1664 5481 examine
1690 5442 1804 5482 om-

208 5493 307 5546 nia
353 5509 487 5554 sunt
532 5502 761 5571 agenda.
796 5504 929 5562 Vide
970 5518 1149 5565 autem
1173 5528 1330 5583 quam
1360 5516 1683 5586 despiciendi
1710 5535 1798 5576 es-

205 5597 360 5651 sent,
387 5590 480 5661 qui
507 5594 577 5648 ab
594 5596 843 5653 omnibus
867 5615 1351 5663 commoverentur.
1376 5609 1466 5665 28.
1498 5608 1595 5667 llis
1617 5615 1802 5670 auditis

204 5680 400 5746 repleti
426 5694 545 5739 sunt
572 5685 671 5753 ira,
698 5696 747 5742 et
764 5676 1185 5767 exclamaverunt,
1219 5697 1408 5772 Magna
1433 5700 1599 5758 Diana
1630 5703 1799 5780 Ephe-

1942 1572 2086 1625 aliud
2113 1576 2395 1634 clamabant
2423 1601 2442 1636 :
2467 1598 2571 1639 erat
2592 1591 2776 1661 quippe
2792 1596 3147 1667 incompositus
3178 1619 3351 1664 cattus.
3375 1572 3517 1669 leis

1941 1672 2025 1716 est
2046 1666 2195 1719 turba
2218 1674 2425 1739 populi:
2457 1684 2654 1734 temere
2677 1687 2930 1754 sequitur,
2952 1666 3088 1747 sicut
3115 1697 3249 1766 ignis
3276 1701 3327 1755 in
3356 1704 3517 1775 stipu-

1944 1751 2207 1775 ,ω
2367 1763 2426 1775 λ.
2489 1768 2501 1775 .

2755 1751 2766 1754 -
2922 1751 2925 1752 ν
3131 1751 3161 1766 υ
3208 1751 3243 1753 η
3276 1751 3327 1755 -ν-
3357 1751 3495 1775 -··ι’··

1940 1751 2045 1807 lam
2071 1756 2326 1815 incidens.
2356 1763 2596 1838 Plerique
2626 1785 2790 1829 autem
2822 1782 3103 1839 nesciebant
3131 1806 3221 1843 cur
3252 1800 3513 1854 convenis-

1936 1847 2167 1902 sent.55.
2189 1848 2426 1907 Deturba
2439 1868 2604 1913 autem
2632 1864 2955 1925 detraxerunt
2996 1875 3359 1953 Alexandrum,
3394 1907 3515 1958 pro-

1938 1938 2235 2004 pellentibus
2268 1962 2380 1998 eum
2404 1948 2619 2006 Judtvis.
2654 1957 3024 2028 Propellehant
3050 1970 3215 2028 Judtci
3242 1993 3305 2032 ex

1936 2028 2353 2100 dispensatione,
2404 2049 2461 2093 ut
2511 2044 2642 2098 nihil
2684 2064 2901 2117 possent
2940 2058 3076 2114 ultra
3121 2070 3506 2130 contradicere.

1937 2119 2034 2224 llic
2064 2127 2396 2197 propellitur,
2427 2133 2675 2206 loquitur,
2709 2154 2762 2197 et
2783 2149 2907 2215 quid
2935 2151 3074 2209 dicat
3099 2119 3507 2224 audi:

1933 2212 2025 2266 der
2049 2226 2211 2270 autent
2240 2237 2392 2277 manu
2417 2227 2611 2283 silentio
2658 2212 2931 2305 postulato,
2955 2245 3147 2302 volebat
3188 2254 3399 2312 reddere
3420 2278 3507 2315 ra-

1932 2301 2116 2357 tionem
2142 2311 2350 2377 populo.
2374 2315 2463 2369 54.
2496 2301 2730 2384 ρηεηιίυι
2757 2344 3091 2399 cognoverunt
3115 2340 3353 2402 Iudicum
3373 2367 3501 2421 esse,

1932 2407 2029 2421 ...η-
2072 2397 2200 2421 θι--ι-
2250 2412 2311 2421 ---
2624 2413 2634 2421 ‘

1930 2407 2029 2446 una:
2066 2397 2200 2465 facta
2238 2412 2311 2455 est
2355 2421 2456 2459 una
2497 2413 2740 2482 omnium,
2769 2424 2915 2488 quasi
2942 2427 3010 2478 ad
3036 2429 3164 2486 duas
3209 2436 3361 2495 horas
3399 2397 3505 2498 cla:

1930 2490 2172 2545 montium
2204 2510 2225 2546 :
2267 2495 2454 2569 Magna
2492 2502 2662 2560 Diana
2704 2509 3077 2579 Ephesiorum!
3104 2523 3329 2586 Puerilis
3380 2551 3505 2593 vere

1929 2591 2083 2636 mens
2114 2598 2129 2635 :
2156 2588 2306 2654 quasi
2354 2591 2621 2662 timentes,
2661 2615 2729 2656 ne
2773 2609 3196 2680 exstingueretur
3214 2624 3390 2681 cultus
3411 2643 3503 2683 eo-

1928 2684 2073 2739 rum,
2096 2674 2734 2746 l’requenterclamahant.
2762 2696 2841 2750 Ad
2869 2674 3001 2755 duos
3030 2720 3200 2763 annos
3218 2674 3499 2787 illicsedii,

1927 2773 1983 2817 et
2011 2766 2131 2823 vide
2173 2782 2301 2839 quot
2327 2776 2502 2832 adhuc
2536 2784 2781 2849 gentiles.
2810 2790 2901 2844 55.
2929 2793 3054 2849 Cum
3088 2812 3255 2857 autent
3280 2766 3501 2866 sedasse;

1925 2857 2091 2910 scriba
2138 2863 2327 2930 turbas,
2365 2866 2491 2922 dixit
2522 2887 2541 2923 :
2572 2871 2679 2928 Viri
2723 2877 2951 2948 Ephesii,
2993 2891 3105 2957 quis
3127 2905 3199 2947 est
3242 2898 3499 2959 hominum

1924 2947 2011 3017 qui
2021 2952 2563 3022 nesciat,Ephesiorum
2582 2965 2829 3023 civitatem
2850 2989 3045 3044 magna:
3065 2979 3244 3040 Diana:
3258 3005 3364 3044 esse
3379 3010 3499 3049 neo-

1925 3054 2096 3095 coram
2132 3044 2425 3143 etlﬁopetis
2449 3052 2475 3106 .’
2497 3053 2609 3111 Hoc
2635 3061 2860 3127 primum
2892 3067 3124 3129 furorem
3155 3078 3365 3139 illorum
3394 3102 3493 3143 ex-

1924 3131 2130 3188 stinxit.
2159 3126 2230 3189 Ei
2251 3136 2496 3211 Diopetis.
2529 3146 2641 3205 Hoc
2667 3154 2834 3223 dicit,
2862 3174 2982 3217 cum
3014 3181 3119 3223 non
3162 3173 3230 3227 sit
3270 3192 3354 3232 res
3381 3197 3496 3235 tua-

1925 3224 2136 3284 nil'esta.
2188 3234 2344 3290 Aliud
2385 3253 2596 3298 sacrum
2644 3247 2713 3302 ita
2756 3256 3047 3314 vocabatur
3085 3264 3334 3337 Diopetes
3367 3280 3494 3334 :vel

3136 3317 3141 3318 ,
3187 3317 3334 3337 ρ.--
3367 3317 3379 3329 .
3418 3317 3492 3334 η.

1925 3317 2121 3376 idolum
2153 3324 2330 3384 Dianae
2361 3332 2607 3403 Diapctes
2637 3345 2916 3416 vocabant,
2947 3355 3087 3423 quod
3113 3374 3176 3413 ex
3203 3361 3333 3420 Jove
3362 3379 3492 3424 testa

1923 3408 2012 3462 illa
2060 3413 2273 3486 delapsa
2317 3434 2479 3489 esset,
2510 3444 2609 3485 nec
2633 3432 2700 3487 ab
2728 3435 2939 3495 homine
2986 3446 3118 3502 facta
3144 3450 3329 3511 fuisset
3362 3478 3375 3512 :
3407 3464 3493 3518 vel

1923 3502 2063 3557 aliud
2092 3508 2289 3569 idolum
2319 3517 2457 3584 apud
2502 3520 2618 3577 illos
2645 3527 2723 3582 sic
2747 3534 3054 3591 vocabatur.
3084 3541 3173 3597 56.
3205 3545 3330 3602 Cum
3375 3570 3493 3626 ergo

1925 3591 1999 3626 ln'.
2028 3602 2301 3626 anns..-.l:-:
2339 3622 2365 3626 -_
2386 3624 2417 3626 κ.
2611 3616 2621 3625 .

1922 3591 1999 3647 his
2026 3602 2301 3655 contradici
2337 3622 2437 3661 non
2486 3616 2659 3681 possit,
2693 3632 2885 3687 oportet
2914 3642 3000 3680 vos
3040 3633 3240 3690 sedatos
3287 3657 3413 3707 esse,
3428 3591 3493 3699 yet

1922 3686 2001 3707 μη
2016 3688 2050 3707 η
2074 3699 2086 3707 ι
2467 3703 2531 3707 _c

2728 3686 2733 3687 7
3190 3686 3235 3690 -ν
3288 3686 3413 3707 ννννν
3447 3686 3492 3699 υ.

1921 3686 2050 3740 nihil
2069 3699 2247 3746 temere
2267 3712 2430 3766 agere.
2465 3703 2554 3757 57.
2580 3707 2874 3767 Adduxistis
2895 3719 3025 3773 enim
3054 3724 3184 3780 viros
3225 3729 3316 3783 hos
3338 3751 3492 3804 neque

1924 3781 2158 3804 -..Α-21-..-
2174 3802 2184 3804 ς
2448 3792 2460 3804 ⁸
2483 3796 2493 3804 ⁸
2599 3799 2609 3804 ⁸

1919 3781 2208 3852 sacrilegos,
2242 3804 2398 3858 neque
2440 3792 2838 3865 blasphemantes
2881 3809 3025 3867 deam
3063 3781 3295 3877 vestram.
3325 3781 3487 3899 Atqui

1920 3878 2086 3927 totum
2112 3878 2441 3937 mendacium
2457 3896 2576 3942 est:
2603 3890 2699 3946 ista
2719 3905 2892 3952 autem
2921 3903 2986 3956 ad
3009 3911 3258 3978 populum
3274 3878 3489 3990 compe-

1920 3965 2166 3990 annual“...
2200 3969 2319 3990 49-9.
2362 3975 2428 3990 nn
2504 3979 2537 3990 Α
2634 3983 2643 3990 .
2700 3986 2710 3990 -
2748 3986 2772 3990 λ

1918 3965 2169 4021 scendum
2195 3969 2343 4029 dixit.
2361 3975 2449 4030 58.
2496 3979 2643 4046 Quod
2666 3986 2711 4037 si
2736 3965 3023 4049 Demetrius-
3038 4040 3053 4060 ,
3079 3965 3129 4055 et
3159 4007 3246 4072 qui
3278 3965 3486 4069 cantico

1916 4066 2032 4109 sunt
2054 4061 2291 4129 artiﬁces,
2316 4065 2497 4123 habent
2524 4074 2760 4132 adversus
2777 4082 2993 4151 aliquem
3019 4061 3244 4162 causam,
3270 4117 3485 4159 conven-

1916 4154 1995 4199 tus
2019 4149 2237 4218 forenses
2252 4167 2486 4226 aguntur,
2501 4172 2547 4215 et
2571 4174 2891 4232 proconsules
2915 4190 3033 4232 sunt
3064 4197 3084 4235 :
3107 4201 3339 4245 accusent
3356 4194 3479 4250 invi-

1918 4252 2041 4291 cem.
2057 4239 2143 4295 59.
2165 4243 2226 4299 Si
2242 4248 2367 4315 quid
2378 4263 2544 4307 autem
2569 4256 2632 4310 de
2650 4262 2763 4315 aliis
2780 4264 2923 4321 rebus
2936 4276 3177 4342 quteritis,
3193 4280 3243 4334 in
3260 4283 3482 4355 legitimo

1915 4344 2153 4387 conventu
2164 4339 2398 4396 solvetur.
2416 4346 2503 4401 40.
2524 4347 2662 4404 Nam
2679 4365 2724 4407 et
2749 4339 3091 4425 periclitamur
3109 4339 3257 4443 argui
3278 4339 3484 4436 seditio-

1914 4426 1992 4478 nis
2011 4427 2282 4498 hodierntc,
2302 4451 2416 4490 cum
2436 4442 2577 4495 nulla
2590 4446 2653 4498 sit
2668 4464 2837 4517 causa,
2861 4457 2993 4511 unde
3010 4464 3259 4527 possimus
3279 4472 3485 4529 reddere

1914 4518 2154 4624 rationem
2198 4525 2347 4595 hujus
2388 4534 2647 4592 tumultus.
2689 4539 2755 4595 Et
2799 4546 2876 4601 his
2901 4550 3047 4608 dictis
3090 4568 3267 4616 coetum
3314 4567 3479 4624 solrit.

1914 4605 2225 4679 Legitimum
2251 4633 2571 4681 conventum
2608 4630 2754 4687 dicit.
2797 4636 2928 4694 Nam
2976 4650 3266 4708 secundum
3308 4656 3475 4727 legem

1915 4708 2024 4758 tres
2078 4721 2369 4767 conventus
2417 4716 2611 4776 ﬁebant
2650 4726 2868 4797 singulis
2896 4739 3165 4796 mensibus
3195 4761 3212 4800 :
3240 4745 3325 4803 hic
3351 4708 3479 4806 εει-ο

1912 4809 2206 4855 conventus
2254 4805 2560 4876 illegitimus
2601 4828 2733 4873 erat.
2769 4822 2974 4881 Deinde
3016 4834 3200 4889 terruit
3244 4837 3364 4894 illos
3395 4805 3479 4896 di-

1910 4899 2082 4942 cens:
2117 4889 2407 4951 Periculum
2452 4912 2554 4967 est,
2602 4923 2665 4961 ne
2711 4926 3003 4969 accusemur
3040 4922 3318 4980 seditionis.
3366 4928 3470 4986 Sed

1911 4981 2154 5047 superius
2179 4984 2317 5040 dicta
2346 5001 2665 5059 repetamus.
2706 4999 2801 5055 llis
2827 5008 3104 5075 completis,
3128 5013 3316 5085 inquit,
3350 4981 3473 5089 pro-

1912 5073 2075 5138 posuit
2101 5074 2297 5133 Paulus
2318 5082 2367 5134 in
2392 5083 2607 5151 Spiritu,
2634 5094 2842 5146 transitu
2870 5073 3171 5158 macedonia
3191 5073 3237 5161 et
3257 5073 3473 5180 Achaia,

1907 5164 1982 5217 ire
2005 5163 2393 5239 Jerosolymam.
2422 5174 2533 5230 Non
2567 5178 2675 5247 jam
2709 5181 2937 5241 humana
2976 5193 3180 5250 ratione
3222 5163 3475 5271 agit,se:i

1909 5254 2239 5327 Spiritu,quo
2271 5264 2494 5321 transire
2513 5268 2751 5328 decrevit
2784 5298 2795 5327 :
2826 5277 2875 5331 id
2899 5281 3038 5337 enim
3064 5286 3162 5343 sibi
3184 5254 3299 5347 vult
3318 5254 3467 5364 illud,

1909 5342 2204 5415 Proposuit,
2232 5360 2286 5407 et
2325 5354 2412 5411 hic
2456 5368 2538 5414 est
2578 5362 2839 5423 dictorum
2883 5384 3092 5433 sensus.
3144 5380 3252 5439 Cur
3296 5342 3470 5445 autem

1908 5436 2081 5494 mittat
2126 5441 2460 5503 Timotheum
2492 5460 2546 5507 et
2588 5454 2853 5527 Erastum,
2903 5480 3007 5521 non
3052 5436 3239 5529 dicit;
3258 5478 3468 5534 videtur

1907 5538 2081 5584 autem
2125 5534 2253 5589 mihi
2297 5540 2455 5595 etiam
2500 5543 2566 5600 de
2613 5546 2714 5604 hoc
2752 5552 2877 5619 diei,
2906 5556 2975 5613 In
2998 5559 3218 5632 Spiritu.
3252 5568 3470 5639 Propter

1904 5622 2038 5689 quod
2077 5641 2177 5681 non
2218 5634 2511 5692 sustinentes
2549 5644 2786 5714 amplius,
2812 5650 3003 5731 placuit
3039 5622 3179 5713 nobis
3216 5622 3466 5719 remaitm

1909 5714 2133 5787 Athenis,
2163 5724 2282 5781 solis
2308 5725 2385 5798 (Ι.
2425 5726 2596 5789 Thess.
2631 5736 2682 5791 5.
2721 5714 2895 5811 l).vli2t
2941 5746 3077 5814 vide,
3107 5749 3241 5808 duos
3269 5768 3334 5810 ex
3363 5714 3461 5811 illi:
