4028 6218
485 349 670 406 nistris
700 350 810 405 suis
838 347 1002 412 misit,
1024 353 1080 399 ut
1105 353 1159 399 et
1185 345 1469 400 adventum
1497 360 1648 400 suum
1679 344 2053 398 annuntiarent

482 455 537 498 et
556 444 910 514 promptiores
926 441 1043 494 illos
1073 438 1389 493 redderent.
1413 438 1637 491 Maxime
1656 439 1705 490 in
1730 438 1851 490 Asia
1871 450 2051 489 versa-

488 546 572 589 tur
592 553 607 592 :
626 545 683 589 et
708 533 899 588 merito
926 550 938 582 :
969 532 1075 585 illic
1092 532 1231 584 enim
1251 542 1598 598 eratmagnus
1620 528 2052 597 philosophorum

482 638 675 683 coetus.
707 627 767 683 Et
793 627 1043 690 veniens,
1078 639 1261 678 rursus
1288 624 1407 677 illos
1427 623 1793 692 alloquebatur
1824 642 1836 676 :
1866 637 2053 690 magna

482 722 678 790 quippe
703 720 811 773 illic
836 728 950 772 erat
971 718 1296 787 superstitio.
1341 716 1625 770 Demetrius
1655 718 1788 769 enim
1824 718 2049 785 quidam,

484 812 674 880 inquit,
706 810 1019 878 argentarius
1044 808 1262 861 collectis
1290 807 1433 860 istius
1454 808 1577 860 artis
1597 806 1861 873 opiﬁcibus
1890 807 2017 858 dixit
2036 822 2055 859 :

492 903 620 968 Viri,
651 904 791 957 scitis
821 912 865 954 et
889 901 1064 954 videtis
1090 911 1138 953 et
1167 899 1387 962 auditis;
1426 899 1495 951 ita
1534 898 1869 951 manifestum
1924 894 2052 949 illud

482 1004 597 1048 erat
629 1009 644 1044 :
675 992 808 1061 quod
836 992 916 1044 hic
952 989 1143 1043 Paulus
1175 989 1392 1043 suadens
1432 988 1663 1041 subvertit
1710 988 1921 1041 multam
1947 995 2053 1039 tur-

482 1088 613 1138 bant.
644 1084 820 1151 Itaque
843 1098 946 1136 non
970 1081 1250 1145 violenter,
1276 1082 1319 1133 si
1343 1081 1508 1134 suasit
1537 1097 1552 1135 :
1585 1080 1655 1133 ita
1689 1079 2051 1147 persuadenda

482 1176 670 1229 civitas
697 1183 795 1227 est.
829 1172 1027 1227 Deinde
1057 1171 1269 1225 adducit
1309 1171 1380 1233 id,
1411 1170 1551 1238 quod
1594 1171 1709 1223 illos
1739 1168 2048 1223 mordebat:

486 1266 634 1332 Quod
656 1281 755 1317 non
784 1273 899 1316 sunt
920 1264 1010 1328 tlii,
1034 1263 1117 1331 qui
1139 1262 1366 1316 manibus
1387 1261 1617 1315 humanis
1645 1262 1790 1329 ﬁunt.
1814 1261 1948 1327 Quid
1971 1271 2051 1315 est

486 1356 619 1410 hoc?
646 1355 934 1418 Stibvertit,
965 1353 1153 1422 inquit,
1178 1362 1344 1407 artem
1375 1361 1633 1405 nostram.
1658 1351 1733 1405 Ne
1754 1367 1881 1406 vero
1906 1351 2051 1421 cogi-

482 1458 656 1504 tarent
682 1459 735 1502 et
763 1448 1021 1511 dicerent,
1054 1447 1193 1515 quod
1241 1446 1391 1499 solus
1418 1444 1577 1498 homo
1626 1444 1743 1498 talia
1777 1444 1968 1513 possit;
1995 1451 2049 1497 et

481 1542 642 1611 quod,
674 1542 717 1594 si
743 1550 948 1594 tantum
973 1541 1159 1609 possit,
1185 1540 1259 1593 illi
1289 1539 1768 1607 obscquioporteat
1788 1556 1800 1591 :
1822 1537 2043 1591 addidit:

485 1634 649 1698 Quam
692 1643 793 1686 tota
822 1634 941 1685 Asia
979 1641 1024 1684 et
1063 1630 1193 1683 orbis
1220 1630 1354 1682 colit.
1390 1628 1586 1683 Vocem
1617 1644 1764 1682 suam
1795 1628 2047 1697 putabant

477 1727 655 1781 divino
698 1726 916 1794 Spiritui
944 1726 1265 1787 obtuturam,
1303 1738 1424 1777 cum
1456 1722 1628 1777 Graeci
1668 1722 1816 1791 pueri
1843 1729 2041 1776 essent.

477 1822 553 1874 Ex
586 1819 704 1883 hoc,
736 1820 923 1889 inqttit,
966 1818 1176 1886 opificio
1216 1817 1503 1870 lucramur.
1536 1816 1600 1869 Et
1628 1816 1672 1868 si
1701 1829 1768 1869 ex
1796 1814 1895 1869 hoc
1925 1814 2042 1883 opi-

477 1912 597 1965 licio
626 1909 775 1964 vobis
820 1910 1021 1963 lucrum
1049 1911 1137 1973 sit,
1171 1907 1438 1978 quomodo
1486 1907 1645 1960 homo
1665 1906 1787 1959 vilis
1814 1905 2041 1960 suadere

475 2003 678 2072 potuit?
706 2002 969 2071 quomodo
996 2010 1153 2054 tantm
1178 1998 1548 2054 consuetudini
1577 1998 1851 2067 praevaluit
1872 1998 1894 2050 ?
1915 1997 2041 2066 quid

473 2096 616 2160 fecit,
648 2094 772 2162 quid
802 2092 968 2146 dixit?
995 2092 1107 2144 Non
1135 2091 1414 2153 est-Pauli,
1459 2105 1561 2142 non
1592 2098 1672 2143 est
1698 2088 1816 2141 viri.
1848 2089 1915 2142 Et
1944 2092 2041 2143 hoc

472 2186 669 2242 sufﬁcit
693 2185 911 2248 dixisse,
947 2182 1066 2236 Non
1097 2192 1211 2236 sunt
1232 2182 1318 2235 dii.
1356 2182 1410 2236 Si
1436 2196 1562 2250 ergo
1584 2182 1651 2234 ita
1676 2180 1828 2235 facile
1852 2180 2040 2249 depre-

472 2277 726 2333 henditur
756 2276 911 2343 impia
940 2274 1147 2341 religio,
1175 2273 1283 2340 jam
1325 2273 1451 2325 olim
1482 2272 1782 2325 damnatam
1826 2278 2038 2339 oporte-

470 2372 588 2433 bat;
617 2369 661 2423 si
686 2384 812 2421 vero
834 2366 1001 2419 solida
1033 2367 1120 2427 sit,
1158 2381 1260 2417 non
1293 2374 1398 2416 tam
1426 2366 1532 2417 cito
1562 2362 1676 2415 tolli
1702 2370 1892 2431 potest.
1917 2360 2039 2414 Non

468 2459 617 2513 modo
647 2468 834 2522 autem,
869 2456 1057 2524 inquit,
1084 2457 1176 2508 hoc
1199 2454 1510 2523 periclitatur
1534 2452 1694 2505 nobis.
1724 2453 1881 2518 Quasi
1912 2452 2036 2521 quid

469 2551 640 2620 majus
665 2550 872 2610 dicens,
903 2548 1004 2600 hoc
1030 2546 1282 2601 subdidit.
1322 2544 1416 2598 llis
1444 2545 1631 2597 auditis
1660 2545 1836 2613 repleti
1866 2546 2038 2613 furore

467 2642 750 2696 clamabant
792 2654 810 2693 :
853 2637 1041 2706 Magna
1086 2636 1254 2688 Diana
1312 2632 1676 2704 Ephesiorum!
1718 2633 1775 2687 lu
1816 2632 2036 2701 singulis

467 2732 609 2787 enim
637 2729 941 2785 civitatibus
961 2727 1031 2780 dii
1054 2725 1255 2795 proprii
1278 2732 1447 2779 erant.
1473 2726 1549 2777 Ac
1569 2725 1646 2778 sic
1665 2722 1835 2777 affecti
1861 2732 2031 2786 erant,

465 2823 614 2893 quasi
640 2835 771 2876 voce
799 2834 892 2873 sua
923 2818 1121 2872 cultum
1152 2816 1265 2885 ejus
1293 2815 1649 2879 restituerent,
1678 2823 1733 2870 et
1759 2829 1875 2883 qua:
1899 2813 2033 2867 facta

465 2927 617 2974 erant
641 2915 1011 2970 dissolverent.

621 3007 749 3062 Vide
782 3004 1103 3060 inconditam
1143 3001 1369 3056 turbam.
1404 3000 1569 3055 Paulo
1596 3010 1762 3054 autem
1784 3041 1799 3065 ,
1833 3002 2029 3070 inquit,

465 3101 657 3155 volente
685 3099 873 3152 intrare
900 3098 952 3149 in
982 3095 1224 3164 papulum
1244 3133 1259 3158 ,
1291 3109 1391 3146 non
1421 3092 1748 3162 permiserunt
1778 3094 2027 3162 discipuli.

466 3191 662 3247 Paulus
684 3190 842 3260 igitur
864 3186 1063 3256 ingredi
1083 3185 1295 3238 volebat
1318 3184 1664 3237 concionandi
1692 3198 1847 3237 causa
1876 3203 1889 3237 :
1914 3198 2031 3252 per-

465 3281 806 3351 sequutiones
836 3280 975 3332 enim
1015 3276 1079 3329 ad
1109 3275 1403 3329 doctrinam
1430 3275 1702 3343 captabat;
1744 3274 1836 3329 sed
1867 3275 2027 3330 disci-

464 3374 573 3444 puli
606 3387 708 3425 non
744 3366 1135 3439 permittebant.
1174 3365 1446 3435 Perpende
1478 3374 1673 3434 quanta
1702 3380 1823 3435 erga
1855 3367 2026 3435 ipsum

464 3479 675 3534 semper
696 3459 1021 3531 providentia
1042 3466 1272 3512 utantur.
1296 3458 1359 3511 Et
1379 3457 1445 3511 ab
1466 3456 1613 3510 initio
1638 3457 1808 3527 ipsum
1829 3456 2026 3512 eduxe-

463 3564 615 3620 runt,
657 3570 723 3609 ne
757 3552 969 3607 letalem
1014 3550 1279 3618 acciperet
1307 3549 1507 3618 plagam
1540 3564 1898 3619 :quamquam
1932 3565 2026 3606 au-

461 3649 685 3707 dierant,
701 3643 838 3713 quod
857 3650 1125 3711 oporteret
1142 3642 1309 3710 ipsum
1327 3641 1543 3695 Romam
1564 3641 1773 3709 videre;
1789 3652 2022 3699 attamen

461 3736 761 3808 prohibent.
790 3733 904 3788 Non
930 3732 1045 3788 sine
1073 3732 1398 3801 providentia
1424 3742 1599 3787 autem
1626 3735 2017 3804 pramuntiavit,

461 3846 527 3885 ne
553 3829 618 3885 de
641 3845 699 3885 re
723 3836 867 3899 gesta
895 3826 1251 3881 turbarentur.
1286 3821 1358 3879 Ita
1382 3826 1630 3882 nolebant
1656 3827 1803 3882 illum
1825 3828 2020 3899 aliquid

458 3923 583 3991 pati.
617 3920 684 3975 Et
713 3919 915 3988 quidam
953 3919 1233 3987 principum
1260 3917 1421 3984 Asiw,
1454 3918 1656 3989 inquit,
1683 3921 1925 3991 rogabant
1950 3923 2019 3977 it-

460 4017 585 4080 lum,
613 4032 674 4069 ne
698 4015 903 4068 intraret
925 4013 975 4065 in
1009 4012 1274 4065 theatrum.
1308 4013 1614 4082 Promptum
1645 4015 1761 4083 ejus
1785 4016 2018 4072 animum

455 4107 695 4161 videntes
717 4104 1064 4160 obsecrabant
1093 4123 1105 4158 :
1131 4104 1263 4157 adeo
1285 4104 1427 4157 illum
1457 4104 1640 4160 fideles
1665 4120 1850 4161 omnes
1875 4123 2020 4162 ama—

462 4199 609 4253 bant.
659 4198 728 4252 Et
764 4211 889 4263 cur,
936 4196 1170 4265 inquies,
1212 4195 1511 4249 Alexander
1550 4196 1713 4251 voluit
1758 4199 2015 4255 rationem

456 4289 715 4345 reddere?
742 4304 866 4342 num
891 4298 943 4340 ct
965 4288 1077 4355 ipse
1103 4287 1479 4340 accusabatur?
1504 4287 1568 4342 Ut
1593 4289 1800 4343 inventa
1825 4306 2018 4361 oppor-

456 4381 677 4433 tunitate
708 4388 873 4431 totum
900 4377 1250 4443 subverteret,
1276 4387 1328 4431 et
1356 4379 1529 4448 populi
1562 4378 1793 4436 furorem
1814 4385 2016 4439 exstin-

453 4479 659 4540 gueret.
710 4468 954 4522 Vidistin‘
1003 4467 1233 4521 furorem
1288 4470 1709 4527 tumultuosum?
1768 4474 1909 4528 Bene
1958 4485 2015 4530 et

456 4560 771 4629 increpantis
802 4572 948 4613 more
976 4558 1145 4612 scriba
1175 4576 1189 4611 :
1216 4558 1339 4625 Quis
1370 4569 1462 4624 est,
1495 4559 1683 4631 inquit,
1713 4564 1800 4633 qui
1828 4566 2014 4620 nesciat

454 4651 789 4721 Ephesiorum
812 4650 1097 4704 civitatem?
1122 4648 1210 4703 Sic
1232 4649 1377 4714 dicit,
1406 4650 1473 4706 de
1500 4667 1603 4721 quo
1636 4654 1919 4722 timebant;
1951 4671 2013 4711 ac

450 4744 495 4797 si
522 4741 743 4806 diceret,
770 4738 956 4795 Nonne
983 4739 1157 4794 colitis
1183 4740 1363 4794 illam?
1391 4740 1572 4810 Neque
1596 4743 1746 4810 dixit,
1778 4744 1906 4812 Quis
1932 4758 2011 4803 est

450 4837 538 4907 qui
575 4850 677 4889 non
721 4834 928 4888 noverit
976 4832 1237 4887 Dianam?
1273 4833 1396 4899 sed,
1438 4832 1697 4889 Civitatem
1739 4846 2008 4903 nostram,

449 4930 567 4983 illos
591 4940 963 4997 compescens.
992 4923 1117 4980 Cum
1145 4941 1261 4995 ergo
1291 4925 1369 4979 his
1394 4927 1669 4980 contradici
1695 4943 1794 4981 non
1823 4929 2007 4998 possit,

448 5030 640 5091 Oportet
677 5036 763 5073 vos
790 5020 985 5072 sedatos
1008 5033 1133 5071 esse.
1167 5016 1239 5072 De
1265 5016 1350 5071 his
1378 5017 1677 5089 redarguit,
1703 5034 1765 5074 ac
1791 5021 1837 5075 si
1864 5020 2011 5076 dice-

449 5119 571 5165 ret:
596 5114 731 5177 Quid
762 5124 889 5179 ergo
917 5109 1188 5179 quaeritis,
1228 5110 1379 5179 quasi
1414 5108 1528 5164 haec
1559 5109 1757 5165 incerta
1795 5114 2010 5168 essent?

448 5202 623 5272 palam
654 5209 765 5267 est,
792 5201 1166 5256 contumeliam
1196 5202 1248 5256 iu
1273 5201 1427 5257 deam
1458 5202 1601 5259 illam
1627 5204 1872 5260 transire.
1907 5204 2007 5260 Re-

448 5292 656 5361 ligionis
675 5291 892 5346 obtentu
911 5291 1111 5346 lucrum
1128 5307 1279 5347 suum
1299 5292 1511 5351 ﬁrmare
1526 5295 1786 5352 volebant.
1808 5298 2009 5353 Deinde

449 5381 637 5437 leniter
658 5381 960 5451 perstringit
984 5396 1109 5447 eos;
1142 5384 1429 5440 ostendens
1448 5386 1567 5442 illos
1587 5388 1784 5458 absque
1806 5390 2009 5447 ratione

446 5467 779 5527 convenisse.
809 5467 877 5523 Et
903 5471 1049 5535 nihil,
1081 5472 1272 5541 inquit,
1308 5483 1488 5531 temere
1514 5494 1681 5549 agere.
1709 5480 2006 5538 Ostendens

448 5579 543 5620 eos
564 5561 855 5635 petulanter
881 5564 1072 5635 egisse,
1106 5563 1207 5619 hoc
1234 5565 1383 5624 dixit.
1414 5569 1560 5635 Quod
1579 5572 1621 5625 si
1651 5571 1933 5627 Demetrius
1960 5582 2007 5627 et

442 5656 531 5729 qui
560 5672 671 5711 cum
687 5672 745 5712 eo
765 5668 906 5725 sunt,
933 5658 1112 5713 habent
1137 5658 1372 5716 adversus
1399 5662 1613 5735 aliquem
1633 5680 1859 5734 causam,
1884 5682 2003 5737 pro-

1196 231 1248 286 S.
1286 229 1560 285 .IOANNIS
1608 226 2075 284 CIIRYSOSTOMI
2126 226 2439 282 ARCHIEP.
2479 226 3003 283 CONSTANTINOP.

3626 229 3728 284 500

2159 342 2386 396 consules
2419 350 2554 395 sunt.
2587 341 2697 396 llac
2738 342 2807 396 de
2859 359 2917 397 re
2964 342 3174 412 culpat,
3206 352 3260 398 ct
3288 342 3577 397 ostendens
3619 359 3727 397 non

2158 443 2406 502 oportere
2427 434 2753 504 privatorum
2774 436 3056 490 criminum
3077 450 3233 490 causa
3254 451 3588 490 communem
3614 438 3733 494 fieri

2156 533 2495 579 conventuin.
2528 523 2665 577 Nam
2692 526 2971 592 periculum
2996 535 3087 590 est,
3120 527 3307 595 inquit,
3328 543 3390 580 ne
3414 528 3730 581 accusemu‘r.

2158 615 2268 670 Hac
2295 631 2351 670 re
2382 616 2499 670 illos
2522 616 2572 669 in
2598 617 2867 686 angustias
2891 618 3127 685 conjicit.
3153 617 3275 671 Cum
3295 618 3436 672 nulla
3463 619 3527 673 sit
3549 635 3730 683 causa,

2158 709 2356 778 inquit,
2400 709 2464 762 de
2499 726 2596 778 qua
2623 711 2870 778 possimus
2900 711 3050 779 hujus
3078 712 3316 766 tumultus
3340 711 3585 765 rationem
3613 712 3734 765 red-

2156 802 2293 855 dere.
2332 802 2466 856 Nide
2510 818 2665 871 quam
2718 802 3005 870 prudenter
3050 803 3133 858 vel
3182 802 3418 858 infideles
3466 805 3730 857 rationem

2157 892 2400 955 reddant,
2444 903 2498 946 et
2537 909 2695 963 quam
2725 895 3012 963 sapienter.
3060 896 3148 949 Sic
3190 897 3419 949 furorem
3449 897 3729 949 exstinxit.

2159 980 2224 1036 Ut
2244 989 2383 1037 enim
2410 983 2562 1037 facile
2585 986 2908 1050 accenditur,
2935 986 3151 1054 perinde
3173 986 3323 1041 facile
3348 987 3726 1055 exstinguitur.

2156 1071 2224 1125 Et
2267 1075 2344 1127 his
2384 1075 2530 1128 dictis
2573 1085 2749 1129 cretum
2779 1077 2941 1129 solvit.
2986 1077 3169 1131 Viden'
3203 1078 3364 1132 Deum
3406 1080 3731 1134 tentatioues

2159 1166 2487 1231 permittere.
2519 1182 2581 1220 ac
2608 1183 2701 1235 per
2728 1167 2842 1221 illas
2879 1167 3170 1235 discipulos
3197 1168 3428 1222 excitare
3455 1179 3509 1221 et
3540 1168 3731 1239 vigiles

2154 1258 2376 1312 reddere
2396 1302 2410 1324 ,
2452 1275 2514 1314 ac
2559 1260 2905 1315 ferventiores
2948 1262 3192 1317 efficere?
3221 1262 3296 1316 Ne
3321 1278 3447 1332 ergo
3475 1262 3731 1317 concida-

2153 1362 2270 1401 mus
2298 1348 2348 1402 in
2382 1352 2764 1406 tentationibus
2791 1370 2803 1405 :
2830 1353 2941 1421 ipse
2977 1367 3203 1421 namque
3233 1352 3431 1407 exitum
3460 1353 3637 1421 dabit,
3667 1363 3732 1410 ut

2152 1441 2413 1507 possimus
2442 1444 2723 1498 sustinuere.

2220 1530 2476 1586 zErumna
2500 1537 2686 1590 amicos
2714 1536 2943 1590 devincit.
2969 1538 3289 1607 Comparatio
3315 1539 3494 1593 domus
3519 1541 3730 1610 nuptia-

2149 1637 2260 1674 rum
2293 1640 2408 1677 cum
2454 1626 2602 1679 domo
2653 1628 3084 1682 luctus.-——Nihil
3129 1630 3198 1683 ita
3240 1632 3440 1685 amicos
3486 1631 3729 1686 devincit

2148 1723 2202 1768 et
2243 1717 2515 1787 conjungit
2552 1728 2609 1772 ut
2645 1735 2909 1782 aerumna;
2948 1721 3076 1775 nihil
3120 1722 3192 1775 ita
3235 1721 3466 1776 fidelium
3508 1724 3725 1779 animos

2146 1810 2457 1880 constringit
2484 1820 2539 1866 et
2567 1815 2805 1884 colligat;
2850 1816 2981 1870 nihil
3014 1817 3167 1872 nobis
3195 1818 3497 1873 doctoribus
3519 1833 3726 1888 appor-

2146 1899 2344 1964 tunius,
2376 1911 2432 1955 ut
2461 1901 2599 1957 dicta
2630 1915 2808 1959 nostra
2830 1907 3129 1961 audiantur.
3153 1908 3377 1962 Auditor
3401 1910 3543 1963 enim
3573 1918 3725 1963 tran—

2149 1991 2313 2059 quille
2338 2008 2502 2062 agens
2542 1998 2716 2051 mollis
2740 2007 2824 2052 est
2851 2006 2905 2053 ct
2943 2000 3191 2067 ignavus,
3232 2011 3285 2055 et
3322 2001 3545 2057 moleste
3573 2000 3721 2058 ferre

2143 2082 2349 2137 videtur
2372 2096 2668 2151 oratorem;
2703 2089 2753 2141 in
2780 2092 3035 2144 mrumnis
3058 2108 3187 2145 vero
3211 2102 3264 2145 et
3286 2092 3541 2160 angustiis
3570 2094 3720 2161 posi-

2143 2180 2244 2237 tus,
2277 2174 2326 2226 in
2355 2177 2571 2231 multum
2597 2179 2844 2234 audiendi
2867 2180 3186 2235 desiderium
3211 2183 3410 2237 incidit.
3432 2182 3562 2236 Nam
3588 2198 3718 2238 cum

2141 2264 2351 2334 angitur
2382 2268 2613 2333 animus,
2646 2270 2875 2339 undique
2903 2272 3318 2326 consolationem
3348 2275 3570 2339 quzcrit;
3605 2290 3720 2331 non

2144 2356 2416 2412 minimam
2463 2370 2640 2414 autem
2694 2378 2869 2416 sermo
2920 2364 3074 2418 all‘crt
3120 2365 3557 2422 consolationem.
3606 2368 3722 2423 Cur

2140 2460 2286 2514 ergo,
2320 2447 2546 2516 inquies,
2578 2449 2746 2503 Judaei
2775 2467 2891 2505 cum
2919 2452 3296 2522 affligerentur,
3340 2470 3407 2510 ex
3441 2455 3719 2525 pusillani-

2139 2536 2325 2592 mitate
2366 2553 2469 2593 non
2516 2541 2837 2596 audiebant?
2878 2544 3008 2611 Quia
3048 2545 3215 2600 Judaei
3256 2554 3445 2613 erant,
3497 2565 3718 2619 semper

2140 2626 2430 2684 imbecilles
2450 2642 2503 2684 et
2525 2633 2703 2688 miseri
2730 2652 2743 2687 :
2767 2634 2997 2705 alioquin
3021 2652 3146 2691 vero
3166 2653 3353 2708 magna
3378 2640 3444 2693 ibi
3468 2644 3711 2710 angustia

2137 2729 2282 2786 erat;
2314 2722 2468 2777 nobis
2486 2733 2662 2779 autem
2682 2725 2747 2780 de
2771 2726 3019 2781 mediocri
3043 2738 3124 2783 est
3144 2744 3338 2785 sermo.
3362 2731 3487 2787 Vide
3510 2749 3706 2801 porro:

2137 2812 2521 2879 exspectabant
2563 2814 2637 2868 illi
2678 2815 2890 2871 liberari
2917 2833 2945 2871 a
2975 2819 3128 2873 malis
3154 2822 3499 2889 pra-sentibus
3519 2864 3532 2885 ,
3566 2834 3619 2877 et
3649 2826 3705 2880 in

2135 2902 2377 2969 graviora
2406 2903 2680 2960 innumera
2709 2907 3044 2963 incidebant:
3070 2911 3169 2964 boe
3196 2922 3371 2967 autem
3393 2930 3494 2967 non
3516 2914 3711 2972 leviter

2133 2994 2366 3048 animum
2410 2996 2459 3049 in
2499 3013 2785 3054 mterorem
2816 3000 2991 3055 trahit.
3023 3002 3299 3059 ASrutnua':
3330 3021 3428 3061 nos
3452 3008 3519 3064 ab
3548 3010 3712 3080 hujus

2134 3086 2315 3138 mundi
2343 3085 2532 3141 allectu
2562 3089 2876 3146 abstrahunt
2902 3110 2914 3145 :
2938 3094 3113 3148 statim
3146 3111 3272 3150 vero
3310 3109 3533 3155 mortem
3565 3102 3708 3170 peti-

2134 3188 2282 3238 mus,
2320 3191 2416 3230 nce
2457 3193 2639 3232 sumus
2665 3183 2905 3250 corporis
2932 3194 3222 3252 amatores;
3250 3190 3390 3258 quod
3422 3203 3503 3246 est
3530 3192 3703 3262 philo-

2133 3264 2335 3334 sophia:
2364 3282 2484 3335 pars
2512 3272 2762 3338 maxima,
2789 3288 2892 3327 non
2920 3275 3155 3331 deditum
3178 3294 3278 3334 nec
3296 3281 3553 3338 addictum
3575 3300 3696 3342 esse

2132 3361 2379 3427 praesenti
2409 3362 2549 3416 vitae.
2583 3363 2788 3418 Afflicta
2816 3368 2991 3421 anima
3016 3385 3117 3423 non
3140 3372 3446 3428 vultmultis
3467 3375 3693 3446 interere,

2132 3451 2225 3506 sed
2253 3456 2638 3510 recreationem
2664 3467 2863 3513 tantum
2890 3462 3170 3531 quamdam
3197 3473 3252 3519 et
3270 3467 3491 3535 quietem
3517 3481 3699 3528 amat:

2127 3551 2273 3612 optat
2302 3558 2329 3596 a
2360 3547 2710 3613 praesentibus
2738 3550 2907 3619 eripi,
2940 3553 3148 3609 etiamsi
3174 3556 3306 3611 nihil
3338 3559 3476 3614 aliud
3507 3563 3596 3617 sit.
3627 3562 3702 3622 Ut

2126 3648 2317 3704 corpus
2345 3636 2686 3709 defatigatum
2736 3651 2789 3696 et
2832 3643 2883 3696 in
2930 3645 3140 3700 miseria
3168 3663 3415 3716 versans,
3450 3666 3553 3708 n0u
3588 3657 3703 3714 vult

2126 3740 2305 3781 amare
2333 3742 2432 3783 nec
2464 3731 2633 3784 ventri
2659 3732 2879 3797 servire,
2912 3736 3005 3789 sed
3035 3739 3308 3806 quiescere
3334 3750 3389 3797 et
3419 3745 3701 3815 tranquille

2124 3832 2283 3888 agere
2315 3837 2327 3872 :
2358 3820 2435 3875 sic
2474 3833 2527 3876 et
2564 3824 2736 3877 anima
2780 3826 3070 3882 innumeris
3112 3843 3372 3886 macerata
3415 3836 3597 3897 malis,
3628 3840 3695 3891 ad

2123 3910 2353 3977 quietem
2375 3920 2428 3965 et
2456 3915 2889 3983 tranquillitatem
2918 3916 3149 3973 festinat.
3172 3920 3286 3987 llla,
3306 3939 3424 3992 quae
3442 3925 3495 3979 in
3516 3928 3697 3996 quiete

2122 4002 2248 4070 agit,
2282 4004 2490 4072 stupida
2513 4014 2610 4069 est,
2645 4008 2907 4074 turbatur,
2930 4012 3172 4067 sublimis
3200 4016 3394 4081 fertur;
3427 4018 3541 4075 lucc
3564 4035 3699 4078 vero

2122 4094 2252 4149 nihil
2297 4094 2361 4149 ad
2415 4096 2556 4166 quod
2605 4098 2810 4163 inhiet,
2863 4103 2991 4156 nihil
3040 4104 3236 4160 fluxum
3288 4107 3530 4177 habens,
3579 4121 3691 4165 tota

2119 4189 2529 4257 constringitur,
2569 4206 2668 4245 nec
2694 4193 2920 4249 sublime
2945 4198 3120 4265 sapit:
3144 4208 3197 4252 et
3226 4200 3312 4253 illa
3340 4202 3543 4269 fortior,
3574 4204 3691 4259 lucc

2120 4278 2371 4346 puerilior
2408 4289 2521 4345 est;
2568 4282 2652 4334 illa
2692 4286 2933 4352 gravior,
2987 4288 3098 4342 hmc
3143 4290 3329 4345 levior.
3372 4292 3441 4348 Et
3474 4294 3612 4349 sicut
3640 4297 3688 4350 si

2119 4371 2241 4441 quid
2269 4371 2328 4427 in
2356 4372 2664 4441 profundam
2687 4392 2874 4444 aquam
2900 4379 3117 4449 incidat,
3141 4385 3183 4436 si
3208 4384 3326 4439 leve
3343 4386 3414 4440 sit
3432 4385 3687 4446 ﬂuctuat:

2119 4464 2195 4517 sic
2225 4473 2278 4518 et
2305 4466 2479 4518 anima
2523 4470 2573 4520 in
2602 4469 2846 4538 gaudium
2888 4474 3110 4528 multum
3152 4478 3411 4534 incidens.
3456 4480 3696 4538 Maxima

2118 4569 2245 4609 vero
2267 4566 2481 4624 peccata
2506 4574 2536 4612 a
2561 4560 2726 4614 multa
2750 4564 3017 4633 voluptate
3046 4568 3196 4623 nobis
3218 4571 3345 4625 oriri
3370 4571 3554 4629 videre
3577 4589 3685 4635 εει.

2117 4645 2211 4711 Ει,
2260 4649 2304 4702 si
2356 4649 2560 4718 placet,
2606 4652 2795 4709 domos
2841 4656 2974 4712 duas
3017 4660 3419 4731 describamus;
3458 4666 3684 4723 alteram

2116 4738 2457 4807 nuptiarum,
2505 4741 2725 4797 alteram
2759 4745 2965 4802 luctus:
2994 4749 3043 4802 in
3077 4760 3354 4823 utramque
3384 4766 3565 4812 mente
3603 4759 3686 4812 iu-

2113 4827 2415 4895 grediamur
2439 4848 2453 4885 :
2475 4831 2748 4888 videamus
2776 4848 2889 4892 utra
2933 4840 3003 4893 sit
3030 4842 3236 4897 melior.
3267 4843 3463 4901 Luctus
3485 4826 3683 4906 domus

2115 4918 2414 4973 invenietur
2438 4921 2771 4994 philosoiihia
2798 4927 2970 4996 plena,
3000 4931 3189 4986 domus
3216 4950 3343 4989 vero
3373 4941 3682 5008 nuptiarum

2115 5010 2459 5079 turpitudine.
2498 5014 2627 5072 Vide
2668 5025 3122 5094 namque:turpia
3164 5027 3273 5082 illic
3317 5031 3475 5085 verba
3521 5045 3680 5097 sunt,

2112 5100 2252 5154 risus
2296 5101 2618 5173 inconditus,
2657 5123 2869 5177 gressus
2908 5111 3265 5183 incompositi,
3307 5121 3468 5174 vestis
3504 5133 3558 5176 et
3599 5123 3681 5176 in-

2110 5205 2292 5246 cessus
2326 5194 2649 5263 turpitudiue
2676 5199 2891 5267 plenus,
2919 5214 3101 5271 gestus
3130 5205 3333 5261 insania
3365 5218 3421 5264 et
3447 5212 3680 5267 stultitia

2111 5284 2273 5339 multa
2299 5304 2313 5340 :
2338 5287 2390 5342 in
2430 5303 2634 5345 summa
2665 5292 2797 5348 nihil
2839 5294 2933 5359 ibi,
2982 5311 3142 5366 quam
3180 5299 3320 5355 risus
3362 5311 3416 5357 et
3453 5302 3677 5360 derisio.

2110 5372 2224 5429 Non
2275 5376 2341 5432 de
2380 5379 2510 5448 ipsis
2547 5382 2743 5452 nuptiis
2781 5384 2934 5449 dico,
2977 5387 3144 5455 absit;
3183 5389 3276 5445 sed
3314 5391 3381 5447 de
3419 5393 3515 5459 iis,
3556 5411 3679 5464 qua:

2111 5468 2321 5537 nuptias
2358 5474 2695 5529 comitantur.
2745 5477 2895 5534 Tunc
2932 5491 3118 5535 natura
3158 5481 3515 5540 debacchatur
3542 5505 3553 5539 :
3584 5490 3678 5557 qui

2109 5558 2305 5614 adsunt
2334 5576 2397 5616 ex
2428 5562 2727 5621 hominibus
2762 5568 2913 5625 bruta
2950 5570 3120 5640 fiunt,
3163 5574 3253 5629 alii
3294 5585 3352 5629 ut
3387 5577 3508 5646 equi
3551 5576 3678 5632 hin-

2116 5649 2284 5721 niunt,
2304 5654 2393 5710 alii
2414 5666 2467 5711 ut
2487 5656 2619 5713 asini
2639 5659 2913 5716 calcitrant
2929 5678 2944 5720 :
2963 5679 3150 5736 magna
3170 5666 3461 5733 dissolutio,
3486 5684 3679 5741 magna
