3920 6224
235 361 310 418 E99
1277 362 1345 416 IN
1385 360 1566 416 ACTA
1604 355 2141 417 APOSTOLORUM.
2178 353 2409 410 HOMIL.
2450 355 2608 411 XLH.

242 478 465 545 Ἀχαΐαν,
509 476 869 546 πορεύεσθαι
907 480 995 544 εις
1049 477 1456 547 Ἰεροσόλυμα.
1487 478 1601 530 Οὐκ
1645 476 1724 529 ἔτι
1757 479 1854 531 ἀν-

231 567 472 638 θρωπίνως
505 567 740 621 ἐνταῦθα
765 570 927 629 ποιεῖ,
955 567 1092 621 ἀλλὰ
1123 568 1402 638 Πνεύματι
1427 607 1444 632 ,
1471 562 1517 637 ᾧ
1543 569 1637 622 καὶ
1669 568 1855 640 προεί-

229 655 318 707 λετο
338 654 583 708 διελθεῖν.
615 656 658 706 Τ
659 653 785 708 οῦτο
819 654 929 726 γάρ
953 657 1068 708 ἐστι
1092 655 1180 718 τὸ,
1216 655 1444 720 Ἐθετο,
1475 656 1572 710 καὶ
1599 656 1852 728 τοιαύτην

226 743 396 810 ὀλόγος
422 742 634 796 ἔννοιαν
659 743 792 814 ἔχει.
823 743 981 806 Τίνος
1021 744 1078 796 δὲ
1113 743 1298 798 ἕνεκεν
1338 744 1659 797 ἀποστέλλει
1687 745 1854 814 Τιμό-

226 829 314 882 Θεον
342 830 433 882 καὶ
457 831 754 900 Ἔραστον,
800 831 862 884 οὐ
909 830 1088 900 λέγει’
1126 833 1249 902 ἐμοὶ
1297 832 1356 885 δέ
1393 832 1540 886 δοκεῖ
1583 833 1676 886 καὶ
1725 835 1854 903 περὶ

223 917 376 970 τούτου
400 918 576 970 εἰπεῖν
599 919 683 982 τὸ,
737 920 842 972 Ἐν
876 917 1194 989 Πνῖεύματι.
1241 920 1341 973 Διὸ
1363 920 1574 989 μηκέτι
1603 919 1850 990 στέγον-

221 1022 309 1070 τες,
336 1005 755 1073 εὐδοκήσαμεν
773 1007 1240 1076 καταλειφθῆναι
1263 1008 1332 1060 ἐν
1361 1007 1636 1074 Ἀθήναις
1654 1010 1849 1078 μόνοι.

221 1094 302 1146 Ιίσί
321 1095 439 1161 ὅρα,
470 1093 566 1146 δύο
590 1094 699 1147 τῶν
727 1094 1118 1149 διακονούντων
1152 1095 1301 1166 αὐτῴ
1326 1095 1634 1159 ἀπέστειλε,
1665 1097 1764 1167 τήν
1791 1113 1852 1148 τε

215 1181 487 1251 παρουσίαν
562 1182 892 1249 ἀπαγγεῖλαι
963 1183 1058 1235 καὶ⁹
1114 1183 1552 1254 προθυμοτέρους
1601 1185 1848 1255 ποιῆσαι.

214 1270 433 1325 Μάλιστα
473 1271 694 1324 πάντων
730 1275 798 1343 τῇ
833 1271 987 1342 Ἀσίᾳ
1013 1271 1368 1344 ἐνδιατρίϐει·
1422 1274 1648 1336 εἰκότως
1669 1291 1683 1306 ·
1735 1275 1853 1328 ἐκεῖ

211 1360 296 1428 γὰρ
338 1354 405 1429 ἦν
451 1361 485 1428 ἡ
527 1357 698 1429 πολλὴ
734 1359 934 1429 φατρία
977 1359 1087 1411 τῶν
1136 1359 1458 1429 φιλοσόφων.
1511 1362 1622 1413 Καὶ
1655 1360 1847 1429 ἐλθὼν,

208 1450 343 1501 πάλιν
378 1449 568 1511 αὐτοῖς
605 1448 872 1516 διελέγετο
893 1466 907 1480 ’
951 1449 1045 1504 καὶ
1074 1450 1181 1522 γὰρ
1208 1451 1376 1523 πολλὴ
1397 1449 1464 1523 ἦν
1498 1453 1616 1505 ἐκεῖ
1641 1455 1673 1524 ἡ
1697 1453 1851 1506 δεισιο

203 1535 448 1605 δαιμονία.
505 1536 835 1605 Δημήτριος
894 1538 1004 1607 γάρ
1052 1556 1161 1604 τις,
1191 1541 1376 1610 φησὶν,
1415 1542 1847 1611 ἀργυροκόπος,

203 1626 593 1691 συναθροίσας
621 1625 764 1691 τοὺς
787 1627 921 1694 περὶ
957 1627 1027 1681 τὰ
1059 1629 1302 1683 τοιαῦτα
1344 1631 1618 1698 ἐργάτας,
1646 1631 1814 1684 εἶπεν
1831 1649 1846 1662 θ

208 1711 457 1778 Ἄνδρες,
479 1712 811 1768 ἐπίστασθε
831 1713 930 1767 καί
971 1715 1236 1783 θεωρεῖτε
1274 1718 1372 1770 καὶ
1395 1718 1644 1772 ἀκούετε
1663 1734 1678 1750 ο
1706 1717 1848 1770 οὕτω

209 1800 484 1870 κατάδηλον
525 1797 592 1870 ἦν
649 1800 712 1854 τὸ
767 1803 1079 1872 γινόμενον·
1133 1805 1266 1860 Ὅτι
1319 1801 1520 1872 οὗτος,
1574 1806 1760 1875 φησὶν,
1810 1809 1844 1859 ὁ

213 1888 436 1950 Παῦλος
462 1890 678 1955 πείσας
702 1889 1084 1958 μετέστησεν
1103 1892 1315 1946 ἰκανὸν
1348 1893 1554 1960 ὄχλον.
1590 1894 1754 1946 Ὥστε
1786 1895 1846 1946 οὐ

211 1977 396 2044 βιαίως,
421 1979 464 2028 εἰ
493 1977 734 2029 ἐπεισενο
758 1977 901 2030 οὕτω
931 1978 1012 2032 δεῖ
1035 1979 1240 2032 πείθειν
1270 1980 1446 2032 πόλιν.
1479 1975 1611 2034 Εἶτα
1646 1981 1841 2048 ἐπάγει

206 2066 324 2132 ὅπερ
340 2065 512 2116 αὐτῶν
549 2064 881 2135 καθήπτετο,
902 2066 984 2118 ὅτι
1007 2067 1129 2120 Οὐκ
1153 2067 1272 2120 εἰσί
1295 2066 1413 2120 θεοί
1436 2069 1490 2120 οἱ
1510 2067 1607 2120 διὰ
1633 2066 1848 2136 χειρῶν

201 2152 497 2219 ymo-ﬂerat.
524 2152 590 2202 Τί
615 2153 730 2203 ἐστι
760 2152 948 2218 τοῦτο;
989 2154 1326 2224 Ἀνατρέπει,
1359 2154 1512 2223 φησί,
1536 2153 1633 2224 τὴν
1653 2154 1846 2224 τέχνην

191 2237 280 2307 τὴν
311 2239 607 2308 ἡμετέραν.
660 2239 770 2290 Καὶ
816 2239 900 2291 ἵνα
933 2241 1006 2310 μὴ
1031 2242 1342 2309 ἐννοήσωσι,
1376 2242 1468 2294 καὶ
1492 2240 1737 2305 εἴπωσιν,
1766 2242 1846 2294 ὃτι

192 2325 338 2391 μόνος
360 2324 651 2394 ἄνθρωπος
677 2325 900 2380 τοιαῦτα
946 2327 1139 2396 ἰσχύει,
1174 2329 1266 2380 καὶ
1297 2329 1344 2380 εἰ
1373 2327 1622 2381 τοσοῦτον
1652 2328 1844 2398 ἰσχύει,

191 2411 324 2480 αὐτῷ
344 2412 431 2464 δεῖ
457 2410 761 2478 πείθεσθαι,
780 2413 1086 2484 ἐπήγαγεν·
1116 2417 1222 2470 Ἦν
1256 2415 1368 2482 ὅλη
1404 2419 1441 2484 ἠ
1471 2417 1643 2470 Ἀσία
1675 2416 1774 2470 καὶ
1807 2419 1846 2486 ἠ

189 2499 500 2568 οἰκουμένη
547 2500 803 2554 σέϐεται.
840 2500 951 2572 Τὴν
975 2503 1156 2574 φωνὴν
1183 2503 1362 2556 αὐτῶν
1389 2504 1556 2574 ῷοντο
1588 2506 1850 2574 ἐπιτειχί-

191 2586 290 2648 ζειν
317 2588 399 2657 τῷ
433 2587 709 2657 Πνεύματι
739 2588 817 2659 τῷ
855 2588 1004 2659 θείῳ,
1039 2589 1190 2653 ὄντες
1223 2592 1410 2653 παῖδες
1427 2591 1708 2662 Ἕλληνες.
1753 2593 1848 2645 Ἐκ

189 2673 379 2743 ταύτης
435 2675 537 2743 τῆς
582 2677 865 2744 ἐργασίας,
918 2678 1117 2747 φησὶν,⁸
1159 2680 1191 2748 ἡ
1227 2678 1454 2748 εὐπορία
1503 2680 1661 2749 ἡμῶν
1712 2681 1848 2733 ἐστι.

191 2761 288 2812 Καὶ
333 2763 384 2813 εἰ
436 2761 544 2814 ἀπὸ
571 2762 774 2831 ταύτης
800 2763 901 2832 τῆς
930 2765 1190 2835 ἐργασίας
1213 2765 1444 2837 εὐπορία
1473 2766 1601 2836 ύμῖν
1636 2767 1851 2836 περιγί-

189 2863 352 2908 νεται,
393 2848 514 2910 πῶς
544 2849 762 2902 ἔπεισεν
794 2849 1078 2920 ἄνθρωπος
1119 2852 1377 2923 εὐτελής;
1431 2853 1548 2917 πῶς
1583 2855 1848 2924 τοσαύτης

190 2936 453 3006 ἐκράτησε
499 2937 819 3008 συνηθείας;
862 2939 912 2991 τί
956 2940 1124 2992 ποιῶν
1173 2942 1206 3010 ἢ
1235 2942 1287 2994 τί
1323 2942 1531 3009 λέγων;
1587 2943 1698 2996 Οὐκ
1733 2941 1848 2996 ἐστι

192 3023 417 3086 Παύλου,
453 3024 556 3077 οὐκ
588 3025 736 3079 ἐστιν
781 3027 991 3097 ἀνδρός.
1047 3028 1155 3082 Καὶ
1197 3027 1354 3082 τοῦτο
1383 3031 1540 3101 ἀρκεῖ
1565 3030 1624 3083 τὸ
1653 3031 1846 3094 εἰπεῖν,

186 3113 263 3164 ὅτι
293 3114 415 3165 Οὐκ
457 3111 581 3166 είσί
610 3115 756 3167 θεοί.
782 3115 844 3167 Εἰ
873 3115 971 3185 μὲν
999 3113 1091 3170 οὖν
1122 3116 1294 3180 οὕτως
1324 3117 1638 3189 εὐφώρατον
1658 3117 1721 3171 τὸ
1751 3120 1850 3190 τῆς

187 3195 680 3259 ἀσεϐείαςι,πάλαι
713 3200 1299 3270 καταγνωσθῆναιέδειο
1329 3200 1454 3253 εἰδὲ
1488 3202 1726 3273 ἰσχυρὸν,
1752 3204 1850 3273 οὐχ

190 3283 360 3349 οὕτως
387 3286 750 3356 ἀναιρεθῆναι
777 3289 1004 3358 ταχέως.
1043 3292 1122 3342 Οὐ
1148 3292 1340 3357 μόνον
1369 3289 1456 3351 δὲ,
1495 3291 1647 3359 φησὶ,
1674 3290 1850 3344 τοῦτο

196 3373 518 3428 κινδυνεύει
556 3375 702 3444 ἡμῖν
745 3377 810 3430 τὸ
847 3379 1047 3446 μέρος.
1089 3378 1174 3440 Ὡς
1199 3378 1263 3448 δή
1306 3378 1357 3430 τί
1397 3396 1525 3432 ποτε
1559 3381 1742 3450 μεῖζον
1767 3379 1849 3432 λέ-

202 3473 316 3521 των.
345 3461 506 3515 τοῦτο
534 3463 832 3532 ἐπήγαγεν.
866 3465 1262 3531 Ἀκούσαντες
1292 3465 1360 3518 δὲ
1416 3466 1514 3518 καί
1545 3469 1848 3536 γενόμενοι

202 3546 433 3614 πλήρεις
453 3551 644 3619 θυμοῦ
675 3552 951 3619 ἔκραζον·
999 3553 1240 3623 Μεγάλη
1296 3555 1335 3620 ὴ
1387 3555 1652 3624 Ἄρτεμις
1683 3557 1850 3624 Ἐφε-

195 3635 352 3688 σίων.
390 3639 550 3691 Κατά
587 3639 738 3692 πόλιν
788 3641 896 3712 γὰρ
925 3641 1105 3704 αὐτοῖς
1131 3637 1271 3712 ἦσαν
1299 3642 1427 3694 θεοί.
1473 3644 1582 3695 Καὶ
1602 3642 1742 3696 οὕτω
1773 3644 1849 3696 δι-

192 3720 414 3788 έκειντο,
442 3727 515 3789 ὡς
540 3727 628 3780 δια
655 3728 751 3798 τῆς
779 3729 961 3798 φωνῆς
985 3728 1357 3800 ἀνακτώμενοι
1384 3730 1444 3783 τὸ
1475 3730 1637 3795 σέϐας
1658 3732 1845 3802 αὐτῆς,

191 3812 282 3863 καὶ
305 3813 371 3864 τὰ
397 3815 734 3884 γεγενημένα
765 3816 1108 3880 ἀναλύοντες.

256 3900 472 3970 γ’.ὐρα
501 3903 732 3956 ἄτακτον
768 3902 988 3973 πλῆθος.
1017 3904 1126 3957 Τοῦ
1147 3903 1215 3957 δὲ
1233 3905 1500 3971 Παύλου,
1531 3905 1684 3976 φησὶ,
1705 3907 1848 3970 ,ϐου-

193 3984 444 4051 ἱεμένου
466 3990 762 4043 εἰσελθεῖν
789 3993 876 4055 εὶς
909 3991 1014 4043 τὸν
1041 3989 1252 4060 δῆμον,
1279 3994 1390 4046 οὐκ
1409 3994 1548 4046 ετων
1576 3994 1762 4048 αὑτὸν
1791 3997 1846 4049 οί

187 4076 460 4138 μαθηταί.
489 4076 549 4128 ὐ
572 4078 671 4147 μὲν
695 4073 788 4131 οῦν
817 4077 1028 4142 Παῦλος
1054 4079 1303 4132 ἐϐούλετο
1327 4079 1588 4133 εἰσελθεῖν
1615 4082 1847 4152 δημηγο-

195 4159 358 4227 ρῆσαι
377 4179 389 4191 ·
409 4162 553 4235 [δῖ’]
578 4167 702 4228 τούς
728 4167 837 4235 γὰρ
866 4166 1137 4235 διωγμοὺς
1164 4167 1467 4238 ἐλάμϐανεν
1492 4169 1570 4231 είς
1591 4169 1846 4223 διδασκα-

193 4245 314 4300 λίαν
332 4266 344 4278 '
367 4250 476 4302 ἀλλ’
501 4253 550 4304 οἰ
575 4252 814 4322 μαθηταὶ
835 4255 934 4306 οὐκ
959 4255 1083 4306 εῖων
1101 4254 1280 4308 αὐτόν.
1308 4255 1527 4319 Σκόπει,
1553 4256 1693 4329 πόσῃ
1719 4259 1846 4328 περὶ

191 4335 353 4388 αὐτὸν
368 4340 583 4411 προνοίᾳ
613 4342 904 4411 κέχρηνται
938 4343 1231 4413 πανταχοῦ.
1256 4344 1365 4396 Καὶ
1390 4345 1448 4410 ἐξ
1469 4345 1646 4414 ἀρχῆς
1681 4346 1844 4400 αὐτὸν

189 4421 470 4493 Ξξήγαγον,
501 4428 640 4482 ὥστε
673 4431 747 4499 μὴ
773 4432 900 4500 περὶ
928 4431 996 4483 τὰ
1019 4432 1207 4502 καίρια
1257 4431 1442 4484 λαϐεῖν
1469 4433 1568 4501 τὴν
1594 4433 1806 4503 πληγήν
1825 4447 1839 4462 ⁸

187 4511 454 4582 καίτοιγε
504 4518 760 4586 ἧκουσαν,
815 4519 896 4570 ὅτι
947 4519 1027 4571 δεῖ
1083 4520 1177 4572 καὶ
1220 4518 1436 4588 Ῥώμην
1487 4518 1643 4572 ἰδεῖνο
1695 4521 1844 4591 ὅμως

183 4599 499 4655 κωλύουσιν.
561 4606 931 4674 Οἱκονομικῶς
984 4606 1039 4658 δὲ
1085 4605 1465 4676 προαγορεύει.
1525 4606 1609 4659 ἵνα
1642 4607 1716 4676 μὴ
1767 4606 1842 4676 τῷ

179 4691 459 4761 γενομένῳ
487 4692 877 4761 θορυϐηθῶσιν.
907 4693 1092 4755 Οὕτως
1125 4692 1244 4746 οὐδέ
1291 4692 1519 4762 πάσχειν
1572 4711 1623 4747 τι
1681 4695 1842 4747 αὐτὸν

175 4774 460 4831 ἐϐούλοντο
493 4781 541 4830 ιι.
569 4781 676 4831 Καὶ
716 4778 832 4832 τῶν
863 4779 1167 4848 ἀσιαρχῶν
1195 4779 1261 4832 δέ
1283 4797 1442 4846 τινες
1463 4779 1843 4848 παρεκάλουν

169 4863 386 4928 αὐτὰ,
417 4869 570 4935 φησὶ,
617 4869 703 4936 μὴ
759 4867 1054 4922 εἰσελθεῖν
1094 4870 1179 4932 εις
1224 4868 1290 4922 τὸ
1320 4869 1584 4937 θέατρον.
1630 4869 1842 4932 Εἰδότες

169 4950 347 5003 αὐτοῦ
375 4956 475 5025 τὴν
504 4955 834 5024 πῳθυμίαν,
863 4955 1204 5024 παρεκάλουν
1224 4972 1238 4986 ο
1287 4956 1428 5010 οὕτω
1455 4959 1654 5020 πάντες
1679 4957 1840 5010 αὐτὸν

167 5036 393 5100 ἐφείη-δν
436 5044 484 5093 οί
528 5043 728 5095 πιστοί.
764 5043 870 5094 Καὶ
918 5044 1062 5106 τίνος
1089 5044 1294 5108 ἕνεκεν,
1324 5045 1559 5115 φησὶν,ό
1589 5045 1838 5109 Ἀλέξανο

163 5121 302 5191 δρῦς
346 5129 595 5182 ἐϐούλετο
625 5130 1045 5198 ἀπολογεῖσθαι;
1088 5131 1161 5202 μὴ
1192 5132 1298 5203 γάρ
1342 5133 1503 5196 αὐτὸς
1536 5132 1836 5202 ἐνεκλήθη;

165 5211 336 5266 Ὥστε
383 5218 574 5287 καιρὸν
624 5219 820 5289 εὑρεῖν,
852 5221 944 5270 καὶ
975 5219 1036 5271 τὸ
1071 5221 1175 5272 πᾶν
1205 5221 1575 5290 καταστρέψαι
1624 5222 1717 5274 καὶ
1749 5224 1842 5274 ἐκ·-

159 5301 372 5355 ιαῦσαι
406 5304 499 5357 τοῦ
551 5306 724 5375 δήμου
773 5307 863 5359 τὸν
908 5306 1097 5376 θυμόν.
1157 5303 1308 5368 Εἶδες
1355 5307 1523 5376 θυμὸν
1575 5307 1838 5370 ἀτακτον;

155 5386 369 5452 Καλῶς
396 5394 492 5444 καὶ
517 5393 909 5461 ἐπιτιμητικῶς
942 5396 971 5446 ὁ
1008 5396 1390 5464 γραμματεὺς,
1420 5396 1516 5460 Τίς
1548 5395 1698 5454 ἐστι.
1732 5414 1837 5467 φη-

157 5475 274 5538 σὶν,
326 5479 400 5544 ὃς
454 5482 530 5533 οὺ
587 5479 864 5548 γινώσκει
912 5481 1026 5547 τὴν
1074 5481 1364 5550 Ἐφεσίων
1399 5484 1614 5545 πόλιν;
1655 5482 1840 5547 Οὕτως

153 5563 337 5615 εἰπὼν
390 5567 522 5637 περὶ
556 5559 617 5619 οῦ
648 5568 966 5635 ἐφοϐοῦντο·
999 5568 1129 5622 ῶσεί
1179 5569 1381 5636 ἔλεγεν⁹
1416 5570 1491 5622 Οὐ
1515 5570 1837 5640 θεραπεύετ.

155 5652 372 5715 αὐτήηες
423 5655 534 5707 Καὶ
568 5656 670 5708 οὐκ
699 5652 838 5719 εἷπε,
881 5657 978 5720 Τίς
1015 5657 1121 5730 γάρ
1174 5659 1342 5720 ἐστιν,
1377 5656 1436 5720 ὃς
1466 5657 1525 5708 οὐ
1582 5657 1839 5726 γινώσκει

153 5739 262 5804 τὴν
303 5743 370 5792 Ἀ
385 5758 608 5811 ρτεμιν;
649 5743 805 5805 ἀλλὰ.
837 5743 955 5811 Τὴν
977 5746 1154 5800 πόλιν
1198 5744 1298 5817 τὴν
1338 5746 1640 5816 ἡμετέρανο
1683 5745 1839 5818 θερα-

155 5826 352 5878 πε-ᾆων
413 5829 632 5892 αὐτούς.
682 5831 1144 5902 Ἀναντιρρήτων
1180 5830 1296 5890 οὖν
1355 5833 1579 5888 τούτων
1627 5835 1836 5901 ὄντων,

225 5960 254 5988 ³
279 5961 424 6008 Cum
443 5963 501 6010 τὸ
525 5970 607 6019 τῆς
631 5964 871 6019 εὐσεϐείας

157 6036 376 6082 manu
399 6041 443 6072 τι
467 6026 609 6074 αὐτόν
632 6027 867 6076 ἐῧουλετο.

952 5966 980 6007 b
1007 5965 1134 6022 ldem
1183 5965 1524 6034 θορυϐηθῶσιν·
1548 5964 1650 6014 ἀλλ’
1686 5967 1835 6023 οὕτως
1894 6014 1912 6022 ,

1956 473 2098 528 δέον
2134 472 2304 527 ἐστὶν
2352 471 2507 540 ὑμᾶς
2540 471 3058 543 κατεσταλμένους
3101 476 3410 544 ὑπάρχειν.
3440 476 3624 531 Ταῦτα

1954 561 2112 634 δῆθεν
2133 561 2372 630 ἐγκαλεῖ,
2412 561 2687 632 μονονουχὶ
2725 561 2896 630 λέγων
2917 580 2930 594 ·
2985 562 3050 616 Τί
3077 563 3253 617 τοίνυν
3285 564 3497 634 ζητεῖτε
3548 566 3624 631 ὼς

1957 649 2168 720 ἀδήλων
2199 648 2404 714 δντων;
2458 650 2710 720 φανερὸν,
2742 649 2817 714 ὡς
2859 653 2891 722 ἡ
2922 650 3077 722 ὕϐρις
3107 651 3186 714 εἰς
3212 652 3312 724 τὴν
3342 651 3461 706 θεὸν
3505 651 3623 706 δια-

1957 737 2154 791 ϐαίνει.
2212 737 2514 808 Πρόσιημα
2562 738 2659 808 τὴν
2693 737 2971 792 εὐσέϐειαν
3003 738 3280 792 ἐϐούλοντο
3311 743 3484 793 ποιεῖν
3530 739 3622 796 τοῦ

1953 825 2360 896 χρηματισμοῦ.
2391 821 2524 880 Εἶτα
2565 826 2749 896 ἠρέμα
2781 826 3116 880 καθάπτεται
3141 827 3340 893 αὐτῶν,
3386 828 3621 891 δεικνὺς,

1951 916 2034 967 ὅτι
2063 913 2364 981 ἀλογίστως
2409 914 2690 985 συνῆλθον.
2730 913 2839 968 Καὶ
2889 915 3104 984 μηδὲν,
3140 917 3294 986 φησί,
3331 917 3622 984 προπετὲς

1950 999 2252 1068 σφάττειν.
2305 1003 2549 1065 Δεικνύς,
2582 1003 2662 1055 δτι
2697 1003 2984 1076 προπετῶς
3039 1003 3295 1075 ἔπραξαν,
3345 1003 3502 1058 τοῦτο
3538 1001 3619 1057 εἷ-

1951 1105 2074 1141 πεν.
2103 1090 2171 1143 Ει
2195 1089 2313 1159 μὲν
2340 1086 2453 1145 οὖν
2487 1089 2812 1159 Δημήτριος
2840 1091 2938 1144 καὶ
2986 1095 3040 1144 οί
3065 1091 3186 1144 σὺν
3211 1089 3370 1156 αὐτῷ
3410 1094 3622 1162 ἔχουσι

1951 1177 2101 1244 πρός
2147 1195 2280 1232 τινα
2311 1182 2518 1248 λόγον,
2571 1180 2904 1234 ἀνθύπατοί
2946 1182 3085 1233 εἰσι.
3122 1180 3231 1232 Καὶ
3288 1178 3445 1232 τοῦτο
3476 1179 3622 1246 λέγει

1951 1265 2219 1333 ἐγκαλῶν,
2246 1268 2338 1320 καὶ
2355 1268 2565 1330 δεικνύς
2586 1270 2669 1321 ὅτι
2695 1271 2794 1322 οὐκ
2817 1269 2922 1322 ἔδει
2949 1268 3231 1322 ἰδιωτικῶν
3257 1268 3622 1338 ἐγκλημάτων

1950 1355 2136 1408 ’ἐνεκεν
2175 1354 2355 1426 κοινὴν
2390 1355 2685 1424 ἐκκλησίαν
2719 1357 3009 1411 ποιεῖσθαι.
3051 1357 3160 1410 Καὶ
3190 1357 3297 1426 γὰρ
3317 1357 3624 1410 κινδυνεύ-

1949 1460 2112 1511 ομεν,
2155 1442 2339 1511 φησὶν,
2375 1442 2774 1511 ἐγκαλεῖσθαι.
2809 1444 2994 1514 Τούτῳ
3043 1443 3246 1514 σφόδρα
3297 1444 3492 1507 αὐτοὺς
3546 1443 3623 1496 δι-

1948 1531 2248 1600 ηπόρησεν.
2301 1530 2560 1594 Οὐδενὸς
2589 1533 2800 1594 αἰτίου,
2831 1534 3014 1601 φησὶν,
3056 1530 3453 1600 ὑπάρχοντος,
3487 1532 3622 1598 περί

1948 1612 2020 1671 οὗ
2055 1616 2435 1686 δυνησόμεθα
2467 1621 2654 1688 λόγον
2705 1619 2913 1673 δοῦναι
2953 1619 3060 1688 τῆς
3100 1619 3454 1688 συστροφῆς
3483 1621 3622 1672 tat}-

1947 1721 2074 1769 της.
2113 1707 2252 1775 Ὅρα
2303 1706 2418 1769 πῶς
2467 1709 2516 1759 οἱ
2557 1707 2774 1760 ἄπιστοι
2821 1709 3099 1778 φρονίμως
3147 1707 3541 1776 ἀπολογοῦνται
3568 1719 3617 1770 ο,

1949 1795 2063 1856 πῶς
2110 1796 2364 1859 συνετῶς.
2400 1797 2585 1862 Οὕτως
2633 1798 2820 1854 ἔσϐεσε
2866 1799 2958 1852 τὸν
3020 1797 3210 1870 θυμόν.
3263 1799 3475 1869 Ὥσπερ
3503 1797 3612 1869 γάρ

1949 1882 2145 1953 ῥᾳδίως
2207 1884 2522 1949 ἐξάπτεται,
2579 1884 2720 1938 οὕτω
2770 1887 2862 1939 καὶ
2897 1886 3093 1957 ῥᾳδίως
3138 1885 3440 1940 σϐέννυται.
3508 1885 3619 1938 Καὶ

1947 1970 2132 2024 ταῦτα
2163 1971 2366 2035 εἰπὼν,
2396 1974 2668 2028 ἀπέλυσε
2695 1974 2808 2042 τὴν
2839 1975 3196 2042 ἐκκλησίαν,
3231 1973 3413 2045 φησίν.
3457 1973 3616 2044 Ὁρᾷς

1947 2058 2037 2110 τὸν
2079 2061 2209 2113 Θεὸν
2265 2061 2651 2132 συγχωροῦντα
2701 2065 2827 2126 τούς
2883 2063 3244 2134 πειρασμοὺς,
3282 2063 3375 2114 καὶ
3423 2061 3618 2129 διεγεί-

1949 2162 2110 2215 ροντα
2137 2148 2230 2200 καὶ
2249 2149 2618 2216 ἀφυπνίζοντα
2638 2152 2761 2213 τοὺς
2789 2150 3031 2220 μαθητάς
3053 2149 3260 2212 τούτοις
3282 2148 3374 2200 καὶ
3397 2148 3617 2218 σφοδρο-

1947 2234 2138 2304 τέρους
2167 2235 2562 2306 ἐργαζόμενον,
2623 2237 2713 2308 Μὴ
2742 2239 2806 2307 δὴ
2834 2238 3265 2306 καταπίπτωμεν
3291 2239 3403 2298 τοῖς
3425 2251 3616 2305 πειρα-

1949 2325 2106 2391 σμοῖς
2125 2338 2139 2353 °
2179 2323 2341 2387 αὐτὸς
2367 2324 2474 2396 γὰρ
2511 2327 2720 2396 ποιήσει
2746 2326 2837 2379 καὶ
2861 2325 2958 2396 τὴν
2984 2324 3204 2378 ἑκϐασιν
3236 2323 3329 2376 106
3359 2323 3616 2376 δύνασθαι

1948 2410 2288 2479 ὑπενεγκεῖν.

2018 2497 2181 2550 Οὐδὲν
2210 2497 2352 2552 οὕτω
2394 2500 2582 2568 φίλους
2621 2503 2766 2554 ποιεῖ
2798 2503 2892 2555 καὶ
2927 2503 3248 2573 συγκροτεῖ,
3289 2500 3363 2563 ῶς
3388 2498 3563 2568 θλίψις
3598 2514 3613 2528 °

1947 2583 2098 2636 οὐδὲν
2117 2583 2260 2638 οὕτω
2284 2587 2463 2640 συνδεῖ
2490 2589 2582 2641 καὶ
2603 2588 3038 2658 ἐπισφίγγειτῶν
3059 2588 3266 2641 πιστῶν
3285 2588 3384 2651 τὰς
3400 2587 3576 2657 ψυχάς
3596 2601 3613 2618 ⁸

1948 2671 2098 2724 οὐδὲν
2125 2675 2254 2743 ἡμῖν
2274 2677 2385 2738 τοῖς
2415 2675 2752 2740 διδασκάλοις
2776 2677 2946 2740 οὕτως
2978 2676 3280 2748 ἐπιτήδειον
3312 2675 3448 2746 πρὸς
3473 2674 3531 2726 τὸ
3548 2674 3618 2728 τὰ

1950 2762 2078 2830 παρ’
2099 2762 2252 2831 ἡμῶν
2275 2763 2548 2834 λεγόμενα
2568 2765 2879 2820 ἀκούεσθαι.
2918 2768 3003 2819 Ἐν
3027 2765 3126 2837 μὲν
3147 2765 3254 2835 γὰρ
3278 2766 3459 2818 ἀνέσει
3483 2781 3614 2832 τυγ-

1947 2850 2125 2916 χάνων
2170 2850 2465 2921 ἀκροατὴς,
2531 2853 2728 2923 χαῦνός
2777 2855 2837 2906 τέ
2903 2857 3017 2906 ἐστι
3072 2853 3164 2906 καί
3210 2851 3476 2922 ῥᾴθυμος,
3521 2850 3617 2903 καὶ

1948 2936 2278 3004 ἐνοχλεῖσθαι
2311 2938 2460 2991 δοκεῖ
2496 2942 2652 3010 παρὰ
2686 2940 2780 2993 τοῦ
2808 2940 3052 3008 λέγοντος
3087 2957 3102 2970 ο
3139 2942 3194 2994 ἐν
3223 2941 3279 2992 δὲ
3312 2939 3488 3008 θλίψει
3521 2939 3614 2992 καὶ

1951 3026 2283 3097 στενοχωρίᾳ
2314 3028 2394 3089 είς
2419 3026 2617 3098 πολλὴν
2653 3028 2944 3098 ἐπιθυμίαν
2978 3027 3294 3099 ἀκροάσεως
3328 3026 3612 3097 ἐμπίπτει.

1949 3111 2462 3184 Στενοχωρούμενος
2510 3115 2618 3184 γὰρ
2657 3114 2754 3184 τὴν
2804 3114 3019 3184 ψυχὴν,
3068 3113 3405 3183 πανταχόθεν
3462 3113 3616 3183 ζητεῖ

1951 3199 2304 3270 παραμυθίαν
2349 3201 2448 3270 τῆς
2487 3201 2715 3270 θλίψεως
2752 3202 2929 3272 εὐρεῖν
2963 3219 2975 3230 ·
3001 3202 3060 3254 οὐ
3109 3202 3309 3271 μικρὰν
3358 3199 3415 3252 δέ
3459 3201 3614 3271 φέρει

1959 3284 2115 3352 λόγος
2156 3287 2530 3358 παραμυθίαν.
2589 3289 2652 3341 Τί
2702 3286 2814 3353 οῦν,
2868 3289 3052 3359 φησὶν,
3105 3290 3152 3340 οἱ
3197 3287 3466 3354 Ἰουδαῖοι;
3497 3287 3614 3350 πῶς

1950 3372 2252 3444 θλιϐόμενοι
2291 3376 2397 3428 ἀπὸ
2421 3377 2520 3446 τῆς
2549 3375 2896 3447 όλιγοψυχίας
2923 3377 3022 3430 οὐκ
3053 3378 3283 3447 ῆκουονς
3327 3376 3447 3427 Ὅτι
3483 3376 3614 3428 Ἰου-

1947 3461 2084 3512 δαῖοι
2122 3456 2282 3531 ἦσαν,
2314 3465 2364 3515 οἰ
2397 3464 2484 3516 ἀεὶ
2518 3463 2765 3528 ἀσθενεῖς
2803 3465 2897 3518 καὶ
2933 3464 3268 3535 ταλαίπωροι
3297 3480 3314 3496 ο
3347 3463 3522 3527 ἄλλως
3553 3481 3614 3518 τε

1948 3550 2042 3600 καὶ
2059 3549 2140 3602 ἔτι
2162 3549 2254 3602 καί
2272 3553 2387 3603 ἐκεῖ
2399 3551 2608 3623 πολλὴὴ
2625 3551 2798 3621 θλίψις
2825 3540 2913 3623 ἦν,
2937 3554 3067 3623 ἡμῖν
3089 3551 3144 3604 δέ
3164 3550 3312 3624 [522]
3338 3553 3465 3625 περὶ
3487 3564 3614 3624 συμο

1950 3639 2147 3707 μέτρου
2176 3639 2204 3690 ό
2226 3639 2549 3712 λόγος.”ορα
2584 3641 2710 3712 γάρ’
2743 3641 3147 3711 προσεδόκησαν
3180 3639 3613 3694 ἀπαλλάττεσθαι

1946 3726 2055 3778 τῶν
2075 3716 2416 3798 ’κατεχόντων
2449 3731 2644 3795 αὐτοὺς
2675 3731 2860 3784 κακῶν
2885 3732 3104 3796 ἐκεῖνοι,
3140 3732 3233 3783 καὶ
3273 3730 3484 3801 μυρίοις
3511 3746 3612 3782 πε-

1950 3815 2194 3886 ριέπεσον
2232 3818 2430 3886 μᾶλλον
2464 3819 2656 3881 δεινοῖς
2685 3835 2698 3850 ·
2734 3818 2891 3872 τοῦτο
2927 3820 2984 3873 δέ
3023 3821 3121 3889 οὐχ
3159 3819 3234 3882 ὡς
3261 3821 3448 3889 ἔτυχεν
3477 3818 3612 3870 ἀπο.

1951 3905 2032 3971 ρεῖ
2051 3901 2247 3973 ψυχήν.
2275 3906 2340 3955 Αἰ
2368 3903 2574 3972 θλίψεις
2621 3905 3007 3976 ἀποσχίζουσιν
3060 3909 3208 3977 ἡμᾶς
3266 3907 3361 3977 τῆς
3396 3921 3611 3976 συμπα-

1947 3989 2095 4050 θείας
2119 3990 2215 4058 τῆς
2252 3989 2389 4060 πρὸς
2421 3992 2513 4043 τὸν
2556 3992 2799 4060 παρόντα
2827 3992 3031 4062 κόσμον
3061 4009 3075 4022 σ
3113 3992 3311 4056 εὐθέως
3363 3992 3495 4060 γοῦν
3519 3993 3609 4045 τὸν

1945 4076 2172 4130 θάνατον
2213 4077 2507 4147 αἰτοῦμεν,
2544 4080 2639 4131 καί
2677 4079 2776 4131 οὐκ
2813 4079 2979 4150 ἐσμὲν
3022 4079 3388 4149 φιλοσώματοι
3425 4096 3438 4110 ·
3471 4080 3609 4149 ὅπερ

1948 4165 2205 4234 μέγιστον
2250 4165 2568 4234 φιλοσοφίας
2633 4166 2800 4237 μέρος
2837 4167 2974 4231 ἐστὶ,
3027 4166 3101 4238 μὴ
3154 4167 3438 4236 κεχηνέναι
3472 4167 3607 4237 μηδέ

1947 4252 2329 4322 προσδεδέσθαι
2360 4257 2426 4325 τῇ
2468 4254 2716 4326 παρούσῃ
2754 4255 2888 4324 ζωῇ.
2929 4254 2995 4307 ἸΙ
3035 4254 3323 4323 θλιϐομένη
3360 4253 3506 4325 ψυχὴ
3544 4256 3605 4307 οὐ

1958 4340 2207 4410 βούλεται
2267 4342 2397 4412 περὶ
2453 4341 2622 4395 πολλὰ
2670 4338 2829 4406 εἶναι,
2895 4341 3007 4394 ἀλλ’
3066 4341 3419 4404 ἀναπαύσεώς
3464 4359 3605 4407 τινος

1948 4429 2108 4498 μόνον
2133 4429 2227 4482 καὶ
2251 4428 2477 4499 ἡσυχίας
2509 4431 2609 4500 ἐρᾷ
2634 4445 2647 4460 ⁸
2677 4430 2960 4499 ἀγαπητὸν
2996 4430 3130 4500 αὐτῇ
3174 4431 3281 4482 τῶν
3326 4429 3606 4500 παρόντων

1944 4515 2344 4586 ἀπαλλαγῆναι,
2403 4517 2507 4570 κᾶν
2571 4517 2737 4587 μηδὲν
2797 4518 2980 4585 ἕτερον
3137 4517 3401 4588 Καθάπερ
3451 4517 3607 4586 σῶμα

1944 4605 2251 4674 πεπονηκὸς
2309 4604 2404 4658 καὶ
2458 4605 2871 4674 ταλαιπωρηθέν
2935 4605 3032 4658 οὐκ
3076 4606 3206 4675 ἐρᾷν
3249 4603 3513 4674 βούλεται,
3543 4606 3602 4657 οὐ

1943 4691 2348 4761 γαστρίζεσθαι,
2380 4691 2496 4744 ἀλλ’
2540 4692 2917 4746 ἀναπαύεσθαι
2974 4694 3068 4746 καὶ
3113 4694 3286 4763 ἡσυχῇ
3336 4692 3550 4745 κεῖσθαι
3586 4708 3601 4722 ·

1943 4776 2086 4830 οὕτω
2115 4781 2208 4830 καί
2253 4779 2396 4850 ψυχὴ
2446 4780 2662 4850 μυρίοις
2719 4779 3102 4850 ταριχευθεῖσα
3141 4778 3166 4815 ἀ
3201 4781 3410 4841 κακοῖς,
3467 4778 3602 4848 πρὸς

1943 4867 2249 4919 ἀνάπαυσιν
2283 4869 2376 4920 καὶ
2405 4867 2632 4936 ἡσυχίαν
2679 4866 2959 4934 ἐπείγεται
3013 4863 3168 4918 εἶναι.
3206 4867 3266 4918 Ἦ
3326 4868 3382 4917 ἐν
3420 4866 3602 4918 ἀνέσει

1942 4948 2075 5006 οῦσα
2105 4955 2384 5025 ἐπτόηται,
2424 4953 2797 5024 τεθορύϐηται,
2836 4953 3106 5022 μετέωρός
3155 4954 3338 5004 ἐστιν’
3369 4951 3508 5022 αὕτη
3543 4954 3602 5006 δέ

1943 5040 2093 5092 οὐδὲν
2116 5042 2342 5111 κεχηνὸς
2364 5041 2560 5108 ἔχουσα
2606 5041 2725 5092 οὐδέ
2766 5040 3036 5110 διαρρέον,
3093 5040 3186 5110 ὅλη
3212 5040 3601 5110 συνὲσφιγκται

1943 5128 2036 5180 καὶ
2062 5129 2214 5196 μένει
2247 5127 2646 5197 ἀμετεώριστος
2692 5143 2706 5157 ⁸
2745 5129 2830 5180 καὶ
2865 5130 2897 5197 ἡ
2949 5129 3044 5196 μὲν
3082 5128 3448 5200 ἀνδρειοτέρα,
3481 5133 3513 5203 ἡ
3545 5132 3601 5186 δὲ

1942 5214 2308 5286 παιδικωτέρα
2335 5215 2448 5266 ἐστί
2483 5231 2497 5245 ο
2535 5216 2626 5267 καὶ
2649 5216 2681 5283 ἡ
2707 5215 2803 5283 μὲν
2831 5214 3121 5285 βαρυτέρα,
3145 5219 3177 5287 ἡ
3198 5216 3255 5269 δὲ
3279 5221 3598 5290 κουφοτέρα.

1943 5303 2050 5354 Καὶ
2082 5303 2332 5372 καθάπερ
2380 5305 2436 5353 ἐν
2477 5301 2654 5371 πολλῷ
2693 5301 2843 5354 ὕδατι
2895 5304 3131 5373 ἐμπεσόν
3174 5323 3225 5358 τι
3270 5305 3470 5376 κοῦφον
3503 5325 3599 5361 σα-

1940 5386 2156 5439 λεύεται
2185 5403 2199 5418 ·
2233 5387 2374 5440 οὕτω
2402 5388 2498 5440 καὶ
2537 5391 2616 5452 εἰς
2642 5389 2836 5460 πολλὴν
2877 5392 3049 5460 χαρὰν
3083 5394 3398 5462 ἐμπεσοῦσα
3431 5395 3597 5464 ψυχή.

1939 5476 2050 5528 Καὶ
2070 5477 2136 5528 τὰ
2164 5475 2395 5546 μέγιστα
2431 5477 2487 5530 δὲ
2515 5480 2643 5548 ἡμῖν
2685 5480 3054 5552 ἁμαρτήματα
3103 5484 3210 5536 ἀπὸ
3256 5483 3454 5552 πολλῆς
3480 5484 3599 5552 ἠδο-

1941 5563 2039 5632 νῆς
2070 5564 2411 5634 γεγενημένα
2465 5565 2561 5618 ἴδοι
2593 5584 2676 5629 τις
2722 5568 2808 5622 ἀν.
2859 5571 2968 5623 Καὶ
3015 5571 3065 5622 εἰ
3113 5569 3385 5640 βούλεσθε,
3421 5570 3599 5631 οἰκίας

1943 5652 2352 5723 ὐπογράψωμεν
2370 5653 2482 5720 δύο,
2513 5655 2612 5724 τὴν
2638 5657 2734 5726 μὲν
2765 5658 3104 5728 γαμούντων,
3133 5661 3230 5726 τὴν
3260 5658 3314 5709 δὲ
3346 5655 3598 5709 πενθούν-

1941 5756 2048 5792 των
2078 5753 2090 5766 ·
2127 5740 2456 5811 εἰσέλθωμεν
2502 5742 2580 5812 τῷ
2613 5743 2756 5815 λόγῳ
2777 5746 2914 5816 πρὸς
2948 5746 3240 5815 ἑκατέρους
3260 5759 3274 5772 ο
3294 5742 3492 5811 ἴδωμεν
3515 5743 3599 5807 τίς

1941 5826 2084 5891 τίνος
2116 5826 2354 5897 βελτίων.
2386 5828 2756 5902 Εὐρεθήσεται
2788 5834 2895 5903 γάρ
2922 5837 2954 5904 ὴ
2980 5832 3070 5884 τοῦ
3110 5829 3430 5893 πενθοῦντος
3458 5832 3600 5900 φιλο-

1945 5919 2132 5987 σοφίας
2190 5922 2455 5993 γέμουσα,
2507 5924 2542 5994 ή
2597 5923 2654 5976 δε
2707 5922 2801 5976 τοῦ
2849 5920 3147 5994 γαμοῦντος
3191 5921 3596 5995 ἀσχημοσύνης,

2009 6027 2034 6057 ⁸
2071 6025 2433 6091 Ἀπυὶυγυῦνται
2457 6029 2664 6078 dccslin
2689 6026 2991 6086 quibusdam.
3085 6023 3112 6062 ἀ
3135 6023 3278 6075 Alius
3294 6029 3594 6089 ταραχθεῖσα.
