4002 6224
367 344 466 400 501

365 457 508 528 Ὅρα
562 457 670 525 γάρ
701 469 716 483 ⁹
748 452 944 523 αἰσχρά
1009 453 1125 506 ἐκεῖ
1156 463 1182 493 ⁸
1235 453 1474 524 ῥήματα,
1524 453 1696 525 γέλως
1755 453 2010 519 ἄτακτος,

365 543 585 616 βήματα
607 541 961 610 ἀτακτότερα,
1005 539 1170 612 στολὴ
1226 542 1321 594 καὶ
1376 541 1585 612 βάδισις
1630 539 2016 612 ἀσχημοσύνης

361 631 626 702 γέμουσα,
685 630 937 700 σχήματα
989 629 1189 701 πολλῆς
1239 629 1422 692 ἀνοίας
1471 631 1566 683 καὶ
1607 630 1816 700 μωρίας
1861 646 1876 662 ο
1919 632 2013 684 καὶ

361 718 500 782 ὅλως
523 717 672 770 οὐδὲν
691 717 879 789 ἕτερον
923 717 958 788 ἢ
1010 717 1186 771 πάντα
1240 717 1411 787 γέλως
1451 718 1546 771 καὶ
1597 717 1911 786 κατάγελως
1943 717 2012 770 τὰ

361 808 499 861 ἐκεῖ.
527 806 640 878 Οὐχ
667 809 696 861 ὁ
745 807 944 880 γάμος,
997 806 1158 876 λέγω,
1205 807 1278 878 μὴ
1324 807 1532 876 γένοιτο
1563 824 1576 837 ·
1611 806 1750 862 ἀλλά
1798 807 1866 860 τά
1889 805 2018 878 περὶ

360 893 451 947 τὸν
488 893 685 964 γάμον.
730 893 1154 964 Ἐκϐακχεύεται
1198 895 1320 948 τότε
1358 897 1392 965 ἡ
1437 895 1628 963 φύσις,
1679 895 1851 962 άλογα
1895 895 2017 948 ἀντι

361 980 667 1051 ἀνθρώπων
697 982 747 1034 οἱ
770 981 1036 1053 παρόντες
1065 981 1322 1050 γίνονται,
1371 984 1420 1035 οί
1468 983 1564 1053 μὲν
1599 982 1673 1044 ὡς
1708 983 1863 1035 ἵπποι
1886 999 2017 1052 χρε-

363 1069 691 1141 μετίζουσιν,
712 1071 762 1123 οἱ
784 1069 840 1122 δὲ
871 1070 947 1133 ὡς
973 1069 1083 1123 δνοι
1103 1069 1409 1134 λακτίζουσι
1429 1086 1444 1101 ·
1466 1069 1633 1143 πολλὴ
1653 1071 1685 1140 ἡ
1703 1070 1945 1140 διάχυσις
1963 1069 2012 1135 δ,

361 1157 533 1228 πολλὴ
566 1159 602 1228 ῆ
635 1157 896 1222 διάλυσις,
954 1158 1105 1212 οὐδὲν
1170 1157 1475 1222 σπουδαῖον,
1537 1159 1689 1212 οὐδὲν
1717 1160 1963 1226 γενναῖον
1995 1175 2012 1190 ο

360 1245 530 1318 πολλὴ
553 1247 671 1300 ἐκεῖ
695 1245 788 1299 τοῦ
820 1246 1064 1299 διαϐόλου
1091 1247 1124 1316 ἠ
1154 1245 1370 1317 πομπὴ,
1404 1245 1677 1316 κύμϐαλα,
1713 1245 1888 1310 αὐλοὶ,
1921 1248 2012 1302 καὶ

358 1333 578 1408 ᾅσματα
605 1335 861 1404 πορνείας
885 1335 1118 1404 γέμοντα
1142 1335 1236 1387 καὶ
1264 1333 1524 1404 μοιχείας.
1563 1333 1710 1388 Ἀλλ’
1737 1334 1835 1387 οὐκ
1865 1335 2010 1402 ἐκεῖ,

358 1421 489 1475 ἔνθα
507 1422 568 1475 τὸ
585 1421 799 1488 πένθος,
819 1421 957 1476 ἀλλά
981 1421 1158 1476 πάντα
1183 1421 1420 1475 εὖτακτα
1438 1439 1453 1452 ο
1485 1420 1650 1492 πολλὴ
1673 1421 1781 1492 γάρ
1802 1423 1835 1493 ἡ
1860 1422 2008 1493 σιγὴ,

355 1509 529 1581 πολλὴ
569 1511 849 1582 ήὴσυχία,
893 1509 1059 1580 πολλὴ
1107 1511 1140 1581 ἠ
1189 1509 1512 1581 καταστολὴ,
1557 1510 1708 1562 οὐδὲν
1755 1510 2009 1576 ἄτακτον,

357 1597 512 1651 οὐδὲν
540 1597 815 1669 ἄρρυθμον
839 1614 853 1628 ο
878 1597 931 1648 εῖ
956 1596 1038 1660 τίς
1059 1614 1112 1650 τι
1156 1597 1248 1649 καὶ
1287 1595 1602 1664 ἐφθέγξατο,
1648 1596 1828 1650 πάντα
1869 1596 2012 1666 φιλο-

360 1683 551 1752 σοφίας
580 1684 817 1753 γέμοντα
856 1685 1075 1754 ῥήματα
1107 1681 1407 1752 ἐφθέγξατο
1437 1697 1452 1712 ·
1485 1685 1577 1736 καὶ
1607 1683 1666 1735 :0
1693 1683 1758 1754 δὴ
1799 1682 2011 1755 θαυμα-

361 1771 506 1836 στὸν,
533 1771 615 1824 ὅτι
650 1771 790 1842 παρ’
815 1771 1020 1824 ἐκεῖνον
1065 1771 1154 1824 τὸν
1198 1771 1386 1842 καιρὸν
1435 1771 1533 1824 οὐκ
1586 1771 1775 1842 ἄνδρες
1826 1771 2007 1841 μόνον,

357 1858 494 1914 ἀλλά
517 1859 610 1913 καὶ
630 1859 818 1912 οίκεῖοι
842 1858 934 1912 καὶ
958 1861 1212 1930 γυναῖκες
1250 1858 1616 1928 φιλοσοφοῦσι.
1646 1860 1880 1928 Τοιαύτη
1900 1859 2008 1930 γάρ

353 1947 389 2018 ἡ
411 1946 504 2000 τοῦ
531 1947 758 2008 πένθους
791 1946 969 2014 φύσις.
1004 1947 1116 2000 Καὶ
1155 1947 1369 2000 δοκοῦσι
1417 1947 1515 2017 μὲν
1558 1946 1893 2018 παρακαλεῖν
1915 1947 2006 2000 τὸν

355 2030 674 2096 πενθοῦντα,
713 2033 880 2104 μυρία
927 2033 985 2090 δὲ
1041 2031 1366 2102 φθέγγονται
1404 2032 1646 2102 δόγματα
1691 2032 2007 2102 φιλοσοφίας

359 2121 534 2192 μεστά
561 2137 576 2151 ·
605 2121 760 2190 εὐχαὶ
800 2119 1001 2184 εὐθέως
1041 2119 1184 2173 ὥστε
1222 2119 1382 2190 μέχρι
1415 2118 1602 2172 τούτου
1639 2119 1854 2188 στῆναι,
1911 2121 2007 2174 καὶ

357 2210 533 2265 ἱκανοὶ
563 2211 613 2263 οί
645 2210 736 2264 τὸν
779 2209 1124 2282 πεπονηκότα
1187 2208 1686 2280 παραμυθούμενοι,
1744 2208 1838 2262 καὶ
1900 2209 2006 2263 ἀπ-

355 2299 685 2370 αριθμὴσεις
710 2298 816 2352 τῶν
831 2299 1053 2352 τοιαῦτα
1074 2296 1410 2352 πενθούντων
1430 2295 1639 2368 μυρίαι.
1655 2295 1719 2348 Τί
1735 2296 1843 2367 γάρ
1859 2298 2006 2351 ἐστιν

353 2389 672 2459 ἀνθρωπος;
705 2386 817 2457 Τῆς
845 2387 1054 2454 φύσεως
1087 2385 1328 2450 ἐξέτασις
1351 2385 1448 2454 τῆς
1466 2384 1759 2456 ἡμετέρας.

422 2477 485 2530 δ’.
499 2476 564 2528 Τί
577 2475 753 2529 τοίνυν
769 2475 914 2528 ἐστὶν
929 2473 1024 2528 ἀνθ
1032 2489 1230 2544 ρωπος;
1247 2471 1351 2526 Τοῦ
1371 2471 1482 2542 βίου
1499 2473 1592 2526 καὶ
1600 2472 1698 2541 τῆς
1713 2471 1985 2534 εὐτελείας

356 2561 509 2639 [525]
547 2562 710 2616 αὐτοῦ
740 2561 1061 2634 κατηγορία,
1095 2559 1397 2630 ἀνάμνησις
1435 2559 1544 2612 τῶν
1574 2560 1631 2611 ὲν
1653 2557 1730 2628 τῷ
1759 2557 2003 2628 μέλλοντι

355 2650 717 2724 πραγμάτων,
764 2649 864 2718 τῆς
900 2647 1152 2717 κρίσεως.
1178 2647 1446 2710 Ἕκαστος
1499 2645 1678 2699 οἴκαδε
1712 2646 2001 2716 ἀναχωρεῖ,

357 2739 465 2794 ἀπὸ
497 2738 595 2809 μὲν
624 2737 800 2807 γάμου
833 2735 1187 2805 λυπούμενος,
1245 2735 1325 2788 ὅτι
1373 2733 1439 2806 δὴ
1493 2733 1654 2795 αὐτὸς
1709 2733 1782 2803 μὴ
1814 2734 1871 2784 έν
1910 2733 2003 2785 εύ-

352 2826 565 2902 πραγίᾳ
607 2825 751 2880 ἐστίν
789 2840 805 2856 ο
855 2824 964 2878 ἀπὸ
997 2822 1055 2877 δὲ
1096 2821 1324 2885 πένθους
1356 2820 1657 2891 ἀνειμένος,
1713 2819 1794 2873 ὅτι
1826 2819 1889 2891 δὴ
1930 2819 2005 2892 μὴ

349 2915 573 2968 τοιαῦτα
630 2913 820 2978 ἔπαθε,
878 2912 970 2964 καὶ
1010 2909 1109 2980 τὴν
1161 2909 1468 2980 φλεγμονὴν
1519 2907 1720 2969 σϐέσας
1789 2906 2004 2961 ἃπασαν

351 3002 613 3076 ἀπῆλθεν.
661 3000 822 3054 Ἀλλά
876 2999 965 3064 τί;
1019 2997 1194 3061 θέλεις
1241 2996 1310 3050 τά
1358 2996 1739 3066 δεσμωτήρια,
1789 2997 1884 3049 καὶ
1936 2996 2004 3048 τά

351 3089 553 3160 θέατρα
601 3086 1076 3156 ἀντεξετάσωμεν;
1124 3085 1182 3137 '0
1235 3084 1333 3154 μὲν
1395 3082 1504 3153 γὰρ
1563 3081 1809 3150 θλίψεως,
1874 3083 1902 3134 ό
1948 3082 2006 3136 δὲ

350 3177 542 3252 ἡδονῆς
569 3176 750 3238 τόπος.
783 3174 915 3244 Φέρε
973 3167 1100 3237 οὖν,
1149 3171 1346 3240 ἴδωμεν
1375 3168 1444 3222 τὰ
1481 3167 1538 3234 ἐξ
1563 3168 1835 3238 ἑκατέρων
1869 3185 2006 3238 συμ-

352 3268 623 3324 ϐαίνοντα.
671 3266 820 3320 Ἐκεῖ
865 3263 1148 3333 φιλοσοφία
1197 3261 1412 3331 πολλή·
1453 3259 1580 3314 ἔνθα
1625 3259 1734 3330 γάρ
1776 3259 2001 3330 ἀθυμία,

349 3355 446 3415 καὶ
474 3353 759 3428 φιλοσοφία
784 3353 1020 3413 πάντως.
1036 3349 1095 3403 ⁸0
1123 3349 1228 3418 πρὸ
1248 3347 1437 3400 τούτου
1460 3346 1722 3412 πλουτῶν,
1743 3349 1771 3400 ὁ
1795 3348 2003 3418 μεγάλα

350 3443 558 3513 φυσῶν,
584 3440 679 3496 καὶ
718 3439 811 3492 τοῦ
868 3438 1122 3509 τυχόντος
1169 3435 1418 3499 ἀνέξεται
1460 3434 1842 3505 διαλεγομένου
1869 3436 2004 3506 1:90;

349 3530 533 3594 αὑτὸν,
559 3529 652 3582 τοῦ
683 3527 847 3598 φόϐου
878 3526 972 3580 καὶ
997 3525 1096 3595 τῆς
1125 3523 1362 3594 ἀθυμίας
1385 3522 1632 3593 καθάπερ
1659 3521 1801 3586 τινὸς
1833 3523 2016 3594 πυρὸςθ

351 3615 704 3692 σφοδροτέρου
739 3611 1088 3676 ἐπιπεσόντος
1133 3609 1298 3665 αὑτοῦ
1339 3613 1406 3681 τῇ
1449 3610 1630 3682 ψυχῇ,
1671 3611 1766 3666 κα)⁵
1801 3612 1995 3682 μαλάτ.

348 3722 529 3773 τοντος
559 3703 618 3756 :0
648 3701 877 3773 σκληρόν
906 3716 921 3732 ⁸
954 3700 1076 3753 τότε
1106 3698 1359 3761 ταπεινὸς
1379 3699 1603 3766 γίνεται,
1622 3699 1740 3753 τότε
1767 3699 2006 3772 σκυθρω-

349 3795 451 3855 πὸς
479 3805 527 3858 ο,
550 3793 670 3847 τότε
719 3792 818 3862 τῆς
876 3788 1176 3861 μεταϐολῆς
1243 3787 1556 3842 αἰσθάνεται
1596 3789 1695 3860 τῆς
1721 3788 1998 3861 βιωτικῆς,

347 3883 468 3939 τότε
508 3882 766 3953 καρτερεῖ
807 3878 942 3951 πρὸς
1001 3876 1195 3932 πάντα.
1237 3877 1328 3932 Ἐν
1375 3877 1432 3930 δὲ
1483 3877 1692 3949 θεάτρῳ
1725 3878 1902 3932 πάντα
1933 3880 2001 3934 τά

347 3970 587 4033 ἐναντία,
618 3968 810 4037 γέλως,
838 3966 1150 4040 αἰσχρότης,
1181 3964 1373 4037 πομπὴ
1398 3965 1693 4038 διαϐολικὴ,
1731 3965 1998 4036 διάχυσις,

345 4059 608 4132 ἀνάλωμα
635 4057 850 4132 χρόνου,
891 4056 984 4110 καὶ
1009 4055 1221 4126 δαπάνη
1257 4055 1478 4126 ἡμερῶν
1512 4055 1761 4126 περιττὴ,
1815 4055 2002 4109 ἐπιθυ-

350 4148 478 4224 μίας
506 4148 706 4206 ἀτόπου
734 4144 1067 4215 κατασκευὴ,
1089 4144 1336 4222 ’μοιχείας
1363 4142 1582 4213 μελέτη,
1622 4143 1873 4215 πορνείας
1903 4159 2001 4210 γυ-

349 4241 593 4312 μνάσιον,
611 4237 901 4298 ἀκολασίας
924 4233 1308 4295 διδασκαλεῖον,
1331 4231 1609 4302 προτροπὴ
1626 4231 1996 4305 αἱσχρότητος,

345 4328 581 4401 γέλωτος
625 4324 900 4390 ὑπόθεσις,
947 4321 1330 4393 ἀσχημοσύνης
1382 4319 1820 4390 παραδείγματα.
1859 4319 1998 4372 Ἀλλ’

347 4413 410 4467 00
431 4413 493 4466 τὸ
521 4411 891 4481 δεσμωτήριον
915 4405 1152 4462 τοιοῦτον
1178 4419 1193 4434 ⁶
1215 4405 1331 4461 ἀλλ’
1365 4406 1482 4459 ἐκεῖ
1505 4405 1996 4477 ταπεινοφροσύνῃ,

345 4501 714 4576 παράκλησις,
737 4495 1050 4568 φιλοσοφίας
1088 4493 1390 4568 προτροπὴ,
1435 4493 1706 4564 ὑπεροψία
1729 4493 1839 4548 τῶν
1879 4496 1998 4564 βιω.

345 4590 516 4648 τικῶν
565 4605 579 4620 ⁸
633 4587 809 4641 πάντα
837 4584 1143 4654 πεπάτηται
1197 4583 1292 4637 καὶ
1349 4583 1849 4654 καταπεφρόνηται,
1905 4586 2000 4640 καὶ

347 4677 599 4748 καθάπερ
648 4673 843 4743 παιδίῳ
883 4668 1231 4738 παιδαγωγὸς
1271 4671 1301 4722 ό
1335 4669 1500 4738 φόϐος
1537 4671 1825 4740 ἐφέστηκε,
1861 4672 1997 4743 πρὸς

348 4767 524 4823 πάντα
541 4763 609 4821 τά
635 4761 823 4816 δέοντα
850 4758 1130 4831 ῥυθμίζων
1151 4757 1331 4810 αὐτόν.
1373 4756 1509 4810 Ἀλλ’
1532 4760 1580 4810 εί
1607 4757 1806 4828 βούλει,
1835 4760 1996 4814 πάλιν

347 4855 548 4925 ἑτέρως
599 4849 944 4920 ἐξετάσωμεν
965 4848 1091 4911 τοὺς
1145 4844 1340 4908 αὐτοὺς
1395 4845 1610 4909 τόπους.
1672 4845 1999 4920 Ἐϐουλόμην

349 4942 624 5011 συντυχεῖν
673 4935 942 5008 ἀνθρώπῳ
993 4933 1100 4988 ἀπὸ
1151 4932 1377 5004 θεάτρου
1428 4932 1686 4994 κατιόντι,
1740 4937 1833 4989 καὶ
1857 4937 2000 5009 ἄλλῳ

346 5025 454 5078 ἀπὸ
489 5021 858 5096 δεσμωτηρίου
908 5017 1124 5082 ἐξιόντι,
1170 5018 1266 5070 καὶ
1321 5011 1460 5078 εἶδες
1509 5015 1576 5068 ἂν
1630 5016 1724 5069 τοῦ
1777 5019 1874 5089 μὲν
1895 5022 1993 5092 τὴν

345 5111 522 5187 ψυχὴν
559 5109 921 5180 ἐπτοημένην,
976 5104 1436 5177 τεθορυϐημένην,
1486 5103 1780 5176 δεδεμένην
1807 5109 1994 5174 δντως,

345 5197 444 5254 τοῦ
470 5199 527 5253 δὲ
548 5197 858 5272 ἀνειμένην,
874 5195 1168 5263 λελυμένην
1184 5234 1198 5259 ,
1224 5192 1629 5264 ὲπτερωμένην.
1673 5195 1730 5248 '0
1754 5197 1852 5266 μὲν
1893 5200 2000 5269 γάρ

351 5287 459 5344 ἀπὸ
481 5284 574 5344 τοῦ
605 5282 832 5354 θεάτρου
859 5283 1149 5351 ἀναχωρεῖ,
1183 5284 1303 5344 ταῖς
1330 5280 1485 5350 δψεσι
1514 5281 1623 5334 τῶν
1663 5284 1782 5336 ἐκεῖ
1803 5302 1998 5353 γυναι-

350 5376 464 5431 κῶν
513 5371 845 5449 προσδεθεὶς,
895 5371 1094 5433 παντὸς
1149 5370 1368 5440 σιδήρου
1419 5369 1772 5443 χαλεπώτερα
1819 5375 2000 5445 φέρων

349 5463 544 5535 δεσμά,
576 5464 702 5524 τοὺς
720 5459 915 5522 τόπους
941 5459 1067 5521 τοὺς
1090 5460 1224 5523 ἐκεῖ,
1240 5457 1307 5510 τά
1326 5459 1566 5529 ῥήματα,
1599 5459 1668 5512 τά
1703 5463 1958 5532 σχήματα
1983 5486 1995 5499 ·

351 5558 383 5609 ό
417 5554 474 5608 δὲ
498 5551 605 5608 ἀπὸ
630 5547 1022 5622 δεσμωτηρίου,
1055 5547 1270 5599 πάντων
1314 5546 1542 5611 ἀνεθεὶς,
1569 5548 1668 5601 οὐκ
1699 5549 1778 5602 ἐτι
1804 5553 2000 5624 ἡγήσε-

350 5661 440 5700 ται
465 5642 692 5712 πάσχειν
718 5653 769 5689 τι
791 5633 980 5696 δεινὸν,
1011 5635 1121 5697 τοῖς
1149 5633 1257 5686 τῶν
1295 5632 1496 5703 ἐτέρων
1531 5635 1599 5686 τά
1629 5635 1791 5689 αὑτοῦ
1827 5657 2001 5714 παρα..

352 5729 580 5786 ϐάλλων.
615 5727 736 5780 Ὅτι
763 5726 824 5778 οὐ
849 5723 1079 5787 δέδεται,
1124 5723 1283 5794 χάριν
1340 5720 1545 5775 εἵσεται
1595 5721 1801 5789 λοιπὸν,
1829 5744 1998 5784 κατα-

354 5819 608 5887 φρονήσει
640 5813 748 5869 τῶν
791 5811 1144 5887 ἀνθρωπίνων
1182 5811 1543 5882 πραγμάτων,
1576 5810 1806 5876 πολλοὺς
1842 5817 2002 5872 πλού.

417 5905 599 5967 afri-[.21
639 5903 781 5952 deest
823 5906 872 5952 in
929 5916 1042 5952 uno.
1140 5900 1168 5940 ιτ
1214 5902 1266 5951 lu
1295 5901 1466 5950 eodem
1497 5901 1645 5958 πο)).ὴ
1699 5901 1728 5957 ἡ
1789 5901 2001 5967 διάχυσις

358 5963 514 6021 deesl.
580 5969 601 5996 ο
615 5967 754 6017 Alius
773 5967 1170 6030 σκυθρωπότερος.

1128 335 1188 393 S.
1226 333 1507 396 JOANNIS
1541 333 2027 394 CHRYSOSTOMI
2069 335 2387 396 ARCHIEP.
2425 339 2965 401 CONSTANTINOP.

3664 346 3770 402 502

2117 454 2343 520 τοῦντας
2363 457 2504 528 δρῶν
2532 459 2590 512 έν
2621 462 2948 532 συμφοραῖς,
2979 459 3148 514 πολλά
3175 461 3268 516 καὶ
3300 462 3512 532 μεγάλα
3535 461 3769 534 δυναμέ-

2117 557 2241 606 νους
2264 544 2358 596 καὶ
2385 544 2696 616 δεδεμένους
2723 549 2839 600 ἐκεῖ
2862 563 2877 578 ·
2904 546 3004 601 κᾶν
3025 547 3220 612 ἀδίκως
3238 566 3290 602 τι
3318 551 3485 622 πάθη,
3514 552 3609 605 καὶ
3633 551 3767 622 πρὸς

2118 627 2276 680 τοῦτο
2324 632 2651 702 καρτερήσει
2693 648 2708 662 ο
2749 633 2842 686 καὶ
2877 633 2987 704 γάρ
3029 634 3120 688 καὶ
3150 635 3340 689 τούτου
3371 630 3540 689 πολλά
3562 639 3679 689 ἐκεῖ
3701 638 3769 690 τά

2121 715 2484 788 ὖποδείγματα
2512 735 2526 749 ·
2561 721 2641 784 είς
2663 719 2868 774 ἔννοιαν
2901 720 3177 775 ἐλεύσεται
3206 725 3308 794 τῆς
3335 723 3634 793 μελλούσης
3653 725 3770 793 κρί-

2117 818 2275 867 σεως,
2311 806 2404 859 καὶ
2439 806 2618 877 φρίξει
2648 810 2774 871 τοὺς
2795 809 2996 872 τόπους
3029 809 3260 862 ἐνταῦθα
3301 809 3462 880 ὁρῶν.
3495 811 3769 882 Καθάπερ

2113 889 2222 960 γάρ
2249 892 2481 948 ἐνταῦθα
2511 897 2569 948 ἐν
2596 895 2951 967 δεσμωτηρίῳ
2983 897 3490 968 συγκεκλεισμένος,
3519 897 3769 969 ἐπιεικὴς

2113 978 2251 1049 πρὸς
2282 981 2487 1045 πάντας
2527 982 2674 1036 ἐστίν
2717 999 2732 1015 ·
2775 983 2917 1038 οὕτω
2950 985 3188 1038 κάκεῖνοι
3217 985 3322 1055 πρὸ
3363 984 3467 1055 τῆς
3504 985 3766 1056 κρίσεως,

2115 1066 2223 1137 πρὸ
2247 1068 2345 1138 τῆς
2380 1069 2676 1140 μελλούσης
2703 1072 2933 1141 ἡμέρας,
2953 1072 3089 1144 πρὸς
3115 1077 3366 1141 γυναῖκα,
3389 1075 3527 1144 πρὸς
3554 1075 3766 1136 παιδία.

2114 1153 2249 1224 πρὸς
2281 1155 2406 1218 τοὺς
2435 1156 2654 1220 οἰκέτας
2678 1157 2887 1212 ἔσονται
2915 1159 3329 1231 ἐπιεικέστεροι.
3364 1159 3517 1213 Ἀλλ’
3540 1162 3650 1215 ἀπὸ
3673 1161 3767 1217 τοῦ

2114 1239 2342 1312 θεάτρου
2363 1243 2461 1312 οὐχ
2481 1241 2674 1306 οὕτως,
2697 1244 2813 1297 ἀλλ’
2835 1246 3158 1318 ἀηδέστερον
3179 1247 3368 1316 ὄψεται
3388 1250 3485 1318 τὴν
3509 1254 3767 1317 γυναῖκα,

2112 1327 2206 1380 καί⁵
2227 1327 2492 1400 δυσχερὴς
2515 1329 2651 1402 πρὸς
2681 1331 2806 1395 τοὺς
2838 1332 3066 1396 οἰκείους
3095 1333 3265 1398 ἔσται,
3295 1333 3770 1406 παροξυνθήσεται

2111 1415 2250 1487 πρὸς
2280 1417 2350 1470 τά
2390 1419 2598 1484 παιδία,
2627 1419 3090 1492 ὲκθηριωθήσεται
3111 1423 3246 1493 πρὸς
3275 1423 3504 1489 πάντας.
3537 1427 3770 1494 Μεγάλαι

2109 1504 2253 1557 κακά
2300 1504 2367 1558 τά
2432 1506 2634 1577 θέατρα
2681 1509 3088 1579 παρασκευάζει
3124 1513 3243 1574 ταῖς
3283 1510 3492 1574 πόλεσι,
3527 1513 3767 1583 μεγάλα,

2109 1592 2204 1646 καὶ
2229 1593 2349 1646 οὐδὲ
2373 1592 2529 1647 τοῦτο
2559 1594 2714 1664 ῖσμεν
2749 1597 2830 1650 ὅτι
2861 1597 3092 1667 μεγάλα.
3127 1597 3190 1650 Εἰ
3209 1598 3266 1651 δὲ
3297 1599 3398 1652 οὐκ
3423 1600 3767 1670 ἀπεκάμετε,

2108 1677 2447 1751 ἐξετάσωμεν
2472 1680 2619 1752 [524]
2645 1683 2882 1746 καὶτοὺς
2909 1683 3002 1736 τοῦ
3024 1683 3254 1752 γέλωτος
3281 1687 3496 1750 τόπους,
3523 1688 3596 1740 τά
3631 1705 3697 1740 συ
3705 1707 3770 1759 μ-

2109 1767 2273 1821 πόσια
2309 1766 2470 1836 λέγω,
2513 1769 2641 1823 ἔνθα
2679 1771 2969 1841 παράσιτοι
3014 1773 3109 1825 καὶ
3135 1772 3363 1834 κόλακες
3390 1775 3484 1827 καὶ
3523 1774 3699 1846 πολλὴ
3736 1779 3769 1848 ἡ

2107 1855 2306 1926 τρυφὴ,
2341 1857 2436 1909 καὶ
2462 1857 2656 1922 τόπους
2685 1859 2918 1931 ἑτέρους,
2951 1858 3079 1914 ἔνθα
3120 1860 3281 1930 χωλοὶ
3325 1863 3420 1915 καὶ
3469 1861 3768 1934 ἀνάπηροι.

2107 1942 2273 1996 Πάλιν
2293 1945 2410 1996 ἐκεῖ
2429 1944 2528 2014 μὲν
2559 1945 2700 2015 μέθη
2720 1946 2815 1999 καὶ
2839 1946 3017 2018 τρυφὴ
3043 1948 3138 2000 καὶ
3160 1947 3424 2019 διάχυσις,
3453 1949 3694 2003 ἐνταῦθα
3710 1951 3769 2005 δὲ

2104 2029 2434 2088 τούναντίον.
2458 2031 2601 2102 Ὅρα
2626 2033 2718 2085 καὶ
2737 2033 2829 2086 ἐπὶ
2856 2033 2951 2086 τοῦ
2980 2033 3251 2104 σώματος,
3274 2035 3400 2090 ὅταν
3431 2034 3766 2110 φλεγμαίνει,

2107 2115 2234 2170 ὅταν
2254 2117 2484 2190 εὐπαθῇ,
2515 2121 2774 2192 ταχίστην
2823 2120 2934 2192 ἔχει
2986 2122 3120 2198 πρὸς
3162 2123 3315 2177 νόσον
3367 2124 3723 2194 μετάπτωσιν
3752 2144 3763 2156 ·

2107 2206 2233 2262 ὅταν
2258 2209 2315 2261 δὲ
2341 2211 2772 2281 κατεσταλμένον
2796 2207 2861 2285 ᾖ,
2896 2212 2992 2282 οὐχ
3034 2211 3224 2276 οὕτως.
3253 2213 3371 2266 ἰνα
3402 2213 3457 2266 δὲ
3494 2216 3766 2283 σαφέστε-

2110 2314 2200 2368 ρον
2224 2299 2352 2368 ὑμῖν
2376 2299 2404 2351 ὃ
2423 2299 2566 2366 λέγω
2595 2301 2804 2370 ποιήσω
2830 2299 2857 2338 ἀ
2884 2338 2898 2363 ,
2926 2301 3066 2352 ἔστω
3097 2300 3256 2369 σῶμα
3303 2299 3424 2370 ἕχον
3455 2301 3591 2353 πολὺ
3625 2298 3766 2372 αἷμα

2105 2385 2200 2439 καὶ
2225 2385 2435 2456 σάρκας
2483 2386 2681 2450 πολλάς
2720 2387 2814 2440 καὶ
2869 2387 3113 2457 σφριγῶν
3143 2404 3156 2416 ·
3189 2386 3345 2440 τοῦτο
3392 2389 3486 2442 καὶ
3518 2391 3629 2442 ἀπὸ
3662 2391 3766 2461 τῆς

2106 2471 2374 2543 τυχούσης
2417 2472 2625 2543 τροφῆς
2659 2473 2892 2546 πυρετὸν
2936 2474 3224 2543 δυνήσεται
3251 2477 3449 2540 τεκεῖν,
3477 2475 3551 2528 ’ἂν
3579 2476 3766 2540 ἁπλῶς

2103 2561 2340 2633 ἀργήσῃ.
2387 2562 2569 2616 Ἔστω
2607 2562 2665 2616 δὲ
2711 2563 2895 2633 ἕτερον
2943 2560 3084 2632 λιμῷ
3141 2562 3337 2632 μᾶλλον
3399 2562 3624 2616 παλαῖον
3670 2565 3766 2618 καὶ

2105 2647 2279 2716 θλίψει
2317 2665 2330 2678 ·
2373 2649 2528 2702 τοῦτο
2567 2649 2870 2702 δυσάλωτον
2923 2650 3018 2702 καὶ
3073 2647 3572 2717 δυσκαταγώνιστον
3625 2652 3763 2721 πρὸς

2104 2735 2434 2806 ἀρρωστίαν.
2457 2733 2604 2807 Αἷμα
2633 2738 2736 2790 κᾶν
2770 2737 2923 2805 ὑγιὲς
3024 2737 3082 2788 ἐν
3110 2738 3243 2806 ἡμῖν
3267 2775 3284 2803 ,
3306 2735 3382 2803 τῷ
3413 2735 3605 2806 πλήθει
3631 2739 3761 2790 πολ-

2104 2821 2259 2885 λάκις
2276 2823 2426 2876 νόσον
2483 2824 2666 2878 ἔτεκεν
2704 2839 2718 2854 ⁸
2756 2825 2822 2878 ἂν
2881 2824 2938 2877 δὲ
2991 2824 3170 2892 ὀλίγον
3218 2820 3289 2898 ᾖ,
3346 2823 3448 2877 κᾶν
3481 2823 3553 2894 μὴ
3584 2825 3758 2892 ὑγιὲς,

2103 2912 2334 2975 εὐκόλως
2361 2913 2792 2984 κατεργασθῆναι
2808 2911 3046 2966 δύναται.
3073 2911 3230 2966 Οὕτω
3248 2913 3312 2983 δὴ
3331 2912 3422 2966 καὶ
3439 2913 3528 2966 ἐπὶ
3556 2913 3756 2982 ψυχῆς,

2103 3006 2137 3074 ἡ
2160 3003 2256 3074 μὲν
2283 3004 2340 3056 ὲν
2372 3003 2551 3055 ἀνέσει
2575 3004 2668 3055 καὶ
2692 3005 2871 3072 τρυφῇ
2897 3001 3230 3072 ὀξυρρόπους
3260 3002 3372 3071 ἔχει
3397 3001 3532 3071 πρὸς
3583 3003 3761 3072 ἀμαρ-

2101 3091 2220 3144 τίαν
2234 3090 2332 3153 τάς
2358 3091 2532 3160 ὁρμάς
2551 3105 2566 3120 ·
2589 3089 2680 3142 καὶ
2693 3089 2802 3160 γάρ
2824 3090 3074 3150 ἀπονοίας
3091 3089 3252 3156 ἐγγὺς
3269 3090 3301 3157 ἡ
3322 3089 3541 3159 τοιαύτη
3562 3090 3757 3158 ἕστηκε

2102 3178 2196 3231 καὶ
2242 3176 2434 3248 ἡδονῆς
2473 3177 2566 3230 καὶ
2600 3176 2903 3240 κενοδοξίας
2943 3176 3039 3229 καὶ
3086 3175 3279 3244 φθόνου
3329 3177 3422 3228 καὶ
3458 3176 3754 3230 ἐπιϐουλῶν

2103 3264 2197 3318 καὶ
2229 3262 2596 3332 συκοφαντιῶν
2625 3279 2639 3294 ⁸
2668 3263 2782 3316 ἀλλ’
2815 3265 2912 3334 οὐχ
2958 3265 2991 3334 ἡ
3029 3264 3084 3315 έν
3113 3263 3286 3333 θλίψει
3313 3264 3404 3316 καὶ
3435 3263 3745 3333 αὐταρκείᾳ,

2101 3352 2238 3406 ἀλλά
2285 3353 2499 3405 πάντων
2543 3351 2746 3405 τούτων
2803 3352 3163 3422 ἀπήλλακται.
3210 3352 3338 3405 Ἰδοὺ
3401 3350 3556 3421 ἡλίκη
3598 3349 3748 3412 πόλις

2102 3442 2242 3512 ημῖν
2269 3443 2416 3494 ἐστιν
2439 3442 2472 3511 ἡ
2503 3440 2710 3511 μεγάλη
2732 3439 2890 3510 αὕτη.
2915 3441 3082 3492 Πόθεν
3107 3437 3201 3493 οῦν
3221 3439 3456 3493 τίκτεται
3480 3438 3553 3491 τὰ
3572 3439 3750 3504 κακάἱ

2100 3529 2202 3583 οὐκ
2249 3528 2356 3582 ἀπὸ
2396 3529 2502 3581 τῶν
2549 3527 2948 3592 πλουτούντων;
2987 3527 3087 3580 οὐκ
3129 3527 3237 3580 ἀπὸ
3267 3527 3376 3581 τῶν
3415 3527 3753 3598 χαιρόντων;

2102 3616 2260 3678 Τίνες
2281 3617 2360 3678 είς
2380 3614 2700 3686 δικαστήρια
2752 3613 3002 3680 ἓλκουσις
3052 3613 3196 3678 τίνες
3230 3614 3416 3677 οὐσίας
3451 3613 3766 3669 διασπαθῶ-

2104 3719 2222 3768 σιν;
2255 3704 2304 3755 οί
2362 3701 2692 3773 ταλαίπωροι
2739 3701 2832 3756 καὶ
2881 3701 3305 3772 ἀπερριμμένοι,
3363 3701 3398 3772 ἡ
3452 3702 3503 3755 οἱ
3547 3701 3759 3773 μεγάλα

2103 3791 2382 3862 φυσῶντες
2408 3791 2501 3844 καὶ
2532 3791 2844 3863 χαίροντες;
2871 3790 2986 3843 Οὐκ
3007 3789 3154 3843 ἔστιν
3185 3789 3293 3844 ἀπὸ
3322 3789 3501 3860 ψυχῆς
3533 3790 3760 3860 τεθλιμ-

2105 3879 2272 3951 μένης
2331 3880 2584 3948 γενέσθαι
2643 3895 2697 3932 τι
2747 3879 2937 3932 κακόν.
3003 3875 3155 3931 Οἶδεν
3205 3878 3377 3948 αὐτῆς
3408 3879 3473 3930 τὸ
3515 3879 3762 3949 κέρδοςό

2104 3966 2311 4028 Παῦλος
2342 3981 2356 3994 ο
2388 3965 2475 4018 διὰ
2502 3965 2660 4018 τοῦτό
2696 3981 2877 4036 φησιν·
2923 3964 2991 4018 ’11
3036 3964 3237 4033 θλῖψις
3264 3965 3581 4034 ὑπομονὴν
3620 3985 3766 4021 xar-

2099 4043 2411 4122 εργὰζεται,
2464 4052 2502 4120 ή
2541 4053 2608 4105 δὲ
2664 4055 2933 4121 ὑπομονὴ
2989 4051 3266 4121 δοκιμὴν,
3318 4056 3356 4124 ἢ
3406 4052 3477 4106 δὲ
3541 4054 3760 4124 δοκιμὴ

2100 4139 2337 4204 ἐλπίδα,
2358 4141 2396 4207 ἠ
2419 4138 2486 4192 δὲ
2516 4139 2690 4202 ἐλπίς
2718 4142 2789 4192 οὺ
2835 4142 3243 4208 καταισχίνει.
3280 4141 3375 4212 Μὴ
3416 4140 3482 4210 δὴ
3521 4142 3763 4195 καταπί-

2101 4244 2323 4298 πτωμεν
2348 4229 2405 4281 ὲν
2433 4229 2550 4290 ταῖς
2578 4226 2835 4294 θλίψεσιν,
2866 4228 2978 4280 ἀλλ’
3011 4231 3069 4281 ὲν
3093 4230 3294 4282 ἀπασιν
3321 4231 3761 4300 εὐχαριστῶμεν,

2104 4315 2186 4370 ἶνα
2213 4332 2266 4368 τι
2294 4313 2640 4385 κερδάνωμεν
2683 4316 2845 4383 μέγα,
2891 4315 2977 4368 ἵνα
3010 4313 3458 4387 εὐδοκιμήσωμεν
3491 4322 3653 4389 παρὰ
3684 4321 3765 4390 τῷ

2099 4403 2218 4474 Θεῷ
2244 4401 2322 4473 τῷ
2349 4403 2447 4464 τάς
2469 4401 2673 4471 θλίψεις
2708 4403 3094 4473 συγχωροῦντι.
3120 4404 3280 4473 Μέγα
3309 4404 3484 4473 θλίψις
3509 4407 3723 4474 ἀγαθόν
3749 4428 3762 4441 ο

2100 4489 2373 4546 καὶτοῦτο
2399 4489 2506 4544 ἀπὸ
2531 4489 2637 4543 τῶν
2675 4489 2877 4544 παίδων
2915 4490 3022 4543 τῶν
3057 4492 3336 4563 ἡμετέρων
3365 4494 3718 4566 μανθάνομεν
3747 4513 3761 4525 ’

2100 4580 2267 4651 χωρὶς
2296 4576 2404 4648 γὰρ
2433 4576 2661 4646 θλίψεως
2682 4576 2833 4631 οὐδὲν
2862 4577 2928 4631 ἂν
2955 4577 3113 4647 μάθοι
3146 4580 3432 4651 χρήσιμον.
3486 4582 3686 4652 Ἡμεῖς
3711 4586 3767 4638 δὲ

2104 4668 2301 4738 μᾶλλον
2357 4666 2536 4719 αὐτῶν
2581 4665 2814 4737 δεόμεθα
2865 4665 3114 4736 θλίψεως.
3178 4669 3241 4721 Εί
3295 4669 3402 4740 γάρ
3439 4673 3634 4726 ἐκεῖνα
3658 4675 3766 4726 τῶν

2101 4755 2289 4810 παθῶν
2331 4753 2678 4827 ἠρεμούντων
2742 4755 2927 4819 αὐτοῖς
2959 4755 3140 4808 θάλλει
3193 4766 3253 4820 ο,
3304 4758 3486 4828 πολλῷ
3552 4762 3768 4829 μᾶλλον

2101 4846 2282 4915 ἡμεῖς,
2317 4842 2413 4896 καὶ
2435 4842 2666 4913 μάλιστα
2689 4841 2961 4904 τοσούτοις
3018 4844 3385 4915 συνεχόμενοι.
3430 4846 3570 4898 Ἀλλ’
3615 4851 3769 4920 ἡμᾶς

2105 4934 2302 5006 μᾶλλον
2337 4932 2715 4999 παιδαγωγοὺς
2751 4931 2892 5001 ἔχειν
2928 4932 3095 5002 ἐχρῆν
3132 4949 3146 4963 ’
3189 4934 3341 5005 παρά
3380 4936 3478 5004 μὲν
3506 4936 3624 5010 γὰρ
3656 4941 3772 4992 τῶν

2103 5024 2306 5076 παίδων
2333 5020 2400 5074 τά
2427 5021 2794 5091 ἁμαρτήματα
2833 5021 2934 5073 οὐκ
2971 5021 3037 5072 ἂν
3070 5022 3281 5090 μεγάλα
3321 5024 3550 5090 γένοιτο,
3614 5030 3772 5097 παρά

2101 5113 2157 5166 δὲ
2181 5110 2336 5183 ἡμῶν
2364 5110 2563 5180 σφόδρα
2593 5108 2817 5176 μεγάλα.
2855 5108 3203 5178 Παιδαγωγός
3222 5110 3279 5162 δὲ
3304 5113 3336 5182 ἡ
3346 5113 3461 5182 μῶν
3493 5115 3526 5182 ἡ
3555 5115 3769 5186 om“.

2100 5201 2256 5270 Μήτε
2287 5195 2377 5252 οὖν
2407 5195 2763 5261 ἐπισπώμεθα
2798 5195 2986 5267 αὐτὴν,
3026 5197 3120 5250 καὶ
3170 5197 3450 5267 παροῦσαν
3493 5206 3772 5269 γενναίως

2104 5290 2376 5359 φέρωμεν,
2421 5286 2507 5338 ἀεὶ
2547 5284 2753 5354 μυρίων
2802 5279 2967 5335 οὖσαν
3017 5284 3239 5352 ἀγαθῶν
3295 5287 3495 5352 αἰτίαν,
3533 5289 3630 5345 ἵνα
3675 5295 3774 5346 καὶ

2101 5379 2198 5445 τῆς
2225 5373 2374 5445 παρὰ
2399 5371 2492 5425 τοῦ
2531 5371 2664 5422 Θεοῦ
2699 5370 2869 5442 ῥοπῆς
2897 5371 3319 5442 ἀπολαύσωμεν,
3354 5376 3446 5428 καὶ
3483 5376 3598 5429 τῶν
3632 5381 3775 5433 ἀπο-

2104 5463 2367 5533 κειμένων
2418 5459 2633 5528 ἀγαθῶν
2685 5463 2795 5521 τοῖς
2848 5462 3129 5528 ἀγαπῶσιν
3181 5462 3358 5527 αὐτὸν,
3431 5466 3489 5516 ἐν
3535 5465 3774 5538 Χριστῴ

2114 5549 2286 5620 Ἰησοῦ
2303 5548 2379 5618 τῷ
2411 5547 2596 5618 Κυρίῳ
2617 5547 2792 5616 ἡμῶν,
2829 5549 2928 5617 μεθ
2946 5548 2959 5564 ⁹
2984 5544 3045 5603 οὗ
3067 5549 3145 5618 τῷ
3168 5549 3338 5620 Πατρί
3367 5550 3484 5620 ἃμα
3511 5553 3589 5621 τῷ
3623 5554 3776 5625 ἁγίῳ

2103 5639 2375 5709 Πνεύματι
2403 5635 2546 5699 δόξα,
2575 5636 2793 5706 κράτος,
2835 5637 2988 5707 τιμὴ,
3016 5636 3110 5690 νῦν
3151 5638 3243 5690 καὶ
3267 5638 3373 5704 ἀεὶ,
3401 5639 3498 5692 καὶ
3521 5641 3608 5704 είς
3634 5645 3772 5706 τοὺς

2103 5727 2302 5790 αἰῶνας
2329 5724 2436 5777 τῶν
2457 5723 2690 5778 αἰώνων.
2733 5725 2924 5795 Ἀμήν.

2164 5909 2376 5977 {Unus}
2401 5909 2472 5977 ούι
2487 5926 2566 5966 ως.
2586 5909 2906 5977 ’-ξαφέστερον
2948 5911 3028 5960 οῦν
3078 5910 3186 5977 ὑμῖν
3228 5909 3420 5959 ποιήσω
3474 5906 3552 5958 τὸν
3592 5910 3771 5974 λόγον.

2112 5987 2136 6016 ι
2161 5973 2293 6023 Iden:
2319 5971 2461 6020 αὐτοῦ
2507 5970 2718 6035 σφάλλει.
