4028 6218
343 346 442 404 θοι

341 460 594 517 confusio
621 475 633 512 :
660 456 788 512 nihil
833 463 1144 517 strenuum,
1189 448 1323 504 nihil
1369 440 1914 518 generosumzmulta

343 553 503 609 isthic
525 550 724 604 diaboli
749 561 961 617 pompa,
984 542 1245 616 cymbala,
1271 540 1433 605 tibiae,
1456 536 1661 593 cantica
1689 531 1917 590 fornica-

343 645 504 698 tionis
531 654 583 696 et
614 639 859 695 adulterii
882 638 1060 707 plena.
1086 637 1151 688 At
1182 634 1264 686 ubi
1282 634 1468 707 (luctus
1488 638 1588 688 est.
1623 641 1727 680 non
1760 625 1916 682 item,

339 734 434 790 sed
463 736 645 787 omnia
674 732 811 785 bene
840 729 1082 783 ordinata
1110 744 1122 779 :
1148 741 1392 793 magnum
1416 721 1707 782 silentium,
1730 728 1915 784 magna

339 827 528 896 quies,
580 838 767 892 magna
805 818 1095 881 demissio;
1134 816 1264 871 nihil
1305 812 1747 883 incompositum,
1789 804 1917 859 nihil

343 919 705 973 inordinatum
736 913 824 969 :si
868 912 986 983 quis
1030 898 1314 980 loquatur,
1361 905 1520 960 verba
1567 898 1918 973 philoSOpbize

343 1012 497 1080 plena
541 1007 742 1073 fundit;
773 1004 1017 1075 quodque
1054 1001 1244 1056 mirum
1276 1008 1385 1063 est,
1420 997 1509 1051 illo
1540 1006 1778 1063 tempore
1809 1004 1916 1043 non

340 1102 438 1155 viri
473 1102 672 1163 solum,
708 1096 799 1151 sed
828 1095 987 1151 etiam
1014 1091 1292 1147 domestici
1322 1098 1374 1145 et
1405 1087 1655 1142 mulieres
1685 1082 1917 1153 philoso-

343 1193 601 1263 phantur.
644 1189 790 1242 Talis
828 1187 968 1241 enim
1005 1195 1086 1240 est
1116 1184 1291 1237 luctus
1319 1191 1525 1234 natura.
1572 1178 1637 1231 Et
1671 1174 1917 1228 videntur

338 1283 557 1352 quidem
588 1283 855 1352 lugentem
891 1264 1189 1342 consolari,
1220 1274 1444 1345 plurima
1468 1278 1644 1326 autem
1672 1270 1915 1338 dogmata

340 1374 623 1444 proferunt
661 1369 1006 1441 philosophiae
1044 1368 1219 1437 plena.
1260 1365 1453 1419 Preces
1492 1362 1703 1423 statim,
1740 1367 1798 1412 ut
1829 1356 1915 1411 hic

339 1469 495 1521 sistat
521 1465 759 1527 afﬂictio,
793 1462 1047 1530 multique
1073 1468 1197 1513 sunt
1225 1457 1312 1527 qui
1340 1454 1596 1509 afﬂictum
1630 1449 1914 1506 consolan-

341 1571 449 1625 tur,
480 1568 527 1612 et
557 1556 986 1611 enumerationes
1015 1552 1161 1605 mille
1184 1550 1316 1603 fiunt
1335 1563 1541 1610 eorum,
1566 1543 1654 1613 qui
1677 1540 1916 1596 similiter

343 1652 543 1720 lugent.
592 1647 728 1714 Quid
770 1657 852 1701 est
889 1645 1030 1700 enim
1072 1642 1268 1696 homo?
1312 1640 1523 1694 Natura:
1564 1645 1759 1689 nostrre
1794 1647 1925 1701 pera

344 1753 577 1812 qUIStlIO.

418 1838 471 1891 4.
508 1834 665 1887 Homo
684 1832 807 1903 quid
827 1832 910 1884 sit.
937 1828 1267 1883 Tlteatrorum
1297 1823 1649 1895 turpitudo.—
1665 1818 1800 1887 Quid
1830 1826 1913 1871 est

344 1942 475 1997 ergo
499 1924 692 1978 homo?
718 1922 850 1977 Viue
876 1933 925 1976 et
954 1920 1173 1975 vilitatis
1201 1919 1315 1987 ejus
1343 1916 1640 1978 accusatio,
1672 1925 1911 1965 comme-

338 2017 565 2072 moratio
614 2016 912 2069 futurarum
959 2027 1134 2066 rerum
1179 2019 1235 2064 et
1284 2007 1491 2077 judicii.
1540 2002 1912 2083 Unusquisque

330 2123 515 2165 autem
541 2107 747 2164 recedit
766 2106 981 2161 domum
1010 2122 1024 2158 :
1054 2103 1139 2174 qui
1170 2118 1197 2155 a
1231 2101 1429 2170 nuptiis
1452 2141 1466 2164 ,
1496 2084 1740 2161 mtestus,
1769 2091 1911 2163 quod

335 2222 447 2261 non
478 2221 566 2260 res
593 2217 847 2275 prospera
877 2200 977 2264 sit;
1006 2198 1094 2268 qui
1123 2213 1151 2251 a
1183 2197 1322 2251 luctu
1341 2235 1355 2260 ,
1385 2193 1639 2247 remissus
1667 2200 1719 2245 et
1756 2188 1909 2258 quie-

332 2309 420 2353 tus
440 2341 455 2362 ,
486 2297 608 2367 quia
639 2311 743 2349 non
784 2293 975 2347 similia
1017 2303 1204 2360 passus
1230 2288 1346 2351 est,
1390 2293 1445 2340 et
1469 2284 1614 2339 omni
1646 2282 1909 2336 exstincto

330 2390 529 2443 ardore
557 2385 822 2440 discessit.
873 2382 977 2438 Sed
1022 2380 1186 2451 quid?
1230 2379 1309 2432 vis
1338 2390 1583 2432 carceres
1619 2382 1673 2428 et
1704 2373 1907 2427 theatra

330 2479 717 2536 conferamus?
763 2476 858 2531 llle
899 2490 1125 2543 namque
1170 2486 1457 2534 atrumnze,
1491 2469 1578 2523 hic
1624 2466 1907 2536 voluptatis

329 2584 413 2629 est
448 2573 621 2627 locus.
655 2574 761 2637 Age
792 2566 1218 2636 ergo,videamus
1274 2578 1392 2632 qua:
1423 2577 1487 2615 ex
1515 2559 1752 2628 utrisque
1778 2571 1907 2611 con-

330 2669 564 2735 tingant.
610 2661 716 2716 Illic
747 2658 1079 2731 phil030phia
1119 2656 1279 2709 multa
1310 2672 1322 2707 :
1354 2654 1441 2708 ubi
1480 2653 1620 2711 enim
1665 2666 1864 2706 mceror
1886 2690 1902 2717 ,

331 2758 404 2811 ibi
438 2755 660 2808 omnino
691 2750 1046 2821 philosophia.
1097 2748 1196 2813 Qui
1241 2755 1396 2800 antea
1441 2744 1591 2798 dives
1620 2753 1769 2807 erat,
1815 2741 1903 2810 qui

328 2846 619 2901 admodum
648 2844 861 2898 inﬂatus
884 2886 899 2908 ,
935 2840 1045 2910 jam
1073 2855 1103 2894 e
1143 2838 1298 2908 vulgo
1338 2835 1576 2906 quemvis
1606 2849 1663 2888 se
1711 2832 1903 2902 alloqui

330 2940 644 3011 permittet,
699 2944 841 2989 metu
891 2948 1227 3001 mcemreque
1275 2931 1395 2999 igne
1438 2926 1811 2983 vehementius
1848 2924 1902 2977 iu

328 3036 564 3088 animam
593 3033 710 3102 ejus
734 3030 1001 3085 incidente
1025 3039 1077 3082 et
1109 3026 1355 3080 duritiem
1401 3023 1705 3077 emollicnte
1736 3039 1749 3075 :
1780 3030 1904 3073 tunc

331 3126 549 3179 humilis
573 3167 589 3189 ,
619 3133 745 3177 tunc
774 3128 994 3177 mecstus
1025 3118 1246 3181 evadet,
1280 3125 1405 3169 tunc
1446 3113 1753 3167 Stecularem
1783 3126 1905 3164 mll-

332 3218 594 3271 tatiouem
622 3214 845 3275 sentiet,
880 3222 1003 3265 tunc
1030 3209 1180 3263 fortis
1206 3207 1307 3262 erit
1333 3204 1397 3258 ad
1424 3204 1621 3257 omnia.
1651 3201 1706 3255 ln
1747 3201 1903 3255 thea-

332 3319 414 3362 tro
464 3319 645 3361 autem
679 3305 852 3359 omnia
885 3301 1146 3358 contraria
1193 3307 1346 3363 sunt,
1392 3298 1556 3361 risus,
1587 3293 1860 3364 turpitudo
1884 3334 1898 3359 ,

332 3414 523 3469 pompa
576 3398 833 3452 diabolica
856 3438 870 3463 ,
905 3394 1091 3449 eﬂ‘usio
1111 3434 1127 3459 ,
1156 3389 1446 3459 insumptio
1478 3387 1730 3457 temporis
1753 3428 1767 3452 ,
1802 3386 1902 3439 im-

336 3506 495 3560 pensa
571 3489 778 3543 dierum
846 3487 1076 3550 inutilis,
1134 3490 1418 3552 apparatus
1484 3479 1549 3533 ad
1617 3478 1899 3533 absurdam

331 3581 820 3650 concupiscentiam
848 3619 864 3644 ,
913 3576 1153 3631 adulterii
1199 3574 1471 3629 meditatio
1499 3616 1513 3638 ,
1567 3571 1903 3626 scortationis

330 3674 699 3745 gymnasium,
751 3670 1171 3739 intemperantia:
1216 3667 1434 3731 schola,
1486 3662 1788 3718 adhortatio
1836 3661 1901 3715 ad

334 3767 753 3838 turpitudinem,
799 3767 936 3819 risus
981 3764 1223 3829 occasio,
1278 3760 1532 3817 foeditatis
1577 3756 1899 3825 exemplum.

334 3862 400 3913 At
427 3876 535 3915 non
571 3859 689 3913 talis
716 3866 799 3912 est
826 3871 1041 3920 carcer;
1074 3855 1167 3909 sed
1214 3854 1318 3907 illic
1362 3852 1662 3913 humilitas,
1708 3847 1902 3903 exhor-

335 3954 461 4006 tatio
488 3995 502 4018 ,
536 3952 787 4005 stimulus
815 3950 881 4004 ad
929 3948 1314 4017 philosophiam
1337 3988 1351 4011 ,
1388 3942 1718 3999 smeularium
1767 3956 1900 3995 cou-

338 4055 571 4113 ternptus
596 4063 608 4097 :
651 4043 827 4097 omnia
857 4041 1250 4103 conculcantur,
1274 4037 1449 4090 omnia
1485 4041 1827 4104 spernuntur,
1847 4038 1901 4084 et

338 4147 512 4193 metus
565 4136 715 4205 quasi
763 4149 928 4203 puero
980 4133 1295 4203 paedagogus
1344 4130 1530 4194 adest,
1582 4127 1647 4181 ad
1705 4125 1899 4181 decora

336 4230 511 4283 omnia
538 4229 685 4282 illum
713 4228 1015 4281 instituens.
1049 4223 1152 4279 Sed
1181 4224 1225 4277 si
1250 4222 1326 4275 vis
1356 4222 1546 4275 iterum
1572 4218 1757 4273 eadem
1785 4216 1898 4271 loca

338 4322 432 4374 alia
464 4320 674 4375 ratione
703 4317 1061 4387 exploremus.
1110 4314 1309 4368 Vellem
1337 4326 1649 4367 occurreres
1686 4310 1799 4363 viro
1823 4325 1893 4363 ex

336 4413 545 4466 lhcatro
583 4410 847 4477 venienti,
876 4421 929 4464 et
951 4410 1039 4463 alii
1072 4407 1299 4475 cuipiam
1331 4421 1361 4460 e
1397 4420 1611 4458 carcere
1637 4403 1846 4457 exeunti
1882 4418 1894 4453 :

337 4505 654 4572 videresque
702 4502 841 4555 illius
888 4501 1115 4553 animam
1160 4496 1547 4559 fastidientem,
1590 4493 1895 4556 turbatam,

335 4611 454 4649 vere
480 4596 745 4657 vinctam;
772 4592 926 4657 hujus
947 4604 1072 4644 vero
1093 4590 1343 4658 quietam,
1373 4586 1595 4640 solutam
1618 4625 1631 4648 ,
1655 4584 1894 4638 liberam.

334 4686 424 4740 llle
456 4700 686 4753 nutuque
718 4699 782 4737 ex
827 4682 1033 4736 theatro
1060 4680 1291 4742 recedit,
1322 4677 1487 4730 oculis
1514 4686 1697 4743 captus
1743 4674 1895 4727 thea-

335 4780 542 4832 tralium
584 4791 768 4831 amore
807 4774 1122 4838 mulierum,
1172 4771 1314 4824 ferro
1344 4767 1642 4823 durioribus
1671 4765 1895 4819 vinculis

330 4871 653 4925 constrictus
677 4910 692 4934 ,
727 4868 776 4921 id
828 4876 941 4930 est,
987 4866 1118 4919 locis
1161 4864 1323 4933 ipsis,
1364 4862 1577 4925 verbis,
1614 4859 1848 4930 gestibus
1881 4874 1893 4911 :

330 4963 414 5031 qui
448 4968 626 5014 autem
654 4974 685 5013 e
705 4972 920 5012 carcere
949 4956 1091 5021 exit,
1121 4954 1364 5007 oumibus
1392 4952 1597 5006 solutus
1616 4991 1629 5011 .
1661 4964 1763 5003 non
1787 4948 1895 5016 jam

328 5071 385 5110 se
417 5064 567 5123 putat
594 5051 863 5122 quidpiam
897 5050 1035 5120 pati,
1067 5065 1160 5103 sua
1196 5063 1313 5102 cum
1342 5046 1529 5100 alienis
1557 5057 1892 5112 comparans.

326 5145 481 5217 Quod
520 5161 627 5199 non
668 5146 876 5199 vinctus
920 5144 1020 5207 sit,
1068 5143 1119 5195 id
1166 5158 1262 5211 pro
1304 5139 1469 5210 gratia
1518 5137 1767 5201 habebit,
1812 5151 1895 5190 res

331 5238 591 5295 humanas
617 5236 907 5306 deSpiciet,
940 5235 1132 5289 divites
1159 5234 1352 5287 multos
1383 5232 1568 5285 videns
1594 5230 1646 5284 in
1676 5228 1898 5283 calami-

329 5332 566 5396 tatibus,
596 5332 686 5402 qui
730 5345 850 5386 cum
899 5329 1061 5383 multa
1108 5341 1401 5397 magnaque
1450 5324 1687 5394 possint,
1742 5321 1895 5375 isthic

325 5425 593 5496 ligantur:
624 5423 830 5479 etiamsi
858 5422 983 5494 quid
1013 5421 1206 5493 injuste
1232 5419 1493 5490 patiatur,
1524 5416 1576 5471 id
1604 5416 1848 5472 tolerabit
1878 5433 1892 5470 :

1302 331 1367 386 IN
1402 328 1580 385 ACTA
1620 320 2136 382 APOSTOLORUM.
2181 323 2408 381 HOMIL.
2450 326 2608 383 XLII.

3504 335 3621 392 302

2022 436 2241 507 hujusce
2268 455 2494 511 namque
2522 444 2601 497 rei
2630 445 2794 499 multa
2821 444 2980 500 habet
3014 448 3256 517 exempla
3284 467 3297 503 :
3330 455 3587 506 memoria

2027 538 2236 600 repetet
2261 532 2492 587 futurum
2516 533 2775 603 judicium
2797 577 2812 601 ,
2848 546 2903 591 et
2941 537 3287 594 cxhorrcscct
3308 582 3322 603 ,
3351 542 3474 594 dmn
3514 544 3598 595 illa

2026 620 2140 675 loca
2184 623 2452 691 reSpiciet.
2497 623 2645 678 Sicut
2678 626 2819 679 enim
2853 626 2939 680 hic
2982 629 3033 681 in
3071 644 3286 685 carcere
3329 631 3597 687 inclusus.

2026 711 2170 764 mitis
2198 726 2321 782 erga
2350 728 2538 768 omnes
2562 723 2680 769 est:
2709 716 2788 770 sic
2817 726 2871 771 et
2895 717 2969 770 illi
3001 730 3125 773 ante
3149 720 3404 788 judicium
3431 762 3447 787 ,
3477 732 3600 776 ante

2024 800 2255 856 futuram
2308 805 2452 859 illam
2485 805 2625 860 diem
2647 846 2661 869 ,
2690 822 2813 876 erga
2843 824 3095 873 uxorem,
3124 825 3247 881 erga
3275 811 3440 879 ﬁlios,
3473 829 3596 883 erga

2025 892 2346 949 domesticos
2377 904 2534 950 erunt
2579 898 2987 951 mansuetiores.
3019 899 3121 953 Sed
3162 917 3191 953 a
3240 901 3449 955 theatro
3490 920 3597 957 nott

2025 984 2101 1039 sic
2130 995 2507 1052 revertuntur;
2537 987 2628 1043 sed
2655 989 2733 1043 vir
2760 989 3100 1059 injucuudius
3125 993 3322 1047 videbit
3348 1010 3593 1059 uxorem,

2023 1075 2187 1132 durus
2212 1080 2313 1133 erit
2336 1095 2458 1150 erga
2482 1080 2805 1137 domesticos
2826 1125 2838 1148 ,
2868 1100 2989 1153 erga
3018 1085 3154 1139 ﬁlios
3184 1101 3342 1156 asper
3361 1128 3377 1153 ,
3409 1086 3598 1142 effera-

2022 1168 2167 1224 bitur
2191 1171 2447 1228 adversus
2488 1189 2695 1231 omnes.
2729 1176 2916 1244 Magna
2950 1180 3085 1232 mala
3112 1179 3413 1235 civitatibus
3444 1180 3594 1235 thea-

2024 1270 2103 1313 tra
2134 1265 2376 1330 pariunt;
2426 1280 2612 1335 magna
2635 1308 2649 1325 ,
2686 1282 2784 1321 nec
2837 1268 3035 1323 seinms
3065 1279 3283 1338 quanta.
3335 1272 3389 1327 Si
3416 1282 3590 1327 autem

2024 1366 2128 1404 non
2163 1352 2454 1422 fatigamini
2478 1396 2492 1421 ,
2521 1356 2887 1410 examinemus
2935 1359 3022 1411 illa
3054 1361 3194 1413 risus
3222 1362 3337 1415 loca
3361 1402 3376 1425 ,
3408 1364 3588 1417 convi-

2019 1445 2103 1498 via
2135 1445 2255 1500 dico
2279 1489 2293 1513 ,
2325 1448 2413 1501 ubi
2441 1450 2655 1515 parasiti
2692 1460 2746 1503 et
2774 1450 3081 1505 adulatores
3111 1462 3165 1507 et
3204 1469 3410 1523 magna:
3454 1455 3594 1510 deli-

2019 1536 2116 1588 cite
2138 1554 2152 1601 ;
2177 1547 2229 1591 et
2257 1538 2370 1592 loca
2400 1539 2500 1592 alia
2521 1580 2537 1605 ,
2564 1541 2650 1594 ubi
2683 1541 2854 1595 claudi
2884 1553 2936 1596 et
2962 1545 3152 1597 mutili.
3186 1545 3296 1599 [llic
3324 1547 3587 1611 ebrietas,

2020 1627 2257 1687 delicia).
2304 1630 2527 1695 effusio;
2563 1630 2647 1685 hic
2674 1647 2799 1686 vero
2827 1635 3114 1687 contraria.
3151 1635 3282 1690 Vide
3313 1646 3366 1690 et
3394 1638 3443 1690 in
3474 1654 3593 1692 cor.

2021 1731 2149 1786 pore
2170 1760 2183 1782 ,
2214 1720 2426 1788 quando
2475 1723 2667 1791 pingue
2704 1734 2758 1777 et
2789 1735 3030 1795 vegetum
3062 1737 3139 1780 est
3169 1768 3183 1794 ,
3216 1738 3339 1782 tunc
3368 1730 3593 1784 celerius

2017 1809 2071 1863 in
2114 1811 2353 1863 tnorbum
2396 1813 2568 1878 cadit;
2617 1829 2736 1867 cum
2784 1800 2911 1870 vero
2954 1817 3266 1886 castigatmn
3312 1828 3429 1881 est,
3484 1836 3589 1873 non

2018 1899 2163 1953 item.
2192 1899 2262 1956 Ut
2290 1912 2464 1956 autem
2495 1904 2545 1956 id
2571 1906 2719 1958 vobis
2748 1906 2942 1960 clarius
2968 1908 3227 1977 explicem
3256 1950 3274 1975 ,
3304 1911 3372 1963 sit
3398 1927 3593 1981 corpus

2016 1993 2274 2061 sanguine
2324 2002 2376 2047 et
2419 1995 2669 2049 carnibus
2713 1995 2847 2051 bene
2893 1999 3206 2051 instructum
3254 2015 3316 2052 ac
3358 2003 3585 2070 vigens:

2016 2084 2116 2137 hoc
2144 2085 2227 2138 vel
2270 2102 2335 2139 ex
2365 2086 2467 2139 levi
2512 2088 2631 2140 cibo
2664 2089 2859 2155 poterit
2904 2089 2955 2142 in
3000 2088 3188 2143 febrim
3236 2090 3471 2146 incidere
3494 2133 3510 2157 ,
3542 2095 3587 2145 si

2013 2176 2226 2246 quidem
2252 2177 2303 2230 in
2329 2177 2437 2230 otio
2459 2178 2545 2231 sit.
2581 2177 2662 2232 Sit
2682 2186 2736 2231 et
2763 2177 2903 2231 aliud
2927 2220 2941 2244 ,
2971 2178 3110 2250 quod
3139 2194 3257 2233 eum
3287 2179 3428 2236 fame
3455 2197 3583 2236 con-

2013 2275 2182 2321 certct
2225 2276 2279 2321 et
2326 2268 2614 2321 aerumnis:
2664 2268 2791 2322 illud
2842 2268 2910 2321 ab
2954 2269 3268 2338 a'gritudine
3316 2270 3586 2328 difﬁcilius

2012 2361 2220 2429 capitur
2246 2369 2300 2414 et
2328 2368 2630 2429 superatur.
2658 2359 2883 2430 Sanguis
2908 2360 3031 2415 licet
3056 2376 3218 2415 sanus
3244 2362 3313 2416 sit
3332 2362 3384 2416 in
3408 2364 3580 2427 nobis,

2010 2466 2075 2505 ex
2106 2451 2455 2506 redundantia
2504 2467 2646 2522 sarpe
2688 2453 2905 2507 morbos
2937 2452 3173 2522 peperit;
3214 2454 3258 2508 si
3304 2464 3480 2509 autem
3515 2457 3585 2510 sit

2011 2544 2252 2599 modicus
2273 2588 2287 2611 ,
2320 2560 2418 2599 nec
2448 2553 2624 2599 tamen
2656 2559 2837 2609 sanus,
2871 2545 3025 2599 facile
3054 2545 3230 2599 curari
3262 2555 3456 2613 potest.
3496 2547 3585 2602 Sic

2011 2644 2065 2691 et
2108 2635 2174 2690 de
2219 2636 2393 2690 anima
2424 2636 2743 2691 dicendum:
2778 2651 2895 2706 qttze
2942 2636 2992 2689 iu
3038 2635 3148 2690 olio
3197 2645 3248 2690 et
3296 2637 3346 2689 in
3378 2635 3583 2690 deliciis

2009 2738 2123 2792 est,
2170 2728 2235 2781 ad
2281 2736 2497 2796 peccata
2544 2728 2795 2797 proclivis
2842 2728 3052 2781 fertur:
3098 2743 3221 2782 nam
3266 2730 3582 2798 arrogantia:

2009 2822 2182 2876 vicina
2237 2830 2353 2887 est,
2399 2822 2692 2891 voluptati,
2740 2837 2889 2876 vana:
2942 2823 3163 2892 gloria),
3195 2822 3445 2888 invidiae,
3496 2823 3579 2876 in-

2008 2914 2158 2967 sidiis
2180 2955 2194 2978 ,
2227 2913 2588 2985 sycophantiis
2620 2932 2633 2967 :
2666 2924 2720 2967 at
2748 2929 2852 2967 non
2880 2929 2941 2968 ea
2962 2956 2975 2975 ,
3010 2929 3128 2983 qua
3154 2915 3206 2968 in
3250 2914 3503 2969 aerumnis
3528 2925 3582 2969 et

2008 3007 2307 3079 frugalitate
2332 3006 2509 3077 degit;
2533 3007 2647 3062 hazc
2672 3007 2814 3061 enim
2842 3006 2910 3059 ab
2935 3007 2997 3060 iis
3026 3007 3272 3062 omnibus
3300 3007 3577 3061 liberatur.

2010 3099 2087 3153 En
2131 3113 2289 3169 quam
2333 3098 2505 3169 ampla
2537 3108 2620 3152 est
2647 3107 2827 3153 nostra
2866 3088 3071 3151 civitas.
3106 3097 3256 3154 Unde
3298 3098 3455 3167 igitur
3482 3112 3580 3152 na-

2008 3201 2230 3245 scuntur
2259 3191 2439 3244 mala?
2488 3205 2665 3245 nonne
2694 3205 2723 3243 a
2750 3189 3041 3243 divitibus?
3067 3204 3244 3244 annon
3275 3204 3303 3241 a
3336 3187 3575 3258 gauden—

2008 3285 2187 3340 tibus?
2217 3285 2442 3351 Quinam
2474 3283 2539 3338 ad
2564 3283 2845 3338 tribunalia
2879 3282 3093 3337 trahunt
3115 3323 3130 3346 ,
3166 3282 3378 3352 quinam
3405 3280 3573 3335 facul-

2008 3387 2142 3432 tates
2186 3375 2523 3445 dilapidant?
2573 3390 2639 3429 an
2682 3374 2862 3429 miseri
2892 3383 2945 3428 et
2989 3373 3218 3441 abjecti,
3267 3387 3334 3426 an
3366 3372 3439 3425 illi
3485 3372 3576 3439 qui

2006 3470 2228 3523 multum
2260 3468 2509 3522 inflantur
2539 3475 2593 3522 et
2616 3465 2883 3537 gaudent?
2924 3465 3004 3519 Ab
3033 3466 3207 3518 anima
3241 3465 3291 3517 in
3322 3466 3574 3517 aerumnis

2007 3570 2253 3615 versante
2281 3575 2384 3615 non
2413 3568 2588 3629 potest
2611 3557 2807 3627 aliquid
2839 3557 2958 3611 ntali
2990 3556 3142 3610 oriri.
3194 3555 3340 3608 Illius
3369 3554 3570 3607 lucrum

2006 3652 2154 3705 novit.
2208 3651 2435 3717 Paulus;
2483 3649 2709 3719 ideoque
2738 3648 2906 3702 dicit:
2948 3646 3230 3700 Tribulatio
3284 3646 3578 3715 patientiam

2006 3754 2273 3815 operatur,
2305 3744 2546 3814 patientia
2578 3742 2921 3812 probationem
2947 3781 2961 3803 ,
2997 3739 3224 3808 probatio
3252 3754 3369 3791 vero
3396 3753 3534 3803 spem
3558 3777 3572 3799 ,

2004 3853 2116 3905 spes
2144 3844 2309 3887 autem
2337 3851 2435 3887 non
2465 3832 2724 3901 confundit
2769 3833 2788 3901 (
2821 3829 2971 3883 Rom.
3002 3830 3054 3884 5.
3083 3829 3211 3883 5-5
3244 3827 3285 3898 ).
3328 3826 3406 3883 Ne
3451 3841 3576 3895 ergo

2005 3924 2346 3981 euncidamus
2394 3924 2448 3977 in
2495 3924 2775 3988 aerumnis,
2825 3920 2917 3974 sed
2964 3922 3016 3973 in
3062 3919 3308 3973 omnibus
3376 3918 3574 3987 gratias

2004 4033 2256 4087 agamus,
2307 4025 2363 4070 ut
2417 4015 2641 4069 multum
2690 4013 2995 4077 lucremur;
3054 4021 3112 4065 ut
3154 4009 3361 4080 probati
3409 4008 3577 4061 simus

2003 4108 2141 4177 apud
2171 4108 2336 4163 Deum
2357 4147 2371 4169 ,
2392 4107 2479 4175 qui
2507 4118 2772 4159 (erumnas
2802 4101 3078 4172 permittit.
3105 4100 3349 4169 Magnum
3388 4105 3469 4153 est
3487 4097 3567 4149 af-

2003 4200 2166 4255 ﬂictio
2191 4200 2386 4254 bonum
2414 4216 2427 4250 ε
2455 4206 2511 4252 et
2537 4197 2636 4251 hoc
2660 4210 2689 4249 a
2714 4193 2895 4265 pueris
2915 4192 3112 4247 nostris
3139 4191 3428 4253 discimus;
3456 4202 3577 4239 nam

2004 4291 2123 4345 sine
2157 4289 2500 4359 castigatione
2530 4285 2660 4341 nihil
2686 4286 2816 4340 utile
2842 4299 2974 4354 puer
2996 4282 3261 4337 didicerit.
3307 4278 3414 4334 Nos
3447 4293 3574 4331 vero

2002 4381 2172 4452 magis
2195 4396 2349 4450 quam
2378 4379 2453 4433 illi
2481 4377 2769 4432 afﬂictione
2789 4390 2924 4446 opus
2944 4374 3220 4429 habemus.
3249 4371 3380 4425 Nam
3403 4370 3448 4423 si
3478 4370 3571 4433 illi,

2003 4487 2123 4527 cum
2154 4472 2315 4525 animi
2355 4478 2530 4523 motus
2557 4466 2725 4523 sedati
2756 4472 2879 4520 sunt
2899 4506 2912 4530 ,
2942 4463 3134 4518 ﬂorent
3160 4479 3175 4527 ;
3210 4462 3378 4515 multo
3403 4459 3571 4527 magis

2004 4579 2102 4618 nos
2130 4605 2146 4631 ,
2178 4579 2297 4618 cum
2340 4560 2571 4616 maxime
2623 4567 2698 4613 tot
2747 4557 3011 4625 tantisque
3054 4554 3409 4608 detineamur.
3471 4548 3583 4604 Sed?

2002 4670 2102 4710 nos
2129 4656 2293 4724 magis
2341 4651 2639 4723 paedagogis
2665 4664 2882 4719 egemus
2909 4665 2921 4701 :
2951 4660 3233 4715 puerormn
3263 4643 3402 4697 enim
3447 4656 3563 4709 pec-

2002 4756 2119 4801 cata
2166 4761 2270 4799 non
2317 4753 2457 4797 tanta
2499 4750 2652 4807 sunt,
2685 4749 2865 4794 nostra
2906 4752 3034 4791 vero
3066 4744 3280 4805 peccata
3317 4732 3569 4785 maxima.

2003 4836 2326 4905 I’zedagogus
2357 4842 2535 4886 noster
2574 4843 2654 4885 est
2701 4828 2935 4883 afﬂictio.
2971 4826 3049 4880 Ne
3076 4827 3253 4893 itaque
3296 4824 3438 4877 illam
3486 4830 3569 4874 at-

2004 4926 2274 4981 traltamus
2296 4965 2311 4991 ,
2336 4934 2389 4979 et
2420 4932 2733 4993 praesentem
2760 4919 2963 4972 fortiter
2988 4917 3222 4969 feramus
3242 4953 3259 4979 ,
3282 4927 3400 4981 qua:
3424 4926 3568 4965 sem-

2002 5034 2097 5089 per
2139 5026 2220 5071 est
2258 5017 2653 5071 innumerorum
2705 5025 2861 5063 causa
2917 5009 3217 5067 bonorum;
3265 5011 3326 5056 ut
3372 5010 3426 5055 et
3477 5000 3569 5056 Dei

2001 5108 2170 5177 gratia
2202 5107 2438 5160 fruamur
2458 5145 2473 5171 ,
2500 5114 2554 5157 et
2598 5101 2750 5155 bonis
2780 5114 2897 5168 qua:
2926 5095 3155 5164 reposita
3197 5102 3320 5147 sunt
3350 5091 3446 5157 iis,
3479 5091 3572 5160 qui

2002 5200 2226 5270 diligunt
2255 5198 2403 5251 illum
2427 5237 2442 5260 ,
2471 5196 2521 5249 in
2549 5193 2764 5248 Christo
2791 5190 2916 5245 Jesu
2948 5189 3171 5243 Domino
3200 5194 3382 5239 nostro
3405 5227 3420 5252 ,
3450 5186 3571 5252 qui-

2002 5305 2126 5344 cum
2179 5288 2325 5342 l’atri
2377 5296 2430 5341 et
2477 5282 2698 5354 Spiritui
2750 5292 2970 5347 sancto,
3013 5279 3175 5349 gloria
3203 5318 3218 5342 ,
3251 5277 3569 5346 imperium,

2004 5382 2175 5435 honor
2202 5422 2217 5439 .
2251 5395 2390 5433 nunc
2423 5386 2478 5436 et
2514 5391 2758 5447 semper,
2801 5385 2855 5429 et
2901 5374 2950 5428 in
2994 5372 3187 5427 sarcula
3230 5371 3571 5424 smculoruut.

2001 5473 2189 5529 Amen.
