4028 6218
363 331 471 388 303

1101 329 1155 383 S.
1195 329 1470 385 .‘0.\NZ\'IS
1506 329 1973 390 Clll‘tYSOSTOMI
2014 337 2328 396 ARCHIEP.
2370 345 2894 409 CONSTANTINOP.
3516 370 3616 426 δεδι

3597 402 3624 430 υ

969 481 979 510 κ
1699 540 2048 604 HOMILIA
2091 544 2316 610 XLIII.

361 671 487 728 (2η.
514 669 604 725 20.
636 685 689 723 v.
721 669 772 724 l.
815 667 1089 737 Postquam
1118 675 1283 719 autem
1313 667 1521 718 cessavit
1551 667 1820 732 tumultus,
1849 682 1938 720 ισο-

429 762 555 816 catis
586 760 783 814 Paulus
812 759 1079 828 discipulis
1119 759 1278 827 iisque
1305 759 1554 824 salutatis,
1589 758 1844 829 profectus
1870 767 1942 813 est

429 864 484 907 ut
514 855 604 907 iret
625 853 676 905 in
710 850 1088 906 Macedoniam.

430 947 482 1001 1.
523 945 683 999 Multa
726 959 859 1012 opus
899 950 1013 996 erat
1047 941 1414 996 consolatione
1455 951 1572 1010 post
1611 951 1810 995 tantum
1857 949 1941 996 tu-

360 1040 604 1092 multum.
648 1037 757 1090 lloc
791 1035 876 1088 ille
905 1045 1086 1097 curat,
1121 1044 1172 1088 et
1205 1042 1259 1087 ut
1287 1033 1579 1102 discipulos
1611 1025 1936 1116 consoletur,

361 1132 550 1200 migrat
578 1129 633 1182 in
660 1127 1020 1182 Macedoniam
1046 1166 1062 1190 ,
1095 1124 1289 1179 deinde
1319 1127 1371 1178 in
1398 1124 1673 1179 Gru'ciam.
1707 1126 1773 1179 Et
1799 1124 1937 1195 quod

358 1222 580 1276 multum
622 1221 740 1274 illos
779 1218 1080 1273 consolatus
1105 1218 1194 1283 sit,
1219 1217 1361 1272 audi.
1391 1218 1445 1271 2.
1480 1215 1602 1270 Cum
1628 1226 1792 1270 autent
1820 1235 1938 1286 per-

357 1315 661 1367 ambulasset
688 1321 855 1383 partes
882 1301 1018 1376 illas,
1048 1319 1094 1363 et
1125 1311 1417 1363 exhortatus
1448 1311 1621 1379 fuisset
1656 1326 1738 1364 eos
1781 1314 1938 1362 multo

356 1422 602 1468 sermone,
630 1405 764 1458 venit
799 1404 852 1457 in
882 1401 1151 1456 Gra'ciam.
1186 1403 1238 1456 5.
1270 1401 1334 1454 Et
1359 1419 1472 1454 cum
1500 1403 1565 1454 ibi
1596 1404 1770 1471 fuisset
1799 1419 1938 1455 men-

354 1497 491 1551 sibus
521 1495 708 1558 tribus,
751 1512 862 1549 cum
905 1505 1066 1548 essent
1096 1494 1174 1547 illi
1208 1504 1410 1547 structae
1452 1493 1651 1547 insidia:
1676 1512 1707 1546 τι
1740 1493 1937 1549 ludatis

358 1589 651 1658 navigatura
689 1589 741 1639 in
776 1586 1016 1656 Syriam,
1048 1584 1319 1638 consilium
1360 1586 1500 1648 iniit,
1531 1596 1583 1637 ut
1613 1596 1938 1638 reverteretur

356 1697 445 1748 per
473 1677 849 1736 Macedoniam.
878 1678 930 1731 4.
961 1676 1237 1730 Comitatus
1268 1687 1339 1730 est
1368 1686 1534 1730 autent
1566 1694 1678 1730 eum
1703 1693 1856 1744 usque
1883 1678 1936 1729 in

353 1774 524 1827 Asiam
553 1771 775 1838 Sopater
801 1770 1096 1832 Beraaensis,
1131 1769 1655 1824 Thessalonicensium
1683 1788 1795 1824 vero
1815 1772 1933 1823 Ari-

353 1864 581 1916 starchus
622 1873 666 1916 et
705 1862 973 1916 Secundus
1009 1872 1054 1914 et
1086 1860 1247 1930 Cujus
1278 1862 1514 1915 Derbwus
1541 1873 1588 1915 et
1617 1861 1930 1928 Timotheus,

350 1956 530 2011 Asiani
558 1972 674 2009 vero
705 1954 956 2025 Tyclticus
982 1963 1027 2006 et
1053 1951 1383 2021 Trophinms.
1413 1956 1465 2007 ὅ.
1494 1953 1564 2007 Ili
1588 1971 1699 2007 cum
1722 1971 1933 2024 pratces-

348 2049 551 2112 sissent,
575 2064 665 2100 nos
707 2055 1058 2114 exspectaram
1087 2045 1138 2098 in
1165 2043 1380 2098 Troade.
1412 2045 1612 2100 Rursus
1638 2061 1932 2115 persequu-

352 2140 548 2193 tiouem
597 2141 793 2209 patitur
835 2156 863 2192 a
910 2138 1146 2204 Iuda-is,
1179 2149 1227 2192 et
1275 2139 1419 2192 venit
1449 2139 1501 2191 in
1544 2138 1928 2195 Macedoniam.

349 2231 628 2300 Quomodo
667 2243 842 2285 autem
883 2229 1224 2286 Timotheum
1271 2230 1802 2285 Thessalonicensem
1846 2231 1928 2284 di-

347 2325 463 2376 cit?
496 2323 610 2379 Non
644 2323 747 2377 hoc
770 2323 899 2377 dicit
931 2338 946 2387 ;
979 2323 1096 2386 sed,
1125 2322 1209 2387 lli,
1241 2323 1430 2392 inquit,
1462 2333 1851 2392 princesscrunt
1878 2323 1928 2376 in

351 2413 653 2478 Troadem,
713 2414 850 2468 viant
883 2413 958 2467 illi
984 2422 1253 2483 parantes.
1291 2414 1343 2467 6.
1384 2411 1496 2466 Nos
1527 2429 1641 2467 vero
1667 2415 1927 2485 navigavi-

349 2524 463 2560 mus
499 2516 608 2574 post
651 2505 759 2559 dies
800 2505 1104 2575 Azymorum
1141 2521 1173 2558 a
1204 2504 1494 2575 Philippis,
1537 2514 1584 2558 et
1613 2507 1833 2559 venimus
1863 2507 1932 2559 ad

348 2617 430 2652 eos
471 2598 724 2652 Troadem
767 2600 819 2652 in
857 2599 1030 2652 diebus
1062 2601 1313 2670 quinque,
1357 2597 1440 2652 ubi
1473 2599 1722 2653 demarati
1756 2616 1928 2655 sumus

345 2691 518 2744 diebus
563 2700 772 2758 septem.
821 2689 951 2744 Nam
998 2691 1206 2744 videtur
1247 2691 1374 2745 mihi
1416 2689 1563 2744 illttm
1605 2691 1721 2746 dies
1765 2690 1928 2746 festos

346 2780 642 2849 transigere
669 2781 940 2835 curavisse
981 2781 1032 2834 in
1067 2781 1272 2850 magnis
1309 2781 1550 2836 urbibus.
1595 2782 1635 2835 A
1669 2781 1927 2852 Philippis

343 2873 576 2942 navigat,
602 2874 692 2928 ubi
713 2889 798 2928 res
823 2874 907 2929 illa
940 2876 1080 2928 circa
1101 2889 1371 2930 carcerem
1398 2875 1716 2944 contigerat.
1747 2875 1924 2930 Tertia

345 2976 522 3017 autem
552 2965 669 3018 vice
702 2966 752 3018 in
784 2965 1145 3020 Macedoniam
1199 2966 1369 3033 venit,
1401 2976 1453 3020 et
1483 2967 1705 3020 multum
1739 2968 1926 3021 testifi-

343 3063 500 3125 catur
535 3054 603 3108 de
647 3054 1122 3124 Philippensibus;
1171 3055 1397 3125 ideoque
1445 3055 1552 3111 Illic
1597 3057 1924 3112 demoratur.

343 3148 397 3203 Ἰ.
431 3122 548 3204 Una
575 3159 741 3202 autem
765 3151 1108 3214 sabbatorum,
1133 3165 1247 3202 cum
1270 3151 1672 3204 canvenissemus
1697 3150 1766 3204 ad
1785 3152 1928 3220 fran-

343 3239 560 3310 gendum
598 3257 799 3311 panem,
833 3237 1028 3293 Paulus
1072 3239 1362 3308 disputabat
1419 3258 1533 3294 cum
1567 3243 1636 3295 eis
1665 3247 1923 3314 profectu-

342 3344 474 3398 rus;
503 3334 852 3402 protraasitque
883 3349 1161 3387 sermonem
1187 3349 1343 3403 usque
1378 3334 1429 3386 in
1459 3333 1676 3386 mediam
1707 3346 1921 3388 noctem.

343 3423 479 3476 Vide
519 3423 787 3493 quomodo
825 3423 1002 3476 omnia
1050 3422 1497 3492 poSIhaberentur
1529 3424 1916 3492 praedicationi.

344 3514 659 3571 Pentecoste
695 3523 821 3568 tunc
868 3525 1017 3581 erat,
1051 3526 1105 3570 et
1152 3514 1266 3569 dics
1318 3515 1590 3569 Dominica
1622 3533 1636 3580 ;
1681 3516 1770 3570 ille
1797 3532 1924 3572 vero

341 3621 511 3676 usque
536 3605 601 3659 ad
625 3605 1092 3662 noctisdimidium
1121 3621 1423 3661 sermonem
1455 3609 1716 3678 protraxit
1741 3626 1754 3675 ;
1789 3610 1924 3666 adeo

343 3696 726 3767 discipulorum
761 3699 990 3753 salutem
1021 3697 1294 3767 cupiebat,
1332 3710 1388 3753 ut
1424 3715 1490 3754 ne
1521 3711 1679 3755 noctu
1708 3701 1922 3772 quidem

345 3799 582 3849 taceret;
615 3789 723 3844 imo
754 3800 876 3844 tunc
912 3792 1080 3859 magis
1108 3791 1420 3858 dissereret,
1453 3793 1592 3863 quod
1619 3796 1771 3866 quies
1799 3805 1924 3853 tunc

341 3892 506 3937 esset.
531 3883 659 3937 Vide
677 3898 832 3954 quam
857 3885 1076 3938 multum
1099 3885 1407 3952 dissereret,
1429 3887 1587 3940 etiam
1611 3899 1730 3958 post
1751 3889 1922 3960 ipsum

342 3988 511 4030 cena:
541 3986 765 4045 tempus.
796 3975 899 4031 Sed
930 3976 1122 4031 festum
1164 3977 1397 4034 turbavit
1423 3979 1682 4046 diabolus,
1712 3998 1810 4036 nec
1841 3994 1921 4036 ta-

345 4082 465 4120 men
497 4067 794 4135 prazvaluit,
827 4083 947 4122 cum
979 4068 1274 4126 auditorem
1309 4069 1361 4123 in
1389 4084 1637 4124 somnum
1664 4071 1922 4128 demersit

343 4168 397 4213 et
421 4158 616 4228 deiecit
650 4179 662 4213 :
697 4160 836 4231 quod
862 4171 917 4214 ut
942 4161 1243 4232 contigerit,
1268 4162 1344 4216 sic
1370 4173 1582 4217 enarrat
1611 4165 1880 4235 pergcndo
1905 4185 1918 4220 :

342 4251 393 4305 8.
433 4250 595 4304 Erant
620 4262 784 4304 autem
802 4253 1062 4322 lampades
1082 4254 1298 4320 capiosa.’
1319 4255 1369 4306 in
1393 4254 1667 4320 caenaculo,
1704 4256 1786 4310 ubi
1811 4275 1921 4310 era-

343 4359 454 4395 mus
479 4347 789 4412 congregati.
813 4345 864 4397 9.
892 4344 1084 4396 Sedens
1105 4353 1272 4396 autem
1292 4344 1497 4414 quidant
1517 4346 1804 4400 adolescens
1831 4364 1920 4401 no-

342 4434 476 4487 mine
501 4433 763 4503 Eutychus
791 4451 942 4504 super
967 4435 1256 4503 fenestram,
1279 4451 1391 4488 cum
1422 4447 1724 4506 mergeretur
1745 4455 1918 4492 somno

342 4527 482 4598 gravi
501 4567 516 4591 ,
549 4527 834 4595 disputante
869 4528 958 4580 diu
993 4526 1186 4593 Paulo,
1227 4528 1406 4582 ductus
1443 4545 1616 4582 somno
1656 4532 1832 4584 cecidit
1859 4535 1921 4585 de

343 4619 488 4673 tertia
519 4618 776 4672 cmunculo
805 4618 1036 4672 deorsum
1055 4661 1071 4686 ,
1102 4630 1146 4672 et
1176 4619 1400 4672 sublatus
1445 4631 1516 4674 est
1551 4633 1792 4676 mortuus.
1828 4623 1914 4677 10.

341 4710 470 4764 Cum
500 4712 829 4764 descendisset
861 4710 1076 4774 Paulus,
1108 4713 1328 4766 incubuit
1357 4731 1507 4783 super
1537 4732 1646 4767 eum
1667 4757 1681 4780 ,
1710 4725 1757 4769 et
1783 4733 1919 4770 cam-

341 4805 518 4877 plexus
548 4803 674 4856 dixit
705 4820 722 4857 :
763 4802 934 4856 Nolite
962 4805 1152 4856 turbari
1175 4822 1190 4866 ;
1220 4808 1389 4858 anima
1418 4807 1548 4858 enim
1581 4808 1690 4875 ejus
1727 4809 1778 4860 in
1807 4809 1918 4876 ipso

338 4904 433 4949 est.
454 4895 480 4949 1
495 4895 511 4949 l
527 4934 540 4947 .
564 4895 847 4969 Ascendeus
868 4905 1052 4961 autem,
1078 4900 1408 4967 frangensque
1427 4914 1605 4967 panem
1624 4908 1669 4951 et
1685 4909 1918 4969 gustatis,

339 4989 558 5058 satisque
594 4967 879 5058 allaquutus
913 5007 1068 5059 usque
1110 4991 1160 5043 in
1201 4991 1388 5056 lucem,
1433 4992 1505 5044 sic
1541 4995 1793 5062 profectus
1821 5004 1914 5052 est.

340 5079 430 5133 1‘2.
460 5080 795 5135 Adduxerunt
829 5089 995 5135 autem
1029 5101 1238 5152 puerum
1273 5085 1514 5138 viventem
1535 5127 1551 5151 ,
1581 5095 1628 5139 ct
1670 5087 1917 5140 consolati

339 5180 456 5225 sunt
481 5189 580 5225 non
603 5174 1212 5244 minime.Vide,qtueso,
1235 5176 1520 5243 theatrum,
1550 5185 1606 5232 ut
1631 5188 1781 5233 erant
1811 5194 1917 5234 una

339 5261 508 5315 coacti
526 5280 538 5316 :
554 5261 898 5334 Congregatis
924 5265 1063 5319 enim
1090 5265 1379 5336 discipulis,
1425 5267 1626 5338 inquit;
1649 5271 1921 5342 etiamque

343 5353 552 5421 signum
602 5356 755 5423 quale
794 5356 950 5409 fuerit
988 5360 1368 5426 perpendam)
1417 5363 1645 5417 fenestra
1689 5380 1922 5435 namque

341 5444 600 5509 sedebat,
633 5446 837 5514 inquit,
867 5455 920 5499 et
964 5447 1276 5518 intempesta
1319 5464 1493 5510 nocte.
1528 5455 1755 5511 Tantum
1801 5470 1917 5513 erat

341 5535 642 5591 auditorum
678 5537 1022 5592 desiderium.
1057 5539 1442 5598 Erubescamus
1471 5561 1602 5611 nos,
1629 5549 1713 5616 qui
1745 5563 1915 5617 neque

343 5626 395 5681 in
424 5625 512 5681 die
539 5625 641 5682 hoc
669 5625 912 5682 facimus.
947 5625 1048 5682 Sed
1081 5629 1294 5695 Paulus,
1326 5633 1550 5702 inquies,
1587 5649 1712 5692 tum.
1740 5638 1913 5694 disse-

339 5719 511 5774 rebar.
538 5717 676 5788 Quid
701 5718 1034 5776 dicis?Nunc
1063 5737 1272 5793 quoque
1300 5722 1491 5780 Paulus
1520 5727 1734 5784 disserit
1758 5748 1772 5794 ',
1807 5731 1914 5784 imo

340 5826 466 5870 vero
490 5829 660 5886 neque
691 5824 814 5871 tunc
838 5829 1006 5887 neque
1042 5830 1187 5873 nunc
1215 5815 1424 5885 Paulus,
1453 5819 1546 5875 sed
1567 5819 1828 5890 Christus,
1861 5833 1914 5877 ct

2049 685 2205 726 nemo
2239 675 2403 732 audit.
2439 677 2553 735 Non
2581 680 2818 742 fenestra
2849 705 2988 747 nunc
3014 703 3115 762 cst,
3149 711 3252 752 non
3295 700 3480 770 fames,
3513 719 3621 759 non

2043 777 2262 819 somnus
2303 768 2662 842 interturbat;
2709 790 2760 833 et
2808 789 2983 839 tamen
3025 802 3129 842 non
3175 789 3420 849 audimus
3451 768 3474 850 ε-
3512 813 3622 851 non

2042 865 2126 910 est
2152 862 2390 930 angustia
2421 863 2550 933 loci,
2585 884 2688 925 non
2719 873 2860 929 aliud
2889 877 3382 950 quidpiamsimilc.
3424 887 3608 956 Quod-

2043 963 2146 1016 que
2171 951 2360 1007 mirum
2392 967 2474 1009 est
2502 959 2714 1018 etiamsi
2741 965 3051 1025 adolescens
3076 983 3238 1041 esset,
3264 990 3368 1031 non
3398 951 3514 1034 erat
3545 982 3626 1050 pi-

2043 1055 2155 1109 ger,
2173 1053 2224 1096 ct
2241 1059 2426 1102 somno
2450 1063 2694 1118 gravatus
2721 1071 2823 1111 non
2851 1059 3115 1129 discessit,
3132 1081 3304 1137 neque
3325 1071 3622 1140 periculum

2043 1133 2366 1205 formidavit,
2389 1157 2453 1196 ne
2476 1143 2761 1203 laberetur.
2785 1151 2936 1220 Quod
2953 1155 2998 1209 si
3018 1133 3621 1233 dormitanti-deciderit,

2042 1242 2109 1282 ne
2140 1230 2351 1286 mireris
2377 1250 2390 1300 ;
2433 1251 2603 1306 neque
2630 1241 2773 1298 enim
2804 1259 2868 1300 ex
2909 1247 3112 1318 ignavia
3141 1252 3492 1325 dormitabat,
3521 1230 3621 1315 sed

2040 1335 2104 1375 ex
2131 1333 2331 1379 natura:
2359 1329 2696 1388 necessitate.
2721 1334 2799 1389 Tu
2824 1353 2951 1394 vero
2976 1343 3305 1413 consideres,
3336 1349 3518 1416 velim,
3551 1352 3620 1405 il-

2040 1410 2121 1467 los
2152 1423 2297 1470 tanto
2324 1419 2501 1474 studio
2528 1431 2704 1480 motos
2733 1425 2898 1484 fuisse
2918 1471 2934 1497 ,
2965 1441 3020 1486 ut
3048 1434 3206 1490 etiam
3235 1410 3300 1491 in-
3330 1440 3485 1494 tertio
3505 1455 3625 1498 cm-

2039 1507 2232 1563 naculo
2269 1521 2486 1581 essent;
2526 1517 2760 1574 nondum
2811 1523 2953 1579 enim
2993 1536 3109 1582 erat
3145 1530 3392 1587 ecclesia.
3441 1533 3625 1592 Nolite

2038 1601 2250 1692 turbari,
2277 1604 2444 1674 inquit
2469 1624 2482 1674 ;
2512 1611 2682 1665 anima
2703 1615 2834 1669 enim
2861 1614 2971 1682 eius
2992 1619 3044 1673 in
3067 1620 3179 1691 ipsa
3200 1635 3294 1678 est.
3319 1625 3433 1681 Non
3457 1627 3616 1692 dixit.

2037 1689 2327 1763 Resurgct,
2377 1699 2644 1757 suscitabo
2683 1706 2826 1760 enim
2877 1709 3023 1764 illum
3051 1689 3190 1778 ;_sed
3221 1716 3399 1786 quid?
3438 1689 3623 1776 Nolite

2037 1785 2246 1839 turbari.
2277 1787 2408 1844 Vide
2445 1807 2601 1860 quam
2631 1796 2700 1850 sit
2725 1813 2754 1852 a
2781 1797 2920 1856 fastu
2950 1803 3177 1873 alienus,
3210 1785 3365 1879 quam
3389 1811 3452 1866 ad
3479 1829 3619 1868 con-

2035 1875 2311 1935 solandum
2343 1899 2560 1952 pronus.
2588 1888 2896 1961 Ascendens,
2933 1896 3122 1968 inquit,
3155 1911 3202 1955 et
3227 1875 3481 1976 frangens
3521 1926 3622 1974 pa-

2035 1983 2144 2021 nem
2166 1981 2212 2024 et
2232 1983 2456 2041 gustaris.
2482 1977 2592 2032 lloc
2606 1995 2906 2040 sermonem
2931 1987 3303 2060 interpellavit,
3329 2012 3427 2052 nec
3453 1999 3613 2054 laesit.

2033 2058 2221 2115 Viden'
2244 2078 2411 2120 omna:
2441 2067 2796 2140 frugalitatem
2819 2077 2842 2131 ?
2865 2078 2935 2132 Et
2955 2058 3164 2152 gustans
3183 2127 3198 2152 ,
3229 2058 3432 2159 inquit,
3462 2093 3614 2147 satis-

2032 2169 2127 2221 que
2147 2156 2436 2228 alloquutus
2467 2168 2620 2234 usque
2641 2168 2707 2220 ad
2725 2169 2908 2237 lucem,
2933 2175 3005 2228 sic
3031 2179 3285 2248 profectus
3301 2156 3393 2238 est.
3423 2185 3615 2242 Viden‘

2032 2249 2302 2314 quomodo
2326 2263 2706 2321 pernoctarent
2728 2261 2750 2314 ?
2772 2261 2928 2318 Tales
2949 2278 3100 2321 erant
3122 2285 3342 2336 mensae,
3363 2284 3420 2330 ut
3445 2277 3612 2334 sobrii

2031 2337 2273 2409 discipuli
2299 2343 2526 2413 abirent,
2553 2357 2605 2404 et
2630 2351 2694 2405 ad
2711 2353 3033 2413 audiendum
3065 2365 3318 2432 prompti.
3351 2367 3484 2434 Quid
3511 2386 3613 2426 nos

2031 2446 2058 2484 a
2087 2433 2306 2488 canibus
2334 2436 2674 2496 differimus?
2702 2443 2888 2502 Videte
2916 2461 3170 2520 quantum
3198 2457 3268 2511 sit
3295 2433 3609 2521 discrimen.

2029 2521 2366 2580 Adduxerunt
2390 2537 2553 2584 autent
2578 2551 2788 2603 puerum
2813 2540 3056 2597 viventem
3082 2550 3122 2608 ³,
3155 2556 3202 2600 et
3222 2549 3469 2605 consolati
3488 2565 3611 2608 sunt

2029 2630 2129 2668 non
2168 2617 2386 2674 minime.
2429 2623 2670 2694 Magnam
2711 2631 2976 2703 accipiunt
3014 2639 3456 2708 consolationem,
3493 2655 3605 2701 tum

2027 2708 2146 2776 quia
2175 2709 2348 2766 vivum
2379 2729 2716 2787 acceperunt,
2745 2731 2852 2777 tum
2883 2728 3005 2794 quia
3031 2729 3240 2798 signum
3273 2730 3466 2790 factum
3497 2747 3600 2792 est.

2030 2800 2116 2854 15.
2141 2799 2251 2855 Nos
2268 2814 2429 2860 autem
2447 2811 2765 2868 ascendentes
2785 2819 2968 2883 navim,
2991 2823 3332 2894 navigavimus
3347 2829 3396 2881 in
3415 2829 3600 2898 Asson,

2027 2894 2146 2948 imle
2183 2901 2463 2968 suscepturi
2503 2901 2725 2961 Paulum
2767 2923 2787 2962 :
2814 2912 2886 2964 sic
2926 2915 3058 2966 enim
3103 2917 3418 2988 disposuerat
3460 2924 3602 2992 ipse,

2030 3003 2118 3055 per
2143 2997 2325 3043 terram
2353 2991 2444 3046 iter
2471 2999 2716 3065 facturus.
2746 3001 2830 3056 M.
2862 3001 2985 3057 Cum
3015 3017 3181 3060 autem
3207 3013 3607 3070 convenissemns

2026 3079 2080 3131 in
2109 3079 2286 3147 Asson,
2306 3095 2563 3155 assumpto
2589 3105 2645 3143 eo
2668 3093 2887 3148 venimus
2906 3095 3201 3168 Mitylenen.
3226 3101 3381 3174 Str-pe
3409 3107 3606 3163 Paulus

2026 3185 2055 3224 a
2086 3171 2359 3244 discipulis
2388 3193 2713 3252 segregatur.
2751 3185 2888 3242 Ecce
2917 3204 3146 3262 namque
3182 3194 3292 3264 jam
3316 3171 3411 3252 ille
3438 3202 3600 3268 pedes

2028 3263 2130 3319 iter
2158 3263 2303 3333 facit,
2338 3267 2413 3324 illi
2443 3268 2571 3327 vero
2606 3276 2728 3330 navi
2754 3294 2767 3330 :
2800 3280 2940 3348 quod
2971 3283 3138 3339 levius
3169 3263 3286 3342 erat
3315 3289 3415 3346 illis
3433 3263 3591 3358 cedit,

2025 3355 2165 3424 quod
2196 3358 2469 3417 molestius
2486 3363 2600 3434 ipse
2615 3370 2858 3424 assumit.
2881 3372 3049 3429 Pedes
3070 3375 3200 3444 ibat,
3223 3387 3330 3434 tum
3354 3392 3406 3436 ut
3427 3355 3591 3438 multa

2025 3447 2375 3519 dispensaret,
2402 3461 2510 3508 tum
2540 3465 2596 3510 ut
2615 3457 2835 3516 doceret
2857 3463 2996 3532 illos,
3021 3483 3088 3522 ne
3112 3468 3180 3524 ab
3205 3485 3264 3525 se
3287 3487 3592 3542 separaren-

2025 3546 2129 3594 tur.
2165 3541 2250 3596 15.
2281 3541 2347 3596 Et
2376 3544 2493 3599 inde
2517 3549 2826 3620 navigantes,
2856 3559 3080 3622 sequenti
3116 3561 3198 3616 die
3221 3541 3444 3620 venimus
3468 3581 3596 3620 con-

2024 3639 2103 3685 tra
2128 3632 2307 3687 Chium
2335 3654 2354 3698 ;
2377 3641 2599 3704 sequenti
2617 3658 2732 3697 vero
2752 3648 3044 3715 appulimus
3064 3652 3300 3719 Seruum,
3322 3666 3372 3710 et
3392 3675 3605 3713 manen-

2025 3734 2096 3779 tes
2123 3725 2348 3798 Trogylii
2366 3771 2381 3795 ,
2407 3733 2632 3802 sequenti
2657 3735 2739 3789 die
2765 3738 2988 3794 venimus
3019 3741 3270 3800 Miletum.
3302 3747 3438 3806 Vide
3464 3767 3603 3822 quo-

2025 3817 2185 3872 tnodo
2225 3820 2508 3878 festinante
2537 3824 2704 3880 Paulo
2743 3841 2997 3900 pergunt,
3027 3850 3124 3890 nec
3155 3853 3331 3892 moras
3361 3817 3602 3911 trahunt,

2023 3909 2115 3963 sed
2153 3920 2478 3981 praetereunt
2505 3915 2724 3973 insulas.
2757 3922 2842 3977 16.
2872 3923 3217 3995 Proposuerat
3245 3933 3379 3985 enim
3405 3909 3605 3990 Paulus

2024 4003 2403 4074 transnavigare
2443 4004 2739 4078 Ephesum,
2785 4022 2842 4066 ut
2871 4032 3029 4086 neque
3072 4036 3213 4074 mora
3253 4023 3333 4076 illi
3379 4036 3506 4079 esset
3549 4029 3605 4082 in

2023 4092 2161 4146 Asia.
2194 4094 2484 4152 Festinabat
2523 4111 2690 4156 autent
2729 4105 2774 4158 si
2811 4109 3047 4175 possibile
3075 4113 3171 4166 sibi
3199 4126 3344 4184 esset,
3375 4126 3429 4171 ut
3465 4119 3601 4174 diem

2023 4181 2342 4242 Pentecostes
2363 4199 2530 4260 ageret
2553 4192 2903 4268 Jerosolgmis.

2091 4275 2144 4328 2.
2187 4277 2314 4345 Qua:
2346 4280 2458 4335 lucc
2499 4282 2810 4341 festinatio?
2842 4289 2956 4346 Non
2997 4305 3213 4365 propter
3244 4297 3458 4365 festum,
3499 4304 3598 4358 sed

2022 4378 2238 4437 propter
2263 4371 2670 4432 multitudinem.
2701 4379 2868 4437 Simul
2897 4384 3109 4441 Judaeos
3126 4405 3189 4443 ex
3216 4405 3280 4445 eo
3307 4393 3593 4458 alliciebat,

2021 4461 2157 4530 quod
2207 4461 2515 4521 festivitates
2553 4469 2793 4538 coleret;
2827 4475 2984 4531 simul
3023 4491 3077 4533 ct
3123 4481 3366 4538 inimicos
3407 4501 3598 4554 rapere

2019 4551 2119 4605 sibi
2141 4555 2382 4624 cupiens,
2407 4556 2922 4622 festinabatverbum
2941 4574 3280 4629 annuntiare.
3305 4575 3438 4631 Vide
3465 4551 3600 4648 ergo

2019 4657 2272 4715 quantum
2315 4648 2511 4706 factum
2551 4653 2622 4707 sit
2663 4656 2903 4725 lucrum,
2948 4663 3196 4720 omnibus
3221 4670 3594 4736 praesentibus.

2019 4736 2165 4794 Alias
2187 4754 2330 4804 vero,
2353 4758 2421 4797 ne
2447 4743 2661 4812 Ephesii
2695 4750 3104 4820 negligerentur,
3135 4757 3239 4809 alio
3265 4759 3596 4830 dispensavit

2020 4830 2197 4885 tnodo.
2228 4833 2331 4888 Sed
2355 4838 2597 4906 superius
2624 4841 2762 4896 dicta
2781 4857 3106 4914 repetamus.
3137 4849 3201 4903 Et
3223 4853 3479 4920 salutatis,
3507 4855 3596 4909 in—

2019 4923 2150 4993 quit,
2175 4926 2468 4998 discipulis,
2491 4933 2747 5002 profectus
2773 4948 2879 5003 est,
2909 4951 2964 4992 ut
2988 4941 3081 4994 iret
3108 4942 3160 4995 in
3195 4942 3549 5000 Macedoniam
3581 4991 3598 5013 ,

2019 5023 2064 5068 et
2091 5017 2388 5073 exhortatus
2416 5037 2498 5076 eos
2525 5040 2748 5079 sermone
2786 5028 2966 5096 multo,
2989 5033 3122 5086 venit
3146 5034 3198 5087 in
3227 5033 3496 5090 Cra-sciam.
3531 5041 3600 5094 Et

2019 5106 2096 5161 sic
2127 5124 2337 5164 rursum
2370 5117 2661 5181 recreavit,
2707 5133 2951 5189 magnam
2983 5122 3116 5178 dans
3143 5127 3593 5185 consolationem.

2020 5197 2152 5254 Vide
2197 5201 2389 5273 ubique
2435 5204 2583 5259 illum
2641 5223 2888 5267 sermone
2945 5215 3122 5269 omnia
3181 5218 3589 5286 perficientem,

2019 5309 2126 5348 non
2174 5311 2298 5349 vero
2338 5297 2523 5366 signis.
2557 5298 2950 5372 Nauigaturum,
2981 5308 3075 5373 ait,
3105 5310 3158 5362 in
3191 5309 3418 5381 Syriam.
3449 5312 3593 5368 Con-

2021 5385 2168 5440 tinuo
2197 5388 2347 5442 nobis
2385 5390 2527 5443 illum
2559 5394 2790 5447 ostendit
2813 5395 3152 5455 festinantem
3183 5402 3235 5456 in
3265 5403 3494 5474 Syriam.
3539 5407 3602 5460 lu

2018 5495 2172 5534 causa
2201 5491 2312 5534 erat
2335 5481 2568 5537 Ecclesia
2595 5494 2648 5538 et
2675 5484 3006 5561 Jerosolyma
3030 5508 3045 5556 ;
3075 5494 3151 5548 sic
3179 5496 3515 5552 desiderabat
3540 5511 3598 5555 et

2017 5586 2134 5639 qua:
2160 5569 2266 5625 illic
2287 5582 2439 5626 erant
2458 5574 2726 5630 ordinare.
2753 5578 2916 5649 Atqui
2944 5598 3050 5638 non
3069 5601 3258 5656 magna
3284 5587 3453 5643 Troas
3477 5606 3557 5644 est
3580 5609 3598 5653 ;Δ

2063 5769 2602 5881 ιέυὲξῗῇ,ωλι1άυπετωιι
2625 5783 2782 5829 autem
2813 5793 3027 5847 puerum
3065 5783 3521 5846 tirentcm,desuut
3547 5795 3602 5840 iu

2016 5845 2316 5896 quibusnam.
