  <div class='ocr_page' id='page_1' title='image "/cluster/home/n/w/nwhite01/storage/ocr_20150623/60/hvd.32044073501942/311.png"; bbox 0 0 4028 6218; ppageno 0'>
   <div class='ocr_carea' id='block_1_1' title="bbox 463 382 573 440">
    <p class='ocr_par' dir='ltr' id='par_1_1' title="bbox 463 382 573 440">
     <span class='ocr_line' id='line_1_1' title="bbox 463 382 573 440; baseline -0.027 0"><span class='ocrx_word' id='word_1_1' title='bbox 463 382 573 440; x_wconf 72' lang='lat'>303</span> 
     </span>
    </p>
   </div>
   <div class='ocr_carea' id='block_1_2' title="bbox 470 481 2130 567">
    <p class='ocr_par' dir='ltr' id='par_1_2' title="bbox 470 481 2130 567">
     <span class='ocr_line' id='line_1_2' title="bbox 470 481 2130 567; baseline -0.013 -15"><span class='ocrx_word' id='word_1_2' title='bbox 470 497 630 562; x_wconf 83' lang='grc' dir='ltr'>ἐπτά,</span> <span class='ocrx_word' id='word_1_3' title='bbox 663 498 731 567; x_wconf 72' lang='grc' dir='ltr'>τῇ</span> <span class='ocrx_word' id='word_1_4' title='bbox 756 493 984 565; x_wconf 77' lang='grc' dir='ltr'>ἐπιούσῃ</span> <span class='ocrx_word' id='word_1_5' title='bbox 1013 491 1112 565; x_wconf 77' lang='grc' dir='ltr'>τὴν</span> <span class='ocrx_word' id='word_1_6' title='bbox 1136 490 1307 545; x_wconf 91' lang='grc' dir='ltr'>νύκτα</span> <span class='ocrx_word' id='word_1_7' title='bbox 1332 488 1609 544; x_wconf 79' lang='grc' dir='ltr'>ἀνάλωσεν</span> <span class='ocrx_word' id='word_1_8' title='bbox 1647 486 1727 548; x_wconf 85' lang='grc' dir='ltr'>είς</span> <span class='ocrx_word' id='word_1_9' title='bbox 1753 484 1852 555; x_wconf 79' lang='grc' dir='ltr'>τὴν</span> <span class='ocrx_word' id='word_1_10' title='bbox 1882 481 2130 567; x_wconf 83' lang='grc' dir='ltr'>διδασκα-</span> 
     </span>
    </p>
   </div>
   <div class='ocr_carea' id='block_1_3' title="bbox 464 564 2130 646">
    <p class='ocr_par' dir='ltr' id='par_1_3' title="bbox 464 564 2130 646">
     <span class='ocr_line' id='line_1_3' title="bbox 464 564 2130 646; baseline -0.011 -9"><span class='ocrx_word' id='word_1_11' title='bbox 464 584 586 637; x_wconf 92' lang='grc' dir='ltr'>λίαν</span> <span class='ocrx_word' id='word_1_12' title='bbox 615 599 630 614; x_wconf 94' lang='grc'>⁸</span> <span class='ocrx_word' id='word_1_13' title='bbox 658 564 799 636; x_wconf 64' lang='grc' dir='ltr'>οὑτω</span> <span class='ocrx_word' id='word_1_14' title='bbox 826 564 1293 646; x_wconf 81' lang='grc' dir='ltr'>δυσαποσπάστως</span> <span class='ocrx_word' id='word_1_15' title='bbox 1327 575 1423 630; x_wconf 72' lang='grc' dir='ltr'>καὶ</span> <span class='ocrx_word' id='word_1_16' title='bbox 1456 573 1617 636; x_wconf 85' lang='grc' dir='ltr'>αὑτὸς</span> <span class='ocrx_word' id='word_1_17' title='bbox 1649 570 1827 625; x_wconf 88' lang='grc' dir='ltr'>αὑτῶν</span> <span class='ocrx_word' id='word_1_18' title='bbox 1853 564 1987 639; x_wconf 78' lang='grc' dir='ltr'>εἶχε,</span> <span class='ocrx_word' id='word_1_19' title='bbox 2033 568 2130 621; x_wconf 69' lang='grc' dir='ltr'>καὶ</span> 
     </span>
    </p>
   </div>
   <div class='ocr_carea' id='block_1_4' title="bbox 465 655 2127 737">
    <p class='ocr_par' dir='ltr' id='par_1_4' title="bbox 465 655 2127 737">
     <span class='ocr_line' id='line_1_4' title="bbox 465 655 2127 737; baseline -0.01 -13"><span class='ocrx_word' id='word_1_20' title='bbox 465 670 619 724; x_wconf 75' lang='grc' dir='ltr'>αὑτοὶ</span> <span class='ocrx_word' id='word_1_21' title='bbox 669 668 855 723; x_wconf 88' lang='grc' dir='ltr'>αὑτοῦ.</span> <span class='ocrx_word' id='word_1_22' title='bbox 894 666 1293 737; x_wconf 76' lang='grc' dir='ltr'>Συνηγμένων</span> <span class='ocrx_word' id='word_1_23' title='bbox 1321 664 1411 731; x_wconf 84' lang='grc' dir='ltr'>δὲ,</span> <span class='ocrx_word' id='word_1_24' title='bbox 1466 662 1652 733; x_wconf 83' lang='grc' dir='ltr'>φησὶν,</span> <span class='ocrx_word' id='word_1_25' title='bbox 1700 657 1869 729; x_wconf 76' lang='grc' dir='ltr'>ἡμῶν</span> <span class='ocrx_word' id='word_1_26' title='bbox 1905 655 2127 711; x_wconf 80' lang='grc' dir='ltr'>κλάσαι</span> 
     </span>
    </p>
   </div>
   <div class='ocr_carea' id='block_1_5' title="bbox 461 744 2128 826">
    <p class='ocr_par' dir='ltr' id='par_1_5' title="bbox 461 744 2128 826">
     <span class='ocr_line' id='line_1_5' title="bbox 461 744 2128 826; baseline -0.011 -15"><span class='ocrx_word' id='word_1_27' title='bbox 461 758 665 825; x_wconf 76' lang='grc' dir='ltr'>ἄρτον.</span> <span class='ocrx_word' id='word_1_28' title='bbox 708 756 851 826; x_wconf 84' lang='grc' dir='ltr'>Πρὸς</span> <span class='ocrx_word' id='word_1_29' title='bbox 887 754 1048 808; x_wconf 80' lang='grc' dir='ltr'>αὑτὸν</span> <span class='ocrx_word' id='word_1_30' title='bbox 1086 755 1176 807; x_wconf 85' lang='grc' dir='ltr'>τὸν</span> <span class='ocrx_word' id='word_1_31' title='bbox 1219 751 1429 823; x_wconf 83' lang='grc' dir='ltr'>καιρὸν,</span> <span class='ocrx_word' id='word_1_32' title='bbox 1476 744 1521 818; x_wconf 86' lang='grc' dir='ltr'>ᾧ</span> <span class='ocrx_word' id='word_1_33' title='bbox 1575 747 1905 802; x_wconf 76' lang='grc' dir='ltr'>ἐνεδείκνυτο</span> <span class='ocrx_word' id='word_1_34' title='bbox 1938 746 2128 813; x_wconf 81' lang='grc' dir='ltr'>πεινῇν</span> 
     </span>
    </p>
   </div>
   <div class='ocr_carea' id='block_1_6' title="bbox 466 831 2126 915">
    <p class='ocr_par' dir='ltr' id='par_1_6' title="bbox 466 831 2126 915">
     <span class='ocr_line' id='line_1_6' title="bbox 466 831 2126 915; baseline -0.01 -15"><span class='ocrx_word' id='word_1_35' title='bbox 466 845 583 909; x_wconf 82' lang='grc' dir='ltr'>(καὶ</span> <span class='ocrx_word' id='word_1_36' title='bbox 608 846 710 898; x_wconf 87' lang='grc' dir='ltr'>οὑκ</span> <span class='ocrx_word' id='word_1_37' title='bbox 729 839 797 915; x_wconf 76' lang='grc' dir='ltr'>ἦν</span> <span class='ocrx_word' id='word_1_38' title='bbox 822 843 1094 912; x_wconf 78' lang='grc' dir='ltr'>ἄκαιρον),</span> <span class='ocrx_word' id='word_1_39' title='bbox 1126 841 1300 912; x_wconf 79' lang='grc' dir='ltr'>ἀρχὴν</span> <span class='ocrx_word' id='word_1_40' title='bbox 1330 843 1359 894; x_wconf 92' lang='lat'>6</span> <span class='ocrx_word' id='word_1_41' title='bbox 1389 839 1547 908; x_wconf 86' lang='grc' dir='ltr'>λόγος</span> <span class='ocrx_word' id='word_1_42' title='bbox 1584 834 1764 890; x_wconf 88' lang='grc' dir='ltr'>λαϐὼν</span> <span class='ocrx_word' id='word_1_43' title='bbox 1795 831 2078 905; x_wconf 83' lang='grc' dir='ltr'>παρετάθη</span> <span class='ocrx_word' id='word_1_44' title='bbox 2114 845 2126 858; x_wconf 93' lang='grc'><strong>·</strong></span> 
     </span>
    </p>
   </div>
   <div class='ocr_carea' id='block_1_7' title="bbox 462 918 2130 1001">
    <p class='ocr_par' dir='ltr' id='par_1_7' title="bbox 462 918 2130 1001">
     <span class='ocr_line' id='line_1_7' title="bbox 462 918 2130 1001; baseline -0.009 -14"><span class='ocrx_word' id='word_1_45' title='bbox 462 932 605 987; x_wconf 76' lang='grc' dir='ltr'>ὥστε</span> <span class='ocrx_word' id='word_1_46' title='bbox 626 933 686 985; x_wconf 89' lang='grc' dir='ltr'>οὑ</span> <span class='ocrx_word' id='word_1_47' title='bbox 711 931 1135 1001; x_wconf 77' lang='grc' dir='ltr'>προηγουμένως</span> <span class='ocrx_word' id='word_1_48' title='bbox 1177 930 1255 992; x_wconf 83' lang='grc' dir='ltr'>εἰς</span> <span class='ocrx_word' id='word_1_49' title='bbox 1288 925 1636 981; x_wconf 84' lang='grc' dir='ltr'>διδασκαλίαν</span> <span class='ocrx_word' id='word_1_50' title='bbox 1669 922 1963 993; x_wconf 78' lang='grc' dir='ltr'>καθήκειν,</span> <span class='ocrx_word' id='word_1_51' title='bbox 1995 918 2130 973; x_wconf 88' lang='grc' dir='ltr'>ἀλλά</span> 
     </span>
    </p>
   </div>
   <div class='ocr_carea' id='block_1_8' title="bbox 469 1009 2131 1091">
    <p class='ocr_par' dir='ltr' id='par_1_8' title="bbox 469 1009 2131 1091">
     <span class='ocr_line' id='line_1_8' title="bbox 469 1009 2131 1091; baseline -0.011 -15"><span class='ocrx_word' id='word_1_52' title='bbox 469 1020 727 1091; x_wconf 88' lang='grc' dir='ltr'>συνηλθον</span> <span class='ocrx_word' id='word_1_53' title='bbox 763 1020 864 1089; x_wconf 80' lang='grc' dir='ltr'>μὲν</span> <span class='ocrx_word' id='word_1_54' title='bbox 891 1017 1087 1071; x_wconf 80' lang='grc' dir='ltr'>κλάσαι</span> <span class='ocrx_word' id='word_1_55' title='bbox 1125 1012 1657 1086; x_wconf 82' lang='grc' dir='ltr'>ἄρτον,ἐμπεσόντος</span> <span class='ocrx_word' id='word_1_56' title='bbox 1689 1010 1745 1063; x_wconf 85' lang='grc' dir='ltr'>δέ</span> <span class='ocrx_word' id='word_1_57' title='bbox 1766 1009 1948 1077; x_wconf 90' lang='grc' dir='ltr'>λόγου,</span> <span class='ocrx_word' id='word_1_58' title='bbox 1989 1023 2131 1075; x_wconf 89' lang='grc' dir='ltr'>παρ·-</span> 
     </span>
    </p>
   </div>
   <div class='ocr_carea' id='block_1_9' title="bbox 473 1098 2127 1179">
    <p class='ocr_par' dir='ltr' id='par_1_9' title="bbox 473 1098 2127 1179">
     <span class='ocr_line' id='line_1_9' title="bbox 473 1098 2127 1179; baseline -0.01 -13"><span class='ocrx_word' id='word_1_59' title='bbox 473 1113 648 1167; x_wconf 80' lang='grc' dir='ltr'>έτεινε</span> <span class='ocrx_word' id='word_1_60' title='bbox 702 1109 802 1179; x_wconf 83' lang='grc' dir='ltr'>τὴν</span> <span class='ocrx_word' id='word_1_61' title='bbox 828 1106 1197 1161; x_wconf 86' lang='grc' dir='ltr'>διδασκαλίαν.</span> <span class='ocrx_word' id='word_1_62' title='bbox 1227 1106 1372 1176; x_wconf 88' lang='grc' dir='ltr'>Ὅρα</span> <span class='ocrx_word' id='word_1_63' title='bbox 1396 1120 1513 1166; x_wconf 92' lang='grc' dir='ltr'>πως</span> <span class='ocrx_word' id='word_1_64' title='bbox 1542 1103 1636 1156; x_wconf 73' lang='grc' dir='ltr'>καὶ</span> <span class='ocrx_word' id='word_1_65' title='bbox 1663 1104 1728 1173; x_wconf 81' lang='grc' dir='ltr'>τῇ</span> <span class='ocrx_word' id='word_1_66' title='bbox 1754 1098 2001 1171; x_wconf 81' lang='grc' dir='ltr'>τραπέζῃ</span> <span class='ocrx_word' id='word_1_67' title='bbox 2032 1098 2127 1150; x_wconf 90' lang='grc' dir='ltr'>τοῦ</span> 
     </span>
    </p>
   </div>
   <div class='ocr_carea' id='block_1_10' title="bbox 470 1187 2128 1262">
    <p class='ocr_par' dir='ltr' id='par_1_10' title="bbox 470 1187 2128 1262">
     <span class='ocr_line' id='line_1_10' title="bbox 470 1187 2128 1262; baseline -0.01 -9"><span class='ocrx_word' id='word_1_68' title='bbox 470 1200 684 1253; x_wconf 85' lang='grc' dir='ltr'>Παύλου</span> <span class='ocrx_word' id='word_1_69' title='bbox 722 1199 923 1258; x_wconf 88' lang='grc' dir='ltr'>πάντες</span> <span class='ocrx_word' id='word_1_70' title='bbox 966 1195 1303 1249; x_wconf 84' lang='grc' dir='ltr'>ἐκοινώνουν.</span> <span class='ocrx_word' id='word_1_71' title='bbox 1339 1192 1491 1262; x_wconf 79' lang='grc' dir='ltr'>Ἐμοὶ</span> <span class='ocrx_word' id='word_1_72' title='bbox 1528 1192 1692 1257; x_wconf 87' lang='grc' dir='ltr'>δοκεῖ,</span> <span class='ocrx_word' id='word_1_73' title='bbox 1724 1190 1818 1244; x_wconf 76' lang='grc' dir='ltr'>καὶ</span> <span class='ocrx_word' id='word_1_74' title='bbox 1857 1188 2009 1259; x_wconf 86' lang='grc' dir='ltr'>παρά</span> <span class='ocrx_word' id='word_1_75' title='bbox 2031 1187 2128 1255; x_wconf 81' lang='grc' dir='ltr'>τὴν</span> 
     </span>
    </p>
   </div>
   <div class='ocr_carea' id='block_1_11' title="bbox 469 1274 2128 1359">
    <p class='ocr_par' dir='ltr' id='par_1_11' title="bbox 469 1274 2128 1359">
     <span class='ocr_line' id='line_1_11' title="bbox 469 1274 2128 1359; baseline -0.01 -18"><span class='ocrx_word' id='word_1_76' title='bbox 469 1287 749 1359; x_wconf 77' lang='grc' dir='ltr'>τράπεζαν</span> <span class='ocrx_word' id='word_1_77' title='bbox 798 1284 959 1338; x_wconf 85' lang='grc' dir='ltr'>αὑτὸν</span> <span class='ocrx_word' id='word_1_78' title='bbox 1016 1283 1323 1351; x_wconf 86' lang='grc' dir='ltr'>καθήμενον</span> <span class='ocrx_word' id='word_1_79' title='bbox 1378 1278 1738 1347; x_wconf 86' lang='grc' dir='ltr'>διαλέγεσθαι,</span> <span class='ocrx_word' id='word_1_80' title='bbox 1804 1274 2128 1330; x_wconf 83' lang='grc' dir='ltr'>παιδεύοντα</span> 
     </span>
    </p>
   </div>
   <div class='ocr_carea' id='block_1_12' title="bbox 466 1359 2128 1446">
    <p class='ocr_par' dir='ltr' id='par_1_12' title="bbox 466 1359 2128 1446">
     <span class='ocr_line' id='line_1_12' title="bbox 466 1359 2128 1446; baseline -0.01 -18"><span class='ocrx_word' id='word_1_81' title='bbox 466 1378 614 1446; x_wconf 74' lang='grc' dir='ltr'>ἡμᾶς</span> <span class='ocrx_word' id='word_1_82' title='bbox 650 1373 829 1425; x_wconf 89' lang='grc' dir='ltr'>πάντα</span> <span class='ocrx_word' id='word_1_83' title='bbox 850 1372 917 1424; x_wconf 78' lang='grc' dir='ltr'>τὰ</span> <span class='ocrx_word' id='word_1_84' title='bbox 947 1370 1107 1423; x_wconf 89' lang='grc' dir='ltr'>λοιπά</span> <span class='ocrx_word' id='word_1_85' title='bbox 1140 1370 1390 1440; x_wconf 88' lang='grc' dir='ltr'>πάρεργα</span> <span class='ocrx_word' id='word_1_86' title='bbox 1420 1364 1688 1437; x_wconf 84' lang='grc' dir='ltr'>ἡγεῖσθαι.</span> <span class='ocrx_word' id='word_1_87' title='bbox 1706 1359 2128 1416; x_wconf 84' lang='grc' dir='ltr'>Ὑποτυπώσατέ</span> 
     </span>
    </p>
   </div>
   <div class='ocr_carea' id='block_1_13' title="bbox 472 1447 2125 1534">
    <p class='ocr_par' dir='ltr' id='par_1_13' title="bbox 472 1447 2125 1534">
     <span class='ocr_line' id='line_1_13' title="bbox 472 1447 2125 1534; baseline -0.01 -18"><span class='ocrx_word' id='word_1_88' title='bbox 472 1481 560 1534; x_wconf 90' lang='grc' dir='ltr'>μοι</span> <span class='ocrx_word' id='word_1_89' title='bbox 593 1463 681 1515; x_wconf 78' lang='grc' dir='ltr'>τὸν</span> <span class='ocrx_word' id='word_1_90' title='bbox 702 1457 846 1514; x_wconf 78' lang='grc' dir='ltr'>οἷκον</span> <span class='ocrx_word' id='word_1_91' title='bbox 869 1462 1094 1517; x_wconf 84' lang='grc' dir='ltr'>ἐκεῖνον,</span> <span class='ocrx_word' id='word_1_92' title='bbox 1135 1456 1262 1509; x_wconf 76' lang='grc' dir='ltr'>ἔνθα</span> <span class='ocrx_word' id='word_1_93' title='bbox 1297 1454 1575 1526; x_wconf 81' lang='grc' dir='ltr'>λαμπάδες</span> <span class='ocrx_word' id='word_1_94' title='bbox 1600 1449 1763 1523; x_wconf 82' lang='grc' dir='ltr'>ἦσαν,</span> <span class='ocrx_word' id='word_1_95' title='bbox 1794 1449 1919 1502; x_wconf 72' lang='grc' dir='ltr'>ἔνθα</span> <span class='ocrx_word' id='word_1_96' title='bbox 1952 1447 2125 1519; x_wconf 84' lang='grc' dir='ltr'>δχλος,</span> 
     </span>
    </p>
   </div>
   <div class='ocr_carea' id='block_1_14' title="bbox 467 1539 2130 1620">
    <p class='ocr_par' dir='ltr' id='par_1_14' title="bbox 467 1539 2130 1620">
     <span class='ocr_line' id='line_1_14' title="bbox 467 1539 2130 1620; baseline -0.011 -13"><span class='ocrx_word' id='word_1_97' title='bbox 467 1553 597 1607; x_wconf 76' lang='grc' dir='ltr'>ἔνθα</span> <span class='ocrx_word' id='word_1_98' title='bbox 618 1548 825 1612; x_wconf 82' lang='grc' dir='ltr'>Παῦλος</span> <span class='ocrx_word' id='word_1_99' title='bbox 849 1550 1012 1620; x_wconf 80' lang='grc' dir='ltr'><strong>μέσος</strong></span> <span class='ocrx_word' id='word_1_100' title='bbox 1051 1547 1124 1600; x_wconf 84' lang='grc' dir='ltr'>ῶν</span> <span class='ocrx_word' id='word_1_101' title='bbox 1163 1546 1451 1614; x_wconf 83' lang='grc' dir='ltr'>διελέγετο,</span> <span class='ocrx_word' id='word_1_102' title='bbox 1504 1542 1631 1595; x_wconf 83' lang='grc' dir='ltr'>ἐνθα</span> <span class='ocrx_word' id='word_1_103' title='bbox 1666 1541 1758 1595; x_wconf 74' lang='grc' dir='ltr'>καὶ</span> <span class='ocrx_word' id='word_1_104' title='bbox 1790 1540 1888 1603; x_wconf 79' lang='grc' dir='ltr'>τὰς</span> <span class='ocrx_word' id='word_1_105' title='bbox 1911 1539 2130 1608; x_wconf 88' lang='grc' dir='ltr'>θυρίδας</span> 
     </span>
    </p>
   </div>
   <div class='ocr_carea' id='block_1_15' title="bbox 467 1625 2129 1705">
    <p class='ocr_par' dir='ltr' id='par_1_15' title="bbox 467 1625 2129 1705">
     <span class='ocr_line' id='line_1_15' title="bbox 467 1625 2129 1705; baseline -0.008 -12"><span class='ocrx_word' id='word_1_106' title='bbox 467 1639 650 1694; x_wconf 76' lang='grc' dir='ltr'>πολλοὶ</span> <span class='ocrx_word' id='word_1_107' title='bbox 715 1636 1119 1705; x_wconf 85' lang='grc' dir='ltr'>κατελάμϐανον</span> <span class='ocrx_word' id='word_1_108' title='bbox 1167 1637 1260 1687; x_wconf 76' lang='grc' dir='ltr'>καὶ</span> <span class='ocrx_word' id='word_1_109' title='bbox 1320 1632 1421 1703; x_wconf 79' lang='grc' dir='ltr'>τῆς</span> <span class='ocrx_word' id='word_1_110' title='bbox 1482 1630 1779 1698; x_wconf 82' lang='grc' dir='ltr'>σάλπιγγος</span> <span class='ocrx_word' id='word_1_111' title='bbox 1814 1640 1840 1667; x_wconf 72' lang='grc' dir='ltr'>α</span> <span class='ocrx_word' id='word_1_112' title='bbox 1899 1625 2129 1679; x_wconf 87' lang='grc' dir='ltr'>ἀκοῦσαι</span> 
     </span>
    </p>
   </div>
   <div class='ocr_carea' id='block_1_16' title="bbox 464 1715 2129 1795">
    <p class='ocr_par' dir='ltr' id='par_1_16' title="bbox 464 1715 2129 1795">
     <span class='ocr_line' id='line_1_16' title="bbox 464 1715 2129 1795; baseline -0.008 -14"><span class='ocrx_word' id='word_1_113' title='bbox 464 1729 701 1795; x_wconf 81' lang='grc' dir='ltr'>ἐκείνης,</span> <span class='ocrx_word' id='word_1_114' title='bbox 750 1725 843 1779; x_wconf 71' lang='grc' dir='ltr'>καὶ</span> <span class='ocrx_word' id='word_1_115' title='bbox 890 1725 952 1777; x_wconf 84' lang='grc' dir='ltr'>τὸ</span> <span class='ocrx_word' id='word_1_116' title='bbox 1000 1724 1290 1794; x_wconf 89' lang='grc' dir='ltr'>πρόσωπον</span> <span class='ocrx_word' id='word_1_117' title='bbox 1337 1722 1398 1774; x_wconf 84' lang='grc' dir='ltr'>τὸ</span> <span class='ocrx_word' id='word_1_118' title='bbox 1449 1720 1637 1791; x_wconf 86' lang='grc' dir='ltr'>χάριεν</span> <span class='ocrx_word' id='word_1_119' title='bbox 1696 1715 1993 1772; x_wconf 86' lang='grc' dir='ltr'>θεάσασθαι</span> <span class='ocrx_word' id='word_1_120' title='bbox 2027 1731 2041 1745; x_wconf 96' lang='grc'>⁸</span> <span class='ocrx_word' id='word_1_121' title='bbox 2077 1715 2129 1767; x_wconf 87' lang='grc' dir='ltr'>τί</span> 
     </span>
    </p>
   </div>
   <div class='ocr_carea' id='block_1_17' title="bbox 466 1802 2129 1880">
    <p class='ocr_par' dir='ltr' id='par_1_17' title="bbox 466 1802 2129 1880">
     <span class='ocr_line' id='line_1_17' title="bbox 466 1802 2129 1880; baseline -0.008 -12"><span class='ocrx_word' id='word_1_122' title='bbox 466 1815 612 1878; x_wconf 78' lang='grc' dir='ltr'>είκδς</span> <span class='ocrx_word' id='word_1_123' title='bbox 636 1810 774 1867; x_wconf 76' lang='grc' dir='ltr'>εἶναι</span> <span class='ocrx_word' id='word_1_124' title='bbox 810 1813 935 1876; x_wconf 79' lang='grc' dir='ltr'>τοὺς</span> <span class='ocrx_word' id='word_1_125' title='bbox 966 1808 1409 1880; x_wconf 78' lang='grc' dir='ltr'>διδασκομένους,</span> <span class='ocrx_word' id='word_1_126' title='bbox 1438 1809 1532 1861; x_wconf 74' lang='grc' dir='ltr'>καὶ</span> <span class='ocrx_word' id='word_1_127' title='bbox 1564 1806 1738 1876; x_wconf 83' lang='grc' dir='ltr'>πόσην</span> <span class='ocrx_word' id='word_1_128' title='bbox 1785 1802 2129 1875; x_wconf 81' lang='grc' dir='ltr'>καρποῦσθαι</span> 
     </span>
    </p>
   </div>
   <div class='ocr_carea' id='block_1_18' title="bbox 464 1889 2128 1974">
    <p class='ocr_par' dir='ltr' id='par_1_18' title="bbox 464 1889 2128 1974">
     <span class='ocr_line' id='line_1_18' title="bbox 464 1889 2128 1974; baseline -0.009 -18"><span class='ocrx_word' id='word_1_129' title='bbox 464 1904 563 1974; x_wconf 76' lang='grc' dir='ltr'>τὴν</span> <span class='ocrx_word' id='word_1_130' title='bbox 586 1902 815 1973; x_wconf 81' lang='grc' dir='ltr'>ήδονήν;</span> <span class='ocrx_word' id='word_1_131' title='bbox 842 1899 997 1963; x_wconf 81' lang='grc' dir='ltr'>Τίνος</span> <span class='ocrx_word' id='word_1_132' title='bbox 1017 1899 1073 1951; x_wconf 80' lang='grc' dir='ltr'>δὲ</span> <span class='ocrx_word' id='word_1_133' title='bbox 1102 1898 1285 1952; x_wconf 74' lang='grc' dir='ltr'>ἕνεκεν</span> <span class='ocrx_word' id='word_1_134' title='bbox 1303 1898 1360 1949; x_wconf 87' lang='grc' dir='ltr'>ἐν</span> <span class='ocrx_word' id='word_1_135' title='bbox 1392 1894 1549 1949; x_wconf 59' lang='grc' dir='ltr'>νυκτὶ¹</span> <span class='ocrx_word' id='word_1_136' title='bbox 1580 1892 1878 1960; x_wconf 87' lang='grc' dir='ltr'>διελέγετο;</span> <span class='ocrx_word' id='word_1_137' title='bbox 1910 1889 2128 1960; x_wconf 78' lang='grc' dir='ltr'>Ἐπειδὴ</span> 
     </span>
    </p>
   </div>
   <div class='ocr_carea' id='block_1_19' title="bbox 460 1977 2129 2061">
    <p class='ocr_par' dir='ltr' id='par_1_19' title="bbox 460 1977 2129 2061">
     <span class='ocr_line' id='line_1_19' title="bbox 460 1977 2129 2061; baseline -0.008 -18"><span class='ocrx_word' id='word_1_138' title='bbox 460 1990 686 2061; x_wconf 77' lang='grc' dir='ltr'>ἔμελλεν</span> <span class='ocrx_word' id='word_1_139' title='bbox 714 1988 932 2052; x_wconf 79' lang='grc' dir='ltr'>ἐξιέναι,</span> <span class='ocrx_word' id='word_1_140' title='bbox 967 1986 1061 2039; x_wconf 72' lang='grc' dir='ltr'>καὶ</span> <span class='ocrx_word' id='word_1_141' title='bbox 1095 1986 1195 2038; x_wconf 90' lang='grc' dir='ltr'>οὑκ</span> <span class='ocrx_word' id='word_1_142' title='bbox 1232 1984 1312 2037; x_wconf 80' lang='grc' dir='ltr'>ἐτι</span> <span class='ocrx_word' id='word_1_143' title='bbox 1336 1985 1467 2055; x_wconf 81' lang='grc' dir='ltr'>όρᾷν</span> <span class='ocrx_word' id='word_1_144' title='bbox 1497 1982 1694 2044; x_wconf 85' lang='grc' dir='ltr'>αὑτοὺς</span> <span class='ocrx_word' id='word_1_145' title='bbox 1730 1978 1917 2032; x_wconf 90' lang='grc' dir='ltr'>λοιπόν</span> <span class='ocrx_word' id='word_1_146' title='bbox 1944 1993 1958 2008; x_wconf 96' lang='grc'>⁸</span> <span class='ocrx_word' id='word_1_147' title='bbox 1992 1977 2129 2031; x_wconf 89' lang='grc' dir='ltr'>ἀλλά</span> 
     </span>
    </p>
   </div>
   <div class='ocr_carea' id='block_1_20' title="bbox 460 2062 2130 2149">
    <p class='ocr_par' dir='ltr' id='par_1_20' title="bbox 460 2062 2130 2149">
     <span class='ocr_line' id='line_1_20' title="bbox 460 2062 2130 2149; baseline -0.008 -17"><span class='ocrx_word' id='word_1_148' title='bbox 460 2078 622 2132; x_wconf 88' lang='grc' dir='ltr'>τοῦτο</span> <span class='ocrx_word' id='word_1_149' title='bbox 646 2078 744 2149; x_wconf 83' lang='grc' dir='ltr'>μὲν</span> <span class='ocrx_word' id='word_1_150' title='bbox 778 2076 960 2139; x_wconf 89' lang='grc' dir='ltr'>αὑτοῖς</span> <span class='ocrx_word' id='word_1_151' title='bbox 988 2074 1047 2128; x_wconf 90' lang='grc' dir='ltr'>οὑ</span> <span class='ocrx_word' id='word_1_152' title='bbox 1082 2073 1249 2142; x_wconf 84' lang='grc' dir='ltr'>λέγει,</span> <span class='ocrx_word' id='word_1_153' title='bbox 1284 2072 1379 2125; x_wconf 82' lang='grc' dir='ltr'>ἆτε</span> <span class='ocrx_word' id='word_1_154' title='bbox 1416 2070 1826 2140; x_wconf 78' lang='grc' dir='ltr'>ἀσθενεστέροις</span> <span class='ocrx_word' id='word_1_155' title='bbox 1851 2062 1991 2131; x_wconf 80' lang='grc' dir='ltr'>οὖσι,</span> <span class='ocrx_word' id='word_1_156' title='bbox 2016 2067 2130 2130; x_wconf 90' lang='grc' dir='ltr'>τοῖς</span> 
     </span>
    </p>
   </div>
   <div class='ocr_carea' id='block_1_21' title="bbox 459 2154 2129 2233">
    <p class='ocr_par' dir='ltr' id='par_1_21' title="bbox 459 2154 2129 2233">
     <span class='ocr_line' id='line_1_21' title="bbox 459 2154 2129 2233; baseline -0.009 -12"><span class='ocrx_word' id='word_1_157' title='bbox 459 2168 518 2222; x_wconf 82' lang='grc' dir='ltr'>δὲ</span> <span class='ocrx_word' id='word_1_158' title='bbox 552 2166 731 2230; x_wconf 81' lang='grc' dir='ltr'>ἄλλοις</span> <span class='ocrx_word' id='word_1_159' title='bbox 784 2165 988 2233; x_wconf 75' lang='grc' dir='ltr'>ἔλεγεν.</span> <span class='ocrx_word' id='word_1_160' title='bbox 1043 2163 1196 2230; x_wconf 79' lang='grc' dir='ltr'>Ἃμα</span> <span class='ocrx_word' id='word_1_161' title='bbox 1240 2161 1296 2213; x_wconf 80' lang='grc' dir='ltr'>δὲ</span> <span class='ocrx_word' id='word_1_162' title='bbox 1348 2159 1543 2222; x_wconf 74' lang='grc' dir='ltr'>αὑτοὺς</span> <span class='ocrx_word' id='word_1_163' title='bbox 1601 2158 1696 2211; x_wconf 72' lang='grc' dir='ltr'>καὶ</span> <span class='ocrx_word' id='word_1_164' title='bbox 1739 2156 1801 2210; x_wconf 81' lang='grc' dir='ltr'>τὸ</span> <span class='ocrx_word' id='word_1_165' title='bbox 1840 2154 2129 2227; x_wconf 91' lang='grc' dir='ltr'>γενόμενον</span> 
     </span>
    </p>
   </div>
   <div class='ocr_carea' id='block_1_22' title="bbox 465 2244 2131 2328">
    <p class='ocr_par' dir='ltr' id='par_1_22' title="bbox 465 2244 2131 2328">
     <span class='ocr_line' id='line_1_22' title="bbox 465 2244 2131 2328; baseline -0.01 -18"><span class='ocrx_word' id='word_1_166' title='bbox 465 2259 688 2328; x_wconf 86' lang='grc' dir='ltr'>σημεῖον</span> <span class='ocrx_word' id='word_1_167' title='bbox 716 2254 1011 2316; x_wconf 81' lang='grc' dir='ltr'>διαπαντὸς</span> <span class='ocrx_word' id='word_1_168' title='bbox 1050 2253 1223 2306; x_wconf 87' lang='grc' dir='ltr'>ἐποίει</span> <span class='ocrx_word' id='word_1_169' title='bbox 1258 2248 1568 2321; x_wconf 80' lang='grc' dir='ltr'>μεμνῆσθαι</span> <span class='ocrx_word' id='word_1_170' title='bbox 1589 2247 1688 2316; x_wconf 84' lang='grc' dir='ltr'>τῆς</span> <span class='ocrx_word' id='word_1_171' title='bbox 1720 2245 1958 2317; x_wconf 76' lang='grc' dir='ltr'>ἑσπέρας</span> <span class='ocrx_word' id='word_1_172' title='bbox 1988 2244 2131 2298; x_wconf 89' lang='grc' dir='ltr'>ἐκεί-</span> 
     </span>
    </p>
   </div>
   <div class='ocr_carea' id='block_1_23' title="bbox 461 2334 2130 2417">
    <p class='ocr_par' dir='ltr' id='par_1_23' title="bbox 461 2334 2130 2417">
     <span class='ocr_line' id='line_1_23' title="bbox 461 2334 2130 2417; baseline -0.008 -19"><span class='ocrx_word' id='word_1_173' title='bbox 461 2362 582 2417; x_wconf 89' lang='grc' dir='ltr'>νης.</span> <span class='ocrx_word' id='word_1_174' title='bbox 613 2343 790 2414; x_wconf 82' lang='grc' dir='ltr'>Πολλὴ</span> <span class='ocrx_word' id='word_1_175' title='bbox 820 2345 854 2413; x_wconf 87' lang='grc' dir='ltr'>ή</span> <span class='ocrx_word' id='word_1_176' title='bbox 893 2340 1053 2413; x_wconf 81' lang='grc' dir='ltr'>ἡδονὴ</span> <span class='ocrx_word' id='word_1_177' title='bbox 1094 2339 1205 2393; x_wconf 87' lang='grc' dir='ltr'>τῶν</span> <span class='ocrx_word' id='word_1_178' title='bbox 1236 2337 1541 2409; x_wconf 84' lang='grc' dir='ltr'>ἀκροατῶν,</span> <span class='ocrx_word' id='word_1_179' title='bbox 1586 2336 1670 2389; x_wconf 83' lang='grc' dir='ltr'>ὃτι</span> <span class='ocrx_word' id='word_1_180' title='bbox 1704 2335 1798 2388; x_wconf 73' lang='grc' dir='ltr'>καὶ</span> <span class='ocrx_word' id='word_1_181' title='bbox 1833 2334 2130 2402; x_wconf 87' lang='grc' dir='ltr'>ὲγκοπεῖσα</span> 
     </span>
    </p>
   </div>
   <div class='ocr_carea' id='block_1_24' title="bbox 456 2419 2131 2501">
    <p class='ocr_par' dir='ltr' id='par_1_24' title="bbox 456 2419 2131 2501">
     <span class='ocr_line' id='line_1_24' title="bbox 456 2419 2131 2501; baseline -0.007 -17"><span class='ocrx_word' id='word_1_182' title='bbox 456 2426 702 2501; x_wconf 78' lang='grc' dir='ltr'>ἐπετάθη</span> <span class='ocrx_word' id='word_1_183' title='bbox 741 2429 981 2501; x_wconf 75' lang='grc' dir='ltr'>μᾶλλονο</span> <span class='ocrx_word' id='word_1_184' title='bbox 1013 2427 1153 2481; x_wconf 87' lang='grc' dir='ltr'>ὥστε</span> <span class='ocrx_word' id='word_1_185' title='bbox 1184 2427 1325 2496; x_wconf 80' lang='grc' dir='ltr'>ὑπὲρ</span> <span class='ocrx_word' id='word_1_186' title='bbox 1355 2424 1450 2478; x_wconf 91' lang='grc' dir='ltr'>τοῦ</span> <span class='ocrx_word' id='word_1_187' title='bbox 1481 2422 1802 2477; x_wconf 86' lang='grc' dir='ltr'>διδασκάλου</span> <span class='ocrx_word' id='word_1_188' title='bbox 1848 2422 1882 2492; x_wconf 87' lang='grc' dir='ltr'>ή</span> <span class='ocrx_word' id='word_1_189' title='bbox 1922 2419 2131 2482; x_wconf 82' lang='grc' dir='ltr'>πτῶσις</span> 
     </span>
    </p>
   </div>
   <div class='ocr_carea' id='block_1_25' title="bbox 459 2510 2131 2589">
    <p class='ocr_par' dir='ltr' id='par_1_25' title="bbox 459 2510 2131 2589">
     <span class='ocr_line' id='line_1_25' title="bbox 459 2510 2131 2589; baseline -0.007 -17"><span class='ocrx_word' id='word_1_190' title='bbox 459 2521 704 2589; x_wconf 88' lang='grc' dir='ltr'>γέγονεν.</span> <span class='ocrx_word' id='word_1_191' title='bbox 744 2518 953 2580; x_wconf 79' lang='grc' dir='ltr'>Ἀλλως</span> <span class='ocrx_word' id='word_1_192' title='bbox 974 2534 1033 2571; x_wconf 90' lang='grc' dir='ltr'>τε</span> <span class='ocrx_word' id='word_1_193' title='bbox 1063 2517 1156 2569; x_wconf 72' lang='grc' dir='ltr'>καὶ</span> <span class='ocrx_word' id='word_1_194' title='bbox 1185 2517 1350 2568; x_wconf 83' lang='grc' dir='ltr'>πᾶσιν</span> <span class='ocrx_word' id='word_1_195' title='bbox 1381 2512 1603 2585; x_wconf 77' lang='grc' dir='ltr'>ἔμελλεν</span> <span class='ocrx_word' id='word_1_196' title='bbox 1629 2513 1836 2573; x_wconf 84' lang='grc' dir='ltr'>ἐκεῖνος</span> <span class='ocrx_word' id='word_1_197' title='bbox 1873 2510 2131 2580; x_wconf 83' lang='grc' dir='ltr'>ἐπιτιμᾷν</span> 
     </span>
    </p>
   </div>
   <div class='ocr_carea' id='block_1_26' title="bbox 459 2598 2125 2679">
    <p class='ocr_par' dir='ltr' id='par_1_26' title="bbox 459 2598 2125 2679">
     <span class='ocr_line' id='line_1_26' title="bbox 459 2598 2125 2679; baseline -0.006 -18"><span class='ocrx_word' id='word_1_198' title='bbox 459 2611 575 2672; x_wconf 90' lang='grc' dir='ltr'>τοῖς</span> <span class='ocrx_word' id='word_1_199' title='bbox 597 2607 733 2679; x_wconf 73' lang='grc' dir='ltr'>ῥαού</span> <span class='ocrx_word' id='word_1_200' title='bbox 742 2623 881 2677; x_wconf 91' lang='grc' dir='ltr'>μοις,</span> <span class='ocrx_word' id='word_1_201' title='bbox 898 2607 926 2657; x_wconf 88' lang='grc' dir='ltr'>ό</span> <span class='ocrx_word' id='word_1_202' title='bbox 946 2604 1037 2658; x_wconf 84' lang='grc' dir='ltr'>διὰ</span> <span class='ocrx_word' id='word_1_203' title='bbox 1057 2604 1215 2658; x_wconf 85' lang='grc' dir='ltr'>τοῦτο</span> <span class='ocrx_word' id='word_1_204' title='bbox 1236 2601 1541 2664; x_wconf 86' lang='grc' dir='ltr'>ἀποθανὼν,</span> <span class='ocrx_word' id='word_1_205' title='bbox 1564 2601 1651 2654; x_wconf 81' lang='grc' dir='ltr'>ἵνα</span> <span class='ocrx_word' id='word_1_206' title='bbox 1668 2600 1878 2652; x_wconf 81' lang='grc' dir='ltr'>Παῦλον</span> <span class='ocrx_word' id='word_1_207' title='bbox 1898 2598 2125 2671; x_wconf 81' lang='grc' dir='ltr'>ἀκούσῃ.</span> 
     </span>
    </p>
   </div>
   <div class='ocr_carea' id='block_1_27' title="bbox 462 2686 2129 2763">
    <p class='ocr_par' dir='ltr' id='par_1_27' title="bbox 462 2686 2129 2763">
     <span class='ocr_line' id='line_1_27' title="bbox 462 2686 2129 2763; baseline -0.007 -13"><span class='ocrx_word' id='word_1_208' title='bbox 462 2697 575 2750; x_wconf 75' lang='grc' dir='ltr'>Καὶ</span> <span class='ocrx_word' id='word_1_209' title='bbox 622 2696 767 2759; x_wconf 90' lang='grc' dir='ltr'>τίνος</span> <span class='ocrx_word' id='word_1_210' title='bbox 814 2694 1021 2755; x_wconf 80' lang='grc' dir='ltr'>ἐνεκεν,</span> <span class='ocrx_word' id='word_1_211' title='bbox 1072 2693 1225 2763; x_wconf 70' lang='grc' dir='ltr'>φησὶ,</span> <span class='ocrx_word' id='word_1_212' title='bbox 1278 2689 1568 2757; x_wconf 84' lang='grc' dir='ltr'>καταλέγει</span> <span class='ocrx_word' id='word_1_213' title='bbox 1619 2689 1845 2753; x_wconf 71' lang='grc' dir='ltr'>ἕκαστα,</span> <span class='ocrx_word' id='word_1_214' title='bbox 1894 2688 1989 2740; x_wconf 79' lang='grc' dir='ltr'>καὶ</span> <span class='ocrx_word' id='word_1_215' title='bbox 2027 2686 2129 2740; x_wconf 89' lang='grc' dir='ltr'>ποῦ</span> 
     </span>
    </p>
   </div>
   <div class='ocr_carea' id='block_1_28' title="bbox 457 2775 2131 2856">
    <p class='ocr_par' dir='ltr' id='par_1_28' title="bbox 457 2775 2131 2856">
     <span class='ocr_line' id='line_1_28' title="bbox 457 2775 2131 2856; baseline -0.006 -19"><span class='ocrx_word' id='word_1_216' title='bbox 457 2780 623 2856; x_wconf 78' lang='grc' dir='ltr'>ἦλθον</span> <span class='ocrx_word' id='word_1_217' title='bbox 648 2822 663 2847; x_wconf 90' lang='grc'>,</span> <span class='ocrx_word' id='word_1_218' title='bbox 687 2783 782 2837; x_wconf 74' lang='grc' dir='ltr'>καὶ</span> <span class='ocrx_word' id='word_1_219' title='bbox 810 2782 912 2835; x_wconf 89' lang='grc' dir='ltr'>ποῦ</span> <span class='ocrx_word' id='word_1_220' title='bbox 945 2780 1185 2852; x_wconf 77' lang='grc' dir='ltr'>ἀπῆλθον</span> <span class='ocrx_word' id='word_1_221' title='bbox 1207 2822 1221 2845; x_wconf 92' lang='grc'>,</span> <span class='ocrx_word' id='word_1_222' title='bbox 1261 2781 1356 2832; x_wconf 83' lang='grc' dir='ltr'>καί</span> <span class='ocrx_word' id='word_1_223' title='bbox 1384 2778 1485 2832; x_wconf 87' lang='grc' dir='ltr'>ποῦ</span> <span class='ocrx_word' id='word_1_224' title='bbox 1525 2778 1622 2848; x_wconf 83' lang='grc' dir='ltr'>μὲν</span> <span class='ocrx_word' id='word_1_225' title='bbox 1652 2775 1944 2846; x_wconf 86' lang='grc' dir='ltr'>ἐνδιέτριϐε</span> <span class='ocrx_word' id='word_1_226' title='bbox 1964 2816 1977 2840; x_wconf 81' lang='lat'><strong>,</strong></span> <span class='ocrx_word' id='word_1_227' title='bbox 2008 2775 2131 2828; x_wconf 90' lang='grc' dir='ltr'>τίνα</span> 
     </span>
    </p>
   </div>
   <div class='ocr_carea' id='block_1_29' title="bbox 456 2863 2131 2944">
    <p class='ocr_par' dir='ltr' id='par_1_29' title="bbox 456 2863 2131 2944">
     <span class='ocr_line' id='line_1_29' title="bbox 456 2863 2131 2944; baseline -0.007 -18"><span class='ocrx_word' id='word_1_228' title='bbox 456 2873 518 2927; x_wconf 84' lang='grc' dir='ltr'>δὲ</span> <span class='ocrx_word' id='word_1_229' title='bbox 546 2872 824 2944; x_wconf 83' lang='grc' dir='ltr'>παρέπλεε</span> <span class='ocrx_word' id='word_1_230' title='bbox 853 2870 991 2943; x_wconf 90' lang='grc' dir='ltr'>μέρη</span> <span class='ocrx_word' id='word_1_231' title='bbox 1014 2886 1028 2934; x_wconf 88' lang='grc'>;</span> <span class='ocrx_word' id='word_1_232' title='bbox 1052 2870 1168 2922; x_wconf 82' lang='grc' dir='ltr'>Ἵνα</span> <span class='ocrx_word' id='word_1_233' title='bbox 1195 2866 1345 2939; x_wconf 81' lang='grc' dir='ltr'>δείξῃ</span> <span class='ocrx_word' id='word_1_234' title='bbox 1370 2866 1526 2931; x_wconf 79' lang='grc' dir='ltr'>τέως,</span> <span class='ocrx_word' id='word_1_235' title='bbox 1565 2864 1937 2936; x_wconf 85' lang='grc' dir='ltr'>σχολαιότερον</span> <span class='ocrx_word' id='word_1_236' title='bbox 1968 2863 2131 2916; x_wconf 78' lang='grc' dir='ltr'>αὑτὸν</span> 
     </span>
    </p>
   </div>
   <div class='ocr_carea' id='block_1_30' title="bbox 463 2953 2126 3029">
    <p class='ocr_par' dir='ltr' id='par_1_30' title="bbox 463 2953 2126 3029">
     <span class='ocr_line' id='line_1_30' title="bbox 463 2953 2126 3029; baseline -0.007 -13"><span class='ocrx_word' id='word_1_237' title='bbox 463 2961 730 3029; x_wconf 89' lang='grc' dir='ltr'>πλέοντα,</span> <span class='ocrx_word' id='word_1_238' title='bbox 783 2961 879 3014; x_wconf 75' lang='grc' dir='ltr'>καὶ</span> <span class='ocrx_word' id='word_1_239' title='bbox 921 2958 1078 3013; x_wconf 90' lang='grc' dir='ltr'>τοῦτο</span> <span class='ocrx_word' id='word_1_240' title='bbox 1132 2956 1519 3028; x_wconf 83' lang='grc' dir='ltr'>ἀνθρωπίνως,</span> <span class='ocrx_word' id='word_1_241' title='bbox 1572 2956 1664 3009; x_wconf 57' lang='grc' dir='ltr'>καὶ¹</span> <span class='ocrx_word' id='word_1_242' title='bbox 1723 2953 2126 3024; x_wconf 80' lang='grc' dir='ltr'>παραπλέοντα.</span> 
     </span>
    </p>
   </div>
   <div class='ocr_carea' id='block_1_31' title="bbox 463 3036 2128 3119">
    <p class='ocr_par' dir='ltr' id='par_1_31' title="bbox 463 3036 2128 3119">
     <span class='ocr_line' id='line_1_31' title="bbox 463 3036 2128 3119; baseline -0.007 -14"><span class='ocrx_word' id='word_1_243' title='bbox 463 3051 706 3119; x_wconf 80' lang='grc' dir='ltr'>Ἕκρινε</span> <span class='ocrx_word' id='word_1_244' title='bbox 757 3036 869 3119; x_wconf 77' lang='grc' dir='ltr'>γὰρ</span> <span class='ocrx_word' id='word_1_245' title='bbox 921 3044 1345 3116; x_wconf 73' lang='grc' dir='ltr'>παραπλεῦσαι</span> <span class='ocrx_word' id='word_1_246' title='bbox 1406 3042 1520 3112; x_wconf 82' lang='grc' dir='ltr'>τὴν</span> <span class='ocrx_word' id='word_1_247' title='bbox 1555 3045 1840 3112; x_wconf 71' lang='grc' dir='ltr'>Ἔφεσον,</span> <span class='ocrx_word' id='word_1_248' title='bbox 1898 3042 1998 3095; x_wconf 84' lang='grc' dir='ltr'>ἵνα</span> <span class='ocrx_word' id='word_1_249' title='bbox 2042 3040 2128 3110; x_wconf 80' lang='grc' dir='ltr'>μὴ</span> 
     </span>
    </p>
   </div>
   <div class='ocr_carea' id='block_1_32' title="bbox 461 3129 2126 3210">
    <p class='ocr_par' dir='ltr' id='par_1_32' title="bbox 461 3129 2126 3210">
     <span class='ocr_line' id='line_1_32' title="bbox 461 3129 2126 3210; baseline -0.005 -17"><span class='ocrx_word' id='word_1_250' title='bbox 461 3139 703 3210; x_wconf 78' lang='grc' dir='ltr'>γένηται</span> <span class='ocrx_word' id='word_1_251' title='bbox 756 3135 936 3203; x_wconf 83' lang='grc' dir='ltr'>αὐτῷ,</span> <span class='ocrx_word' id='word_1_252' title='bbox 992 3135 1146 3203; x_wconf 71' lang='grc' dir='ltr'>φησὶ,</span> <span class='ocrx_word' id='word_1_253' title='bbox 1198 3130 1659 3203; x_wconf 79' lang='grc' dir='ltr'>χρονοτριϐῆσαι</span> <span class='ocrx_word' id='word_1_254' title='bbox 1706 3131 1775 3183; x_wconf 82' lang='grc' dir='ltr'>ἐν</span> <span class='ocrx_word' id='word_1_255' title='bbox 1819 3129 1894 3200; x_wconf 79' lang='grc' dir='ltr'>τῇ</span> <span class='ocrx_word' id='word_1_256' title='bbox 1945 3130 2126 3196; x_wconf 74' lang='grc' dir='ltr'>Ἀσίᾳ.</span> 
     </span>
    </p>
   </div>
   <div class='ocr_carea' id='block_1_33' title="bbox 461 3217 2126 3294">
    <p class='ocr_par' dir='ltr' id='par_1_33' title="bbox 461 3217 2126 3294">
     <span class='ocr_line' id='line_1_33' title="bbox 461 3217 2126 3294; baseline -0.009 -12"><span class='ocrx_word' id='word_1_257' title='bbox 461 3227 659 3290; x_wconf 80' lang='grc' dir='ltr'>Καλῶς</span> <span class='ocrx_word' id='word_1_258' title='bbox 689 3241 703 3255; x_wconf 95' lang='grc'>⁸</span> <span class='ocrx_word' id='word_1_259' title='bbox 737 3226 797 3278; x_wconf 93' lang='grc' dir='ltr'>οὑ</span> <span class='ocrx_word' id='word_1_260' title='bbox 829 3224 936 3294; x_wconf 83' lang='grc' dir='ltr'>γὰρ</span> <span class='ocrx_word' id='word_1_261' title='bbox 960 3222 1191 3291; x_wconf 73' lang='grc' dir='ltr'>ἠδύνατο</span> <span class='ocrx_word' id='word_1_262' title='bbox 1229 3221 1518 3291; x_wconf 89' lang='grc' dir='ltr'>γενόμενος</span> <span class='ocrx_word' id='word_1_263' title='bbox 1543 3221 1691 3281; x_wconf 85' lang='grc' dir='ltr'>ἐκεῖ,</span> <span class='ocrx_word' id='word_1_264' title='bbox 1725 3217 2126 3289; x_wconf 85' lang='grc' dir='ltr'>παραπλεῦσαι,</span> 
     </span>
    </p>
   </div>
   <div class='ocr_carea' id='block_1_34' title="bbox 458 3304 2129 3385">
    <p class='ocr_par' dir='ltr' id='par_1_34' title="bbox 458 3304 2129 3385">
     <span class='ocr_line' id='line_1_34' title="bbox 458 3304 2129 3385; baseline -0.008 -17"><span class='ocrx_word' id='word_1_265' title='bbox 458 3313 650 3385; x_wconf 84' lang='grc' dir='ltr'>ἐπειδὴ</span> <span class='ocrx_word' id='word_1_266' title='bbox 696 3313 797 3365; x_wconf 87' lang='grc' dir='ltr'>οὑκ</span> <span class='ocrx_word' id='word_1_267' title='bbox 850 3309 1102 3363; x_wconf 80' lang='grc' dir='ltr'>ἐϐούλετο</span> <span class='ocrx_word' id='word_1_268' title='bbox 1147 3308 1388 3379; x_wconf 79' lang='grc' dir='ltr'>λυπῆσαι</span> <span class='ocrx_word' id='word_1_269' title='bbox 1446 3309 1577 3370; x_wconf 79' lang='grc' dir='ltr'>τοὺς</span> <span class='ocrx_word' id='word_1_270' title='bbox 1635 3307 1813 3378; x_wconf 88' lang='grc' dir='ltr'>μένειν</span> <span class='ocrx_word' id='word_1_271' title='bbox 1842 3304 2129 3370; x_wconf 81' lang='grc' dir='ltr'>ἀξιοῦντας</span> 
     </span>
    </p>
   </div>
   <div class='ocr_carea' id='block_1_35' title="bbox 461 3392 2124 3459">
    <p class='ocr_par' dir='ltr' id='par_1_35' title="bbox 461 3392 2124 3459">
     <span class='ocr_line' id='line_1_35' title="bbox 461 3392 2124 3459; baseline -0.007 -3"><span class='ocrx_word' id='word_1_272' title='bbox 461 3402 641 3456; x_wconf 91' lang='grc' dir='ltr'>αὑτόν.</span> <span class='ocrx_word' id='word_1_273' title='bbox 665 3402 737 3453; x_wconf 80' lang='grc' dir='ltr'>’Ἦ</span> <span class='ocrx_word' id='word_1_274' title='bbox 765 3398 943 3453; x_wconf 82' lang='grc' dir='ltr'>τοίνυν</span> <span class='ocrx_word' id='word_1_275' title='bbox 972 3396 1129 3450; x_wconf 87' lang='grc' dir='ltr'>τοῦτό</span> <span class='ocrx_word' id='word_1_276' title='bbox 1167 3399 1313 3449; x_wconf 87' lang='grc' dir='ltr'>ἐστιν</span> <span class='ocrx_word' id='word_1_277' title='bbox 1342 3396 1534 3459; x_wconf 80' lang='grc' dir='ltr'>εἰπεῖν,</span> <span class='ocrx_word' id='word_1_278' title='bbox 1563 3395 1657 3448; x_wconf 72' lang='grc' dir='ltr'>καὶ</span> <span class='ocrx_word' id='word_1_279' title='bbox 1674 3396 1755 3447; x_wconf 82' lang='grc' dir='ltr'>ὅτι</span> <span class='ocrx_word' id='word_1_280' title='bbox 1776 3392 2124 3456; x_wconf 76' lang='grc' dir='ltr'>ἐσπούδαζεν.</span> 
     </span>
    </p>
   </div>
   <div class='ocr_carea' id='block_1_36' title="bbox 463 3479 2129 3555">
    <p class='ocr_par' dir='ltr' id='par_1_36' title="bbox 463 3479 2129 3555">
     <span class='ocr_line' id='line_1_36' title="bbox 463 3479 2129 3555; baseline -0.006 -13"><span class='ocrx_word' id='word_1_281' title='bbox 463 3486 768 3542; x_wconf 82' lang='grc' dir='ltr'>Ἕσπευδε</span> <span class='ocrx_word' id='word_1_282' title='bbox 823 3484 955 3555; x_wconf 82' lang='grc' dir='ltr'>τὰρ,</span> <span class='ocrx_word' id='word_1_283' title='bbox 1002 3484 1298 3555; x_wconf 75' lang='grc' dir='ltr'>φησὶν,.εὶ</span> <span class='ocrx_word' id='word_1_284' title='bbox 1353 3480 1613 3535; x_wconf 81' lang='grc' dir='ltr'>δυνατὸν</span> <span class='ocrx_word' id='word_1_285' title='bbox 1665 3480 1746 3548; x_wconf 78' lang='grc' dir='ltr'>ἦν</span> <span class='ocrx_word' id='word_1_286' title='bbox 1800 3479 1960 3546; x_wconf 80' lang='grc' dir='ltr'>αὐτῷ</span> <span class='ocrx_word' id='word_1_287' title='bbox 2013 3480 2129 3547; x_wconf 81' lang='grc' dir='ltr'>τὴν</span> 
     </span>
    </p>
   </div>
   <div class='ocr_carea' id='block_1_37' title="bbox 459 3569 2124 3646">
    <p class='ocr_par' dir='ltr' id='par_1_37' title="bbox 459 3569 2124 3646">
     <span class='ocr_line' id='line_1_37' title="bbox 459 3569 2124 3646; baseline -0.005 -17"><span class='ocrx_word' id='word_1_288' title='bbox 459 3574 691 3646; x_wconf 72' lang='grc' dir='ltr'>ἡμέραν</span> <span class='ocrx_word' id='word_1_289' title='bbox 712 3572 817 3641; x_wconf 82' lang='grc' dir='ltr'>τῆς</span> <span class='ocrx_word' id='word_1_290' title='bbox 841 3569 1264 3639; x_wconf 81' lang='grc' dir='ltr'>Πεντηκοστῆς</span> <span class='ocrx_word' id='word_1_291' title='bbox 1297 3569 1543 3638; x_wconf 85' lang='grc' dir='ltr'>ποιῆσαι</span> <span class='ocrx_word' id='word_1_292' title='bbox 1571 3570 1640 3622; x_wconf 83' lang='grc' dir='ltr'>ἐν</span> <span class='ocrx_word' id='word_1_293' title='bbox 1665 3569 2124 3637; x_wconf 80' lang='grc' dir='ltr'>Ἰεροσολύμοις.</span> 
     </span>
    </p>
   </div>
   <div class='ocr_carea' id='block_1_38' title="bbox 461 3655 2128 3730">
    <p class='ocr_par' dir='ltr' id='par_1_38' title="bbox 461 3655 2128 3730">
     <span class='ocr_line' id='line_1_38' title="bbox 461 3655 2128 3730; baseline -0.005 -14"><span class='ocrx_word' id='word_1_294' title='bbox 461 3664 627 3716; x_wconf 82' lang='grc' dir='ltr'>Ὥστε</span> <span class='ocrx_word' id='word_1_295' title='bbox 660 3662 753 3715; x_wconf 77' lang='grc' dir='ltr'>καὶ</span> <span class='ocrx_word' id='word_1_296' title='bbox 783 3661 872 3715; x_wconf 89' lang='grc' dir='ltr'>διά</span> <span class='ocrx_word' id='word_1_297' title='bbox 897 3659 1054 3713; x_wconf 83' lang='grc' dir='ltr'>τοῦτο</span> <span class='ocrx_word' id='word_1_298' title='bbox 1102 3657 1280 3730; x_wconf 84' lang='grc' dir='ltr'>μένειν</span> <span class='ocrx_word' id='word_1_299' title='bbox 1323 3660 1421 3712; x_wconf 82' lang='grc' dir='ltr'>οὑκ</span> <span class='ocrx_word' id='word_1_300' title='bbox 1468 3655 1537 3730; x_wconf 80' lang='grc' dir='ltr'>ἦν</span> <span class='ocrx_word' id='word_1_301' title='bbox 1587 3658 1833 3713; x_wconf 91' lang='grc' dir='ltr'>δυνατόν.</span> <span class='ocrx_word' id='word_1_302' title='bbox 1866 3658 2008 3728; x_wconf 85' lang='grc' dir='ltr'>Ὅρα</span> <span class='ocrx_word' id='word_1_303' title='bbox 2036 3658 2128 3709; x_wconf 59' lang='grc' dir='ltr'>καὶ¹</span> 
     </span>
    </p>
   </div>
   <div class='ocr_carea' id='block_1_39' title="bbox 458 3745 2128 3823">
    <p class='ocr_par' dir='ltr' id='par_1_39' title="bbox 458 3745 2128 3823">
     <span class='ocr_line' id='line_1_39' title="bbox 458 3745 2128 3823; baseline -0.004 -18"><span class='ocrx_word' id='word_1_304' title='bbox 458 3749 816 3823; x_wconf 86' lang='grc' dir='ltr'>ἀνθρωπίνως</span> <span class='ocrx_word' id='word_1_305' title='bbox 862 3748 1025 3803; x_wconf 84' lang='grc' dir='ltr'>αὑτὸν</span> <span class='ocrx_word' id='word_1_306' title='bbox 1074 3746 1408 3817; x_wconf 87' lang='grc' dir='ltr'>κινούμενον,</span> <span class='ocrx_word' id='word_1_307' title='bbox 1468 3746 1560 3800; x_wconf 72' lang='grc' dir='ltr'>καὶ</span> <span class='ocrx_word' id='word_1_308' title='bbox 1617 3745 1986 3816; x_wconf 89' lang='grc' dir='ltr'>ἐπιθυμοῦντα</span> <span class='ocrx_word' id='word_1_309' title='bbox 2033 3746 2128 3799; x_wconf 76' lang='grc' dir='ltr'>καὶ</span> 
     </span>
    </p>
   </div>
   <div class='ocr_carea' id='block_1_40' title="bbox 461 3832 2127 3905">
    <p class='ocr_par' dir='ltr' id='par_1_40' title="bbox 461 3832 2127 3905">
     <span class='ocr_line' id='line_1_40' title="bbox 461 3832 2127 3905; baseline -0.004 -14"><span class='ocrx_word' id='word_1_310' title='bbox 461 3838 758 3891; x_wconf 87' lang='grc' dir='ltr'>σπεύδοντα</span> <span class='ocrx_word' id='word_1_311' title='bbox 791 3838 884 3891; x_wconf 77' lang='grc' dir='ltr'>καὶ</span> <span class='ocrx_word' id='word_1_312' title='bbox 918 3835 1017 3889; x_wconf 89' lang='grc' dir='ltr'>οὑκ</span> <span class='ocrx_word' id='word_1_313' title='bbox 1053 3836 1485 3905; x_wconf 86' lang='grc' dir='ltr'>ἐπιτυγχάνοντα</span> <span class='ocrx_word' id='word_1_314' title='bbox 1518 3834 1802 3897; x_wconf 86' lang='grc' dir='ltr'>πολλάκις.</span> <span class='ocrx_word' id='word_1_315' title='bbox 1844 3834 1944 3886; x_wconf 88' lang='grc' dir='ltr'>Διά</span> <span class='ocrx_word' id='word_1_316' title='bbox 1970 3832 2127 3885; x_wconf 89' lang='grc' dir='ltr'>τοῦτο</span> 
     </span>
    </p>
   </div>
   <div class='ocr_carea' id='block_1_41' title="bbox 455 3917 2126 3995">
    <p class='ocr_par' dir='ltr' id='par_1_41' title="bbox 455 3917 2126 3995">
     <span class='ocr_line' id='line_1_41' title="bbox 455 3917 2126 3995; baseline -0.004 -15"><span class='ocrx_word' id='word_1_317' title='bbox 455 3927 516 3980; x_wconf 78' lang='grc' dir='ltr'>δέ</span> <span class='ocrx_word' id='word_1_318' title='bbox 548 3926 722 3980; x_wconf 86' lang='grc' dir='ltr'>ταῦτα</span> <span class='ocrx_word' id='word_1_319' title='bbox 748 3925 979 3995; x_wconf 83' lang='grc' dir='ltr'>γίνεται,</span> <span class='ocrx_word' id='word_1_320' title='bbox 1014 3924 1099 3977; x_wconf 74' lang='grc' dir='ltr'>ἶνα</span> <span class='ocrx_word' id='word_1_321' title='bbox 1129 3924 1204 3995; x_wconf 80' lang='grc' dir='ltr'>μὴ</span> <span class='ocrx_word' id='word_1_322' title='bbox 1228 3924 1559 3995; x_wconf 89' lang='grc' dir='ltr'>νομίσωμεν,</span> <span class='ocrx_word' id='word_1_323' title='bbox 1594 3924 1675 3976; x_wconf 80' lang='grc' dir='ltr'>δτι</span> <span class='ocrx_word' id='word_1_324' title='bbox 1702 3923 1841 3995; x_wconf 82' lang='grc' dir='ltr'>ὑπὲρ</span> <span class='ocrx_word' id='word_1_325' title='bbox 1873 3921 2033 3992; x_wconf 74' lang='grc' dir='ltr'>φύσιν</span> <span class='ocrx_word' id='word_1_326' title='bbox 2058 3917 2126 3993; x_wconf 80' lang='grc' dir='ltr'>ἦν</span> 
     </span>
    </p>
   </div>
   <div class='ocr_carea' id='block_1_42' title="bbox 453 4010 2125 4087">
    <p class='ocr_par' dir='ltr' id='par_1_42' title="bbox 453 4010 2125 4087">
     <span class='ocr_line' id='line_1_42' title="bbox 453 4010 2125 4087; baseline -0.004 -18"><span class='ocrx_word' id='word_1_327' title='bbox 453 4015 557 4087; x_wconf 80' lang='grc' dir='ltr'>τὴν</span> <span class='ocrx_word' id='word_1_328' title='bbox 584 4014 1028 4085; x_wconf 85' lang='grc' dir='ltr'>ἀνθρωπίνην.οί</span> <span class='ocrx_word' id='word_1_329' title='bbox 1062 4012 1171 4083; x_wconf 85' lang='grc' dir='ltr'>γὰρ</span> <span class='ocrx_word' id='word_1_330' title='bbox 1191 4012 1333 4080; x_wconf 78' lang='grc' dir='ltr'>ἀγιοι</span> <span class='ocrx_word' id='word_1_331' title='bbox 1354 4013 1446 4066; x_wconf 75' lang='grc' dir='ltr'>καὶ</span> <span class='ocrx_word' id='word_1_332' title='bbox 1475 4011 1697 4083; x_wconf 88' lang='grc' dir='ltr'>μεγάλοι</span> <span class='ocrx_word' id='word_1_333' title='bbox 1714 4010 1902 4082; x_wconf 82' lang='grc' dir='ltr'>ἄνδρες</span> <span class='ocrx_word' id='word_1_334' title='bbox 1932 4012 2125 4063; x_wconf 85' lang='grc' dir='ltr'>ἐκεῖνοι</span> 
     </span>
    </p>
   </div>
   <div class='ocr_carea' id='block_1_43' title="bbox 455 4098 2126 4176">
    <p class='ocr_par' dir='ltr' id='par_1_43' title="bbox 455 4098 2126 4176">
     <span class='ocr_line' id='line_1_43' title="bbox 455 4098 2126 4176; baseline -0.004 -19"><span class='ocrx_word' id='word_1_335' title='bbox 455 4106 555 4175; x_wconf 84' lang='grc' dir='ltr'>τῆς</span> <span class='ocrx_word' id='word_1_336' title='bbox 583 4104 682 4176; x_wconf 83' lang='grc' dir='ltr'>μὲν</span> <span class='ocrx_word' id='word_1_337' title='bbox 736 4103 949 4169; x_wconf 77' lang='grc' dir='ltr'>φύσεως</span> <span class='ocrx_word' id='word_1_338' title='bbox 999 4101 1145 4173; x_wconf 70' lang='grc'><strong>1528]</strong></span> <span class='ocrx_word' id='word_1_339' title='bbox 1180 4104 1278 4171; x_wconf 80' lang='grc' dir='ltr'>τῆς</span> <span class='ocrx_word' id='word_1_340' title='bbox 1300 4100 1471 4169; x_wconf 76' lang='grc' dir='ltr'>αὑτῆς</span> <span class='ocrx_word' id='word_1_341' title='bbox 1498 4102 1631 4170; x_wconf 88' lang='grc' dir='ltr'>ήμῖν</span> <span class='ocrx_word' id='word_1_342' title='bbox 1660 4098 1994 4161; x_wconf 79' lang='grc' dir='ltr'>ἐκοινώνουν,</span> <span class='ocrx_word' id='word_1_343' title='bbox 2028 4099 2126 4168; x_wconf 81' lang='grc' dir='ltr'>τῆς</span> 
     </span>
    </p>
   </div>
   <div class='ocr_carea' id='block_1_44' title="bbox 454 4185 2124 4263">
    <p class='ocr_par' dir='ltr' id='par_1_44' title="bbox 454 4185 2124 4263">
     <span class='ocr_line' id='line_1_44' title="bbox 454 4185 2124 4263; baseline -0.004 -17"><span class='ocrx_word' id='word_1_344' title='bbox 454 4192 514 4246; x_wconf 85' lang='grc' dir='ltr'>δέ</span> <span class='ocrx_word' id='word_1_345' title='bbox 541 4192 917 4263; x_wconf 82' lang='grc' dir='ltr'>προαιρέσεως</span> <span class='ocrx_word' id='word_1_346' title='bbox 949 4188 1132 4243; x_wconf 77' lang='grc' dir='ltr'>οὐκέτι</span> <span class='ocrx_word' id='word_1_347' title='bbox 1165 4204 1178 4218; x_wconf 95' lang='grc'>⁸</span> <span class='ocrx_word' id='word_1_348' title='bbox 1212 4187 1291 4240; x_wconf 88' lang='grc' dir='ltr'>διὸ</span> <span class='ocrx_word' id='word_1_349' title='bbox 1322 4189 1415 4240; x_wconf 80' lang='grc' dir='ltr'>καὶ</span> <span class='ocrx_word' id='word_1_350' title='bbox 1447 4187 1646 4257; x_wconf 84' lang='grc' dir='ltr'>πολλὴν</span> <span class='ocrx_word' id='word_1_351' title='bbox 1687 4185 2005 4239; x_wconf 81' lang='grc' dir='ltr'>ἐπεσπῶντο</span> <span class='ocrx_word' id='word_1_352' title='bbox 2026 4186 2124 4257; x_wconf 84' lang='grc' dir='ltr'>τὴν</span> 
     </span>
    </p>
   </div>
   <div class='ocr_carea' id='block_1_45' title="bbox 456 4271 2121 4350">
    <p class='ocr_par' dir='ltr' id='par_1_45' title="bbox 456 4271 2121 4350">
     <span class='ocr_line' id='line_1_45' title="bbox 456 4271 2121 4350; baseline -0.004 -18"><span class='ocrx_word' id='word_1_353' title='bbox 456 4278 639 4350; x_wconf 83' lang='grc' dir='ltr'>χάριν.</span> <span class='ocrx_word' id='word_1_354' title='bbox 677 4279 819 4348; x_wconf 86' lang='grc' dir='ltr'>Ὅρα</span> <span class='ocrx_word' id='word_1_355' title='bbox 848 4275 979 4344; x_wconf 90' lang='grc' dir='ltr'>γοῦν</span> <span class='ocrx_word' id='word_1_356' title='bbox 1010 4276 1150 4327; x_wconf 87' lang='grc' dir='ltr'>πόσα</span> <span class='ocrx_word' id='word_1_357' title='bbox 1210 4274 1304 4327; x_wconf 70' lang='grc' dir='ltr'>καὶ</span> <span class='ocrx_word' id='word_1_358' title='bbox 1356 4274 1461 4342; x_wconf 82' lang='grc' dir='ltr'>ἀφ’</span> <span class='ocrx_word' id='word_1_359' title='bbox 1501 4272 1712 4326; x_wconf 87' lang='grc' dir='ltr'>ἐαυτῶν</span> <span class='ocrx_word' id='word_1_360' title='bbox 1755 4271 2121 4343; x_wconf 85' lang='grc' dir='ltr'>οίκονομοῦσι.</span> 
     </span>
    </p>
   </div>
   <div class='ocr_carea' id='block_1_46' title="bbox 456 4357 2124 4429">
    <p class='ocr_par' dir='ltr' id='par_1_46' title="bbox 456 4357 2124 4429">
     <span class='ocr_line' id='line_1_46' title="bbox 456 4357 2124 4429; baseline -0.002 -12"><span class='ocrx_word' id='word_1_361' title='bbox 456 4366 556 4417; x_wconf 86' lang='grc' dir='ltr'>Διά</span> <span class='ocrx_word' id='word_1_362' title='bbox 606 4363 764 4418; x_wconf 88' lang='grc' dir='ltr'>τοῦτο</span> <span class='ocrx_word' id='word_1_363' title='bbox 816 4364 906 4415; x_wconf 73' lang='grc' dir='ltr'>καὶ</span> <span class='ocrx_word' id='word_1_364' title='bbox 954 4362 1137 4428; x_wconf 76' lang='grc' dir='ltr'>ἔλεγεν</span> <span class='ocrx_word' id='word_1_365' title='bbox 1174 4378 1189 4391; x_wconf 89' lang='grc'>⁸</span> <span class='ocrx_word' id='word_1_366' title='bbox 1223 4362 1353 4414; x_wconf 83' lang='grc' dir='ltr'>Ἵνα</span> <span class='ocrx_word' id='word_1_367' title='bbox 1396 4358 1476 4429; x_wconf 79' lang='grc' dir='ltr'>μὴ</span> <span class='ocrx_word' id='word_1_368' title='bbox 1525 4357 1722 4428; x_wconf 84' lang='grc' dir='ltr'>δῶμεν</span> <span class='ocrx_word' id='word_1_369' title='bbox 1763 4360 2124 4429; x_wconf 79' lang='grc' dir='ltr'>προσκοπὴν</span> 
     </span>
    </p>
   </div>
   <div class='ocr_carea' id='block_1_47' title="bbox 456 4447 2121 4518">
    <p class='ocr_par' dir='ltr' id='par_1_47' title="bbox 456 4447 2121 4518">
     <span class='ocr_line' id='line_1_47' title="bbox 456 4447 2121 4518; baseline -0.001 -14"><span class='ocrx_word' id='word_1_370' title='bbox 456 4451 581 4516; x_wconf 84' lang='grc' dir='ltr'>τοῖς</span> <span class='ocrx_word' id='word_1_371' title='bbox 617 4449 1022 4517; x_wconf 71' lang='grc' dir='ltr'>βουλομένοις</span> <span class='ocrx_word' id='word_1_372' title='bbox 1065 4465 1078 4478; x_wconf 95' lang='grc'>⁸</span> <span class='ocrx_word' id='word_1_373' title='bbox 1122 4448 1217 4500; x_wconf 65' lang='grc' dir='ltr'>καὶ</span> <span class='ocrx_word' id='word_1_374' title='bbox 1266 4447 1448 4512; x_wconf 85' lang='grc' dir='ltr'>πάλιν,</span> <span class='ocrx_word' id='word_1_375' title='bbox 1493 4448 1627 4502; x_wconf 83' lang='grc' dir='ltr'>Ἵνα</span> <span class='ocrx_word' id='word_1_376' title='bbox 1669 4447 1756 4517; x_wconf 75' lang='grc' dir='ltr'>μὴ</span> <span class='ocrx_word' id='word_1_377' title='bbox 1789 4448 2041 4518; x_wconf 76' lang='grc' dir='ltr'>μωμηθῇ</span> <span class='ocrx_word' id='word_1_378' title='bbox 2082 4450 2121 4518; x_wconf 72' lang='grc' dir='ltr'>ἡ</span> 
     </span>
    </p>
   </div>
   <div class='ocr_carea' id='block_1_48' title="bbox 454 4534 2120 4609">
    <p class='ocr_par' dir='ltr' id='par_1_48' title="bbox 454 4534 2120 4609">
     <span class='ocr_line' id='line_1_48' title="bbox 454 4534 2120 4609; baseline -0.001 -18"><span class='ocrx_word' id='word_1_379' title='bbox 454 4537 730 4591; x_wconf 76' lang='grc' dir='ltr'>διακονία</span> <span class='ocrx_word' id='word_1_380' title='bbox 770 4534 958 4604; x_wconf 74' lang='grc' dir='ltr'>ἡμῶν.</span> <span class='ocrx_word' id='word_1_381' title='bbox 1015 4534 1147 4588; x_wconf 73' lang='grc' dir='ltr'>Ἰδοὺ</span> <span class='ocrx_word' id='word_1_382' title='bbox 1176 4535 1269 4587; x_wconf 77' lang='grc' dir='ltr'>καὶ</span> <span class='ocrx_word' id='word_1_383' title='bbox 1312 4534 1425 4605; x_wconf 87' lang='grc' dir='ltr'>βίος</span> <span class='ocrx_word' id='word_1_384' title='bbox 1464 4535 1725 4605; x_wconf 85' lang='grc' dir='ltr'>ἄληπτος,</span> <span class='ocrx_word' id='word_1_385' title='bbox 1762 4537 1860 4589; x_wconf 69' lang='grc' dir='ltr'>καὶ</span> <span class='ocrx_word' id='word_1_386' title='bbox 1895 4536 2120 4609; x_wconf 79' lang='grc' dir='ltr'>πολλὴή</span> 
     </span>
    </p>
   </div>
   <div class='ocr_carea' id='block_1_49' title="bbox 456 4621 2122 4698">
    <p class='ocr_par' dir='ltr' id='par_1_49' title="bbox 456 4621 2122 4698">
     <span class='ocr_line' id='line_1_49' title="bbox 456 4621 2122 4698; baseline 0.001 -20"><span class='ocrx_word' id='word_1_387' title='bbox 456 4623 919 4694; x_wconf 72' lang='grc' dir='ltr'>συγκατάϐασιςδ·</span> <span class='ocrx_word' id='word_1_388' title='bbox 937 4621 1106 4676; x_wconf 89' lang='grc' dir='ltr'>Τοῦτο</span> <span class='ocrx_word' id='word_1_389' title='bbox 1129 4623 1408 4693; x_wconf 82' lang='grc' dir='ltr'>οἰκονομία</span> <span class='ocrx_word' id='word_1_390' title='bbox 1430 4623 1664 4693; x_wconf 89' lang='grc' dir='ltr'>λέγεται,</span> <span class='ocrx_word' id='word_1_391' title='bbox 1684 4625 1833 4688; x_wconf 85' lang='grc' dir='ltr'>τὸείς</span> <span class='ocrx_word' id='word_1_392' title='bbox 1846 4626 2122 4698; x_wconf 86' lang='grc' dir='ltr'>ἀκρότητα</span> 
     </span>
    </p>
   </div>
   <div class='ocr_carea' id='block_1_50' title="bbox 454 4709 2125 4784">
    <p class='ocr_par' dir='ltr' id='par_1_50' title="bbox 454 4709 2125 4784">
     <span class='ocr_line' id='line_1_50' title="bbox 454 4709 2125 4784; baseline 0.002 -19"><span class='ocrx_word' id='word_1_393' title='bbox 454 4709 593 4765; x_wconf 75' lang='grc' dir='ltr'>εἶναι</span> <span class='ocrx_word' id='word_1_394' title='bbox 624 4713 716 4766; x_wconf 68' lang='grc' dir='ltr'>καὶ</span> <span class='ocrx_word' id='word_1_395' title='bbox 746 4712 911 4782; x_wconf 75' lang='grc' dir='ltr'>ὑψους</span> <span class='ocrx_word' id='word_1_396' title='bbox 950 4709 1175 4781; x_wconf 80' lang='grc' dir='ltr'>ἀρετῆς,</span> <span class='ocrx_word' id='word_1_397' title='bbox 1231 4711 1323 4763; x_wconf 59' lang='grc' dir='ltr'>καὶ¹</span> <span class='ocrx_word' id='word_1_398' title='bbox 1372 4712 1868 4784; x_wconf 79' lang='grc' dir='ltr'>ταπεινοφροσύνης</span> <span class='ocrx_word' id='word_1_399' title='bbox 1920 4730 2125 4782; x_wconf 89' lang='grc' dir='ltr'>συγκα-</span> 
     </span>
    </p>
   </div>
   <div class='ocr_carea' id='block_1_51' title="bbox 460 4799 2122 4874">
    <p class='ocr_par' dir='ltr' id='par_1_51' title="bbox 460 4799 2122 4874">
     <span class='ocr_line' id='line_1_51' title="bbox 460 4799 2122 4874; baseline -0.002 -16"><span class='ocrx_word' id='word_1_400' title='bbox 460 4802 753 4864; x_wconf 86' lang='grc' dir='ltr'>ταϐἀσέως.</span> <span class='ocrx_word' id='word_1_401' title='bbox 796 4800 904 4854; x_wconf 70' lang='grc' dir='ltr'>Καὶ</span> <span class='ocrx_word' id='word_1_402' title='bbox 934 4799 1099 4853; x_wconf 87' lang='grc' dir='ltr'>ἀκουε</span> <span class='ocrx_word' id='word_1_403' title='bbox 1139 4799 1254 4863; x_wconf 89' lang='grc' dir='ltr'>πῶς</span> <span class='ocrx_word' id='word_1_404' title='bbox 1279 4802 1307 4853; x_wconf 98' lang='lat'>6</span> <span class='ocrx_word' id='word_1_405' title='bbox 1335 4800 1678 4873; x_wconf 84' lang='grc' dir='ltr'>ὑπερϐαίνων</span> <span class='ocrx_word' id='word_1_406' title='bbox 1701 4802 1770 4855; x_wconf 90' lang='grc' dir='ltr'>τά</span> <span class='ocrx_word' id='word_1_407' title='bbox 1806 4803 2122 4874; x_wconf 84' lang='grc' dir='ltr'>παραγγέλ-</span> 
     </span>
    </p>
   </div>
   <div class='ocr_carea' id='block_1_52' title="bbox 465 4879 2122 4964">
    <p class='ocr_par' dir='ltr' id='par_1_52' title="bbox 465 4879 2122 4964">
     <span class='ocr_line' id='line_1_52' title="bbox 465 4879 2122 4964; baseline 0 -20"><span class='ocrx_word' id='word_1_408' title='bbox 465 4909 605 4962; x_wconf 82' lang='grc' dir='ltr'>ματα</span> <span class='ocrx_word' id='word_1_409' title='bbox 634 4889 729 4943; x_wconf 86' lang='grc' dir='ltr'>τοῦ</span> <span class='ocrx_word' id='word_1_410' title='bbox 771 4887 1032 4959; x_wconf 86' lang='grc' dir='ltr'>Χριστοῦ.</span> <span class='ocrx_word' id='word_1_411' title='bbox 1091 4879 1244 4951; x_wconf 73' lang='grc' dir='ltr'>οὗτος</span> <span class='ocrx_word' id='word_1_412' title='bbox 1277 4888 1436 4942; x_wconf 88' lang='grc' dir='ltr'>πάλιν</span> <span class='ocrx_word' id='word_1_413' title='bbox 1478 4889 1696 4942; x_wconf 89' lang='grc' dir='ltr'>πάντων</span> <span class='ocrx_word' id='word_1_414' title='bbox 1738 4892 2122 4964; x_wconf 89' lang='grc' dir='ltr'>ταπεινότερος</span> 
     </span>
    </p>
   </div>
   <div class='ocr_carea' id='block_1_53' title="bbox 459 4975 2119 5051">
    <p class='ocr_par' dir='ltr' id='par_1_53' title="bbox 459 4975 2119 5051">
     <span class='ocr_line' id='line_1_53' title="bbox 459 4975 2119 5051; baseline 0.003 -21"><span class='ocrx_word' id='word_1_415' title='bbox 459 4975 543 5051; x_wconf 62' lang='grc' dir='ltr'>ἦν.</span> <span class='ocrx_word' id='word_1_416' title='bbox 573 4977 729 5034; x_wconf 84' lang='grc' dir='ltr'>Πᾶσι</span> <span class='ocrx_word' id='word_1_417' title='bbox 755 4976 952 5031; x_wconf 81' lang='grc' dir='ltr'>πάντα</span> <span class='ocrx_word' id='word_1_418' title='bbox 974 4976 1212 5046; x_wconf 71' lang='grc' dir='ltr'>γέγονα,</span> <span class='ocrx_word' id='word_1_419' title='bbox 1240 4977 1423 5045; x_wconf 76' lang='grc' dir='ltr'>φησὶν,</span> <span class='ocrx_word' id='word_1_420' title='bbox 1446 4977 1545 5031; x_wconf 85' lang='grc' dir='ltr'>ἵνα</span> <span class='ocrx_word' id='word_1_421' title='bbox 1565 4976 1796 5045; x_wconf 78' lang='grc' dir='ltr'>πάντας</span> <span class='ocrx_word' id='word_1_422' title='bbox 1826 4979 2119 5047; x_wconf 75' lang='grc' dir='ltr'>κερδήσω.</span> 
     </span>
    </p>
   </div>
   <div class='ocr_carea' id='block_1_54' title="bbox 471 5064 2123 5133">
    <p class='ocr_par' dir='ltr' id='par_1_54' title="bbox 471 5064 2123 5133">
     <span class='ocr_line' id='line_1_54' title="bbox 471 5064 2123 5133; baseline 0.001 -12"><span class='ocrx_word' id='word_1_423' title='bbox 471 5067 536 5121; x_wconf 81' lang='grc'>⁸0</span> <span class='ocrx_word' id='word_1_424' title='bbox 558 5068 719 5131; x_wconf 75' lang='grc' dir='ltr'>αὑτὸς</span> <span class='ocrx_word' id='word_1_425' title='bbox 746 5068 843 5120; x_wconf 66' lang='grc' dir='ltr'>καλ⁵</span> <span class='ocrx_word' id='word_1_426' title='bbox 874 5067 952 5128; x_wconf 79' lang='grc' dir='ltr'>εἰς</span> <span class='ocrx_word' id='word_1_427' title='bbox 977 5064 1255 5128; x_wconf 87' lang='grc' dir='ltr'>κινδύνους</span> <span class='ocrx_word' id='word_1_428' title='bbox 1282 5066 1472 5120; x_wconf 77' lang='grc' dir='ltr'>ἑαυτὸν</span> <span class='ocrx_word' id='word_1_429' title='bbox 1504 5067 1747 5133; x_wconf 82' lang='grc' dir='ltr'>ἐνέϐαλε,</span> <span class='ocrx_word' id='word_1_430' title='bbox 1783 5067 1966 5132; x_wconf 84' lang='grc' dir='ltr'>καθὼς</span> <span class='ocrx_word' id='word_1_431' title='bbox 2006 5069 2123 5122; x_wconf 82' lang='grc' dir='ltr'>ἐτέ-</span> 
     </span>
    </p>
   </div>
   <div class='ocr_carea' id='block_1_55' title="bbox 463 5152 2124 5225">
    <p class='ocr_par' dir='ltr' id='par_1_55' title="bbox 463 5152 2124 5225">
     <span class='ocr_line' id='line_1_55' title="bbox 463 5152 2124 5225; baseline 0.004 -19"><span class='ocrx_word' id='word_1_432' title='bbox 463 5155 591 5225; x_wconf 66' lang='grc' dir='ltr'>ρωίί</span> <span class='ocrx_word' id='word_1_433' title='bbox 617 5171 782 5224; x_wconf 82' lang='grc' dir='ltr'>φησιν</span> <span class='ocrx_word' id='word_1_434' title='bbox 806 5171 820 5186; x_wconf 96' lang='grc'><strong>·</strong></span> <span class='ocrx_word' id='word_1_435' title='bbox 875 5154 978 5207; x_wconf 80' lang='grc' dir='ltr'>Ἔν</span> <span class='ocrx_word' id='word_1_436' title='bbox 1015 5152 1289 5222; x_wconf 82' lang='grc' dir='ltr'>ὑπομονῇ</span> <span class='ocrx_word' id='word_1_437' title='bbox 1328 5154 1555 5224; x_wconf 77' lang='grc' dir='ltr'>πολλῇ,</span> <span class='ocrx_word' id='word_1_438' title='bbox 1603 5156 1673 5209; x_wconf 85' lang='grc' dir='ltr'>ἐν</span> <span class='ocrx_word' id='word_1_439' title='bbox 1717 5158 2024 5225; x_wconf 78' lang='grc' dir='ltr'>θλίψεσιν,</span> <span class='ocrx_word' id='word_1_440' title='bbox 2054 5159 2124 5213; x_wconf 84' lang='grc' dir='ltr'>ἐν</span> 
     </span>
    </p>
   </div>
   <div class='ocr_carea' id='block_1_56' title="bbox 458 5241 2124 5315">
    <p class='ocr_par' dir='ltr' id='par_1_56' title="bbox 458 5241 2124 5315">
     <span class='ocr_line' id='line_1_56' title="bbox 458 5241 2124 5315; baseline 0.004 -21"><span class='ocrx_word' id='word_1_441' title='bbox 458 5241 855 5310; x_wconf 77' lang='grc' dir='ltr'>ἁνογκαις,ὲν</span> <span class='ocrx_word' id='word_1_442' title='bbox 909 5242 1367 5311; x_wconf 75' lang='grc' dir='ltr'>στενοχωρίαις,</span> <span class='ocrx_word' id='word_1_443' title='bbox 1404 5244 1474 5296; x_wconf 84' lang='grc' dir='ltr'>ἐν</span> <span class='ocrx_word' id='word_1_444' title='bbox 1512 5244 1792 5313; x_wconf 76' lang='grc' dir='ltr'>πληγαῖς,</span> <span class='ocrx_word' id='word_1_445' title='bbox 1830 5245 1900 5299; x_wconf 87' lang='grc' dir='ltr'>ἑν</span> <span class='ocrx_word' id='word_1_446' title='bbox 1930 5250 2124 5315; x_wconf 75' lang='grc' dir='ltr'>φυλα-</span> 
     </span>
    </p>
   </div>
   <div class='ocr_carea' id='block_1_57' title="bbox 465 5323 2115 5405">
    <p class='ocr_par' dir='ltr' id='par_1_57' title="bbox 465 5323 2115 5405">
     <span class='ocr_line' id='line_1_57' title="bbox 465 5323 2115 5405; baseline 0.006 -25"><span class='ocrx_word' id='word_1_447' title='bbox 465 5326 610 5393; x_wconf 79' lang='grc' dir='ltr'>καῖς.</span> <span class='ocrx_word' id='word_1_448' title='bbox 640 5327 751 5380; x_wconf 77' lang='grc' dir='ltr'>Καὶ</span> <span class='ocrx_word' id='word_1_449' title='bbox 786 5326 950 5389; x_wconf 79' lang='grc' dir='ltr'>πολὺς</span> <span class='ocrx_word' id='word_1_450' title='bbox 976 5323 1042 5396; x_wconf 81' lang='grc' dir='ltr'>ἦν</span> <span class='ocrx_word' id='word_1_451' title='bbox 1073 5328 1236 5381; x_wconf 87' lang='grc' dir='ltr'>αὑτοῦ</span> <span class='ocrx_word' id='word_1_452' title='bbox 1271 5332 1300 5382; x_wconf 92' lang='lat'>6</span> <span class='ocrx_word' id='word_1_453' title='bbox 1330 5331 1513 5396; x_wconf 84' lang='grc' dir='ltr'>πόθος,</span> <span class='ocrx_word' id='word_1_454' title='bbox 1537 5332 1566 5385; x_wconf 91' lang='lat'>6</span> <span class='ocrx_word' id='word_1_455' title='bbox 1590 5334 1719 5403; x_wconf 73' lang='grc' dir='ltr'>περὶ</span> <span class='ocrx_word' id='word_1_456' title='bbox 1744 5333 1834 5386; x_wconf 79' lang='grc' dir='ltr'>τὸν</span> <span class='ocrx_word' id='word_1_457' title='bbox 1860 5334 2115 5405; x_wconf 88' lang='grc' dir='ltr'>Χριστόν.</span> 
     </span>
    </p>
   </div>
   <div class='ocr_carea' id='block_1_58' title="bbox 463 5411 2124 5492">
    <p class='ocr_par' dir='ltr' id='par_1_58' title="bbox 463 5411 2124 5492">
     <span class='ocr_line' id='line_1_58' title="bbox 463 5411 2124 5492; baseline 0.006 -25"><span class='ocrx_word' id='word_1_458' title='bbox 463 5418 563 5468; x_wconf 78' lang='grc' dir='ltr'>Ἂν</span> <span class='ocrx_word' id='word_1_459' title='bbox 586 5414 692 5483; x_wconf 79' lang='grc' dir='ltr'>γὰρ</span> <span class='ocrx_word' id='word_1_460' title='bbox 715 5413 873 5466; x_wconf 89' lang='grc' dir='ltr'>τοῦτο</span> <span class='ocrx_word' id='word_1_461' title='bbox 908 5414 981 5483; x_wconf 83' lang='grc' dir='ltr'>μὴ</span> <span class='ocrx_word' id='word_1_462' title='bbox 1004 5411 1061 5488; x_wconf 80' lang='grc' dir='ltr'>ᾖ,</span> <span class='ocrx_word' id='word_1_463' title='bbox 1087 5416 1266 5469; x_wconf 88' lang='grc' dir='ltr'>πάντα</span> <span class='ocrx_word' id='word_1_464' title='bbox 1294 5419 1543 5488; x_wconf 79' lang='grc' dir='ltr'>περιττὰ,</span> <span class='ocrx_word' id='word_1_465' title='bbox 1583 5420 1763 5474; x_wconf 75' lang='grc' dir='ltr'>καὶτὰ</span> <span class='ocrx_word' id='word_1_466' title='bbox 1790 5420 1891 5492; x_wconf 81' lang='grc' dir='ltr'>τῆς</span> <span class='ocrx_word' id='word_1_467' title='bbox 1918 5427 2124 5479; x_wconf 80' lang='grc' dir='ltr'>οἰκονο-</span> 
     </span>
    </p>
   </div>
   <div class='ocr_carea' id='block_1_59' title="bbox 464 5502 2125 5583">
    <p class='ocr_par' dir='ltr' id='par_1_59' title="bbox 464 5502 2125 5583">
     <span class='ocr_line' id='line_1_59' title="bbox 464 5502 2125 5583; baseline 0.006 -28"><span class='ocrx_word' id='word_1_468' title='bbox 464 5502 597 5574; x_wconf 83' lang='grc' dir='ltr'>μίας</span> <span class='ocrx_word' id='word_1_469' title='bbox 613 5502 707 5557; x_wconf 71' lang='grc' dir='ltr'>καὶ</span> <span class='ocrx_word' id='word_1_470' title='bbox 733 5503 827 5555; x_wconf 86' lang='grc' dir='ltr'>τοῦ</span> <span class='ocrx_word' id='word_1_471' title='bbox 860 5502 1101 5572; x_wconf 83' lang='grc' dir='ltr'>ἀλήπτου</span> <span class='ocrx_word' id='word_1_472' title='bbox 1149 5505 1262 5575; x_wconf 84' lang='grc' dir='ltr'>βίου</span> <span class='ocrx_word' id='word_1_473' title='bbox 1300 5508 1394 5559; x_wconf 73' lang='grc' dir='ltr'>καὶ</span> <span class='ocrx_word' id='word_1_474' title='bbox 1426 5509 1519 5562; x_wconf 87' lang='grc' dir='ltr'>τοῦ</span> <span class='ocrx_word' id='word_1_475' title='bbox 1559 5512 2125 5583; x_wconf 80' lang='grc' dir='ltr'>παρακεκινδυνευμέ-</span> 
     </span>
    </p>
   </div>
   <div class='ocr_carea' id='block_1_60' title="bbox 458 5589 2127 5666">
    <p class='ocr_par' dir='ltr' id='par_1_60' title="bbox 458 5589 2127 5666">
     <span class='ocr_line' id='line_1_60' title="bbox 458 5589 2127 5666; baseline 0.008 -24"><span class='ocrx_word' id='word_1_476' title='bbox 458 5608 576 5645; x_wconf 82' lang='grc' dir='ltr'>νου.</span> <span class='ocrx_word' id='word_1_477' title='bbox 609 5590 707 5657; x_wconf 77' lang='grc' dir='ltr'>Τίς</span> <span class='ocrx_word' id='word_1_478' title='bbox 730 5589 992 5657; x_wconf 76' lang='grc' dir='ltr'>ἀσθενεῖ,</span> <span class='ocrx_word' id='word_1_479' title='bbox 1022 5592 1153 5662; x_wconf 71' lang='grc' dir='ltr'>φησι</span> <span class='ocrx_word' id='word_1_480' title='bbox 1172 5633 1187 5657; x_wconf 93' lang='grc'>,</span> <span class='ocrx_word' id='word_1_481' title='bbox 1211 5593 1309 5646; x_wconf 77' lang='grc' dir='ltr'>καί</span> <span class='ocrx_word' id='word_1_482' title='bbox 1346 5597 1458 5649; x_wconf 79' lang='grc' dir='ltr'>οὐκ</span> <span class='ocrx_word' id='word_1_483' title='bbox 1503 5596 1740 5651; x_wconf 80' lang='grc' dir='ltr'>ἀσθενῶ</span> <span class='ocrx_word' id='word_1_484' title='bbox 1757 5614 1777 5664; x_wconf 89' lang='grc'><strong><em>;</em></strong></span> <span class='ocrx_word' id='word_1_485' title='bbox 1809 5598 1902 5666; x_wconf 85' lang='grc' dir='ltr'>τίς</span> <span class='ocrx_word' id='word_1_486' title='bbox 1932 5616 2127 5655; x_wconf 73' lang='grc' dir='ltr'>σκαν-</span> 
     </span>
    </p>
   </div>
   <div class='ocr_carea' id='block_1_61' title="bbox 456 5678 1551 5754">
    <p class='ocr_par' dir='ltr' id='par_1_61' title="bbox 456 5678 1551 5754">
     <span class='ocr_line' id='line_1_61' title="bbox 456 5678 1551 5754; baseline 0.004 -19"><span class='ocrx_word' id='word_1_487' title='bbox 456 5678 771 5745; x_wconf 74' lang='grc' dir='ltr'>δαλίζεται,</span> <span class='ocrx_word' id='word_1_488' title='bbox 803 5678 902 5732; x_wconf 76' lang='grc' dir='ltr'>καί</span> <span class='ocrx_word' id='word_1_489' title='bbox 933 5681 1042 5734; x_wconf 84' lang='grc' dir='ltr'>οὐκ</span> <span class='ocrx_word' id='word_1_490' title='bbox 1071 5681 1187 5750; x_wconf 72' lang='grc' dir='ltr'>ἐγὼ</span> <span class='ocrx_word' id='word_1_491' title='bbox 1216 5684 1551 5754; x_wconf 83' lang='grc' dir='ltr'>πυροῦμαι;</span> 
     </span>
    </p>
   </div>
   <div class='ocr_carea' id='block_1_62' title="bbox 530 5768 2121 5851">
    <p class='ocr_par' dir='ltr' id='par_1_62' title="bbox 530 5768 2121 5851">
     <span class='ocr_line' id='line_1_62' title="bbox 530 5768 2121 5851; baseline -0.003 -26"><span class='ocrx_word' id='word_1_492' title='bbox 530 5769 825 5840; x_wconf 84' lang='grc' dir='ltr'>γ’.Ταῦτα,</span> <span class='ocrx_word' id='word_1_493' title='bbox 866 5768 1191 5841; x_wconf 87' lang='grc' dir='ltr'>παρακαλῶ,</span> <span class='ocrx_word' id='word_1_494' title='bbox 1227 5773 1321 5826; x_wconf 75' lang='grc' dir='ltr'>καὶ</span> <span class='ocrx_word' id='word_1_495' title='bbox 1358 5776 1520 5844; x_wconf 75' lang='grc' dir='ltr'>ἡμεῖς</span> <span class='ocrx_word' id='word_1_496' title='bbox 1547 5786 1569 5814; x_wconf 78' lang='grc' dir='ltr'><strong><em>ο</em></strong></span> <span class='ocrx_word' id='word_1_497' title='bbox 1603 5774 1902 5849; x_wconf 81' lang='grc' dir='ltr'>μιμώμεθα</span> <span class='ocrx_word' id='word_1_498' title='bbox 1924 5778 1993 5833; x_wconf 70' lang='grc' dir='ltr'>τὰ</span> <span class='ocrx_word' id='word_1_499' title='bbox 2020 5777 2121 5851; x_wconf 72' lang='grc' dir='ltr'>ρή-</span> 
     </span>
    </p>
   </div>
   <div class='ocr_carea' id='block_1_63' title="bbox 520 5920 2119 5995">
    <p class='ocr_par' dir='ltr' id='par_1_63' title="bbox 520 5920 2119 5995">
     <span class='ocr_line' id='line_1_63' title="bbox 520 5920 2119 5995; baseline 0.006 -26"><span class='ocrx_word' id='word_1_500' title='bbox 520 5920 737 5995; x_wconf 44' lang='lat' dir='ltr'>:Unus,‘</span> <span class='ocrx_word' id='word_1_501' title='bbox 776 5921 1157 5995; x_wconf 54' lang='grc' dir='ltr'>κατελάμϐανονἒ</span> <span class='ocrx_word' id='word_1_502' title='bbox 1191 5922 1251 5973; x_wconf 87' lang='grc' dir='ltr'>Τί</span> <span class='ocrx_word' id='word_1_503' title='bbox 1291 5923 1375 5995; x_wconf 29' lang='lat' dir='ltr'>iv“</span> <span class='ocrx_word' id='word_1_504' title='bbox 1403 5923 1548 5995; x_wconf 62' lang='grc' dir='ltr'>ίδεῖνς</span> <span class='ocrx_word' id='word_1_505' title='bbox 1594 5928 1675 5973; x_wconf 83' lang='grc' dir='ltr'>καὶ</span> <span class='ocrx_word' id='word_1_506' title='bbox 1713 5933 1798 5985; x_wconf 85' lang='grc' dir='ltr'>τῆς</span> <span class='ocrx_word' id='word_1_507' title='bbox 1846 5927 2119 5992; x_wconf 75' lang='grc' dir='ltr'>σάλπιγγος.</span> 
     </span>
    </p>
   </div>
   <div class='ocr_carea' id='block_1_64' title="bbox 460 5980 2117 6056">
    <p class='ocr_par' dir='ltr' id='par_1_64' title="bbox 460 5980 2117 6056">
     <span class='ocr_line' id='line_1_64' title="bbox 460 5980 2117 6056; baseline 0.005 -24"><span class='ocrx_word' id='word_1_508' title='bbox 460 5980 490 6056; x_wconf 64' lang='grc' dir='ltr'>εξ</span> <span class='ocrx_word' id='word_1_509' title='bbox 512 5983 642 6056; x_wconf 75' lang='grc' dir='ltr'>Μνῐυ</span> <span class='ocrx_word' id='word_1_510' title='bbox 662 5985 741 6054; x_wconf 66' lang='grc' dir='ltr'>καὶ</span> <span class='ocrx_word' id='word_1_511' title='bbox 764 5980 1283 6056; x_wconf 56' lang='grc' dir='ltr'>πάλινσργκατάῧασις.</span> <span class='ocrx_word' id='word_1_512' title='bbox 1312 5980 1319 5985; x_wconf 63' lang='grc'><em>’</em></span> <span class='ocrx_word' id='word_1_513' title='bbox 1354 5990 1375 6019; x_wconf 72' lang='grc'>⁸³</span> <span class='ocrx_word' id='word_1_514' title='bbox 1400 5980 1543 6051; x_wconf 62' lang='grc' dir='ltr'>Περι),</span> <span class='ocrx_word' id='word_1_515' title='bbox 1560 5980 1841 6056; x_wconf 79' lang='grc' dir='ltr'>παρακαλῶ,</span> <span class='ocrx_word' id='word_1_516' title='bbox 1866 5992 1945 6040; x_wconf 84' lang='grc' dir='ltr'>καὶ</span> <span class='ocrx_word' id='word_1_517' title='bbox 1966 5980 2117 6056; x_wconf 55' lang='grc' dir='ltr'>ἡμεῖς,</span> 
     </span>
    </p>
   </div>
   <div class='ocr_carea' id='block_1_65' title="bbox 460 6044 969 6097">
    <p class='ocr_par' dir='ltr' id='par_1_65' title="bbox 460 6044 969 6097">
     <span class='ocr_line' id='line_1_65' title="bbox 460 6044 969 6097; baseline 0.004 -4"><span class='ocrx_word' id='word_1_518' title='bbox 460 6044 636 6095; x_wconf 67' lang='lat' dir='ltr'>desunt</span> <span class='ocrx_word' id='word_1_519' title='bbox 673 6047 723 6097; x_wconf 82' lang='lat' dir='ltr'>iu</span> <span class='ocrx_word' id='word_1_520' title='bbox 748 6059 844 6095; x_wconf 73' lang='lat' dir='ltr'>uno</span> <span class='ocrx_word' id='word_1_521' title='bbox 863 6045 969 6096; x_wconf 84' lang='lat' dir='ltr'>cod.</span> 
     </span>
    </p>
   </div>
   <div class='ocr_carea' id='block_1_66' title="bbox 1235 357 3074 431">
    <p class='ocr_par' dir='ltr' id='par_1_66' title="bbox 1235 357 3074 431">
     <span class='ocr_line' id='line_1_66' title="bbox 1235 357 3074 431; baseline -0.009 -1"><span class='ocrx_word' id='word_1_522' title='bbox 1235 379 1294 431; x_wconf 79' lang='grc' dir='ltr'>δ.</span> <span class='ocrx_word' id='word_1_523' title='bbox 1333 369 1618 430; x_wconf 71' lang='lat' dir='ltr'>JOANMS</span> <span class='ocrx_word' id='word_1_524' title='bbox 1650 362 2135 426; x_wconf 75' lang='lat' dir='ltr'>CHRYSOSTUMI</span> <span class='ocrx_word' id='word_1_525' title='bbox 2178 360 2498 416; x_wconf 78' lang='lat' dir='ltr'>ARCHIEP.</span> <span class='ocrx_word' id='word_1_526' title='bbox 2530 357 3074 415; x_wconf 71' lang='lat' dir='ltr'>CUNSTANTINOP.</span> 
     </span>
    </p>
   </div>
   <div class='ocr_carea' id='block_1_67' title="bbox 3794 363 3925 419">
    <p class='ocr_par' dir='ltr' id='par_1_67' title="bbox 3794 363 3925 419">
     <span class='ocr_line' id='line_1_67' title="bbox 3794 363 3925 419; baseline 0.015 -2"><span class='ocrx_word' id='word_1_527' title='bbox 3794 363 3925 419; x_wconf 75' lang='lat'>306</span> 
     </span>
    </p>
   </div>
   <div class='ocr_carea' id='block_1_68' title="bbox 2237 474 3927 547">
    <p class='ocr_par' dir='ltr' id='par_1_68' title="bbox 2237 474 3927 547">
     <span class='ocr_line' id='line_1_68' title="bbox 2237 474 3927 547; baseline 0.004 -18"><span class='ocrx_word' id='word_1_528' title='bbox 2237 493 2405 547; x_wconf 86' lang='grc' dir='ltr'>ματα,</span> <span class='ocrx_word' id='word_1_529' title='bbox 2453 476 2546 529; x_wconf 78' lang='grc' dir='ltr'>καὶ</span> <span class='ocrx_word' id='word_1_530' title='bbox 2606 477 2685 539; x_wconf 88' lang='grc' dir='ltr'>είς</span> <span class='ocrx_word' id='word_1_531' title='bbox 2731 474 3009 538; x_wconf 85' lang='grc' dir='ltr'>κινδύνους</span> <span class='ocrx_word' id='word_1_532' title='bbox 3076 474 3357 547; x_wconf 80' lang='grc' dir='ltr'>ρίπτωμεν</span> <span class='ocrx_word' id='word_1_533' title='bbox 3393 478 3621 542; x_wconf 74' lang='grc' dir='ltr'>ἑαυτοὺς</span> <span class='ocrx_word' id='word_1_534' title='bbox 3652 480 3746 536; x_wconf 85' lang='grc' dir='ltr'>διὰ</span> <span class='ocrx_word' id='word_1_535' title='bbox 3779 486 3927 547; x_wconf 72' lang='grc' dir='ltr'>τοὺς</span> 
     </span>
    </p>
   </div>
   <div class='ocr_carea' id='block_1_69' title="bbox 2234 560 3921 640">
    <p class='ocr_par' dir='ltr' id='par_1_69' title="bbox 2234 560 3921 640">
     <span class='ocr_line' id='line_1_69' title="bbox 2234 560 3921 640; baseline 0.003 -23"><span class='ocrx_word' id='word_1_536' title='bbox 2234 563 2495 632; x_wconf 77' lang='grc' dir='ltr'>ἀδελφοὺς</span> <span class='ocrx_word' id='word_1_537' title='bbox 2520 564 2644 626; x_wconf 80' lang='grc' dir='ltr'>τοὺς</span> <span class='ocrx_word' id='word_1_538' title='bbox 2663 565 2695 633; x_wconf 86' lang='grc' dir='ltr'>ή</span> <span class='ocrx_word' id='word_1_539' title='bbox 2707 562 2987 632; x_wconf 90' lang='grc' dir='ltr'>μετέρους.</span> <span class='ocrx_word' id='word_1_540' title='bbox 3010 563 3130 617; x_wconf 81' lang='grc' dir='ltr'>Κᾶν</span> <span class='ocrx_word' id='word_1_541' title='bbox 3150 564 3261 636; x_wconf 87' lang='grc' dir='ltr'>πῦρ</span> <span class='ocrx_word' id='word_1_542' title='bbox 3275 560 3332 639; x_wconf 82' lang='grc' dir='ltr'>ᾗ,</span> <span class='ocrx_word' id='word_1_543' title='bbox 3351 566 3456 619; x_wconf 82' lang='grc' dir='ltr'>κᾶν</span> <span class='ocrx_word' id='word_1_544' title='bbox 3475 566 3717 639; x_wconf 88' lang='grc' dir='ltr'>σίδηρος,</span> <span class='ocrx_word' id='word_1_545' title='bbox 3750 571 3921 640; x_wconf 68' lang='grc' dir='ltr'>ῥῖψον</span> 
     </span>
    </p>
   </div>
   <div class='ocr_carea' id='block_1_70' title="bbox 2237 650 3918 729">
    <p class='ocr_par' dir='ltr' id='par_1_70' title="bbox 2237 650 3918 729">
     <span class='ocr_line' id='line_1_70' title="bbox 2237 650 3918 729; baseline 0.004 -25"><span class='ocrx_word' id='word_1_546' title='bbox 2237 653 2450 715; x_wconf 78' lang='grc' dir='ltr'>σαυτὸν,</span> <span class='ocrx_word' id='word_1_547' title='bbox 2478 651 2749 723; x_wconf 84' lang='grc' dir='ltr'>ἀγαπητὲ,</span> <span class='ocrx_word' id='word_1_548' title='bbox 2785 652 2871 705; x_wconf 85' lang='grc' dir='ltr'>ἴνα</span> <span class='ocrx_word' id='word_1_549' title='bbox 2906 650 3001 704; x_wconf 88' lang='grc' dir='ltr'>σοῦ</span> <span class='ocrx_word' id='word_1_550' title='bbox 3038 652 3099 705; x_wconf 86' lang='grc' dir='ltr'>τὸ</span> <span class='ocrx_word' id='word_1_551' title='bbox 3139 652 3301 724; x_wconf 83' lang='grc' dir='ltr'>μέλος</span> <span class='ocrx_word' id='word_1_552' title='bbox 3336 652 3525 728; x_wconf 86' lang='grc' dir='ltr'>ἐξέλῃς</span> <span class='ocrx_word' id='word_1_553' title='bbox 3562 671 3575 685; x_wconf 88' lang='grc'>⁸</span> <span class='ocrx_word' id='word_1_554' title='bbox 3617 657 3802 726; x_wconf 71' lang='grc' dir='ltr'>ῥῖψον,</span> <span class='ocrx_word' id='word_1_555' title='bbox 3836 661 3918 729; x_wconf 73' lang='grc' dir='ltr'>μὴ</span> 
     </span>
    </p>
   </div>
   <div class='ocr_carea' id='block_1_71' title="bbox 2234 736 3916 812">
    <p class='ocr_par' dir='ltr' id='par_1_71' title="bbox 2234 736 3916 812">
     <span class='ocr_line' id='line_1_71' title="bbox 2234 736 3916 812; baseline 0.005 -22"><span class='ocrx_word' id='word_1_556' title='bbox 2234 739 2492 810; x_wconf 65' lang='grc' dir='ltr'>φοϐηθῇς.</span> <span class='ocrx_word' id='word_1_557' title='bbox 2543 738 2808 809; x_wconf 82' lang='grc' dir='ltr'>Μαθητὴς</span> <span class='ocrx_word' id='word_1_558' title='bbox 2839 736 2892 794; x_wconf 80' lang='grc' dir='ltr'>εῐ</span> <span class='ocrx_word' id='word_1_559' title='bbox 2928 736 3023 794; x_wconf 71' lang='grc' dir='ltr'>τοῦ</span> <span class='ocrx_word' id='word_1_560' title='bbox 3072 740 3310 812; x_wconf 85' lang='grc' dir='ltr'>Χριστοῦ</span> <span class='ocrx_word' id='word_1_561' title='bbox 3344 740 3436 794; x_wconf 88' lang='grc' dir='ltr'>τοῦ</span> <span class='ocrx_word' id='word_1_562' title='bbox 3480 742 3569 796; x_wconf 80' lang='grc' dir='ltr'>διὰ</span> <span class='ocrx_word' id='word_1_563' title='bbox 3597 746 3727 808; x_wconf 83' lang='grc' dir='ltr'>τοὺς</span> <span class='ocrx_word' id='word_1_564' title='bbox 3755 746 3916 798; x_wconf 84' lang='grc' dir='ltr'>ἀδελ-</span> 
     </span>
    </p>
   </div>
   <div class='ocr_carea' id='block_1_72' title="bbox 2232 827 3912 904">
    <p class='ocr_par' dir='ltr' id='par_1_72' title="bbox 2232 827 3912 904">
     <span class='ocr_line' id='line_1_72' title="bbox 2232 827 3912 904; baseline 0.003 -24"><span class='ocrx_word' id='word_1_565' title='bbox 2232 828 2362 891; x_wconf 68' lang='grc' dir='ltr'>ιιοὺς</span> <span class='ocrx_word' id='word_1_566' title='bbox 2388 829 2487 899; x_wconf 84' lang='grc' dir='ltr'>τὴν</span> <span class='ocrx_word' id='word_1_567' title='bbox 2501 827 2675 899; x_wconf 72' lang='grc' dir='ltr'>ψυχὴν</span> <span class='ocrx_word' id='word_1_568' title='bbox 2705 828 2889 892; x_wconf 84' lang='grc' dir='ltr'>θέντος</span> <span class='ocrx_word' id='word_1_569' title='bbox 2919 845 2933 858; x_wconf 97' lang='grc'>⁸</span> <span class='ocrx_word' id='word_1_570' title='bbox 2966 829 3328 901; x_wconf 81' lang='grc' dir='ltr'>συμμαθητὴς</span> <span class='ocrx_word' id='word_1_571' title='bbox 3354 830 3586 897; x_wconf 88' lang='grc' dir='ltr'>Παύλου,</span> <span class='ocrx_word' id='word_1_572' title='bbox 3612 832 3709 885; x_wconf 87' lang='grc' dir='ltr'>τοῦ</span> <span class='ocrx_word' id='word_1_573' title='bbox 3737 836 3912 904; x_wconf 83' lang='grc' dir='ltr'>μυρία</span> 
     </span>
    </p>
   </div>
   <div class='ocr_carea' id='block_1_73' title="bbox 2230 914 3907 989">
    <p class='ocr_par' dir='ltr' id='par_1_73' title="bbox 2230 914 3907 989">
     <span class='ocr_line' id='line_1_73' title="bbox 2230 914 3907 989; baseline 0.004 -21"><span class='ocrx_word' id='word_1_574' title='bbox 2230 914 2483 985; x_wconf 77' lang='grc' dir='ltr'>ἑλομένου</span> <span class='ocrx_word' id='word_1_575' title='bbox 2516 916 2704 969; x_wconf 82' lang='grc' dir='ltr'>παθεῖν</span> <span class='ocrx_word' id='word_1_576' title='bbox 2751 915 2901 969; x_wconf 89' lang='grc' dir='ltr'>δεινά</span> <span class='ocrx_word' id='word_1_577' title='bbox 2944 916 3033 970; x_wconf 89' lang='grc' dir='ltr'>διά</span> <span class='ocrx_word' id='word_1_578' title='bbox 3070 919 3197 980; x_wconf 81' lang='grc' dir='ltr'>τοὺς</span> <span class='ocrx_word' id='word_1_579' title='bbox 3238 917 3485 989; x_wconf 78' lang='grc' dir='ltr'>ἐχθροὺς,</span> <span class='ocrx_word' id='word_1_580' title='bbox 3523 918 3611 972; x_wconf 77' lang='grc' dir='ltr'>διά</span> <span class='ocrx_word' id='word_1_581' title='bbox 3638 923 3774 984; x_wconf 58' lang='grc' dir='ltr'>τοὺς</span> <span class='ocrx_word' id='word_1_582' title='bbox 3804 940 3907 975; x_wconf 68' lang='grc' dir='ltr'>που</span> 
     </span>
    </p>
   </div>
   <div class='ocr_carea' id='block_1_74' title="bbox 2228 1004 3909 1079">
    <p class='ocr_par' dir='ltr' id='par_1_74' title="bbox 2228 1004 3909 1079">
     <span class='ocr_line' id='line_1_74' title="bbox 2228 1004 3909 1079; baseline 0.004 -22"><span class='ocrx_word' id='word_1_583' title='bbox 2228 1004 2523 1073; x_wconf 90' lang='grc' dir='ltr'>λεμοῦντας</span> <span class='ocrx_word' id='word_1_584' title='bbox 2568 1004 2715 1076; x_wconf 86' lang='grc' dir='ltr'>αὑτῴ</span> <span class='ocrx_word' id='word_1_585' title='bbox 2771 1021 2785 1034; x_wconf 99' lang='grc'>⁸</span> <span class='ocrx_word' id='word_1_586' title='bbox 2852 1005 3197 1077; x_wconf 85' lang='grc' dir='ltr'>ἐμπλήσθητι</span> <span class='ocrx_word' id='word_1_587' title='bbox 3248 1005 3439 1077; x_wconf 79' lang='grc' dir='ltr'>ζήλου,</span> <span class='ocrx_word' id='word_1_588' title='bbox 3505 1007 3753 1079; x_wconf 82' lang='grc' dir='ltr'>μίμησαι</span> <span class='ocrx_word' id='word_1_589' title='bbox 3812 1010 3909 1064; x_wconf 77' lang='grc' dir='ltr'>τὸν</span> 
     </span>
    </p>
   </div>
   <div class='ocr_carea' id='block_1_75' title="bbox 2229 1087 3903 1170">
    <p class='ocr_par' dir='ltr' id='par_1_75' title="bbox 2229 1087 3903 1170">
     <span class='ocr_line' id='line_1_75' title="bbox 2229 1087 3903 1170; baseline 0.004 -23"><span class='ocrx_word' id='word_1_590' title='bbox 2229 1092 2451 1148; x_wconf 89' lang='grc' dir='ltr'>Μωσέα.</span> <span class='ocrx_word' id='word_1_591' title='bbox 2512 1087 2665 1145; x_wconf 79' lang='grc' dir='ltr'>Εἷδεν</span> <span class='ocrx_word' id='word_1_592' title='bbox 2723 1092 3077 1165; x_wconf 71' lang='grc' dir='ltr'>ἀδικούμενον</span> <span class='ocrx_word' id='word_1_593' title='bbox 3125 1095 3218 1147; x_wconf 74' lang='grc' dir='ltr'>καὶ</span> <span class='ocrx_word' id='word_1_594' title='bbox 3268 1094 3467 1166; x_wconf 80' lang='grc' dir='ltr'>ήμυνε,</span> <span class='ocrx_word' id='word_1_595' title='bbox 3519 1099 3903 1170; x_wconf 72' lang='grc' dir='ltr'>κατεφρόνησε</span> 
     </span>
    </p>
   </div>
   <div class='ocr_carea' id='block_1_76' title="bbox 2222 1182 3910 1272">
    <p class='ocr_par' dir='ltr' id='par_1_76' title="bbox 2222 1182 3910 1272">
     <span class='ocr_line' id='line_1_76' title="bbox 2222 1182 3910 1272; baseline 0.005 -39"><span class='ocrx_word' id='word_1_596' title='bbox 2222 1184 2441 1272; x_wconf 40' lang='grc' dir='ltr'>,τρυφῆς</span> <span class='ocrx_word' id='word_1_597' title='bbox 2461 1182 2891 1272; x_wconf 8' lang='grc' dir='ltr'>βασιλικῆς,γ-καὶ</span> <span class='ocrx_word' id='word_1_598' title='bbox 2921 1184 3110 1252; x_wconf 76' lang='grc' dir='ltr'>γέγονε</span> <span class='ocrx_word' id='word_1_599' title='bbox 3161 1183 3253 1238; x_wconf 80' lang='grc' dir='ltr'>διὰ</span> <span class='ocrx_word' id='word_1_600' title='bbox 3305 1184 3432 1248; x_wconf 83' lang='grc' dir='ltr'>τοὺς</span> <span class='ocrx_word' id='word_1_601' title='bbox 3486 1190 3910 1258; x_wconf 82' lang='grc' dir='ltr'>καταπονουμέ-</span> 
     </span>
    </p>
   </div>
   <div class='ocr_carea' id='block_1_77' title="bbox 2230 1270 3909 1343">
    <p class='ocr_par' dir='ltr' id='par_1_77' title="bbox 2230 1270 3909 1343">
     <span class='ocr_line' id='line_1_77' title="bbox 2230 1270 3909 1343; baseline 0.005 -21"><span class='ocrx_word' id='word_1_602' title='bbox 2230 1286 2356 1334; x_wconf 90' lang='grc' dir='ltr'>νους</span> <span class='ocrx_word' id='word_1_603' title='bbox 2387 1271 2585 1339; x_wconf 78' lang='grc' dir='ltr'>φυγὰς,</span> <span class='ocrx_word' id='word_1_604' title='bbox 2616 1270 2915 1341; x_wconf 87' lang='grc' dir='ltr'>πλανήτης,</span> <span class='ocrx_word' id='word_1_605' title='bbox 2939 1272 3142 1343; x_wconf 82' lang='grc' dir='ltr'>ἔρημος</span> <span class='ocrx_word' id='word_1_606' title='bbox 3165 1272 3443 1341; x_wconf 84' lang='grc' dir='ltr'>συγγενῶν</span> <span class='ocrx_word' id='word_1_607' title='bbox 3471 1276 3564 1327; x_wconf 59' lang='grc' dir='ltr'>καὶ⁵</span> <span class='ocrx_word' id='word_1_608' title='bbox 3586 1277 3775 1339; x_wconf 74' lang='grc' dir='ltr'>οἰκίας</span> <span class='ocrx_word' id='word_1_609' title='bbox 3802 1294 3817 1308; x_wconf 95' lang='grc'>⁸</span> <span class='ocrx_word' id='word_1_610' title='bbox 3849 1279 3909 1330; x_wconf 89' lang='grc' dir='ltr'>ἐν</span> 
     </span>
    </p>
   </div>
   <div class='ocr_carea' id='block_1_78' title="bbox 2231 1359 3911 1434">
    <p class='ocr_par' dir='ltr' id='par_1_78' title="bbox 2231 1359 3911 1434">
     <span class='ocr_line' id='line_1_78' title="bbox 2231 1359 3911 1434; baseline 0.004 -22"><span class='ocrx_word' id='word_1_611' title='bbox 2231 1359 2486 1431; x_wconf 79' lang='grc' dir='ltr'>ἀλλοτρίᾳ</span> <span class='ocrx_word' id='word_1_612' title='bbox 2516 1359 2781 1414; x_wconf 88' lang='grc' dir='ltr'>διετέλεσε</span> <span class='ocrx_word' id='word_1_613' title='bbox 2808 1361 3058 1414; x_wconf 86' lang='grc' dir='ltr'>τοσοῦτον</span> <span class='ocrx_word' id='word_1_614' title='bbox 3092 1361 3299 1431; x_wconf 88' lang='grc' dir='ltr'>χρόνον,</span> <span class='ocrx_word' id='word_1_615' title='bbox 3338 1364 3433 1415; x_wconf 70' lang='grc' dir='ltr'>καὶ</span> <span class='ocrx_word' id='word_1_616' title='bbox 3466 1365 3565 1416; x_wconf 90' lang='grc' dir='ltr'>οὑκ</span> <span class='ocrx_word' id='word_1_617' title='bbox 3611 1365 3911 1434; x_wconf 61' lang='grc' dir='ltr'>ἐμέμψατο</span> 
     </span>
    </p>
   </div>
   <div class='ocr_carea' id='block_1_79' title="bbox 2232 1444 3908 1523">
    <p class='ocr_par' dir='ltr' id='par_1_79' title="bbox 2232 1444 3908 1523">
     <span class='ocr_line' id='line_1_79' title="bbox 2232 1444 3908 1523; baseline 0.004 -23"><span class='ocrx_word' id='word_1_618' title='bbox 2232 1447 2410 1518; x_wconf 83' lang='grc' dir='ltr'>ἐαυτῷ</span> <span class='ocrx_word' id='word_1_619' title='bbox 2442 1448 2559 1502; x_wconf 86' lang='grc' dir='ltr'>οὑδὲ</span> <span class='ocrx_word' id='word_1_620' title='bbox 2582 1444 2702 1501; x_wconf 82' lang='grc' dir='ltr'>εἷπε</span> <span class='ocrx_word' id='word_1_621' title='bbox 2723 1464 2737 1479; x_wconf 97' lang='grc'>⁸</span> <span class='ocrx_word' id='word_1_622' title='bbox 2761 1449 2825 1501; x_wconf 89' lang='grc' dir='ltr'>Τί</span> <span class='ocrx_word' id='word_1_623' title='bbox 2850 1449 3036 1516; x_wconf 85' lang='grc' dir='ltr'>τοῦτο;</span> <span class='ocrx_word' id='word_1_624' title='bbox 3075 1449 3349 1520; x_wconf 85' lang='grc' dir='ltr'>βασιλείας</span> <span class='ocrx_word' id='word_1_625' title='bbox 3386 1453 3801 1523; x_wconf 51' lang='grc' dir='ltr'>κατεφῴνησα,</span> <span class='ocrx_word' id='word_1_626' title='bbox 3831 1472 3908 1507; x_wconf 85' lang='grc' dir='ltr'>τι-</span> 
     </span>
    </p>
   </div>
   <div class='ocr_carea' id='block_1_80' title="bbox 2234 1536 3908 1615">
    <p class='ocr_par' dir='ltr' id='par_1_80' title="bbox 2234 1536 3908 1615">
     <span class='ocr_line' id='line_1_80' title="bbox 2234 1536 3908 1615; baseline 0.004 -27"><span class='ocrx_word' id='word_1_627' title='bbox 2234 1537 2339 1608; x_wconf 80' lang='grc' dir='ltr'>μῆς</span> <span class='ocrx_word' id='word_1_628' title='bbox 2360 1536 2627 1607; x_wconf 87' lang='grc' dir='ltr'>τοσαύτης</span> <span class='ocrx_word' id='word_1_629' title='bbox 2666 1539 2758 1591; x_wconf 76' lang='grc' dir='ltr'>καὶ</span> <span class='ocrx_word' id='word_1_630' title='bbox 2779 1537 2936 1609; x_wconf 77' lang='grc' dir='ltr'>δόξης</span> <span class='ocrx_word' id='word_1_631' title='bbox 2968 1553 2982 1568; x_wconf 94' lang='grc'>⁸</span> <span class='ocrx_word' id='word_1_632' title='bbox 3028 1538 3248 1610; x_wconf 86' lang='grc' dir='ltr'>εἱλόμην</span> <span class='ocrx_word' id='word_1_633' title='bbox 3305 1539 3509 1615; x_wconf 81' lang='grc' dir='ltr'>ἀμῦναι</span> <span class='ocrx_word' id='word_1_634' title='bbox 3538 1544 3657 1604; x_wconf 88' lang='grc' dir='ltr'>τοῖς</span> <span class='ocrx_word' id='word_1_635' title='bbox 3689 1542 3908 1595; x_wconf 76' lang='grc' dir='ltr'>ἀδικου-</span> 
     </span>
    </p>
   </div>
   <div class='ocr_carea' id='block_1_81' title="bbox 2233 1624 3905 1701">
    <p class='ocr_par' dir='ltr' id='par_1_81' title="bbox 2233 1624 3905 1701">
     <span class='ocr_line' id='line_1_81' title="bbox 2233 1624 3905 1701; baseline 0.002 -24"><span class='ocrx_word' id='word_1_636' title='bbox 2233 1625 2435 1695; x_wconf 86' lang='grc' dir='ltr'>μένοις,</span> <span class='ocrx_word' id='word_1_637' title='bbox 2472 1626 2565 1679; x_wconf 70' lang='grc' dir='ltr'>καὶ</span> <span class='ocrx_word' id='word_1_638' title='bbox 2593 1625 2861 1696; x_wconf 85' lang='grc' dir='ltr'>περιεῖδεν</span> <span class='ocrx_word' id='word_1_639' title='bbox 2888 1625 2917 1678; x_wconf 97' lang='lat'>6</span> <span class='ocrx_word' id='word_1_640' title='bbox 2950 1624 3103 1692; x_wconf 84' lang='grc' dir='ltr'>Θεὸς,</span> <span class='ocrx_word' id='word_1_641' title='bbox 3149 1628 3244 1679; x_wconf 77' lang='grc' dir='ltr'>καὶ</span> <span class='ocrx_word' id='word_1_642' title='bbox 3281 1628 3341 1679; x_wconf 87' lang='grc' dir='ltr'>οὑ</span> <span class='ocrx_word' id='word_1_643' title='bbox 3375 1628 3537 1697; x_wconf 89' lang='grc' dir='ltr'>μόνον</span> <span class='ocrx_word' id='word_1_644' title='bbox 3557 1629 3661 1681; x_wconf 91' lang='grc' dir='ltr'>οὑκ</span> <span class='ocrx_word' id='word_1_645' title='bbox 3699 1630 3905 1701; x_wconf 76' lang='grc' dir='ltr'>ἐπανὴο</span> 
     </span>
    </p>
   </div>
   <div class='ocr_carea' id='block_1_82' title="bbox 2229 1712 3902 1787">
    <p class='ocr_par' dir='ltr' id='par_1_82' title="bbox 2229 1712 3902 1787">
     <span class='ocr_line' id='line_1_82' title="bbox 2229 1712 3902 1787; baseline 0.003 -23"><span class='ocrx_word' id='word_1_646' title='bbox 2229 1712 2365 1781; x_wconf 89' lang='grc' dir='ltr'>γαγέ</span> <span class='ocrx_word' id='word_1_647' title='bbox 2383 1729 2450 1784; x_wconf 90' lang='grc' dir='ltr'>με</span> <span class='ocrx_word' id='word_1_648' title='bbox 2467 1714 2556 1765; x_wconf 66' lang='grc' dir='ltr'>ἐπὶ</span> <span class='ocrx_word' id='word_1_649' title='bbox 2577 1712 2675 1784; x_wconf 81' lang='grc' dir='ltr'>τὴν</span> <span class='ocrx_word' id='word_1_650' title='bbox 2704 1713 2973 1784; x_wconf 87' lang='grc' dir='ltr'>προτέραν</span> <span class='ocrx_word' id='word_1_651' title='bbox 2992 1731 3043 1766; x_wconf 87' lang='grc' dir='ltr'>τι</span> <span class='ocrx_word' id='word_1_652' title='bbox 3052 1713 3180 1785; x_wconf 85' lang='grc' dir='ltr'>μὴν,</span> <span class='ocrx_word' id='word_1_653' title='bbox 3208 1713 3343 1767; x_wconf 86' lang='grc' dir='ltr'>ἀλλά</span> <span class='ocrx_word' id='word_1_654' title='bbox 3371 1716 3463 1767; x_wconf 78' lang='grc' dir='ltr'>καὶ</span> <span class='ocrx_word' id='word_1_655' title='bbox 3487 1716 3902 1787; x_wconf 77' lang='grc' dir='ltr'>τεσσαράκοντα</span> 
     </span>
    </p>
   </div>
   <div class='ocr_carea' id='block_1_83' title="bbox 2230 1800 3903 1877">
    <p class='ocr_par' dir='ltr' id='par_1_83' title="bbox 2230 1800 3903 1877">
     <span class='ocr_line' id='line_1_83' title="bbox 2230 1800 3903 1877; baseline 0.005 -24"><span class='ocrx_word' id='word_1_656' title='bbox 2230 1800 2323 1872; x_wconf 78' lang='grc' dir='ltr'>ἐτη</span> <span class='ocrx_word' id='word_1_657' title='bbox 2356 1804 2414 1856; x_wconf 86' lang='grc' dir='ltr'>έν</span> <span class='ocrx_word' id='word_1_658' title='bbox 2440 1802 2697 1874; x_wconf 83' lang='grc' dir='ltr'>ἀλλοτρίᾳ</span> <span class='ocrx_word' id='word_1_659' title='bbox 2717 1802 2907 1871; x_wconf 89' lang='grc' dir='ltr'>διάγω.</span> <span class='ocrx_word' id='word_1_660' title='bbox 2944 1803 3141 1866; x_wconf 79' lang='grc' dir='ltr'>Καλῶς</span> <span class='ocrx_word' id='word_1_661' title='bbox 3164 1820 3227 1873; x_wconf 89' lang='grc' dir='ltr'>γε</span> <span class='ocrx_word' id='word_1_662' title='bbox 3257 1821 3269 1833; x_wconf 90' lang='grc'>⁸</span> <span class='ocrx_word' id='word_1_663' title='bbox 3298 1804 3359 1857; x_wconf 90' lang='grc' dir='ltr'>οὑ</span> <span class='ocrx_word' id='word_1_664' title='bbox 3386 1805 3494 1876; x_wconf 86' lang='grc' dir='ltr'>γὰρ</span> <span class='ocrx_word' id='word_1_665' title='bbox 3515 1806 3643 1871; x_wconf 75' lang='grc' dir='ltr'>τοὺς</span> <span class='ocrx_word' id='word_1_666' title='bbox 3676 1808 3903 1877; x_wconf 56' lang='grc' dir='ltr'>μισθοὺς</span> 
     </span>
    </p>
   </div>
   <div class='ocr_carea' id='block_1_84' title="bbox 2230 1886 3906 1966">
    <p class='ocr_par' dir='ltr' id='par_1_84' title="bbox 2230 1886 3906 1966">
     <span class='ocr_line' id='line_1_84' title="bbox 2230 1886 3906 1966; baseline 0.004 -23"><span class='ocrx_word' id='word_1_667' title='bbox 2230 1890 2525 1946; x_wconf 90' lang='grc' dir='ltr'>ἀπέλαϐον.</span> <span class='ocrx_word' id='word_1_668' title='bbox 2571 1891 2719 1943; x_wconf 84' lang='grc' dir='ltr'>Ἀλλ’</span> <span class='ocrx_word' id='word_1_669' title='bbox 2770 1890 2925 1945; x_wconf 79' lang='grc' dir='ltr'>οὐδὲν</span> <span class='ocrx_word' id='word_1_670' title='bbox 2972 1891 3178 1945; x_wconf 89' lang='grc' dir='ltr'>τούτων</span> <span class='ocrx_word' id='word_1_671' title='bbox 3226 1886 3378 1945; x_wconf 72' lang='grc' dir='ltr'>εἶπεν</span> <span class='ocrx_word' id='word_1_672' title='bbox 3432 1893 3553 1945; x_wconf 86' lang='grc' dir='ltr'>οὑδέ</span> <span class='ocrx_word' id='word_1_673' title='bbox 3595 1895 3906 1966; x_wconf 81' lang='grc' dir='ltr'>ἐνενόησεν.</span> 
     </span>
    </p>
   </div>
   <div class='ocr_carea' id='block_1_85' title="bbox 2231 1978 3905 2054">
    <p class='ocr_par' dir='ltr' id='par_1_85' title="bbox 2231 1978 3905 2054">
     <span class='ocr_line' id='line_1_85' title="bbox 2231 1978 3905 2054; baseline 0.002 -22"><span class='ocrx_word' id='word_1_674' title='bbox 2231 1978 2387 2032; x_wconf 76' lang='grc' dir='ltr'>Οὑτω</span> <span class='ocrx_word' id='word_1_675' title='bbox 2420 1981 2513 2034; x_wconf 72' lang='grc' dir='ltr'>καὶ</span> <span class='ocrx_word' id='word_1_676' title='bbox 2539 1979 2603 2033; x_wconf 91' lang='grc' dir='ltr'>σύ</span> <span class='ocrx_word' id='word_1_677' title='bbox 2633 1996 2645 2007; x_wconf 90' lang='grc'>⁸</span> <span class='ocrx_word' id='word_1_678' title='bbox 2678 1980 2779 2034; x_wconf 76' lang='grc' dir='ltr'>κᾶν</span> <span class='ocrx_word' id='word_1_679' title='bbox 2822 1980 2991 2034; x_wconf 87' lang='grc' dir='ltr'>κακόν</span> <span class='ocrx_word' id='word_1_680' title='bbox 3048 1998 3102 2034; x_wconf 91' lang='grc' dir='ltr'>τι</span> <span class='ocrx_word' id='word_1_681' title='bbox 3157 1980 3336 2054; x_wconf 82' lang='grc' dir='ltr'>πάθῃς</span> <span class='ocrx_word' id='word_1_682' title='bbox 3385 1981 3767 2050; x_wconf 86' lang='grc' dir='ltr'>ἀγαθοποιῶν,</span> <span class='ocrx_word' id='word_1_683' title='bbox 3799 1985 3905 2038; x_wconf 67' lang='grc' dir='ltr'>κᾶν</span> 
     </span>
    </p>
   </div>
   <div class='ocr_carea' id='block_1_86' title="bbox 2231 2070 3911 2143">
    <p class='ocr_par' dir='ltr' id='par_1_86' title="bbox 2231 2070 3911 2143">
     <span class='ocr_line' id='line_1_86' title="bbox 2231 2070 3911 2143; baseline 0.002 -20"><span class='ocrx_word' id='word_1_684' title='bbox 2231 2071 2325 2123; x_wconf 82' lang='grc' dir='ltr'>ἐπὶ</span> <span class='ocrx_word' id='word_1_685' title='bbox 2353 2070 2518 2124; x_wconf 82' lang='grc' dir='ltr'>πολὺν</span> <span class='ocrx_word' id='word_1_686' title='bbox 2547 2071 2757 2141; x_wconf 82' lang='grc' dir='ltr'>χρόνον,</span> <span class='ocrx_word' id='word_1_687' title='bbox 2783 2071 2868 2142; x_wconf 78' lang='grc' dir='ltr'>μὴ</span> <span class='ocrx_word' id='word_1_688' title='bbox 2902 2071 3252 2135; x_wconf 78' lang='grc' dir='ltr'>σκανδαλίζου</span> <span class='ocrx_word' id='word_1_689' title='bbox 3286 2071 3421 2141; x_wconf 84' lang='grc' dir='ltr'>μηδέ</span> <span class='ocrx_word' id='word_1_690' title='bbox 3449 2071 3682 2143; x_wconf 77' lang='grc' dir='ltr'>θορυϐοῦ</span> <span class='ocrx_word' id='word_1_691' title='bbox 3714 2092 3727 2103; x_wconf 83' lang='grc'>⁸</span> <span class='ocrx_word' id='word_1_692' title='bbox 3767 2076 3911 2127; x_wconf 64' lang='grc' dir='ltr'>πάνυ</span> 
     </span>
    </p>
   </div>
   <div class='ocr_carea' id='block_1_87' title="bbox 2230 2158 3910 2234">
    <p class='ocr_par' dir='ltr' id='par_1_87' title="bbox 2230 2158 3910 2234">
     <span class='ocr_line' id='line_1_87' title="bbox 2230 2158 3910 2234; baseline 0.001 -22"><span class='ocrx_word' id='word_1_693' title='bbox 2230 2176 2339 2223; x_wconf 86' lang='grc' dir='ltr'>τως</span> <span class='ocrx_word' id='word_1_694' title='bbox 2359 2158 2627 2212; x_wconf 84' lang='grc' dir='ltr'>ἀποδώσει</span> <span class='ocrx_word' id='word_1_695' title='bbox 2660 2176 2739 2213; x_wconf 88' lang='grc' dir='ltr'>σοι</span> <span class='ocrx_word' id='word_1_696' title='bbox 2760 2160 2857 2231; x_wconf 81' lang='grc' dir='ltr'>τὴν</span> <span class='ocrx_word' id='word_1_697' title='bbox 2890 2159 3129 2230; x_wconf 81' lang='grc' dir='ltr'>ἀμοιϐὴν</span> <span class='ocrx_word' id='word_1_698' title='bbox 3160 2161 3188 2212; x_wconf 89' lang='lat'>6</span> <span class='ocrx_word' id='word_1_699' title='bbox 3211 2158 3363 2222; x_wconf 84' lang='grc' dir='ltr'>Θεός.</span> <span class='ocrx_word' id='word_1_700' title='bbox 3397 2160 3547 2231; x_wconf 83' lang='grc' dir='ltr'>Ὀσῳ</span> <span class='ocrx_word' id='word_1_701' title='bbox 3574 2160 3643 2213; x_wconf 83' lang='grc' dir='ltr'>ἂν</span> <span class='ocrx_word' id='word_1_702' title='bbox 3678 2163 3910 2234; x_wconf 80' lang='grc' dir='ltr'>χρονίζῃ</span> 
     </span>
    </p>
   </div>
   <div class='ocr_carea' id='block_1_88' title="bbox 2230 2248 3912 2319">
    <p class='ocr_par' dir='ltr' id='par_1_88' title="bbox 2230 2248 3912 2319">
     <span class='ocr_line' id='line_1_88' title="bbox 2230 2248 3912 2319; baseline 0.002 -19"><span class='ocrx_word' id='word_1_703' title='bbox 2230 2250 2264 2319; x_wconf 86' lang='grc' dir='ltr'>ή</span> <span class='ocrx_word' id='word_1_704' title='bbox 2319 2248 2615 2316; x_wconf 85' lang='grc' dir='ltr'>ἀντίδοσις,</span> <span class='ocrx_word' id='word_1_705' title='bbox 2668 2248 2905 2319; x_wconf 83' lang='grc' dir='ltr'>τοσούτῳ</span> <span class='ocrx_word' id='word_1_706' title='bbox 2961 2250 3010 2301; x_wconf 90' lang='grc' dir='ltr'>οί</span> <span class='ocrx_word' id='word_1_707' title='bbox 3067 2249 3215 2301; x_wconf 74' lang='grc' dir='ltr'>τόκοι</span> <span class='ocrx_word' id='word_1_708' title='bbox 3267 2248 3647 2302; x_wconf 83' lang='grc' dir='ltr'>ἐπιτείνονται.</span> <span class='ocrx_word' id='word_1_709' title='bbox 3697 2251 3912 2304; x_wconf 77' lang='grc' dir='ltr'>Οὐκοῦν</span> 
     </span>
    </p>
   </div>
   <div class='ocr_carea' id='block_1_89' title="bbox 2232 2338 3912 2411">
    <p class='ocr_par' dir='ltr' id='par_1_89' title="bbox 2232 2338 3912 2411">
     <span class='ocr_line' id='line_1_89' title="bbox 2232 2338 3912 2411; baseline 0.003 -20"><span class='ocrx_word' id='word_1_710' title='bbox 2232 2338 2445 2409; x_wconf 78' lang='grc' dir='ltr'>ἔχωμεν</span> <span class='ocrx_word' id='word_1_711' title='bbox 2469 2339 2646 2411; x_wconf 69' lang='grc' dir='ltr'>ψυχὴν</span> <span class='ocrx_word' id='word_1_712' title='bbox 2677 2357 2737 2391; x_wconf 91' lang='grc' dir='ltr'>συ</span> <span class='ocrx_word' id='word_1_713' title='bbox 2746 2339 3097 2409; x_wconf 82' lang='grc' dir='ltr'>μπαθητικήν</span> <span class='ocrx_word' id='word_1_714' title='bbox 3115 2382 3130 2404; x_wconf 92' lang='grc'>,</span> <span class='ocrx_word' id='word_1_715' title='bbox 3156 2339 3369 2410; x_wconf 80' lang='grc' dir='ltr'>ἔχωμεν</span> <span class='ocrx_word' id='word_1_716' title='bbox 3411 2340 3650 2395; x_wconf 81' lang='grc' dir='ltr'>διάνοιαν</span> <span class='ocrx_word' id='word_1_717' title='bbox 3702 2343 3912 2395; x_wconf 78' lang='grc' dir='ltr'>εἰδυῖαν</span> 
     </span>
    </p>
   </div>
   <div class='ocr_carea' id='block_1_90' title="bbox 2232 2426 3910 2501">
    <p class='ocr_par' dir='ltr' id='par_1_90' title="bbox 2232 2426 3910 2501">
     <span class='ocr_line' id='line_1_90' title="bbox 2232 2426 3910 2501; baseline 0.004 -21"><span class='ocrx_word' id='word_1_718' title='bbox 2232 2428 2518 2495; x_wconf 84' lang='grc' dir='ltr'>συναλγεῖν</span> <span class='ocrx_word' id='word_1_719' title='bbox 2537 2426 2565 2467; x_wconf 71' lang='grc' dir='ltr'><strong><em>ἀ</em></strong></span> <span class='ocrx_word' id='word_1_720' title='bbox 2599 2444 2611 2457; x_wconf 93' lang='grc'>⁸</span> <span class='ocrx_word' id='word_1_721' title='bbox 2644 2428 2808 2497; x_wconf 79' lang='grc' dir='ltr'>μηδὲν</span> <span class='ocrx_word' id='word_1_722' title='bbox 2840 2428 2982 2481; x_wconf 79' lang='grc' dir='ltr'>ἔστω</span> <span class='ocrx_word' id='word_1_723' title='bbox 3010 2431 3139 2499; x_wconf 83' lang='grc' dir='ltr'>παρ’</span> <span class='ocrx_word' id='word_1_724' title='bbox 3171 2431 3302 2499; x_wconf 86' lang='grc' dir='ltr'>ήμίν</span> <span class='ocrx_word' id='word_1_725' title='bbox 3334 2428 3506 2500; x_wconf 74' lang='grc' dir='ltr'>ὠμὸν,</span> <span class='ocrx_word' id='word_1_726' title='bbox 3532 2431 3702 2501; x_wconf 78' lang='grc' dir='ltr'>μηδὲν</span> <span class='ocrx_word' id='word_1_727' title='bbox 3729 2434 3910 2487; x_wconf 76' lang='grc' dir='ltr'>ἀπάν-</span> 
     </span>
    </p>
   </div>
   <div class='ocr_carea' id='block_1_91' title="bbox 2232 2515 3911 2589">
    <p class='ocr_par' dir='ltr' id='par_1_91' title="bbox 2232 2515 3911 2589">
     <span class='ocr_line' id='line_1_91' title="bbox 2232 2515 3911 2589; baseline 0.002 -20"><span class='ocrx_word' id='word_1_728' title='bbox 2232 2515 2471 2587; x_wconf 91' lang='grc' dir='ltr'>θρωπον.</span> <span class='ocrx_word' id='word_1_729' title='bbox 2515 2517 2634 2569; x_wconf 83' lang='grc' dir='ltr'>Κᾶν</span> <span class='ocrx_word' id='word_1_730' title='bbox 2693 2516 2858 2585; x_wconf 86' lang='grc' dir='ltr'>μηδὲν</span> <span class='ocrx_word' id='word_1_731' title='bbox 2905 2516 3140 2587; x_wconf 81' lang='grc' dir='ltr'>δυνηθῇς</span> <span class='ocrx_word' id='word_1_732' title='bbox 3193 2517 3558 2583; x_wconf 74' lang='grc' dir='ltr'>εἰσενεγκεῖν,</span> <span class='ocrx_word' id='word_1_733' title='bbox 3606 2516 3911 2589; x_wconf 87' lang='grc' dir='ltr'>δάκρυσον,</span> 
     </span>
    </p>
   </div>
   <div class='ocr_carea' id='block_1_92' title="bbox 2234 2592 3914 2676">
    <p class='ocr_par' dir='ltr' id='par_1_92' title="bbox 2234 2592 3914 2676">
     <span class='ocr_line' id='line_1_92' title="bbox 2234 2592 3914 2676; baseline 0.003 -18"><span class='ocrx_word' id='word_1_734' title='bbox 2234 2605 2511 2671; x_wconf 82' lang='grc' dir='ltr'>στέναξον,</span> <span class='ocrx_word' id='word_1_735' title='bbox 2538 2606 2774 2676; x_wconf 83' lang='grc' dir='ltr'>ἄλγησον</span> <span class='ocrx_word' id='word_1_736' title='bbox 2805 2606 2896 2658; x_wconf 74' lang='grc' dir='ltr'>ἐπὶ</span> <span class='ocrx_word' id='word_1_737' title='bbox 2932 2609 3045 2671; x_wconf 91' lang='grc' dir='ltr'>τοῖς</span> <span class='ocrx_word' id='word_1_738' title='bbox 3084 2606 3388 2676; x_wconf 78' lang='grc' dir='ltr'>γινομένοις</span> <span class='ocrx_word' id='word_1_739' title='bbox 3418 2624 3431 2636; x_wconf 92' lang='grc'>⁸</span> <span class='ocrx_word' id='word_1_740' title='bbox 3457 2592 3575 2660; x_wconf 75' lang='grc' dir='ltr'>οὑδέ</span> <span class='ocrx_word' id='word_1_741' title='bbox 3609 2607 3790 2663; x_wconf 83' lang='grc' dir='ltr'>ταῦτά</span> <span class='ocrx_word' id='word_1_742' title='bbox 3830 2628 3914 2665; x_wconf 88' lang='grc' dir='ltr'>σοι</span> 
     </span>
    </p>
   </div>
   <div class='ocr_carea' id='block_1_93' title="bbox 2233 2693 3914 2765">
    <p class='ocr_par' dir='ltr' id='par_1_93' title="bbox 2233 2693 3914 2765">
     <span class='ocr_line' id='line_1_93' title="bbox 2233 2693 3914 2765; baseline 0.004 -20"><span class='ocrx_word' id='word_1_743' title='bbox 2233 2693 2389 2746; x_wconf 79' lang='grc' dir='ltr'>ἐσται</span> <span class='ocrx_word' id='word_1_744' title='bbox 2420 2694 2564 2763; x_wconf 86' lang='grc' dir='ltr'>εἰκῆ.</span> <span class='ocrx_word' id='word_1_745' title='bbox 2595 2695 2658 2748; x_wconf 89' lang='grc' dir='ltr'>Εἰ</span> <span class='ocrx_word' id='word_1_746' title='bbox 2684 2697 2795 2757; x_wconf 88' lang='grc' dir='ltr'>τοῖς</span> <span class='ocrx_word' id='word_1_747' title='bbox 2832 2694 2937 2748; x_wconf 78' lang='grc' dir='ltr'>ὑπὸ</span> <span class='ocrx_word' id='word_1_748' title='bbox 2964 2694 3055 2747; x_wconf 86' lang='grc' dir='ltr'>τοῦ</span> <span class='ocrx_word' id='word_1_749' title='bbox 3099 2694 3233 2747; x_wconf 83' lang='grc' dir='ltr'>Θεοῦ</span> <span class='ocrx_word' id='word_1_750' title='bbox 3260 2694 3644 2765; x_wconf 77' lang='grc' dir='ltr'>κολαζομένοις</span> <span class='ocrx_word' id='word_1_751' title='bbox 3674 2696 3914 2765; x_wconf 63' lang='grc' dir='ltr'>δικαίως</span> 
     </span>
    </p>
   </div>
   <div class='ocr_carea' id='block_1_94' title="bbox 2233 2781 3917 2855">
    <p class='ocr_par' dir='ltr' id='par_1_94' title="bbox 2233 2781 3917 2855">
     <span class='ocr_line' id='line_1_94' title="bbox 2233 2781 3917 2855; baseline 0.002 -21"><span class='ocrx_word' id='word_1_752' title='bbox 2233 2783 2516 2851; x_wconf 79' lang='grc' dir='ltr'>συναλγεῖν</span> <span class='ocrx_word' id='word_1_753' title='bbox 2535 2783 2663 2855; x_wconf 83' lang='grc' dir='ltr'>χρὴ,</span> <span class='ocrx_word' id='word_1_754' title='bbox 2691 2781 2871 2853; x_wconf 83' lang='grc' dir='ltr'>πολλῷ</span> <span class='ocrx_word' id='word_1_755' title='bbox 2894 2782 3092 2853; x_wconf 83' lang='grc' dir='ltr'>μᾶλλον</span> <span class='ocrx_word' id='word_1_756' title='bbox 3113 2786 3225 2846; x_wconf 90' lang='grc' dir='ltr'>τοῖς</span> <span class='ocrx_word' id='word_1_757' title='bbox 3247 2782 3352 2835; x_wconf 77' lang='lat'><em>6::6</em></span> <span class='ocrx_word' id='word_1_758' title='bbox 3374 2782 3677 2852; x_wconf 83' lang='grc' dir='ltr'>ἀνθρώπων</span> <span class='ocrx_word' id='word_1_759' title='bbox 3698 2785 3917 2852; x_wconf 85' lang='grc' dir='ltr'>ἀδίκως</span> 
     </span>
    </p>
   </div>
   <div class='ocr_carea' id='block_1_95' title="bbox 2233 2870 3917 2942">
    <p class='ocr_par' dir='ltr' id='par_1_95' title="bbox 2233 2870 3917 2942">
     <span class='ocr_line' id='line_1_95' title="bbox 2233 2870 3917 2942; baseline 0.004 -18"><span class='ocrx_word' id='word_1_760' title='bbox 2233 2872 2550 2942; x_wconf 83' lang='grc' dir='ltr'>πάσχουσιν.</span> <span class='ocrx_word' id='word_1_761' title='bbox 2578 2873 2701 2926; x_wconf 78' lang='grc' dir='ltr'>Οὐκ</span> <span class='ocrx_word' id='word_1_762' title='bbox 2756 2870 3042 2939; x_wconf 75' lang='grc' dir='ltr'>ἐξῆλθον,</span> <span class='ocrx_word' id='word_1_763' title='bbox 3098 2871 3284 2942; x_wconf 73' lang='grc' dir='ltr'>φησὶν,</span> <span class='ocrx_word' id='word_1_764' title='bbox 3314 2872 3500 2927; x_wconf 82' lang='grc' dir='ltr'>Αὶνὰν</span> <span class='ocrx_word' id='word_1_765' title='bbox 3533 2885 3555 2911; x_wconf 75' lang='grc' dir='ltr'>ε</span> <span class='ocrx_word' id='word_1_766' title='bbox 3590 2874 3917 2942; x_wconf 70' lang='grc' dir='ltr'>κόψασθαι</span> 
     </span>
    </p>
   </div>
   <div class='ocr_carea' id='block_1_96' title="bbox 2230 2951 3919 3026">
    <p class='ocr_par' dir='ltr' id='par_1_96' title="bbox 2230 2951 3919 3026">
     <span class='ocr_line' id='line_1_96' title="bbox 2230 2951 3919 3026; baseline 0.003 -17"><span class='ocrx_word' id='word_1_767' title='bbox 2230 2951 2400 3009; x_wconf 78' lang='grc' dir='ltr'>οἷκον</span> <span class='ocrx_word' id='word_1_768' title='bbox 2420 2957 2712 3026; x_wconf 81' lang='grc' dir='ltr'>ἐχόμενον</span> <span class='ocrx_word' id='word_1_769' title='bbox 2736 2954 2923 3023; x_wconf 77' lang='grc' dir='ltr'>αὐτῆς</span> <span class='ocrx_word' id='word_1_770' title='bbox 2965 2972 2981 2987; x_wconf 96' lang='grc'>⁸</span> <span class='ocrx_word' id='word_1_771' title='bbox 3010 2956 3313 3025; x_wconf 74' lang='grc' dir='ltr'>λήψονται</span> <span class='ocrx_word' id='word_1_772' title='bbox 3356 2957 3584 3024; x_wconf 76' lang='grc' dir='ltr'>ὀδύνην</span> <span class='ocrx_word' id='word_1_773' title='bbox 3632 2959 3782 3015; x_wconf 82' lang='grc' dir='ltr'>ἀνθ’</span> <span class='ocrx_word' id='word_1_774' title='bbox 3822 2957 3919 3014; x_wconf 82' lang='grc' dir='ltr'>ὧν</span> 
     </span>
    </p>
   </div>
   <div class='ocr_carea' id='block_1_97' title="bbox 2230 3044 3917 3116">
    <p class='ocr_par' dir='ltr' id='par_1_97' title="bbox 2230 3044 3917 3116">
     <span class='ocr_line' id='line_1_97' title="bbox 2230 3044 3917 3116; baseline 0.003 -18"><span class='ocrx_word' id='word_1_775' title='bbox 2230 3044 2631 3113; x_wconf 81' lang='grc' dir='ltr'>ᾠκοδόμησαν</span> <span class='ocrx_word' id='word_1_776' title='bbox 2656 3048 2744 3111; x_wconf 77' lang='grc' dir='ltr'>είς</span> <span class='ocrx_word' id='word_1_777' title='bbox 2780 3044 3181 3116; x_wconf 76' lang='grc' dir='ltr'>καταγέλωτα.</span> <span class='ocrx_word' id='word_1_778' title='bbox 3219 3045 3390 3099; x_wconf 86' lang='grc' dir='ltr'>Τοῦτο</span> <span class='ocrx_word' id='word_1_779' title='bbox 3423 3048 3648 3114; x_wconf 83' lang='grc' dir='ltr'>ἐγκαλεῖ</span> <span class='ocrx_word' id='word_1_780' title='bbox 3674 3050 3705 3101; x_wconf 89' lang='lat'>6</span> <span class='ocrx_word' id='word_1_781' title='bbox 3747 3049 3917 3113; x_wconf 76' lang='grc' dir='ltr'>Ἰεζε-</span> 
     </span>
    </p>
   </div>
   <div class='ocr_carea' id='block_1_98' title="bbox 2231 3131 3916 3207">
    <p class='ocr_par' dir='ltr' id='par_1_98' title="bbox 2231 3131 3916 3207">
     <span class='ocr_line' id='line_1_98' title="bbox 2231 3131 3916 3207; baseline 0.021 -25"><span class='ocrx_word' id='word_1_782' title='bbox 2231 3134 2376 3205; x_wconf 80' lang='grc' dir='ltr'>κιὴλ,</span> <span class='ocrx_word' id='word_1_783' title='bbox 2408 3136 2489 3187; x_wconf 80' lang='grc' dir='ltr'>ὅτι</span> <span class='ocrx_word' id='word_1_784' title='bbox 2513 3135 2574 3187; x_wconf 90' lang='grc' dir='ltr'>οὑ</span> <span class='ocrx_word' id='word_1_785' title='bbox 2608 3134 2974 3205; x_wconf 74' lang='grc' dir='ltr'>συνήλγησαν.</span> <span class='ocrx_word' id='word_1_786' title='bbox 3008 3136 3071 3187; x_wconf 89' lang='grc' dir='ltr'>Τί</span> <span class='ocrx_word' id='word_1_787' title='bbox 3100 3136 3296 3204; x_wconf 76' lang='grc' dir='ltr'>λέγεις.</span> <span class='ocrx_word' id='word_1_788' title='bbox 3324 3131 3369 3190; x_wconf 75' lang='grc' dir='ltr'><strong>ὦ</strong></span> <span class='ocrx_word' id='word_1_789' title='bbox 3401 3138 3685 3207; x_wconf 65' lang='grc' dir='ltr'>προφῆταί</span> <span class='ocrx_word' id='word_1_790' title='bbox 3724 3140 3750 3191; x_wconf 70' lang='grc' dir='ltr'>ὁ</span> <span class='ocrx_word' id='word_1_791' title='bbox 3771 3138 3916 3203; x_wconf 72' lang='grc' dir='ltr'>Θεὸς</span> 
     </span>
    </p>
   </div>
   <div class='ocr_carea' id='block_1_99' title="bbox 2231 3222 3911 3295">
    <p class='ocr_par' dir='ltr' id='par_1_99' title="bbox 2231 3222 3911 3295">
     <span class='ocr_line' id='line_1_99' title="bbox 2231 3222 3911 3295; baseline 0.002 -19"><span class='ocrx_word' id='word_1_792' title='bbox 2231 3223 2479 3290; x_wconf 73' lang='grc' dir='ltr'>κολάζει,</span> <span class='ocrx_word' id='word_1_793' title='bbox 2534 3222 2698 3288; x_wconf 81' lang='grc' dir='ltr'>κάγὼ.</span> <span class='ocrx_word' id='word_1_794' title='bbox 2740 3222 3064 3293; x_wconf 85' lang='grc' dir='ltr'>συναλγήσω</span> <span class='ocrx_word' id='word_1_795' title='bbox 3110 3227 3223 3288; x_wconf 86' lang='grc' dir='ltr'>τοῖς</span> <span class='ocrx_word' id='word_1_796' title='bbox 3274 3225 3684 3295; x_wconf 78' lang='grc' dir='ltr'>κολαζομένοις;</span> <span class='ocrx_word' id='word_1_797' title='bbox 3733 3226 3852 3279; x_wconf 85' lang='grc' dir='ltr'>Ναί</span> <span class='ocrx_word' id='word_1_798' title='bbox 3895 3244 3911 3256; x_wconf 91' lang='grc'>⁸</span> 
     </span>
    </p>
   </div>
   <div class='ocr_carea' id='block_1_100' title="bbox 2229 3310 3913 3384">
    <p class='ocr_par' dir='ltr' id='par_1_100' title="bbox 2229 3310 3913 3384">
     <span class='ocr_line' id='line_1_100' title="bbox 2229 3310 3913 3384; baseline 0.002 -20"><span class='ocrx_word' id='word_1_799' title='bbox 2229 3310 2388 3365; x_wconf 86' lang='grc' dir='ltr'>τοῦτο</span> <span class='ocrx_word' id='word_1_800' title='bbox 2409 3313 2516 3382; x_wconf 81' lang='grc' dir='ltr'>γὰρ</span> <span class='ocrx_word' id='word_1_801' title='bbox 2566 3312 2726 3375; x_wconf 80' lang='grc' dir='ltr'>αὑτὸς</span> <span class='ocrx_word' id='word_1_802' title='bbox 2772 3312 2801 3363; x_wconf 87' lang='lat'>6</span> <span class='ocrx_word' id='word_1_803' title='bbox 2841 3312 3084 3376; x_wconf 76' lang='grc' dir='ltr'>κολάζων</span> <span class='ocrx_word' id='word_1_804' title='bbox 3135 3313 3381 3383; x_wconf 85' lang='grc' dir='ltr'>βούλεται</span> <span class='ocrx_word' id='word_1_805' title='bbox 3406 3329 3421 3343; x_wconf 91' lang='grc'>⁸</span> <span class='ocrx_word' id='word_1_806' title='bbox 3450 3314 3564 3366; x_wconf 74' lang='grc' dir='ltr'>οὐδὲ</span> <span class='ocrx_word' id='word_1_807' title='bbox 3592 3312 3697 3384; x_wconf 70' lang='grc' dir='ltr'>γὰρ</span> <span class='ocrx_word' id='word_1_808' title='bbox 3728 3314 3913 3380; x_wconf 81' lang='grc' dir='ltr'>αὐτὸς</span> 
     </span>
    </p>
   </div>
   <div class='ocr_carea' id='block_1_101' title="bbox 2228 3397 3914 3472">
    <p class='ocr_par' dir='ltr' id='par_1_101' title="bbox 2228 3397 3914 3472">
     <span class='ocr_line' id='line_1_101' title="bbox 2228 3397 3914 3472; baseline 0.002 -18"><span class='ocrx_word' id='word_1_809' title='bbox 2228 3402 2413 3472; x_wconf 77' lang='grc' dir='ltr'>ἥδεται</span> <span class='ocrx_word' id='word_1_810' title='bbox 2436 3400 2699 3466; x_wconf 74' lang='grc' dir='ltr'>κολάζων,</span> <span class='ocrx_word' id='word_1_811' title='bbox 2733 3399 2871 3454; x_wconf 87' lang='grc' dir='ltr'>ἀλλὰ</span> <span class='ocrx_word' id='word_1_812' title='bbox 2904 3401 3137 3471; x_wconf 89' lang='grc' dir='ltr'>μάλιστα</span> <span class='ocrx_word' id='word_1_813' title='bbox 3162 3404 3256 3455; x_wconf 74' lang='grc' dir='ltr'>καὶ</span> <span class='ocrx_word' id='word_1_814' title='bbox 3278 3403 3446 3470; x_wconf 85' lang='grc' dir='ltr'>ἀλγεῖ.</span> <span class='ocrx_word' id='word_1_815' title='bbox 3472 3403 3620 3455; x_wconf 76' lang='grc' dir='ltr'>Ἐπεὶ</span> <span class='ocrx_word' id='word_1_816' title='bbox 3642 3397 3739 3456; x_wconf 82' lang='grc' dir='ltr'>οῦν</span> <span class='ocrx_word' id='word_1_817' title='bbox 3770 3404 3914 3458; x_wconf 83' lang='grc' dir='ltr'>οὑδέ</span> 
     </span>
    </p>
   </div>
   <div class='ocr_carea' id='block_1_102' title="bbox 2229 3489 3912 3565">
    <p class='ocr_par' dir='ltr' id='par_1_102' title="bbox 2229 3489 3912 3565">
     <span class='ocr_line' id='line_1_102' title="bbox 2229 3489 3912 3565; baseline 0.003 -21"><span class='ocrx_word' id='word_1_818' title='bbox 2229 3491 2392 3554; x_wconf 81' lang='grc' dir='ltr'>αὑτὸς</span> <span class='ocrx_word' id='word_1_819' title='bbox 2420 3490 2573 3563; x_wconf 74' lang='lat'>[5‘29]</span> <span class='ocrx_word' id='word_1_820' title='bbox 2598 3490 2950 3561; x_wconf 74' lang='grc' dir='ltr'>εὑφραίνεται</span> <span class='ocrx_word' id='word_1_821' title='bbox 2982 3493 3010 3545; x_wconf 86' lang='lat'>6</span> <span class='ocrx_word' id='word_1_822' title='bbox 3036 3489 3301 3556; x_wconf 77' lang='grc' dir='ltr'>κολάζων,</span> <span class='ocrx_word' id='word_1_823' title='bbox 3346 3491 3419 3562; x_wconf 77' lang='grc' dir='ltr'>μὴ</span> <span class='ocrx_word' id='word_1_824' title='bbox 3446 3492 3622 3545; x_wconf 84' lang='grc' dir='ltr'>τοίνυν</span> <span class='ocrx_word' id='word_1_825' title='bbox 3660 3493 3797 3565; x_wconf 84' lang='grc' dir='ltr'>μηδέ</span> <span class='ocrx_word' id='word_1_826' title='bbox 3838 3498 3912 3549; x_wconf 79' lang='grc' dir='ltr'>σὺ</span> 
     </span>
    </p>
   </div>
   <div class='ocr_carea' id='block_1_103' title="bbox 2233 3579 3913 3652">
    <p class='ocr_par' dir='ltr' id='par_1_103' title="bbox 2233 3579 3913 3652">
     <span class='ocr_line' id='line_1_103' title="bbox 2233 3579 3913 3652; baseline 0.003 -20"><span class='ocrx_word' id='word_1_827' title='bbox 2233 3580 2549 3651; x_wconf 73' lang='grc' dir='ltr'>εὐφραίνου.</span> <span class='ocrx_word' id='word_1_828' title='bbox 2586 3579 2739 3633; x_wconf 81' lang='grc' dir='ltr'>Ἀλλ’</span> <span class='ocrx_word' id='word_1_829' title='bbox 2769 3580 2816 3633; x_wconf 86' lang='grc' dir='ltr'>εί</span> <span class='ocrx_word' id='word_1_830' title='bbox 2857 3581 3101 3649; x_wconf 88' lang='grc' dir='ltr'>δικαίως,</span> <span class='ocrx_word' id='word_1_831' title='bbox 3150 3582 3306 3652; x_wconf 72' lang='grc' dir='ltr'>φησὶ,</span> <span class='ocrx_word' id='word_1_832' title='bbox 3347 3581 3686 3646; x_wconf 80' lang='grc' dir='ltr'>κολάζονται,</span> <span class='ocrx_word' id='word_1_833' title='bbox 3720 3584 3783 3637; x_wconf 91' lang='grc' dir='ltr'>οὑ</span> <span class='ocrx_word' id='word_1_834' title='bbox 3824 3584 3913 3636; x_wconf 87' lang='grc' dir='ltr'>δεῖ</span> 
     </span>
    </p>
   </div>
   <div class='ocr_carea' id='block_1_104' title="bbox 2227 3668 3912 3740">
    <p class='ocr_par' dir='ltr' id='par_1_104' title="bbox 2227 3668 3912 3740">
     <span class='ocr_line' id='line_1_104' title="bbox 2227 3668 3912 3740; baseline 0.003 -19"><span class='ocrx_word' id='word_1_835' title='bbox 2227 3669 2433 3737; x_wconf 87' lang='grc' dir='ltr'>ἀλγεῖν.</span> <span class='ocrx_word' id='word_1_836' title='bbox 2470 3668 2579 3722; x_wconf 72' lang='grc' dir='ltr'>Καὶ</span> <span class='ocrx_word' id='word_1_837' title='bbox 2623 3668 2729 3740; x_wconf 77' lang='grc' dir='ltr'>μὴν</span> <span class='ocrx_word' id='word_1_838' title='bbox 2771 3668 2858 3722; x_wconf 86' lang='grc' dir='ltr'>διὰ</span> <span class='ocrx_word' id='word_1_839' title='bbox 2895 3669 3055 3722; x_wconf 85' lang='grc' dir='ltr'>τοῦτο</span> <span class='ocrx_word' id='word_1_840' title='bbox 3090 3670 3172 3722; x_wconf 85' lang='grc' dir='ltr'>δεῖ</span> <span class='ocrx_word' id='word_1_841' title='bbox 3206 3670 3415 3736; x_wconf 87' lang='grc' dir='ltr'>ἀλγεῖν,</span> <span class='ocrx_word' id='word_1_842' title='bbox 3448 3671 3529 3723; x_wconf 79' lang='grc' dir='ltr'>ὅτι</span> <span class='ocrx_word' id='word_1_843' title='bbox 3572 3670 3709 3735; x_wconf 76' lang='grc' dir='ltr'>ἄξιοι</span> <span class='ocrx_word' id='word_1_844' title='bbox 3741 3672 3912 3726; x_wconf 80' lang='grc' dir='ltr'>κολά-</span> 
     </span>
    </p>
   </div>
   <div class='ocr_carea' id='block_1_105' title="bbox 2230 3756 3910 3832">
    <p class='ocr_par' dir='ltr' id='par_1_105' title="bbox 2230 3756 3910 3832">
     <span class='ocr_line' id='line_1_105' title="bbox 2230 3756 3910 3832; baseline 0.002 -21"><span class='ocrx_word' id='word_1_845' title='bbox 2230 3775 2368 3821; x_wconf 89' lang='grc' dir='ltr'>σεως</span> <span class='ocrx_word' id='word_1_846' title='bbox 2396 3758 2695 3828; x_wconf 77' lang='grc' dir='ltr'>ἐφάνησαν.</span> <span class='ocrx_word' id='word_1_847' title='bbox 2731 3756 2866 3810; x_wconf 83' lang='grc' dir='ltr'><strong>Εἰπὲ</strong></span> <span class='ocrx_word' id='word_1_848' title='bbox 2889 3756 2950 3828; x_wconf 85' lang='grc' dir='ltr'>δή</span> <span class='ocrx_word' id='word_1_849' title='bbox 2990 3776 3100 3829; x_wconf 90' lang='grc' dir='ltr'>μοι,</span> <span class='ocrx_word' id='word_1_850' title='bbox 3130 3759 3255 3812; x_wconf 81' lang='grc' dir='ltr'>ὅταν</span> <span class='ocrx_word' id='word_1_851' title='bbox 3290 3759 3408 3832; x_wconf 84' lang='grc' dir='ltr'>ῖδῃς</span> <span class='ocrx_word' id='word_1_852' title='bbox 3426 3760 3519 3813; x_wconf 85' lang='grc' dir='ltr'>τὸν</span> <span class='ocrx_word' id='word_1_853' title='bbox 3545 3760 3658 3811; x_wconf 77' lang='grc' dir='ltr'>υἱον</span> <span class='ocrx_word' id='word_1_854' title='bbox 3684 3759 3774 3811; x_wconf 79' lang='grc' dir='ltr'>τὸν</span> <span class='ocrx_word' id='word_1_855' title='bbox 3810 3759 3910 3814; x_wconf 73' lang='grc' dir='ltr'>σὺν</span> 
     </span>
    </p>
   </div>
   <div class='ocr_carea' id='block_1_106' title="bbox 2227 3847 3908 3920">
    <p class='ocr_par' dir='ltr' id='par_1_106' title="bbox 2227 3847 3908 3920">
     <span class='ocr_line' id='line_1_106' title="bbox 2227 3847 3908 3920; baseline 0 -18"><span class='ocrx_word' id='word_1_856' title='bbox 2227 3849 2571 3919; x_wconf 83' lang='grc' dir='ltr'>καιόμενονῆ</span> <span class='ocrx_word' id='word_1_857' title='bbox 2600 3851 2954 3919; x_wconf 86' lang='grc' dir='ltr'>τεμνόμενον,</span> <span class='ocrx_word' id='word_1_858' title='bbox 3004 3848 3079 3920; x_wconf 79' lang='grc' dir='ltr'>μὴ</span> <span class='ocrx_word' id='word_1_859' title='bbox 3124 3850 3223 3902; x_wconf 88' lang='grc' dir='ltr'>οὑκ</span> <span class='ocrx_word' id='word_1_860' title='bbox 3262 3848 3481 3916; x_wconf 85' lang='grc' dir='ltr'>ἀλγεῖς;</span> <span class='ocrx_word' id='word_1_861' title='bbox 3526 3847 3760 3917; x_wconf 75' lang='grc' dir='ltr'>Εὑδηλον</span> <span class='ocrx_word' id='word_1_862' title='bbox 3792 3849 3908 3912; x_wconf 82' lang='grc' dir='ltr'>ὅτι,</span> 
     </span>
    </p>
   </div>
   <div class='ocr_carea' id='block_1_107' title="bbox 2226 3935 3908 4010">
    <p class='ocr_par' dir='ltr' id='par_1_107' title="bbox 2226 3935 3908 4010">
     <span class='ocr_line' id='line_1_107' title="bbox 2226 3935 3908 4010; baseline 0.002 -20"><span class='ocrx_word' id='word_1_863' title='bbox 2226 3938 2322 3990; x_wconf 75' lang='grc' dir='ltr'>καὶ</span> <span class='ocrx_word' id='word_1_864' title='bbox 2348 3937 2409 3990; x_wconf 90' lang='grc' dir='ltr'>οὑ</span> <span class='ocrx_word' id='word_1_865' title='bbox 2438 3935 2615 4005; x_wconf 90' lang='grc' dir='ltr'>λέγεις</span> <span class='ocrx_word' id='word_1_866' title='bbox 2651 3935 2788 4007; x_wconf 82' lang='grc' dir='ltr'>πρὸς</span> <span class='ocrx_word' id='word_1_867' title='bbox 2815 3936 3038 3990; x_wconf 89' lang='grc' dir='ltr'>σεαυτόν</span> <span class='ocrx_word' id='word_1_868' title='bbox 3072 3952 3086 3967; x_wconf 97' lang='grc'>⁸</span> <span class='ocrx_word' id='word_1_869' title='bbox 3118 3937 3182 3989; x_wconf 90' lang='grc' dir='ltr'>Τί</span> <span class='ocrx_word' id='word_1_870' title='bbox 3208 3935 3401 4001; x_wconf 88' lang='grc' dir='ltr'>τοῦτο;</span> <span class='ocrx_word' id='word_1_871' title='bbox 3453 3937 3597 4007; x_wconf 83' lang='grc' dir='ltr'>Πρὸς</span> <span class='ocrx_word' id='word_1_872' title='bbox 3626 3937 3841 4005; x_wconf 88' lang='grc' dir='ltr'>ὑγίειαν</span> <span class='ocrx_word' id='word_1_873' title='bbox 3873 3941 3908 4010; x_wconf 76' lang='grc' dir='ltr'>ἡ</span> 
     </span>
    </p>
   </div>
   <div class='ocr_carea' id='block_1_108' title="bbox 2225 4023 3911 4097">
    <p class='ocr_par' dir='ltr' id='par_1_108' title="bbox 2225 4023 3911 4097">
     <span class='ocr_line' id='line_1_108' title="bbox 2225 4023 3911 4097; baseline 0.001 -19"><span class='ocrx_word' id='word_1_874' title='bbox 2225 4023 2366 4096; x_wconf 82' lang='grc' dir='ltr'>τομὴ</span> <span class='ocrx_word' id='word_1_875' title='bbox 2400 4023 2606 4094; x_wconf 86' lang='grc' dir='ltr'>βλέπει,</span> <span class='ocrx_word' id='word_1_876' title='bbox 2648 4024 2789 4097; x_wconf 85' lang='grc' dir='ltr'>ὑπὲρ</span> <span class='ocrx_word' id='word_1_877' title='bbox 2838 4024 3158 4095; x_wconf 83' lang='grc' dir='ltr'>ἀπαλλαγῆς</span> <span class='ocrx_word' id='word_1_878' title='bbox 3204 4026 3352 4079; x_wconf 88' lang='grc' dir='ltr'>ἐστιν</span> <span class='ocrx_word' id='word_1_879' title='bbox 3400 4026 3434 4097; x_wconf 88' lang='grc' dir='ltr'>ή</span> <span class='ocrx_word' id='word_1_880' title='bbox 3475 4024 3674 4089; x_wconf 79' lang='grc' dir='ltr'>καῦσις</span> <span class='ocrx_word' id='word_1_881' title='bbox 3720 4040 3733 4054; x_wconf 93' lang='grc'>⁸</span> <span class='ocrx_word' id='word_1_882' title='bbox 3774 4027 3911 4080; x_wconf 84' lang='grc' dir='ltr'>ἀλλ’</span> 
     </span>
    </p>
   </div>
   <div class='ocr_carea' id='block_1_109' title="bbox 2224 4111 3911 4184">
    <p class='ocr_par' dir='ltr' id='par_1_109' title="bbox 2224 4111 3911 4184">
     <span class='ocr_line' id='line_1_109' title="bbox 2224 4111 3911 4184; baseline 0.002 -20"><span class='ocrx_word' id='word_1_883' title='bbox 2224 4112 2372 4182; x_wconf 83' lang='grc' dir='ltr'>ὅμως</span> <span class='ocrx_word' id='word_1_884' title='bbox 2403 4113 2535 4167; x_wconf 86' lang='grc' dir='ltr'>ὅταν</span> <span class='ocrx_word' id='word_1_885' title='bbox 2561 4111 2803 4184; x_wconf 89' lang='grc' dir='ltr'>ἀκούσῃς</span> <span class='ocrx_word' id='word_1_886' title='bbox 2847 4112 3211 4179; x_wconf 75' lang='grc' dir='ltr'>ὑλολύζοντος,</span> <span class='ocrx_word' id='word_1_887' title='bbox 3258 4114 3320 4167; x_wconf 92' lang='grc' dir='ltr'>οὑ</span> <span class='ocrx_word' id='word_1_888' title='bbox 3358 4114 3619 4184; x_wconf 76' lang='grc' dir='ltr'>φέροντος</span> <span class='ocrx_word' id='word_1_889' title='bbox 3651 4113 3756 4177; x_wconf 76' lang='grc' dir='ltr'>τὰς</span> <span class='ocrx_word' id='word_1_890' title='bbox 3781 4114 3911 4167; x_wconf 74' lang='lat'><em>666-</em></span> 
     </span>
    </p>
   </div>
   <div class='ocr_carea' id='block_1_110' title="bbox 2225 4198 3909 4281">
    <p class='ocr_par' dir='ltr' id='par_1_110' title="bbox 2225 4198 3909 4281">
     <span class='ocr_line' id='line_1_110' title="bbox 2225 4198 3909 4281; baseline 0.003 -30"><span class='ocrx_word' id='word_1_891' title='bbox 2225 4215 2341 4281; x_wconf 83' lang='grc' dir='ltr'>νας,</span> <span class='ocrx_word' id='word_1_892' title='bbox 2367 4198 2569 4267; x_wconf 86' lang='grc' dir='ltr'>ἀλγεῖς,</span> <span class='ocrx_word' id='word_1_893' title='bbox 2596 4201 2690 4252; x_wconf 75' lang='grc' dir='ltr'>καὶ</span> <span class='ocrx_word' id='word_1_894' title='bbox 2713 4200 2812 4271; x_wconf 91' lang='grc' dir='ltr'>οὑχ</span> <span class='ocrx_word' id='word_1_895' title='bbox 2853 4201 3011 4272; x_wconf 77' lang='grc' dir='ltr'>ἱκανὴ</span> <span class='ocrx_word' id='word_1_896' title='bbox 3042 4202 3074 4272; x_wconf 85' lang='grc' dir='ltr'>ή</span> <span class='ocrx_word' id='word_1_897' title='bbox 3100 4200 3202 4271; x_wconf 81' lang='grc' dir='ltr'>τῆς</span> <span class='ocrx_word' id='word_1_898' title='bbox 3235 4201 3445 4269; x_wconf 80' lang='grc' dir='ltr'>ὑγιείας</span> <span class='ocrx_word' id='word_1_899' title='bbox 3478 4199 3633 4264; x_wconf 72' lang='grc' dir='ltr'>ἐλπὶς</span> <span class='ocrx_word' id='word_1_900' title='bbox 3673 4201 3909 4269; x_wconf 69' lang='grc' dir='ltr'>ἀφελεῖν</span> 
     </span>
    </p>
   </div>
   <div class='ocr_carea' id='block_1_111' title="bbox 2228 4287 3908 4358">
    <p class='ocr_par' dir='ltr' id='par_1_111' title="bbox 2228 4287 3908 4358">
     <span class='ocr_line' id='line_1_111' title="bbox 2228 4287 3908 4358; baseline 0.002 -19"><span class='ocrx_word' id='word_1_901' title='bbox 2228 4287 2332 4357; x_wconf 80' lang='grc' dir='ltr'>τὴν</span> <span class='ocrx_word' id='word_1_902' title='bbox 2376 4287 2639 4356; x_wconf 90' lang='grc' dir='ltr'>σύγχυσιν</span> <span class='ocrx_word' id='word_1_903' title='bbox 2674 4287 2775 4358; x_wconf 81' lang='grc' dir='ltr'>τῆς</span> <span class='ocrx_word' id='word_1_904' title='bbox 2821 4288 3055 4358; x_wconf 84' lang='grc' dir='ltr'>φύσεως.</span> <span class='ocrx_word' id='word_1_905' title='bbox 3091 4288 3247 4343; x_wconf 86' lang='grc' dir='ltr'>Οῦτω</span> <span class='ocrx_word' id='word_1_906' title='bbox 3292 4291 3382 4343; x_wconf 75' lang='grc' dir='ltr'>καὶ</span> <span class='ocrx_word' id='word_1_907' title='bbox 3410 4291 3501 4342; x_wconf 75' lang='grc' dir='ltr'>ἐπὶ</span> <span class='ocrx_word' id='word_1_908' title='bbox 3528 4289 3757 4353; x_wconf 82' lang='grc' dir='ltr'>τούτων,</span> <span class='ocrx_word' id='word_1_909' title='bbox 3797 4292 3908 4343; x_wconf 75' lang='grc' dir='ltr'>κᾶν</span> 
     </span>
    </p>
   </div>
   <div class='ocr_carea' id='block_1_112' title="bbox 2225 4376 3908 4450">
    <p class='ocr_par' dir='ltr' id='par_1_112' title="bbox 2225 4376 3908 4450">
     <span class='ocr_line' id='line_1_112' title="bbox 2225 4376 3908 4450; baseline 0.003 -21"><span class='ocrx_word' id='word_1_910' title='bbox 2225 4379 2306 4441; x_wconf 88' lang='grc' dir='ltr'>είς</span> <span class='ocrx_word' id='word_1_911' title='bbox 2333 4376 2520 4445; x_wconf 82' lang='grc' dir='ltr'>ὑγείαν</span> <span class='ocrx_word' id='word_1_912' title='bbox 2563 4377 2923 4446; x_wconf 79' lang='grc' dir='ltr'>κολάζωνται,</span> <span class='ocrx_word' id='word_1_913' title='bbox 2951 4380 3098 4450; x_wconf 83' lang='grc' dir='ltr'>ὅμως</span> <span class='ocrx_word' id='word_1_914' title='bbox 3136 4379 3428 4450; x_wconf 83' lang='grc' dir='ltr'>ἀδελφικὴν</span> <span class='ocrx_word' id='word_1_915' title='bbox 3466 4377 3908 4449; x_wconf 84' lang='grc' dir='ltr'>ἐπιδεικνύωμεν</span> 
     </span>
    </p>
   </div>
   <div class='ocr_carea' id='block_1_113' title="bbox 2225 4470 3904 4544">
    <p class='ocr_par' dir='ltr' id='par_1_113' title="bbox 2225 4470 3904 4544">
     <span class='ocr_line' id='line_1_113' title="bbox 2225 4470 3904 4544; baseline 0 -20"><span class='ocrx_word' id='word_1_916' title='bbox 2225 4472 2387 4542; x_wconf 83' lang='grc' dir='ltr'>ἡμεῖς</span> <span class='ocrx_word' id='word_1_917' title='bbox 2417 4472 2734 4542; x_wconf 88' lang='grc' dir='ltr'>προαίρεσιν</span> <span class='ocrx_word' id='word_1_918' title='bbox 2761 4473 2860 4525; x_wconf 80' lang='grc' dir='ltr'>ἐπ’</span> <span class='ocrx_word' id='word_1_919' title='bbox 2885 4472 3102 4535; x_wconf 86' lang='grc' dir='ltr'>αὑτοὺς,</span> <span class='ocrx_word' id='word_1_920' title='bbox 3144 4470 3284 4544; x_wconf 81' lang='grc' dir='ltr'>[καὶ]</span> <span class='ocrx_word' id='word_1_921' title='bbox 3335 4472 3611 4541; x_wconf 83' lang='grc' dir='ltr'>πατρικὴν</span> <span class='ocrx_word' id='word_1_922' title='bbox 3632 4471 3904 4525; x_wconf 86' lang='grc' dir='ltr'>διάθεσιν.</span> 
     </span>
    </p>
   </div>
   <div class='ocr_carea' id='block_1_114' title="bbox 2226 4556 3910 4632">
    <p class='ocr_par' dir='ltr' id='par_1_114' title="bbox 2226 4556 3910 4632">
     <span class='ocr_line' id='line_1_114' title="bbox 2226 4556 3910 4632; baseline -0.001 -19"><span class='ocrx_word' id='word_1_923' title='bbox 2226 4560 2405 4630; x_wconf 73' lang='grc' dir='ltr'>Τομαὶ</span> <span class='ocrx_word' id='word_1_924' title='bbox 2428 4561 2521 4614; x_wconf 75' lang='grc' dir='ltr'>καὶ</span> <span class='ocrx_word' id='word_1_925' title='bbox 2548 4560 2771 4624; x_wconf 90' lang='grc' dir='ltr'>καύσεις</span> <span class='ocrx_word' id='word_1_926' title='bbox 2792 4562 2930 4614; x_wconf 78' lang='grc' dir='ltr'>εἰσὶν</span> <span class='ocrx_word' id='word_1_927' title='bbox 2954 4561 3009 4613; x_wconf 80' lang='grc' dir='ltr'>αἱ</span> <span class='ocrx_word' id='word_1_928' title='bbox 3037 4562 3301 4632; x_wconf 88' lang='grc' dir='ltr'>τιμωρίαι</span> <span class='ocrx_word' id='word_1_929' title='bbox 3324 4558 3417 4612; x_wconf 84' lang='grc' dir='ltr'>τοῦ</span> <span class='ocrx_word' id='word_1_930' title='bbox 3446 4556 3581 4628; x_wconf 70' lang='grc' dir='ltr'>Θεοῦ</span> <span class='ocrx_word' id='word_1_931' title='bbox 3613 4575 3625 4588; x_wconf 88' lang='grc'>⁸</span> <span class='ocrx_word' id='word_1_932' title='bbox 3652 4559 3794 4612; x_wconf 81' lang='grc' dir='ltr'>ἀλλά</span> <span class='ocrx_word' id='word_1_933' title='bbox 3814 4560 3910 4612; x_wconf 76' lang='grc' dir='ltr'>διὰ</span> 
     </span>
    </p>
   </div>
   <div class='ocr_carea' id='block_1_115' title="bbox 2224 4647 3909 4720">
    <p class='ocr_par' dir='ltr' id='par_1_115' title="bbox 2224 4647 3909 4720">
     <span class='ocr_line' id='line_1_115' title="bbox 2224 4647 3909 4720; baseline -0.002 -19"><span class='ocrx_word' id='word_1_934' title='bbox 2224 4650 2382 4702; x_wconf 89' lang='grc' dir='ltr'>τοῦτο</span> <span class='ocrx_word' id='word_1_935' title='bbox 2431 4648 2716 4720; x_wconf 83' lang='grc' dir='ltr'>ὀφείλομεν</span> <span class='ocrx_word' id='word_1_936' title='bbox 2776 4648 3005 4713; x_wconf 87' lang='grc' dir='ltr'>κλαίειν,</span> <span class='ocrx_word' id='word_1_937' title='bbox 3060 4650 3143 4703; x_wconf 83' lang='grc' dir='ltr'>ὅτι</span> <span class='ocrx_word' id='word_1_938' title='bbox 3202 4650 3485 4719; x_wconf 84' lang='grc' dir='ltr'>ἐνόσησαν,</span> <span class='ocrx_word' id='word_1_939' title='bbox 3526 4648 3609 4700; x_wconf 87' lang='grc' dir='ltr'>δτι</span> <span class='ocrx_word' id='word_1_940' title='bbox 3638 4647 3909 4716; x_wconf 78' lang='grc' dir='ltr'>τοιαύτης</span> 
     </span>
    </p>
   </div>
   <div class='ocr_carea' id='block_1_116' title="bbox 2225 4736 3907 4810">
    <p class='ocr_par' dir='ltr' id='par_1_116' title="bbox 2225 4736 3907 4810">
     <span class='ocr_line' id='line_1_116' title="bbox 2225 4736 3907 4810; baseline -0.001 -20"><span class='ocrx_word' id='word_1_941' title='bbox 2225 4736 2522 4809; x_wconf 89' lang='grc' dir='ltr'>ἐδεήθησαν</span> <span class='ocrx_word' id='word_1_942' title='bbox 2589 4737 2852 4810; x_wconf 79' lang='grc' dir='ltr'>ἰατρείας.</span> <span class='ocrx_word' id='word_1_943' title='bbox 2915 4738 3042 4792; x_wconf 87' lang='grc' dir='ltr'>Ἐάν</span> <span class='ocrx_word' id='word_1_944' title='bbox 3096 4755 3181 4799; x_wconf 86' lang='grc' dir='ltr'>τις</span> <span class='ocrx_word' id='word_1_945' title='bbox 3224 4739 3317 4790; x_wconf 77' lang='grc' dir='ltr'>ἐπὶ</span> <span class='ocrx_word' id='word_1_946' title='bbox 3379 4736 3663 4805; x_wconf 83' lang='grc' dir='ltr'>στεφάνοις</span> <span class='ocrx_word' id='word_1_947' title='bbox 3726 4736 3907 4789; x_wconf 81' lang='grc' dir='ltr'>ταῦτα</span> 
     </span>
    </p>
   </div>
   <div class='ocr_carea' id='block_1_117' title="bbox 2226 4822 3905 4897">
    <p class='ocr_par' dir='ltr' id='par_1_117' title="bbox 2226 4822 3905 4897">
     <span class='ocr_line' id='line_1_117' title="bbox 2226 4822 3905 4897; baseline -0.002 -18"><span class='ocrx_word' id='word_1_948' title='bbox 2226 4825 2433 4896; x_wconf 88' lang='grc' dir='ltr'>πάσχῃ,</span> <span class='ocrx_word' id='word_1_949' title='bbox 2459 4824 2581 4878; x_wconf 90' lang='grc' dir='ltr'>τότε</span> <span class='ocrx_word' id='word_1_950' title='bbox 2614 4825 2688 4897; x_wconf 87' lang='grc' dir='ltr'>μὴ</span> <span class='ocrx_word' id='word_1_951' title='bbox 2716 4826 2892 4894; x_wconf 82' lang='grc' dir='ltr'>ἄλγει,</span> <span class='ocrx_word' id='word_1_952' title='bbox 2920 4822 3029 4879; x_wconf 75' lang='grc' dir='ltr'>οἷον</span> <span class='ocrx_word' id='word_1_953' title='bbox 3051 4825 3126 4889; x_wconf 86' lang='grc' dir='ltr'>ὡς</span> <span class='ocrx_word' id='word_1_954' title='bbox 3146 4824 3375 4888; x_wconf 87' lang='grc' dir='ltr'>Παῦλος,</span> <span class='ocrx_word' id='word_1_955' title='bbox 3407 4823 3481 4887; x_wconf 85' lang='grc' dir='ltr'>ὡς</span> <span class='ocrx_word' id='word_1_956' title='bbox 3501 4823 3711 4895; x_wconf 86' lang='grc' dir='ltr'>Πέτρος</span> <span class='ocrx_word' id='word_1_957' title='bbox 3730 4840 3744 4852; x_wconf 90' lang='grc'>⁸</span> <span class='ocrx_word' id='word_1_958' title='bbox 3773 4824 3905 4876; x_wconf 77' lang='grc' dir='ltr'>ὅταν</span> 
     </span>
    </p>
   </div>
   <div class='ocr_carea' id='block_1_118' title="bbox 2223 4911 3906 4986">
    <p class='ocr_par' dir='ltr' id='par_1_118' title="bbox 2223 4911 3906 4986">
     <span class='ocr_line' id='line_1_118' title="bbox 2223 4911 3906 4986; baseline -0.002 -20"><span class='ocrx_word' id='word_1_959' title='bbox 2223 4912 2281 4966; x_wconf 84' lang='grc' dir='ltr'>δέ</span> <span class='ocrx_word' id='word_1_960' title='bbox 2312 4914 2406 4966; x_wconf 74' lang='grc' dir='ltr'>ἐπὶ</span> <span class='ocrx_word' id='word_1_961' title='bbox 2433 4912 2673 4985; x_wconf 76' lang='grc' dir='ltr'>τιμωρίᾳ</span> <span class='ocrx_word' id='word_1_962' title='bbox 2706 4913 2827 4984; x_wconf 88' lang='grc' dir='ltr'>τίνῃ</span> <span class='ocrx_word' id='word_1_963' title='bbox 2853 4913 3032 4986; x_wconf 85' lang='grc' dir='ltr'>δίκην,</span> <span class='ocrx_word' id='word_1_964' title='bbox 3069 4914 3191 4967; x_wconf 82' lang='grc' dir='ltr'>τότε</span> <span class='ocrx_word' id='word_1_965' title='bbox 3218 4913 3512 4983; x_wconf 88' lang='grc' dir='ltr'>δάκρυσον,</span> <span class='ocrx_word' id='word_1_966' title='bbox 3546 4911 3671 4964; x_wconf 87' lang='grc' dir='ltr'>τότε</span> <span class='ocrx_word' id='word_1_967' title='bbox 3708 4911 3906 4964; x_wconf 69' lang='grc' dir='ltr'>στέναο</span> 
     </span>
    </p>
   </div>
   <div class='ocr_carea' id='block_1_119' title="bbox 2225 4997 3905 5073">
    <p class='ocr_par' dir='ltr' id='par_1_119' title="bbox 2225 4997 3905 5073">
     <span class='ocr_line' id='line_1_119' title="bbox 2225 4997 3905 5073; baseline -0.001 -19"><span class='ocrx_word' id='word_1_968' title='bbox 2225 5000 2336 5068; x_wconf 82' lang='grc' dir='ltr'>ξον.</span> <span class='ocrx_word' id='word_1_969' title='bbox 2360 5001 2602 5054; x_wconf 87' lang='grc' dir='ltr'>Τοιοῦτοι</span> <span class='ocrx_word' id='word_1_970' title='bbox 2631 4997 2769 5073; x_wconf 81' lang='grc' dir='ltr'>ἦσαν</span> <span class='ocrx_word' id='word_1_971' title='bbox 2807 5002 2858 5055; x_wconf 88' lang='grc' dir='ltr'>οί</span> <span class='ocrx_word' id='word_1_972' title='bbox 2889 5002 3187 5071; x_wconf 78' lang='grc' dir='ltr'>προφῆται.</span> <span class='ocrx_word' id='word_1_973' title='bbox 3213 5003 3307 5055; x_wconf 82' lang='grc' dir='ltr'>Διὸ</span> <span class='ocrx_word' id='word_1_974' title='bbox 3341 5002 3433 5055; x_wconf 88' lang='grc' dir='ltr'>καί</span> <span class='ocrx_word' id='word_1_975' title='bbox 3464 5018 3545 5063; x_wconf 89' lang='grc' dir='ltr'>τις</span> <span class='ocrx_word' id='word_1_976' title='bbox 3579 5000 3767 5053; x_wconf 86' lang='grc' dir='ltr'>αὑτῶν</span> <span class='ocrx_word' id='word_1_977' title='bbox 3788 5000 3905 5053; x_wconf 79' lang='grc' dir='ltr'>ἐλε-</span> 
     </span>
    </p>
   </div>
   <div class='ocr_carea' id='block_1_120' title="bbox 2224 5086 3906 5159">
    <p class='ocr_par' dir='ltr' id='par_1_120' title="bbox 2224 5086 3906 5159">
     <span class='ocr_line' id='line_1_120' title="bbox 2224 5086 3906 5159; baseline -0.002 -18"><span class='ocrx_word' id='word_1_978' title='bbox 2224 5104 2318 5157; x_wconf 91' lang='grc' dir='ltr'>γεν</span> <span class='ocrx_word' id='word_1_979' title='bbox 2353 5106 2366 5120; x_wconf 93' lang='grc'>⁸</span> <span class='ocrx_word' id='word_1_980' title='bbox 2404 5090 2591 5158; x_wconf 80' lang='grc' dir='ltr'>Οῖμοι,</span> <span class='ocrx_word' id='word_1_981' title='bbox 2628 5090 2826 5157; x_wconf 84' lang='grc' dir='ltr'>Κύριε,</span> <span class='ocrx_word' id='word_1_982' title='bbox 2880 5089 3222 5159; x_wconf 69' lang='grc' dir='ltr'>ἐξαλείφεις</span> <span class='ocrx_word' id='word_1_983' title='bbox 3280 5089 3362 5143; x_wconf 86' lang='grc' dir='ltr'>σὺ</span> <span class='ocrx_word' id='word_1_984' title='bbox 3424 5088 3489 5142; x_wconf 83' lang='grc' dir='ltr'>τὸ</span> <span class='ocrx_word' id='word_1_985' title='bbox 3524 5086 3906 5151; x_wconf 75' lang='grc' dir='ltr'>κατάλοιπον</span> 
     </span>
    </p>
   </div>
   <div class='ocr_carea' id='block_1_121' title="bbox 2222 5174 3901 5249">
    <p class='ocr_par' dir='ltr' id='par_1_121' title="bbox 2222 5174 3901 5249">
     <span class='ocr_line' id='line_1_121' title="bbox 2222 5174 3901 5249; baseline 0.006 -20"><span class='ocrx_word' id='word_1_986' title='bbox 2222 5174 2331 5230; x_wconf 87' lang='grc' dir='ltr'>τοῦ</span> <span class='ocrx_word' id='word_1_987' title='bbox 2380 5176 2656 5246; x_wconf 82' lang='grc' dir='ltr'>ἰσραήλ;</span> <span class='ocrx_word' id='word_1_988' title='bbox 2707 5178 3091 5249; x_wconf 76' lang='grc' dir='ltr'>Ἀνδροφόνους</span> <span class='ocrx_word' id='word_1_989' title='bbox 3128 5176 3368 5247; x_wconf 85' lang='grc' dir='ltr'>ὁρῶμεν,</span> <span class='ocrx_word' id='word_1_990' title='bbox 3411 5175 3640 5247; x_wconf 70' lang='grc' dir='ltr'>μιαροὺς</span> <span class='ocrx_word' id='word_1_991' title='bbox 3670 5175 3901 5246; x_wconf 78' lang='grc' dir='ltr'>ἄνδρας,</span> 
     </span>
    </p>
   </div>
   <div class='ocr_carea' id='block_1_122' title="bbox 2223 5262 3901 5337">
    <p class='ocr_par' dir='ltr' id='par_1_122' title="bbox 2223 5262 3901 5337">
     <span class='ocr_line' id='line_1_122' title="bbox 2223 5262 3901 5337; baseline -0.002 -18"><span class='ocrx_word' id='word_1_992' title='bbox 2223 5265 2619 5336; x_wconf 70' lang='grc' dir='ltr'>κολαζομένους</span> <span class='ocrx_word' id='word_1_993' title='bbox 2656 5266 2917 5330; x_wconf 86' lang='grc' dir='ltr'>πολλάκις</span> <span class='ocrx_word' id='word_1_994' title='bbox 2940 5306 2955 5332; x_wconf 90' lang='grc'>,</span> <span class='ocrx_word' id='word_1_995' title='bbox 2991 5268 3087 5321; x_wconf 78' lang='grc' dir='ltr'>καὶ</span> <span class='ocrx_word' id='word_1_996' title='bbox 3133 5265 3441 5337; x_wconf 88' lang='grc' dir='ltr'>δακνόμεθα</span> <span class='ocrx_word' id='word_1_997' title='bbox 3476 5264 3569 5317; x_wconf 74' lang='grc' dir='ltr'>καὶ</span> <span class='ocrx_word' id='word_1_998' title='bbox 3598 5262 3901 5332; x_wconf 83' lang='grc' dir='ltr'>ἀλγοῦμεν.</span> 
     </span>
    </p>
   </div>
   <div class='ocr_carea' id='block_1_123' title="bbox 2222 5350 3903 5427">
    <p class='ocr_par' dir='ltr' id='par_1_123' title="bbox 2222 5350 3903 5427">
     <span class='ocr_line' id='line_1_123' title="bbox 2222 5350 3903 5427; baseline -0.005 -17"><span class='ocrx_word' id='word_1_999' title='bbox 2222 5355 2315 5427; x_wconf 82' lang='grc' dir='ltr'>Μή</span> <span class='ocrx_word' id='word_1_1000' title='bbox 2340 5355 2482 5426; x_wconf 84' lang='grc' dir='ltr'>ὑπὲρ</span> <span class='ocrx_word' id='word_1_1001' title='bbox 2506 5355 2566 5409; x_wconf 80' lang='grc' dir='ltr'>τὸ</span> <span class='ocrx_word' id='word_1_1002' title='bbox 2597 5354 2792 5426; x_wconf 86' lang='grc' dir='ltr'>μέτρον</span> <span class='ocrx_word' id='word_1_1003' title='bbox 2826 5354 2845 5393; x_wconf 70' lang='grc' dir='ltr'>ί</span> <span class='ocrx_word' id='word_1_1004' title='bbox 2868 5350 3314 5425; x_wconf 77' lang='grc' dir='ltr'>φιλόσοφοιῶμεν</span> <span class='ocrx_word' id='word_1_1005' title='bbox 3344 5372 3357 5385; x_wconf 84' lang='grc'>⁸</span> <span class='ocrx_word' id='word_1_1006' title='bbox 3386 5353 3681 5423; x_wconf 86' lang='grc' dir='ltr'>ἐλεήμονες</span> <span class='ocrx_word' id='word_1_1007' title='bbox 3722 5350 3903 5419; x_wconf 76' lang='grc' dir='ltr'>γενὼο</span> 
     </span>
    </p>
   </div>
   <div class='ocr_carea' id='block_1_124' title="bbox 2227 5437 3902 5516">
    <p class='ocr_par' dir='ltr' id='par_1_124' title="bbox 2227 5437 3902 5516">
     <span class='ocr_line' id='line_1_124' title="bbox 2227 5437 3902 5516; baseline -0.004 -19"><span class='ocrx_word' id='word_1_1008' title='bbox 2227 5444 2386 5516; x_wconf 83' lang='grc' dir='ltr'>μεθα,</span> <span class='ocrx_word' id='word_1_1009' title='bbox 2428 5445 2517 5498; x_wconf 85' lang='grc' dir='ltr'>ἴνα</span> <span class='ocrx_word' id='word_1_1010' title='bbox 2556 5443 2866 5515; x_wconf 86' lang='grc' dir='ltr'>ἐλεηθῶμεν</span> <span class='ocrx_word' id='word_1_1011' title='bbox 2898 5459 2914 5473; x_wconf 91' lang='grc'>⁸</span> <span class='ocrx_word' id='word_1_1012' title='bbox 2957 5444 3110 5497; x_wconf 77' lang='grc' dir='ltr'>οὐδὲν</span> <span class='ocrx_word' id='word_1_1013' title='bbox 3160 5445 3273 5497; x_wconf 76' lang='grc' dir='ltr'>ἴσον</span> <span class='ocrx_word' id='word_1_1014' title='bbox 3317 5443 3511 5496; x_wconf 90' lang='grc' dir='ltr'>τούτου</span> <span class='ocrx_word' id='word_1_1015' title='bbox 3545 5439 3639 5493; x_wconf 86' lang='grc' dir='ltr'>τοῦ</span> <span class='ocrx_word' id='word_1_1016' title='bbox 3680 5437 3857 5495; x_wconf 84' lang='grc' dir='ltr'>καλοῦ</span> <span class='ocrx_word' id='word_1_1017' title='bbox 3886 5454 3902 5467; x_wconf 89' lang='grc'>⁸</span> 
     </span>
    </p>
   </div>
   <div class='ocr_carea' id='block_1_125' title="bbox 2218 5526 3908 5603">
    <p class='ocr_par' dir='ltr' id='par_1_125' title="bbox 2218 5526 3908 5603">
     <span class='ocr_line' id='line_1_125' title="bbox 2218 5526 3908 5603; baseline -0.004 -16"><span class='ocrx_word' id='word_1_1018' title='bbox 2218 5531 2372 5587; x_wconf 81' lang='grc' dir='ltr'>οὐδὲν</span> <span class='ocrx_word' id='word_1_1019' title='bbox 2398 5530 2541 5586; x_wconf 82' lang='grc' dir='ltr'>οὑτω</span> <span class='ocrx_word' id='word_1_1020' title='bbox 2568 5531 2658 5585; x_wconf 74' lang='grc' dir='ltr'>τὸν</span> <span class='ocrx_word' id='word_1_1021' title='bbox 2683 5530 3022 5603; x_wconf 86' lang='grc' dir='ltr'>ἀνθρώπινον</span> <span class='ocrx_word' id='word_1_1022' title='bbox 3043 5532 3177 5602; x_wconf 82' lang='grc' dir='ltr'>ἡμῖν</span> <span class='ocrx_word' id='word_1_1023' title='bbox 3203 5530 3548 5584; x_wconf 84' lang='grc' dir='ltr'>ὑποδείκνυσι</span> <span class='ocrx_word' id='word_1_1024' title='bbox 3568 5526 3908 5598; x_wconf 75' lang='grc' dir='ltr'>χαρακτῆρα</span> 
     </span>
    </p>
   </div>
   <div class='ocr_carea' id='block_1_126' title="bbox 2221 5616 3909 5693">
    <p class='ocr_par' dir='ltr' id='par_1_126' title="bbox 2221 5616 3909 5693">
     <span class='ocr_line' id='line_1_126' title="bbox 2221 5616 3909 5693; baseline -0.005 -16"><span class='ocrx_word' id='word_1_1025' title='bbox 2221 5625 2297 5689; x_wconf 86' lang='grc' dir='ltr'>ὼς</span> <span class='ocrx_word' id='word_1_1026' title='bbox 2325 5623 2387 5677; x_wconf 80' lang='grc' dir='ltr'>τὸ</span> <span class='ocrx_word' id='word_1_1027' title='bbox 2417 5623 2607 5690; x_wconf 87' lang='grc' dir='ltr'>ἐλεεῖν,</span> <span class='ocrx_word' id='word_1_1028' title='bbox 2640 5622 2716 5687; x_wconf 86' lang='grc' dir='ltr'>ὼς</span> <span class='ocrx_word' id='word_1_1029' title='bbox 2738 5622 2801 5675; x_wconf 86' lang='grc' dir='ltr'>τὸ</span> <span class='ocrx_word' id='word_1_1030' title='bbox 2829 5621 3208 5693; x_wconf 85' lang='grc' dir='ltr'>φιλάνθρωπον</span> <span class='ocrx_word' id='word_1_1031' title='bbox 3245 5617 3383 5676; x_wconf 78' lang='grc' dir='ltr'>εἶναι</span> <span class='ocrx_word' id='word_1_1032' title='bbox 3404 5624 3449 5673; x_wconf 74' lang='grc'>8.</span> <span class='ocrx_word' id='word_1_1033' title='bbox 3483 5619 3583 5672; x_wconf 82' lang='grc' dir='ltr'>Διά</span> <span class='ocrx_word' id='word_1_1034' title='bbox 3612 5616 3777 5671; x_wconf 88' lang='grc' dir='ltr'>τοῦτο</span> <span class='ocrx_word' id='word_1_1035' title='bbox 3808 5618 3909 5669; x_wconf 74' lang='grc' dir='ltr'>καὶ</span> 
     </span>
    </p>
   </div>
   <div class='ocr_carea' id='block_1_127' title="bbox 2284 5736 3904 5804">
    <p class='ocr_par' dir='ltr' id='par_1_127' title="bbox 2284 5736 3904 5804">
     <span class='ocr_line' id='line_1_127' title="bbox 2284 5736 3904 5804; baseline -0.007 -12"><span class='ocrx_word' id='word_1_1036' title='bbox 2284 5741 2310 5782; x_wconf 72' lang='grc' dir='ltr'><strong>ἀ</strong></span> <span class='ocrx_word' id='word_1_1037' title='bbox 2340 5741 2469 5792; x_wconf 88' lang='lat' dir='ltr'><strong>Idem</strong></span> <span class='ocrx_word' id='word_1_1038' title='bbox 2486 5740 2605 5793; x_wconf 87' lang='lat' dir='ltr'>Cod.</span> <span class='ocrx_word' id='word_1_1039' title='bbox 2642 5741 2817 5790; x_wconf 82' lang='grc' dir='ltr'>είδυῖαν</span> <span class='ocrx_word' id='word_1_1040' title='bbox 2857 5743 3196 5804; x_wconf 68' lang='grc' dir='ltr'>συναλλαγήνἈ</span> <span class='ocrx_word' id='word_1_1041' title='bbox 3218 5743 3270 5804; x_wconf 75' lang='lat'>_°</span> <span class='ocrx_word' id='word_1_1042' title='bbox 3303 5739 3459 5790; x_wconf 67' lang='lat' dir='ltr'>Savil.</span> <span class='ocrx_word' id='word_1_1043' title='bbox 3504 5737 3681 5804; x_wconf 54' lang='grc' dir='ltr'>ιιιιιρῐ.⁸</span> <span class='ocrx_word' id='word_1_1044' title='bbox 3702 5736 3904 5804; x_wconf 53' lang='grc' dir='ltr'>Σαιγάν,</span> 
     </span>
    </p>
   </div>
   <div class='ocr_carea' id='block_1_128' title="bbox 2221 5798 3907 5867">
    <p class='ocr_par' dir='ltr' id='par_1_128' title="bbox 2221 5798 3907 5867">
     <span class='ocr_line' id='line_1_128' title="bbox 2221 5798 3907 5867; baseline -0.007 -10"><span class='ocrx_word' id='word_1_1045' title='bbox 2221 5805 2353 5857; x_wconf 68' lang='grc' dir='ltr'>Εάἰιὶ</span> <span class='ocrx_word' id='word_1_1046' title='bbox 2376 5807 2473 5852; x_wconf 86' lang='grc' dir='ltr'>τῶν</span> <span class='ocrx_word' id='word_1_1047' title='bbox 2494 5804 2580 5861; x_wconf 64' lang='lat' dir='ltr'>Of.</span> <span class='ocrx_word' id='word_1_1048' title='bbox 2605 5805 2822 5867; x_wconf 71' lang='grc' dir='ltr'>Σενναάρ.</span> <span class='ocrx_word' id='word_1_1049' title='bbox 2916 5803 2936 5842; x_wconf 70' lang='grc' dir='ltr'><strong><em>ἲ</em></strong></span> <span class='ocrx_word' id='word_1_1050' title='bbox 2980 5798 3251 5867; x_wconf 69' lang='grc' dir='ltr'>διςόοσσ.</span> <span class='ocrx_word' id='word_1_1051' title='bbox 3284 5803 3610 5867; x_wconf 70' lang='lat' dir='ltr'>et__Savi|ius.</span> <span class='ocrx_word' id='word_1_1052' title='bbox 3643 5798 3820 5867; x_wconf 57' lang='grc' dir='ltr'>ᾓὶοιιιΐ.</span> <span class='ocrx_word' id='word_1_1053' title='bbox 3849 5805 3907 5846; x_wconf 77' lang='grc' dir='ltr'>ει</span> 
     </span>
    </p>
   </div>
   <div class='ocr_carea' id='block_1_129' title="bbox 2221 5862 3906 5971">
    <p class='ocr_par' dir='ltr' id='par_1_129' title="bbox 2221 5862 3906 5971">
     <span class='ocr_line' id='line_1_129' title="bbox 2221 5862 3906 5971; baseline -0.003 -53"><span class='ocrx_word' id='word_1_1054' title='bbox 2221 5868 2480 5939; x_wconf 37' lang='grc' dir='ltr'>(Σοιιιωθιζ,</span> <span class='ocrx_word' id='word_1_1055' title='bbox 2502 5867 2583 5914; x_wconf 86' lang='grc' dir='ltr'>καὶ</span> <span class='ocrx_word' id='word_1_1056' title='bbox 2604 5862 3055 5942; x_wconf 36' lang='grc' dir='ltr'>ἀλγοῦμξενηκαὶιού</span> <span class='ocrx_word' id='word_1_1057' title='bbox 3100 5866 3314 5927; x_wconf 57' lang='grc' dir='ltr'>λέγομεν</span> <span class='ocrx_word' id='word_1_1058' title='bbox 3342 5864 3419 5922; x_wconf 75' lang='grc' dir='ltr'>Μὴ</span> <span class='ocrx_word' id='word_1_1059' title='bbox 3447 5866 3565 5926; x_wconf 77' lang='grc' dir='ltr'>ὑπὲρ</span> <span class='ocrx_word' id='word_1_1060' title='bbox 3608 5862 3663 5910; x_wconf 88' lang='grc' dir='ltr'>τὸ</span> <span class='ocrx_word' id='word_1_1061' title='bbox 3704 5864 3906 5971; x_wconf 66' lang='grc' dir='ltr'>μέτρον.</span> 
     </span>
     <span class='ocr_line' id='line_1_130' title="bbox 2221 5924 3906 5971; baseline 0 0"><span class='ocrx_word' id='word_1_1062' title='bbox 2221 5930 2411 5971; x_wconf 72' lang='grc' dir='ltr'>ίιιρηιρ-</span> <span class='ocrx_word' id='word_1_1063' title='bbox 2433 5928 2565 5971; x_wconf 72' lang='lat' dir='ltr'>lum.</span> <span class='ocrx_word' id='word_1_1064' title='bbox 2633 5930 2657 5967; x_wconf 76' lang='grc' dir='ltr'><strong>Β</strong></span> <span class='ocrx_word' id='word_1_1065' title='bbox 2697 5928 2832 5971; x_wconf 66' lang='lat' dir='ltr'>Haec-</span> <span class='ocrx_word' id='word_1_1066' title='bbox 2857 5946 2921 5971; x_wconf 79' lang='lat' dir='ltr'>mc</span> <span class='ocrx_word' id='word_1_1067' title='bbox 2941 5944 2996 5971; x_wconf 87' lang='grc' dir='ltr'>το</span> <span class='ocrx_word' id='word_1_1068' title='bbox 3016 5944 3063 5971; x_wconf 81' lang='grc' dir='ltr'>ω.</span> <span class='ocrx_word' id='word_1_1069' title='bbox 3088 5927 3225 5971; x_wconf 76' lang='grc' dir='ltr'>εἶναι.</span> <span class='ocrx_word' id='word_1_1070' title='bbox 3252 5939 3315 5971; x_wconf 83' lang='lat' dir='ltr'>ex</span> <span class='ocrx_word' id='word_1_1071' title='bbox 3341 5926 3479 5971; x_wconf 84' lang='lat' dir='ltr'><strong>codd.</strong></span> <span class='ocrx_word' id='word_1_1072' title='bbox 3508 5931 3563 5971; x_wconf 78' lang='lat' dir='ltr'>et</span> <span class='ocrx_word' id='word_1_1073' title='bbox 3584 5924 3699 5971; x_wconf 72' lang='lat' dir='ltr'>Savi</span> <span class='ocrx_word' id='word_1_1074' title='bbox 3731 5959 3743 5971; x_wconf 93' lang='lat'>.</span> <span class='ocrx_word' id='word_1_1075' title='bbox 3778 5934 3906 5971; x_wconf 79' lang='lat' dir='ltr'>sun-</span> 
     </span>
    </p>
   </div>
   <div class='ocr_carea' id='block_1_130' title="bbox 2220 5924 3907 5990">
    <p class='ocr_par' dir='ltr' id='par_1_130' title="bbox 2220 5924 3907 5990">
     <span class='ocr_line' id='line_1_131' title="bbox 2220 5924 3907 5990; baseline -0.007 -11"><span class='ocrx_word' id='word_1_1076' title='bbox 2220 5930 2411 5990; x_wconf 78' lang='lat' dir='ltr'>inepte.</span> <span class='ocrx_word' id='word_1_1077' title='bbox 2433 5924 2565 5990; x_wconf 57' lang='lat' dir='ltr'>Enn;</span> <span class='ocrx_word' id='word_1_1078' title='bbox 2633 5930 2657 5967; x_wconf 73' lang='grc' dir='ltr'><strong>Β</strong></span> <span class='ocrx_word' id='word_1_1079' title='bbox 2676 5924 2921 5988; x_wconf 56' lang='grc' dir='ltr'>Ἠσακὼς</span> <span class='ocrx_word' id='word_1_1080' title='bbox 2941 5928 2996 5990; x_wconf 76' lang='grc' dir='ltr'><strong>τρ</strong></span> <span class='ocrx_word' id='word_1_1081' title='bbox 3016 5944 3063 5989; x_wconf 86' lang='grc' dir='ltr'>φ.</span> <span class='ocrx_word' id='word_1_1082' title='bbox 3088 5924 3225 5990; x_wconf 76' lang='grc' dir='ltr'>εἶναι,</span> <span class='ocrx_word' id='word_1_1083' title='bbox 3252 5939 3315 5975; x_wconf 83' lang='lat' dir='ltr'>ex</span> <span class='ocrx_word' id='word_1_1084' title='bbox 3341 5926 3479 5975; x_wconf 87' lang='lat' dir='ltr'><strong>codd.</strong></span> <span class='ocrx_word' id='word_1_1085' title='bbox 3508 5924 3563 5990; x_wconf 61' lang='grc' dir='ltr'>οι</span> <span class='ocrx_word' id='word_1_1086' title='bbox 3584 5924 3743 5973; x_wconf 79' lang='lat' dir='ltr'>Sam.</span> <span class='ocrx_word' id='word_1_1087' title='bbox 3778 5934 3907 5989; x_wconf 70' lang='lat' dir='ltr'>sup-</span> 
     </span>
    </p>
   </div>
   <div class='ocr_carea' id='block_1_131' title="bbox 2224 5987 3908 6103">
    <p class='ocr_par' dir='ltr' id='par_1_131' title="bbox 2224 5987 3908 6103">
     <span class='ocr_line' id='line_1_132' title="bbox 2224 5987 3908 6103; baseline -0.004 -66"><span class='ocrx_word' id='word_1_1088' title='bbox 2224 5987 2355 6103; x_wconf 45' lang='lat' dir='ltr'><strong>rlﬁga</strong></span> <span class='ocrx_word' id='word_1_1089' title='bbox 2374 5998 2512 6102; x_wconf 59' lang='grc' dir='ltr'>ἓυηι.</span> <span class='ocrx_word' id='word_1_1090' title='bbox 2537 5989 2764 6043; x_wconf 77' lang='lat' dir='ltr'>Proxima</span> <span class='ocrx_word' id='word_1_1091' title='bbox 2788 5987 2849 6042; x_wconf 75' lang='lat' dir='ltr'>ex</span> <span class='ocrx_word' id='word_1_1092' title='bbox 2871 5987 3065 6043; x_wconf 68' lang='lat' dir='ltr'>duobus</span> <span class='ocrx_word' id='word_1_1093' title='bbox 3086 5989 3226 6049; x_wconf 82' lang='lat' dir='ltr'>codd.</span> <span class='ocrx_word' id='word_1_1094' title='bbox 3258 5996 3308 6042; x_wconf 77' lang='lat' dir='ltr'>et</span> <span class='ocrx_word' id='word_1_1095' title='bbox 3325 5990 3508 6053; x_wconf 81' lang='lat' dir='ltr'>inlerp.</span> <span class='ocrx_word' id='word_1_1096' title='bbox 3533 5987 3638 6037; x_wconf 72' lang='lat' dir='ltr'>Lat.</span> <span class='ocrx_word' id='word_1_1097' title='bbox 3666 5987 3908 6036; x_wconf 61' lang='lat' dir='ltr'>correxi-</span> 
     </span>
     <span class='ocr_line' id='line_1_133' title="bbox 2243 6066 2507 6102; baseline 0.004 -1"><span class='ocrx_word' id='word_1_1098' title='bbox 2243 6068 2273 6101; x_wconf 86' lang='grc' dir='ltr'>ιι</span> <span class='ocrx_word' id='word_1_1099' title='bbox 2339 6090 2350 6102; x_wconf 92' lang='grc'>.</span> <span class='ocrx_word' id='word_1_1100' title='bbox 2392 6066 2401 6081; x_wconf 89' lang='grc'><strong>⁴</strong></span> <span class='ocrx_word' id='word_1_1101' title='bbox 2418 6067 2507 6102; x_wconf 74' lang='lat' dir='ltr'>Dl&#39;r.</span> 
     </span>
    </p>
   </div>
   <div class='ocr_carea' id='block_1_132' title="bbox 2339 6066 2507 6102">
    <p class='ocr_par' dir='ltr' id='par_1_132' title="bbox 2339 6066 2507 6102">
     <span class='ocr_line' id='line_1_134' title="bbox 2339 6066 2507 6102; baseline 0 0"><span class='ocrx_word' id='word_1_1102' title='bbox 2339 6090 2350 6102; x_wconf 89' lang='lat'><strong><em>.</em></strong></span> <span class='ocrx_word' id='word_1_1103' title='bbox 2374 6066 2507 6102; x_wconf 61' lang='grc' dir='ltr'>ινιτ.</span> 
     </span>
    </p>
   </div>
  </div>
