4002 6224
213 420 303 477 ’505
1163 413 1229 470 IN
1267 413 1440 470 ACTA
1482 413 1997 471 APOSTOLORUM.
2040 412 2266 469 llOMlL.
2306 411 2484 469 XLIII.

215 554 297 593 cur
322 548 448 606 ergo
496 549 596 605 per
638 540 849 603 septem
889 530 1002 586 dies
1034 529 1140 585 illic
1169 531 1423 585 manent?
1452 529 1631 599 Magna
1660 529 1770 583 for-

220 642 344 682 tasse
364 635 480 680 erat
516 623 819 678 secundum
847 622 1075 677 fidelium
1104 637 1399 676 numerum.
1436 621 1640 675 Etcum
1667 620 1781 674 dies

220 731 407 790 septem
430 717 505 771 ibi
527 715 841 780 mansisset,
865 713 1107 783 sequenti
1130 723 1337 768 noctem
1366 713 1416 766 in
1443 711 1682 765 docendo
1705 711 1778 764 in-

224 810 473 879 sumpsit:
500 808 574 861 ita
604 821 750 876 tegre
780 807 893 874 ipse
921 805 988 858 ab
1029 804 1166 868 illis,
1199 803 1275 857 illi
1311 803 1379 857 ab
1414 803 1528 871 ipso
1563 800 1780 854 divelle—

223 902 419 955 bantur.
452 896 581 953 Cum
624 896 1020 950 convenissemus
1041 936 1056 960 ,
1104 893 1307 963 inquit,
1346 892 1420 945 ad
1448 890 1779 962 frangendum

222 1009 410 1063 panem.
453 991 535 1045 Ab
562 990 683 1058 ipso
712 999 983 1057 tempore,
1024 1002 1128 1056 quo
1152 987 1355 1041 esurire
1390 993 1784 1040 monstrabatur

223 1088 337 1155 (nec
363 1092 481 1137 erat
512 1081 641 1135 illud
671 1077 1150 1149 intempestivum),
1174 1091 1353 1133 sermo
1371 1087 1577 1145 emptus
1599 1087 1782 1129 exten-

219 1194 303 1229 sus
332 1187 448 1230 est:
483 1177 555 1228 ita
599 1184 656 1227 ut
695 1189 814 1227 eum
856 1187 956 1226 non
996 1172 1259 1240 praecipue
1298 1169 1673 1225 convenissent
1711 1168 1780 1221 ad

216 1268 530 1327 doctrinam,
556 1264 657 1331 sed
684 1264 749 1319 ad
782 1262 1125 1333 frangendum
1152 1277 1360 1331 panem,
1390 1260 1477 1313 ubi
1503 1261 1553 1313 in
1580 1274 1782 1314 sermo-

219 1376 336 1413 nem
387 1357 609 1422 incidit,
665 1356 959 1411 doctrinam
1014 1354 1271 1408 extendit.
1330 1352 1463 1407 Vide
1516 1350 1782 1421 quomodo

220 1465 412 1503 iniensa:
438 1449 587 1502 Pauli
620 1462 807 1501 otnnes
837 1446 1120 1515 participes
1148 1452 1345 1499 essent.
1378 1442 1598 1497 Videtur
1619 1442 1743 1495 mihi
1764 1482 1780 1508 ,

219 1541 387 1608 ipsum
418 1539 483 1592 ad
516 1553 756 1591 mensam
786 1536 1057 1592 sedentem
1086 1536 1414 1600 disseruisse,
1447 1550 1544 1589 nos
1582 1534 1782 1589 docen-

220 1640 323 1684 tem
369 1630 449 1684 his
476 1629 653 1683 omnia
698 1644 819 1683 esse
858 1627 1242 1698 pOSIponenda.
1286 1625 1644 1696 lmaginamini
1682 1628 1781 1682 do-

216 1737 367 1775 mum
397 1720 538 1774 illam
557 1762 572 1786 ,
604 1720 655 1773 in
682 1734 785 1789 qua
830 1718 1102 1787 lampades
1131 1726 1285 1773 erant
1304 1757 1320 1782 ,
1350 1717 1438 1771 ubi
1480 1718 1629 1771 turba
1648 1758 1663 1783 ,
1693 1718 1781 1773 ubi

219 1814 418 1870 Paulus
447 1813 643 1868 medius
670 1811 993 1877 disserebat,
1025 1812 1112 1865 ubi
1142 1811 1399 1866 fenestras
1434 1812 1582 1865 multi
1620 1826 1781 1866 occu-

220 1907 453 1975 pabant,
495 1916 547 1958 ut
571 1904 745 1957 tubam
776 1904 918 1957 illam
950 1903 1226 1967 audirent,
1264 1912 1320 1957 et
1345 1903 1633 1972 gratiosum
1664 1902 1781 1956 vul-

214 2006 337 2067 tum
364 1996 690 2063 inspicerent.
724 1994 919 2062 Quales
946 1994 1109 2049 fuisse
1137 1994 1425 2060 auditores,
1455 2004 1506 2049 et
1533 2002 1781 2064 quantam

216 2087 344 2140 hinc
390 2087 655 2155 accepisse
715 2086 1038 2154 voluptatem
1096 2085 1277 2154 putas?
1324 2083 1430 2138 Cur
1459 2094 1636 2139 autem
1687 2100 1783 2139 no-

218 2187 303 2231 ctu
343 2178 673 2231 diSserebat?
712 2177 842 2242 Quia
883 2178 1201 2245 migraturus
1238 2186 1390 2242 erat,
1415 2187 1468 2229 et
1497 2192 1601 2229 non
1649 2176 1781 2229 ultra

219 2268 390 2335 ipsum
420 2268 582 2322 visuri
610 2276 767 2321 erant
794 2286 805 2319 :
841 2282 1023 2321 verum
1056 2266 1157 2321 hoc
1184 2282 1288 2320 non
1321 2267 1423 2321 illis
1443 2309 1458 2331 ,
1492 2276 1677 2335 utpote
1706 2268 1785 2321 in-

224 2360 559 2423 firmioribus,
590 2359 739 2420 dicit,
771 2359 860 2412 sed
887 2359 1003 2413 aliis
1030 2358 1262 2416 dicebat,
1287 2358 1420 2426 Quin
1442 2368 1495 2412 et
1520 2367 1783 2426 patratum

222 2451 526 2504 miraculum
567 2450 619 2504 id
665 2450 959 2515 efﬁciebat,
991 2458 1045 2503 ut
1070 2464 1282 2519 semper
1308 2451 1477 2504 noctis
1506 2450 1644 2505 illius
1670 2465 1783 2504 me-

227 2541 440 2594 moriam
471 2551 767 2595 servarent.
813 2540 997 2611 Magna
1024 2541 1322 2595 auditorum
1350 2541 1592 2610 voluptas
1613 2582 1627 2604 ,
1666 2556 1784 2611 qua:

226 2632 379 2686 etiam
418 2633 765 2686 interturbata
809 2633 973 2702 magis
1007 2630 1225 2685 adaucta
1268 2631 1393 2695 fuit;
1423 2641 1581 2702 atque
1613 2633 1683 2686 ita
1731 2633 1782 2686 in

225 2722 453 2777 doctoris
470 2724 697 2794 gratiam
720 2738 872 2777 casus
895 2722 982 2777 ille
1002 2723 1197 2777 evenit.
1224 2723 1469 2793 Alioquin
1495 2739 1619 2778 vero
1638 2725 1786 2794 igna-

228 2829 323 2866 vos
348 2831 525 2869 omnes
552 2815 643 2868 ille
669 2814 1037 2882 increpaturus
1063 2822 1198 2877 erat,
1229 2814 1319 2883 qui
1345 2822 1583 2869 mortuus
1607 2824 1708 2879 est,
1731 2824 1786 2869 ut

230 2903 442 2959 Paulum
471 2906 700 2958 audiret.
732 2906 796 2959 Et
819 2921 933 2962 cur.
960 2904 1163 2974 inquies
1184 2947 1197 2969 ,
1230 2905 1433 2975 singula
1463 2914 1707 2960 recenset
1733 2914 1786 2959 et

226 2997 367 3050 unde
392 2998 648 3061 venerint,
680 3008 733 3051 et
759 3012 864 3066 quo
894 2996 1188 3067 tuigrarint,
1221 3007 1275 3052 et
1298 3013 1461 3067 quare
1492 2998 1579 3053 ille
1604 2999 1786 3052 demo-

230 3100 373 3142 ratus
396 3091 489 3153 sit,
533 3105 596 3144 ac
635 3105 764 3158 quas
802 3090 958 3143 etiam
988 3098 1160 3158 partes
1200 3076 1689 3159 prtetérnavigarit?
1720 3088 1787 3143 Ut

231 3178 433 3231 interim
464 3179 770 3233 ostenderet
796 3219 823 3243 ,ν
858 3178 1002 3231 illum
1035 3179 1258 3233 lentiore
1285 3192 1443 3232 cursu
1473 3180 1782 3247 navigasse,

234 3269 385 3339 idque
420 3272 646 3325 humana
673 3271 899 3335 ratione,
928 3279 1084 3339 atque
1107 3270 1266 3323 etiam
1298 3270 1781 3340 pmternavigasse.

240 3358 562 3429 Proposuerat
607 3361 741 3414 enim
792 3363 1210 3429 prwternavigare
1263 3358 1553 3430 Ephesum,
1598 3370 1651 3414 ut
1698 3376 1790 3414 nec

238 3466 397 3513 mora,
438 3453 638 3521 inquit,
670 3452 746 3504 illi
775 3461 897 3504 esset
926 3452 977 3504 in
1003 3451 1143 3503 Asia.
1174 3449 1355 3507 Bene:
1385 3467 1489 3504 nou
1529 3451 1666 3505 enim
1694 3466 1790 3520 po-

244 3542 445 3609 luisset,
474 3546 517 3597 si
548 3544 638 3597 illo
660 3543 911 3606 venisset,
942 3542 1402 3612 praeternavigare,
1433 3542 1553 3610 quia
1585 3542 1787 3597 noluis-

244 3641 321 3684 set
337 3634 640 3687 contristare
669 3634 807 3698 illos,
832 3634 916 3703 qui
944 3635 1111 3703 ipsum
1144 3632 1401 3703 precaturi
1428 3644 1577 3686 erant
1602 3642 1657 3688 ut
1678 3648 1790 3688 ma-

247 3736 396 3779 neret.
430 3726 523 3779 Vel
560 3726 658 3780 hac
702 3725 769 3779 de
809 3740 965 3779 causa
994 3734 1173 3790 certe,
1203 3725 1283 3777 vel
1311 3725 1449 3791 quod
1495 3723 1785 3779 festinaret.

251 3813 513 3870 Festinabat
540 3820 694 3882 enini,
728 3818 924 3886 inquit,
957 3826 1011 3869 ut
1033 3817 1076 3870 si
1086 3815 1331 3883 possibile
1343 3824 1464 3869 esset
1492 3815 1623 3869 diem
1649 3814 1789 3869 Pen-

250 3918 430 3962 tecostes
467 3918 633 3979 ageret
675 3908 1025 3978 Jerosolymis.
1071 3906 1196 3961 Ideo
1237 3907 1392 3977 igitur
1429 3923 1645 3962 manere
1684 3924 1790 3964 non

248 4008 450 4067 poterat.
483 4000 614 4055 Vide
657 4000 801 4053 illum
843 4000 1000 4055 etiam
1049 3999 1276 4052 humana
1307 3999 1508 4053 ratione
1547 4000 1787 4065 moveri,

250 4104 440 4159 cupere,
470 4093 746 4156 festinare,
770 4099 825 4145 et
846 4106 988 4159 saepe
1013 4102 1250 4159 optatum
1282 4105 1386 4143 non
1411 4089 1642 4160 assequi.
1669 4088 1791 4145 Ideo

247 4193 401 4234 autem
434 4183 544 4236 ha~c
576 4182 728 4243 ﬁunt,
757 4192 811 4234 ut
850 4196 916 4235 ne
946 4189 1189 4250 puteums
1217 4194 1278 4234 ea
1309 4179 1469 4234 fuisse
1497 4195 1654 4249 supra
1688 4179 1790 4233 hu-

250 4287 435 4327 manam
485 4286 750 4327 naturam.
797 4272 975 4326 Sancti
1024 4273 1218 4340 quippe
1253 4279 1307 4323 et
1352 4270 1527 4340 magni
1576 4271 1650 4325 illi
1694 4271 1790 4326 viri

245 4364 462 4433 ejusdem
494 4375 679 4427 erant.
709 4367 861 4434 cujus
891 4379 986 4418 nos
1005 4406 1019 4430 ,
1066 4373 1301 4427 natnrm;
1333 4363 1569 4433 ejusdem
1598 4363 1791 4418 volun-

246 4459 350 4511 tatis
384 4476 485 4513 non
529 4460 655 4513 item
684 4477 696 4512 :
730 4457 955 4526 ideoque
996 4472 1138 4526 saepe
1178 4455 1399 4525 gratiam
1431 4456 1785 4512 attrahebant.

245 4549 357 4606 Vide
381 4567 531 4622 ergo.
564 4561 757 4621 quanta
790 4566 883 4619 per
905 4550 1107 4619 seipsos
1131 4550 1459 4618 provideant.
1492 4551 1616 4607 Ideo
1644 4550 1790 4605 dicc-

241 4639 350 4694 bat:
384 4642 467 4696 Ne
504 4642 679 4695 demus
708 4639 1035 4707 oﬂ‘ensionem
1062 4640 1336 4694 volentibus
1367 4640 1442 4711 (2.
1466 4640 1582 4697 Cor.
1604 4642 1657 4697 6.
1688 4644 1786 4712 5);

241 4742 285 4784 et
306 4750 540 4795 mrsum.
593 4733 658 4787 Ut
704 4749 802 4785 non
844 4732 1147 4802 vituperetur
1174 4732 1501 4785 ministerium
1543 4742 1788 4788 nostrum.

241 4820 361 4879 Ecce
384 4836 430 4878 et
466 4825 727 4891 inculpata
761 4824 886 4885 vita,
917 4835 970 4877 et
996 4825 1156 4875 multa
1189 4821 1528 4891 indulgentia.
1556 4823 1666 4877 lioc
1693 4839 1787 4893 ap-

239 4916 445 4983 pellatur
485 4915 822 4976 meonomia,
877 4914 928 4966 in
960 4913 1192 4967 culmine
1233 4922 1287 4968 et
1329 4912 1538 4984 fastigio
1580 4914 1790 4969 virtutis

236 5022 365 5071 esse,
396 5018 449 5061 et
478 5006 834 5060 humilitatem
868 5005 1142 5061 exhibere.
1178 5006 1244 5060 Et
1268 5006 1390 5061 audi
1419 5007 1684 5076 quomodo
1712 5006 1786 5074 is,

233 5098 308 5165 qui
336 5107 601 5167 prascepta
639 5097 838 5152 Christi
878 5098 1311 5162 transcenderet,
1344 5101 1580 5152 omnium
1612 5106 1789 5155 tamen

236 5190 550 5243 humillimus
576 5196 741 5243 esset.
777 5188 1015 5242 Omnibus
1044 5190 1213 5241 omnia
1236 5191 1397 5258 {actus
1425 5204 1567 5254 sum,
1597 5190 1786 5259 inquit.

232 5290 276 5332 ut
299 5296 465 5333 omnes
496 5279 815 5349 lucrifaciam
844 5280 920 5347 (Ι.
949 5279 1069 5333 Cor.
1106 5280 1157 5334 9.
1198 5280 1314 5350 2‘2).
1352 5279 1491 5333 Idem
1536 5280 1693 5335 etiam
1736 5284 1787 5337 in

232 5372 444 5438 pericula
479 5386 538 5425 se
576 5370 828 5433 immisit,
872 5380 930 5424 nt
952 5371 1078 5424 alibi
1108 5372 1218 5424 ait:
1247 5370 1314 5424 In
1344 5372 1581 5440 patientia
1599 5374 1785 5434 multa,

237 5465 281 5516 in
297 5462 714 5523 tribulationibus,
741 5462 794 5514 in
819 5462 1208 5523 necessitatibus,
1239 5463 1290 5514 in
1312 5462 1577 5531 angustiis,
1606 5463 1657 5515 in
1679 5462 1789 5530 pla-

232 5553 312 5618 gis,
340 5554 392 5607 in
416 5552 705 5607 carceribus
731 5552 819 5620 (2.
847 5551 961 5606 Cor.
996 5552 1048 5607 G.
1080 5553 1134 5607 4.
1167 5553 1246 5621 5).
1280 5552 1501 5622 Magnus
1525 5555 1649 5608 item
1674 5562 1789 5607 erat

235 5642 331 5713 ejus
349 5659 501 5698 amor
528 5659 655 5714 erga
678 5642 967 5698 Christum.
993 5643 1102 5698 Nisi
1123 5645 1264 5699 enim
1290 5647 1358 5698 ita
1383 5646 1585 5710 fuisset,
1609 5646 1786 5701 omnia

237 5735 480 5804 superﬂua
505 5733 685 5789 futura
710 5743 883 5799 erant,
906 5743 958 5787 et
981 5734 1421 5804 dispensationes,
1448 5744 1503 5791 et
1526 5735 1786 5807 inculpata

241 5826 355 5882 vita.
388 5837 434 5883 et
472 5827 725 5897 pericula.
766 5827 888 5895 Quis
916 5827 1216 5896 infirmatur,
1250 5828 1452 5899 inquit,
1483 5839 1527 5884 et
1562 5847 1649 5902 ego
1687 5847 1783 5885 non

3346 414 3449 470 500

1884 527 2146 594 ἕνιῇνήιωῖ
2168 528 2281 599 quis
2307 525 2683 582 scandalizatur
2701 568 2715 593 ,
2756 537 2805 582 et
2843 544 2932 599 ego
2958 546 3055 585 non
3081 546 3201 585 uror
3229 531 3302 600 (9..
3329 530 3447 587 Cor.

1889 619 2125 688 11.29)?

1953 712 2004 765 5.
2034 712 2216 766 Omnia
2262 721 2465 782 prapter
2513 716 2696 783 fratres
2753 713 3031 768 uberrima.
3069 715 3204 768 [rum
3245 717 3450 770 retribu-

1886 803 1955 857 tic-
1991 802 2242 870 a‘iﬂ'ertur,
2274 814 2484 874 augetur
2504 803 2787 857 donum.—
2808 803 2931 860 llaze
2958 816 3011 861 et
3030 822 3127 860 nos
3147 848 3161 870 ,
3193 808 3415 862 obsecro
3432 847 3448 871 ,

1884 894 2045 949 verba
2074 910 2343 950 sectemur
2363 937 2377 963 τ
2426 904 2479 953 et
2525 905 2740 965 propter
2771 895 2960 949 fratres
2990 906 3199 951 nostros
3228 897 3280 950 in
3311 898 3453 966 peri-

1884 985 2002 1037 cula
2029 1001 2125 1038 nos
2151 985 2515 1053 conjiciamus.
2560 984 2683 1039 Sive
2714 984 2849 1055 ignis
2873 1027 2889 1051 ,
2919 985 3030 1038 sive
3057 985 3252 1039 ferrum
3276 986 3415 1039 adsit
3435 1027 3451 1051 ,

1887 1077 2110 1146 teipsum
2141 1078 2346 1145 conjiee
2366 1116 2382 1142 ,
2414 1077 2637 1137 dilecte.
2669 1089 2725 1133 ut
2752 1077 3048 1132 membrum
3080 1086 3225 1131 tuum
3247 1088 3407 1129 emas
3436 1091 3453 1129 :

1885 1169 2087 1237 conjiee
2133 1180 2222 1235 te,
2269 1186 2337 1224 ne
2380 1170 2586 1224 timeas.
2644 1170 2942 1240 Diseipulus
2985 1184 3044 1225 es
3092 1169 3322 1234 Christi,
3362 1168 3454 1238 qni

1888 1269 2101 1328 propter
2147 1259 2342 1314 fratres
2372 1275 2497 1314 suos
2536 1261 2764 1314 animam
2815 1262 2989 1330 posuit
3019 1281 3033 1316 :
3064 1259 3456 1329 condiscipulus

1886 1365 1944 1404 es
1990 1351 2156 1415 Pauli,
2186 1352 2272 1421 qui
2318 1351 2478 1405 millia
2536 1353 2638 1420 pati
2687 1352 2855 1406 voluit
2896 1368 2993 1421 pro
3040 1352 3264 1406 inimicis
3306 1360 3359 1405 et
3395 1365 3456 1404 se

1888 1438 2311 1508 impugnantibus
2330 1460 2344 1495 :
2365 1441 2481 1494 zelo
2504 1440 2754 1510 replearis
2774 1483 2787 1505 ,
2811 1442 3017 1496 imitare
3038 1441 3289 1511 Moysem.
3314 1440 3458 1494 Vidit

1887 1531 1976 1585 ille
2019 1530 2213 1600 injuste
2244 1532 2427 1585 laesum
2453 1541 2508 1585 et
2535 1532 2675 1585 ultus
2702 1541 2784 1585 est
2810 1548 2824 1584 :
2857 1531 3027 1602 regias
3058 1532 3276 1586 delicias
3320 1546 3454 1585 cou-

1888 1624 2133 1692 tempsit,
2183 1631 2240 1677 et
2284 1633 2503 1693 propter
2547 1623 2773 1677 afﬂictos
2825 1622 3081 1694 profugus
3128 1625 3258 1688 fuit,
3293 1639 3452 1689 erro,

1884 1714 2121 1783 cognatis
2168 1713 2452 1768 destitutus
2480 1722 2536 1769 et
2573 1713 2733 1768 domo
2762 1731 2775 1769 :
2808 1716 2859 1768 in
2904 1714 3075 1768 aliena
3125 1725 3265 1769 terra
3308 1715 3455 1783 degit

1886 1814 2032 1860 tanto
2078 1816 2351 1876 tempore,
2409 1821 2508 1861 nec
2559 1810 2794 1876 seipsum
2850 1806 3224 1876 reprehendit,
3279 1822 3455 1876 neque

1883 1897 2014 1952 dixit
2045 1915 2059 1951 :
2090 1896 2225 1963 Quid
2254 1898 2353 1953 hoc
2373 1898 2491 1953 est?
2520 1898 2759 1968 Regnum
2786 1897 3034 1968 despexi;
3065 1906 3266 1952 tantum
3289 1898 3458 1952 hono-

1885 2003 1995 2044 rem
2041 1999 2095 2044 et
2138 1990 2356 2061 gloriam
2389 2009 2403 2045 :
2434 1991 2595 2045 malui
2646 1990 2802 2045 lzesos
2846 1991 3063 2056 ulcisci,
3113 1992 3269 2061 idque
3316 1993 3456 2048 Deus

1884 2079 2159 2149 deSpesit,
2208 2096 2377 2151 neque
2427 2080 2585 2136 modo
2634 2097 2720 2137 me
2766 2082 2817 2135 in
2866 2082 3146 2151 pristinum
3196 2083 3452 2138 honorem

1886 2186 1990 2226 non
2034 2172 2279 2237 reduxit,
2308 2170 2402 2226 sed
2431 2172 2593 2227 etiam
2636 2171 2983 2242 quadraginta
3021 2173 3174 2227 annis
3204 2172 3255 2227 in
3285 2173 3455 2227 aliena

1886 2272 2022 2317 terra
2048 2263 2203 2333 dego.
2234 2263 2373 2319 Bene
2399 2264 2603 2319 scilicet
2631 2281 2644 2317 :
2672 2279 2778 2319 non
2805 2266 2945 2319 enim
2976 2266 3275 2321 mercedem
3303 2283 3458 2321 acce-

1885 2356 1958 2425 pi.
1990 2355 2094 2411 Sed
2141 2356 2270 2409 nihil
2318 2356 2504 2410 horum
2556 2357 2638 2411 vel
2666 2357 2828 2422 dixit,
2863 2358 2947 2412 vel
2977 2358 3246 2429 cogitavit.
3290 2359 3378 2413 Sic
3402 2369 3457 2414 et

1886 2456 1943 2501 tu
1979 2446 2134 2501 facito
2167 2464 2180 2499 :
2212 2446 2450 2512 etiamsi,
2478 2445 2604 2501 dum
2655 2447 2909 2502 beneficia
2959 2457 3208 2518 praestas,
3255 2449 3454 2520 aliquid

1887 2538 2103 2608 patiaris
2123 2580 2138 2604 ,
2170 2539 2374 2593 etiamsi
2406 2539 2471 2594 ad
2503 2540 2725 2594 multum
2775 2550 3013 2609 tempus,
3063 2557 3129 2596 ne
3170 2542 3456 2598 oﬂ‘endaris

1888 2643 2058 2698 neque
2087 2629 2317 2684 turberis
2349 2648 2362 2682 :
2395 2631 2614 2684 omnino
2656 2632 2958 2687 mercedem
3002 2633 3092 2687 tibi
3127 2634 3266 2688 Deus
3296 2636 3453 2689 retri-

1887 2719 2033 2775 buet.
2061 2722 2269 2787 Quanto
2298 2722 2463 2791 magis
2502 2722 2780 2778 retributio
2808 2723 3049 2778 dilicrtur
3068 2765 3083 2789 ,
3114 2735 3261 2779 tanto
3289 2727 3456 2796 magis

1886 2823 2145 2885 augentur
2175 2814 2395 2870 fmuora.
2430 2816 2728 2871 llaheamus
2766 2832 2893 2886 ergo
2918 2818 3146 2872 animam
3176 2820 3453 2873 commise-

1887 2904 2078 2959 rationi
2127 2904 2356 2959 deditam
2384 2947 2400 2972 ,
2446 2906 2731 2961 condolere
2782 2908 3038 2963 scientem
3078 2926 3092 2963 :
3132 2909 3261 2963 nihil
3318 2911 3455 2978 apud

1890 3010 1986 3049 nos
2006 2997 2072 3050 sit
2094 2996 2435 3052 inhumanum
2457 2998 2540 3053 vel
2562 2998 2795 3053 crudele.
2818 2999 2873 3054 Si
2900 2999 3029 3055 nihil
3050 3002 3221 3071 possis
3243 3002 3451 3067 afferre,

1889 3086 2181 3157 lacrymare
2205 3128 2219 3151 ,
2268 3087 2583 3158 ingemisce,
2629 3091 2697 3143 de
2738 3090 2801 3144 iis
2830 3106 2946 3159 quae
2989 3090 3120 3145 fiunt
3146 3093 3266 3147 dole
3298 3112 3311 3148 :
3343 3092 3458 3147 hn-c

1896 3193 2001 3232 non
2032 3178 2123 3233 tibi
2154 3179 2348 3233 frustra
2377 3179 2587 3234 cedent.
2612 3180 2667 3235 Si
2695 3181 2759 3233 iis
2778 3222 2793 3246 ,
2818 3181 2907 3252 qui
2937 3198 2966 3235 a
2996 3182 3105 3236 Deo
3134 3184 3421 3251 puniuntur
3441 3224 3456 3246 .

1890 3270 2177 3327 condolere
2220 3280 2462 3341 Oportet,
2496 3272 2662 3327 multo
2701 3274 2868 3343 magis
2895 3274 2992 3339 iis,
3023 3275 3111 3344 qui
3138 3274 3203 3329 ab
3234 3274 3460 3328 homini-

1890 3365 1990 3421 bus
2032 3365 2224 3434 injuste
2279 3366 2568 3435 patiuntur.
2618 3363 2742 3419 Non
2797 3367 3212 3436 egrediebantur,
3261 3368 3456 3437 inquit,

1892 3456 2071 3511 (Euan
2097 3458 2165 3510 ad
2206 3456 2507 3528 plorandum
2535 3457 2740 3512 domum
2769 3475 2913 3512 suam
2941 3459 3174 3514 vicinam.
3202 3459 3461 3531 Accipient

1892 3549 2118 3605 dolorem
2158 3568 2249 3616 pro
2291 3567 2380 3618 eo,
2433 3551 2567 3621 quod
2608 3551 2987 3620 wdiﬁcaverunt
3028 3552 3095 3605 ad
3141 3551 3459 3608 derisionem.

1894 3637 2004 3695 l'lae
2029 3639 2096 3694 de
2125 3656 2183 3695 re
2207 3652 2421 3696 accusat
2449 3641 2696 3698 Ezechiel
2719 3682 2737 3708 ,
2762 3641 2902 3712 quod
2931 3657 3035 3697 non
3065 3641 3459 3698 condolueriut.

1892 3729 2030 3796 Quid
2058 3729 2192 3785 dicis
2210 3771 2225 3794 ,
2270 3730 2574 3801 prOpbeta?
2624 3731 2761 3787 Deus
2790 3733 2969 3802 punit.
3009 3743 3061 3788 et
3085 3749 3183 3803 ego
3212 3734 3464 3789 condole-

1894 3837 2007 3876 rem
2052 3820 2150 3886 iis,
2195 3822 2283 3890 qui
2328 3822 2652 3890 puniuntur?
2682 3823 2855 3877 Etiam
2891 3841 2905 3876 :
2940 3824 3041 3879 hoc
3082 3824 3225 3879 enim
3270 3826 3380 3880 vult
3417 3828 3463 3881 is

1895 3914 2007 3983 ipse
2029 3913 2119 3983 qui
2148 3911 2298 3981 punit
2322 3930 2335 3966 ε
2362 3927 2534 3983 neque
2557 3914 2698 3968 enim
2723 3914 2813 3968 ille
2839 3896 3425 3984 puniendo‘oblectatur
3444 3959 3460 3977 .

1896 4005 2003 4060 imo
2033 4004 2206 4076 potius
2226 4003 2390 4059 dolet.
2423 4003 2556 4070 Quia
2587 4004 2746 4074 igitur
2775 4005 2863 4060 ille
2891 4009 2978 4075 qui
3006 4006 3158 4075 punit
3187 4024 3290 4061 non
3314 4008 3462 4067 laua-

1896 4103 2015 4161 tur,
2045 4109 2219 4166 neque
2250 4104 2304 4149 tu
2348 4095 2566 4151 lteteris.
2593 4092 2700 4150 Sed
2729 4095 2774 4149 si
2814 4095 2987 4165 juste,
3030 4095 3238 4167 inquies
3258 4137 3272 4162 ,
3308 4100 3463 4167 puni-

1896 4198 2056 4244 untur
2074 4230 2089 4256 ,
2114 4203 2218 4243 non
2243 4187 2425 4243 dolere
2450 4196 2679 4257 oportet.
2710 4187 2881 4243 Etiam
2908 4198 3126 4259 propter
3149 4188 3252 4245 hoc
3278 4189 3465 4245 dolen—

1896 4281 2054 4346 dum,
2106 4279 2246 4351 quod
2297 4279 2441 4350 digni
2486 4278 2746 4350 supplicio
2788 4278 2887 4333 visi
2934 4277 3148 4333 fuerint.
3200 4280 3293 4335 Dic
3336 4294 3464 4334 vero

1896 4371 2022 4425 mihi
2041 4411 2056 4436 ,
2091 4385 2210 4425 cum
2237 4369 2434 4424 videris
2462 4368 2628 4423 ﬁlium
2662 4378 2807 4424 tuum
2835 4370 2916 4424 uri
2942 4369 3027 4425 vel
3055 4371 3222 4426 secari
3248 4412 3262 4435 ,
3287 4386 3464 4427 nOune

1895 4463 2083 4520 doles?
2108 4461 2264 4519 Certe
2289 4463 2438 4519 doles
2457 4502 2472 4527 ,
2503 4473 2556 4518 et
2581 4479 2686 4517 non
2716 4463 2849 4519 dicis
2873 4462 2967 4518 tibi
2993 4462 3091 4533 ipsi
3120 4478 3134 4516 :
3164 4462 3296 4532 Quid
3324 4463 3466 4519 hoc?

1895 4554 1962 4609 ad
1989 4555 2269 4610 sanitatem
2314 4555 2481 4610 sectio
2528 4563 2768 4625 spectat,
2815 4563 2869 4610 et
2896 4570 2995 4625 pro
3040 4554 3353 4610 liberatione
3383 4568 3467 4611 est

1896 4647 2035 4701 ustio
2064 4663 2076 4700 :
2104 4654 2337 4700 attamen
2385 4661 2504 4700 cum
2535 4645 2688 4700 audis
2728 4645 3017 4701 ululantem
3042 4686 3058 4711 ,
3110 4661 3209 4700 nec
3252 4646 3465 4725 dolores

1897 4735 2191 4803 ferentem,
2234 4736 2426 4800 doles;
2471 4752 2569 4792 nec
2612 4736 2807 4792 sufficit
2835 4736 2921 4791 illa
2949 4738 3191 4791 sanitatis
3236 4752 3357 4807 spes
3396 4738 3464 4792 ad

1897 4826 2183 4882 tollendam
2220 4836 2424 4881 naturae
2470 4826 2947 4897 perturbationem.
2998 4826 3074 4881 lta
3118 4836 3171 4881 et
3216 4827 3266 4880 in
3314 4826 3463 4890 istis,

1896 4917 2104 4974 etiamsi
2144 4916 2209 4971 ad
2245 4918 2526 4973 sanitatem
2570 4918 2886 4987 puniantur,
2916 4926 3147 4971 attamen
3176 4916 3316 4971 circa
3348 4917 3466 4973 illos

1897 5008 2187 5065 fraternum
2210 5007 2453 5063 affectum
2479 5007 2855 5075 exhibeamus,
2881 5017 3258 5077 paternamque
3279 5007 3467 5061 volun-

1897 5110 2079 5156 tatem.
2102 5099 2379 5155 Sectiones
2404 5109 2458 5155 et
2484 5099 2721 5154 ustiones
2745 5107 2868 5153 sunt
2892 5113 3063 5168 parum
3082 5113 3111 5151 a
3135 5099 3244 5153 Deo
3265 5098 3425 5153 illata:
3447 5118 3462 5164 ;

1896 5191 1989 5246 sed
2019 5190 2139 5245 ideo
2180 5189 2309 5245 flere
2344 5188 2633 5251 debemus,
2682 5187 2822 5256 quod
2868 5188 3236 5257 :egrotaverint
3261 5227 3277 5255 ,
3323 5189 3467 5259 quod

1896 5281 1984 5335 tali
2014 5295 2149 5350 opus
2192 5280 2472 5335 habuerint
2513 5278 2796 5333 medicina.
2842 5278 2899 5334 Si
2943 5278 3060 5347 quis
3110 5294 3208 5349 pro
3251 5282 3465 5336 coronis

1896 5375 1996 5429 hoc
2025 5374 2252 5443 patiatur
2275 5413 2289 5437 ,
2320 5383 2447 5426 tunc
2478 5386 2545 5426 ne
2584 5371 2801 5438 doleas,
2841 5382 2897 5424 ut
2925 5371 3121 5427 Paulus
3151 5381 3205 5427 et
3230 5373 3418 5429 Petrus
3450 5396 3465 5431 :

1893 5465 2103 5534 quando
2132 5472 2307 5518 autem
2334 5462 2455 5532 jure
2481 5462 2570 5517 dat
2598 5476 2805 5532 pmnas,
2840 5472 2965 5517 tunc
2992 5462 3304 5534 laerymare,
3338 5475 3469 5521 tunc

1894 5554 2200 5626 ingemisce.
2232 5554 2391 5609 Tales
2432 5563 2583 5609 erant
2629 5555 2919 5623 prephetm.
2962 5553 3298 5624 Quapropter
3328 5544 3464 5610 unus

1895 5648 2105 5702 illorum
2144 5647 2277 5701 dixit
2305 5663 2318 5699 :
2352 5645 2448 5701 Hei
2478 5645 2599 5699 mihi
2622 5686 2637 5710 ,
2667 5644 2902 5709 Domine,
2941 5645 3125 5700 delcbis
3152 5656 3206 5698 tu
3232 5645 3467 5713 reliquias

1895 5737 2059 5793 Israel
2093 5739 2111 5809 (
2143 5737 2329 5794 Ezech.
2359 5738 2412 5793 9.
2442 5737 2557 5808 8)?
2596 5737 2898 5804 llomieidas
2937 5746 2992 5791 et
3028 5738 3280 5791 scelestos
3325 5748 3468 5803 saepe

1896 5832 2052 5901 plecti
2083 5831 2321 5889 videmus
2344 5871 2360 5899 ,
2391 5840 2444 5887 et
2485 5829 2785 5887 cruciamur
2819 5828 3184 5899 dolemusque.
3227 5824 3303 5881 Nc
3333 5822 3467 5876 ultra
