4028 6218
590 406 695 461 307

590 520 803 576 modum
831 511 1127 586 philosophi
1154 510 1327 566 simus
1344 513 1361 544 ι
1379 554 1394 579 ,
1419 513 1512 569 sed
1533 509 1936 570 misericordes,
1969 513 2028 558 ut
2052 501 2152 555 mi-

587 607 932 665 sericordiam
953 617 1340 673 consequamur
1362 617 1376 654 :
1402 599 1532 653 nihil
1559 598 1682 653 huic
1705 597 1846 651 bono
1870 610 1999 665 par:
2025 593 2157 648 nihil

587 702 659 756 ita
687 698 974 752 humanum
1000 693 1232 750 ostendit
1253 693 1618 747 characterem
1635 730 1652 753 ,
1680 698 1738 742 ut
1765 685 2153 741 misericordia.

589 791 713 846 Ideo
759 789 906 858 leges
951 784 1286 840 carniﬁcibus
1333 780 1510 834 omnia
1557 778 1899 849 permittunt,
1926 774 2155 844 judiccm

584 891 840 952 cogentes
881 888 1084 933 tantum
1130 890 1297 945 usque
1335 873 1402 927 ad
1443 872 1755 927 sententiam
1786 868 1967 923 ulcisci
1995 884 2008 931 ;
2039 866 2159 920 illos

586 986 718 1028 vero
759 969 826 1024 ad
872 984 1006 1038 Opus
1052 966 1304 1021 educunt.
1356 964 1430 1017 lta
1475 962 1574 1017 etsi
1615 963 1756 1028 juste
1789 960 1912 1023 fiat,
1944 965 2159 1011 nonest

587 1065 752 1118 animi
799 1059 1101 1130 philosophi
1138 1059 1349 1128 punire,
1395 1056 1486 1112 sed
1538 1055 1647 1110 alio
1693 1068 1829 1122 opus
1876 1060 2003 1106 est:
2035 1064 2156 1103 nam

590 1169 763 1222 neque
811 1152 949 1206 Deus
993 1165 1086 1221 per
1125 1150 1356 1218 seipsum
1402 1146 1587 1216 punit,
1645 1145 1738 1198 sed
1783 1158 1877 1212 per
1917 1141 2153 1210 angelos.

585 1243 874 1299 Carnifices
919 1255 1046 1310 ergo
1086 1246 1210 1293 sunt
1249 1236 1462 1306 angeli?
1505 1234 1685 1298 Absit,
1725 1248 1828 1287 non
1860 1231 1960 1284 hoc
1997 1231 2153 1294 dico;

586 1333 694 1387 scd
720 1332 936 1385 ultrices
974 1337 1264 1400 potestates
1303 1333 1445 1379 sunt.
1477 1324 1608 1380 Cum
1639 1322 1870 1378 Sodoma
1902 1319 2153 1375 subversa

588 1433 702 1483 est,
749 1436 842 1490 per
889 1420 1006 1473 illos
1052 1417 1230 1473 omnia
1274 1415 1411 1469 facta
1455 1422 1616 1477 sunt;
1663 1410 1877 1481 quando
1936 1425 2053 1478 quae
2100 1407 2152 1462 in

586 1513 816 1584 Egypto
855 1511 1195 1572 acciderunt,
1241 1523 1337 1576 per
1379 1507 1499 1560 illos
1546 1505 1692 1558 item.
1743 1501 2150 1565 lmmissionem,

590 1606 796 1674 inquit,
827 1620 916 1672 per
941 1603 1146 1672 angelos
1171 1600 1330 1652 malos
1357 1596 1538 1669 (Psal.
1573 1597 1660 1649 77.
1686 1595 1756 1650 49
1775 1592 1814 1665 ).
1855 1593 1988 1646 Cum
2029 1606 2156 1660 ergo

583 1711 804 1752 servare
823 1703 1062 1762 oportet,
1092 1707 1188 1761 per
1208 1691 1440 1758 seipsum
1469 1687 1569 1742 hoc
1596 1687 1719 1741 facit
1743 1703 1755 1739 :
1786 1686 1855 1739 ita
1879 1695 1933 1740 et
1960 1683 2150 1737 Filium

585 1801 743 1840 suum
774 1786 916 1840 misit
954 1784 1019 1838 ad
1060 1784 1284 1838 salutem
1327 1779 1538 1852 generis
1569 1779 1757 1833 nostri.
1791 1779 1858 1832 Et
1895 1792 2104 1830 rursum
2137 1780 2160 1828 :‘

592 1876 764 1941 Tunc,
810 1876 1003 1945 inquit,
1051 1875 1214 1929 dicam
1257 1873 1450 1945 angelis
1478 1888 1496 1926 :
1523 1871 1831 1942 Congregate
1869 1869 1994 1922 mihi
2031 1885 2114 1922 eos
2137 1909 2153 1933 ,

583 1969 675 2038 qui
703 1967 895 2037 faciunt
915 1966 1253 2034 iniquitatem,
1281 1977 1326 2018 et
1349 1965 1527 2017 mittite
1557 1963 1608 2016 in
1638 1961 1890 2014 caminum
1925 1961 1941 2029 (
1967 1959 2152 2013 Matth.

590 2060 680 2114 15.
709 2060 797 2112 41.
825 2059 894 2112 42
914 2060 954 2128 ).
989 2059 1063 2113 De
1086 2058 1245 2127 justis
1271 2073 1396 2110 vero
1428 2072 1532 2110 non
1560 2056 1636 2110 sic
1655 2095 1670 2120 ,
1703 2053 1795 2108 sed
1817 2095 1832 2120 ,
1865 2052 1963 2118 Qui
1981 2053 2155 2121 recipit

588 2167 712 2215 vos,
757 2167 835 2202 me
867 2151 1041 2221 recipit
1081 2149 1212 2219 (Id.
1265 2149 1351 2205 10.
1391 2149 1541 2220 40);
1593 2159 1646 2203 et
1681 2165 1922 2214 rursum,
1978 2146 2155 2218 Ligate

646 2283 662 2314 ¹
691 2282 762 2332 ita
777 2283 914 2390 iuxta
937 2282 1075 2332 Savil.
1095 2281 1356 2345 legendum
1383 2287 1477 2341 est,
1501 2289 1655 2331 recte.
1674 2283 1729 2330 In
1741 2280 1935 2330 Montef.
1958 2285 2009 2329 et
2025 2281 2157 2332 Com-

646 2343 758 2390 elm.
802 2347 1060 2390 editur“...
1107 2344 1381 2390 cruciamur
1427 2343 1746 2390 dolemus-aue.
1771 2357 1858 2390 nec
1901 2343 2108 2390 dicimus
2135 2356 2154 2390 :

587 2343 758 2406 nielui.
781 2343 1060 2404 legitur.....
1107 2343 1381 2394 cruciamur
1427 2343 1746 2406 detentusque,
1771 2357 1858 2394 nec
1901 2343 2108 2394 dicimus
2135 2356 2154 2394 :

589 2412 656 2455 A'e
683 2404 804 2454 ultra
827 2409 1036 2454 modum.
1059 2442 1070 2455 .
1093 2435 1104 2450 ι
1125 2439 1142 2452 .
1167 2441 1185 2456 .
1203 2443 1215 2453 .

1323 397 1382 452 S.
1411 394 1689 452 IOANNIS
1723 387 2194 448 CHRVSOSTOMI
2233 385 2543 442 ARClllEP.
2583 384 3108 442 CONSTANTINOP.

3722 389 3843 444 303

2255 516 2435 554 manus
2473 501 2584 570 ejus
2619 508 2665 554 et
2707 500 2882 568 pedes,
2924 509 2970 554 et
3007 501 3182 555 mittite
3217 502 3267 554 in
3305 503 3528 558 tenebras
3557 506 3847 561 exta-iores

2260 592 2484 665 (Matth.
2522 591 2611 646 22.
2646 594 2765 661 15).
2793 591 2927 647 Vide
2966 592 3073 646 illic
3113 607 3327 657 servos,
3370 595 3458 664 qui
3492 595 3841 652 ministrant.

2257 683 2390 736 Cum
2415 693 2594 736 autem
2627 682 2884 737 beneficia
2917 683 3212 751 prmstanda
3237 724 3254 750 ,
3285 683 3398 753 ipse
3426 696 3677 754 prmstat,
3711 687 3841 755 ipse

2257 786 2410 828 vocat
2439 794 2451 829 :
2496 773 2934 840 Venite,benedicti
2961 773 3134 828 Patris
3162 777 3289 837 mei,
3320 778 3560 848 percipite
3588 791 3838 848 paratum

2259 867 2395 920 vobis
2441 882 2649 936 regnum
2694 864 2832 936 (Id.
2877 863 2968 920 25.
3011 864 3141 936 54).
3211 867 3434 933 Quando
3499 869 3826 938 loquendum

2258 965 2342 1012 est
2384 972 2505 1011 cum
2553 956 2855 1020 Abraham,
2905 957 3017 1025 ipse
3060 957 3246 1011 venit:
3286 958 3498 1027 quando
3541 961 3831 1015 Sodomam

2258 1049 2404 1103 abire
2448 1057 2690 1116 oportet,
2738 1061 2926 1102 servos
2977 1047 3139 1101 mittit
3179 1047 3338 1119 (Gen.
3392 1049 3476 1104 19.
3529 1051 3643 1120 1),
3692 1053 3836 1105 sicut

2254 1139 2413 1208 judex
2455 1139 2543 1208 qui
2586 1139 2872 1193 exsuscitat
2915 1140 3208 1209 punituros.
3242 1141 3309 1195 Et
3352 1156 3561 1196 rursum
3597 1161 3610 1198 :
3645 1143 3832 1214 Euge,

2259 1243 2396 1282 serve
2419 1229 2543 1281 bone
2579 1239 2625 1282 et
2656 1228 2852 1298 ﬁdelis,
2879 1230 2995 1298 quia
3033 1247 3184 1298 super
3227 1247 3392 1302 pauca
3438 1233 3579 1302 fuisti
3625 1234 3835 1301 ﬁdelis,

2259 1337 2408 1390 super
2440 1319 2602 1373 multa
2629 1329 2675 1373 te
2699 1323 2994 1374 constituam
3020 1321 3231 1393 (Matth.
3261 1324 3357 1378 25.
3382 1322 3446 1376 21
3477 1326 3516 1389 ).
3545 1325 3682 1378 Huic
3715 1329 3844 1396 qui-

2259 1413 2378 1468 dem
2410 1413 2524 1482 ipse
2551 1413 2852 1474 benedicit;
2885 1414 3030 1468 illum
3058 1429 3182 1468 vero
3219 1415 3511 1484 improbum
3543 1432 3648 1471 non
3683 1419 3804 1486 ipse
3824 1460 3842 1482 ,

2260 1503 2351 1558 sed
2382 1503 2522 1557 servi
2564 1503 2744 1572 ligant.
2775 1503 2900 1558 lla3c
2944 1518 3062 1557 cum
3093 1504 3322 1560 sciamus
3342 1548 3356 1571 ,
3390 1522 3458 1561 ne
3503 1509 3846 1574 gaudeamus

2259 1594 2328 1649 de
2350 1595 2412 1648 iis
2434 1635 2448 1659 ,
2473 1594 2560 1664 qui
2592 1595 2878 1663 puniuntur
2896 1636 2912 1657 ,
2937 1594 3030 1649 sed
3057 1595 3329 1650 doleamus
3353 1615 3366 1650 :
3397 1597 3492 1651 hos
3517 1598 3805 1668 lugeamus
3826 1642 3844 1663 ,

2263 1687 2361 1742 hos
2388 1685 2610 1742 ﬂeamus
2632 1728 2647 1752 ,
2680 1697 2738 1740 ut
2762 1696 2816 1740 et
2843 1686 2964 1742 ideo
2993 1688 3291 1742 mercedem
3340 1689 3647 1744 habeamus.
3683 1692 3849 1749 Nunc

2259 1796 2389 1836 vero
2415 1781 2565 1835 inulti
2606 1780 2765 1834 etiam
2794 1779 2861 1834 de
2901 1781 3002 1848 iis,
3034 1781 3124 1849 qui
3151 1779 3346 1849 injuste
3385 1783 3520 1836 mala
3559 1783 3848 1850 patiuntur

2258 1875 2506 1946 gaudent.
2550 1875 2655 1929 Sed
2684 1889 2787 1928 non
2821 1875 2888 1926 ita
2913 1887 3008 1927 nos
3031 1872 3302 1939 iaciamus,
3333 1889 3652 1944 onmemque
3682 1892 3848 1930 com-

2261 1967 2651 2022 miserationem
2675 1965 3044 2028 exhibeamus,
3075 1975 3132 2018 ut
3155 1975 3207 2019 et
3225 1965 3319 2034 ipsi
3351 1981 3379 2018 a
3399 1965 3506 2019 Deo
3525 1967 3847 2021 misericor-

2261 2060 2400 2114 diam
2433 2073 2856 2128 consequamur,
2903 2057 3068 2126 gratia
3107 2066 3162 2110 et
3202 2056 3525 2126 benignitate
3566 2057 3853 2125 Unigeniti

2260 2153 2394 2222 ejus,
2425 2150 2635 2219 quicum
2678 2150 2819 2205 Patri
2855 2157 2908 2203 et
2942 2148 3159 2216 Spiritui
3201 2157 3384 2202 sancto
3415 2149 3582 2217 gloria
3603 2189 3619 2214 ,
3660 2151 3852 2217 impe-

2260 2244 2416 2308 rium,
2447 2243 2620 2296 honor
2644 2281 2658 2305 ,
2691 2257 2828 2296 nunc
2852 2252 2906 2294 et
2943 2255 3155 2309 semper
3173 2281 3190 2306 ,
3217 2248 3273 2294 et
3307 2240 3361 2294 in
3389 2241 3584 2294 saecula
3607 2243 3852 2296 szeculo-

2259 2351 2399 2389 rum.
2431 2336 2619 2389 Amen.

1949 2599 2292 2661 HOMILIA
2335 2601 2552 2661 XLIV.

588 2745 702 2800 Car
750 2744 820 2799 20
866 2761 916 2798 ν.
959 2746 1043 2799 17.
1068 2747 1107 2798 Α
1155 2745 1327 2800 Mileto
1357 2755 1521 2800 autent
1551 2747 1749 2801 mittens
1772 2745 2048 2817 Ephesum,
2078 2762 2165 2798 vo-

666 2840 797 2892 cavit
825 2838 1135 2910 presbyteros
1162 2838 1419 2894 Ecclesiw.
1448 2841 1530 2894 18.
1569 2840 1668 2904 Qui
1697 2857 1806 2892 cum
1831 2841 2074 2894 venissent
2099 2837 2166 2891 ad

665 2947 799 2996 eum,
831 2931 956 2984 dixit
981 2931 1052 2988 eis
1075 2946 1094 2984 :
1131 2930 1228 2984 Vos
1253 2932 1389 2984 scitis
1413 2950 1443 2984 a
1474 2932 1637 3001 prima
1663 2933 1763 2994 die,
1787 2949 1885 3002 qua
1913 2933 2165 3001 ingressus

664 3039 777 3076 sum
819 3023 872 3074 in
917 3021 1108 3085 Asiam,
1137 3024 1353 3092 qualiter
1402 3024 1653 3076 vobiscum
1684 3041 1770 3093 per
1798 3040 1945 3076 onme
1971 3033 2164 3092 tempus

666 3116 867 3183 fuerim,
892 3113 977 3168 19.
1001 3115 1215 3168 serviens
1245 3113 1462 3166 Domino
1489 3115 1737 3167 vobiscum
1766 3130 1878 3166 cum
1904 3114 2039 3166 οηιηὶ
2070 3114 2165 3165 hu-

666 3205 877 3258 militate
903 3214 950 3258 et
979 3205 1150 3258 multis
1178 3205 1413 3273 lacrymis
1442 3215 1484 3257 et
1513 3203 1883 3268 tentationibus,
1906 3217 2020 3274 qua:
2043 3204 2164 3256 mihi

666 3294 956 3347 acciderunt
983 3311 1042 3348 ex
1077 3295 1271 3348 insidiis
1298 3294 1616 3360 Judworum,
1645 3296 1734 3350 ‘20.
1763 3297 2008 3366 quomodo
2038 3296 2162 3349 nihil

665 3385 996 3438 subtraxerim
1023 3385 1239 3446 utilium,
1267 3387 1388 3454 quin
1426 3387 1773 3439 annuntiarem
1801 3387 1956 3453 vobis,
1994 3398 2038 3441 et
2067 3387 2162 3440 do-

667 3491 828 3528 cerem
856 3490 940 3527 vos
969 3474 1164 3543 publice
1203 3485 1249 3528 et
1281 3492 1370 3542 per
1409 3476 1618 3539 domos;
1646 3477 1735 3530 21.
1766 3478 2036 3544 testiﬁcaris
2064 3477 2163 3530 Ju-

664 3565 795 3620 dan's
828 3564 1264 3636 atque'gentilibus
1288 3564 1340 3618 in
1367 3564 1530 3618 Deum
1569 3567 1986 3634 ymnitentiam,et
2011 3569 2162 3638 ﬁdem

666 3658 724 3712 in
746 3657 1015 3710 Dominum
1041 3667 1266 3710 nostrum
1289 3657 1323 3709 J
1329 3675 1465 3711 esum
1491 3657 1762 3712 Christum.

669 3751 722 3806 1.
757 3749 911 3804 Pauli
935 3751 1195 3804 modestia.
1226 3781 1298 3790 ——
1326 3751 1456 3805 Vide
1481 3767 1636 3821 quam
1677 3761 1864 3821 urgeat
1905 3752 1971 3808 ad
2023 3769 2162 3822 pra:-

593 3841 1066 3911 ternavigandum,
1121 3857 1218 3896 nec
1262 3843 1513 3912 negligat,
1555 3843 1660 3896 imo
1688 3844 1942 3898 omnibus
1984 3846 2161 3914 provi-

590 3933 740 3996 deat,
773 3947 1050 3987 accersens
1080 3932 1360 4003 principes,
1386 3944 1438 3989 ct
1459 3949 1577 3989 cum
1609 3934 1712 3990 illis
1739 3951 2038 3992 sermonem
2068 3936 2161 3991 ha-

592 4026 750 4080 licus.
779 4025 840 4079 Et
867 4025 1212 4079 admiratione
1236 4024 1450 4094 dignum
1477 4034 1578 4091 est,
1603 4026 1870 4094 quomodo
1895 4027 1944 4080 in
1973 4042 2160 4081 ncces-

596 4119 752 4171 sitate
782 4118 980 4186 positus
1012 4132 1194 4187 magna
1223 4117 1462 4186 qumdam
1488 4117 1553 4171 de
1583 4132 1641 4170 se.
1670 4118 1900 4181 dicendi,
1940 4129 2162 4173 conetur

593 4209 853 4263 tnodestia
879 4209 972 4260 uti.
997 4207 1138 4263 Sicut
1169 4210 1308 4262 enim
1328 4208 1539 4262 Samuel
1565 4209 1852 4262 traditurus
1880 4210 2157 4278 imperium

590 4300 763 4365 Sauli,
790 4300 985 4353 Iuda-is
1004 4301 1131 4352 dicit
1157 4318 1169 4351 :
1205 4298 1257 4353 Ν
1263 4317 1342 4351 mn
1362 4301 1620 4367 quidpiam
1641 4316 1673 4352 α
1700 4300 1832 4353 vobis
1857 4302 2045 4370 accepi,
2074 4317 2158 4354 vos

591 4403 742 4445 testes
765 4395 880 4444 estis
908 4401 954 4443 et
980 4391 1114 4444 Deus
1143 4391 1217 4461 (1.
1245 4391 1370 4460 Reg.
1392 4391 1478 4444 12.
1503 4391 1587 4460 5);
1611 4402 1662 4444 et
1691 4390 1852 4444 David
1880 4405 1996 4443 cum
2027 4391 2158 4446 lich

592 4499 708 4537 tton-
726 4483 1009 4537 haberetur
1028 4484 1098 4546 ei,
1127 4483 1228 4537 ait:
1255 4483 1318 4536 In
1340 4484 1456 4537 ovili
1480 4500 1617 4537 erum
1642 4500 1846 4553 pascens
1872 4502 1982 4539 oves
2003 4487 2158 4555 patris

589 4577 727 4641 mei;
767 4587 954 4630 etcum
1005 4577 1134 4629 venit
1185 4593 1364 4643 ursus,
1434 4579 1661 4630 manibus
1703 4579 1868 4646 ipsum
1917 4581 2158 4651 discerps‘i

586 4668 678 4731 (1.
709 4667 831 4738 lleg.
864 4669 948 4721 17.
979 4669 1064 4724 54.
1103 4668 1193 4736 ’55)
1219 4686 1231 4721 ε
1262 4677 1314 4722 et
1358 4670 1470 4736 ipse
1514 4670 1706 4723 Paulus
1734 4670 2022 4725 Corinthiis
2047 4673 2152 4725 ait:

595 4757 852 4828 lnsipiens
873 4761 948 4831 fui
969 4778 986 4813 :
1015 4775 1098 4813 vas
1135 4777 1213 4813 me
1246 4761 1473 4831 coegistis
1499 4760 1574 4831 (9..
1606 4760 1723 4814 Cor.
1758 4763 1843 4816 12.
1877 4763 1986 4830 10).
2018 4765 2156 4816 Deus

591 4868 802 4921 quoque
845 4852 1067 4920 idipsum
1098 4851 1238 4909 facit,
1284 4843 1388 4904 non
1429 4852 1743 4920 simpliciter
1781 4853 1846 4907 de
1877 4852 2050 4922 seipso
2077 4854 2159 4908 di-

589 4924 763 4998 ccus':
795 4944 886 4998 sed
916 4943 1124 5013 quando
1152 4945 1198 4998 ei
1230 4959 1336 4998 nou
1368 4943 1618 5008 creditur,
1649 4945 1904 5000 beneficia
1935 4946 2154 5015 profert.

588 5034 726 5089 Vide
751 5051 877 5103 ergo
917 5034 1039 5103 quid
1072 5034 1157 5088 hic
1189 5036 1342 5090 faciat
1372 5051 1384 5088 :
1440 5035 1609 5103 primo
1658 5035 1868 5089 illorum
1915 5038 2155 5091 testimo-

583 5128 732 5180 nium
761 5125 934 5192 affert,
961 5143 1025 5181 ne
1052 5137 1203 5194 putes
1235 5129 1347 5180 haec
1393 5127 1458 5180 ad
1487 5126 1675 5180 fastum
1707 5127 1832 5194 diei,
1860 5136 1914 5181 et
1941 5128 2154 5182 audito-

591 5233 675 5271 res
701 5217 963 5272 dictorum
991 5229 1153 5274 testes
1175 5220 1417 5284 advocat,
1439 5219 1578 5288 quod
1605 5219 1822 5273 minime
1852 5221 1980 5289 ipsis
2007 5235 2154 5274 men-

583 5310 766 5362 tiatur.
818 5309 941 5362 Ilmc
990 5311 1223 5364 doctoris
1277 5313 1446 5364 virtus
1491 5320 1594 5376 est,
1637 5310 1849 5379 quando
1892 5311 2152 5366 bonorum

582 5413 806 5466 operum
835 5408 998 5454 testes
1023 5401 1178 5454 habet
1205 5401 1511 5470 discipulos.
1541 5403 1798 5472 Quodque
1826 5403 2019 5455 mirum
2049 5412 2148 5466 est,

583 5503 689 5542 non
711 5503 864 5542 unam
883 5500 937 5545 et
957 5491 1180 5545 alteram
1197 5492 1333 5546 diem
1358 5495 1406 5546 in
1430 5494 1531 5548 hoc
1549 5494 1851 5562 insumpsit,
1870 5495 1961 5548 sed
1984 5510 2152 5549 annos

586 5581 863 5650 plurimos.
904 5580 1000 5634 Vos
1027 5583 1154 5634 enim
1202 5585 1359 5644 scitis.
1390 5586 1578 5654 inquit,
1609 5587 1856 5655 quomodo
1901 5587 2155 5638 vobiscum

588 5685 677 5739 per
705 5687 850 5726 oinne
879 5685 1073 5743 tempus
1102 5673 1301 5743 fuerint.
1335 5675 1462 5728 Vult
1505 5677 1660 5744 igitur
1692 5677 1834 5744 ipsos
1867 5675 2064 5729 hortari
2100 5685 2154 5729 ut

584 5763 794 5820 fortiter
814 5765 984 5820 ferant
1015 5767 1212 5831 omnia,
1231 5779 1283 5820 et
1299 5769 1686 5835 separatiouem
1709 5783 1855 5820 suam
1876 5779 1926 5821 ct
1950 5770 2152 5822 futuras

589 5859 945 5929 mutationes;
976 5867 1032 5914 ut
1051 5857 1115 5916 dc
1140 5857 1316 5930 Moyse
1336 5867 1386 5915 ct
1407 5859 1473 5916 dc
1497 5857 1622 5914 Jcsu
1649 5859 1891 5929 legimus.
1915 5859 1978 5914 Et
2005 5858 2147 5928 vide,

2269 2747 2392 2817 quid
2441 2745 2598 2800 addat
2651 2763 2665 2798 :
2716 2747 2974 2813 Quomodo
3033 2746 3281 2801 vobiscum
3335 2765 3420 2816 per
3461 2763 3604 2801 omne
3642 2757 3862 2811 tempus

2273 2839 2475 2908 fuerim,
2504 2837 2721 2892 serviens
2763 2837 2978 2890 Domino
3025 2854 3137 2889 cum
3183 2838 3322 2890 omni
3351 2838 3644 2890 humilitate.
3678 2837 3855 2904 Vide,

2271 2928 2395 2998 quid
2427 2931 2655 2982 maxime
2702 2929 2966 2997 principes
2995 2927 3179 2981 doceat
3205 2945 3218 2980 :
3252 2926 3504 2991 0dientcs,
3531 2929 3728 2997 inquit,
3757 2948 3860 2983 su-

2271 3020 2514 3088 perbiam.
2548 3018 2600 3073 Id
2645 3018 2785 3088 quod
2831 3020 3056 3073 maxime
3100 3019 3421 3087 principibus
3465 3020 3739 3087 competit,
3775 3038 3856 3074 eo

2270 3110 2413 3180 quod
2458 3110 2708 3165 facillime
2736 3111 2787 3164 in
2835 3111 3190 3180 arrogantiam
3219 3110 3490 3164 tollantur.
3521 3110 3643 3165 llaec
3671 3113 3856 3166 virtus

2268 3208 2353 3256 est
2381 3201 2640 3256 bonorum
2666 3201 2995 3272 hypothesis,
3017 3211 3073 3255 ut
3094 3211 3147 3256 et
3169 3200 3410 3255 Christus
3431 3201 3633 3256 dicebat
3653 3219 3666 3254 :
3690 3202 3858 3258 Beati

2267 3309 2513 3364 pauperes
2556 3292 2738 3362 spiritu
2772 3291 2981 3363 (Matth.
3025 3293 3077 3347 5.
3111 3291 3187 3362 5).
3219 3291 3325 3346 Nec
3353 3292 3538 3353 solum,
3567 3292 3693 3345 Cum
3725 3293 3841 3345 hu-

2268 3386 2512 3451 utilitate,
2531 3385 2665 3440 dixit
2686 3402 2699 3450 ;
2729 3386 2844 3451 sed,
2865 3386 2989 3440 Cum
3009 3387 3145 3439 omni
3170 3385 3464 3439 humilitate.
3487 3386 3660 3439 Multzn
3682 3388 3848 3440 enim

2266 3485 2388 3530 sunt
2412 3477 2617 3545 species
2658 3476 3005 3529 humilitatis:
3038 3487 3121 3530 est
3147 3475 3417 3529 humilitas
3459 3476 3510 3529 in
3546 3477 3736 3538 verbo,
3784 3479 3850 3531 in

2267 3581 2448 3634 opere,
2479 3582 2604 3635 erga
2651 3567 2935 3636 principes,
2979 3581 3105 3634 erga
3151 3565 3410 3619 subditos.
3441 3565 3611 3619 Vultis
3659 3567 3849 3620 dieam

2265 3659 2419 3714 vobis
2446 3657 2760 3712 humilitatis
2787 3657 3010 3711 modos?
3041 3657 3174 3710 Sunt
3197 3659 3283 3726 qui
3311 3673 3434 3726 erga
3463 3657 3689 3710 humiles
3711 3668 3854 3712 sunt

2269 3751 2515 3815 humiles,
2548 3765 2670 3820 erga
2703 3749 2953 3803 sublimes
3003 3763 3131 3804 vero
3179 3748 3433 3802 sublimes
3463 3766 3476 3802 :
3509 3749 3611 3803 hoc
3655 3761 3850 3804 autem

2269 3857 2371 3895 non
2395 3851 2478 3896 cst
2508 3841 2796 3894 hun'iilitas.
2822 3838 2955 3894 Sunt
2979 3841 3140 3894 etiam
3164 3841 3250 3894 alii
3278 3856 3384 3895 non
3414 3841 3565 3905 tales,
3591 3841 3683 3894 sed
3711 3857 3848 3910 erga

2266 3944 2518 4003 utrosque
2542 3931 2889 3986 humilitatem
2919 3941 2970 3984 ct
2996 3932 3377 3988 sublimitatem
3407 3942 3620 3988 servant
3649 3950 3661 3984 :
3691 3934 3850 4003 quod

2265 4027 2424 4079 etiam
2473 4025 2700 4078 maxime
2743 4023 3056 4078 humilitatis
3084 4035 3188 4079 est.
3240 4025 3500 4078 Docturus
3538 4039 3666 4093 ergo
3713 4025 3853 4080 illos

2269 4118 2414 4180 talia,
2451 4125 2508 4169 ut
2536 4132 2604 4170 ne
2650 4115 2922 4170 videretur
2958 4127 3268 4186 arroganter
3293 4115 3491 4181 ell'erri,
3528 4119 3674 4186 prius
3715 4115 3853 4170 fuit-

2264 4210 2568 4263 damentum
2601 4209 2768 4276 ponit,
2801 4209 3160 4276 suspicionem
3201 4207 3416 4262 tollens.
3447 4207 3578 4260 Nam
3622 4208 3665 4260 si
3712 4223 3850 4261 cum

2263 4299 2407 4353 Omni
2436 4299 2733 4353 humilitate
2776 4300 2867 4364 fui,
2896 4300 3086 4368 inquit,
3127 4316 3230 4352 non
3258 4315 3320 4353 ex
3369 4299 3666 4366 arrogantia
3720 4298 3854 4353 haec

2265 4389 2402 4443 dico.
2430 4389 2633 4443 Deinde
2665 4390 3124 4444 mansuetudinem
3155 4389 3406 4442 declarat.
3435 4388 3725 4454 Vobiscum,
3755 4390 3851 4443 in-

2265 4487 2396 4555 quit,
2429 4486 2853 4553 fuerim.serviens
2883 4485 3116 4547 Domino,
3147 4485 3266 4537 illos
3297 4484 3419 4537 boni
3449 4485 3626 4551 Operis
3656 4485 3853 4538 socios

2264 4574 2572 4630 ostendens.
2604 4575 2693 4628 Sic
2738 4575 2933 4639 ubique
2961 4575 3189 4629 societas
3215 4575 3352 4627 bona
3389 4582 3490 4627 est.
3516 4573 3852 4628 Communia

2263 4680 2390 4736 ergo
2427 4666 2549 4719 facit
2578 4665 2716 4719 bona
2745 4679 2927 4734 opera,
2959 4674 3012 4719 et
3042 4665 3172 4718 nihil
3208 4664 3306 4717 sibi
3338 4665 3519 4717 tribuit
3547 4664 3847 4717 eximium.

2263 4759 2400 4826 Quid
2428 4759 2592 4822 enim,
2620 4757 2870 4825 inquies?
2913 4774 2977 4812 an
3008 4767 3192 4811 contra
3227 4757 3388 4809 Deum
3417 4771 3674 4825 arrogans
3715 4773 3852 4812 esse

2263 4852 2467 4922 potuit?
2498 4851 2654 4918 Atqui
2682 4850 2831 4902 multi
2880 4859 3024 4914 sunt,
3053 4850 3138 4916 qui
3169 4857 3350 4900 contra
3393 4847 3534 4899 illum
3579 4863 3851 4916 arrogan-

2264 4953 2342 4996 tes
2370 4952 2491 4996 sunt
2515 4961 2528 4994 :
2575 4941 2661 4995 hic
2691 4956 2818 4993 vero
2846 4955 2912 4993 ne
2939 4948 3122 4993 contra
3147 4939 3431 5007 discipulos
3459 4954 3584 4992 suos
3613 4939 3846 5004 quidem

2261 5049 2515 5102 arrogans
2537 5042 2670 5086 erat.
2695 5032 2807 5085 lloc
2833 5033 3026 5084 bonum
3050 5031 3282 5083 doctoris
3307 5039 3387 5082 est
3413 5045 3564 5096 opus,
3587 5045 3650 5082 ex
3678 5031 3846 5083 bonis

2261 5126 2510 5194 Operibus
2537 5126 2646 5178 suis
2671 5123 2960 5193 discipulos
3000 5122 3282 5175 moderari.
3319 5123 3514 5176 Deinde
3559 5121 3841 5176 fortitudi-

2262 5232 2380 5271 nem
2431 5232 2580 5269 suam
2629 5215 2877 5275 ostendit,
2921 5229 3077 5282 quam
3119 5214 3342 5280 carptim
3400 5212 3654 5279 pra-terit.
3706 5212 3844 5264 Cani

2261 5308 2428 5361 multis
2473 5308 2708 5376 lacrymis
2751 5316 2796 5359 et
2830 5304 3197 5369 tentationibus,
3233 5320 3347 5374 qum
3386 5305 3510 5356 mihi
3537 5304 3846 5358 acciderunt

2261 5416 2323 5453 ea:
2351 5399 2550 5452 insidiis
2578 5397 2892 5450 Judworum.
2927 5395 3112 5450 Viden’
3140 5395 3406 5465 quomodo
3433 5396 3498 5448 de
3537 5395 3703 5464 gestis
3732 5397 3843 5447 do-

2259 5492 2402 5546 leat?
2452 5491 2547 5544 llic
2577 5505 2702 5542 vero
2728 5489 3243 5542 commiscrationcm
3272 5503 3418 5540 suam
3448 5486 3659 5541 videtur
3689 5489 3843 5540 indi-

2256 5599 2379 5635 care
2411 5598 2422 5632 :
2455 5582 2714 5634 maerebat
2741 5582 2882 5633 enim
2915 5595 3010 5649 pro
3040 5579 3403 5648 pereuntibus,
3437 5594 3532 5647 pro
3565 5579 3845 5631 facinoro-

2256 5673 2327 5726 sis
2363 5689 2375 5724 :
2425 5687 2544 5724 nam
2584 5671 2650 5724 de
2695 5671 2794 5725 sibi
2840 5671 2996 5723 illatis
3028 5670 3179 5723 malis
3213 5670 3496 5740 gaudebat.
3529 5670 3655 5722 Erat
3683 5671 3838 5723 enim

2255 5781 2318 5820 ex
2364 5765 2570 5818 illorum
2607 5764 2790 5830 choro,
2818 5764 2906 5833 qui
2951 5763 3268 5833 gaudebant,
3301 5764 3420 5832 quia
3464 5761 3608 5831 digni
3660 5762 3838 5816 habiti

2254 5865 2405 5913 erant
2429 5871 2525 5925 pro
2547 5857 2759 5910 nomine
2775 5854 2898 5910 Jcsu
2924 5854 3296 5910 contumeliam
3325 5855 3433 5924 pati
3460 5854 3594 5926 (Act.
3622 5854 3679 5910 5.
3709 5855 3830 5927 «11).
