4002 6224
528 215 631 267 509

524 287 765 374 αἰώνιον
784 319 977 386 ,βάρος
997 316 1183 383 δόξης
1203 314 1609 385 κατεργάζεται
1632 315 1794 386 ἡμῖν.
1834 316 1994 369 ’Λλλά
2011 314 2181 368 ταῦτα

523 407 671 476 λέγει
727 405 1051 477 μετριάζων.
1126 402 1385 457 Ἐνταῦθα
1428 402 1486 455 δὲ
1546 403 1816 456 δείκνυσιν
1856 403 2029 457 ἀὑτοῦ
2083 402 2183 473 τὴν

523 495 795 565 ἀνδρείαν,
854 495 946 547 καὶ
996 492 1056 545 οὐ
1119 491 1368 544 τοσοῦτον
1421 491 1520 562 τὴν
1577 491 1853 563 ἀνδρείαν,
1915 491 2036 544 ὅσον
2084 490 2182 561 τὴν

524 582 804 651 ὑπομονήν
828 598 844 613 ·
898 579 1029 633 ὡσεὶ
1080 579 1297 648 ἔλεγεν·
1334 579 1614 648 Ἔπασχον
1659 580 1767 648 ἐγω
1810 579 2012 644 κακῶς,
2049 579 2225 653 mea

526 669 645 739 μεθ’
676 668 830 739 ὑμῶν
854 684 868 699 ·
911 668 1004 721 καὶ
1031 667 1091 721 τὸ
1126 667 1319 729 δεινὸν,
1358 668 1438 720 ὅτι
1472 665 1577 719 ὑπὸ
1616 666 1901 722 Ἰουδαίων.
1941 666 2048 720 Θέα
2093 682 2183 736 μοι

523 756 757 811 ἐνταῦθα
810 756 1135 829 χαρακτῆρα
1192 755 1576 818 διδασκαλίας·
1636 754 1733 808 καὶ⁹
1804 754 1903 825 τὴν
1962 755 2183 824 ἀγάπην

520 845 704 916 τίθησι
746 846 842 899 καὶ
884 846 982 915 τὴν
1039 844 1309 916 ἀνδρείαν.
1356 843 1453 909 Ὠς
1491 843 1671 898 οὐδὲν
1712 841 2180 911 ὑπεστειλάμην,

524 934 677 1003 φησί.
710 933 783 985 Τὸ
837 932 1071 1002 ἄφθονον
1125 933 1365 986 δείκνυσι
1417 932 1504 985 διὰ
1562 930 1766 985 τούτων
1803 930 1959 1002 ὁμοῦ,
1994 930 2087 983 καὶ
2122 929 2182 983 τὸ

522 1022 735 1075 ἄοκνον.
766 1021 872 1074 Kal
895 1019 1015 1072 τῶν
1045 1021 1489 1089 συμφερόντων.
1520 1018 1714 1082 Καλῶς
1751 1018 1923 1081 οὕτως
1954 1013 2105 1071 εἶπεν
2129 1030 2177 1059 ι·

518 1099 589 1174 ἦν
612 1102 718 1175 γὰρ
749 1102 784 1157 ἃ
812 1104 909 1157 ούκ
956 1103 1061 1156 ἔδει
1114 1103 1321 1174 μαθεῖν.
1360 1102 1567 1174 Ὥσπερ
1604 1102 1662 1155 δὲ
1700 1102 1760 1154 τὸ
1795 1100 1917 1154 τινὰ
1941 1099 2181 1173 ἀποκρύο

524 1190 771 1255 πτεσθαι,
813 1190 1040 1260 φθόνου·
1082 1190 1221 1244 οὕτω
1267 1191 1328 1243 τὸ
1365 1190 1545 1243 πάντα
1588 1189 1786 1259 λέγειν,
1840 1189 2043 1250 ἀνοίας.
2082 1188 2182 1243 Διά

519 1278 679 1332 τοῦτο
711 1278 1040 1350 προσέθηκε,
1076 1278 1196 1333 Τῶν
1222 1280 1668 1347 συμφερόντων,
1708 1277 1904 1350 δηλῶν,
1945 1278 2027 1331 ὅτι
2066 1278 2179 1331 Οὐκ

522 1360 676 1419 εἶπον
725 1366 904 1436 μόνον,
964 1366 1099 1419 ἀλλά
1141 1366 1235 1419 καὶ
1272 1366 1516 1432 ἐδίδαξα·
1566 1366 1663 1435 οὐχ
1707 1365 1783 1429 ὡς
1832 1364 1963 1419 αὐτὸ
2020 1364 2179 1419 τοῦτο

519 1454 937 1525 ἀφοσιούμενος,
975 1456 1160 1525 φησίν.
1197 1455 1321 1509 Ὀτι
1366 1455 1422 1508 δὲ
1459 1453 1614 1507 τοῦτο
1664 1454 1834 1523 δηλοῖ,
1898 1454 2061 1507 ἄκουε
2116 1454 2178 1507 τὸ

520 1543 651 1612 έξῆς
672 1560 686 1575 ·
729 1542 975 1613 ἐπήγαγε
1006 1541 1115 1611 γάρ
1136 1557 1151 1572 ·
1185 1540 1453 1610 Δημοσίᾳ
1501 1538 1599 1593 καὶ
1647 1543 1773 1593 κατ’
1810 1541 2016 1603 οἴκους
2038 1555 2053 1570 ·
2080 1538 2178 1610 τὴν

522 1630 740 1702 μακρὰν
784 1628 1197 1699 ταλαιπωρίαν,
1256 1628 1349 1681 καὶ
1406 1628 1504 1700 τὴν
1556 1628 1753 1700 πολλὴν
1798 1628 2032 1698 σπουδὴν
2087 1628 2180 1681 καὶ

520 1718 617 1789 τὴν
653 1717 947 1788 καρτερίαν
978 1715 1437 1786 ἐπιδεικνύμενος.
1465 1715 2004 1784 Διαμαρτυρόμενος
2042 1715 2178 1767 Ἰου-

519 1804 710 1870 δαίοις
756 1821 820 1858 τε
867 1805 965 1859 καί
998 1804 1308 1871 Ἕλλησιν.
1341 1804 1473 1875 Ούχὶ
1522 1804 1657 1875 πρὸς
1690 1804 1854 1875 ὑμᾶς,
1884 1805 2037 1874 φησὶ,
2079 1804 2175 1875 μό-

517 1909 631 1954 νον,
667 1892 800 1946 ἀλλά
851 1892 946 1945 καὶ
984 1892 1120 1963 πρὸς
1155 1891 1442 1962 Ἕλληνας.
1484 1890 1745 1945 Ἐνταῦθα
1788 1893 1821 1963 η
1855 1892 2135 1963 παρρησία
2158 1908 2171 1922 ·

518 1978 670 2053 [552]
697 1982 792 2034 καὶ
820 1983 923 2043 ὃτι,
947 1980 1065 2033 Κᾶν
1092 1980 1256 2051 μηδὲν
1287 1979 1605 2049 ὠφελῶμεν,
1641 1980 1820 2048 λέγειν
1846 1980 1954 2033 δεῖ·
1982 1980 2043 2033 τὸ
2071 1979 2176 2051 γὰρ

517 2067 989 2139 διαμαρτύρασθαι
1016 2066 1173 2120 τοῦτό
1204 2068 1370 2133 ἐστιν,
1404 2068 1533 2120 ὅταν
1567 2066 1703 2137 πρὸς
1750 2066 1875 2131 τοὺς
1902 2067 1976 2138 μὴ
2011 2064 2171 2137 προει-

517 2155 737 2225 έχοντας
771 2154 1037 2224 λέγωμεν·
1083 2154 1144 2207 τὸ
1185 2153 1292 2225 γὰρ
1328 2152 1821 2225 διαμαρτύρασθαι,
1868 2153 1944 2217 ὡς
1983 2154 2075 2206 ἐπὶ
2114 2152 2177 2206 τὸ

517 2241 653 2294 πολὺ
696 2241 852 2295 τοῦτό
912 2244 1047 2295 ἐστι.
1118 2241 1602 2310 Διαμαρτύρομαι,
1662 2241 1825 2311 φησὶν
1850 2242 1878 2293 6
1913 2241 2173 2309 Μωῦσῆς,

514 2329 627 2382 τὸν
650 2329 909 2395 οὐρανὸν
936 2328 1034 2382 καὶ
1060 2327 1173 2396 τὴν
1208 2327 1356 2397 γῆν·
1390 2329 1484 2381 καὶ
1514 2327 1608 2381 νῦν
1644 2328 1825 2391 αὐτὸς,
1857 2330 2176 2397 Διαμαρτυ-

507 2415 764 2483 ρόμενος
794 2414 1097 2478 Ἰουδαίοις
1124 2430 1188 2467 τε
1218 2414 1315 2467 καὶ
1337 2414 1591 2483 Ἕλλησι
1622 2413 1736 2482 τὴν
1762 2415 1849 2479 είς
1886 2413 1994 2467 τὸν
2028 2414 2177 2469 Θεὸν

509 2499 856 2570 μετάνοιαν.

587 2587 654 2658 β’.
671 2587 734 2639 Τί
758 2586 1122 2659 διαμαρτύρῃ;
1147 2588 1307 2642 ’Ὥστε
1338 2586 1452 2658 βίου
1467 2588 1857 2659 ἐπιμεληθῆναι
1873 2604 1889 2622 ·
1911 2588 2049 2642 ὥστε
2077 2606 2174 2660 με·

511 2676 771 2745 τανοῆσαι
819 2679 914 2729 καὶ
965 2675 1280 2746 προσελθεῖν
1324 2676 1402 2747 τῷ
1440 2676 1578 2747 Θεῷ.
1612 2677 1745 2731 Οὐδὲ
1792 2677 1901 2750 γὰρ
1934 2678 2175 2732 Ἰουδαῖοι

512 2764 711 2835 ⁴ᾔδεσαν
739 2762 923 2827 αὑτὸν,
960 2762 1049 2815 διά
1076 2780 1135 2816 τε
1180 2764 1272 2817 τὸν
1315 2763 1443 2817 Υἰδν
1474 2766 1705 2833 ἀγνοεῖν,
1739 2764 1826 2819 διά
1852 2782 1910 2818 τε
1940 2766 2010 2819 τὰ
2038 2766 2175 2837 ἔργα

512 2854 607 2907 καὶ
626 2854 806 2906 πίστιν
832 2852 905 2923 μὴ
932 2852 1075 2923 ἐχειν
1098 2854 1195 2926 τὴν
1216 2856 1296 2918 είς
1323 2854 1413 2907 τὸν
1436 2853 1637 2925 Κύριον
1653 2854 1878 2925 Ἰησοῦν.
1905 2855 2060 2919 Τίνος
2083 2851 2175 2908 οῦν

511 2941 697 2994 ἕνεκεν
717 2940 889 2995 ταῦτα
904 2941 1113 3009 λέγεις;
1142 2942 1284 3006 τίνος
1310 2942 1494 2996 ἕνεκεν
1512 2943 1682 2996 ταῦτα
1707 2942 2172 3013 ύπομιμνήσκεις;

511 3029 565 3082 τί
597 3028 819 3098 γέγονε;
864 3030 938 3100 μή
970 3047 1019 3082 τι
1046 3029 1190 3100 ἔχεις
1226 3030 1508 3099 ἐγκαλεῖν;
1542 3030 1813 3103 Πρότερον
1846 3030 2174 3093 κατασείσας

510 3115 687 3168 αὐτῶν
716 3116 814 3185 τὴν
842 3116 1098 3182 διάνοιαν,
1133 3116 1254 3169 τότε
1301 3117 1528 3184 ἐπάγει·
1582 3116 1691 3170 Kal
1730 3116 1848 3171 νῦν
1890 3116 2019 3171 ίδοὺ
2061 3116 2175 3186 ἐγὼ

511 3202 824 3272 δεδεμένος
853 3201 935 3268 τῷ
968 3204 1263 3271 Πνεύματι
1289 3206 1610 3273 πορεύομαι
1637 3205 1723 3269 είς
1756 3203 2170 3275 Ἰερουσαλὴμ,

512 3288 585 3342 τὰ
615 3290 683 3341 ἐν
708 3288 863 3357 αὐτῇ
889 3289 1358 3357 συναντήσοντα
1381 3308 1485 3360 μοι
1527 3290 1613 3359 μὴ
1655 3291 1823 3357 είδώς
1843 3307 1857 3321 ·
1889 3291 2056 3360 πλὴν
2083 3293 2175 3348 ὅτι

510 3375 577 3429 τὸ
607 3375 848 3445 Πνεῦμὰ
883 3394 984 3445 μοι
1014 3376 1079 3430 τὸ
1102 3376 1272 3447 ἅγιον
1303 3378 1454 3431 κατὰ
1492 3379 1673 3431 πόλιν
1700 3377 2170 3448 διαμαρτύρεται,

510 3463 710 3532 λέγον,
737 3466 770 3517 ὅ
776 3483 825 3518 τι
850 3465 1042 3533 δεσμά
1064 3482 1141 3534 με
1160 3466 1257 3520 καὶ
1279 3467 1517 3534 θλίψεις
1530 3465 1844 3535 μένουσιν.
1864 3467 2015 3522 Ἀλλ’
2035 3469 2174 3523 οὑδ-

512 3552 651 3618 ενὸς
686 3554 870 3620 λόγον
910 3553 1220 3623 ποιοῦμαι·
1278 3552 1419 3608 οὐδὲ
1455 3553 1574 3623 ἔχω
1603 3553 1718 3623 τὴν
1740 3554 1952 3625 ψυχὴν
1977 3557 2175 3625 τιμίαν

511 3638 764 3707 ἐμαυτῷ,
795 3639 875 3705 ὠς
911 3640 1222 3695 τελειῶσαι
1255 3640 1362 3694 τόν
1390 3640 1614 3711 δρόμον
1636 3659 1754 3712 μου
1777 3644 1927 3713 μετὰ
1962 3644 2170 3714 χαρᾶς,

512 3726 610 3779 καὶ
636 3726 750 3794 τὴν
778 3726 1107 3790 διακονίαν,
1137 3726 1218 3795 ῆν
1239 3729 1457 3783 ἔλαϐον
1477 3730 1636 3799 παρά
1668 3731 1773 3787 τοῦ
1810 3732 2030 3799 Κυρίου
2058 3734 2173 3801 Ἰη-

511 3813 649 3878 σοῦ,
675 3814 1175 3884 διαμαρτύρασθαι
1203 3816 1269 3869 τό
1287 3817 1655 3887 Εὑαγγέλιον
1678 3818 1786 3888 τῆς
1814 3818 2050 3889 χάριτος
2065 3820 2171 3874 τοῦ

514 3903 682 3958 Θεοῦ.
716 3903 814 3956 Διά
843 3903 1081 3957 τίταῦτα
1103 3905 1283 3973 λέγει;
1338 3906 1817 3978 Παρασκευάζωνδ
1850 3908 2045 3972 αὐτοὺς
2087 3909 2174 3963 ἀεὶ

512 3990 760 4060 ἑτοίμους
786 3986 921 4044 εἶναι
956 3992 1089 4064 πρὸς
1127 3994 1401 4058 κινδύνους
1436 3996 1528 4049 καὶ
1557 3995 1748 4066 δήλους
1799 3998 1895 4050 καὶ
1918 3995 2170 4068 ἀδήλους,

512 4078 609 4132 καὶ
643 4079 819 4132 πάντα
849 4080 925 4151 τῷ
953 4081 1227 4152 Πνεύματι
1257 4082 1559 4137 πείθεσθαι.
1584 4084 1833 4139 Δείκνυσι
1862 4086 1941 4150 δὲ,
1969 4088 2049 4140 ὅτι
2078 4088 2172 4142 ἐπὶ

515 4165 769 4235 μεγάλοις
796 4168 1081 4237 ἀπάγεται.
1135 4170 1310 4237 Πλὴν
1357 4170 1446 4224 ὅτι
1492 4171 1558 4224 τὸ
1596 4171 1837 4242 Πνεῦμά
1854 4192 1974 4241 μοι,
2016 4176 2169 4246 φησὶ,

511 4254 579 4307 τὸ
638 4253 807 4322 ἄτιον
851 4258 1000 4309 κατὰ
1046 4257 1230 4310 πόλιν
1271 4258 1739 4326 διαμαρτύρεται,
1787 4261 1988 4329 λέγον.
2051 4263 2171 4319 Ἵνα

510 4340 681 4411 δείξῃ,
709 4342 789 4393 ὃτι
820 4340 960 4395 έκὼν
980 4342 1295 4412 ἀπέρχεται,
1326 4346 1419 4397 καὶ
1446 4344 1530 4397 ἴνα
1556 4346 1631 4416 μὴ
1651 4347 1848 4417 δεσμὸν
1871 4348 2169 4422 ῆάνάγκην

511 4428 761 4497 νομίσῃς,
795 4427 855 4480 τὸ
887 4430 1048 4481 Κατὰ
1074 4429 1256 4481 πόλιν
1282 4424 1456 4484 εἶπεν.
1491 4430 1624 4485 Εἶτα
1674 4433 1888 4503 ἐπάγει,
1933 4436 2014 4490 ὃτι
2046 4440 2169 4493 Οὐκ

509 4514 628 4584 ἔχω
658 4515 854 4583 τιμίαν
884 4513 997 4581 τὴν
1044 4514 1303 4583 ἐμαυτοῦ
1343 4518 1574 4586 ψυχὴν,
1611 4520 1689 4588 ὡς
1718 4523 2024 4578 τελειῶσαι
2062 4527 2170 4581 τόν

508 4601 728 4670 δρόμον
753 4618 872 4670 μου
892 4602 1041 4671 μετὰ
1060 4603 1267 4672 χαρᾶς,
1296 4604 1396 4659 καί
1431 4605 1546 4674 τὴν
1568 4608 1895 4678 διακονίαν,
1929 4610 2009 4680 ἣν
2032 4614 2169 4668 ἕλα-

511 4693 618 4745 ϐον
646 4691 807 4775 παρὰ
837 4690 943 4744 τοῦ
981 4692 1199 4761 Κυρίου
1216 4694 1441 4761 Ἰησοῦ.
1461 4696 1622 4768 Ὁρᾷς
1652 4699 1734 4752 ότι
1764 4701 1863 4755 οὐκ
1896 4702 2167 4775 ἀποδυρο-

511 4778 673 4848 μένου
706 4774 774 4850 ἦν
799 4780 867 4834 τὰ
913 4780 1153 4852 ῥήματα,
1190 4782 1325 4837 ἀλλά
1360 4784 1737 4855 μετριάζοντος
1763 4788 1859 4841 καὶ
1886 4774 2168 4845 παιδεύον-

505 4884 597 4931 τος
644 4868 882 4933 ἐκείνους
921 4873 1015 4923 καὶ
1054 4872 1465 4943 ωμπάσχοντος
1506 4877 1619 4937 τοῖς
1661 4877 2003 4948 γινομένοις;
2049 4879 2167 4936 Οὐκ

506 4950 680 5018 εἶπεν,
728 4956 811 5010 ὅτι
858 4957 1167 5029 ’Λλγῶμεν,
1206 4960 1420 5030 ἀνάγκη
1468 4962 1523 5015 δὲ
1580 4963 1796 5034 φέρειν·
1860 4966 1976 5021 ἀλλ’
2018 4970 2161 5033 οῦδε,

518 5041 807 5113 Ἥγοῦμαι.
831 5044 1000 5098 Τοῦτο
1018 5047 1178 5101 πάλιν
1194 5046 1362 5116 λέγει,
1385 5050 1483 5102 οὐκ
1508 5060 1529 5088 ο
1555 5040 1796 5125 ἐπαίρων
1817 5053 2028 5121 ἐαυτὸν,
2050 5054 2165 5111 ἀλλ’

505 5130 746 5194 ἐκείνους
775 5132 1060 5195 διδάσκων,
1100 5134 1188 5189 διὰ
1217 5136 1313 5206 μὲν
1342 5136 1450 5191 τῶν
1481 5139 1760 5211 προτέρων
1787 5140 1885 5212 τὴν
1923 5160 2165 5199 ταπεινο·

506 5216 798 5303 φροσύνην,
829 5219 917 5272 διά
955 5220 1011 5274 δὲ
1036 5222 1239 5275 τούτων
1260 5223 1357 5295 τὴν
1380 5224 1649 5296 ἀνδρείαν,
1688 5227 1784 5299 τὴν
1818 5231 2126 5303 παρρησίαν
2146 5249 2160 5263 ·

505 5301 638 5391 ᾡσεξ
659 5304 841 5371 ἔλεγεν
861 5322 873 5334 ·
907 5308 980 5360 Οὐ
1008 5309 1145 5376 φιλῶ
1177 5311 1346 5383 αὐτὴν
1382 5313 1487 5384 πρὸ
1510 5313 1715 5384 ταύτης
1734 5334 1747 5346 ·
1773 5301 2164 5391 προτιμότερον

506 5387 639 5457 ἡγοῦ
649 5406 745 5475 μαι
763 5391 822 5444 τὸ
848 5392 1066 5448 τελέσαι
1091 5396 1182 5449 τὸν
1206 5397 1423 5468 δρόμον,
1445 5400 1506 5453 τὸ
1533 5387 2024 5475 διαμαρτύρασθαι.
2054 5387 2163 5461 Καὶ

503 5476 605 5530 οὐκ
634 5471 776 5541 εἷπε,
808 5478 1077 5550 Κηρῦξαι,
1107 5483 1352 5549 Διδάξαι·
1380 5486 1517 5541 ἀλλά
1540 5471 2163 5563 τίςτΔιαμαρτύρασθαι

506 5566 574 5617 τὸ
594 5565 958 5635 Εὑαγγέλιον
981 5568 1089 5638 τῆς
1110 5570 1349 5640 χάριτος
1380 5575 1486 5629 τοῦ
1518 5578 1686 5633 Θεοῦ.
1720 5580 1917 5635 Μέλλει
1957 5600 2011 5636 τι
2038 5599 2163 5655 φορ-

570 5690 597 5718 ⁸
622 5688 753 5767 Huic,
778 5694 936 5750 καλῶς
955 5696 1105 5767 οὕτως
1132 5699 1479 5767 εῖπινροεμηι
1499 5704 1545 5752 in
1569 5717 1666 5753 uno
1688 5704 1803 5767 Cod:
1868 5707 1897 5748 δ
1921 5706 2038 5767 Alii,
2082 5709 2161 5758 διὰ

506 5751 749 5831 ἱίέκφησὶί
769 5751 1156 5831 παρασκευάζων.
1226 5764 1249 5795 ε
1265 5751 1482 5825 Ὠυὶόιηὶ
1505 5751 1657 5827 mss;
1682 5751 2158 5831 ἦγδῦμαι.“ῖί’τοῦτδ

510 5814 652 5866 πάλιν
701 5816 786 5867 οῦκ
819 5814 1037 5887 ἐπαίρων.

1261 203 1318 259 8.
1361 202 1642 260 JOANNIS
1678 200 2163 260 CIIRYSOSTOMI
2202 199 2522 259 ARCHIEP.
2561 201 3103 260 CONS‘I'ANTINOP.

3838 203 3956 260 319

2285 314 2579 388 τικώτερον
2608 317 2806 385 λέγειν,
2854 317 2936 370 ὅτι
2968 314 3231 383 Καθαρὸς
3260 314 3374 386 ἐγὼ
3412 315 3530 370 ἀπὸ
3558 316 3664 371 τοῦ
3692 318 3955 385 αἳματος

2286 404 2557 458 πάντων·
2613 404 2699 458 διὰ
2755 405 2910 457 τοῦτο
2951 404 3471 474 προκατασκευάζει,
3507 403 3602 457 καὶ
3648 403 3945 471 δείκνυσιν,

2285 493 2367 545 ὃτι
2396 492 2545 544 οὐδὲν
2572 491 2898 546 ἐλλείπεται.
2927 491 3081 543 Ἐπεὶ
3117 486 3208 543 οῦν
3231 490 3451 561 ἔμελλεν
3484 492 3665 555 αὐτοῖς
3697 494 3945 547 ἐπιτιθέ-

2282 596 2368 632 ναι
2398 579 2459 632 τὸ
2485 578 2648 650 βάρος
2666 579 2809 633 ἆπαν
2829 577 3002 631 καὶτὸ
3022 577 3256 649 φορτίον,
3282 578 3541 647 πρότερον
3568 579 3944 648 κατεμάλαξεν

2279 667 2459 723 αὐτῶν
2484 668 2581 738 τὴν
2613 667 2871 730 διάνοιαν,
2900 666 3101 733 λέγων·
3155 665 3263 719 Kal
3310 665 3425 719 νῦν
3456 664 3586 718 ίδοὺ
3623 665 3739 736 ἐγὼ
3785 664 3938 728 οῖδα.

2280 756 2365 809 ὅτι
2385 758 2496 809 οὑκ
2516 756 2601 808 ἐτι
2629 755 2857 823 ὄψεσθε
2886 753 2953 806 τὸ
2984 754 3310 822 πρόσωπόν
3341 770 3480 821 μου.
3520 748 3656 805 Εἶτα
3688 753 3811 807 τότε
3838 757 3934 809 ἐπ-

2280 844 2455 914 ήγαγε
2490 843 2573 905 τὸ,
2612 842 2883 909 Καθαρὸς
2927 840 3040 910 ἐγὼ
3064 840 3179 894 ἀπὸ
3234 840 3339 894 τοῦ
3388 840 3635 908 αἵματος
3677 841 3923 899 πάντων.

2278 929 2447 1001 Διπλῆ
2478 931 2512 1000 ἡ
2542 928 2685 999 λύπη
2708 942 2723 957 ·
2774 927 2834 980 τό
2858 944 2939 990 τε,
2977 927 3051 979 Τὸ
3077 927 3365 998 πρόσωπον
3390 926 3554 979 αὑτοῦ
3573 927 3673 979 οὐκ
3705 926 3779 979 ἔτι
3802 928 3924 996 ὄψε-

2279 1017 2422 1083 σθαι,
2475 1017 2569 1070 καὶ
2624 1016 2705 1079 τὸ,
2767 1015 2974 1078 Αὐτοὺς
3018 1015 3243 1078 πάντας.
3283 1016 3406 1068 Οὑκ
3451 1015 3541 1068 ἔτι
3590 1014 3721 1084 γὰρ,
3750 1017 3918 1085 φησὶν,

2278 1103 2503 1171 ὄψεσθε
2535 1101 2604 1156 τὸ
2633 1102 2956 1169 πρόσωπόν
2987 1119 3104 1169 μου
3136 1100 3304 1170 ὑμεῖς
3350 1099 3591 1165 πάντες,
3622 1100 3695 1152 ἐν
3720 1096 3809 1167 οἷς
3843 1102 3920 1155 δι-

2276 1188 2467 1259 ῆλθον
2493 1191 2818 1259 κηρύσσων
2854 1188 2967 1255 τὴν
2999 1188 3345 1253 βασιλείαν.
3378 1188 3541 1240 Ὥστε
3561 1188 3783 1252 εἰκότως
3816 1189 3919 1241 δια-

2280 1277 2625 1351 μαρτύρομαι
2682 1277 2830 1348 ὑμῖν,
2887 1277 2981 1330 ἀτε
3039 1276 3233 1346 μηκέτι
3298 1274 3760 1352 παραγινόμενος,
3812 1275 3920 1329 Ὅτι

2276 1364 2534 1433 καθαρὸς
2576 1364 2689 1433 ἐγὼ
2745 1363 2895 1436 1555]
2940 1364 3059 1417 ἀπὸ
3107 1362 3213 1417 τοῦ
3252 1363 3497 1431 αἵματος
3544 1362 3808 1417 πάντων.
3850 1366 3922 1417 θὺ

2276 1453 2385 1523 γὰρ
2416 1451 2861 1521 ὑπεστειλάμην
2906 1451 3011 1505 τοῦ
3052 1452 3136 1521 μὴ
3171 1449 3517 1519 ἀναγγεῖλαι
3549 1450 3695 1519 ὑμῖν
3736 1448 3921 1505 πᾶσαν

2273 1540 2389 1609 τὴν
2408 1541 2653 1607 ,βουλὴν
2676 1540 2781 1593 τοῦ
2828 1540 2995 1594 Θεοῦ.
3033 1540 3196 1610 Ὁρᾷς
3218 1538 3333 1600 πῶς
3361 1538 3538 1607 φοϐεῖ,
3574 1539 3671 1591 καὶ
3700 1554 3919 1608 πεπονη-

2277 1628 2442 1698 μένας
2487 1626 2665 1681 αὑτῶν
2716 1626 2814 1690 τὰς
2852 1626 3027 1697 ψυχὰς
3071 1627 3164 1680 καὶ
3223 1624 3584 1695 τεθλιμμένας
3633 1624 3916 1695 ἐπιτρίδιι;

2274 1715 2488 1780 Καλῶς,
2516 1716 2595 1769 ὅτι
2632 1715 2926 1783 ἀναγκαῖον
2964 1709 3050 1784 ἦν.
3087 1716 3168 1766 Οὑ
3214 1713 3322 1782 γὰρ
3349 1712 3805 1780 ὑπεστειλάμην
3830 1712 3915 1766 τοῦ

2268 1802 2353 1873 μὴ
2380 1802 2723 1872 ἀναγγεῖλαι
2768 1802 2930 1870 ὑμῖν,
2960 1802 3114 1872 φησὶ,
3146 1800 3352 1855 πᾶσαν
3394 1800 3510 1867 τὴν
3546 1801 3799 1869 ,ϐουλὴν
3832 1801 3916 1855 τοῦ

2276 1891 2444 1945 Θεοῦ.
2482 1891 2623 1962 ’Δρα
2658 1890 2687 1943 6
2732 1890 2805 1960 μὴ
2831 1889 3027 1958 λέγων,
3072 1888 3369 1951 ὑπεύθυνός
3396 1889 3515 1940 ἐστι
3546 1889 3643 1942 τοῦ
3676 1890 3919 1959 αἵματος·

2272 1979 2536 2043 τουτέστι,
2567 1978 2665 2048 τῆς
2690 1976 2920 2046 σφαγῆς.
2962 1976 3127 2029 Οὐδὲν
3158 1974 3347 2029 τούτου
3389 1975 3793 2047 φοϐερώτερον.
3820 1977 3923 2030 Δεί-

2273 2083 2477 2130 κνυσιν,
2505 2066 2594 2119 ὅτι
2619 2066 2879 2128 κάκεῖνοι,
2900 2064 2964 2118 ἂν
2998 2064 3072 2134 μὴ
3104 2060 3352 2128 ποιῶσιν,
3393 2062 3689 2117 ὑπεύθυνοί
3712 2068 3819 2117 εἱσι
3844 2064 3921 2117 τοῦ

2271 2154 2520 2224 αἵματος.
2551 2153 2663 2207 Kal
2687 2153 2834 2205 δοκεῖ
2866 2152 2963 2222 μὲν
2986 2150 3388 2219 ἀπολογεῖσθαι,
3419 2153 3660 2216 ἐκείνους
3681 2153 3737 2206 δὲ
3768 2154 3917 2221 φοϐεῖ.

2270 2240 2602 2309 Προσέχετε
2610 2236 2722 2294 οὖν
2736 2239 2967 2305 ἑαυτοῖς
2980 2239 3075 2292 καὶ
3090 2238 3263 2293 παντί
3275 2238 3355 2305 τῷ
3368 2242 3635 2309 ποιμνίῳ,
3649 2234 3777 2307 ἐνῷ
3790 2240 3921 2309 ὑμᾶς

2270 2330 2336 2381 τό
2356 2328 2597 2397 Πνεῦμα
2621 2327 2685 2381 τὸ
2704 2328 2874 2397 ἅγιον
2893 2326 3060 2381 ἔθετο
3080 2327 3452 2395 ἐπισκόπους
3475 2331 3814 2397 ποιμαίνειν
3826 2329 3921 2395 τὴν

2272 2417 2633 2485 Ἐκκλησίαν
2680 2416 2787 2470 τοῦ
2850 2416 3019 2478 Θεοῦ,
3057 2414 3136 2482 ἦν
3168 2415 3630 2484 περιεποιήσατο
3684 2418 3786 2471 διὰ
3830 2417 3921 2471 τοῦ

2274 2503 2424 2558 ίδίου
2452 2505 2716 2573 αἵματος.
2768 2504 2963 2575 Ὀρᾷς;
3018 2502 3112 2555 δύο
3152 2503 3503 2574 προσέταξεν.
3561 2504 3697 2558 Οῦτε
3736 2502 3830 2559 οῦν
3869 2505 3921 2557 τὸ

2272 2592 2490 2663 ἐτέρους
2520 2591 2817 2665 κατορθοῦν
2849 2591 3007 2661 μόνον
3032 2591 3143 2662 ἔχει
3171 2608 3223 2644 τι
3255 2592 3442 2663 κέρδος
3461 2592 3782 2664 (Φοϐοῦμαι
3808 2595 3917 2664 γὰρ,

2273 2676 2532 2749 φησὶ-,μή
2582 2695 2706 2744 πως
2729 2677 2940 2743 ἄλλοις
2967 2678 3232 2745 κηρύξας
3270 2682 3451 2745 αὐτὸς
3504 2680 3787 2749 ἀδόκιμος
3842 2680 3921 2749 τὲ-

2270 2765 2500 2835 νωμαι),
2544 2764 2666 2818 οὔτε
2707 2765 2770 2818 τὸ
2800 2764 2991 2818 ἐαυτοῦ
3041 2766 3201 2835 μόνον
3252 2767 3645 2836 ἐπιμελεῖσθαι.
3708 2767 3771 2820 '0
3827 2770 3921 2837 γὰρ

2271 2853 2509 2916 τοιοῦτος
2536 2852 2787 2922 φίλαυτος
2831 2852 2925 2905 καὶ
2975 2852 3035 2905 τὸ
3068 2853 3259 2906 ἐαυτοῦ
3300 2853 3450 2924 ζητεῖ
3481 2855 3664 2925 μόνον,
3693 2856 3792 2908 καὶ
3834 2856 3919 2907 τοῦ

2270 2941 2330 2993 τὸ
2358 2941 2617 2994 τάλαντον
2644 2938 3058 3010 καταχώσαντος
3094 2941 3205 3004 ῑσος
3236 2942 3371 2994 ἐστι.
3414 2942 3597 2995 Ταῦτα
3621 2942 3791 3010 λέγει,
3833 2942 3924 2995 οὐκ

2272 3028 2458 3099 ἐπειδὴ
2490 3027 2856 3098 προτιμοτέρα
2893 3030 2927 3098 ἡ
2955 3027 3197 3098 ἡμετέρα
3253 3031 3494 3100 σωτηρία
3523 3029 3614 3083 τοῦ
3660 3030 3920 3099 ποιμνίου,

2271 3115 2384 3169 ἀλλ’
2429 3115 2635 3187 ἐπειδὴ,
2682 3117 2809 3170 ὅταν
2861 3118 3070 3181 ἑαυτοῖς
3119 3118 3496 3189 προσέχωμεν,
3554 3119 3672 3172 τότε
3724 3118 3817 3171 καὶ
3868 3118 3924 3171 τὸ

2271 3204 2517 3274 ποίμνιον
2556 3204 2843 3275 κερδαίνει.
2888 3198 3059 3271 Ἐνῷ
3091 3204 3245 3275 ὑμᾶς
3283 3206 3351 3259 τὸ
3389 3206 3625 3275 Πνεῦμα
3651 3206 3715 3258 τὸ
3754 3206 3924 3274 ἅγιον

2269 3292 2435 3346 ἔθετο
2479 3291 2852 3358 ἐπισκόπους
2888 3293 3222 3361 ποιμαίνειν
3261 3293 3379 3362 τὴν
3419 3295 3776 3359 Ἐκκλησίαν
3816 3294 3923 3347 τοῦ

2273 3378 2440 3433 Θεοῦ.
2466 3378 2606 3451 Ὅρα
2639 3380 2797 3433 πόσαι
2826 3380 3061 3448 ἀνάγκαι
3082 3380 3134 3436 δ.
3179 3382 3336 3453 Παρά
3370 3381 3459 3435 τοῦ
3492 3380 3803 3452 Πνεύματος
3826 3381 3923 3451 τὴν

2270 3467 2598 3539 χειροτονίαν
2634 3468 2808 3539 ἔχετε,
2843 3468 3007 3540 φησί·
3046 3468 3205 3522 τοῦτο
3249 3470 3357 3539 γάρ
3400 3470 3513 3522 ἐστι
3561 3469 3647 3534 τὸ,
3689 3470 3916 3523 Ἕθετο.

2270 3556 2383 3609 Μία
2412 3555 2549 3628 αῦτη
2577 3556 2789 3628 ἀνάγκη
2810 3572 2824 3587 ·
2881 3552 3019 3616 εἶτα.
3050 3558 3393 3626 Ποιμαίνειν
3421 3555 3535 3625 τὴν
3559 3557 3921 3624 Ἐκκλησίαν

2268 3642 2375 3697 τοῦ
2403 3643 2572 3699 Θεοῦ.
2618 3642 2747 3697 Ἰδοὺ
2780 3643 2873 3697 καὶ
2896 3643 3123 3714 δευτέρα
3142 3660 3155 3673 ·
3192 3645 3285 3697 καὶ
3312 3645 3491 3716 τρίτη,
3514 3645 3624 3699 Ἥν
3654 3662 3816 3714 φησιν
3843 3645 3917 3697 ὅτι

2272 3730 2731 3798 περιεποιήσατο
2760 3730 2859 3785 διὰ
2888 3733 2995 3786 τοῦ
3028 3732 3181 3786 ίδίου
3197 3733 3464 3801 αἵματος.
3514 3732 3656 3786 Πολὺ
3695 3733 3916 3786 δείκνυσι

2270 3817 2339 3871 δι’
2365 3812 2439 3872 ὧν
2466 3814 2585 3874 εἷπε
2613 3818 2790 3890 τίμιον
2828 3818 2891 3872 τὸ
2918 3820 3169 3889 πρᾶγμα,
3201 3821 3294 3872 καὶ
3316 3821 3398 3872 ὅτι
3422 3820 3520 3890 οὐχ
3549 3821 3689 3891 ὑπὲρ
3719 3820 3915 3890 μικρῶν

2270 3905 2299 3958 6
2320 3905 2580 3969 κίνδυνος,
2608 3907 2661 3959 εῐ
2683 3922 2744 3974 γε
2763 3908 2790 3959 6
2806 3906 3079 3977 Δεσπότης
3100 3906 3240 3977 ὑπὲρ
3264 3908 3363 3978 τῆς
3378 3907 3704 3976 Ἐκκλησίας
3729 3918 3774 3972 ο,
3806 3906 3914 3959 οὐδὲ

2267 3993 2362 4047 τοῦ
2390 3994 2618 4065 αἵματος
2644 3995 2895 4062 ἐφείσατο
2914 3994 3007 4047 τοῦ
3037 3994 3249 4060 ἐαυτοῦ,
3279 3997 3438 4065 ἡμεῖς
3453 3995 3509 4047 δὲ
3528 3996 3629 4066 τῆς
3653 3996 3762 4048 τῶν
3778 3993 3915 4048 ἁδελ-

2269 4080 2385 4149 φῶν
2444 4080 2714 4152 σωτηρίας
2766 4082 3231 4153 καταφρονοῦμεν.
3288 4083 3397 4137 Καὶ
3428 4085 3637 4146 ἐκεῖνος
3689 4084 3788 4154 μὲν
3840 4083 3915 4135 ἶνα

2270 4167 2497 4239 ἐχθροὺς
2524 4168 2852 4241 καταλλάξῃ,
2895 4170 2989 4222 καὶ
3015 4169 3075 4223 τὸ
3108 4166 3247 4239 αἷμα
3270 4170 3479 4241 ἐξέχεε·
3512 4167 3578 4224 σὺ
3607 4171 3664 4224 δὲ
3690 4171 3808 4223 ούδέ
3841 4171 3913 4237 φί-

2268 4254 2393 4318 λους
2453 4257 2777 4325 γενομένους
2840 4257 3041 4328 ίτχύεις
3099 4260 3409 4328 κατασχεῖν.
3458 4259 3609 4329 Ἐγὼ
3654 4260 3764 4329 γὰρ
3797 4254 3915 4312 οἶδα

2268 4342 2465 4406 τοῦτο,
2489 4343 2578 4396 ὅτι
2598 4346 3047 4399 εἰσελεύσονται
3071 4345 3221 4415 μετά
3244 4346 3356 4413 τὴν
3376 4346 3587 4415 ἄφιξίν
3607 4366 3727 4416 μου
3754 4348 3913 4400 λύκοι

2262 4429 2471 4498 ⁸βαρεῖς
2495 4433 2582 4497 εἰς
2617 4430 2789 4500 ὑμᾶς,
2809 4431 2895 4501 μὴ
2922 4432 3252 4501 φειδόμενοι
3278 4432 3380 4487 τοῦ
3403 4436 3706 4503 ποιμνίου.
3760 4433 3911 4487 Πάλιν

2267 4518 2485 4573 ἄλλοθεν
2521 4520 2718 4583 αὐτοὺς
2744 4522 3058 4593 ἐπιστρέφει
3095 4524 3203 4576 ἀπὸ
3246 4523 3353 4577 τῶν
3383 4523 3691 4593 ἐσομένων·
3740 4522 3910 4589 ὥσπερ

2268 4608 2396 4663 ὅταν
2438 4607 2671 4679 ἀλλαχοῦ
2724 4608 2858 4683 λέγῃ
2880 4625 2896 4642 ·
2957 4612 3076 4665 Οὐκ
3107 4611 3277 4666 ἐστιν
3319 4612 3462 4681 ἡμῖν
3491 4613 3529 4680 η
3583 4612 3749 4679 πάλη
3778 4608 3911 4678 πρὸς

2266 4691 2408 4765 αἷμα
2432 4695 2530 4750 καὶ
2557 4696 2773 4765 σάρκα.
2798 4698 2923 4752 ’Ὀτι
2949 4700 3414 4761 είσελεύσονται,
3451 4701 3608 4770 φησὶ,
3633 4700 3782 4769 μετὰ
3812 4696 3912 4763 τὴν

2266 4783 2473 4853 ἄφιξίν
2496 4802 2615 4853 μου
2644 4787 2815 4839 λύκοι
2835 4786 3045 4855 ,βαρεῖς
3070 4790 3156 4853 είς
3186 4786 3357 4856 ὑμᾶς.
3387 4787 3620 4840 Διπλοῦν
3648 4788 3708 4841 τὸ
3734 4786 3905 4848 κακὸν,

2265 4872 2346 4927 ὅτι
2396 4890 2457 4927 τε
2495 4873 2658 4937 αὐτὸς
2708 4875 2768 4927 ού
2800 4875 3053 4946 πάρεστι,
3086 4876 3181 4928 καὶ
3212 4877 3294 4928 ὅτι
3323 4876 3499 4941 ἕτεροι
3553 4877 3905 4948 ἐπιθήσονται.

2264 4959 2330 5014 Τί
2361 4954 2453 5015 οῦν
2481 4960 2715 5035 ἀπέρχῃ,
2746 4962 2795 5015 εί
2824 4961 2978 5016 τοῦτο
3004 4963 3289 5034 προοίδας;
3333 4964 3406 5017 Τὸ
3453 4964 3683 5035 Πνεῦμα
3728 4980 3797 5035 με
3831 4961 3906 5015 ξλ-

2265 5066 2371 5112 κει,
2405 5048 2556 5119 φησί.

2334 5143 2383 5206 γ’
2392 5179 2404 5191 .
2427 5138 2535 5191 Kal
2563 5137 2663 5209 δρα
2684 5153 2698 5167 ·
2721 5137 2818 5209 ούχ
2834 5137 3016 5202 ἁπλῶς
3049 5134 3189 5203 εἶπε,
3214 5140 3419 5205 Λύκοι,
3436 5140 3571 5194 ἀλλὰ
3596 5139 3903 5211 προσέθηκε.

2265 5226 2495 5294 Βιιρεῖς,
2524 5224 2586 5278 τὸ
2609 5225 2833 5296 σφοδρὸν
2862 5226 3038 5279 αὐτῶν
3065 5226 3157 5280 καὶ
3187 5228 3381 5297 ἰταμὸν
3407 5230 3788 5300 αἰνιττόμενος·
3824 5225 3905 5279 καὶ

2264 5316 2324 5371 τὺ
2354 5318 2748 5388 χαλεπώτερον,
2787 5318 2866 5371 ὅτι
2907 5318 3101 5382 αὐτοὺς
3134 5319 3356 5382 τούτους
3386 5318 3446 5383 ἐξ
3471 5319 3650 5374 αὐτῶν
3684 5317 3908 5385 ἀναστήο

2264 5407 2452 5461 σεσθαι
2486 5406 2665 5477 λέγει·
2700 5407 2728 5459 ὃ
2753 5408 2844 5460 καὶ
2874 5406 3077 5478 σφόδρα
3114 5408 3227 5460 ἐστὶ
3271 5408 3429 5478 βαρὺ,
3458 5409 3586 5463 ὅταν
3619 5410 3711 5463 καὶ
3745 5405 3910 5478 ἐμφύ-

2261 5494 2373 5559 λιος
2402 5496 2431 5548 6
2454 5495 2686 5565 πόλεμος
2806 5496 2915 5548 Kal
2945 5495 3122 5560 καλῶς
3154 5491 3296 5562 εἷπε,
3326 5497 3680 5565 Προσέχετε,
3704 5494 3908 5555 δεικνὺς

2260 5583 2723 5655 περισπούδαστον
2772 5584 2975 5656 σφόδρα
3019 5585 3080 5638 τὸ
3134 5587 3361 5657 πρᾶγμα
3412 5586 3740 5659 (Ἐκκλησία
3806 5584 3908 5653 γάρ

2340 5769 2549 5836 ἇ-ῐῙόσαι
2572 5770 2770 5833 ἀνάγκαι
2803 5773 2947 5821 dcpsl
2991 5775 3039 5821 in
3068 5785 3186 5836 ιιιιο.
3252 5777 3275 5806 ε
3300 5773 3482 5836 verba,
3508 5775 3752 5831 Δεσπότης
3794 5769 3905 5832 ὺπέρ

2260 5839 2343 5893 τῆς
2369 5834 2673 5893 Ἕκκλησίας.
2696 5836 2871 5884 desum
2898 5838 2944 5885 in
2969 5848 3064 5884 uno
3091 5834 3204 5884 Cod.
