4002 6224
259 271 365 328 309

269 389 337 445 ὶιζι
386 404 600 445 rursus
649 390 786 445 alibi
829 390 995 445 dicit:
1031 388 1183 443 Nunc
1231 390 1424 459 gaudeo
1465 389 1519 441 in
1564 386 1875 455 passionibus

277 483 402 536 meis
432 500 535 552 pro
566 484 722 536 vobis
748 482 877 547 (Col.
904 484 955 535 l.
976 481 1097 551 2i);
1121 490 1174 534 et
1198 496 1406 533 rursum
1433 495 1446 531 :
1482 477 1633 532 Nunc
1657 494 1879 531 momen-

285 586 435 628 tanea
458 574 655 627 levitas
684 573 1021 627 tribulationis
1040 589 1193 634 supra
1222 572 1425 623 modum
1445 581 1681 624 internum
1703 571 1879 638 gloria:

292 669 492 734 pondus
519 676 775 738 aperatur
814 665 953 720 nobis
980 664 1056 733 (2.
1085 665 1199 719 Cor.
1225 665 1279 719 4.
1314 666 1419 733 l7).
1447 662 1639 718 Verum
1669 664 1780 716 hmc
1811 677 1874 716 ex

301 760 556 815 modestia
582 759 741 811 dicit.
760 758 856 812 Hic
876 767 1048 811 autem
1071 756 1299 811 ostendit
1322 755 1676 809 fortitudinem
1700 770 1871 819 suam,

305 872 400 908 nec
424 864 528 907 tam
554 851 945 914 fortitudinem,
971 865 1125 919 quam
1150 850 1473 919 patientiam,
1492 863 1552 903 ac
1577 849 1619 903 si
1641 848 1870 902 diceret'

306 947 435 1001 Male
466 944 730 1013 patiebar,
762 942 853 996 sed
896 941 1161 995 vobiscum
1195 958 1207 994 :
1240 942 1485 1010 quodque
1529 939 1742 1009 gravius
1770 946 1870 1004 est,

307 1054 333 1090 a
361 1035 579 1091 .ludmis.
609 1034 705 1088 Hic
738 1033 858 1088 vide
878 1032 1236 1086 characterem
1265 1031 1524 1085 doctrina:
1558 1049 1570 1083 :
1601 1040 1651 1085 et
1677 1030 1872 1084 carita-

308 1140 409 1183 tem
440 1128 591 1197 ponit
615 1136 671 1180 et
699 1126 1082 1180 fortitudinem.
1120 1125 1269 1191 Quod
1303 1124 1430 1176 nihil
1467 1123 1870 1193 subterfugerim,

306 1220 508 1289 inquit;
539 1218 751 1286 copiam
778 1217 931 1271 simul
959 1225 1011 1269 et
1038 1214 1370 1269 sedulitatem
1400 1212 1650 1267 ostendit.
1685 1212 1873 1265 Eorum

302 1326 415 1380 qua:
439 1309 589 1361 utilia
610 1316 795 1361 essent.
824 1306 967 1360 Bene
994 1315 1141 1360 certe
1180 1306 1313 1360 dixit
1343 1326 1356 1361 :
1398 1313 1549 1359 erant
1587 1304 1727 1358 enim
1754 1320 1873 1373 qua:

304 1402 511 1454 discere
552 1415 658 1453 non
690 1398 987 1469 oportebat.
1024 1396 1091 1452 Ut
1130 1412 1257 1451 vero
1300 1395 1541 1466 quadam
1585 1395 1870 1459 occultare,

303 1493 521 1547 iuvidim
551 1492 757 1552 fuisset.
787 1490 863 1544 sic
907 1490 1080 1544 omnia
1108 1489 1285 1544 dicere
1322 1489 1560 1542 stultitia:
1588 1506 1601 1540 :
1633 1486 1753 1541 ideo
1782 1486 1873 1539 ad-

303 1584 457 1647 didit,
509 1582 703 1636 Eorum
746 1596 859 1651 qua!
904 1581 1052 1634 utilia
1103 1589 1305 1634 essent:
1331 1580 1617 1634 ostendens
1663 1593 1721 1632 se
1766 1591 1870 1631 non

306 1676 465 1728 modo
495 1674 713 1737 dixisse,
744 1672 838 1727 sed
862 1672 1017 1725 etiam
1047 1671 1322 1733 docuisse;
1352 1686 1450 1728 nec
1477 1670 1624 1740 quasi
1659 1668 1871 1738 perfun-

307 1768 495 1821 ctorie.
527 1764 672 1832 Quod
724 1770 900 1817 autem
947 1761 1047 1815 hoc
1090 1761 1369 1830 signiﬁcet,
1405 1760 1529 1814 audi
1571 1761 1865 1829 sequentia,

311 1857 521 1911 Publice
546 1866 589 1909 et
616 1872 705 1925 per
735 1855 952 1917 domos;
991 1863 1045 1907 et
1086 1868 1332 1922 magnum
1387 1852 1620 1906 laborem
1668 1861 1721 1905 et
1759 1861 1870 1903 stu-

308 1952 452 2004 dium
474 1948 1029 2019 perseverantiamque
1046 1945 1339 1999 declarans.
1361 1944 1653 2012 Testi/icaus
1672 1942 1701 1994 J
1712 1943 1868 1997 udazis

301 2054 450 2112 atque
459 2040 743 2111 gentilibus.
762 2038 875 2092 Non
891 2037 1038 2090 vobis
1053 2036 1245 2103 solum,
1265 2037 1453 2106 inquit,
1469 2035 1560 2089 sed
1576 2035 1732 2088 etiam
1748 2050 1871 2103 gen-

302 2136 499 2188 tilibus.
514 2134 611 2187 llic
630 2131 875 2200 loquendi
895 2132 1106 2185 libertas
1120 2129 1298 2184 adest:
1319 2128 1533 2183 Etiamsi
1552 2128 1682 2181 nihil
1703 2128 1862 2196 proli-

302 2232 524 2287 ciamus,
540 2227 632 2281 ait.
650 2225 829 2278 dicere
848 2233 1020 2277 tamen
1037 2231 1280 2290 oportet:
1305 2220 1433 2274 illud
1452 2220 1592 2274 enim
1612 2230 1692 2273 est
1715 2221 1863 2273 testi-

302 2319 468 2381 ﬁcari,
485 2317 697 2386 quando
717 2332 819 2369 non
840 2314 1229 2369 attendentibus
1250 2312 1541 2382 loquimur:
1564 2326 1682 2364 nam
1708 2311 1861 2364 testi-

301 2412 441 2466 ﬁcari
461 2411 565 2464 hoc
579 2419 636 2463 ut
654 2408 935 2477 plurimum
951 2408 1226 2475 signiﬁcat.
1239 2404 1430 2467 Testor,
1453 2402 1861 2472 inquitMoyses,

299 2506 474 2558 celum
498 2512 545 2555 et
564 2513 750 2555 terram
778 2498 935 2571 (Dan.
954 2497 1147 2570 4.26);
1178 2508 1223 2550 el
1252 2510 1392 2551 nunc
1413 2495 1636 2551 Paulus:
1667 2493 1866 2562 Teati/i-

304 2615 419 2651 tans
444 2596 647 2650 ludatis
675 2606 823 2663 atque
846 2592 1111 2663 gentilibus
1138 2593 1188 2645 in
1216 2590 1378 2644 Deum
1428 2590 1787 2660 paenitentiam.

363 2689 420 2741 2.
459 2687 596 2753 Quid
642 2680 967 2739 testiﬁcaris?
995 2682 1063 2738 Ut
1088 2683 1206 2736 vitae
1230 2682 1461 2735 studium
1496 2681 1776 2741 habeatur,
1802 2687 1862 2733 ut

298 2777 659 2849 ptBnileutiam
683 2785 908 2846 agautet
929 2774 994 2829 ad
1026 2775 1187 2828 Deum
1215 2772 1486 2827 accedant.
1507 2772 1688 2842 Neque
1717 2772 1858 2828 enim

296 2874 456 2929 Judaei
505 2880 765 2926 noverant
807 2872 971 2933 illum,
1023 2870 1161 2940 quod
1194 2870 1383 2923 Filium
1432 2870 1751 2939 ignorarent,
1808 2876 1862 2923 et

298 2963 433 3032 quod
461 2978 560 3016 nec
586 2977 747 3031 opera
780 2961 1033 3015 haberent
1060 2976 1160 3015 nec
1198 2960 1352 3014 ﬁdem
1387 2962 1436 3015 in
1468 2962 1741 3015 Dominum
1767 2961 1861 3016 Je-

299 3071 429 3109 sum.
477 3054 587 3109 Cur
629 3069 756 3124 ergo
788 3052 899 3107 huc
923 3052 1094 3107 dicis?
1137 3069 1231 3107 cur
1276 3053 1389 3108 h.cc
1437 3054 1859 3108 commemoras?

297 3146 416 3215 quid
466 3145 663 3199 factum
715 3144 835 3198 est?
886 3159 950 3197 an
1002 3144 1125 3211 quid
1180 3144 1538 3198 accusandum
1590 3145 1859 3213 suppetit?

298 3238 575 3308 Postquam
605 3237 818 3290 illorum
847 3246 1077 3290 mentem
1106 3236 1423 3305 exagitavit,
1468 3246 1593 3290 tunc
1631 3236 1810 3303 adjicit
1842 3253 1855 3289 :

305 3347 320 3378 I
354 3329 441 3382 22.
476 3330 543 3383 Et
568 3344 705 3382 nunc
727 3344 850 3382 ecce
876 3329 1115 3397 alligatus
1137 3345 1234 3397 ego
1260 3328 1482 3397 Spiritu,
1514 3329 1647 3383 vado
1689 3331 1739 3384 in
1765 3329 1848 3384 Je-

298 3423 547 3485 rusalem,
580 3437 699 3489 qum
730 3420 781 3473 in
809 3436 869 3474 ea
896 3432 1114 3474 ventura
1142 3432 1263 3474 sunt
1290 3422 1417 3475 mihi
1442 3424 1689 3492 ignorans
1722 3440 1736 3477 :
1764 3423 1855 3479 23.

298 3513 390 3567 nisi
418 3513 558 3583 quod
584 3513 812 3583 Spiritus
835 3522 1047 3567 sanctus
1070 3528 1165 3582 per
1193 3514 1434 3569 civitates
1463 3514 1588 3569 mihi
1619 3517 1858 3570 testiﬁca-

299 3615 395 3670 tur,
444 3606 650 3670 dicens,
698 3602 946 3673 quoniam
1004 3604 1211 3658 vincula
1253 3613 1306 3659 et
1354 3606 1721 3661 tribulationes
1772 3623 1857 3662 me

297 3704 524 3749 manent.
548 3695 639 3748 es.
664 3695 731 3747 At
759 3694 883 3747 nihil
917 3694 1101 3747 horum
1118 3710 1324 3759 vereor,
1349 3711 1521 3765 neque
1546 3696 1614 3750 ita
1627 3698 1855 3750 animam

293 3802 458 3840 meam
488 3786 775 3855 pretiosam
803 3786 956 3853 facio,
983 3799 1040 3840 ut
1060 3802 1425 3844 consummare
1439 3804 1650 3843 cursum
1679 3806 1850 3844 meum

293 3894 408 3931 cum
429 3879 643 3948 gaudio.
675 3887 729 3932 et
774 3878 1142 3945 ministerium,
1186 3881 1324 3949 quod
1365 3883 1544 3951 accepi
1572 3897 1601 3935 a
1632 3883 1853 3938 Domino

292 3968 435 4031 Jesu,
470 3978 525 4021 ut
549 3968 798 4023 lestiﬁeer
823 3970 1152 4038 eVangelium
1180 3972 1364 4041 gratiae
1397 3972 1510 4027 Dei.
1552 3990 1572 4025 ι
1606 3974 1718 4028 Cur
1744 3974 1858 4030 hazc

291 4062 453 4114 dicit?
489 4061 554 4115 Ut
585 4061 700 4115 illos
730 4076 942 4129 semper
985 4072 1198 4131 paratos
1230 4064 1413 4118 reddat
1437 4064 1504 4119 ad
1546 4066 1772 4136 pericula
1803 4075 1859 4121 et

290 4152 491 4206 occulta
545 4161 599 4205 et
644 4151 953 4213 manifesta;
1014 4154 1082 4207 ita
1142 4164 1196 4207 ut
1243 4155 1294 4209 in
1341 4158 1587 4212 omnibus
1639 4158 1854 4227 Spiritui

293 4243 679 4312 obtemperent.
707 4243 951 4298 Ostendit
996 4256 1172 4302 autem
1212 4263 1271 4303 se
1317 4249 1380 4302 ad
1429 4266 1614 4319 magna
1642 4251 1851 4305 adduci.

295 4331 408 4386 Nisi
442 4334 577 4403 quod
617 4334 842 4402 Spiritus
878 4347 1097 4397 sanctus.
1129 4338 1315 4407 inquit,
1348 4356 1436 4408 per
1477 4342 1694 4395 civitates
1736 4344 1857 4395 milii

290 4428 604 4492 testiﬁcatur,
638 4428 826 4479 dicens.
865 4426 929 4482 Ut
950 4428 1192 4483 oStendat
1227 4444 1283 4483 se
1309 4430 1576 4486 lubentem
1606 4432 1770 4497 abire,
1804 4443 1858 4487 et

292 4532 358 4569 ne
376 4519 637 4571 vinculum
660 4529 751 4570 aut
774 4519 1138 4573 necessitatem
1163 4536 1280 4575 esse
1304 4532 1474 4589 putes,
1497 4522 1598 4576 Per
1613 4524 1853 4591 civitates,

294 4608 434 4663 dicit.
466 4610 667 4665 Deinde
704 4611 914 4680 subjicit
947 4630 959 4666 :
994 4612 1112 4665 Non
1153 4616 1223 4666 ita
1266 4617 1532 4683 pretiosam
1580 4618 1709 4682 facio
1739 4619 1854 4671 aui-

293 4717 421 4753 suam
447 4719 611 4756 meum
649 4713 703 4755 ιιι
735 4719 1079 4758 consummare
1099 4721 1297 4757 cursum
1325 4723 1485 4758 meum
1507 4724 1618 4759 cum
1647 4710 1849 4778 gaudio,

292 4801 337 4843 et
363 4793 689 4846 ministerium
706 4794 858 4858 verbi,
877 4795 1012 4865 quod
1032 4797 1201 4866 accepi
1218 4813 1248 4847 a
1279 4796 1493 4852 Domino
1512 4799 1650 4852 .lcsu.
1681 4801 1857 4854 \‘ideu’

298 4898 397 4935 non
425 4884 764 4937 lamentantis
794 4900 913 4939 esse
942 4886 1121 4947 verba,
1156 4887 1248 4941 sed
1284 4888 1522 4943 modeste
1543 4891 1767 4959 agentis,
1796 4907 1857 4945 ac

291 4974 527 5029 docentis
550 4976 693 5042 illos,
722 4985 775 5029 et
797 4978 1231 5045 compatientisin
1261 4979 1323 5032 iis
1349 4996 1466 5045 qua:
1493 4978 1720 5035 ﬁebant?
1746 4982 1856 5035 Non

292 5067 439 5130 dixit,
471 5070 749 5135 Angimur,
801 5069 892 5122 sed
937 5072 1074 5123 ferre
1116 5086 1334 5126 necesse
1354 5080 1473 5136 cst;
1524 5074 1617 5127 sed
1666 5089 1855 5142 neque,

293 5160 512 5215 Censeo.
542 5160 654 5215 Hoc
682 5162 806 5216 item
832 5162 979 5227 dicit,
1019 5178 1123 5218 non
1151 5179 1271 5219 sese
1294 5165 1556 5220 extollens
1578 5208 1593 5229 ,
1625 5167 1717 5220 sed
1739 5168 1858 5221 illos

293 5251 506 5316 docens,
559 5268 655 5321 per
699 5254 875 5321 priora
929 5253 1140 5323 quidem
1190 5255 1557 5322 humilitatem,
1610 5272 1703 5326 per
1746 5256 1858 5312 btcc

294 5358 414 5398 vero
438 5343 806 5398 fortitudinem
828 5354 882 5397 et
908 5345 1155 5414 loquendi
1184 5345 1479 5401 libertatem
1513 5363 1527 5399 :
1556 5362 1617 5400 ac
1642 5363 1684 5400 ει
1711 5346 1857 5401 dice-

292 5446 371 5489 ret
403 5456 415 5490 :
444 5437 562 5491 Non
607 5451 733 5490 amo
760 5436 899 5491 illam
931 5453 1037 5505 pra:
1056 5436 1156 5490 hac
1191 5455 1203 5491 :
1228 5438 1511 5508 pretiosius
1537 5437 1706 5491 habeo
1730 5453 1861 5494 con-

295 5545 563 5584 summare
580 5544 799 5583 cursum
830 5539 882 5583 et
910 5530 1198 5584 testiﬁcari.
1226 5530 1334 5587 Nec
1357 5530 1509 5597 dixit,
1537 5530 1856 5599 Prtedicare,

296 5621 527 5686 Docere;
556 5622 651 5675 sed
682 5620 852 5690 quid?
876 5620 1156 5689 Testi/icari
1197 5623 1503 5691 evangelium
1526 5627 1705 5693 gratim
1739 5623 1854 5677 Dei.

293 5714 425 5783 Quid
450 5716 732 5771 molestius
760 5713 997 5771 dicturus
1020 5724 1102 5771 est
1134 5733 1147 5771 :
1181 5714 1405 5771 Mundus
1430 5732 1520 5789 ego
1548 5734 1707 5772 suma
1734 5735 1856 5774 san-

1257 273 1323 329 IN
1359 272 1533 330 ACTA
1576 269 2093 329 APOSTOLORUM.
2135 271 2365 329 llOMlL.
2407 275 2590 334 XLIV.

3453 292 3559 347 3l0

1986 385 2137 455 guiue
2163 388 2387 441 omnium
2412 406 2429 442 :
2462 391 2579 445 ideo
2609 405 2875 465 prmparat
2913 406 2964 451 et
2992 399 3224 455 ostendit
3264 403 3393 459 nihil
3424 408 3556 463 reli-

1987 493 2146 545 quum
2175 494 2312 534 esse.
2346 480 2478 547 Quia
2508 485 2666 554 igitur
2688 488 2789 544 illis
2823 501 2985 545 totum
3015 510 3148 548 onus
3193 505 3245 551 et
3288 504 3551 558 sarcinam

1989 569 2332 669 impositurus
2370 584 2504 641 erat,
2550 578 2695 646 prius
2740 581 2948 639 illorum
2990 590 3222 647 animum
3268 596 3548 669 emolhvit,

1988 658 2170 758 dicens
2201 680 2220 758 ε.
2241 663 2328 719 25.
2362 665 2515 721 Nunc
2538 686 2648 723 ecce
2671 689 2760 743 ego
2781 676 2883 729 scio
2902 719 2915 741 ,
2944 682 3075 748 quod
3103 700 3202 738 non
3232 690 3448 758 amplius
3477 658 3553 746 vi:

1994 749 2169 805 debitis
2192 753 2369 820 faciem
2393 774 2572 812 meam.
2604 761 2803 818 Deinde
2825 769 3054 825 subdidit
3086 790 3099 825 :
3130 749 3351 833 Mundus
3375 800 3485 836 sum
3512 801 3545 838 a

1984 842 2229 911 sanguine
2274 847 2514 900 omnium.
2547 850 2745 920 Duplex
2791 865 2871 909 est
2898 857 3069 924 dolor,
3097 874 3151 917 et
3175 869 3314 933 quod
3357 869 3545 927 faciem

1985 940 2099 999 ejus
2125 949 2227 987 non
2255 948 2438 992 essent
2462 940 2646 1007 visuri,
2677 955 2729 999 et
2759 949 2897 1015 quod
2931 952 3003 1005 illi
3031 968 3236 1011 omnes.
3283 959 3401 1015 Non
3430 982 3545 1017 am-

1985 1025 2137 1093 ptius,
2197 1031 2382 1097 inquit,
2431 1034 2654 1090 videbitis
2697 1042 2876 1109 {aciem
2924 1061 3083 1099 meam
3129 1065 3213 1103 vos
3241 1067 3428 1115 omnes,
3457 1075 3549 1127 per

1982 1130 2106 1185 quos
2130 1121 2332 1174 transiri
2360 1126 2642 1191 praedicans
2666 1148 2893 1201 regnum.
2924 1135 3012 1190 26.
3043 1138 3219 1209 Itaque
3239 1142 3360 1210 jure
3400 1121 3548 1200 testi-

1986 1209 2115 1263 ﬁcor
2143 1212 2310 1279 vobis,
2344 1226 2525 1287 utpote
2551 1236 2653 1273 non
2688 1223 2821 1278 ultra
2852 1227 3147 1294 adfuturus,
3174 1209 3304 1299 Quia
3328 1240 3549 1293 mundus

1986 1315 2097 1353 sum
2148 1319 2179 1355 a
2219 1310 2460 1376 sanguine
2504 1313 2745 1367 onmium.
2774 1315 2863 1372 27.
2901 1318 3018 1374 Non
3058 1324 3187 1377 enim
3241 1327 3542 1399 subterfugi,

1981 1395 2245 1459 quominus
2290 1403 2639 1455 annuntiarem
2681 1407 2814 1460 vobis
2862 1427 3055 1466 omnem
3084 1418 3382 1474 voluntatem

1986 1485 2163 1555 Vides,
2185 1493 2450 1559 quomodo
2481 1503 2661 1560 terret,
2689 1510 2739 1552 et
2771 1501 3071 1561 laborantes
3100 1509 3307 1566 illorum
3337 1515 3547 1569 animas

1983 1576 2311 1651 afﬁictasque
2360 1588 2579 1641 atterit?
2628 1589 2788 1655 Bene,
2836 1596 2955 1664 quia
3012 1604 3362 1657 necessarium
3404 1617 3539 1660 erat.

1983 1667 2103 1723 Non
2128 1674 2258 1725 enim
2285 1674 2589 1748 subterfugi,
2641 1682 2837 1751 inquit,
2888 1691 3148 1750 quominus
3190 1699 3542 1752 annuntiarem

1980 1763 2112 1816 vobis
2141 1780 2333 1819 omnem
2362 1768 2662 1823 voluntatem
2690 1773 2800 1827 Dei.
2837 1776 2974 1847 Ergo
2997 1782 3083 1849 qui
3113 1799 3216 1837 non
3240 1785 3386 1851 dicit,
3418 1805 3543 1844 reus

1978 1864 2059 1908 est
2088 1860 2393 1927 sanguinis;
2449 1862 2498 1916 id
2529 1874 2629 1927 est,
2662 1869 2838 1921 emdis.
2882 1866 3020 1926 Nihil
3074 1874 3173 1929 hoc
3228 1881 3535 1937 terribilius.

1978 1944 2217 2002 Ostendit
2237 1965 2349 2013 eos.
2383 1954 2426 2007 si
2460 1971 2564 2008 non
2596 1957 2645 2010 id
2677 1958 2918 2025 fecerint,
2948 1981 3068 2018 reos
3097 1983 3215 2024 esse
3246 1975 3535 2042 sanguinis.

1980 2036 2045 2090 Et
2073 2039 2277 2095 videtur
2322 2044 2534 2114 quidem
2581 2050 2836 2104 rationem
2883 2055 3142 2122 reddere,
3190 2061 3307 2115 illos
3344 2036 3538 2120 autem

1979 2136 2157 2184 terret.
2193 2132 2280 2187 28.
2313 2136 2566 2190 Attendite
2602 2141 2755 2209 igitur
2775 2146 2910 2199 vobis
2943 2158 2987 2199 et
3026 2151 3250 2205 universo
3285 2157 3453 2224 gregi,
3482 2159 3538 2211 in

1974 2238 2071 2291 quo
2101 2239 2186 2275 vos
2207 2225 2429 2293 Spiritus
2448 2241 2648 2285 sanctus
2676 2238 2840 2302 posuit
2867 2240 3141 2311 episcopos,
3179 2255 3234 2296 ut
3270 2253 3539 2314 pasceretis

1972 2308 2248 2365 Ecclesium
2267 2314 2382 2374 Dei.
2401 2335 2549 2387 quam
2570 2325 2822 2392 acquisivit
2844 2344 2930 2396 per
2950 2333 3206 2398 proprium
3220 2339 3530 2407 sanguinem.

1972 2400 2176 2455 Vides?
2225 2405 2335 2459 Duo
2382 2412 2651 2480 praecepit.
2703 2414 2863 2484 Igitur
2906 2436 3075 2487 neque
3103 2425 3235 2479 alios
3265 2400 3535 2500 corrigere

1971 2492 2140 2547 solum
2174 2494 2329 2550 habet
2357 2500 2623 2569 quidpiam
2656 2505 2784 2560 lucri
2821 2508 3013 2577 (Timeo
3048 2515 3188 2569 enim
3209 2557 3224 2581 ,
3253 2492 3437 2588 inquit:
3470 2540 3539 2576 ne

1969 2583 2084 2637 aliis
2111 2588 2411 2653 prtrdicaus,
2443 2592 2549 2660 ipse
2574 2596 2810 2663 reprobus
2830 2600 3011 2669 efﬁciar
3038 2601 3111 2674 [l.
3138 2605 3251 2660 Cor.
3283 2583 3336 2661 υξ
3369 2610 3492 2683 27])
3515 2631 3531 2676 ;

1968 2690 2140 2746 neque
2179 2679 2258 2733 sui
2285 2682 2447 2736 solius
2492 2700 2669 2741 curam
2712 2690 2925 2747 habere.
2980 2693 3109 2749 Nam
3162 2699 3251 2767 qui
3297 2679 3532 2770 seipsum

1968 2782 2129 2833 amat,
2160 2787 2276 2840 qua:
2305 2789 2397 2828 sua
2417 2787 2537 2830 sunt
2569 2790 2765 2835 tautttm
2806 2786 3015 2852 qttmrit,
3047 2798 3100 2842 et
3133 2791 3319 2847 similis
3347 2804 3425 2849 est
3454 2797 3530 2861 ei,

1968 2860 2055 2928 qui
2086 2862 2336 2918 talentum
2365 2866 2583 2921 defudit.
2617 2870 2739 2925 Hmc
2769 2874 2912 2935 dicit.
2944 2893 3047 2931 non
3075 2881 3214 2948 quod
3244 2860 3533 2951 pretiosior

1966 2953 2033 3008 sit
2060 2966 2237 3009 nostra
2262 2958 2404 3013 salus
2433 2976 2588 3029 quam
2618 2966 2793 3034 gregis
2817 2983 2830 3028 ;
2863 2968 2954 3022 sed
2983 2972 3124 3037 quia,
3147 2975 3190 3026 si
3221 2975 3369 3029 nobis
3399 2977 3529 3045 ipsis

1966 3046 2324 3113 attendamus,
2358 3058 2482 3104 tunc
2511 3062 2564 3105 et
2592 3070 2721 3123 grex
2758 3056 2960 3111 lucrum
2995 3061 3168 3115 habet.
3211 3062 3275 3116 In
3301 3083 3399 3135 quo
3440 3083 3527 3122 vos

1967 3135 2190 3203 Spiritus
2210 3151 2412 3194 sanctus
2448 3146 2614 3212 posuit
2653 3147 2931 3215 episwpos,
2969 3162 3020 3202 ut
3051 3156 3312 3220 pasceretis
3352 3156 3530 3214 Eccle-

1964 3227 2091 3281 siam
2110 3229 2224 3283 Dei.
2249 3231 2381 3288 Vide
2406 3246 2611 3303 quanta:
2643 3240 2999 3297 necessitates.
3025 3246 3066 3297 Α
3094 3245 3288 3315 Spiritu
3316 3250 3532 3304 ordiua-

1966 3320 2164 3376 tionem
2196 3322 2419 3391 habetis,
2454 3328 2621 3398 inquit
2649 3348 2662 3382 :
2694 3330 2742 3383 id
2771 3333 2914 3387 enim
2943 3336 3042 3389 sibi
3087 3339 3196 3392 vult
3236 3340 3382 3403 illud,
3418 3341 3523 3397 Po-

1963 3414 2083 3465 suit.
2139 3413 2246 3469 Una
2289 3416 2401 3471 hac
2444 3430 2525 3472 est
2580 3423 2908 3477 necessitas:
2942 3424 3150 3490 deinde.
3202 3429 3269 3483 Ut
3306 3436 3527 3500 pascatis

1965 3503 2243 3562 Ecclesium
2292 3508 2397 3563 Dei.
2440 3511 2577 3567 Ecce
2624 3524 2678 3568 et
2724 3517 2954 3571 seetmda
2987 3529 3077 3574 :et
3128 3523 3307 3587 tertia,
3359 3525 3521 3589 Quam

1963 3601 2221 3667 acquisivit
2241 3603 2485 3673 sanguine
2509 3622 2622 3670 suo,
2650 3607 2839 3676 inquit.
2870 3607 3089 3665 Multum
3111 3614 3361 3676 Ostendit,
3395 3616 3520 3671 dum

1963 3690 2091 3745 dicit
2121 3696 2403 3760 pretiosam
2436 3711 2583 3761 rem;
2618 3714 2714 3752 nec
2744 3700 2809 3754 de
2835 3703 3009 3770 parvis
3038 3704 3195 3758 rebus
3223 3720 3343 3762 esse
3374 3710 3517 3776 peri-

1963 3781 2163 3845 culum,
2196 3784 2455 3852 siquidem
2504 3787 2752 3842 Dominus
2796 3807 2890 3858 pro
2920 3793 3153 3848 Ecclesia
3185 3812 3355 3866 neque
3400 3814 3524 3852 sau-

1963 3875 2104 3943 guini
2138 3890 2235 3927 suo
2262 3878 2518 3945 pepercit,
2550 3895 2646 3932 nos
2684 3891 2858 3935 autem
2887 3883 3105 3941 fratrum
3143 3891 3364 3943 salutem
3396 3908 3527 3946 cun-

1963 3966 2269 4019 temnimus.
2294 3966 2357 4019 Et
2388 3968 2474 4020 ille
2500 3969 2731 4037 quidem,
2761 3983 2815 4025 ut
2845 3974 3085 4031 inimicos
3116 3983 3515 4049 reconciliaret,

1963 4060 2269 4129 sanguinem
2316 4060 2532 4127 eﬁ‘udit;
2578 4072 2630 4116 tu
2686 4079 2811 4119 vero
2848 4082 3019 4136 neque
3064 4072 3263 4125 amicos
3292 4074 3522 4130 retinere

1963 4162 2132 4221 potes.
2159 4152 2248 4208 29.
2281 4153 2387 4224 Ego
2431 4155 2559 4207 enim
2589 4158 2691 4210 scio
2719 4158 2844 4223 hoc,
2874 4161 3005 4227 quod
3039 4162 3376 4232 ingredientur
3412 4178 3525 4234 post

1962 4244 2311 4298 discessionem
2343 4262 2500 4297 meum
2540 4247 2647 4315 lupi
2683 4264 2857 4318 graves
2901 4250 2951 4303 in
2980 4267 3084 4317 vos,
3133 4270 3231 4307 non
3266 4267 3525 4324 parcentes

1961 4338 2117 4406 gregi.
2161 4335 2363 4391 Rursus
2393 4337 2499 4389 alio
2549 4340 2706 4391 modo
2758 4340 2876 4394 illos
2919 4353 3126 4409 versat,
3155 4360 3183 4396 a
3217 4344 3433 4401 futuris:
3466 4359 3525 4404 ut

1962 4427 2172 4496 quando
2200 4428 2322 4480 alibi
2358 4428 2488 4481 dicit
2517 4445 2529 4479 :
2563 4427 2681 4480 Non
2711 4439 2780 4482 est
2807 4430 2946 4485 trabis
2982 4431 3115 4486 lucta
3139 4436 3375 4490 adversus
3403 4455 3525 4491 sau-

1963 4520 2160 4588 guinem
2189 4529 2236 4571 et
2263 4535 2460 4571 carnem
2486 4520 2503 4589 (
2540 4518 2724 4590 la'pltes.
2753 4520 2804 4575 6.
2838 4521 2903 4575 l2
3002 4522 3131 4589 Quia
3158 4526 3521 4597 ingrcdientur,

1965 4612 2153 4681 inquit,
2176 4622 2286 4681 post
2303 4613 2651 4666 discessionem
2678 4632 2837 4673 meam
2868 4615 2974 4687 lupi
2998 4634 3168 4686 graves
3189 4621 3239 4672 in
3277 4638 3377 4674 vos.
3412 4622 3520 4676 Du-

1965 4704 2080 4774 plex
2108 4704 2303 4756 malum
2336 4720 2347 4756 :
2377 4703 2516 4772 quod
2548 4706 2660 4772 ipse
2699 4722 2800 4757 non
2830 4707 2986 4772 adsit,
3015 4718 3069 4761 et
3113 4710 3251 4778 quod
3291 4710 3522 4768 futurum

1964 4795 2033 4848 sit
2056 4806 2108 4845 ιιι
2133 4794 2218 4847 alii
2254 4795 2468 4848 instent.
2502 4794 2609 4848 Cur
2633 4811 2759 4866 ergo
2792 4797 2926 4861 abis,
2975 4799 3018 4852 si
3066 4800 3165 4854 hoc
3196 4803 3524 4869 praevidisti?

1964 4886 2192 4953 Spiritus
2213 4901 2297 4938 me
2329 4886 2507 4951 trahit,
2533 4886 2717 4956 inquit.

2035 4979 2084 5031 '5.
2133 4978 2197 5031 Et
2232 4978 2370 5041 vide,
2408 4994 2508 5030 non
2554 4978 2864 5046 simpliciter
2894 4980 3044 5045 dixit,
3072 4980 3225 5051 Lupi,
3254 4983 3347 5037 sed
3378 4984 3528 5040 addi-

1964 5069 2059 5130 dit,
2087 5068 2289 5133 Graves,
2326 5070 2531 5122 illorum
2556 5068 2939 5122 vehementiam
2965 5080 3018 5125 et
3040 5072 3381 5140 petulantiam
3403 5078 3531 5130 sub-

1966 5162 2231 5225 indicans;
2262 5161 2504 5230 quodque
2539 5161 2752 5230 gravius
2775 5170 2876 5223 est,
2906 5160 3003 5214 hos
3029 5177 3094 5216 ex
3123 5163 3225 5219 illis
3252 5165 3376 5234 ipsis
3408 5180 3529 5222 sur-

1966 5262 2203 5309 recturus
2230 5268 2348 5307 esse
2366 5254 2491 5307 dicit
2517 5271 2530 5307 :
2560 5252 2699 5321 quod
2722 5264 2867 5307 certe
2893 5256 3260 5321 gravissimum
3290 5268 3391 5323 est,
3410 5274 3531 5316 cum

1966 5346 2121 5401 civile
2165 5346 2425 5400 excitatur
2476 5345 2694 5398 bellum.
2745 5345 2808 5399 Et
2850 5356 2994 5401 recte
3043 5347 3197 5411 dicit,
3248 5350 3530 5420 Atteuttite,

1965 5439 2251 5495 ostendens
2271 5454 2380 5492 rem
2408 5438 2635 5492 maxime
2650 5439 2933 5492 curandam
2962 5456 3082 5496 esse
3102 5441 3361 5512 (Ecclesia
3384 5461 3532 5498 naui-

1965 5546 2069 5602 que
2098 5528 2227 5599 est),
2254 5538 2306 5583 et
2325 5542 2572 5599 magnum
2601 5529 2890 5598 periculum
2918 5531 3193 5600 (sanguine
3216 5532 3358 5586 enim
3385 5533 3529 5587 illam

1966 5621 2234 5695 redemit),
2273 5637 2336 5678 ac
2379 5622 2600 5676 tuultum
2638 5622 2936 5694 duplexque
2982 5625 3197 5679 bellum.
3239 5624 3362 5679 llazc
3400 5639 3529 5693 ergo

1967 5715 2301 5789 signiﬁcavit,
2342 5714 2557 5772 dicens:
2578 5712 2670 5772 50.
2702 5714 2764 5770 Et
2789 5732 2850 5772 ea:
2877 5715 3012 5770 vobis
3044 5715 3167 5785 ipsis
3205 5723 3407 5783 surgent
3436 5711 3535 5768 viri
