4002 6224
465 208 562 260 3H

468 282 1021 393 toqnentesvperrersa,
1068 317 1121 359 ut
1168 302 1418 355 abducant
1468 292 1749 393 discipulos
1790 291 2023 393 post

472 379 693 475 licitulc,
720 379 839 477 quia
867 399 1149 455 admodum
1184 396 1298 449 illos
1332 388 1540 451 terruit,
1570 379 1889 482 cunnL‘npos

470 523 551 560 ves
580 470 817 565 dixin-et
858 510 922 548 ex
956 490 1081 560 ipsis
1110 494 1447 542 surrecturos
1482 490 1602 531 esse
1631 471 1719 540 qui
1749 470 2035 567 loqueren-

473 612 556 651 tur
590 560 835 663 perversa
859 606 873 642 :
896 586 1043 655 quasi
1072 580 1296 649 quodam
1324 578 1612 635 currente,
1635 560 2027 663 Quomodo”th-

473 651 602 742 tur?
646 694 700 738 et
747 698 865 751 qum
908 651 1147 733 custodia
1200 668 1333 723 erit?
1377 662 1557 731 adjicit
1598 676 1612 712 :
1656 656 1744 755 S2.
1801 651 2036 755 Vigilate,

471 794 713 834 memores
741 746 870 843 quod
902 788 988 840 per
1018 764 1287 821 triennium
1320 774 1418 811 non
1445 750 1736 808 cessaverim
1768 746 2040 843 nocte—itte-

473 890 567 942 que
586 885 701 924 cum
718 839 980 936 lacrymis‘
1014 873 1211 914 monere
1236 859 1631 918 unumquemque
1654 852 1887 942 vesti-unt.
1911 839 2040 893 Vide

475 933 635 1033 quam
679 933 887 1013 insolita
924 954 1100 1008 dicat:
1132 964 1250 1004 cum
1289 942 1566 1011 Iacrymis,
1613 946 1765 1035 nocte
1810 933 2039 1035 dieque,

478 1029 925 1121 unumquemque.
955 1046 1069 1099 Non
1103 1042 1242 1097 enim
1271 1039 1314 1091 si
1352 1036 1547 1089 multos
1578 1029 1820 1130 vidisset,
1849 1029 1927 1078 eis
1953 1037 2045 1130 pe-

482 1147 761 1217 percisset,
804 1140 898 1195 sed
936 1136 1136 1191 sciebat
1172 1132 1331 1186 etiam
1368 1142 1463 1197 pro
1507 1137 1610 1177 una
1652 1128 2043 1220 animaanima

480 1207 598 1295 esse
644 1233 900 1290 facienda.
942 1231 1030 1284 Sic
1069 1240 1193 1295 ergo
1243 1224 1360 1277 illos
1399 1219 1557 1272 etiam
1602 1210 1893 1280 conjunxit.
1931 1207 2045 1309 lloc

480 1347 606 1385 vero
634 1327 891 1395 signiﬁcat
916 1340 928 1376 :
961 1319 1100 1375 Satis
1139 1326 1261 1370 sunt
1290 1329 1350 1366 ea
1372 1352 1385 1373 ,
1431 1305 1724 1402 qum-feci;
1762 1316 1852 1370 per
1880 1305 2047 1402 trien-

482 1428 626 1479 nium
674 1392 877 1479 mausi;
931 1410 1228 1469 conﬁrmati
1274 1415 1415 1466 sunt,
1460 1398 1791 1455 snfﬁcienter
1841 1392 2046 1492 radices

484 1520 731 1571 fixerunt.
762 1508 887 1563 Cum
924 1503 1181 1573 lacryntis,
1217 1497 1402 1566 inquit.
1434 1490 1615 1545 Viden”
1639 1489 1903 1584 lacrymas
1930 1481 2047 1584 ideo

484 1604 780 1662 fundendus
810 1599 963 1654 esse?
992 1598 1117 1650 [hcc
1144 1600 1196 1647 et
1220 1604 1315 1644 nos
1339 1586 1610 1641 faciamus.
1641 1580 1754 1634 Non
1781 1578 1923 1631 dolet
1942 1578 2049 1676 im:

483 1699 680 1769 probus
706 1713 718 1748 :
743 1693 862 1747 dole
889 1701 940 1742 tu
963 1707 977 1751 ;
1014 1687 1150 1740 forte
1190 1692 1241 1737 ct
1268 1682 1379 1750 ipse
1404 1675 1624 1769 dolebit.
1652 1671 1877 1769 Ut-cum.
1906 1664 2049 1766 videt

486 1762 625 1859 inger
659 1785 921 1840 medicum
958 1779 1131 1832 cibum
1161 1782 1479 1832 sumeutcm,
1525 1766 1682 1820 etiam
1722 1762 1833 1829 ipse
1864 1762 2052 1859 incita-

602 1896 614 1931 :
647 1879 713 1930 ita
753 1886 805 1929 et
837 1873 921 1926 hic
959 1870 1090 1932 erit;
1123 1868 1165 1919 si
1197 1876 1246 1918 te
1280 1861 1471 1916 viderit
1498 1860 1781 1925 lugentem,
1812 1848 2050 1904 emollie-

490 1982 609 2033 tur;
652 1969 820 2022 b0uus
857 1964 937 2018 vir
983 1970 1038 2015 et
1079 1959 1221 2012 milis
1259 1955 1379 2009 erit.
1413 1949 1677 2012 Nesciens,
1721 1943 1910 2011 inquit,
1940 1951 2053 2005 quae

489 2065 609 2117 milii
636 2070 868 2115 eventura
894 2057 1011 2109 sint.
1049 2051 1183 2118 Quid
1211 2046 1377 2118 ergo?
1416 2045 1600 2099 ideone
1632 2041 1777 2095 abis?
1804 2036 2014 2092 Minime
2037 2046 2053 2097 ;

490 2159 582 2213 sed
632 2156 796 2225 probe
835 2151 978 2210 scio,
1032 2144 1171 2216 quod
1211 2139 1418 2195 vincula
1468 2148 1520 2190 et
1565 2134 1927 2189 tribulationes
1968 2141 2054 2181 me

491 2256 755 2305 maneant.
789 2243 935 2312 Quod
960 2239 1277 2296 tentationcs
1298 2250 1383 2290 me
1411 2228 1863 2301 exspectentmovi
1886 2242 1899 2290 ;
1921 2240 2055 2295 qua-

491 2341 569 2395 les
609 2353 754 2402 vero,
796 2335 995 2397 nescio,
1037 2331 1087 2385 id
1133 2326 1273 2398 quod
1314 2325 1525 2394 gravius
1564 2332 1697 2375 erat.
1743 2318 1819 2374 Ne
1861 2317 2055 2387 putetis

492 2448 618 2500 ergo
641 2445 724 2483 me
748 2428 1106 2497 deplorantem
1132 2422 1244 2473 lucc
1268 2419 1478 2479 dicere;
1504 2430 1609 2468 non
1638 2424 1740 2466 tam
1768 2411 2053 2513 pretiosam

495 2524 665 2577 habeo
705 2520 933 2573 animant
974 2530 1166 2569 meam.
1205 2511 1271 2567 Ut
1306 2511 1511 2563 illorum
1552 2507 1784 2560 animum
1824 2507 2053 2569 excitet,

496 2617 596 2670 hoc
627 2614 787 2675 dicit;
827 2619 987 2680 utque
1013 2606 1231 2661 suadeat
1268 2604 1370 2658 illis
1400 2617 1503 2657 non
1533 2600 1691 2653 modo
1720 2614 1824 2651 non
1850 2596 2053 2666 fugere,

495 2708 589 2765 sed
620 2707 778 2762 etiam
820 2703 1029 2758 fortiter
1068 2700 1226 2755 ferre.
1260 2697 1383 2751 Ideo
1420 2709 1532 2749 rem
1573 2692 1712 2746 illam
1743 2698 1896 2743 vocat
1937 2704 2059 2743 cur-

495 2817 610 2856 sum
652 2809 704 2853 et
745 2795 1114 2855 ministerium,
1163 2803 1269 2845 tum
1323 2796 1381 2843 ttt
1416 2804 1481 2842 ex
1520 2800 1675 2839 cursu
1722 2782 2056 2852 splendorem

496 2892 768 2954 ostendat,
811 2900 919 2942 tum
971 2894 1028 2938 ut
1069 2900 1132 2939 ex
1179 2882 1471 2936 ministerio
1522 2878 1775 2932 ofﬁcium.
1825 2876 2062 2930 Minister

498 3002 635 3044 sum,
671 2983 866 3051 inquit;
900 2977 1030 3032 nihil
1058 2978 1172 3046 plus
1196 2974 1384 3028 habeo.
1418 2973 1537 3026 Illos
1557 2978 1731 3024 autem
1756 2967 2060 3033 consolans,

498 3093 564 3132 ne
593 3076 827 3136 doleant,
854 3070 993 3140 quod
1012 3071 1126 3140 ipse
1150 3069 1287 3121 male
1315 3067 1560 3135 patiatur,
1592 3062 1677 3115 ubi
1708 3061 1838 3114 dixit
1864 3075 1922 3114 se
1949 3061 2060 3113 haec

498 3183 616 3221 cum
642 3164 833 3235 gaudio
858 3163 1140 3225 sustinere,
1170 3167 1224 3212 et
1249 3158 1472 3211 fructum
1498 3154 1747 3219 ostendit,
1779 3163 1901 3205 tunc
1922 3150 2061 3220 quod

500 3258 782 3311 molestum
809 3260 946 3316 erat,
977 3251 1198 3305 inducit.
1232 3248 1343 3302 lloe
1369 3256 1543 3300 autem
1571 3245 1718 3309 facit,
1762 3254 1818 3296 ut
1848 3258 1914 3297 ne
1944 3243 2062 3294 ani-

501 3363 640 3402 mam
671 3345 881 3398 illorum
912 3342 1120 3395 obruat.
1155 3340 1430 3405 Quodnam
1458 3347 1635 3390 autem
1682 3334 1809 3389 illud
1840 3336 1960 3388 est?
2002 3334 2065 3387 Et

502 3455 563 3491 ea:
597 3436 729 3489 vobis
767 3434 891 3503 ipsis
926 3440 1188 3499 exsurgent
1230 3430 1324 3483 uiri
1357 3430 1611 3498 loquentes
1640 3442 1887 3497 perversa.
1929 3426 2063 3492 Quid

504 3543 650 3597 ergo,
674 3527 868 3579 dixerit
895 3524 1177 3593 quispiam,
1210 3532 1481 3577 tantumne
1506 3529 1557 3576 te
1586 3521 1757 3590 ipsum
1798 3532 1968 3589 putas,
2009 3529 2067 3575 ut

504 3620 547 3672 si
579 3619 757 3680 abeas,
790 3632 887 3670 nos
916 3614 1237 3668 moriamur?
1263 3613 1375 3668 Non
1401 3613 1498 3668 hoc
1524 3612 1663 3679 dico,
1706 3614 1894 3683 inquit,
1925 3612 2067 3684 quod

506 3710 742 3764 absentia
774 3723 887 3762 mea
921 3708 971 3762 id
1005 3708 1230 3773 efficiat;
1263 3708 1356 3762 sed
1384 3707 1543 3777 quid?
1563 3705 1842 3778 Insurgunt
1865 3708 2069 3778 quidam

507 3818 570 3856 ea;
602 3801 755 3855 vobis.
807 3799 918 3854 Non
969 3799 1129 3862 dixit,
1174 3800 1395 3870 Propter
1440 3799 1817 3855 discessionem
1857 3816 2066 3866 meam;

509 3894 624 3959 sed,
659 3893 779 3946 Post
815 3892 1167 3947 discessionem
1202 3906 1360 3945 meant
1381 3907 1401 3955 ;
1426 3892 1477 3945 id
1518 3901 1618 3956 est,
1660 3892 2067 3961 profectionem.

508 3984 837 4052 Quamquam
871 3984 979 4053 jam
1008 3984 1135 4038 illud
1183 3993 1464 4048 evenerat;
1507 3998 1549 4037 Si
1581 3994 1756 4038 autem
1799 3993 2068 4051 evenerat,

510 4077 677 4130 multo
707 4076 873 4145 magis
908 4084 1090 4145 postea
1131 4086 1445 4131 eventurum
1486 4084 1619 4128 erat.
1649 4075 1772 4128 Hrec
1800 4090 1958 4128 causa
1988 4090 2075 4129 se-

510 4171 708 4239 quitur,
764 4168 831 4223 Ut
857 4169 1105 4222 abducant
1124 4169 1397 4237 discipulos
1416 4176 1525 4238 post
1554 4182 1626 4220 se.
1658 4165 1835 4236 Itaque
1860 4175 2075 4236 propter

514 4260 644 4315 nihil
687 4258 830 4313 aliud
875 4259 1106 4314 haereses
1152 4267 1292 4324 sunt,
1322 4273 1479 4327 quam
1528 4266 1744 4327 propter
1784 4256 1903 4311 hoc.
1952 4258 2078 4313 Post

516 4351 759 4419 sequitur
787 4350 1078 4404 coosolatio
1105 4366 1118 4403 :
1147 4350 1309 4415 Quam
1328 4349 1610 4418 acquisivit,
1642 4350 1829 4419 inquit,
1853 4365 1940 4418 per
1966 4365 2078 4418 pro-

520 4441 685 4510 prium
711 4441 1022 4509 sanguinem.
1045 4439 1099 4494 Si
1124 4441 1334 4509 preprio
1358 4440 1612 4509 sanguine
1634 4441 1925 4510 acquisivit,
1954 4454 2080 4508 prae.

518 4530 715 4585 valebit
737 4537 903 4585 certe.
937 4528 1100 4582 Nocte
1118 4539 1165 4582 et
1193 4531 1274 4583 die
1293 4546 1393 4584 non
1418 4531 1623 4595 cessavi,
1654 4530 1842 4599 inquit,
1874 4546 1985 4583 cum
2012 4530 2082 4584 la-

520 4626 704 4695 crymis
740 4638 964 4677 monens.
992 4622 1117 4676 Haec
1146 4621 1297 4677 nobis
1323 4622 1442 4691 jure
1470 4622 1744 4687 dicantur;
1771 4622 2082 4692 videturque

520 4719 734 4788 proprie
757 4731 934 4772 sermo
963 4716 1208 4771 doctores
1237 4723 1496 4785 spectare,
1529 4724 1611 4770 est
1637 4723 1813 4769 autem
1848 4727 1900 4768 et
1926 4716 2086 4770 disci-

521 4810 662 4882 pulis
686 4808 1003 4864 communis.
1047 4807 1127 4861 Ad
1153 4807 1276 4877 quid
1316 4807 1456 4861 enim
1498 4820 1596 4875 ego
1625 4805 1836 4875 loquor,
1868 4821 2082 4869 moneo,

524 4903 790 4974 lacryntor
813 4899 900 4955 die
927 4914 989 4954 ac
1015 4909 1191 4962 nocte,
1215 4898 1257 4951 si
1278 4897 1565 4965 discipulus
1590 4912 1693 4950 non
1718 4896 2089 4967 obtemperat?

524 4978 600 5048 Ne
622 5002 768 5061 putet
795 4994 935 5047 enim
957 4991 1073 5062 quis
1094 4991 1144 5045 id
1165 4992 1293 5045 satis
1313 5005 1431 5045 esse
1456 4990 1521 5043 ad
1543 4990 1923 5055 defensionem,
1947 4990 2089 5062 quod

528 5085 598 5135 sit
619 5082 931 5152 discipulus,
964 5083 1088 5139 licet
1113 5098 1219 5136 non
1259 5082 1444 5147 cedat;
1479 5080 1598 5136 ideo
1628 5092 1903 5151 postquam
1933 5082 2089 5148 dixit,

530 5168 816 5238 Testi/icor,
847 5172 1038 5240 pergit,
1068 5172 1187 5226 Non
1225 5174 1357 5226 enim
1400 5172 1674 5242 subterfugi
1701 5174 1964 5234 quominus
1998 5188 2093 5224 an-

533 5262 815 5315 nuntiarem
852 5264 1004 5318 vobis.
1040 5263 1198 5333 igitur
1229 5267 1329 5319 hoc
1371 5264 1542 5318 solum
1588 5263 1823 5317 doctoris
1862 5273 1962 5329 est,
2002 5278 2097 5316 an-

533 5354 799 5420 nuntiare,
831 5355 1138 5423 praedicare,
1159 5356 1368 5420 docere,
1398 5371 1504 5411 non
1527 5357 1913 5427 subterfugere,
1942 5366 2096 5412 nocte

533 5457 588 5503 et
616 5447 701 5502 dic
728 5447 1041 5503 annuntiare
1066 5462 1216 5501 :cum
1237 5459 1410 5503 autem
1442 5449 1523 5504 his
1551 5451 1802 5520 peractis,
1830 5450 1955 5505 nihil
1981 5451 2097 5520 plus

607 5581 621 5613 ³
658 5578 799 5644 illud,
823 5593 933 5631 cum
956 5578 1197 5645 lacrynu's,
1223 5581 1270 5630 in
1294 5594 1390 5631 uno
1406 5581 1565 5633 deest.

1189 184 1240 238 S.
1274 174 1546 235 JOANNIS
1580 156 2048 227 CilliYSOSTOMl
2087 153 2402 210 ARCBIEP.
2438 152 2966 211 CONSTANTINOP.

3614 160 3737 220 3ιὲ

2137 277 2328 341 agitur,
2357 281 2503 334 scitis
2531 282 2655 350 quid
2687 283 2943 352 reliquum
2987 284 3075 338 sit.
3106 284 3305 341 Deinde
3331 287 3435 342 alia
3472 290 3733 355 sequitur

2137 369 2377 424 defensio
2402 388 2416 424 :
2446 371 2616 427 Purus
2644 390 2756 427 sum
2794 392 2824 428 a
2851 377 3096 446 sanguine
3134 379 3375 432 omnium.
3410 380 3488 433 Ne
3519 384 3736 450 putetis

2141 478 2266 516 vero
2288 462 2400 517 haec
2417 464 2570 518 nobis
2593 474 2796 519 tantum
2823 467 2927 521 dici
2950 488 2963 536 ;
2992 485 3111 523 nam
3134 486 3227 525 vos
3248 474 3406 526 etiam
3431 472 3516 527 hic
3538 490 3737 528 sermo

2140 564 2361 622 spectat,
2382 557 2607 612 utdictis
2619 559 2927 625 attendatis,
2942 569 3000 615 ut
3022 578 3087 617 ne
3104 577 3133 615 a
3151 567 3407 620 concione
3423 567 3731 622 recedatis.

2212 646 2397 701 Contra
2417 649 2684 705 theatrales
2711 652 2857 706 ludos
2882 663 2930 706 et
2957 664 3135 709 contra
3145 658 3454 725 juramenta.
3484 688 3560 701 ——-
3582 660 3733 727 Quid

2146 738 2367 792 faciam?
2409 740 2545 795 Ecce
2573 743 2811 812 quotidie
2852 745 3133 802 clamando
3170 749 3448 821 dirumpor
3476 770 3491 807 :
3515 754 3731 808 Absce-

2144 829 2253 885 dite
2278 847 2307 885 a
2340 831 2596 899 theatris;
2627 845 2681 889 et
2705 836 2853 890 multi
2881 853 2978 894 nos
3009 840 3231 896 irrident
3256 860 3270 896 :
3295 842 3562 901 abstinete
3587 862 3618 900 a
3640 848 3735 916 ju-

2146 926 2420 993 ramentis,
2461 926 2530 982 ab
2556 930 2775 984 avaritia
2801 948 2814 984 :
2841 931 3114 989 innumera
3146 951 3444 1003 monemus,
3476 949 3533 994 et
3562 956 3738 995 nemo

2147 1016 2312 1070 audit.
2346 1020 2415 1072 At
2456 1028 2614 1074 noctu
2648 1020 2746 1076 hoc
2786 1038 2891 1078 non
2929 1026 3070 1095 ago?
3103 1026 3304 1082 Vellem
3351 1030 3510 1084 etiam
3557 1042 3735 1086 noctu

2152 1108 2251 1161 hoc
2274 1109 2465 1177 facere,
2508 1119 2564 1166 et
2586 1111 2651 1167 ad
2682 1128 2895 1170 mensas
2926 1127 3153 1185 vestras,
3191 1120 3234 1173 si
3262 1120 3473 1189 quidem
3503 1122 3729 1189 liceret,

2150 1200 2342 1254 etdum
2368 1217 2397 1255 a
2427 1203 2668 1272 plurimis
2695 1204 2905 1261 divisim
2937 1209 3176 1265 detinear
3205 1211 3417 1276 adesse,
3442 1223 3496 1269 et
3519 1230 3623 1269 vos
3654 1218 3739 1271 al-

2152 1289 2327 1360 loqui;
2366 1292 2461 1348 sed
2490 1294 2557 1361 si,
2588 1309 2706 1349 cum
2736 1298 2819 1352 vel
2846 1299 3011 1354 semel
3038 1300 3091 1354 in
3126 1300 3460 1357 hebdomada
3495 1321 3596 1360 vos
3629 1322 3738 1359 vn-

2150 1397 2352 1448 eamus,
2383 1401 2575 1453 segnes
2614 1389 2764 1456 estis,
2810 1399 2863 1445 et
2889 1391 2981 1445 alii
3004 1393 3217 1462 quidem
3250 1409 3353 1449 non
3384 1399 3601 1465 venitis,
3639 1402 3737 1455 alii

2154 1492 2279 1532 vero
2305 1478 2432 1533 nihil
2454 1480 2582 1535 lucri
2606 1481 2899 1538 referentes
2933 1485 3091 1540 abitis
3116 1506 3129 1539 :
3157 1488 3281 1557 quid
3312 1505 3418 1543 non
3446 1489 3734 1557 faceretis,

2152 1569 2196 1623 si
2224 1569 2550 1640 frequentius
2576 1573 2678 1628 hoc
2702 1579 3022 1645 ageremus?
3056 1578 3191 1644 Quid
3227 1578 3522 1637 faciemus?
3552 1585 3736 1650 Multi,

2154 1669 2211 1714 ut
2237 1660 2373 1717 bene
2415 1664 2556 1729 novi,
2598 1680 2696 1720 nos
2727 1667 2969 1735 irrident,
3000 1671 3143 1740 quod
3181 1671 3247 1727 de
3292 1674 3482 1730 iisdem
3514 1692 3743 1748 semper

2134 1768 2456 1811 sermonem
2494 1756 2915 1816 habeamus:ita
2964 1779 3149 1819 sumus
3195 1766 3244 1820 in
3275 1766 3511 1825 fastidio.
3559 1771 3742 1840 Hujus

2155 1856 2329 1903 autem
2365 1850 2445 1904 rei
2490 1866 2596 1906 non
2632 1868 2730 1908 nos
2768 1854 2821 1909 in
2857 1870 3016 1911 causa
3045 1873 3249 1927 sumus,
3291 1862 3387 1917 sed
3431 1864 3738 1921 auditores.

2156 1938 2286 1993 Nam
2317 1940 2406 2010 qui
2433 1943 2567 1998 bene
2609 1946 2734 2015 agit,
2782 1961 2996 2017 semper
3036 1950 3231 2019 gaudet
3259 1951 3447 2008 eadem
3480 1952 3595 2025 ipsa
3634 1973 3741 2010 au-

2158 2031 2328 2096 diens,
2368 2049 2431 2088 ac
2471 2035 2515 2089 si
2542 2035 2725 2092 laudes
2764 2052 2887 2093 suas
2930 2040 3136 2095 audiret
3164 2043 3289 2114 :qui
3321 2059 3446 2099 vero
3486 2062 3597 2101 non
3624 2051 3744 2104 vult.

2159 2133 2306 2179 recte
2332 2140 2508 2194 agere.
2542 2126 2781 2182 molestia
2809 2145 2868 2185 se
2897 2129 3074 2199 impeti
3097 2141 3246 2200 putat
3264 2176 3277 2195 ,
3307 2144 3362 2189 et
3386 2137 3430 2189 si
3454 2136 3536 2191 bis
3558 2139 3738 2193 solum

2159 2214 2356 2279 audiat,
2388 2216 2582 2285 saepius
2606 2218 2817 2274 audisse
2847 2220 2948 2275 sibi
2971 2221 3199 2277 videtur.
3228 2222 3456 2281 Mundus
3488 2244 3625 2295 sunt,
3654 2230 3741 2284 in-

2160 2306 2293 2377 quit,
2320 2324 2351 2361 a
2380 2310 2620 2378 sanguine
2643 2312 2884 2367 omnium.

2230 2401 2284 2455 4.
2328 2401 2438 2455 lloc
2485 2402 2663 2458 dicere
2706 2405 2869 2460 Paulo
2906 2409 3269 2478 competebat;
3319 2426 3418 2468 nos
3458 2424 3637 2471 autem
3682 2417 3736 2471 id

2161 2490 2404 2560 proferre
2425 2508 2525 2547 non
2557 2495 2834 2563 audemus,
2861 2499 3001 2568 quod
3037 2502 3321 2557 multorum
3347 2506 3505 2562 nobis
3531 2512 3734 2564 conscii

2163 2582 2347 2638 simus.
2396 2585 2486 2640 llle
2511 2587 2706 2657 quippe
2744 2590 2833 2659 qui
2862 2604 3073 2660 semper
3100 2593 3347 2663 vigilabat
3375 2606 3430 2652 et
3463 2598 3733 2664 adstabat,

2164 2674 2253 2744 qui
2296 2677 2471 2731 omnia
2519 2692 2617 2747 pro
2670 2679 2838 2735 salute
2883 2680 3265 2752 discipulorum
3312 2688 3626 2753 sustinebat,
3682 2691 3733 2744 id

2164 2777 2519 2835 congruenter
2546 2769 2724 2825 dicere
2750 2781 2986 2842 poterat;
3016 2789 3114 2829 nos
3152 2785 3330 2833 autem
3361 2779 3489 2834 illud
3533 2780 3735 2853 Moysis

2166 2857 2401 2914 dicemus
2425 2878 2438 2914 ε
2467 2860 2639 2916 Iratus
2666 2874 2737 2918 est
2756 2866 2883 2918 mihi
2908 2866 3158 2924 Dominus
3182 2882 3386 2939 propter
3410 2889 3518 2941 vos,
3543 2878 3662 2944 quia
3685 2878 3735 2930 in

2166 2952 2325 3008 multa
2346 2967 2551 3025 peccata
2576 2958 2826 3013 adducitis
2866 2962 3015 3015 etiam
3044 2980 3134 3017 nos
3162 2963 3337 3033 (Deut.
3378 2965 3431 3020 3.
3458 2967 3573 3035 26).
3604 2969 3733 3024 Cum

2167 3055 2342 3100 autem
2369 3048 2548 3101 animo
2582 3048 2861 3105 deﬁcimus
2889 3052 3131 3109 videntes
3167 3071 3262 3111 vos
3289 3058 3419 3111 nihil
3451 3060 3725 3128 proﬁcere.

2166 3152 2342 3193 annon
2373 3139 2542 3208 major
2574 3156 2695 3210 pars
2728 3143 2918 3199 virium
2949 3156 3251 3202 nostrarum
3297 3152 3567 3206 concidit?
3593 3154 3724 3220 Quid

2168 3231 2329 3295 enim,
2358 3248 2557 3302 quaeso,
2590 3232 2785 3290 factum
2815 3239 2936 3292 est?
2964 3240 3101 3296 Ecce
3131 3257 3227 3310 per
3259 3246 3479 3314 gratiam
3509 3246 3601 3301 Dei
3630 3264 3725 3300 nos

2168 3338 2376 3393 quoque
2412 3325 2695 3382 triennium
2744 3328 2851 3398 jam
2895 3330 3150 3388 habemus
3180 3334 3317 3407 (a).
3359 3352 3458 3392 non
3514 3339 3729 3409 quidem

2172 3428 2324 3472 nocte
2351 3428 2405 3473 et
2431 3421 2519 3475 die
2562 3421 2856 3492 hortantes,
2887 3426 2977 3480 sed
3006 3436 3125 3497 post
3154 3438 3261 3484 tres
3291 3446 3429 3501 saepe
3463 3432 3601 3499 dies,
3641 3436 3733 3491 ali-

2171 3514 2381 3582 quando
2407 3525 2527 3584 post
2572 3528 2774 3589 septem
2804 3520 2905 3576 hoc
2929 3522 3202 3579 facientes.
3236 3526 3375 3593 Quid
3405 3531 3631 3600 amplius
3660 3532 3738 3587 fa-

2172 3616 2313 3659 ctum
2358 3609 2474 3662 est?
2502 3609 2887 3681 Obiurgamus,
2937 3615 3312 3687 increpamus,
3362 3621 3737 3693 lacrymamur,

2173 3699 2433 3770 dolemus,
2465 3703 2562 3759 etsi
2593 3718 2696 3759 non
2722 3706 2915 3775 palam,
2944 3716 2999 3763 at
3028 3710 3079 3763 in
3106 3711 3285 3767 corde.
3325 3711 3434 3767 Illa:
3456 3724 3634 3769 autem
3663 3717 3740 3771 la-

2174 3805 2369 3862 crymaz
2391 3792 2472 3848 his
2498 3794 2664 3849 multo
2692 3794 2920 3852 leviores
2950 3796 3105 3856 sunt:
3127 3800 3229 3856 ilhc
3261 3817 3490 3871 namque
3514 3805 3743 3871 aliquam

2175 3882 2474 3939 dolentibus
2497 3885 2724 3941 aﬁ‘erunt
2754 3889 3203 3956 consolationem;
3238 3892 3320 3946 has
3348 3909 3477 3948 vero
3503 3894 3743 3950 dolorem

2176 3987 2371 4049 augent
2412 3986 2465 4034 et
2495 3980 2883 4049 constringunt.
2910 3982 2998 4037 Sic
3026 3984 3236 4052 quando
3263 3986 3381 4054 quis
3420 3987 3472 4040 in
3514 4003 3745 4043 man-ore

2178 4067 2340 4139 degit,
2374 4086 2471 4125 nec
2500 4080 2672 4139 potest
2694 4072 2933 4129 dolorem
2960 4074 3169 4138 eﬁ‘erre,
3197 4093 3264 4132 ne
3285 4078 3530 4133 videatur
3561 4096 3744 4133 vanam

2180 4158 2399 4227 gloriam
2427 4171 2695 4230 appetere,
2735 4167 2935 4233 majora
2970 4169 3189 4236 patitur,
3221 4185 3378 4239 quam
3409 4172 3452 4225 si
3485 4171 3634 4225 illum
3672 4172 3749 4226 ef-

2183 4250 2364 4307 ferret.
2394 4253 2501 4307 Nisi
2533 4256 2648 4324 quis
2692 4272 2777 4312 me
2806 4267 3009 4326 putaret
3054 4276 3236 4315 auram
3287 4262 3610 4332 superfluam
3658 4281 3745 4317 ca-

2181 4352 2350 4412 ptare,
2384 4347 2617 4412 quotidie
2646 4364 2730 4402 me
2758 4349 2967 4405 videres
3010 4350 3184 4407 fontes
3210 4353 3568 4424 lacrymarum
3598 4358 3751 4411 entit-

2186 4443 2333 4493 tcre:
2361 4440 2543 4493 harum
2578 4455 2705 4495 vero
2747 4442 2975 4497 consciae
3016 4457 3138 4499 sunt
3168 4445 3488 4501 domuncula
3532 4456 3589 4502 et
3626 4448 3749 4501 soli-

2188 4528 2332 4585 tudo.
2354 4529 2565 4585 Credite
2586 4546 2814 4601 namque
2839 4534 2986 4601 tnibi,
3018 4535 3084 4591 de
3110 4538 3280 4593 salute
3309 4552 3425 4591 mea
3448 4536 3748 4608 deSperavi,

2189 4632 2242 4674 et
2268 4621 2393 4675 dum
2422 4632 2596 4677 vestra
2625 4623 2800 4694 lugeo,
2835 4641 2936 4679 non
2969 4636 3122 4681 vacat
3150 4629 3285 4683 mala
3316 4644 3433 4683 mea
3460 4629 3747 4699 plangere:

2190 4712 2266 4765 sic
2289 4726 2383 4765 vos
2410 4713 2537 4765 mihi
2568 4713 2745 4767 omnia
2791 4716 2939 4770 estis.
2990 4717 3045 4771 Si
3083 4718 3307 4773 sentiam
3339 4734 3433 4774 vos
3478 4720 3531 4773 in
3560 4721 3755 4774 virtute

2192 4806 2391 4873 augeri,
2421 4820 2530 4873 prae
2556 4806 2824 4876 voluptate
2855 4809 2987 4861 mala
3033 4825 3148 4863 mea
3179 4825 3283 4864 non
3314 4812 3517 4876 sentio;
3567 4813 3649 4866 sin
3682 4814 3757 4865 ni-

2195 4895 2267 4950 hil
2293 4895 2551 4964 proﬁcerc
2571 4898 2802 4964 videam,
2828 4916 2935 4968 prae
2965 4916 3194 4957 mcerore
3222 4919 3432 4958 rursum
3457 4921 3573 4959 mea
3602 4908 3757 4960 missa

2195 4984 2331 5040 facio
2355 5004 2367 5039 :
2389 4987 2539 5041 lzctus
2567 4989 2779 5058 quidem
2801 4990 2869 5045 de
2890 4991 3043 5045 bonis
3065 4995 3274 5060 vestris,
3304 4996 3424 5050 licet
3446 4996 3589 5051 mille
3613 4997 3762 5050 malis

2196 5086 2451 5142 onustus;
2483 5089 2704 5135 incestus
2747 5081 2813 5138 de
2855 5084 3115 5152 tristibus,
3160 5102 3276 5155 qua:
3302 5088 3452 5141 vobis
3494 5090 3759 5152 accidunt,

2199 5169 2294 5223 etsi
2323 5169 2597 5225 innumera
2628 5181 2805 5227 essent
2831 5176 3082 5242 przcclare
3110 5186 3255 5245 gesta
3298 5178 3447 5231 mihi.
3479 5179 3611 5245 Qua:
3646 5194 3765 5249 spes

2200 5262 2340 5315 enim
2368 5261 2590 5327 doctori,
2616 5279 2776 5334 grege
2804 5268 3091 5333 corrupto?
3116 5270 3286 5337 qualis
3320 5271 3444 5336 vita,
3476 5273 3650 5342 qualis
3680 5288 3767 5327 cx-

2202 5355 2496 5422 spectatio?
2524 5372 2642 5410 cum
2672 5371 2771 5426 qua
2804 5356 2991 5412 ﬁducia
3037 5360 3197 5413 stabit
3242 5370 3364 5416 ante
3393 5364 3599 5419 Deum?
3646 5364 3765 5436 quid

2203 5446 2376 5503 dicet?
2406 5448 2665 5504 Ponamus
2694 5450 2834 5505 enim
2861 5451 3028 5518 ipsum
3074 5466 3179 5506 non
3223 5454 3566 5527 reprehendi,
3600 5472 3769 5530 neque

2272 5584 2344 5649 (a)
2369 5593 2458 5637 Per
2482 5587 2735 5638 triennium
2760 5587 3031 5651 praedicavit
3054 5589 3436 5655 Cbrysostomus.
