4028 6218
446 259 554 316 315

517 371 625 427 Καὶ
657 373 806 428 οὐδὲν
834 374 1027 436 αὐτους
1051 372 1225 436 τοῦτο,
1250 375 1432 441 φησὶν,
1469 373 1670 443 ὠφελεῖ
1694 373 1811 426 οὐδὲ
1843 373 2097 443 προΐστα-

446 478 553 524 ται,
585 462 665 514 ὅτι
721 462 874 514 αὐτοὶ
933 461 1297 530 ἀγρυπνοῦσιν
1326 462 1463 531 ὑπὲρ
1524 463 1632 514 τῶν
1684 461 1868 531 ψυχῶν
1907 460 2095 531 ἡμῶνς

443 547 585 600 ’Λλλ“
618 548 982 616 ἀγρυπνοῦσιν
1004 546 1076 607 ώς
1098 547 1254 615 λόγον
1273 548 1668 611 ἀποδώσοντες·
1704 549 1797 601 καὶ
1825 547 1971 599 δοκεῖ
2003 546 2099 615 μέν

443 650 554 686 τισι
591 635 746 686 τοῦτο
790 630 925 687 εἶναι
962 634 1207 705 φοϐερὸν,
1264 636 1385 703 ἐμοὶ
1436 634 1492 685 δὲ
1536 632 1709 695 οὐδεὶς
1729 632 1918 684 τούτου
1944 631 2100 699 λόγος

446 721 586 791 μετά
632 722 728 789 τὴν
754 722 1020 792 ὑμετέραν
1053 722 1346 776 ἀπώλειαν.
1392 723 1492 772 "Av
1524 737 1581 772 τε
1604 719 1707 791 γάρ
1736 719 1809 772 δῶ
1832 719 2005 787 λόγον,
2034 718 2099 773 ἄν

443 825 502 861 τε
538 811 608 880 μὴ
634 810 727 876 δῶ,
768 811 917 863 οὐδέν
950 828 1038 880 μοι
1071 811 1130 863 τὸ
1167 810 1377 879 ὄφελος.
1420 809 1632 861 Γένοιτο
1662 806 1896 877 σωθῆναι
1931 807 2095 876 ὑμᾶς,

446 899 537 971 καὶ¹
568 899 745 952 δοῦναι
776 899 926 966 λόγον
956 898 1054 965 ἐμὲ
1086 898 1151 950 δι’
1182 898 1325 966 ὑμᾶς
1345 914 1359 929 ·
1394 896 1537 967 ὑμᾶς
1588 894 1844 964 σωθῆναι,
1872 894 1966 946 καὶ
1997 893 2097 963 ἐμὲ

444 985 787 1053 ἐγκαλεῖσθαι
818 986 891 1047 ώς
940 984 1013 1054 μὴ
1060 984 1419 1055 πληρώσαντα
1456 982 1522 1035 τά
1576 980 1705 1050 παρ’
1730 979 1989 1050 ἐμαυτοῦ.
2023 980 2097 1032 Οὐ

444 1074 552 1143 γὰρ
579 1071 670 1124 τοῦ
688 1071 753 1124 δι’
788 1070 920 1140 ἐμοῦ
958 1070 1192 1141 σωθῆναι
1226 1071 1367 1141 ὑμᾶς
1394 1069 1681 1138 φροντίζω,
1711 1067 1841 1121 ἀλλὰ
1869 1066 1961 1119 τοῦ
1995 1082 2100 1119 σω-

446 1160 601 1226 θῆναι
632 1159 789 1229 μόνον
817 1159 881 1211 δι’
910 1159 1253 1228 ὁτουδήποτε.
1286 1158 1399 1210 υύκ
1422 1156 1534 1208 ίστε
1563 1155 1660 1227 τὴν
1678 1155 1963 1225 τυραννίδα
1990 1154 2098 1207 τῶν

445 1248 647 1300 ὼδινῶν
662 1247 768 1299 τῶν
794 1247 1196 1317 πνευματικῶν,
1219 1245 1334 1309 πῶς
1357 1245 1610 1316 μυριάκις
1638 1243 1809 1295 ’έλοιτο
1840 1244 1904 1295 ἂν
1935 1258 2098 1295 κατα-

446 1336 677 1402 κοπῆναι
704 1336 731 1387 ὁ
758 1334 941 1387 τοῦτον
958 1334 1048 1387 τὸν
1075 1334 1229 1386 τόκον
1249 1332 1469 1398 ὠδίνων,
1490 1332 1522 1403 ἢ
1550 1331 1656 1384 τῶν
1681 1330 1978 1400 τεχθέντων
2000 1329 2097 1382 ἕνα

444 1422 811 1492 ἀπολλύμενον
848 1421 972 1474 ίδεῖν
1006 1422 1099 1474 καὶ
1127 1421 1550 1492 διεφθαρμένον;
1597 1418 1764 1472 Πόθεν
1795 1418 1938 1488 ὑμᾶς
1980 1417 2099 1470 πεί·

447 1527 641 1579 σομεν;
672 1510 932 1580 ἑτέρωθεν
959 1509 1056 1579 μὲν
1099 1508 1413 1577 οὐδαμόθεν,
1443 1507 1549 1561 ἀπὸ
1586 1507 1642 1559 δὲ
1667 1505 1773 1559 τῶν
1800 1505 2097 1575 γινομένων

443 1596 512 1648 τὰ
542 1597 659 1649 καθ’
684 1597 829 1666 ὑμᾶς
851 1596 1025 1649 πάντα
1052 1593 1450 1663 ἀπολυσόμεθα.
1482 1592 1767 1663 Δυνάμεθα
1819 1593 1911 1645 καὶ
1939 1593 2097 1663 ἡμεῖς

444 1682 643 1750 λέγειν,
668 1684 748 1735 ὅτι
796 1682 945 1734 οὐδὲν
976 1680 1407 1750 ὑπεστειλάμεθα
1429 1697 1441 1709 ·
1476 1680 1588 1733 ἀλλ’
1611 1681 1759 1748 ὅμως
1793 1677 2063 1749 ἀλγοῦμεν
2081 1695 2096 1711 ο

443 1772 538 1824 καὶ
566 1772 644 1824 ὅτι
676 1768 968 1840 ἀλγοῦμεν,
1000 1769 1153 1839 δῆλον
1186 1767 1245 1833 ἐξ
1289 1761 1362 1821 ὧν
1400 1768 1566 1839 μυρία
1601 1766 2097 1835 κατασκευάζομεν,

444 1858 538 1911 καὶ
568 1855 953 1927 μηχανώμεθα.
988 1856 1179 1909 Καίτοι
1218 1872 1280 1923 γε
1302 1854 1431 1925 ἐνῆν
1465 1856 1601 1924 πρὸς
1632 1854 1773 1925 ὑμᾶς
1805 1853 1999 1916 αὐτοὺς
2020 1854 2098 1905 είο

442 1948 593 1998 πεῖν·
634 1944 699 1997 Τί
736 1962 825 2014 μοι
885 1943 1069 2014 μέλει;
1121 1941 1229 2011 ἐγὼ
1267 1942 1328 1995 τὸ
1381 1941 1614 2011 ἐμαυτοῦ
1649 1940 1950 2012 πεποίηκα,
1989 1938 2099 2008 ἐγὼ

442 2032 680 2103 καθαρός
712 2033 824 2102 είμι
850 2031 958 2085 ἀπὸ
983 2030 1074 2084 τοῦ
1099 2032 1355 2100 αἵματοςο
1387 2030 1501 2083 ἀλλ’
1520 2030 1620 2082 οὐκ
1650 2030 1808 2100 ἀρκεῖ
1829 2027 1985 2081 τοῦτο
2017 2028 2095 2091 εἰς

443 2120 813 2190 παραμυθίαν.
869 2119 937 2173 Εἴ
987 2136 1050 2187 γε
1084 2120 1208 2189 ἐνῆν
1236 2118 1333 2189 τὴν
1362 2116 1585 2187 καρδίαν
1613 2115 1766 2185 ἡμῶν
1791 2114 2092 2187 ἀναρρῆξαι

444 2209 537 2261 καὶ
584 2206 844 2271 ἐπιδεῖξαι
871 2219 921 2273 α,
963 2206 1131 2259 εἴδετε
1158 2204 1222 2259 ἂν
1258 2204 1394 2275 μετά
1422 2203 1621 2275 πολλῆς
1641 2202 1786 2255 ἐνδον
1812 2202 1969 2265 ὄντας
1995 2202 2095 2272 τῆς

444 2295 779 2365 εὐρυχωρίας
817 2295 1021 2356 πάντας
1047 2294 1209 2360 ὑμᾶς,
1252 2293 1345 2345 καὶ
1376 2293 1635 2360 γυναῖκας
1659 2288 1750 2343 καὶ
1780 2290 1974 2352 παῖδας
2000 2290 2095 2342 καὶ

444 2382 660 2452 ἄνδρας
686 2380 905 2450 τοιαύτη
928 2380 1035 2449 γάρ
1063 2381 1210 2450 ἠτῆς
1231 2379 1451 2449 ἀγάπης
1477 2378 1722 2448 δύναμις,
1748 2376 1840 2429 τοῦ
1867 2376 2093 2447 οὐρανοῦ

445 2469 820 2539 εὐρυχωτέραν
855 2470 999 2521 ποιεῖ
1026 2468 1121 2537 τὴν
1147 2466 1340 2538 ψυχήν.
1364 2466 1677 2534 Χωρήσατε
1704 2464 1880 2535 ἡμᾶς,
1910 2465 2093 2534 ἔλεγεν

445 2557 474 2610 ὁ
497 2556 702 2621 Παῦλος
719 2570 737 2587 ⁸
768 2555 985 2609 οὐδένα
1010 2555 1398 2623 ἠδικήσαμεν,
1433 2556 1503 2608 οὐ
1527 2553 1988 2623 στενοχωρεῖσθε
2023 2553 2094 2607 ἐν

510 2644 536 2672 ⁸
560 2642 712 2702 Unus,
753 2642 1003 2707 ἀναρῥῆξαι
1033 2641 1209 2698 πάντας
1241 2645 1365 2704 ἡμᾶς
1384 2642 1464 2689 καὶ
1483 2641 1723 2696 ἐπιδεῖξαι.

1246 258 1305 313 S.
1346 256 1629 315 JOANNIS
1665 254 2151 313 CHRYSOSTOM!
2188 255 2506 312 ARCHIEP.
2546 254 3085 313 CONSTANTINOP.

3752 256 3870 316 δη.

2199 371 2360 439 ἡμῖν.
2405 371 2574 426 Τοῦτο
2602 371 2830 441 λέγομεν
2856 370 2951 424 νῦν
2989 372 3082 424 καὶ
3128 372 3286 441 ἡμεῖς
3306 390 3320 406 ο
3356 370 3655 443 Χωρήσατε
3688 371 3867 442 ἡμᾶς.

2199 460 2384 511 Πᾶσαν
2416 458 2510 528 τὴν
2532 459 2790 527 Κόρινθον
2819 454 2961 527 εἶχεν
2991 461 3195 521 ἐκεῖνος
3228 461 3284 511 ὲν
3309 461 3375 529 τῇ
3404 460 3600 530 καρδίᾳ
3628 460 3862 526 ἐαυτοῦ,

2198 548 2292 600 καὶ
2343 546 2527 615 ἔλεγεν
2586 548 2967 612 Πλατύνθητε
3014 546 3112 599 καὶ
3164 547 3362 615 ὑμεῖς·
3418 549 3490 600 οὑ
3558 564 3870 617 στενοχω-

2189 634 2412 701 ρεῖσθε.
2454 635 2591 687 Ἀλλ’
2611 636 2769 698 αὐτὸς
2791 635 2887 687 οὐκ
2913 635 2977 687 ἂν
2998 635 3172 704 ἔχοιμι
3203 634 3358 687 τοῦτο
3393 635 3569 703 λέγειν
3589 652 3603 666 ·
3659 632 3720 689 εὖ
3754 638 3870 707 γάρ

2197 718 2332 788 οἶδα,
2356 724 2438 776 ὅτι
2471 724 2564 776 καὶ
2590 723 2743 793 ὑμεῖς
2771 724 2918 792 ἡμᾶς
2940 724 3187 789 ἀγαπᾶτε
3223 722 3315 775 καὶ
3344 725 3586 793 χωρεῖτε.
3624 724 3788 776 Ἀ)λά
3810 725 3867 776 τί

2195 812 2257 863 τὸ
2282 810 2471 881 κέρδος
2499 812 2531 881 ἦ
2561 811 2661 880 τῆς
2688 811 2828 880 ἐμῆς
2859 808 3076 880 ἀγάπης
3102 809 3133 878 ἢ
3160 810 3257 880 τῆς
3288 810 3459 879 ὑμῶν,
3488 811 3616 862 ὅταν
3637 810 3699 863 τὸ
3721 810 3868 863 κατά

2196 896 2329 949 Θεὸν
2376 899 2506 967 ἡμῖν
2553 895 2627 966 μὴ
2673 898 2972 967 προχωρῇ;
3022 896 3279 959 Μείζονος
3310 896 3547 966 ἀθυμίας
3580 896 3863 959 ὑπόθεσις,

2197 984 2439 1047 πλείονος
2492 983 2669 1053 λύμης
2722 984 2965 1055 ἀφορμή,
3030 983 3193 1036 Οὐδὲν
3254 983 3359 1053 ἔχω
3406 982 3655 1051 ἐγκαλεῖν
3699 983 3861 1052 ὑμῖνο

2194 1070 2481 1140 Μαρτυρῶ
2508 1071 2617 1141 ⁴γθὰρ
2647 1071 2805 1139 ὑμῖν,
2836 1070 2945 1135 ὅτι,
2966 1071 3017 1123 εί
3037 1068 3315 1129 δυνατὸν.
3344 1069 3486 1135 τοὺς
3515 1068 3866 1138 ὀφθαλμοὺς

2196 1158 2360 1228 ὑμῶν
2387 1157 2779 1226 ἐξορύξαντες
2808 1157 2885 1211 ἂν
2930 1156 3184 1210 ἐδώκατέ
3224 1174 3345 1225 μοι.
3396 1155 3749 1226 Ἰμειρόμεθα
3799 1156 3863 1207 οὐ

2201 1248 2356 1317 μόνον
2383 1246 2442 1299 τὸ
2461 1245 2808 1313 Εὑαγγέλιον,
2839 1245 2972 1298 ἀλλά
3000 1247 3091 1299 καὶ
3118 1243 3215 1307 τάς
3247 1244 3451 1296 ἑαυτῶν
3480 1244 3653 1312 ψυχὰς
3674 1242 3865 1296 δοῦναι

2197 1334 2343 1403 ὑμῖν.
2375 1331 2675 1403 Φιλούμεθα
2725 1332 2818 1385 καὶ
2868 1332 3154 1401 φιλοῦμεν·
3206 1330 3319 1384 ἀλλ’
3358 1331 3419 1382 οὐ
3458 1329 3615 1382 τοῦτό
3642 1331 3767 1382 ἐστι
3799 1330 3863 1383 τὸ

2196 1418 2540 1490 ζητούμενον.
2607 1419 2920 1491 Φιλήσωμεν
2964 1415 3055 1472 οὖν
3092 1419 3183 1471 τδν
3235 1416 3466 1487 Χριστὸν
3516 1416 3544 1456 δ
3600 1416 3861 1488 πρῶτον·

2197 1508 2384 1580 πρώτη
2431 1510 2539 1581 γὰρ
2596 1509 2804 1579 ἐντολὴ,
2852 1509 3209 1580 Ἀγαπήσεις
3267 1508 3485 1575 Κύριον
3545 1509 3653 1561 τὸν
3713 1510 3870 1562 Θεόν

2198 1611 2313 1650 σου
2333 1612 2347 1627 ⁸
2377 1594 2621 1664 δευτέρα
2654 1596 2720 1649 δὲ
2752 1597 2924 1665 ὁμοία
2949 1594 3154 1661 αὐτῆς,
3180 1594 3286 1649 Καὶ
3316 1595 3421 1649 τὸν
3443 1595 3715 1661 πλησίον
3744 1612 3869 1649 σου

2199 1684 2279 1748 ὡς
2324 1686 2598 1738 σεαυτόν.
2627 1684 2735 1755 Τὴν
2786 1684 3041 1755 δευτέραν
3074 1684 3288 1753 ἔχομεν,
3336 1683 3436 1754 τῆς
3461 1681 3689 1753 πρώτης
3728 1685 3870 1753 ἡμῖν

2199 1773 2306 1826 δεῖο
2358 1773 2456 1844 τῆς
2504 1773 2723 1843 πρώτης
2759 1773 2835 1825 δεῖ
2879 1772 3014 1842 μετά
3058 1771 3255 1841 πολλῆς
3295 1771 3394 1842 τῆς
3432 1771 3736 1841 ὑπερϐολῆς
3769 1772 3872 1826 καὶ

2200 1860 2324 1930 ἐμοὶ
2351 1860 2443 1914 καὶ
2476 1861 2622 1930 ὑμῖν.
2657 1859 2887 1930 Ἔχομεν
2912 1858 3103 1929 αὐτὴν,
3154 1859 3268 1912 ἀλλ’
3300 1859 3395 1928 οὐχ
3434 1858 3509 1921 ὠς
3536 1860 3668 1928 χρή.
3694 1859 3869 1928 Φιλήο

2203 1964 2385 2016 σωμεν
2410 1946 2569 2000 αὐτόν
2597 1962 2612 1976 θ
2662 1947 2771 1999 ῖστε
2805 1947 2965 2009 πόσος
3012 1946 3296 1999 ἀπόκειται
3342 1945 3528 2013 μισθὸς
3557 1948 3673 2008 τοῖς
3697 1945 3872 2018 φιλήσ

2202 2050 2323 2085 σασι
2338 2034 2426 2086 τὸν
2442 2033 2691 2102 Χριστόν·
2708 2034 3016 2103 φιλήσωμεν
3037 2032 3198 2086 αὐτὸν
3216 2032 3505 2102 θερμότητι
3525 2032 3728 2102 ψυχῆς,
3748 2033 3867 2098 ἵνα,

2198 2119 2297 2188 τῆς
2327 2120 2451 2190 παρ’
2484 2118 2644 2172 αὐτοῦ
2671 2120 2878 2182 εὐνοίας
2906 2118 3284 2183 ἀπολαύοντες,
3324 2118 3672 2188 διαφύγωμεν
3709 2118 3870 2192 [537]

2197 2207 2289 2260 τὸν
2318 2206 2558 2260 κλύδωνα
2588 2207 2680 2260 τοῦ
2712 2207 2972 2277 παρόντος
3002 2207 3138 2276 βίου,
3159 2207 3252 2259 καὶ
3293 2206 3400 2259 τῶν
3430 2206 3870 2277 ἐπηγγελμένων

2196 2294 2416 2362 ἀγαθῶν
2452 2296 2562 2356 τοῖς
2585 2293 2867 2361 ἀγαπῶσιν
2913 2293 3074 2347 αὐτὸν
3108 2295 3379 2363 ἐπιτυχεῖν
3410 2293 3869 2363 καταξιωθῶμεν,

2196 2382 2378 2453 χάριτι
2404 2382 2499 2434 καὶ
2535 2380 2906 2451 φιλανθρωπίᾳ
2934 2380 3025 2433 τοῦ
3059 2380 3371 2450 μονογενοῦς
3416 2381 3579 2433 αὐτοῦ
3638 2383 3869 2444 Παιδὸς,

2200 2466 2318 2537 μεθ’
2342 2462 2402 2521 οῦ
2431 2466 2508 2536 τῷ
2536 2467 2706 2537 Πατρὶ
2732 2466 2845 2535 ἅμα
2872 2466 2946 2537 τῷ
2979 2469 3117 2537 ἁγίῳ
3147 2467 3419 2537 Πνεύματι
3454 2468 3600 2532 δόξα,
3632 2470 3868 2540 κράτος,

2194 2552 2348 2624 τιμὴ,
2366 2553 2459 2606 νῦν
2483 2554 2574 2607 καὶ
2588 2554 2693 2615 ἀεὶ,
2725 2554 2817 2606 καὶ
2831 2555 2906 2617 είς
2921 2556 3045 2615 τοὺς
3074 2555 3273 2618 αἰῶνας
3290 2555 3397 2608 τῶν
3413 2555 3635 2611 αἰώνων.
3657 2557 3868 2628 Ἀμήν.

2258 2640 2284 2679 ι)
2311 2640 2428 2701 Alii,
2453 2641 2750 2703 ζητούμενον.
2789 2641 2937 2690 Ἀλλὰ
2968 2641 3050 2689 τὸν
3093 2643 3297 2706 Χριστὸν
3318 2644 3607 2705 φιλήσωμεν.

1938 2842 2180 2897 ΟΜΙΛΙΑ
2220 2844 2351 2897 ME'.

449 2943 556 2999 Καὶ
583 2939 772 2996 τανῦν
795 2938 1176 3008 παρατίθεμαι
1201 2949 1229 2979 α
1257 2937 1433 3007 ὑμᾶς,
1457 2936 1725 3008 ἀδελφοί,
1750 2936 1830 3008 τῷ
1860 2935 1981 3000 Θεῷ
2002 2934 2099 2990 καί

518 3012 598 3079 τῷ
623 3012 781 3080 λόγῳ
808 3006 918 3077 τῆς
961 3006 1196 3080 χάριτος
1233 3008 1436 3071 αὐτοῦ,
1470 3006 1904 3080 τῷδυναμένῳ
1940 3008 2099 3080 ἐπρι-

519 3074 993 3152 κοδομῆσαιζκαὶ
1018 3078 1227 3133 δοῦναι
1249 3079 1654 3148 κληρονομίαν
1681 3076 1822 3146 ὑμῖν
1852 3078 1922 3130 ἐν
1948 3074 2100 3131 πᾶσι

516 3154 641 3219 τοῖς
656 3148 710 3220 ’ἠ
717 3148 1079 3222 γιασμένοις.

519 3248 589 3297 α’.
614 3242 789 3310 Ὅπερ
829 3236 1154 3290 ἐπιστέλλων
1176 3235 1338 3295 ποιεῖ,
1369 3233 1633 3287 τοῦτοκαὶ
1671 3233 2046 3304 συμϐουλεύων
2081 3247 2096 3263 ⁶

448 3331 556 3387 ἀπὸ
575 3327 944 3401 παραινέσεως
970 3326 1048 3387 είς
1073 3322 1236 3393 εὐχὴν
1261 3322 1504 3392 τελευτᾷ.
1537 3322 1751 3391 Ἐπειδὴ
1773 3320 1881 3391 γάρ
1903 3321 2099 3385 αὐτοὺς

452 3418 654 3487 σφόδρα
709 3413 961 3484 ἐφόϐησε,
1011 3410 1203 3478 λέγων,
1249 3410 1329 3462 ὅτι
1379 3409 1562 3462 Λύκοι
1594 3406 1802 3476 ,ϐαρεῖς
1827 3409 1915 3473 είς
1945 3405 2100 3475 ὑμᾶς

451 3505 897 3561 είσελεύσονται
928 3516 942 3530 ·
979 3500 1066 3551 ἵνα
1101 3497 1174 3568 μὴ
1202 3496 1519 3567 κατατιλήξῃ
1545 3498 1610 3567 τῇ
1637 3495 1842 3567 διανοίᾳ
1861 3496 1952 3548 καὶ
1973 3496 2101 3550 ἀπο-

449 3592 602 3663 λέσῃ,
642 3593 742 3661 ὅρα
774 3588 873 3657 τὴν
904 3584 1270 3656 παραμυθίαν.
1296 3582 1404 3637 Καὶ
1440 3582 1646 3645 τανῦν,
1679 3583 1859 3652 φησίν.
1914 3582 2100 3646 Οῦτως

452 3675 596 3739 εἷπε,
628 3676 803 3747 δηλῶν
831 3675 918 3729 διὰ
961 3673 1172 3737 τούτου,
1219 3671 1300 3724 δτι
1340 3668 1525 3740 ὥσπερ
1573 3669 1677 3722 ἀεὶ.
1709 3671 2099 3739 Παρατίθεμαι

451 3766 625 3837 ὑμᾶς,
651 3762 921 3831 ἀδελφοὶ,
966 3758 1045 3825 τῷ
1102 3756 1220 3824 θεῷ
1266 3757 1365 3812 καί
1401 3757 1479 3823 τῷ
1519 3758 1676 3827 λόγῳ
1712 3756 1822 3826 τῆς
1864 3756 2101 3826 χάριτος

452 3853 639 3910 αὐτοῦ
668 3868 681 3883 ’
715 3851 984 3913 τουτέστι,
1023 3850 1089 3919 τῇ
1134 3847 1316 3918 χάριτι
1353 3845 1537 3899 αὐτοῦ.
1586 3846 1697 3899 Καὶ
1723 3845 1902 3909 καλῶς
1927 3844 2099 3910 οὕτως

452 3940 640 3997 εἶπεν·
675 3936 781 3993 οἶδε
802 3936 931 4008 γὰρ,
966 3936 1046 3988 ὅτι
1101 3936 1135 4004 ἡ
1185 3933 1343 4005 χάρις
1397 3931 1575 3996 σώζει.
1613 3931 1856 4002 Συνεχῶς
1902 3932 2100 3995 αὐτοὺς

444 4016 854 4099 ἀναμιμνήσκει
912 4023 1012 4092 τῆς
1075 4021 1314 4092 χάριτος,
1366 4018 1810 4089 σπουδαιοτέρους
1834 4019 2000 4072 ποιῶν
2025 4020 2101 4095 ὡς

452 4116 749 4187 ὀφειλέτας,
808 4111 903 4164 καὶ
965 4107 1165 4163 πείθων
1222 4105 1458 4177 θαρρεῖν.
1501 4103 1582 4169 Τῷ
1611 4104 1921 4173 δυναμένῳ
1944 4105 2099 4174 ὑμᾶς

451 4199 933 4269 ἐποικοδομῆσαι.
972 4197 1083 4250 Οὐκ
1119 4189 1291 4256 εἶπεν,
1322 4191 1697 4261 Οἰκοδομῆσαι,
1732 4190 1829 4243 ἀλλ
1843 4191 1876 4255 ’,
1905 4192 2097 4245 Ἐποι-

452 4286 805 4354 κοδομῆσαι,
829 4282 1043 4343 δεικνὺς
1087 4280 1168 4331 ὅτι
1213 4277 1313 4346 ἤδη
1345 4274 1787 4347 ᾠκοδομήθησαν,
1836 4270 1968 4328 Εἶτα
2001 4276 2101 4348 τῆς

447 4377 665 4438 ’ἐλπίδος
692 4372 964 4441 ἀνέμνησε
1001 4368 1102 4436 τῆς
1141 4363 1436 4435 μελλούσης
1454 4402 1469 4425 ,
1512 4360 1679 4415 εἰπών
1708 4378 1722 4391 °
1752 4361 1860 4415 Kal
1890 4362 2100 4417 δοῦναι

452 4462 594 4532 ὑμῖν
623 4456 1024 4526 κληρονομίαν
1060 4453 1129 4508 ἐν
1163 4450 1313 4506 πᾶσι
1352 4449 1473 4515 τοῖς
1517 4447 1919 4517 ἡγιασμένοις.
1968 4449 2099 4504 Εῐτα

454 4550 614 4605 πάλιν
653 4545 967 4615 παραίνεσις
1016 4557 1032 4573 ο
1092 4539 1407 4608 Ἀργυρίου,
1470 4537 1652 4606 φησὶν,
1703 4536 1741 4603 ἢ
1772 4537 2028 4606 χρυσίου
2058 4539 2096 4607 ἢ

452 4632 769 4706 ἱματισμοῦ
827 4627 1076 4693 οὐδενὸς
1121 4626 1486 4693 ἐπεθύμησα·
1522 4623 1630 4694 Τὴν
1691 4624 1843 4694 ῥίζαν
1886 4626 2100 4697 ἀναιρεῖ

451 4725 558 4779 τῶν
605 4721 808 4783 κακῶν,
852 4719 949 4789 τὴν
988 4712 1366 4785 φιλαργυρίαν.
1426 4712 1753 4781 Ἀργυρίου,
1806 4712 1987 4781 φησὶν,
2057 4714 2095 4783 ἢ

451 4811 726 4884 χρυσίου.
759 4807 871 4861 Οὐκ
902 4800 1071 4868 εἶπεν,
1109 4802 1221 4854 Οὐκ
1261 4799 1448 4852 ἔλαϐον
1484 4816 1496 4829 ·
1535 4798 1629 4851 ἀλλ
1644 4798 1675 4862 ’,
1711 4798 1861 4851 Οὐδὲ
1890 4799 2097 4853 ἐπεθύ-

444 4914 633 4971 μησα.
687 4895 850 4949 Οὐπω
908 4892 1048 4963 μέγα
1100 4887 1276 4950 τοῦτο,
1326 4886 1388 4939 τὸ
1437 4886 1493 4939 δὲ
1542 4886 1678 4955 μετὰ
1729 4886 1884 4939 τοῦτο
1933 4888 2094 4957 μέγα.

460 4986 655 5056 Ὑμεῖς
675 4983 1035 5043 ἐπίστασθε,
1090 4977 1179 5031 ὅτι
1222 4975 1351 5041 ταῖς
1400 4974 1627 5043 χρείαις
1663 4991 1781 5043 μου
1824 4974 1921 5027 καί
1973 4976 2097 5042 τοῖς

449 5073 587 5131 οὖσι
614 5075 739 5144 μετ’
768 5071 913 5140 ἐμοῦ
940 5067 1326 5137 ὑπηρέτησαν
1366 5066 1423 5118 ai
1455 5063 1646 5132 χεῖρες
1675 5060 1867 5119 αὗται.
1896 5066 2097 5119 Πάντα

450 5160 731 5224 ὑπέδειξα
765 5158 926 5225 ὑμῖν,
958 5157 1045 5208 ὅτι
1074 5155 1225 5209 οὕτω
1261 5151 1590 5216 κοπιῶντας
1616 5150 1705 5204 δεῖ
1741 5151 2096 5221 ἀντιλαμϐά-

447 5252 657 5303 νεσθαι
700 5246 817 5298 τῶν
849 5242 1282 5298 ἀσθενούντων.
1318 5240 1458 5309 Ὅρα
1494 5238 1660 5291 αὐτὸν
1705 5236 1782 5306 τῷ
1836 5237 1981 5308 ἔργῳ
2007 5257 2096 5291 κε-

448 5354 552 5407 χρη
562 5335 739 5406 μένον,
762 5334 856 5385 καὶ
877 5332 975 5399 οὐχ
998 5328 1179 5391 ἁπλῶς
1198 5367 1211 5390 ,
1234 5326 1369 5381 ἀλλά
1392 5327 1682 5380 κοπιῶντα.
1710 5325 1844 5391 Ταῖς
1869 5326 2096 5395 χρείαις

446 5440 561 5495 μου
593 5420 690 5473 καὶ
721 5418 845 5482 τοῖς
883 5412 1021 5470 οὖσι
1041 5416 1179 5484 μετ’
1218 5414 1362 5483 ἐμοῦ
1393 5412 1781 5481 ὑπηρέτησαν
1811 5415 1870 5465 al
1904 5412 2094 5482 χεῖρες

447 5505 642 5565 αὗται.
676 5503 846 5559 Τοῦτο
902 5500 1281 5572 ἐντρεπτικῶς.
1323 5499 1432 5553 Καὶ
1465 5501 1586 5568 δρα,
1638 5497 1755 5560 πῶς
1795 5497 1979 5563 ἀξίως.
2016 5501 2089 5550 υὺ

447 5599 555 5667 γὰρ
581 5590 699 5648 εἷπε
737 5590 1045 5660 Χρημάτων
1093 5588 1121 5627 ι)
1176 5586 1425 5655 γενέσθαι
1469 5586 1745 5656 κρείττους
1796 5602 1811 5617 ·
1840 5584 1975 5638 ἀλλά
2002 5586 2088 5651 τίς

457 5680 1025 5753 Ἀντιλαμϐἁνεσθαι
1081 5676 1199 5730 τῶν
1254 5674 1687 5729 ἀσθενούντων.
1745 5674 1856 5743 Οὐχ
1905 5674 2091 5738 ἁπλῶς

511 5852 537 5879 ⁸
562 5849 713 5911 Unus,
732 5846 1033 5912 παρατίθημι.
1060 5844 1086 5884 b
1110 5842 1226 5903 Alii,
1250 5840 1389 5897 ἀξίως
1409 5838 1565 5887 αὐτῶν
1587 5839 1673 5885 οὑκ
1695 5838 1794 5887 εἶπε
1815 5839 2086 5900 χρημάτων.
2134 5871 2148 5890 .

2200 2936 2436 3000 πάντων,
2459 2935 2594 2990 ἀλλὰ
2612 2936 2716 2990 τῶν
2737 2936 2998 2990 ἀσθενῶν.
3022 2938 3437 3007 Μνημονεύειν
3454 2956 3519 2993 τε
3541 2941 3650 2996 τὸν
3668 2944 3873 3014 λόγον

2197 3022 2305 3076 τοῦ
2332 3026 2566 3091 Κυρίου,
2603 3024 2675 3077 ὃν
2702 3021 2831 3079 εἷπε
2850 3064 2864 3086 ,
2898 3025 2986 3079 ὅτι
3014 3025 3321 3094 Μακάριόν
3344 3027 3477 3082 ἐστι
3501 3028 3745 3097 μᾶλλον
3774 3032 3867 3087 δι-

2197 3109 2365 3163 δόναι
2390 3110 2427 3178 ἢ
2453 3112 2797 3179 λαμϐάνειν.
2831 3113 2947 3165 Ἵνα
2985 3114 3057 3183 μή
3090 3130 3174 3177 τις
3212 3115 3409 3187 νομίσῃ
3447 3116 3583 3188 πρὸς
3615 3119 3866 3183 ἐκείνους

2197 3199 2465 3268 είρῆσθαι,
2497 3200 2590 3251 καὶ
2617 3200 2785 3253 τύπον
2808 3199 3005 3252 διδόναι
3039 3200 3197 3253 αὐτὸν
3216 3239 3232 3264 ,
3267 3203 3403 3271 ὅπερ
3433 3203 3659 3274 ἀλλαχοῦ
3689 3222 3854 3273 φησι,

2198 3285 2379 3339 Τύπον
2410 3286 2638 3349 διδόντες
2666 3287 2813 3357 ὑμῖν,
2862 3288 3105 3358 ἐπήγαγε
3135 3287 3233 3360 τὴν
3279 3289 3546 3357 ἀπόφασιν
3590 3290 3683 3343 τοῦ
3712 3293 3853 3351 Χρι-

2199 3373 2345 3435 στοῦ.
2398 3374 2642 3442 λέγοντος
2671 3390 2686 3406 ο
2731 3375 3036 3445 Μακάριόν
3088 3377 3223 3430 ἐστι
3276 3377 3497 3431 διδόναι
3531 3378 3781 3447 μᾶλλον
3812 3381 3853 3449 ἢ

2195 3461 2538 3530 λαμϐάνειν.
2592 3460 2892 3532 Ἐπηύξατο
2952 3463 3130 3527 αὐτοῖς
3188 3465 3460 3535 παραινῶν
3503 3482 3519 3498 ο
3574 3466 3861 3521 δείκνυσιν

2197 3549 2328 3602 αὐτὸ
2356 3551 2450 3603 καὶ
2478 3549 2643 3621 ἔργῳ.
2690 3549 2799 3605 Καὶ
2845 3550 3031 3605 ταῦτα
3087 3553 3290 3616 εἰπὼν,
3333 3553 3454 3619 θεὶς
3506 3553 3581 3607 τὰ
3626 3556 3863 3623 γόνατα

2196 3637 2381 3691 αὑτοῦ
2408 3636 2530 3691 σὺν
2558 3637 2747 3692 πᾶσιν
2795 3638 3017 3705 αὐτοῖς,
3063 3640 3447 3707 προσηύξατο
3472 3657 3487 3672 ’
3517 3642 3617 3712 οὑχ
3644 3642 3858 3707 ἁπλῶς,

2197 3725 2331 3779 ἀλλά
2367 3727 2502 3796 μετά
2526 3725 2722 3796 πολλῆς
2748 3726 2847 3795 τῆς
2883 3726 3246 3790 κατανύξεως.
3283 3727 3457 3799 Πολλὴ
3494 3730 3527 3799 ἡ
3566 3730 3861 3801 παράκλη-

2200 3831 2283 3877 σις
2307 3832 2322 3847 ⁸
2353 3813 2447 3868 καὶ
2468 3814 2544 3885 τῷ
2571 3814 2743 3866 εἰπεῖν
2791 3814 2868 3877 δὲ,
2913 3816 3307 3884 Παρατίθεμαι
3345 3816 3501 3886 ὑμᾶς
3528 3818 3610 3884 τῷ
3635 3821 3859 3887 Κυρίῳ,

2198 3901 2520 3972 παρακαλεῖ.
2560 3900 2832 3970 Ἐγένετο
2869 3900 2937 3954 δὲ
2987 3904 3293 3971 κλαυθμὸς
3336 3905 3542 3965 ἱκανὸς
3587 3906 3862 3969 πάντων,

2198 3990 2293 4044 καὶ
2320 3990 2707 4055 ἐπιπεσόντες
2766 3988 2865 4042 ἐπὶ
2912 3988 3020 4058 τὸν
3068 3989 3373 4058 τράχηλον
3423 3991 3530 4045 τοῦ
3578 3995 3859 4057 Παύλου,

2199 4078 2349 4151 [558]
2372 4079 2732 4147 κατεφίλουν
2751 4077 2954 4140 αὑτὸν,
2976 4076 3353 4144 ὀδυνώμενοι,
3363 4078 3629 4148 μάλιστα
3651 4081 3752 4135 ἐπὶ
3780 4084 3863 4148 τῷ

2198 4168 2355 4235 λόγῳ
2379 4160 2426 4232 ᾧ
2459 4166 2676 4233 εἰρήκει
2702 4205 2716 4228 ,
2752 4165 2839 4218 ὅτι
2876 4163 3075 4218 οὐκέτι
3105 4164 3403 4233 μέλλουσι
3432 4166 3499 4219 τὸ
3529 4169 3865 4234 πρόσωπον

2198 4258 2381 4312 αὐτοῦ
2412 4256 2665 4324 θεωρεῖν.
2691 4256 3079 4325 Προέπεμπον
3101 4255 3170 4308 δὲ
3188 4256 3373 4310 αὑτὸν
3397 4258 3485 4321 είς
3516 4257 3582 4311 τὸ
3606 4258 3857 4315 πλοῖον.

2199 4340 2382 4404 Εἶπεν,
2423 4344 2503 4396 δτι
2546 4344 3005 4397 Εἱσελεύσονται
3051 4343 3227 4397 λύκοι
3256 4343 3467 4411 βαρεῖς
3495 4360 3509 4374 '
3551 4339 3726 4410 εἶπεν,
3774 4347 3866 4400 ὅτι

2198 4431 2463 4499 Καθαρὸς
2495 4430 2607 4500 ἐγὼ
2632 4430 2751 4484 ἀπὸ
2794 4430 2901 4485 τοῦ
2934 4431 3178 4499 αἵματος
3209 4430 3450 4483 πάντων
3472 4448 3485 4461 ο
3512 4430 3689 4484 ταῦτα
3719 4432 3861 4485 ἐκά-

2196 4538 2328 4591 τερα
2372 4520 2574 4590 φοϐερὰ
2620 4520 2714 4572 καὶ
2766 4519 2925 4573 ἱκανὰ
2976 4519 3213 4590 λυπῆσαι
3258 4535 3271 4548 ⁸
3334 4518 3565 4589 μάλιστα
3597 4520 3655 4572 δὲ
3690 4520 3863 4573 πλέον

2197 4609 2413 4661 πάντων
2434 4606 2587 4660 τοῦτο
2622 4607 2819 4670 αὐτοὺς
2862 4605 3107 4678 ώδίνησε,
3140 4605 3200 4659 τδ
3235 4607 3430 4676 μηκέτι
3456 4607 3588 4676 ὁρᾷν
3613 4607 3862 4661 ἀκοῦσαι.

2197 4695 2359 4748 αὐτόν
2391 4710 2405 4724 ⁸
2439 4694 2533 4747 καὶ
2574 4693 2729 4747 τοῦτο
2766 4692 2932 4746 ἐποίει
2986 4693 3075 4747 τὸν
3124 4693 3358 4763 πόλεμον
3383 4692 3634 4762 χαλεπόν.
3670 4696 3864 4761 Προέο

2196 4796 2433 4851 πεμπον
2461 4781 2549 4848 δὲ,
2573 4783 2755 4853 φησὶν,
2790 4781 2976 4835 αὐτὸν
3017 4784 3104 4849 είς
3134 4781 3201 4835 τὸ
3250 4781 3482 4834 πλοῖον.
3509 4781 3699 4844 Οὐτως
3731 4783 3861 4851 ἐφί-

2197 4869 2319 4924 λουν
2346 4869 2526 4936 αὐτὸν,
2552 4869 2693 4923 οὕτω
2723 4869 2980 4923 διέκειντο
3002 4869 3128 4940 περὶ
3166 4868 3348 4922 αὐτόν.
3394 4869 3489 4934 Ὠς
3514 4868 3583 4921 δέ
3609 4870 3863 4939 ἐγένετο

2195 4955 2528 5024 ἀναχθῆναι
2554 4954 2709 5025 ἡμᾶς
2739 4955 3241 5021 ἀποσπασθέντας
3276 4956 3376 5009 ἀπ’
3415 4953 3634 5019 αὐτῶν,
3666 4958 3857 5009 εὐθυ-

2195 5044 2604 5112 δρομήσαντες
2636 5042 2899 5111 ἤλθομεν
2934 5046 3021 5108 είς
3045 5041 3159 5109 τὴν
3184 5043 3335 5105 Κῶν,
3372 5040 3445 5109 τῇ
3474 5041 3542 5094 δὲ
3572 5040 3725 5109 ἑξῆς
3764 5046 3857 5110 είς

2205 5130 2428 5193 Ῥόδον,
2460 5130 2733 5185 κάκεῖθεν
2766 5133 2853 5195 είς
2896 5129 3150 5197 Πάταρα.
3182 5130 3292 5184 Καὶ
3325 5129 3602 5197 εὑρόντες
3630 5130 3853 5184 πλοῖον

2192 5214 2487 5282 διαπερῶν
2509 5218 2595 5281 είς
2615 5215 2915 5283 Φοινίκην,
2945 5215 3255 5282 ἐπιϐάντες
3274 5214 3642 5285 ἀνήχθημεν.
3677 5216 3859 5271 ’Λναο

2190 5301 2482 5372 φανέντες
2516 5302 2583 5355 δέ
2606 5303 2720 5368 τὴν
2746 5304 3007 5370 Κύπρον,
3053 5303 3151 5356 καὶ
3195 5305 3625 5368 καταλιπόντες
3651 5305 3863 5371 αὐτὴν

2190 5388 2520 5458 εὐώνυμον,
2571 5389 2862 5458 ἐπλέομεν
2893 5392 2979 5455 είς
3017 5390 3266 5458 Συρίαν,
3314 5389 3413 5443 καί
3462 5389 3862 5460 κατήχθημεν

2192 5478 2279 5541 είς
2318 5477 2521 5543 Τύρον.
2550 5477 2715 5545 Ὅρα,
2763 5472 2925 5547 ἦλθεν
2957 5478 3036 5541 είς
3082 5476 3309 5537 Λυκίαν,
3340 5477 3434 5529 καὶ
3459 5476 3742 5547 διαπερῶν
3776 5483 3862 5543 εἰς

2194 5562 2464 5631 Φοινίκην,
2498 5563 2595 5633 τὴν
2624 5563 2844 5633 Κύπρον
2881 5565 3059 5632 ἀφεὶς,
3101 5565 3181 5626 είς
3216 5563 3390 5633 Τύρον
3422 5564 3805 5618 κατέπλευσεν
3842 5584 3860 5599 ο

2193 5650 2368 5702 ἐκεῖσε
2389 5650 2497 5719 γὰρ
2524 5646 2591 5720 ἦν
2633 5651 2695 5703 τὸ
2747 5651 2926 5703 πλοῖον
2976 5650 3468 5719 ἀποφορτιζόμενον
3530 5650 3621 5702 τὸν
3657 5652 3857 5721 γόμον,

2194 5736 2363 5789 Τοῦτο
2393 5739 2536 5790 αἰτία
2555 5739 2647 5791 τοῦ
2682 5739 2933 5793 ἀπελθεῖν
2971 5740 3047 5799 είς
3081 5738 3271 5806 Τύρον.
3307 5737 3418 5792 Καὶ
3440 5739 3728 5805 εὑρόντες
3746 5758 3861 5807 μα-

2194 5825 2377 5893 θητὰς
2420 5827 2811 5896 ἐπεμείναμεν
2861 5827 3009 5896 πρὸς
3034 5828 3255 5891 αὐτους
3286 5826 3507 5895 ἡμέρας
3533 5826 3694 5880 ἑπτά
3716 5845 3729 5857 ”
3770 5831 3859 5881 οῖ·-
