3920 6224
236 254 324 312 515

235 380 389 441 pinnas
411 363 561 429 dare,
588 360 684 417 sed
713 373 837 417 esse
862 356 1119 415 mundum
1144 374 1176 413 a
1202 361 1459 429 sanguine
1491 357 1727 414 omnium
1758 378 1773 414 :

237 462 293 514 ita
314 469 507 527 quoque
531 451 841 508 incurabilia
871 450 1099 521 patietur
1128 468 1143 504 :
1175 450 1299 520 quia
1328 451 1453 506 licet
1478 461 1657 521 patres
1683 467 1778 521 pro

239 549 339 602 ﬁliis
360 561 457 599 non
488 541 763 597 incusandi
792 541 921 606 sint,
952 550 1129 594 tamen
1156 539 1340 595 dolent
1366 550 1419 596 et
1451 542 1774 596 cruciantur.

294 638 435 706 Quam
484 644 623 689 curet
671 632 1059 704 Chrysostomus
1108 633 1274 703 gregis
1320 632 1555 687 salutem.
1584 663 1655 672 —
1681 632 1776 687 Ni-

240 730 370 791 hilne,
408 727 637 797 inquies,
685 726 817 794 ipsis
850 724 1071 793 prodest
1101 724 1185 779 vel
1218 725 1603 795 patrocinatur,
1635 726 1775 796 quod

239 821 318 891 ipsi
348 818 556 887 vigilem
585 830 682 886 pro
723 815 1006 869 animabus
1049 814 1291 870 nostris?
1325 814 1433 871 Sed
1472 816 1690 884 vigilant
1720 825 1775 871 ut

240 911 454 965 rationein
500 906 757 963 reddituri
788 905 971 976 (Hebr.
1001 906 1088 960 15.
1121 905 1212 975 17)
1236 923 1251 960 :
1275 905 1416 975 quod
1457 906 1773 976 quibusdam

238 1000 405 1055 videtur
425 1012 548 1054 esse
572 996 844 1062 terribile;
874 995 1003 1050 mihi
1032 1005 1209 1052 autem
1237 994 1339 1051 hoc
1362 1010 1509 1051 cura:
1536 1011 1641 1051 nou
1668 1006 1771 1063 est,

239 1094 271 1147 si
299 1106 376 1146 vos
408 1089 661 1158 pereatis.
684 1088 839 1153 Dem,
887 1102 993 1142 nou
1022 1087 1147 1143 dem
1193 1088 1454 1143 rationem
1487 1086 1558 1143 de
1598 1087 1771 1154 vobis,

236 1183 339 1238 nihil
362 1181 483 1237 mibi
514 1180 647 1235 utile
686 1189 792 1235 est.
836 1179 1047 1235 Utinam
1090 1179 1243 1235 vobis
1294 1179 1522 1235 salutem
1576 1180 1769 1244 nactis,

235 1276 330 1330 dem
372 1288 465 1344 ego
519 1271 587 1327 de
635 1271 789 1327 vobis
843 1271 1144 1338 rationem,
1201 1279 1256 1327 et
1306 1285 1532 1326 accuser
1560 1312 1577 1338 ,
1632 1270 1772 1341 quod

233 1367 424 1423 ofﬁcium
476 1382 658 1422 meum
718 1381 828 1421 non
892 1365 1241 1435 impleverim.
1305 1364 1424 1420 Non
1489 1365 1632 1420 enim
1699 1364 1773 1420 ita

229 1474 353 1524 curo,
382 1468 437 1512 ut
477 1473 576 1528 per
610 1473 698 1513 me
722 1472 819 1513 vos
845 1456 1153 1521 servemini,
1203 1465 1263 1511 ut
1290 1470 1422 1511 curo
1444 1496 1461 1521 ,
1490 1464 1550 1511 ut
1576 1471 1606 1509 a
1637 1471 1771 1526 quo-

228 1552 298 1606 vis
338 1550 635 1606 servemini.
692 1549 810 1605 Non
874 1550 1045 1604 nostis
1110 1547 1461 1619 spiritualium
1525 1557 1771 1617 partuum

223 1640 552 1711 tyrannidem,
582 1640 852 1711 quomodo
890 1642 955 1705 is,
987 1642 1077 1710 qui
1110 1642 1179 1694 ita
1209 1640 1454 1710 parturit,
1483 1639 1678 1696 millies
1716 1640 1769 1695 in

223 1730 371 1786 trust:
394 1732 595 1787 concidi
617 1741 885 1802 peroptat,
917 1732 1092 1801 potius
1114 1747 1273 1803 quam
1301 1747 1463 1785 unum
1491 1746 1557 1786 ex
1579 1730 1771 1801 genitis

224 1824 384 1893 perire
404 1824 483 1878 vel
508 1824 775 1893 corrumpi
815 1822 1025 1879 videat?
1064 1823 1343 1880 Undenam
1392 1824 1443 1878 id
1469 1822 1621 1879 vobis
1646 1838 1771 1893 per-

220 1914 576 1969 suadebimus?
600 1914 715 1969 Non
741 1914 848 1969 alio
874 1914 1054 1981 modo,
1085 1929 1241 1983 quam
1266 1928 1329 1970 ex
1358 1914 1441 1979 iis,
1472 1929 1590 1983 quae
1619 1912 1770 1969 vobis

210 2007 527 2075 amtingunt,
554 2005 913 2061 absolvemur.
939 2005 1227 2060 Possumus
1247 2014 1301 2061 et
1329 2020 1425 2059 nos
1446 2006 1645 2069 dicere,
1673 2017 1771 2058 nos

206 2097 328 2153 nihil
355 2097 768 2167 subterfugisse;
794 2105 1029 2153 attamen
1057 2097 1333 2153 dolemus:
1354 2105 1408 2151 et
1432 2096 1573 2167 quod
1599 2096 1771 2151 dolea-

202 2209 314 2248 mus
342 2194 465 2247 hinc
492 2192 665 2262 palam
684 2201 784 2257 est,
813 2190 958 2262 quod
989 2200 1128 2245 tanta
1156 2204 1404 2260 paremus
1429 2198 1484 2245 et
1503 2190 1772 2259 excogite-

200 2300 329 2337 tnus.
352 2284 685 2353 Quamquam
708 2285 1061 2353 potuissemus
1080 2282 1230 2338 vobis
1251 2283 1429 2338 dicere
1449 2299 1464 2338 :
1482 2282 1619 2350 Quid
1641 2283 1770 2339 mihi

198 2393 332 2431 cura:
374 2378 495 2431 est?
531 2392 633 2447 ego
673 2376 814 2446 quod
854 2392 1033 2432 meum
1072 2386 1189 2431 erat
1232 2375 1364 2441 ieci;
1406 2390 1505 2446 ego
1541 2376 1772 2431 mundus

197 2484 306 2523 sum
346 2485 375 2521 a
418 2470 678 2537 sanguine
704 2486 718 2523 :
741 2478 796 2523 at
825 2469 928 2523 hoc
967 2483 1073 2522 non
1116 2466 1316 2523 sufficit
1354 2467 1419 2522 ad
1449 2468 1772 2522 consolatio-

197 2576 332 2615 nem.
358 2561 415 2616 Si
449 2569 632 2631 posset
655 2575 749 2616 cor
773 2571 1013 2616 nostrum
1042 2561 1267 2615 discindi
1303 2570 1358 2615 et
1385 2570 1589 2631 patere,
1620 2560 1769 2614 vide-

199 2656 319 2707 retis
344 2669 445 2708 vos
474 2669 663 2708 omnes
704 2654 811 2708 illic
851 2669 973 2709 esse
1012 2655 1063 2709 in
1094 2668 1283 2724 magna
1310 2654 1608 2720 latitudine,
1656 2668 1773 2707 mu-

200 2744 369 2809 lieres,
413 2746 572 2810 ﬁlios,
596 2748 745 2821 ‘viros
767 2764 781 2799 :
805 2754 950 2802 tanta
980 2747 1175 2817 quippe
1210 2756 1294 2802 est
1317 2748 1550 2802 caritatis
1581 2747 1769 2813 virtus,

196 2839 422 2891 animam
445 2840 582 2894 calo
603 2838 846 2895 latiorem
874 2838 1065 2895 reddit.
1097 2837 1273 2909 Capite
1296 2854 1410 2900 nos,
1442 2838 1611 2909 inquit
1632 2837 1772 2892 Pau-

1119 243 1186 302 ΙΝ
1224 245 1405 303 ACTA
1445 245 2209 306 APOSTOI.0RUM.HOMIL.
2251 250 2410 307 XLV.

3359 260 3463 317 3N

1883 360 1999 428 lus;
2029 364 2275 417 nemiuem
2316 365 2537 419 tissimus
2580 364 2655 437 (2.
2688 366 2807 421 Cor.
2836 368 2888 423 7.
2909 368 2991 439 2),
3023 386 3124 424 non
3159 384 3369 443 anguste
3407 376 3462 430 in

1881 453 2022 507 nobis
2050 455 2166 507 estis
2198 452 2219 525 (
2247 453 2384 507 Ibid.
2408 455 2463 510 6.
2495 456 2562 511 12
2596 458 2636 526 ).
2665 457 2777 512 Hoc
2810 468 2865 513 et
2905 474 3002 515 nos
3026 478 3168 518 nunc
3192 464 3419 522 dicimus
3446 485 3461 523 .-

1879 547 2066 619 Capite
2094 563 2214 604 nos.
2253 549 2441 605 Totam
2472 550 2526 605 in
2554 567 2614 607 sc
2652 550 2968 609 Corinthum
3000 556 3089 611 ille
3120 556 3373 625 habebat,
3407 570 3463 614 et

1880 637 2091 693 dicebat
2130 656 2144 693 :
2184 639 2482 695 Dilatamini
2524 652 2571 695 et
2620 660 2705 698 vos
2747 660 2765 697 :
2806 662 2907 699 non
2957 648 3011 700 in
3059 650 3294 718 angustia
3341 652 3462 705 estis

1879 729 1898 798 (
1929 728 2065 783 Ibid.
2084 746 2129 783 υ.
2175 731 2262 786 15.
2292 733 2359 787 12
2387 734 2429 801 ).
2469 733 2577 789 Sed
2606 734 2707 790 hoc
2738 752 2841 790 non
2873 752 2973 807 ego
3001 737 3179 793 dicere
3209 754 3459 808 possem:
3492 766 3495 769 -

1879 834 2000 873 nam
2023 819 2160 876 bene
2184 823 2329 889 novi,
2362 823 2501 893 quod
2524 839 2618 879 vos
2640 840 2727 880 me
2746 826 2977 897 diligatis
3003 837 3057 882 et
3080 830 3323 898 capiatis.
3350 830 3457 886 Sed

1881 912 2009 981 quid
2035 912 2168 968 lucri
2199 915 2283 970 vel
2306 929 2374 970 ex
2401 930 2517 970 mea
2544 917 2629 971 vel
2655 932 2721 972 ex
2754 928 2929 974 vestra
2956 920 3199 985 caritate,
3240 924 3458 991 quando

1877 1018 1961 1070 ea,
1995 1021 2113 1075 quae
2135 1006 2227 1062 Dei
2248 1017 2393 1074 sunt,
2422 1010 2477 1063 iu
2500 1010 2652 1065 vobis
2673 1025 2778 1066 non
2805 1022 2952 1067 recte
2974 1013 3301 1080 procedunt?
3325 1016 3459 1071 Hinc

1878 1096 2094 1166 majoris
2135 1113 2293 1155 causa
2319 1098 2539 1166 doloris,
2590 1102 2808 1172 majoris
2837 1105 3090 1173 perniciei
3127 1106 3357 1160 occasio.
3403 1106 3457 1160 lu

1877 1189 2024 1245 nullo
2055 1204 2271 1259 possum
2295 1206 2389 1247 vos
2414 1192 2661 1249 incusare
2691 1212 2706 1248 :
2727 1194 2909 1248 Testor
2928 1196 3059 1249 enim
3082 1196 3241 1263 vobis,
3268 1198 3457 1267 quia,si

1877 1281 1988 1350 fieri
2028 1283 2269 1351 potuisset
2293 1324 2308 1349 ,
2357 1284 2529 1340 oculos
2568 1295 2758 1341 vestros
2807 1287 3061 1341 eruissetis
3106 1297 3154 1342 et
3198 1288 3458 1343 dedissetis

1876 1375 2002 1429 mihi
2027 1374 2169 1448 (Gal.
2201 1376 2256 1432 4.
2287 1377 2398 1451 15).
2428 1377 2674 1434 Vicissim
2699 1378 2949 1435 daremus
2976 1396 3082 1436 non
3110 1381 3271 1437 modo
3295 1397 3456 1437 evan-

1874 1469 2088 1539 gelium,
2116 1470 2209 1526 sed
2241 1472 2398 1526 etiam
2422 1472 2635 1528 animas
2670 1483 2898 1529 nostras.
2930 1475 3187 1530 Amamur
3233 1485 3288 1530 et
3330 1477 3454 1530 scd-

1874 1573 2153 1615 amamus:
2180 1569 2235 1615 at
2256 1578 2359 1615 non
2388 1561 2490 1618 hoc
2516 1563 2792 1633 quaeritur.
2839 1565 3096 1620 Amemus
3122 1582 3251 1637 ergo
3290 1567 3453 1622 Chri-

1876 1664 2015 1709 stum
2048 1656 2220 1725 primo
2247 1673 2261 1710 :
2285 1654 2518 1709 Primum
2559 1656 2755 1727 quippe
2791 1658 3090 1713 mandatum
3128 1671 3201 1714 est
3223 1676 3240 1714 :
3262 1659 3455 1732 Diliges

1874 1745 2151 1801 Dominum
2183 1746 2342 1803 Deum
2378 1757 2542 1803 tuum.
2574 1748 2867 1803 Secundum
2904 1759 3071 1803 autem
3100 1750 3217 1804 huic
3250 1751 3415 1806 simile
3437 1769 3457 1806 :

1876 1839 1944 1894 Et
1975 1841 2262 1911 proximum
2296 1852 2438 1895 tuum
2479 1842 2610 1894 sicut
2636 1841 2849 1912 teipsum
2887 1840 3121 1913 (Matth.
3151 1842 3241 1899 22.
3266 1843 3451 1899 57-59.

1876 1933 2042 1988 Marc.
2073 1934 2161 1989 12.
2193 1934 2305 2005 50).
2346 1934 2647 1990 Secundum
2677 1943 2942 2001 tenemus,
2971 1935 3146 2006 primo
3190 1935 3345 1991 nobis
3369 1947 3452 1990 est

1875 2040 2039 2095 opus;
2085 2025 2256 2096 primo
2290 2023 2576 2080 admodum
2622 2039 2759 2095 opus
2798 2034 2900 2089 est,
2943 2034 2999 2081 et
3037 2026 3165 2080 mihi
3197 2034 3251 2081 et
3280 2025 3453 2080 vobis.

1875 2116 2143 2172 Habemus
2181 2115 2332 2181 illud,
2357 2116 2452 2171 sed
2496 2131 2601 2170 non
2645 2124 2704 2170 ut
2747 2123 3038 2185 oporteret.
3070 2116 3358 2187 Diligamus
3394 2117 3455 2171 il-

1876 2208 1985 2264 lum
2015 2228 2029 2264 :
2057 2208 2206 2264 scitis
2230 2216 2425 2278 quanta
2453 2207 2684 2278 reposita
2728 2208 2799 2263 sit
2824 2222 3029 2263 merces
3060 2208 3144 2272 iis,
3186 2209 3275 2278 qui
3302 2207 3454 2262 Citri-

1875 2309 2017 2355 slum
2046 2298 2273 2368 diligunt
2301 2315 2314 2352 :
2342 2311 2582 2353 amemus
2609 2298 2762 2353 illum
2789 2314 2909 2353 cum
2938 2297 3147 2354 fervore
3177 2300 3362 2365 animi,
3395 2310 3455 2355 ut

1874 2384 1991 2453 ejus
2019 2382 2384 2438 benevolentia
2414 2381 2677 2449 fruentes,
2705 2382 2982 2451 praesentis
3010 2383 3134 2437 vitae
3164 2392 3449 2452 tempesta-

1877 2484 1982 2530 tem
2024 2473 2308 2545 fugiamus,
2356 2481 2411 2529 et
2458 2474 2720 2544 promissa
2760 2473 3105 2544 diligentibus
3148 2489 3269 2529 eum
3316 2475 3452 2530 bona

1876 2564 2131 2633 consequi
2160 2563 2463 2635 dignemur,
2493 2565 2662 2636 gratia
2706 2574 2762 2620 et
2803 2566 3170 2620 misericordia
3201 2566 3455 2636 uuigeuiti

1876 2657 1994 2728 ejus
2020 2656 2161 2719 Filii.
2190 2657 2402 2727 quicum
2437 2658 2579 2713 Patri
2618 2665 2674 2714 et
2703 2657 2921 2728 Spiritui
2950 2669 3134 2714 sancto
3157 2659 3457 2729 gloria.im-

1877 2749 2107 2818 perium,
2152 2746 2346 2815 honor,
2373 2762 2515 2804 nunc
2553 2757 2609 2804 et
2644 2763 2878 2820 semper,
2906 2758 2962 2805 et
2990 2750 3043 2805 in
3072 2751 3266 2806 saecula
3294 2765 3453 2807 saecu-

1878 2838 2073 2893 lorum.
2104 2839 2299 2894 Amen.

1507 3048 1849 3110 HOMILIA
1891 3048 2086 3110 XLV.

189 3195 324 3251 Cn.
349 3196 440 3252 20.
468 3211 521 3250 v.
550 3194 643 3251 52.
672 3193 737 3249 Et
762 3209 895 3249 nunc
912 3233 929 3261 ,
960 3196 1145 3264 fratres
1163 3233 1178 3260 ,
1213 3190 1506 3247 commendo
1533 3205 1621 3245 vos
1664 3187 1777 3244 Deo

262 3299 313 3346 et
342 3290 486 3345 mbo
511 3288 691 3360 gratiis
726 3288 906 3360 ipsius,
943 3285 1029 3360 qui
1061 3293 1223 3357 potest
1259 3283 1550 3355 wdiﬁcare,
1583 3289 1629 3339 et
1653 3282 1775 3340 dare

266 3385 594 3438 hereditatem
622 3382 756 3435 vobis
780 3383 832 3434 in
858 3379 1191 3447 sanctiﬁcatis
1231 3377 1482 3432 omnibus.

274 3475 324 3527 1.
351 3474 455 3528 Per
496 3476 716 3545 gratiam
758 3473 976 3526 salutem
1030 3470 1400 3541 consequimur.
1432 3499 1502 3509 —
1529 3467 1681 3537 Quod
1725 3468 1778 3523 in

195 3570 437 3634 epistolis
455 3607 472 3631 ,
503 3568 604 3621 hoc
633 3576 689 3621 et
712 3565 1041 3620 imconsiliis
1064 3565 1173 3635 agit
1204 3581 1218 3618 :
1243 3564 1311 3618 ab
1337 3563 1700 3618 admonitione
1725 3564 1780 3618 in

182 3660 498 3713 orationem
528 3658 747 3713 desiuit.
786 3655 921 3723 Quia
946 3656 1088 3710 enim
1120 3655 1241 3710 illos
1267 3654 1419 3709 valde
1445 3654 1667 3719 terruit,
1699 3652 1783 3708 di-

175 3762 323 3803 em:
358 3770 371 3800 :
400 3749 546 3819 Lupi
567 3764 741 3820 graves
762 3748 814 3800 in
840 3763 927 3802 vos
952 3747 1331 3818 ingredientur;
1372 3760 1441 3802 ne
1468 3755 1783 3801 consterna-

172 3852 265 3893 res
326 3851 383 3895 et
434 3841 687 3909 perderet
738 3840 984 3904 animos,
1038 3837 1161 3893 vide
1215 3837 1659 3893 consolationem.
1713 3836 1784 3890 Et

168 3948 364 3997 nunc,
426 3932 618 4001 inquit.
668 3929 743 3985 lta
784 3929 953 3997 dixit,
1000 3929 1126 3984 binc
1180 3928 1473 3984 ostendens
1517 3942 1578 3984 se
1627 3928 1781 3998 quasi

166 4038 412 4091 sanper
470 4024 572 4077 hoc
598 4036 777 4093 agere.
804 4019 1111 4076 Commendo
1154 4034 1275 4087 vos,
1321 4021 1536 4087 fratres,
1575 4017 1686 4074 Deo
1736 4027 1785 4072 et

167 4115 339 4167 uerbo
385 4115 575 4185 gratia:
618 4115 813 4184 ipsius,
842 4112 894 4167 id
941 4121 1061 4177 est,
1091 4112 1276 4182 gratiae
1323 4111 1460 4181 ejus.
1496 4114 1672 4182 Atque
1712 4111 1784 4166 ita

170 4205 332 4259 bene
360 4206 507 4260 dixit
534 4225 547 4260 :
579 4213 798 4259 noverat
825 4204 968 4258 enim
991 4242 1007 4267 ,
1033 4201 1174 4273 quod
1206 4203 1379 4273 gratia
1407 4201 1583 4257 salvos
1607 4201 1783 4256 faciat.

170 4295 540 4367 Frequenter
566 4298 694 4368 ipsis
722 4297 944 4366 gratiam
972 4305 1396 4363 commemorat,
1436 4302 1498 4351 ut
1518 4294 1787 4350 debitores

170 4392 559 4446 studiosiores
582 4390 813 4446 reddens
837 4398 893 4445 et
922 4388 1194 4444 conlidere
1222 4387 1472 4444 suadens.
1503 4387 1604 4455 Qui
1629 4398 1788 4456 potest

172 4495 276 4534 ιω
301 4482 746 4550 αραωάὶραπι.
768 4479 881 4535 Non
910 4478 1076 4547 dixit,
1098 4477 1419 4544 Ediﬁcare;
1446 4478 1564 4546 sed,
1592 4476 1790 4549 Super-

174 4576 507 4641 rdiﬁcare,
561 4573 854 4629 ostendens
907 4573 1055 4643 ipsos
1111 4572 1222 4642 jam
1269 4570 1559 4627 aedilicatos
1602 4570 1784 4626 fuisse.

180 4666 410 4721 Deinde
449 4666 639 4720 futurae
685 4664 800 4735 spei
843 4663 1087 4719 meminit
1127 4662 1355 4720 dicens:
1386 4659 1454 4715 Et
1491 4663 1615 4717 dare
1653 4661 1790 4716 vobis

178 4761 535 4813 hereditatem
574 4760 629 4813 in
676 4758 1003 4827 sanctiﬁcatis
1044 4756 1297 4812 omnibus.
1342 4755 1532 4811 Postea
1576 4770 1788 4811 rursum

179 4853 507 4908 sul-sonitio
551 4869 567 4905 :
617 4851 709 4907 33.
750 4852 1063 4921 Argentum,
1104 4850 1301 4921 inquit.
1342 4849 1420 4904 vel
1461 4865 1642 4903 nurum
1669 4890 1684 4909 ,
1717 4850 1793 4904 vel

184 4956 388 4999 uestem
436 4943 630 4998 nullius
673 4942 953 5012 concupiui.
998 4941 1251 4996 Radicem
1301 4940 1561 4995 malorum
1611 4939 1789 5006 tollit,

188 5035 511 5088 avaritiam.
542 5033 825 5105 Argentum
848 5071 866 5098 ,
898 5030 1097 5102 inquit,
1123 5032 1201 5085 uel
1247 5046 1448 5084 surum.
1480 5029 1594 5085 Non
1624 5029 1791 5094 dixit,

196 5123 329 5179 Son
393 5126 613 5195 accepi,
663 5123 797 5188 sed,
849 5121 1027 5193 Neque
1068 5121 1354 5193 concupiui.
1397 5121 1642 5177 Nondum
1692 5120 1795 5175 hoc

194 5232 467 5284 maguum
495 5225 609 5282 est,
651 5215 746 5269 sed
794 5214 938 5285 quod
984 5216 1226 5285 sequitur
1264 5230 1534 5285 magnum.
1574 5215 1663 5270 3s.
1695 5211 1796 5267 Vos

196 5314 381 5373 scalis,
408 5307 533 5375 quia
557 5306 931 5361 necessitatibus
959 5307 1082 5362 meis
1108 5316 1155 5361 et
1176 5307 1271 5373 iis,
1298 5308 1383 5378 qui
1423 5323 1617 5362 mecum
1639 5315 1794 5374 sunt,

198 5401 628 5453 Mt
671 5415 853 5453 mansos
888 5400 1019 5453 istc.
1060 5399 1151 5455 35.
1184 5398 1370 5453 Omnia
1396 5397 1592 5453 ostendi
1624 5398 1759 5452 vobis
1780 5436 1795 5461 ,

1884 3189 2297 3245 ministraverunt
2336 3206 2517 3246 manus
2550 3193 2679 3248 istte.
2718 3192 2829 3248 Hoc
2869 3192 3209 3249 admonendo
3247 3194 3458 3252 dicitur.

1884 3281 1955 3339 Et
1981 3281 2103 3340 vide
2127 3297 2247 3340 cum
2284 3292 2479 3356 quanta
2526 3283 2825 3358 dignitate;
2874 3302 2979 3342 non
3020 3287 3163 3343 enim
3194 3288 3359 3352 dixit.
3392 3291 3463 3346 Ut

1884 3378 2124 3448 pecuniis
2151 3379 2454 3447 superiores
2484 3377 2625 3445 sint;
2653 3378 2749 3434 scd
2793 3378 2965 3451 quid?
2999 3380 3271 3453 Suscipere
3316 3382 3464 3452 inﬁr-

1882 3485 2011 3525 mos.
2038 3469 2154 3524 Non
2180 3470 2345 3538 dixit,
2377 3470 2577 3526 Omnes
2605 3512 2622 3537 ,
2653 3470 2780 3539 sed,
2809 3470 3074 3541 Inﬁrmus.
3114 3472 3182 3526 Et
3210 3474 3465 3529 recordari

1886 3560 2018 3615 uerbi
2069 3560 2312 3629 Domini,
2342 3563 2477 3629 quod
2513 3562 2644 3617 dixit
2688 3577 2709 3616 :
2747 3560 2955 3617 Beatius
3000 3572 3073 3618 est
3112 3564 3268 3629 dare,
3314 3581 3466 3635 quam

1886 3652 2133 3721 accipere.
2177 3653 2255 3707 Ne
2281 3653 2399 3724 quis
2429 3661 2640 3723 putaret
2663 3653 2730 3708 ad
2761 3653 2883 3710 illos
2908 3652 3107 3709 dictum
3136 3670 3257 3712 esse
3278 3696 3294 3723 ,
3328 3666 3382 3711 ct
3408 3673 3466 3711 se

1886 3744 2160 3814 exemplar
2202 3744 2306 3799 illis
2344 3744 2501 3809 dare,
2542 3754 2601 3800 ut
2642 3744 2765 3800 alibi
2806 3745 2880 3801 ait
2920 3762 2935 3798 :
2968 3745 3247 3816 Exemplar
3291 3746 3469 3802 dantes

1886 3835 2024 3889 vobis
2055 3833 2330 3907 (Philipp.
2363 3835 2416 3889 5.
2449 3835 2574 3904 17);
2604 3834 2784 3892 subdit
2805 3837 3125 3892 sententiam
3157 3837 3353 3892 Christi
3379 3838 3463 3892 di-

1887 3924 2057 3981 centis
2082 3943 2096 3980 :
2119 3923 2325 3979 Beatius
2344 3923 2417 3979 est
2440 3926 2581 3989 dare,
2605 3942 2758 3992 quam
2786 3928 3031 3998 accipere.
3055 3928 3237 3982 Oravit
3256 3944 3469 3999 quoque

1888 4032 2050 4089 super
2091 4018 2197 4074 illis
2226 4032 2483 4084 monens,
2523 4017 2763 4088 illudque
2788 4034 2953 4089 opere
2982 4020 3236 4076 ostendit.
3279 4020 3369 4077 36.
3401 4020 3470 4075 Et

1887 4125 2003 4164 cum
2041 4110 2150 4164 haec
2191 4109 2434 4175 dixisset,
2478 4110 2652 4180 positis
2681 4109 2892 4181 genibus
2934 4126 3050 4165 cum
3091 4111 3321 4166 omnibus
3366 4112 3469 4167 illis

1889 4204 2067 4259 oravit.
2089 4204 2274 4260 Oravit
2296 4245 2313 4271 ,
2340 4220 2446 4259 non
2478 4214 2763 4274 utcumque
2783 4245 2798 4270 ,
2826 4204 2920 4261 sed
2949 4219 3069 4259 cum
3106 4205 3273 4260 multa
3309 4219 3464 4261 com-

1890 4295 2199 4365 punctione.
2230 4294 2416 4366 Magna
2442 4296 2769 4361 consolatio;
2800 4306 2856 4353 et
2893 4311 3015 4352 cum
3042 4296 3278 4363 diceret,
3309 4296 3467 4352 Com-

1889 4388 2071 4442 mendo
2099 4403 2186 4442 vos
2212 4386 2466 4456 Domino,
2496 4386 2895 4445 consolabatur.
2935 4389 3025 4444 57.
3056 4388 3277 4459 Magnus
3301 4398 3471 4442 autem

1890 4481 2039 4551 ﬂetus
2069 4482 2233 4552 factus
2256 4489 2328 4534 est
2356 4482 2652 4542 omnium,et
2680 4480 3058 4550 procumbentes
3092 4496 3246 4550 super
3285 4480 3473 4534 collum

1898 4570 2068 4635 Pauli,
2089 4570 2446 4624 osculabantur
2466 4586 2602 4636 eum,
2627 4569 2717 4625 38.
2732 4571 2973 4638 dolentes,
2996 4573 3216 4626 maxime
3233 4572 3287 4625 in
3306 4572 3472 4633 verbo,

1890 4665 2027 4734 quod
2063 4664 2302 4727 dixerat,
2349 4663 2483 4735 qaod
2530 4663 2754 4734 amplius
2795 4664 2974 4734 [aciem
3010 4666 3121 4734 ejus
3162 4680 3267 4717 non
3312 4674 3477 4718 essent

1892 4757 2067 4810 visuri.
2100 4754 2169 4809 Et
2210 4756 2524 4810 deducebant
2562 4772 2677 4809 eum
2711 4755 2781 4809 ad
2816 4771 3011 4814 navem.
3041 4753 3225 4820 Dixit,
3270 4753 3476 4809 Venient

1894 4847 2005 4915 lupi
2049 4863 2261 4918 graves;
2306 4845 2476 4913 dixit,
2511 4845 2735 4901 Mundus
2762 4862 2855 4917 ego
2896 4862 3007 4900 sum
3032 4863 3065 4899 a
3092 4846 3339 4915 sanguine
3364 4862 3476 4899 om-

1894 4938 2036 4991 nium
2060 4953 2080 4992 :
2107 4938 2220 4993 haec
2243 4946 2469 5008 utraque
2497 4938 2773 5001 terribilia,
2803 4952 2923 5007 qua:
2948 4946 3168 5007 possent
3188 4950 3476 4991 maerorem

1895 5029 2121 5097 afferre;
2170 5030 2400 5085 maxime
2428 5038 2606 5085 autem
2644 5029 2747 5084 hoc
2771 5029 3007 5083 omnium
3039 5043 3133 5084 eos
3169 5028 3474 5091 cruciabat,

1895 5120 2036 5191 quod
2066 5120 2374 5185 audissent,
2400 5135 2461 5175 se
2497 5135 2602 5174 non
2644 5119 2782 5175 ultra
2805 5118 3015 5174 visuros
3036 5119 3209 5189 ipsum
3237 5133 3359 5174 esse
3388 5136 3401 5172 :
3426 5129 3481 5175 et

1899 5209 2022 5266 biuc
2045 5225 2180 5281 agon
2208 5210 2575 5282 gravissimus.
2604 5208 2929 5265 Deducebant
2948 5251 2963 5275 ,
2997 5210 3171 5281 inquit
3192 5252 3207 5276 ,
3238 5210 3385 5265 illum
3409 5212 3479 5265 ad

1899 5318 2097 5357 navem.
2124 5301 2213 5358 Sic
2233 5302 2484 5357 amabant
2507 5301 2676 5368 illum,
2698 5302 2778 5357 sic
2796 5301 2969 5357 affecti
2990 5316 3113 5373 erga
3132 5302 3282 5358 illum
3303 5313 3483 5359 erant.

1902 5392 2054 5466 (Cap.
2085 5390 2193 5458 2i.)
2228 5394 2281 5448 1.
2312 5393 2439 5449 Cum
2466 5403 2634 5455 autem
2658 5393 2851 5464 factum
2877 5403 3024 5459 esset,
3052 5404 3107 5449 ut
3132 5396 3483 5467 navigaremus

200 5490 551 5557 potin-ds
574 5488 856 5543 laborantes
878 5498 1073 5557 oportet
1096 5489 1348 5559 suscipere
1392 5489 1642 5555 inﬁrmos.
1671 5487 1803 5543 Vide
1902 5487 2146 5541 abstracti
2168 5486 2231 5540 ab
2267 5489 2359 5555 eis,
2386 5498 2521 5543 recto
2546 5505 2697 5543 cursu
2722 5489 2944 5544 venimus
2972 5488 3153 5558 Coum,
3185 5501 3232 5545 et
3259 5491 3486 5559 sequenti

210 5583 365 5636 illum
388 5594 564 5650 opere
598 5594 853 5635 manuum
882 5588 1143 5647 titantem,
1170 5596 1270 5637 nec
1296 5581 1506 5645 leviter,
1538 5579 1631 5635 sed
1663 5579 1802 5635 lalio-
1904 5579 1987 5634 die
2026 5578 2297 5647 Rhodum,
2351 5591 2399 5635 et
2450 5581 2570 5636 inde
2612 5581 2879 5637 Pataram.
2918 5580 2973 5637 2.
3006 5581 3076 5636 Et
3122 5583 3323 5637 inventa
3370 5583 3483 5637 uari

220 5680 460 5726 tam.
487 5669 885 5727 Necessitatibus
926 5672 1049 5726 meis
1075 5683 1123 5727 et
1148 5673 1211 5728 iis
1235 5716 1250 5743 ,
1295 5674 1382 5745 qui
1430 5688 1621 5727 mecum
1650 5681 1799 5740 sunt,

1907 5675 2185 5741 trujiciente
2208 5675 2258 5728 in
2288 5673 2560 5731 Phcnicen
2579 5716 2595 5741 ,
2623 5692 2682 5730 ea
2704 5691 2975 5731 conscensa
3010 5674 3269 5729 soluimus.
3295 5673 3350 5726 3.
3378 5673 3476 5724 Ubi
