4028 6218
491 228 594 284 515

488 351 654 394 autem
682 338 921 409 apparuit
948 334 1164 406 Cyprus,
1199 336 1370 386 relicta
1398 332 1487 385 illa
1514 330 1578 381 ad
1606 330 1880 390 sinistram,
1914 327 2055 377 navi-

490 450 666 503 gamus
692 434 745 485 in
772 431 1012 501 Syriam,
1045 440 1089 482 et
1118 428 1338 479 venimus
1376 423 1587 493 Tyrum.
1624 420 1751 474 Vide
1780 438 1792 471 :
1822 420 1967 472 venit
2009 418 2060 469 in

490 520 737 594 Lyciant,‘
765 530 821 576 et
867 519 1135 587 trajic'ieus
1164 519 1215 570 in
1250 516 1535 569 l’hmnicen
1559 553 1573 577 ,
1621 512 1807 565 relicta
1852 511 2057 579 Cypro,

490 615 690 684 'I'yrum
748 611 1046 680 navigavit;
1093 622 1214 661 nam
1246 607 1354 659 illic
1384 605 1531 658 navis
1559 600 1895 658 exoneranda
1923 609 2060 654 erat.

464 706 617 760 .lla~c
659 719 818 757 causa
859 702 959 756 fuit
986 718 1080 754 cur
1110 700 1309 768 Tyrum
1350 698 1505 752 irent.
1537 696 1588 748 4.
1634 691 1857 745 Inventis
1898 701 2065 743 autem

491 795 773 863 discipulis,
800 793 1073 846 mansimus
1097 790 1166 843 ibi
1194 789 1366 844 diebus
1390 794 1578 857 septem
1604 784 1726 853 :qui
1746 781 1908 837 Paulo
1928 781 2067 834 dice-

498 886 617 939 bant
645 901 733 954 per
760 884 1037 954 Spiritum,
1069 897 1131 934 ne
1156 878 1440 933 ascenderet
1475 874 1869 942 Jerosolymam.
1899 870 2064 933 Vide,

497 976 820 1045 prOphetant
846 974 919 1027 illi
944 972 1282 1027 alﬂictioues.
1313 966 1590 1022 Provisum
1633 974 1811 1018 autem
1843 962 1969 1026 fuit,
2013 968 2069 1013 ιιι

495 1078 550 1123 et
580 1068 651 1122 illi
680 1066 921 1121 dicerent
945 1105 960 1128 ,
1007 1079 1074 1119 ne
1113 1063 1232 1131 quis
1274 1068 1482 1130 putaret
1526 1057 1641 1110 htec
1676 1054 1869 1109 frustra
1896 1061 1949 1108 et
1982 1052 2067 1121 ja-

502 1159 677 1213 ctandi
700 1172 859 1213 causa
875 1156 1095 1212 Paulum
1118 1154 1334 1209 dixisse.
1354 1152 1551 1206 lterum
1577 1157 1756 1202 autem
1781 1146 1888 1200 illic
1912 1160 2073 1199 oran-

500 1261 600 1313 tes,
628 1265 686 1304 se
710 1259 895 1302 mutuo
924 1247 1275 1315 reliquerunt.
1304 1243 1356 1299 5.
1387 1240 1453 1294 Et
1491 1239 1698 1309 expletis
1732 1237 1905 1289 diebus
1949 1251 2069 1304 pro-

501 1342 619 1412 fecti
654 1341 849 1393 ibamus
873 1381 887 1407 ,
918 1337 1277 1392 deducentibus
1303 1351 1394 1391 nos
1417 1332 1647 1387 omnibus
1683 1345 1796 1383 cum
1832 1328 2071 1381 uxoribus

497 1443 545 1486 et
565 1432 684 1501 ﬁliis
712 1447 865 1503 usque
890 1433 1030 1501 foras
1058 1429 1303 1481 civitatem
1330 1442 1348 1480 :
1379 1434 1426 1479 et
1456 1422 1629 1493 pasitis
1660 1422 1711 1474 in
1744 1421 1908 1473 littore
1931 1417 2073 1488 geni-

497 1523 599 1597 bus‘
636 1522 905 1575 oravimus.
950 1520 1003 1575 6.
1058 1518 1126 1573 Et
1185 1533 1300 1571 cum
1364 1513 1764 1584 valefecissentus
1828 1508 2071 1572 invicem,

501 1614 816 1667 ascendimus
846 1612 897 1666 in
939 1610 1104 1664 navim
1143 1627 1161 1663 :
1194 1608 1271 1662 illi
1298 1622 1413 1661 vero
1454 1604 1709 1659 redierunt
1753 1602 1819 1656 ad
1846 1601 2070 1671 propria.

503 1706 554 1758 7.
589 1705 698 1758 Nos
727 1716 896 1759 autem
935 1703 1252 1773 navigatione
1282 1700 1481 1769 expleta
1510 1716 1539 1749 a
1568 1696 1700 1767 Tyro
1728 1694 2075 1748 descendimus

504 1798 869 1851 Ptolemaidem
890 1814 910 1863 ;
935 1806 983 1850 et
1006 1795 1235 1850 salutatis
1261 1793 1524 1865 fratribus,
1552 1789 1827 1843 mansimus
1850 1786 1932 1840 die
1973 1802 2074 1837 uno

505 1890 643 1958 apud
664 1889 799 1942 illos.
831 1888 886 1943 8.
915 1886 1156 1959 Sequenti
1185 1900 1299 1937 vero
1325 1883 1407 1935 die
1430 1881 1639 1951 profecti
1667 1879 1888 1932 venimus
1911 1875 2077 1933 Cwsa-

503 1995 663 2045 ream,
708 1988 755 2033 et
783 1978 997 2047 ingressi
1030 1979 1081 2030 in
1108 1977 1313 2029 domum
1351 1971 1582 2042 Philippi
1608 1970 1959 2039 evangelistaz,
1993 1968 2075 2035 qui

506 2081 612 2124 erat
633 2087 762 2124 unus
788 2086 849 2124 ex
875 2079 1084 2140 septem,
1104 2082 1379 2120 mansimus
1401 2066 1539 2133 apud
1560 2063 1721 2116 illum.
1756 2062 2073 2123 Ctesareant,

510 2161 700 2230 inquit,
732 2160 1027 2223 venientes,
1057 2157 1195 2226 apud
1225 2156 1548 2224 Philippum,
1582 2153 1669 2222 qui
1700 2162 1817 2206 erat
1839 2166 1973 2205 unus
2012 2167 2077 2205 cx

506 2260 736 2320 septem,
759 2249 1073 2304 mansimus.
1098 2248 1151 2302 9.
1186 2246 1320 2300 Huic
1345 2255 1511 2299 autem
1538 2253 1677 2297 erant
1714 2252 1927 2312 quatuor
1956 2241 2080 2310 ﬁlia:

507 2341 889 2410 prophetantes.
928 2339 1030 2395 Sed
1077 2356 1182 2393 non
1228 2338 1342 2391 ista:
1386 2336 1681 2405 praedicunt
1720 2332 1922 2398 Paulo,
1956 2332 2080 2386 licet

512 2433 913 2503 prophetarent,
943 2433 1039 2487 sed
1065 2431 1275 2501 Agabus
1304 2447 1317 2482 :
1350 2437 1404 2485 et
1429 2427 1693 2498 quomodo
1726 2424 1869 2480 audi.
1898 2424 1987 2481 10.
2014 2424 2080 2477 Et

510 2540 625 2577 cum
654 2540 964 2578 maneremus
988 2539 1078 2592 per
1111 2523 1216 2576 dies
1254 2520 1477 2590 aliquot,
1505 2518 1634 2571 venit
1662 2534 1693 2569 a
1728 2515 1914 2571 Judaaa
1954 2532 2079 2584 pro-

510 2620 694 2687 pheta,
738 2617 939 2670 nomine
984 2614 1185 2684 Agabus
1213 2629 1232 2667 :
1264 2613 1349 2668 11.
1381 2623 1428 2666 et
1457 2627 1570 2665 cum
1610 2610 1819 2664 venisset
1845 2608 1913 2663 ad
1957 2625 2077 2673 nos,

512 2711 621 2762 tulit
647 2724 824 2761 zonam
850 2707 1034 2760 Pauli:
1054 2716 1098 2760 et
1118 2706 1332 2776 alligans
1353 2703 1446 2757 sibi
1472 2703 1620 2772 pedes
1639 2713 1682 2755 et
1700 2719 1893 2768 manus,
1919 2701 2044 2754 dixit
2064 2717 2082 2754 :

514 2801 638 2855 Hth
664 2802 783 2854 dicit
814 2800 1034 2869 Spiritus
1057 2810 1259 2853 sanctus
1282 2815 1299 2851 :
1331 2797 1523 2863 Virum,
1545 2797 1686 2866 cujus
1706 2805 1777 2850 est
1801 2812 1928 2848 zona
1954 2795 2078 2860 lucc,

518 2895 589 2945 sic
615 2890 895 2962 alligabunt
924 2891 974 2943 in
1000 2888 1280 2942 Jerusalem
1306 2887 1499 2951 Judari,
1532 2897 1576 2939 et
1607 2887 1802 2939 tradent
1822 2886 1872 2938 in
1904 2903 2081 2939 manus

510 2986 749 3052 gentium.
768 2982 865 3050 Qui
887 2981 1014 3035 olim
1036 2981 1225 3033 famem
1256 2979 1592 3048 praedixerat,
1611 2978 1695 3031 hic
1722 2978 1794 3030 ait
1822 2994 1835 3029 :
1878 2975 2077 3039 Virum,

512 3075 657 3143 cujus
696 3082 767 3127 est
812 3089 942 3127 zona
985 3072 1122 3137 htec,
1160 3072 1231 3125 sic
1273 3072 1569 3140 alligabunt.
1615 3069 1765 3137 Quod
1811 3070 2081 3140 propheta:

514 3164 809 3228 faciebant,
839 3164 1009 3219 oculis
1048 3163 1221 3217 futura
1252 3163 1612 3218 describentes
1640 3204 1653 3228 ,
1676 3178 1795 3216 cum
1826 3162 1893 3217 de
1918 3164 2084 3231 capti-

513 3255 674 3309 vitate
695 3255 943 3309 dicebant
971 3267 1025 3310 ut
1050 3254 1293 3308 Ezechiel
1321 3271 1334 3307 :
1366 3255 1466 3307 hoc
1487 3262 1540 3307 ct
1566 3254 1664 3307 iste
1685 3252 1827 3307 fecit.
1856 3254 1918 3307 Et
1942 3253 2081 3322 quod

511 3362 671 3417 grave
700 3357 852 3402 erat:
882 3346 949 3401 In
982 3364 1161 3402 manus
1184 3347 1405 3417 gentium
1436 3346 1653 3399 tradent.
1689 3345 1774 3398 12.
1802 3346 1949 3413 Quod
1972 3363 2083 3399 cum

519 3440 865 3503 audissemus,
896 3438 1199 3508 rogabamus
1227 3453 1316 3489 nos
1343 3446 1389 3489 et
1418 3436 1501 3506 qui
1532 3433 1627 3487 loci
1657 3434 1794 3489 illius
1822 3445 1991 3501 erant,
2024 3453 2086 3489 ne

515 3530 801 3582 ascenderet
829 3528 1218 3599 Jerosolymam.
1253 3528 1316 3581 Et
1346 3528 1493 3581 multi
1524 3527 1764 3591 orabant,
1795 3541 1863 3582 ne
1889 3526 2080 3591 abiret,

516 3634 686 3688 neque
711 3620 789 3673 sic
813 3618 1032 3674 audivit.
1077 3620 1164 3674 15.
1198 3617 1477 3687 Respondit
1503 3633 1617 3671 vero
1643 3617 1839 3672 Paulus
1880 3634 1898 3673 :
1949 3617 2085 3684 Quid

522 3710 691 3780 facitis
715 3709 891 3776 ﬂentes
918 3718 964 3763 et
1003 3708 1272 3778 aﬂligentes
1296 3724 1385 3761 cor
1410 3707 1615 3760 meum?
1655 3707 1765 3777 Ego
1806 3707 1936 3761 enim
1986 3724 2086 3761 non

515 3802 679 3853 solum
708 3801 944 3871 alligari,
995 3801 1083 3854 sed
1121 3801 1273 3854 etiam
1313 3802 1439 3853 mori
1469 3801 1520 3854 in
1547 3799 1832 3855 Jerusalem
1880 3813 2087 3871 paratus

515 3911 622 3946 sum
652 3911 742 3962 pro
771 3894 970 3948 nomine
993 3892 1203 3948 Domini
1230 3892 1376 3949 Jesu.
1409 3895 1496 3949 14.
1526 3893 1593 3946 Et
1635 3910 1749 3947 cum
1786 3894 1831 3947 ei
1874 3894 2087 3947 suadere

516 4000 619 4037 non
659 4000 915 4054 possemus
938 4024 955 4049 ,
997 3984 1271 4055 quievimus
1296 3986 1560 4040 dicentes:
1592 3983 1836 4041 Voluntas
1879 3984 2085 4038 Domini

514 4079 626 4145 fiat.

582 4169 637 4224 2.
682 4169 882 4225 Vides?
919 4169 989 4226 Ut
1013 4187 1080 4225 ne
1102 4171 1323 4226 audiens
1340 4180 1489 4239 putes
1514 4188 1579 4226 ex
1610 4172 1929 4228 necessitate
1956 4173 2086 4228 illud

514 4273 655 4325 esse,
685 4260 941 4330 Alligatus
967 4261 1167 4331 Spiritu
1193 4264 1361 4326 vado;
1389 4277 1527 4316 neve
1557 4263 1727 4331 ipsum
1758 4263 2086 4332 ignorantem

515 4349 764 4404 incidisse
793 4350 1014 4414 credas;
1048 4351 1166 4405 ideo
1193 4351 1307 4405 haec
1346 4351 1724 4419 praedicuntur.
1758 4354 1829 4406 At
1873 4353 1944 4407 illi
1972 4356 2088 4422 qui-

515 4436 637 4492 dem
668 4437 861 4491 flebant
889 4454 902 4502 ;
936 4438 1024 4491 hic
1054 4454 1177 4492 vero
1208 4440 1581 4495 consolabatur
1604 4441 1792 4496 dolens
1818 4443 1883 4496 de
1911 4444 2087 4514 lacry-

517 4528 619 4581 mis
654 4543 863 4582 eorum.
910 4528 1047 4594 Quid
1082 4530 1270 4598 facitis,
1305 4531 1493 4599 inquit,
1525 4533 1701 4599 ﬂentes
1732 4541 1776 4585 ct
1818 4534 2087 4604 aﬁligentes

516 4635 603 4674 cor
629 4636 796 4673 meum
825 4622 851 4675 1’
875 4619 1017 4675 Nihil
1060 4621 1219 4675 Paulo
1246 4622 1507 4675 amantius
1538 4639 1552 4675 :
1584 4627 1704 4692 quia
1736 4623 2088 4693 lacrymanles

515 4713 764 4777 videbat,
794 4714 1041 4781 dolebat,
1073 4716 1159 4784 qui
1191 4716 1241 4768 in
1284 4716 1511 4784 propriis
1538 4718 1914 4772 teutationibus
1957 4719 2087 4773 nihil

516 4805 833 4874 patiebatur.
856 4805 937 4859 Me
980 4806 1030 4858 in
1072 4805 1173 4861 hoc
1198 4805 1388 4861 la'ditis
1411 4848 1426 4871 ,
1458 4808 1660 4877 inquit:
1696 4808 1947 4877 numquid
1991 4825 2089 4880 ego

516 4893 721 4949 doleo?
750 4893 899 4950 Tunc
927 4898 1243 4965 quieverunt
1268 4938 1282 4960 ,
1312 4897 1522 4966 quando
1556 4898 1724 4952 dixit:
1762 4899 1897 4966 Quid
1923 4902 2089 4970 facitis

517 4985 784 5056 a/ﬂigenles
814 5003 901 5040 cor
931 4988 1138 5041 meum?
1166 4986 1337 5058 Super
1368 4988 1515 5042 vobis
1544 4988 1727 5059 ploro,
1756 4991 1946 5060 inquit,
1979 5008 2085 5047 non

516 5090 677 5144 super
709 5078 1041 5146 passionibus
1086 5079 1220 5134 meis
1253 5097 1266 5131 :
1301 5094 1395 5148 pro
1426 5078 1530 5133 illis
1559 5081 1717 5134 etiam
1763 5081 1897 5134 mori
1943 5081 2084 5135 volo.

516 5167 624 5223 Sed
649 5184 807 5237 supra
846 5170 987 5233 dicta
1018 5182 1339 5241 repetamus.
1367 5171 1642 5243 Argentum
1680 5175 1755 5227 vel
1793 5190 1973 5226 aurum
2013 5174 2089 5227 vel

516 5268 700 5313 vestem
729 5261 920 5316 nullius
944 5264 1206 5332 concupiui
1230 5304 1247 5330 ,
1278 5264 1447 5333 inquit
1475 5280 1489 5319 :
1518 5279 1602 5317 vos
1639 5265 1778 5317 scitis
1796 5303 1811 5327 ,
1841 5265 1960 5333 quia
1998 5281 2088 5317 ne-

514 5348 830 5402 cessitatibus
856 5356 980 5405 mets
1004 5362 1052 5406 et
1077 5353 1160 5419 iis,
1191 5354 1276 5422 qui
1300 5369 1491 5407 mecum
1517 5363 1651 5419 sunt,
1684 5355 2088 5407 ministraverunt

521 5453 700 5492 manus
720 5437 849 5495 ἰδίω.
877 5439 993 5495 Non
1022 5456 1149 5510 ergo
1168 5440 1407 5497 Corinthi
1436 5453 1636 5498 tantum
1658 5444 1776 5519 .boc
1804 5444 2039 5499 fecerunt
2069 5485 2084 5507 ,

518 5529 609 5600 qui
636 5531 1052 5601 corrumpebant
1074 5531 1383 5602 discipulos,
1402 5534 1495 5589 sed
1525 5539 1681 5589 etiam
1706 5536 1756 5588 in
1788 5537 1931 5589 Asia.
1956 5535 2091 5588 Nm-

520 5638 677 5694 quam
722 5623 824 5680 hoc
870 5624 1115 5696 Ephesiis
1159 5625 1500 5696 improperat.
1545 5628 1762 5694 Quare?
1805 5629 1939 5694 Qu‘a
1984 5644 2086 5681 non

1126 222 1182 277 S.
1223 217 1497 277 JOANNIS
1533 215 2002 270 CHRYSOSTOMI
2046 212 2359 267 ARCIIIEP.
2404 208 2930 267 CUNSTANTINUP.

3635 207 3743 265 316

2173 323 2355 377 incidit
2386 322 2437 376 in
2476 322 2863 375 necessitatem.
2905 318 3007 373 Sed
3038 328 3091 373 et
3112 317 3398 374 Corinthiis
3424 319 3591 375 dicit:
3619 320 3743 374 Non

2167 412 2385 482 infracta
2410 420 2482 465 est
2506 411 2740 481 gloriatio
2767 426 2874 463 mea
2902 411 2951 461 in
2974 409 3259 479 regionibus
3288 409 3496 464 Achaiae
3516 410 3593 480 (2.
3619 410 3744 465 Cor.

2171 504 2257 557 11.
2288 504 2356 557 to
2380 501 2419 572 ).
2450 502 2556 555 Nec
2579 500 2865 565 dixit,Nou
2894 500 3115 554 dedistis
3139 500 3298 565 mihi;
3328 501 3443 561 sed,
3467 502 3753 571 Argentum

2168 596 2244 648 vel
2268 610 2450 647 aurum
2476 594 2552 647 vel
2586 601 2770 647 vestem
2809 608 2910 645 non
2953 592 3213 659 concupiui
3232 608 3251 656 ;
3295 607 3362 645 ne
3392 591 3666 645 videretur
3696 593 3751 646 id

2170 700 2289 741 esse
2317 702 2403 750 eo,
2424 684 2567 754 quod
2596 685 2670 738 illi
2700 697 2805 736 non
2827 682 3122 737 dedissent.
3148 682 3329 751 Neque
3355 683 3509 745 dixit,
3538 682 3755 737 Nullius

2170 776 2445 846 concupivi
2475 776 2811 839 necessaria;
2843 783 2901 827 ut
2927 790 2994 828 ne
3022 774 3294 827 videretur
3323 774 3591 827 accusatio
3623 774 3751 827 illo-

2172 883 2287 922 rum
2309 883 2427 922 esse
2450 884 2465 926 :
2496 866 2591 921 sed
2619 866 2746 922 illud
2771 865 3092 929 subindicat,
3124 880 3182 919 se
3201 866 3320 934 jure
3344 881 3448 918 ron
3470 867 3752 934 accepisse

2172 958 2260 1027 qui
2294 968 2348 1012 et
2376 959 2509 1012 alios
2539 956 2784 1011 nutriret.
2812 955 2948 1010 Vide
2974 971 3132 1025 quam
3170 955 3408 1011 studiose
3435 965 3758 1024 cperaretur

2174 1060 2326 1105 nocte
2353 1060 2405 1103 et
2434 1050 2520 1103 die
2545 1049 2854 1119 colloquens
2877 1064 2999 1103 cum
3043 1048 3294 1118 lacrymis
3324 1089 3339 1114 ,
3370 1049 3609 1118 singulos
3650 1050 3754 1103 ad-

2175 1158 2413 1196 monens.
2439 1142 2620 1196 Omnia
2641 1142 2833 1195 ostendi
2854 1142 3009 1207 vobis,
3034 1142 3224 1210 inquit,
3256 1142 3493 1211 quoniam
3512 1142 3583 1195 sic
3606 1142 3757 1196 labo-

2174 1247 2340 1289 rantes
2369 1244 2562 1304 oportet
2599 1236 2853 1300 suscipere
2893 1234 3141 1302 inﬁrmos.
3187 1235 3297 1287 lloc
3324 1250 3445 1288 cum
3475 1235 3703 1289 dixisset
3737 1276 3754 1299 ,

2176 1329 2364 1382 iterum
2394 1328 2633 1380 timorem
2661 1326 2895 1379 incussit.
2923 1325 3033 1380 Hoc
3050 1334 3223 1379 autem
3250 1325 3446 1379 indicat
3468 1345 3482 1378 -.
3505 1324 3621 1379 Non
3650 1342 3757 1395 po-

2179 1419 2407 1474 testisad
2432 1420 2778 1488 ignorantiam
2808 1418 3094 1487 confugere
3120 1435 3133 1468 :
3162 1419 3412 1487 operibus
3438 1418 3648 1472 ostendi
3674 1419 3756 1471 sic

2178 1525 2425 1581 oportere
2441 1512 2701 1566 laborare.
2720 1511 2828 1566 Nec
2845 1511 2983 1565 dixit
2999 1511 3192 1563 malum
3206 1525 3322 1563 esse
3339 1512 3610 1579 accipere;
3628 1511 3756 1573 sed.

2178 1604 2368 1659 melius
2397 1619 2516 1659 esse
2546 1619 2651 1658 non
2682 1604 2945 1672 accipere.
2976 1600 3224 1655 Memores
3254 1618 3378 1665 esse,
3414 1603 3605 1671 inquit,
3636 1619 3759 1655 ser-

2178 1696 2337 1749 monis
2358 1693 2598 1761 Domini,
2625 1710 2771 1763 quem
2792 1694 2919 1747 dixit
2941 1710 2960 1747 :
2991 1693 3193 1747 Beatius
3218 1702 3287 1747 est
3312 1694 3453 1760 dare,
3484 1710 3635 1762 quam
3664 1710 3763 1748 ac-

2178 1787 2359 1855 cipere.
2393 1786 2457 1840 Et
2490 1786 2703 1840 ubinam
2729 1784 2903 1839 dixit?
2930 1784 3089 1840 Forte
3124 1784 3249 1838 illud
3277 1785 3392 1838 siue
3420 1787 3620 1855 scripto
3643 1796 3761 1841 tra-

2179 1878 2427 1933 diderunt
2469 1878 2736 1949 apostoli;
2769 1878 2849 1931 vel
2891 1893 2956 1932 ex
2985 1878 3105 1931 aliis
3130 1878 3248 1947 quis
3274 1877 3524 1947 colligere
3558 1881 3756 1947 possit.

2182 1971 2388 2025 Etenim
2417 1970 2648 2025 ostendit
2703 1969 2945 2024 liduciam
2979 1970 3031 2022 in
3076 1969 3327 2039 periculis
3350 2008 3367 2033 ,
3408 1972 3763 2024 commiserao

2182 2064 2376 2118 tionem
2405 2079 2529 2133 erga
2558 2063 2819 2128 subditos,
2848 2061 3143 2117 doctrinam
3168 2077 3289 2116 cum
3315 2062 3560 2132 loquendi
3592 2062 3765 2117 liber-

2184 2164 2308 2217 tate,
2344 2154 2718 2220 humilitatem,
2748 2162 3111 2223 paupertatem
3140 2169 3154 2206 :
3187 2152 3288 2207 hoc
3315 2164 3489 2207 autem
3515 2162 3598 2207 est
3625 2169 3765 2222 pau-

2184 2258 2385 2318 pertate
2421 2248 2611 2318 majus.
2641 2247 2771 2303 Nam
2798 2247 2840 2301 si
2870 2246 2979 2301 illic
3008 2245 3113 2310 ait,
3154 2244 3324 2298 Vende
3360 2261 3472 2315 qua:
3497 2246 3672 2309 habes,
3717 2248 3762 2299 si

2181 2342 2254 2394 vis
2292 2345 2539 2413 perfectus
2583 2356 2690 2397 esse
2727 2338 2939 2411 (Matth.
2979 2338 3065 2394 19.
3092 2337 3187 2407 21)
3223 2353 3237 2391 :
3278 2354 3398 2393 cum
3444 2354 3549 2393 non
3593 2339 3763 2393 modo

2184 2432 2313 2485 nihil
2355 2432 2599 2499 accipiat,
2627 2430 2719 2485 sed
2755 2429 2915 2486 etiam
2945 2429 3077 2482 alios
3106 2429 3342 2494 nutriat,
3371 2428 3495 2499 quid
3523 2429 3643 2481 huic
3679 2431 3760 2483 rei

2182 2522 2558 2577 conferendum
2578 2522 2601 2575 ll
2622 2521 2830 2576 Primus
2848 2521 3043 2590 gradus
3065 2521 3221 2589 igitur
3242 2529 3342 2583 est,
3366 2535 3457 2572 sua
3485 2520 3722 2587 abjicerc
3744 2538 3759 2583 ;

2183 2615 2445 2670 secundus
2466 2655 2481 2677 .
2508 2613 2610 2667 sihi
2634 2612 2882 2667 sufficere
2906 2631 2919 2677 ;
2950 2614 3156 2676 tertius,
3176 2613 3293 2665 aliis
3318 2628 3525 2679 quoque
3549 2630 3563 2672 ;
3592 2629 3763 2678 quar-

2186 2716 2287 2772 tus,
2321 2707 2693 2776 praedicantem
2726 2716 2778 2758 et
2810 2715 3122 2774 potestatem
3145 2706 3437 2770 accipiendi
3470 2708 3759 2760 habentem

2186 2801 2315 2855 nihil
2343 2800 2604 2869 accipere.
2645 2799 2821 2867 Itaque
2874 2798 2977 2860 iis,
3022 2799 3109 2867 qui
3154 2798 3282 2851 nihil
3325 2798 3614 2861 haberent,
3669 2800 3765 2855 hic

2186 2892 2351 2945 multo
2382 2893 2569 2945 melior
2596 2902 2728 2945 erat.
2768 2893 2843 2944 Ac
2872 2900 3016 2945 recte
3041 2890 3213 2955 dixit,
3250 2890 3338 2943 Sic
3373 2901 3563 2958 oportet
3596 2895 3766 2945 susci-

2187 3001 2301 3053 pere
2338 2984 2587 3051 inﬁrmos.
2641 2983 2751 3037 Hoc
2790 2984 2931 3038 enim
2981 2992 3063 3036 est
3110 2983 3586 3038 commiserationis
3632 2999 3764 3054 erga

2186 3076 2444 3141 infirmos,
2473 3092 2536 3130 ex
2571 3077 2798 3145 propriis
2826 3077 2950 3132 dare
2976 3076 3279 3141 laboribus;
3309 3093 3373 3131 ex
3400 3077 3587 3131 alienis
3610 3094 3760 3139 vero,

2187 3182 2290 3221 non
2325 3167 2482 3220 modo
2523 3184 2625 3219 non
2668 3168 2862 3221 bonum
2888 3209 2902 3233 ,
2936 3167 3027 3222 sed
3076 3168 3234 3221 etiam
3280 3168 3650 3238 periculosum.
3690 3168 3760 3221 Et

2187 3258 2560 3326 procumbentes
2597 3276 2749 3327 super
2795 3260 2978 3311 collum
3018 3261 3147 3329 ejus,
3190 3259 3375 3328 inquit,
3406 3260 3603 3328 ﬂebant.
3639 3260 3753 3313 Hoc

2190 3350 2396 3402 illorum
2429 3363 2550 3417 erga
2583 3348 2756 3417 ipsum
2787 3349 3031 3402 affectum
3064 3348 3397 3403 ostendebat.
3426 3349 3752 3401 Procumbe—

2190 3442 2312 3495 haut
2333 3449 2508 3496 autem
2538 3441 2588 3495 in
2606 3441 2823 3505 collum,
2851 3449 3029 3509 utpote
3053 3439 3139 3508 qui
3166 3450 3453 3507 postremos
3474 3439 3762 3506 amplexus

2189 3530 2375 3585 darent
2398 3571 2411 3592 ,
2442 3540 2495 3585 et
2533 3531 2749 3584 multam
2782 3546 2845 3583 ex
2886 3530 3144 3583 concione
3168 3529 3507 3583 dilectionem
3547 3528 3767 3581 hausis-

2189 3622 2694 3677 sentetamicitiam.
2726 3621 2853 3674 Nam
2881 3622 2925 3675 si
2949 3636 3066 3684 nos,
3091 3636 3211 3674 cum
3240 3621 3397 3689 vulgo
3417 3620 3765 3686 discedimus,

2190 3715 2605 3785 iugemiscimus,
2634 3713 2731 3767 etsi
2758 3716 2989 3767 sciamus
3034 3728 3130 3767 nos
3160 3714 3351 3766 iterum
3380 3723 3763 3775 conventuros,

2189 3807 2455 3877 quomodo
2487 3807 2556 3860 illi
2592 3822 2694 3859 non
2740 3804 2856 3860 sine
2882 3806 3080 3859 doloris
3106 3805 3294 3860 affectu
3335 3821 3363 3858 a
3396 3805 3558 3859 Paulo
3594 3808 3767 3859 avulsi

2192 3901 2430 3954 fuissent.
2459 3900 2568 3967 Ego
2589 3898 2806 3952 Paulum
2835 3912 3046 3966 quoque
3076 3898 3286 3953 ﬂevisse
3316 3907 3459 3965 puto.
3490 3898 3766 3962 Abstracti,

2191 3993 2377 4060 inquit.
2411 3992 2729 4047 Violentiam
2761 4001 3040 4053 monstrat.
3073 4008 3192 4046 cum
3230 3992 3396 4054 dicit,
3429 3992 3678 4045 Abstracti
3705 3995 3771 4046 ab

2191 4078 2280 4129 eis.
2321 4078 2385 4129 Et
2409 4077 2598 4129 merito
2626 4090 2640 4137 ;
2671 4076 2721 4129 iu
2769 4076 2945 4128 navim
2973 4076 3114 4128 enim
3144 4076 3218 4129 illi
3247 4076 3608 4129 conscendere
3653 4093 3766 4129 non

2192 4177 2453 4235 poterant.
2483 4165 2616 4232 Quid
2642 4175 2743 4232 est,
2778 4165 2932 4219 Recto
2958 4182 3105 4219 cursu
3134 4167 3357 4220 venimus
3383 4167 3435 4218 in
3460 4165 3618 4219 Count
3643 4167 3669 4218 ?
3691 4171 3769 4220 Ac

2190 4260 2235 4314 si
2261 4259 2478 4322 diceret,
2501 4259 2615 4311 Non
2635 4259 2994 4323 circuivimus,
3017 4272 3186 4327 neque
3211 4258 3329 4313 aliis
3359 4259 3409 4311 in
3433 4258 3564 4312 locis
3584 4273 3769 4312 moras

2194 4354 2467 4408 traximus.
2498 4352 2737 4420 Sequenti
2764 4368 2879 4405 uero
2912 4351 2993 4404 die
3019 4351 3275 4406 Rhodum.

2269 4444 2732 4514 Peregrinationum
2782 4443 2931 4496 Pauli
2970 4444 3215 4497 recensio.
3239 4473 3307 4482 —
3333 4442 3466 4497 Vide
3511 4443 3773 4496 festinati-

2194 4544 2321 4589 tem.
2362 4533 2430 4587 Et
2472 4536 2669 4587 inventa
2708 4534 2821 4586 navi
2850 4534 3127 4603 trajiciente
3169 4534 3221 4587 in
3269 4532 3559 4587 Phoenicen.
3604 4533 3772 4590 Forte

2194 4628 2343 4682 navis
2370 4627 2476 4681 illic
2504 4637 2626 4680 tunc
2655 4636 2768 4680 erat
2796 4666 2812 4692 ,
2844 4634 2898 4680 et
2924 4626 2975 4680 in
3003 4640 3122 4679 eam
3161 4625 3626 4689 conscenderunt,
3657 4642 3771 4679 non

2195 4722 2405 4775 inventa
2434 4720 2556 4783 alia,
2585 4734 2702 4787 quae
2729 4718 2830 4772 iret
2848 4718 3169 4774 Cmsaream.
3204 4717 3300 4773 Ubi
3325 4727 3495 4772 autem
3523 4723 3771 4788 apparuit

2196 4811 2392 4881 Cyprus
2411 4850 2427 4875 ,
2474 4810 2647 4863 relicta
2672 4809 2764 4863 illa
2787 4809 2853 4861 ad
2882 4810 3159 4863 sinistram.
3189 4809 3299 4864 Hoc
3332 4811 3577 4863 uousine
3603 4824 3770 4863 causa

2192 4902 2390 4957 dictum
2416 4912 2517 4966 est,
2550 4902 2643 4956 sed
2673 4912 2727 4955 ut
2747 4902 3074 4965 ostenderet,
3098 4918 3167 4957 ne
3194 4917 3357 4973 prope
3379 4902 3593 4971 quidem
3623 4903 3774 4955 illam

2194 4993 2449 5048 accedere
2469 4992 2697 5047 voluisse
2716 5033 2731 5057 ,
2762 5007 2882 5046 eum
2915 5002 3059 5048 recto
3082 5008 3237 5047 cursu
3266 4994 3317 5047 iu
3347 4992 3553 5063 Syriam
3583 5007 3778 5062 pergu-

2195 5093 2313 5137 rent
2343 5100 2357 5137 :
2390 5084 2458 5136 ita
2487 5097 2677 5151 nempe
2711 5081 3014 5135 festinabat.
3045 5082 3247 5137 Deinde
3286 5082 3523 5136 Venimus
3552 5082 3774 5152 Tyrum.

2195 5173 2387 5244 inquit;
2414 5175 2720 5243 inventisque
2742 5175 3024 5244 discipulis,
3056 5177 3330 5229 mansimus
3350 5191 3466 5228 cum
3490 5176 3613 5228 illis.
3636 5174 3775 5227 Cum

2194 5274 2374 5320 essent
2420 5280 2583 5334 prope
2624 5265 3007 5336 Jerosolymam
3032 5307 3049 5333 ,
3093 5281 3199 5320 non
3235 5268 3343 5335 jam
3375 5276 3597 5320 currunt
3620 5306 3638 5330 ,
3676 5266 3776 5319 sed

2196 5356 2354 5410 etiam
2385 5365 2602 5409 manent
2628 5355 2766 5425 apud
2805 5358 2997 5411 fratres
3025 5368 3231 5427 septem
3262 5356 3469 5411 diebus.
3508 5356 3637 5410 Vide
3658 5356 3776 5425 jam

2196 5446 2310 5499 dies
2349 5454 2646 5500 enumerat.
2692 5446 2821 5500 Post
2865 5449 3063 5517 Azyma
3114 5448 3166 5501 in
3206 5447 3466 5502 Troadem
3508 5458 3777 5501 venerunt

2197 5538 2384 5591 diebus
2426 5542 2657 5608 quinque
2687 5554 2702 5603 ;
2732 5537 2927 5593 deinde
2970 5540 3039 5593 ibi
3078 5539 3192 5595 dies
3235 5549 3483 5609 septem;
3538 5549 3779 5607 suntque

2200 5628 2312 5683 dies
2345 5627 2623 5683 duodecim
2658 5646 2670 5681 :
2703 5629 2894 5684 deinde
2920 5629 2973 5684 in
3001 5632 3215 5697 Assum,
3241 5630 3547 5701 Mitylenen.
3578 5642 3776 5685 contra
