4002 6224
433 384 537 465 δι’)

432 531 513 592 είς
536 526 868 597 Μυτιλήνην,
895 521 1123 594 ἀντικρύ
1155 521 1309 585 Χίου,
1335 523 1418 584 είς
1442 522 1489 572 Τ
1494 519 1779 592 ρωγύλιον,
1812 523 1891 584 είς
1912 522 2092 591 Σάμον

432 621 525 674 καὶ
551 620 632 683 είς
664 616 904 688 Μίλητον
928 631 945 647 ·
975 612 1253 669 δεκαοκτὼ
1291 614 1499 685 ἡμέραι
1534 616 1588 666 αἱ
1633 614 1822 667 πᾶσαι.
1856 609 1987 665 Εἶτα
2013 614 2094 675 είς

432 711 582 775 Κῶν,
628 708 709 772 είς
744 708 942 771 Ῥόδον,
986 709 1065 770 είς
1119 706 1365 777 Πάταρα,
1424 704 1595 758 εἴκοσι
1647 705 1743 759 καὶ
1794 705 1891 774 μία
1930 720 1945 736 ·
1974 699 2095 759 εῐτα

434 800 644 856 ἐκεῖθεν
674 800 754 854 δι’
799 798 1022 870 ἡμερῶν
1066 797 1225 851 πέντε
1269 797 1350 859 είς
1398 795 1592 864 Τύρον,
1647 793 1706 859 ἐξ
1751 796 1848 849 καὶ
1882 797 2054 850 είκοσι
2080 812 2094 828 ·

433 892 618 946 λοιπὸν
650 892 767 944 ἐκεῖ
802 890 943 943 ἐπτά
968 890 1260 960 τριάκοντα
1285 888 1378 942 καὶ
1418 890 1565 959 τρεῖς
1593 902 1608 918 ·
1648 883 1769 940 εἶτα
1799 888 1879 950 είς
1904 887 2100 940 Πτολε-

439 984 602 1054 μαΐδα
643 983 772 1054 μίαν
791 1022 807 1046 ,
830 983 1125 1053 τριάκοντα
1156 971 1424 1050 τέσσαρες
1444 995 1457 1009 ·
1491 976 1609 1032 εἶτα
1651 980 1732 1043 είς
1761 979 2099 1050 Καισάρειαν

436 1075 655 1138 πλείους
681 1074 831 1145 μένει
869 1073 977 1126 τῶν
1007 1072 1181 1126 ἄλλων
1215 1088 1231 1105 ·
1263 1072 1356 1125 καὶ
1382 1071 1505 1125 τότε
1546 1070 1731 1124 λοιπὸν
1769 1070 1979 1124 ἐκεῖθεν
2008 1070 2101 1123 αύ-

436 1168 564 1230 τούς
591 1166 782 1233 ἀνάγει
803 1166 831 1217 6
863 1165 1170 1234 προφήτης.
1207 1161 1395 1226 Οὕτως
1425 1165 1459 1233 ή
1494 1161 1843 1233 Πεντηκοστὴ
1869 1161 2100 1233 πληροῦ-

437 1276 547 1324 ται,
582 1260 675 1313 καὶ
718 1259 833 1311 ἐκεῖ
862 1256 1030 1327 αὐτὴν
1061 1258 1222 1310 ποιεῖ.
1261 1258 1403 1325 Ὅρα
1445 1256 1607 1311 αὐτὸν
1651 1258 1738 1310 ὅτε
1786 1257 1847 1309 τὸ
1878 1255 2101 1325 Πνεῦμα

438 1353 539 1404 οὐκ
563 1350 767 1404 ἐκώλυε
810 1348 1150 1418 πειθόμενον.
1184 1344 1369 1401 Εἶπον·
1399 1348 1497 1417 Μὴ
1529 1348 1647 1414 δῷς
1668 1349 1900 1401 σαυτὸν
1926 1349 2014 1413 είς
2034 1347 2100 1400 τὸ

439 1443 703 1511 θέατρον,
734 1442 826 1515 καὶ¹
854 1441 955 1494 οὐκ
983 1440 1150 1494 ἔδωκε
1182 1456 1197 1470 ·
1231 1439 1489 1503 πολλάκις
1510 1440 1670 1492 αὐτὸν
1700 1440 1983 1508 ἐξήγαγον,
2008 1438 2102 1493 καὶ

441 1534 664 1606 ἐπείσθη
701 1551 717 1566 ·
747 1533 834 1586 διὰ
874 1532 1085 1603 θυρίδος
1119 1530 1281 1585 πάλιν
1310 1531 1479 1601 ἔφυγε
1507 1548 1521 1563 ·
1558 1532 1650 1585 καὶ
1689 1529 1783 1584 νῦν
1829 1530 1904 1587 ὡς
1927 1531 2101 1582 εἰπεῖν

445 1626 654 1699 μυρίων
681 1623 1167 1697 παρακαλούντων,
1208 1625 1301 1678 καὶ
1353 1624 1463 1677 τῶν
1492 1625 1551 1677 ἐν
1591 1624 1752 1695 Τύρῳ
1792 1622 2017 1676 καὶτῶν
2045 1623 2101 1674 ἐν

443 1716 768 1789 Καισαρείᾳ,
789 1717 884 1770 καὶ
904 1715 1204 1769 κλαιόντων
1225 1714 1319 1769 καὶ
1345 1714 1514 1785 μυρία
1536 1715 1911 1784 προλεγόντων
1932 1714 2099 1780 δεινὰ,

438 1808 540 1861 οὐκ
564 1807 835 1878 ἀνέχεται.
864 1808 970 1860 Καὶ
1004 1807 1111 1879 μὴν
1136 1807 1232 1876 οὐχ
1265 1806 1451 1868 ἁπλῶς
1487 1806 1554 1858 τὰ
1596 1806 1743 1858 δεινὰ
1786 1806 2100 1877 προέλεγον,

440 1900 576 1953 ἀλλὰ
594 1899 681 1953 διὰ
707 1898 800 1952 τοῦ
828 1901 1141 1969 Πνεύματος
1165 1898 1475 1970 προέλεγον.
1506 1898 1568 1950 Εί
1597 1897 1776 1950 τοίνυν
1801 1897 1860 1949 τὸ
1882 1896 2106 1966 Πνεῦμα

440 1991 712 2054 ἐκέλευσε,
734 1992 821 2045 διά
848 1991 900 2044 τί
929 1991 1354 2058 άντεῖπον;’¹οτι
1381 1992 1482 2044 οὐκ
1521 1990 1718 2059 ᾔδεσαν
1750 1990 1892 2061 άπερ
1931 1989 2105 2042 ἐδόκει

441 2084 519 2154 τῷ
548 2084 849 2153 Πνεύματι.
886 2084 995 2136 Καὶ
1044 2084 1220 2147 ἄλλως
1271 2083 1328 2136 δὲ
1377 2082 1494 2135 ούδέ
1518 2082 1617 2153 τὴν
1664 2082 1990 2152 παραίνεσιν
2017 2080 2106 2134 διὰ

441 2176 533 2230 τοῦ
567 2176 880 2247 Πνεύματος
908 2176 1209 2230 ἐποιοῦντο.
1241 2176 1313 2230 Οὐ
1335 2175 1443 2247 γὰρ
1474 2174 1659 2239 ἁπλῶς
1690 2174 1837 2245 αὐτῷ
1867 2174 1932 2227 τὰ
1957 2172 2106 2227 δεινά

442 2269 763 2340 προύλεγον,
790 2271 917 2323 ἀλλ’
945 2272 1027 2325 ὅτι
1056 2270 1322 2340 ἀναϐῆναι
1350 2269 1412 2322 οὐ
1435 2270 1562 2341 χρὴ,
1589 2269 1891 2339 φειδόμενοι
1915 2267 2104 2322 αὐτοῦ.

441 2364 603 2417 Μετὰ
633 2361 701 2415 δὲ
733 2362 798 2415 τὸ
836 2363 1141 2431 ἐξαρτίσαι
1178 2361 1286 2427 τὰς
1326 2362 1571 2431 ἡμέρας,
1619 2361 1751 2432 φησί
1787 2377 1802 2391 ·
1840 2360 2103 2426 τουτέστι,

444 2452 773 2523 πληρῶσαι·
815 2453 1029 2523 ἡμέρας
1083 2453 1140 2506 δὲ
1195 2452 1343 2521 λέγει
1389 2453 1488 2516 τὰς
1515 2451 1856 2521 τεταγμένας
1897 2469 1912 2483 ·
1965 2469 2107 2520 προ-

443 2546 799 2615 πεμπόντων
827 2544 984 2614 ήμᾶς
1008 2544 1250 2598 πάντων
1282 2545 1404 2598 σὺν
1444 2545 1684 2614 γυναιξὶ
1716 2544 1813 2598 καί
1847 2545 2102 2610 τέκνοις.

512 2634 739 2707 γ’.[ἷ541]
774 2636 909 2705 Ὅρα
932 2635 1071 2706 πόση
1103 2637 1136 2707 ἠ
1165 2635 1509 2707 παράκλησις
1537 2631 1625 2707 ἦν·
1652 2636 1744 2689 καί
1769 2634 1928 2688 πάλιν
1950 2636 2105 2705 εὐχό-

445 2742 597 2797 μενοι
627 2726 951 2781 διαλύονται.
988 2727 1099 2780 Καὶ
1121 2727 1179 2780 ἐν
1200 2726 1520 2797 Πτολεμαΐδι
1550 2726 1679 2797 μίαν
1706 2726 1955 2797 μένουσιν
1975 2725 2115 2797 ήμέ-

446 2836 566 2891 ραν,
612 2821 669 2872 ἐν
705 2818 761 2871 δὲ
801 2818 1108 2889 Καισαρείᾳ
1161 2818 1403 2881 πλείους.
1452 2818 1563 2872 Καὶ
1612 2820 1700 2873 ὅτε
1750 2819 1980 2888 ήκουσεν
2025 2819 2106 2871 ὅτι

446 2909 615 2982 μυρία
660 2911 809 2965 δεινὰ
860 2910 971 2980 ἔχει
1026 2910 1240 2976 παθεῖν,
1301 2910 1424 2964 τότε
1486 2909 1787 2978 ἐπείγεται,
1854 2911 1955 2964 οὐκ
2014 2909 2108 2962 ἐπὶ

440 3005 568 3069 τοὺς
589 3004 866 3067 κινδύνους
926 3004 1135 3073 ῥίπτων
1204 3003 1427 3070 ἐαυτὸν,
1487 3002 1603 3056 ἀλλ’
1657 3001 1956 3071 ἡγούμενος
2011 3001 2104 3055 τοῦ

442 3095 758 3167 Πνεύματος
795 3091 934 3148 εἶναι
972 3095 1034 3148 τὸ
1077 3095 1426 3167 πρόσταγμα.
1462 3093 1621 3148 Μετὰ
1664 3094 1859 3157 δὲτὰς
1886 3093 2107 3161 ἡμέρας

442 3190 662 3255 ταύτας
716 3187 1279 3256 ἐπισκευασάμενοι,
1345 3187 1529 3257 φησὶν,
1572 3187 1969 3255 ἀναϐαίνομεν
2020 3188 2106 3251 είς

452 3279 831 3347 Ἰεροσόλυμα
852 3294 865 3307 ·
894 3277 1159 3340 τουτέστι,
1188 3278 1257 3330 τὰ
1282 3277 1416 3347 πρὸς
1439 3277 1539 3348 τὴν
1575 3277 1880 3347 ὁδοιπορίαν
1913 3278 2106 3331 λαϐόν-

441 3388 553 3435 τες.
595 3368 909 3435 Συνῆλθον
932 3369 1000 3423 δὲ
1036 3370 1135 3422 καί
1166 3368 1283 3423 τῶν
1300 3369 1583 3438 μαθητῶν
1602 3370 1721 3423 ἀπὸ
1750 3371 2107 3438 Καισαρείας

442 3461 565 3515 σὺν
589 3461 753 3531 ἡμῖν,
779 3462 1025 3530 ἄγοντες
1047 3463 1183 3529 παρ’
1208 3454 1256 3528 ᾧ
1277 3460 1661 3528 ξενισθῶμεν,
1682 3461 1969 3515 Μνάσωνί
1991 3479 2108 3516 τινι

442 3556 703 3622 Κυπρίῳ,
758 3555 982 3623 ἀρχαίῳ
1027 3552 1301 3623 μαθητῇ·
1334 3553 1671 3622 γενομένων
1716 3552 1784 3605 δὲ
1830 3552 1997 3621 ημῶν
2021 3556 2109 3620 εἰς

452 3644 853 3712 Ἰεροσόλυμα,
886 3644 1160 3713 ἀσμένως
1209 3644 1495 3708 ἐδέξαντο
1546 3644 1704 3713 ἡμᾶς
1748 3647 1802 3698 οί
1832 3644 2105 3714 ἀδελφοί.

444 3735 555 3788 Καὶ
583 3735 703 3805 ὅρα,
728 3736 828 3788 οὐκ
866 3731 1021 3788 εἶπεν
1056 3736 1315 3804 Ἀγαϐος,
1346 3737 1426 3789 ὅτι
1473 3736 1683 3789 Παῦλον
1721 3736 1995 3807 δήσουσιν,
2024 3737 2109 3791 ἴνα

446 3824 524 3897 μὴ
571 3824 696 3895 δόξῃ
742 3826 805 3877 ἐκ
851 3826 1127 3897 συνθήκης
1165 3827 1384 3895 λέγειν·
1430 3827 1585 3893 ἀλλὰ,
1638 3827 1748 3881 Τὸν
1784 3827 1991 3896 ἄνδρα,
2034 3824 2107 3884 οὗ

442 3916 614 3968 ἐστιν
651 3914 690 3982 ή
739 3913 886 3984 ζώνη
931 3905 1106 3985 αὕτηξ
1136 3918 1277 3988 Ἀρα
1314 3918 1409 3971 καὶ
1461 3917 1635 3989 ζώνην
1679 3914 1840 3988 εἶχεν.
1889 3920 2108 3993 Ἐπειδὴ

443 4004 501 4057 δέ
527 4004 626 4058 οὐκ
658 4006 842 4076 ίσχυον
874 4010 1081 4069 πεῖσαι,
1134 4007 1222 4060 διὰ
1276 4006 1438 4060 τοῦτο
1470 4007 1703 4073 ἔκλαιον,
1735 4004 1853 4063 εἶτα
1903 4012 2106 4081 ἡσύχα-

444 4112 564 4149 σαν.
620 4096 783 4167 Ὀρᾷς
822 4096 1174 4166 φιλοσοφίανς
1233 4099 1365 4168 ὁρᾷς
1399 4099 1809 4169 φιλοστοργίαν;
1859 4101 2109 4171 Ἡσυχά-

443 4204 659 4257 σαμεν,
711 4189 894 4258 φησὶν,
957 4189 1256 4253 εἰπόντες·
1312 4189 1379 4242 Τὸ
1436 4190 1671 4257 θέλημα
1718 4191 1826 4245 τοῦ
1877 4194 2102 4260 Κυρίου

440 4282 717 4351 γενέσθω.
759 4283 1055 4350 ’Δγοντες,
1092 4281 1245 4351 φησὶ,
1285 4281 1418 4348 παρ’
1449 4274 1497 4346 ᾧ
1544 4281 1927 4351 ξενισθῶμεν.
1966 4285 2108 4355 Ἀρα

440 4373 541 4425 οὐκ
591 4373 672 4434 είς
728 4370 826 4441 τὴν
870 4369 1181 4440 ἐκκλησίαν.
1215 4369 1347 4421 Τότε
1394 4369 1493 4439 μὲν
1521 4370 1649 4441 γάρ,
1692 4372 1780 4424 ὅτε
1836 4373 1976 4442 ὑπὲρ
2022 4374 2108 4426 δο-

442 4462 669 4532 γμάτων
712 4462 967 4532 ἀνῄεσαν,
1007 4461 1066 4512 ἐν
1114 4462 1182 4530 τῇ
1229 4460 1497 4532 ἐκκλησίᾳ
1539 4461 1869 4525 ξενίζονται·
1927 4463 2022 4515 νῦν
2053 4464 2108 4517 δὲ

442 4558 594 4629 παρὰ
627 4557 842 4628 μαθητῇ
899 4574 1006 4609 τινι
1051 4555 1286 4627 ἀρχαίῳ.
1340 4557 1593 4611 Δείκνυσι
1646 4558 1812 4611 πολὺν
1859 4559 1952 4612 τοῦ
2004 4578 2105 4633 κη-

445 4648 721 4722 ρύγματος
772 4647 865 4701 τὸν
920 4647 1111 4717 χρόνον
1164 4646 1378 4699 λοιπόν·
1436 4647 1559 4700 ὅθεν
1615 4666 1706 4719 μοι
1755 4649 1901 4702 δοκεῖ
1940 4652 2106 4704 πολλὰ

444 4743 537 4814 ἐτη
575 4740 886 4810 ἐπι-τέμνειν
942 4739 1000 4791 ἐν
1049 4742 1167 4801 ταῖς
1192 4738 1457 4807 Πράξεσιν
1493 4732 1666 4804 οὗτος,
1722 4741 1791 4793 τά
1850 4746 2104 4795 κατε-πεί-

441 4853 609 4905 γοντα
645 4834 803 4904 μόνον
842 4832 1035 4901 λέγων.
1070 4832 1135 4883 Τί
1183 4834 1319 4896 ἐστι,
1367 4834 1437 4887 Τὸ
1477 4834 1705 4903 θέλημα
1744 4836 1850 4889 τοῦ
1886 4837 2105 4903 Κυρίου

440 4925 735 4997 γενέσθω;
772 4922 996 4993 Κύριος,
1060 4924 1244 4992 φησὶν,
1296 4924 1458 4988 αὐτὸς
1505 4924 1566 4976 τὸ
1619 4926 1846 4995 ἀρεστὸν
1876 4924 2105 4979 ἐνώπιον

442 5018 607 5073 αὐτοῦ
650 5020 884 5085 ποιήσει.
923 5014 1287 5085 Ἦσυχάζουσι
1332 5016 1390 5068 δὲ
1417 5018 1634 5079 ἐκεῖνοι,
1674 5016 1768 5069 καὶ
1810 5016 1909 5069 οὐκ
1937 5017 2103 5084 ἁναγ-

442 5111 714 5175 κάζουσιν.
771 5112 929 5173 Ἴσως
981 5110 1254 5169 συνεῖδον,
1308 5109 1389 5162 ὅτι
1443 5110 1502 5161 τὸ
1548 5108 1759 5179 θέλημα
1809 5104 1877 5178 ἦν
1926 5108 2100 5167 Θεοῦ,

441 5202 551 5254 ἀπὸ
586 5202 686 5271 τῆς
743 5203 956 5254 Παύλου
1006 5200 1316 5272 προθυμίας
1361 5200 1518 5255 τοῦτο
1572 5200 2008 5270 στοχασάμενοι·
2043 5200 2102 5252 οὐ

442 5292 551 5362 γὰρ
585 5291 651 5344 ἂν
693 5290 834 5345 οὕτω
867 5290 1078 5353 Παῦλος
1127 5291 1507 5362 προεθυμήθη,
1552 5290 1675 5344 οὔτε
1723 5292 1854 5355 Θεὸς
1897 5291 1961 5344 ἂν
1992 5293 2104 5344 εία-

374 5384 382 5395 ’
447 5402 540 5440 σεν
589 5384 618 5436 6
673 5383 760 5435 ἀεὶ
826 5382 1086 5435 κινδύνων
1144 5382 1467 5452 ἐξαρπάζων
1515 5382 1698 5437 αὐτόν.
1764 5383 1949 5445 Οὕτως
2005 5383 2106 5436 οὐκ

443 5476 723 5532 ἐϐούλοντο
789 5473 973 5543 βαρεῖν
1034 5473 1132 5543 τὴν
1187 5474 1503 5541 ἐκκλησίαν,
1552 5476 1702 5538 ὄντος
1761 5476 1947 5546 ἐτέρου
2011 5476 2103 5528 τοῦ

444 5565 741 5634 ξενίζοντος
802 5567 1018 5631 αὐτοὺς,
1058 5566 1177 5619 οὐδέ
1224 5566 1438 5636 ἀξίωμα
1489 5568 1749 5636 ἀπῄτουν.
1822 5567 2106 5635 ’Λσμένως

443 5658 621 5728 ἡμᾶς,
654 5658 839 5730 φησὶν,
880 5658 1246 5720 ἀπεδέξαντο
1276 5662 1328 5711 οί
1357 5660 1627 5727 ἀδελφοί.
1660 5660 1857 5712 Λοιπὸν
1885 5662 2106 5731 εἰρήνης

442 5746 510 5820 ἦν
548 5750 719 5820 μεστά
755 5751 823 5804 τά
858 5749 1159 5819 πράγματα
1186 5751 1251 5802 τὰ
1285 5751 1341 5801 ὲν
1381 5748 1650 5813 Ἰουδαίοις
1675 5763 1725 5814 ει,
1761 5752 1851 5804 καὶ
1889 5753 1987 5821 οὐχ
2031 5752 2106 5814 ἀς

447 5843 708 5912 πρότερον
736 5842 970 5911 πόλεμος
1002 5837 1086 5911 ἦν.
1140 5842 1414 5910 Ἀγοντες
1460 5838 1636 5907 ἡμᾶς,
1684 5843 1839 5913 φησὶ,
1893 5844 2029 5912 παρ’
2057 5837 2105 5911 ᾧ

451 5933 833 6003 ξενισθῶμεν.
868 5934 1074 5988 Παῦλον
1096 5933 1327 5998 ἐξένισεν
1357 5934 1581 5994 ἐκεῖνος.

516 6048 535 6065 ⁸
562 6040 715 6100 Unus,
735 6043 794 6089 τὰ
818 6041 1069 6105 πράγματα
1090 6042 1149 6089 τὰ
1177 6042 1237 6098 εἰς
1284 6038 1555 6095 Ἰουδαίους.

1268 396 1327 460 S.
1365 398 1649 459 JOANNES
1682 397 2170 473 CHRYSOSTOMI
2205 395 2521 454 ARCHIEP.
2562 392 3107 453 CONSTANTINOP-

3755 388 3866 446 518

2273 516 2429 587 Τάχα
2482 532 2567 579 τις
2610 514 2765 587 ὑμῶν
2820 516 2964 588 ἐρεῖ·
3000 515 3065 569 Et
3102 530 3186 578 τις
3226 510 3394 585 κάμοὶ
3440 510 3655 567 Παῦλον
3694 511 3867 567 ἔδωκε

2199 607 2421 674 ξενίσαι,
2471 607 2701 677 ἑτοίμως
2738 607 2805 660 ἂν
2845 608 2940 660 καὶ
2992 604 3128 677 μετὰ
3161 605 3359 677 πολλῆς
3402 606 3502 675 τῆς
3549 605 3868 674 προθυμίας

2198 701 2356 754 τοῦτο
2397 700 2648 767 ἐποίησα.
2687 700 2817 754 Ἰδοὺ
2865 700 2959 753 τὸν
2998 698 3210 752 Παύλου
3251 700 3525 769 Δεσπότην
3572 698 3760 764 ἔξεστί
3786 717 3865 753 σοι

2199 793 2422 860 ξενίσαι,
2461 794 2557 847 καὶ
2585 793 2645 846 οὐ
2681 791 2895 863 βούλει·
2937 791 2991 844 '0
3019 791 3127 859 γὰρ
3167 792 3506 861 δεχόμενος,
3534 791 3727 861 φησὶν,
3758 790 3864 848 ἕνα

2198 884 2318 938 τῶν
2359 883 2717 953 ἐλαχίστων,
2757 882 2862 952 ἐμὲ
2897 882 3152 951 δέχεται.
3178 882 3328 951 Ὀσῳ
3360 880 3426 934 ἂν
3462 878 3808 955 ἐλάχιστος
3833 884 3859 935 6

2197 976 2444 1046 ἀδελφὸς,
2473 973 2712 1046 τοσούτῳ
2738 974 2937 1045 μᾶλλον
2961 977 2991 1029 6
3029 974 3263 1045 Χριστὸς
3281 973 3346 1027 δι’
3380 973 3544 1028 αὐτοῦ
3567 975 3859 1044 παραγίνε-

2198 1086 2305 1123 ται.
2349 1069 2405 1122 Ὀ
2444 1069 2545 1140 μὲν
2567 1070 2675 1139 γὰρ
2702 1068 2793 1122 τὸν
2822 1068 2997 1140 μέγαν
3027 1067 3334 1137 δεχόμενος,
3368 1066 3627 1128 πολλάκις
3655 1066 3755 1119 καὶ
3784 1066 3859 1121 διά

2200 1160 2506 1224 κενοδοξίαν
2536 1162 2717 1215 ποιεῖ·
2766 1161 2794 1212 6
2847 1160 2905 1213 δέ
2944 1159 3036 1212 τὸν
3067 1158 3280 1229 μικρὸν,
3327 1155 3584 1228 καθαρῶς
3635 1156 3732 1210 διά
3778 1159 3862 1213 τὸν

2201 1252 2455 1324 Χριστόν.
2490 1251 2710 1316 Ἔξεστί
2742 1269 2824 1305 σοι
2861 1251 2953 1305 καὶ
2994 1250 3084 1305 τὸν
3110 1250 3330 1321 Πατέρα
3368 1249 3574 1316 ξενίσαι
3611 1249 3714 1302 τοῦ
3746 1252 3863 1321 Χρι-

2203 1345 2351 1408 στοῦ,
2386 1346 2480 1398 καὶ
2512 1345 2573 1398 οὐ
2614 1344 2812 1415 βούλει·
2840 1343 3023 1409 Ξένος
3052 1344 3161 1413 γάρ
3188 1342 3375 1412 ἤμην,
3404 1344 3559 1412 φησὶ,
3590 1343 3693 1395 καὶ
3722 1359 3863 1395 συν-

2200 1435 2451 1505 ηγάγετέ
2499 1450 2613 1504 με·
2664 1436 2757 1488 καὶ
2796 1435 2976 1500 πάλιν,
3025 1435 3140 1503 Ἐφ’
3180 1433 3332 1486 ὅσον
3364 1432 3455 1485 ἐνὶ
3489 1434 3728 1486 τούτων
3756 1430 3864 1485 τῶν

2200 1526 2540 1595 ἐλαχίστων
2567 1526 2913 1594 ἐποιήσατε,
2939 1526 3065 1597 ἐμοὶ
3094 1525 3437 1595 ἐποιήσατε.
3470 1527 3593 1578 Κᾶν
3621 1526 3705 1596 μὴ
3727 1525 3864 1579 Παῦ-

2201 1618 2293 1681 λος
2321 1615 2377 1692 ᾖ,
2418 1618 2609 1683 πιστὸς
2641 1620 2697 1672 δὲ
2817 1619 2912 1673 καὶ
2958 1619 3202 1688 ἀδελφὸς,
3257 1619 3358 1672 κᾶν
3412 1618 3704 1688 ἐλάχιστος
3749 1615 3805 1690 ᾗ,
3841 1621 3867 1673 6

2203 1712 2437 1783 Χριστὸς
2478 1713 2546 1765 δι’
2594 1712 2761 1766 αὐτοῦ
2813 1712 3195 1784 παραγίνεται.
3247 1711 3492 1776 Ἀνοιξον
3530 1710 3630 1779 τὴν
3674 1712 3864 1772 οἰκίαν,

2204 1804 2475 1871 ὑπόδεξαι.
2519 1804 2572 1857 '0
2593 1806 2916 1875 δεχόμενος
2944 1803 3274 1875 προφήτην,
3300 1804 3452 1873 φησι,
3482 1803 3715 1872 μισθὸν
3739 1820 3869 1872 προσ

2204 1899 2398 1968 φήτου
2426 1898 2703 1967 λήψεται.
2735 1899 2942 1954 Οὐκοῦν
2976 1900 3069 1952 καὶ
3091 1901 3119 1952 6
3162 1898 3394 1968 Χριστὸν
3427 1897 3753 1967 δεχόμενος,
3783 1899 3870 1970 λή-

2204 1990 2364 2059 ψεται
2395 1991 2583 2061 μισθὸν
2612 1990 2705 2044 τοῦ
2743 1991 2834 2045 τὸν
2874 1990 3108 2060 Χριστὸν
3138 1990 3454 2055 ξενίζοντος.
3500 1989 3593 2060 Μὴ
3654 1991 3870 2046 ἀπίστει

2204 2086 2315 2148 τοῖς
2357 2082 2505 2155 ίὸίὲ]
2543 2082 2781 2153 ῥήμασιν
2825 2082 3011 2147 αὐτοῦ,
3052 2082 3190 2135 ἀλλὰ
3235 2082 3394 2148 γενοῦ
3442 2083 3671 2146 πιστός·
3719 2083 3871 2146 αὐτὸς

2206 2172 2378 2240 εἶπεν,
2412 2177 2494 2229 ὅτι
2515 2177 2592 2228 Δι’
2613 2176 2792 2230 αὐτῶν
2814 2174 2924 2245 ἐγὼ
2952 2175 3358 2246 παραγίνομαι·
3392 2174 3486 2227 καὶ
3518 2175 3608 2227 ἵνα
3642 2174 3723 2244 μὴ
3754 2174 3873 2227 άπι-

2208 2270 2359 2338 στῇς,
2408 2269 2501 2321 καὶ
2556 2268 2822 2339 τιμωρίας
2874 2266 3046 2339 ὁρίζει
3092 2268 3205 2329 τοῖς
3261 2265 3335 2336 μὴ
3388 2265 3727 2335 δεχομένοις,
3785 2264 3871 2316 καὶ

2204 2358 2368 2428 τιμάς
2393 2362 2505 2420 τοῖς
2529 2357 2855 2428 δεχομένοις,
2886 2358 2985 2410 οὐκ
3015 2357 3082 2411 ἂν
3120 2356 3277 2410 τοῦτο
3298 2356 3554 2426 ποιήσας,
3588 2359 3636 2411 εί
3674 2358 3753 2428 μὴ
3786 2359 3871 2411 καὶ

2206 2451 2235 2503 6
2255 2450 2504 2519 τιμηθεὶς
2533 2450 2675 2503 καὶὸ
2713 2448 2990 2519 ὑϐρισθεὶς
3014 2448 3174 2511 αὐτὸς
3198 2443 3286 2518 ἦν.
3333 2447 3529 2511 Ἑδέξω
3563 2466 3655 2518 με,
3686 2450 3869 2520 φησὶν,

2208 2542 2288 2604 είς
2314 2541 2375 2594 τὸ
2434 2540 2523 2593 σὺν
2560 2540 2921 2610 καταγώγιον,
2955 2539 3174 2611 δέξομαί
3224 2556 3283 2592 σε
3334 2541 3414 2602 είς
3464 2541 3567 2610 τὴν
3594 2539 3873 2608 βασιλείαν

2206 2633 2301 2687 τοῦ
2336 2634 2548 2706 Πατρός
2580 2650 2682 2703 μου
2708 2650 2721 2663 ·
2755 2632 2953 2697 ἐλυσάς
2987 2650 3075 2704 μοι
3120 2632 3213 2685 τὸν
3263 2632 3441 2703 λιμὸν,
3483 2634 3627 2685 λύσω
3678 2650 3763 2685 σοι
3808 2630 3873 2684 τὰ

2208 2729 2611 2801 ἁμαρτήματα·
2667 2723 2806 2792 εἶδές
2866 2745 2932 2799 με
2977 2728 3277 2800 δεδεμένον,
3338 2732 3569 2804 ὁρᾶσθαί
3621 2752 3683 2787 σε
3737 2737 3874 2791 ποιῷ

2205 2822 2575 2893 λελυμένονδ·
2608 2820 2750 2886 εἶδές
2785 2840 2853 2892 με
2890 2822 3062 2889 ξένον,
3096 2826 3236 2879 ποιῶ
3288 2844 3346 2880 σε
3388 2827 3610 2896 πολίτην
3638 2830 3752 2882 τῶν
3780 2832 3872 2883 οὐ·

2209 2915 2416 2987 ρανῶν·
2458 2915 2664 2979 ἔδωκάς
2696 2934 2787 2986 μοι
2832 2916 3015 2989 ἄρτον,
3057 2916 3248 2987 δίδωμί
3301 2934 3383 2970 σοι
3427 2917 3706 2988 βασιλείαν
3757 2921 3871 2974 ὀλό-

2205 3006 2427 3077 κληρον,
2459 3006 2597 3059 ὥστε
2628 3008 3032 3078 κληρονομῆσαι
3060 3008 3156 3061 καὶ
3184 3013 3495 3079 κατασχεῖν.
3533 3010 3713 3063 Δεῦτε
3739 3012 3869 3082 γάρ,

2207 3100 2363 3168 φησὶ,
2409 3098 2902 3167 κληρονομήσατε
2940 3101 3055 3168 τὴν
3088 3102 3542 3171 ἡτοιμασμένην
3576 3103 3719 3174 ὑμῖν
3755 3106 3871 3170 ,βα-

2206 3191 2465 3245 σιλείαν.
2513 3193 2626 3245 Οὐκ
2664 3188 2805 3252 εἶπε,
2859 3193 3087 3259 Λάϐετε,
3135 3195 3292 3261 ἀλλὰ,
3344 3197 3866 3266 κληρονομήσατε,

2204 3282 2342 3353 ὅπερ
2399 3283 2489 3335 ἐπὶ
2538 3283 2648 3336 τῶν
2700 3285 2903 3356 κυρίως
2952 3286 3249 3355 κτωμένων
3322 3287 3556 3356 λέγεται,
3598 3270 3672 3351 ὡς
3730 3288 3864 3341 ὅταν

2203 3372 2482 3444 λέγωμεν·
2532 3375 2661 3428 Τόδε
2714 3378 3149 3448 ἐκληρονόμησα.
3190 3379 3477 3451 Ἐποίησας
3522 3381 3599 3443 εἰς
3647 3379 3750 3450 ἐμέ
3805 3382 3865 3434 ἐν

2207 3466 2454 3538 κρυπτῷ,
2489 3467 2598 3537 ἐγὼ
2628 3469 2847 3540 κηρύξω
2873 3472 2930 3523 ἐν
2955 3471 3173 3543 φανερῷ
3192 3486 3205 3499 ·
3239 3472 3333 3525 καὶ
3358 3473 3420 3525 τά
3454 3471 3549 3541 μέν
3582 3470 3653 3525 σὰ
3696 3471 3868 3540 λέγω,

2207 3560 2287 3614 ὃτι
2319 3560 2540 3631 χάριτος
2584 3556 2670 3632 ἦν,
2701 3562 2768 3615 τὰ
2816 3563 2871 3615 δὲ
2924 3564 3052 3631 ἐμὰ,
3092 3563 3331 3634 όφειλῆς.
3381 3564 3597 3634 Ἐπειδὴ
3639 3566 3751 3635 γὰρ
3783 3565 3867 3629 σύ,

2208 3651 2390 3722 φησὶν,
2421 3652 2589 3723 ἤρξω,
2645 3654 2755 3722 ἐγὼ
2803 3654 3005 3724 ἕπομαι
3055 3657 3149 3709 καὶ
3205 3655 3483 3709 ἀκολουθῶ
3508 3675 3522 3690 ·
3554 3657 3653 3710 οὐκ
3686 3657 3869 3728 αἰσχύ-

2207 3761 2370 3815 νομαι
2394 3746 2722 3816 ὁμολογῆσαι
2774 3747 2871 3808 τὰς
2906 3748 2987 3811 είς
3039 3748 3140 3817 ἐμὲ
3176 3748 3474 3819 γενομένας
3530 3749 3867 3819 εὐεργεσίας,

2207 3839 2327 3891 οὐδέ
2364 3839 2524 3891 τίνων
2553 3855 2619 3907 με
2657 3838 2993 3908 άπήλλαξας,
3038 3839 3199 3909 λιμοῦ
3253 3841 3348 3893 καὶ
3399 3842 3740 3911 γυμνότητός
3779 3840 3870 3894 καὶ

2209 3930 2439 3999 πλάνης.
2488 3926 2639 3993 Εἷδές
2673 3947 2737 4000 με
2773 3929 3073 4001 δεδεμένον,
3128 3932 3226 3984 οὐκ
3282 3933 3401 4001 ὄψει
3437 3934 3498 3987 τὸ
3530 3935 3628 4003 τῆς
3652 3934 3871 4002 γεέννης

2209 4021 2354 4092 πῦρ·
2388 4017 2525 4083 εἶδές
2578 4037 2645 4090 με
2697 4021 3102 4093 ἀρρωστοῦντα,
3136 4023 3237 4075 οὐκ
3283 4023 3404 4092 ὄψει
3438 4023 3508 4076 τὰ
3541 4023 3869 4093 βασανιστή-

2212 4130 2301 4182 ρια
2330 4113 2451 4166 οὐδὲ
2494 4112 2594 4175 τὰς
2634 4116 2925 4185 τιμωρίας.
2959 4116 3023 4167 Ὢ
3059 4118 3239 4187 χεῖρες
3280 4115 3446 4179 ὅντως
3485 4116 3867 4187 εὐλογημέναι,

2207 4208 2264 4258 αἱ
2298 4204 2575 4267 τοιαύταις
2622 4206 2957 4275 οἰκονομίαις
3005 4206 3433 4277 διακονούμεναι,
3470 4209 3527 4260 αί
3581 4208 3869 4273 καταξιού-

2212 4305 2415 4366 μεναιθ
2467 4296 2758 4365 ὑπηρετεῖν
2802 4298 2881 4368 τῷ
2936 4298 3176 4370 Χριστῷ.
3233 4300 3400 4364 Πόδες
3460 4301 3541 4362 είς
3589 4300 3870 4368 δεσμωτή-

2210 4403 2302 4456 ρια
2354 4385 2658 4455 βαδίζοντες
2712 4386 2797 4440 διὰ
2849 4389 2943 4443 τὸν
3001 4390 3257 4460 Χριστὸν,
3314 4391 3552 4454 εὐκόλως
3605 4392 3867 4445 κατατολ-

2211 4477 2350 4546 μῶσι
2385 4478 2476 4531 τοῦ
2504 4479 2711 4548 πυρός·
2755 4480 2814 4532 οὐ
2866 4480 3200 4551 λαμϐάνουσι
3250 4486 3443 4554 πεῖραν
3492 4484 3604 4537 τῶν
3654 4485 3867 4555 δεσμῶν

2206 4571 2386 4639 χεῖρες
2439 4571 2492 4622 αί
2547 4570 2830 4640 δεδεμένον
2884 4574 3047 4626 αὐτὸν
3115 4574 3339 4630 ἰδοῦσαι.
3397 4575 3683 4638 Ἐνέδυσας
3747 4576 3867 4646 ίμά-

2206 4676 2341 4721 τιον,
2390 4664 2483 4714 καὶ
2532 4662 2690 4734 ἐνδύῃ
2727 4665 2938 4734 ἱμάτιον
2985 4665 3287 4736 σωτηρίου·
3332 4666 3519 4734 ἐγένου
3557 4668 3613 4718 ἐν
3655 4667 3867 4738 δεσμω-

2207 4753 2381 4823 τηρίῳ
2412 4756 2530 4825 μετ’
2570 4756 2755 4821 αὐτοῦ,
2798 4759 2891 4810 καὶ
2940 4758 3060 4829 γίνῃ
3112 4760 3168 4811 ἐν
3217 4757 3466 4830 βασιλείᾳ
3518 4760 3633 4830 μετ’
3675 4758 3864 4813 αὐτοῦ.

2208 4846 2395 4900 Ταῦτα
2452 4849 2707 4918 ὁμολογεῖ
2760 4852 2860 4904 οὐκ
2915 4852 3334 4921 αἰσχυνόμενος,
3389 4851 3506 4905 ἀλλ’
3576 4852 3738 4916 εἰδὼς
3790 4854 3867 4906 ὅτι

2208 4939 2370 4992 αὐτὸν
2395 4941 2700 5010 ἐπεσκέψω,
2736 4943 2848 4995 Οὐκ
2886 4943 2999 5014 ⁴ᾔδει
3045 4945 3311 5012 ἀγγέλους
3368 4943 3589 5009 ξενίζων
3611 4945 3639 4996 6
3673 4962 3868 5017 πατρι-

2207 5032 2418 5103 άρχης,
2480 5036 2573 5087 καὶ
2639 5035 2890 5100 ἐξένιζεν.
2939 5035 3361 5107 Αίσχυνθῶμεν,
3418 5038 3766 5109 παρακαλῶ·
3814 5040 3864 5091 ἐν

2210 5126 2526 5197 μεσημϐρίᾳ
2555 5128 2785 5196 ἐκάθητο
2837 5129 2922 5181 ἐπ’
2953 5127 3238 5198 ἀλλοτρίας
3262 5127 3359 5193 ὣν,
3391 5129 3526 5182 ὅπου
3559 5130 3678 5183 οὐδὲ
3720 5130 3865 5201 βῆμα

2208 5217 2366 5281 ποδὸς
2397 5217 2508 5289 εἶχε
2541 5220 2688 5285 ξένος
2722 5215 2811 5290 ἦν,
2844 5221 2937 5275 καὶ
2967 5220 3151 5286 ξένους
3174 5220 3411 5287 ἐξένιζεν
3461 5225 3490 5277 6
3540 5222 3691 5288 ξένος
3712 5240 3727 5254 ·
3770 5242 3863 5277 ποι

2205 5312 2355 5382 λίτης
2389 5314 2494 5381 γάρ
2522 5307 2588 5382 ἦν
2609 5312 2716 5364 τῶν
2747 5311 3007 5381 οὐρανῶν.
3033 5313 3131 5365 Διὰ
3159 5313 3315 5367 τοῦτο
3344 5315 3463 5368 οὐδέ
3507 5317 3601 5369 ἐπὶ
3634 5317 3736 5386 γῆς
3769 5315 3863 5381 ὢν,

2208 5404 2353 5471 ξένος
2398 5401 2485 5476 ἦν.
2532 5405 2723 5475 Ἡμεῖς
2761 5406 2969 5459 ἐκείνου
3002 5407 3096 5459 τοῦ
3146 5407 3296 5471 ξένου
3337 5409 3538 5477 μᾶλλον
3584 5409 3744 5474 ξένοι,
3794 5409 3865 5478 μὴ

2206 5500 2485 5568 δεχόμενοι
2517 5497 2715 5564 ξένους.
2748 5499 2860 5552 Οὐκ
2894 5496 3039 5570 εἶχεν
3071 5501 3271 5565 οἰκίαν,
3299 5504 3391 5554 καὶ
3426 5503 3773 5572 καταγώγιον
3799 5499 3866 5572 ἦν

2206 5594 2355 5664 αὐτῷ
2398 5595 2431 5664 ἡ
2465 5595 2657 5665 σκηνή.
2685 5594 2794 5647 Καὶ
2834 5595 2934 5664 ὅρα
2966 5594 3027 5647 τὸ
3058 5593 3308 5661 δαψιλές·
3352 5594 3551 5663 μόσχον
3590 5596 3732 5655 ἔθυε,
3775 5596 3866 5649 καὶ

2207 5692 2410 5760 ἄλευρα
2430 5689 2647 5759 ἔφυρεν.
2683 5689 2880 5741 Ἀκουε
2918 5689 3009 5741 καὶ
3042 5687 3101 5739 τὸ
3132 5687 3411 5758 πρόθυμον
3430 5705 3443 5718 ·
3468 5688 3536 5740 δι’
3558 5689 3751 5742 ἐαυτοῦ
3777 5690 3866 5743 καὶ

2206 5782 2305 5849 τῆς
2324 5781 2575 5848 γυναικὸς
2605 5778 2762 5831 τοῦτο
2794 5782 2953 5832 ποιεῖ.
2997 5778 3192 5833 Σκόπει
3213 5779 3306 5832 καὶ
3336 5780 3397 5832 τὸ
3423 5779 3632 5849 ἄτυφον
3654 5797 3667 5810 ·
3696 5797 3865 5851 προσ-

2208 5862 2359 5914 κυνεῖ
2379 5859 2471 5912 καὶ
2500 5858 2828 5928 παρακαλεῖ.

2289 5974 2317 6014 ιι
2344 5972 2498 6043 Upus,
2541 5974 2802 6047 δεδεμένον,
2828 5975 2947 6047 .ὁρῶ
2990 5992 3047 6047 σε
3086 5973 3351 6047 λελυμένον.
3466 5976 3490 6005 ο
3537 5973 3676 6026 Idem
3722 5975 3859 6025 cod.

2206 6040 2255 6086 αί
2280 6036 2491 6087 τοιαῦται
2514 6037 2776 6097 οἰκονομίαι
2801 6036 3185 6099 οἱκονομούμεναι
3203 6039 3250 6085 αἱ
3274 6052 3379 6085 κατ.
