3920 6224
270 310 355 369 δη
1149 300 1216 356 ΙΝ
1253 299 1431 356 ACTA
1475 298 1989 357 APOSTOLORUM.
2032 299 2256 357 HOMIL.
2302 298 2459 357 XLV.

265 428 434 486 Chium,
460 423 504 476 in
522 416 832 491 Trogylium,
858 416 913 472 in
942 416 1185 482 Samum,
1215 415 1485 482 Miletum;
1513 416 1629 472 dies
1649 432 1764 472 om-

264 524 448 575 nesth
463 512 735 568 octodecim
754 528 769 565 :
785 517 967 579 postea
985 508 1038 563 in
1054 507 1241 573 Coum,
1263 509 1313 562 in
1330 506 1599 571 Rhodum,
1618 507 1771 562 Pata-

263 624 352 664 ram
373 624 385 669 ;
404 615 510 659 sunt
537 602 708 673 viginti
734 610 788 655 et
807 616 911 654 una
927 599 1043 653 dies
1067 598 1290 653 :deiude
1312 598 1505 654 istbinc
1533 614 1626 669 per
1651 600 1768 654 dies

262 700 447 769 quinque
469 693 684 764 Tyrum;
715 700 773 746 ut
809 691 917 745 sint
945 690 1060 745 dies
1097 689 1282 759 viginti
1318 704 1412 744 sex
1442 706 1455 743 :
1481 688 1551 743 ibi
1588 699 1769 759 postea

262 800 421 859 septem
453 786 557 840 dies
586 802 598 839 :
624 791 747 837 sunt
772 782 887 837 dies
915 780 1127 851 triginta
1157 791 1265 834 tres
1290 797 1303 833 :
1336 779 1461 834 hinc
1482 777 1768 833 Ptolemai—

262 882 353 936 dem
373 893 457 933 una
480 878 591 940 die;
621 883 746 930 sunt
765 873 973 943 triginta
1004 881 1265 941 quatuor:
1293 870 1489 926 deinde
1513 871 1771 926 Caesareae

262 982 397 1029 manet
416 969 632 1042 pluribus
649 1006 667 1032 ,
694 981 852 1037 quam
891 964 1058 1029 alibi,
1083 962 1311 1028 diebus;
1334 972 1386 1018 et
1411 974 1535 1016 tunc
1558 962 1770 1017 demum

263 1064 354 1118 inde
375 1063 478 1117 illos
499 1060 711 1114 abducit
746 1061 1023 1127 propheta.
1052 1055 1141 1111 Sic
1170 1056 1466 1123 completur
1490 1053 1603 1108 dies
1633 1052 1773 1107 Pen-

261 1164 460 1217 tecostes,
488 1162 537 1206 ct
563 1152 631 1204 ibi
656 1150 798 1203 illam
822 1148 1044 1218 peragit.
1072 1145 1202 1200 Vide
1229 1145 1399 1210 illum,
1420 1145 1631 1214 quando
1650 1144 1771 1213 Spi-

260 1246 361 1300 ritus
382 1260 472 1299 non
498 1241 824 1313 prohibebat,
852 1239 1259 1307 obsequentem.
1283 1236 1554 1301 Dicebant,
1587 1236 1668 1289 Ne
1689 1236 1774 1290 des

258 1349 293 1391 te
314 1338 355 1389 in
376 1337 633 1399 theatrum,
662 1341 717 1386 et
746 1345 849 1385 non
879 1328 1026 1384 dedit
1055 1345 1068 1381 :
1099 1342 1243 1396 saepe
1272 1326 1418 1380 illum
1444 1326 1769 1390 educehant,

258 1441 489 1485 ctmorem
530 1424 737 1493 gessit:
766 1437 860 1491 per
903 1420 1191 1475 fenestram
1244 1418 1434 1472 iterum
1475 1418 1691 1485 effugit:
1722 1426 1775 1471 et

260 1536 397 1585 nunc,
424 1529 472 1572 ut
497 1518 561 1571 ita
589 1515 766 1569 dicam
788 1556 801 1578 ,
830 1511 1124 1567 innumeris
1148 1510 1459 1579 rogantibus
1488 1519 1539 1564 et
1562 1509 1684 1579 Tyri
1723 1518 1775 1562 ct

262 1613 482 1674 (ἔξωθε,
511 1607 763 1663 ﬂentibus
795 1615 849 1660 et
895 1605 1170 1657 innumera
1212 1601 1394 1670 gravia
1437 1599 1776 1669 praedicenti-

266 1706 364 1767 litis,
401 1718 486 1757 non
518 1701 701 1765 cedit,
730 1697 969 1767 quamvis
994 1710 1099 1751 non
1140 1694 1298 1749 modo
1346 1694 1526 1763 gravia
1582 1691 1775 1762 praedi-

267 1805 439 1859 tierent,
474 1793 561 1847 sed
614 1793 779 1847 etiam
833 1805 927 1859 per
988 1788 1242 1857 Spiritum
1292 1784 1661 1856 praedicerent.
1722 1784 1775 1839 Si

267 1902 363 1957 ergo
392 1885 591 1955 Spiritus
609 1884 774 1953 jussit
799 1921 818 1950 ,
856 1896 953 1937 cur
1000 1878 1469 1935 contradicebaut?
1497 1876 1628 1943 Quia
1680 1890 1777 1930 ne-

261 1980 443 2033 sciebant
484 1978 716 2048 Spiritus
767 1989 1008 2044 scopum.
1054 1972 1302 2042 Alioquin
1344 1984 1473 2025 vero
1524 1968 1777 2024 adhorta-

258 2072 410 2125 tionem
440 2072 569 2125 illam
605 2084 705 2139 per
731 2066 989 2135 Spiritum
1022 2079 1124 2118 non
1158 2063 1439 2117 faciebant.
1471 2060 1586 2116 Non
1617 2060 1779 2115 modo

252 2163 361 2216 enim
382 2163 538 2232 gravia
566 2159 937 2233 prmdicebant
955 2198 969 2222 ,
998 2157 1093 2212 sed
1121 2156 1421 2222 addebant,
1455 2171 1559 2209 non
1589 2170 1779 2209 ascen-

250 2255 436 2312 dentium
462 2274 596 2324 esse,
632 2264 917 2326 parcentes
953 2254 1049 2307 illi.
1085 2252 1149 2306 Et
1178 2253 1412 2322 perfectis
1439 2251 1614 2305 diebus
1639 2291 1655 2315 ,
1696 2251 1779 2306 in-

248 2350 371 2418 quit,
395 2349 439 2404 id
479 2346 819 2417 est,cxpletis
852 2363 866 2398 :
898 2346 1012 2400 dies
1040 2354 1216 2399 autem
1255 2343 1387 2398 dicit
1413 2342 1777 2413 prteStitutos:

249 2438 552 2494 deducentibus
591 2456 689 2493 nos
713 2438 941 2492 omnibus
967 2450 1080 2489 cum
1109 2434 1347 2490 uxoribus
1371 2443 1420 2488 et
1450 2434 1637 2487 liberis.

300 2533 346 2585 3.
382 2531 500 2587 Vide
526 2542 727 2602 quanta
758 2529 1053 2585 consolatio
1072 2536 1249 2583 esset:
1275 2536 1328 2581 et
1356 2541 1543 2581 rursus
1568 2534 1785 2581 orantes

246 2621 538 2678 divclluntur.
563 2624 741 2678 Etiam
766 2620 1092 2675 Ptolemaide
1117 2635 1220 2672 uno
1241 2618 1327 2673 die
1354 2627 1590 2682 manent,
1608 2616 1786 2671 Caesa-

246 2728 331 2765 rea:
355 2725 464 2767 vero
493 2713 737 2782 plurimis
758 2712 964 2764 diebus.
990 2709 1055 2763 Et
1080 2708 1291 2778 quando
1317 2706 1517 2761 audivit
1545 2721 1604 2760 se
1632 2706 1785 2759 innu-

247 2820 363 2857 mera
387 2807 551 2870 gravia
580 2820 862 2875 passurum
888 2817 1010 2857 esse
1034 2842 1048 2866 ,
1080 2810 1203 2855 tunc
1246 2788 1489 2865 festinat,
1534 2814 1640 2853 non
1666 2812 1785 2853 sese

246 2896 287 2948 in
310 2898 516 2963 pericula
542 2896 839 2964 conjicicus
863 2936 877 2960 ,
905 2894 997 2948 sed
1032 2903 1223 2962 putans
1251 2892 1477 2961 Spiritus
1501 2906 1621 2946 esse
1648 2905 1785 2960 prm-

246 2999 439 3054 ceptum.
472 2990 550 3045 l5.
604 2988 730 3041 Post
776 2988 881 3041 dies
910 2996 1078 3039 autem
1108 2986 1199 3039 hos
1222 3026 1236 3049 ,
1273 2985 1477 3055 inquit,
1513 2982 1787 3054 prteparati

245 3084 590 3137 meadebeouus
628 3084 683 3135 in
710 3081 1031 3142 Jerusalem;
1062 3082 1110 3133 id
1142 3090 1252 3142 est,
1286 3078 1517 3147 acceptis
1544 3078 1641 3140 iis,
1669 3090 1788 3147 quas

246 3177 296 3227 ad
321 3177 729 3231 iterncccssaria
756 3185 927 3227 erant.
950 3173 1034 3226 16.
1071 3169 1320 3225 Venerunt
1346 3180 1511 3223 autem
1533 3168 1789 3222 nobiscum

246 3278 279 3320 et
313 3285 367 3322 es
405 3268 672 3338 discipulis
712 3285 743 3319 a
788 3268 1015 3320 Ca'snrea
1038 3306 1051 3327 ,
1086 3264 1391 3317 adducentes
1435 3278 1605 3315 secum
1649 3260 1789 3329 apud

246 3376 357 3423 quem
393 3363 799 3427 hospitaremur,
857 3356 1152 3409 Mnasonem
1198 3354 1462 3425 quemdam
1506 3352 1787 3423 Cyprium,

250 3453 468 3520 antiquum
498 3451 831 3519 discipulum.
879 3451 963 3503 l7.
1000 3446 1064 3500 Et
1102 3462 1219 3500 cum
1244 3448 1545 3500 venissemus
1579 3444 1789 3498 Jeroso-

248 3540 399 3607 Ignium
419 3582 432 3601 .
460 3544 676 3595 libenter
702 3550 998 3607 exceperunt
1024 3555 1113 3591 nos
1138 3541 1340 3607 fratres.
1391 3536 1455 3590 Et
1495 3536 1616 3591 vide
1640 3578 1654 3600 ,
1687 3552 1789 3591 non

246 3631 355 3687 dixit
378 3634 587 3703 Agabus
614 3652 626 3684 :
657 3632 875 3685 Paulum
900 3631 1154 3699 ligabunt,
1175 3643 1241 3681 ne
1263 3627 1533 3681 videretur
1553 3643 1620 3681 ex
1642 3635 1794 3695 pacto

244 3723 428 3790 dicere;
458 3725 575 3786 sed,
620 3723 816 3787 Virum,
839 3722 987 3792 cujus
1016 3730 1085 3773 est
1117 3736 1246 3772 zona
1276 3719 1401 3773 haec.
1435 3719 1574 3789 Ergo
1604 3734 1793 3771 zonam

246 3811 459 3869 bit-ebat.
491 3817 630 3881 Quia
663 3829 792 3869 vero
818 3813 1044 3866 suadere
1076 3826 1180 3864 non
1225 3819 1504 3879 poterant,
1537 3808 1655 3863 ideo
1701 3808 1795 3863 fle-

244 3906 365 3973 bant,
394 3909 587 3963 deinde
618 3907 961 3978 quieverunt.
993 3903 1151 3959 Vides
1179 3902 1567 3973 phi|050phiam
1595 3902 1618 3955 ?
1648 3901 1797 3955 vides

244 4003 413 4055 amoris
436 3998 737 4057 affectum?
764 3998 1071 4066 Quieoimus,
1097 3997 1284 4066 inquit,
1318 3996 1557 4062 dicentes,
1600 3994 1797 4049 Volun-

244 4102 307 4146 tas
323 4093 520 4148 Domini
550 4095 671 4161 fiat.
703 4091 1039 4149 Adducentes,
1070 4091 1258 4159 inquit,
1287 4090 1425 4158 apud
1451 4105 1595 4158 quem
1622 4090 1798 4157 hospi-

245 4195 455 4240 tsremur.
483 4186 658 4258 Igitur
688 4200 792 4239 non
825 4186 876 4238 in
899 4184 1147 4239 ecclesia.
1178 4182 1328 4237 Tunc
1352 4182 1494 4237 enim
1517 4222 1532 4247 ,
1560 4196 1679 4236 cum
1704 4196 1800 4250 pro

243 4275 555 4344 dogmatibus
582 4274 982 4339 ascendebant,
1018 4274 1069 4327 in
1099 4273 1324 4328 ecclesia
1358 4272 1797 4342 hospitabantur,

245 4379 362 4420 nunc
388 4384 512 4423 vero
541 4367 687 4438 apud
711 4366 1027 4434 discipulum
1055 4364 1335 4433 quemdam
1362 4364 1659 4434 antiquum.
1686 4364 1794 4417 Os-

244 4460 393 4514 tendit
407 4461 515 4529 jam
539 4460 707 4515 fuisse
734 4460 949 4528 loitgum
981 4456 1371 4527 praedicationis
1396 4465 1601 4524 tempus
1627 4473 1639 4509 :
1665 4455 1803 4509 unde

244 4550 354 4603 mihi
380 4553 591 4605 videtur
613 4552 666 4604 in
694 4550 842 4604 Actis
870 4549 1065 4602 multos
1088 4562 1258 4601 annos
1287 4547 1581 4611 succidere,
1611 4555 1666 4600 et
1686 4561 1804 4615 quae

244 4643 482 4710 urgebant
504 4652 712 4697 tantum
734 4640 930 4695 dicere.
960 4638 1096 4705 Quid
1121 4637 1220 4692 sibi
1244 4638 1353 4691 vult
1381 4636 1527 4701 illud,
1566 4635 1805 4691 Voluntas

245 4731 426 4789 Domini
458 4737 550 4804 fiat
573 4737 599 4790 ξ’
625 4736 883 4791 Dominus
905 4774 923 4800 ,
955 4735 1159 4802 inquit,
1200 4731 1339 4801 quod
1374 4731 1618 4800 placitum
1645 4739 1725 4784 est
1753 4731 1805 4783 in

243 4826 393 4879 oculis
413 4828 548 4889 suis.
576 4827 755 4881 faciet.
780 4827 1071 4892 Quiescuut
1098 4834 1276 4877 autem
1299 4822 1395 4889 illi,
1421 4838 1592 4892 neque
1613 4830 1807 4891 cogunt

244 4913 371 4969 illum
398 4934 411 4969 :
439 4917 583 4971 forte
626 4918 772 4987 gnari
798 4958 813 4979 ,
857 4930 977 4971 esse
1020 4916 1347 4969 voluntatem
1394 4914 1527 4981 Dei,
1555 4913 1697 4983 quod
1740 4929 1808 4968 ex

244 5004 375 5061 Pauli
414 5008 631 5063 fervore
660 5007 1030 5076 conjectabant
1058 5024 1070 5058 :
1104 5021 1225 5059 nam
1266 5006 1461 5075 alioqui
1500 5021 1604 5059 non
1633 5013 1809 5059 tantus

246 5098 375 5153 Pauli
423 5102 607 5156 fervor
645 5099 879 5165 fuisset,
920 5114 1093 5169 neque
1140 5099 1278 5153 Deus
1322 5097 1687 5167 permisisset,
1720 5096 1809 5165 qui

244 5204 441 5259 semper
472 5192 626 5245 illum
655 5207 683 5243 a
710 5190 961 5260 periculis
988 5198 1219 5245 eruerat.
1248 5189 1335 5244 Sic
1365 5188 1614 5243 nolebant
1632 5189 1810 5244 Eccle-

245 5285 327 5332 sla:
354 5288 503 5337 oneri
536 5299 677 5350 esse,
699 5298 821 5337 cum
842 5283 977 5337 alius
998 5291 1163 5345 esset,
1193 5282 1279 5350 qui
1304 5281 1422 5334 illos
1445 5280 1672 5349 hospitio
1692 5294 1811 5333 sus-

246 5374 456 5439 ciperet,
492 5390 666 5445 neque
694 5376 950 5429 honorem
981 5374 1283 5442 exigebant.
1315 5371 1545 5425 Libenter
1573 5412 1589 5437 ,
1621 5372 1807 5442 inquit,

243 5478 539 5533 exceperunt
583 5484 669 5521 nos
698 5469 900 5537 fratres.
944 5466 1052 5520 Res
1085 5476 1208 5519 turre
1252 5465 1301 5518 iu
1343 5475 1470 5533 pace
1495 5473 1645 5518 crant
1672 5464 1810 5533 apud

247 5551 452 5611 Judmos
478 5598 495 5621 ,
529 5573 629 5613 nec
664 5559 859 5614 bellum
885 5568 943 5611 ut
978 5559 1123 5627 prius
1152 5566 1284 5613 erat.
1313 5555 1561 5609 Ducentes
1587 5572 1696 5620 nos,
1729 5557 1811 5608 itt-

247 5652 351 5712 quit
373 5686 389 5711 .
414 5649 560 5716 apud
584 5666 725 5718 quem
767 5650 1153 5719 hospitaremur.
1186 5649 1406 5710 l’aulutu
1452 5646 1542 5702 ille
1586 5646 1814 5717 hospitio

251 5740 570 5808 excipiebat.

3339 310 3442 368 318

1959 414 2292 485 Hospitalitas
2310 418 2781 473 commendatur.—
2796 420 2944 478 Dicet
2968 421 3189 480 fortasse
3210 435 3443 483 vestrum

1875 507 2137 577 quispiam
2163 523 2177 559 :
2198 505 2255 562 Si
2278 508 2395 578 quis
2413 509 2540 563 mihi
2569 509 2789 565 Paulum
2818 511 3048 580 hospitio
3071 514 3444 584 excipiendum

1875 596 2091 653 offerret
2110 639 2124 660 ,
2156 597 2206 652 id
2234 608 2472 669 prompte
2492 608 2546 655 et
2585 601 2833 656 alacriter
2864 604 3112 659 facerem.
3132 604 3273 661 Ecce
3302 607 3443 662 Pauli

1877 688 2155 744 Dominum
2181 690 2271 745 tibi
2299 690 2528 761 hospitio
2550 694 2793 763 excipere
2814 695 2954 762 licet,
2978 706 3031 753 et
3055 714 3159 753 non
3187 700 3298 755 vis:
3325 716 3445 755 nam

1877 778 1989 833 ait:
2027 780 2124 845 Qui
2154 781 2359 851 suscipit
2400 798 2556 836 unum
2601 800 2664 838 ex
2706 785 2783 838 his
2826 787 3043 842 minimis
3068 829 3083 852 ,
3130 806 3209 844 me
3237 793 3447 861 suscipit

1877 868 2089 938 (Matth.
2121 871 2206 927 18.
2239 872 2291 926 5.
2324 871 2449 926 Luc.
2473 874 2526 930 9.
2556 875 2670 943 48).
2705 876 2912 944 Quanto
2954 882 3127 935 minor
3153 891 3233 937 est
3262 882 3444 950 frater,

1878 967 2026 1015 tanto
2070 963 2236 1032 magis
2282 964 2526 1020 Christus
2574 983 2667 1035 per
2717 969 2888 1037 ipsum
2932 972 3165 1028 advenit.
3195 975 3325 1030 Nam
3355 977 3447 1047 qui

1878 1067 2127 1122 magnum
2153 1056 2453 1125 quempiam
2480 1058 2696 1128 excipit,
2726 1074 3032 1129 pervanam
3059 1078 3202 1134 saepe
3222 1065 3445 1135 gloriam

1878 1142 1931 1197 id
1956 1146 2065 1215 agit
2091 1162 2105 1209 ;
2137 1146 2227 1217 qui
2258 1163 2386 1203 vero
2431 1164 2650 1219 parvum
2670 1192 2687 1219 ,
2732 1166 2866 1221 pure
2913 1168 3127 1225 propter
3155 1157 3444 1214 Christum.

1879 1232 2026 1289 Licet
2050 1235 2138 1289 tibi
2169 1236 2327 1291 etiam
2352 1239 2559 1294 Patrem
2586 1241 2781 1296 Christi
2812 1246 3082 1315 excipere.
3116 1257 3167 1302 et
3198 1264 3302 1303 non
3327 1251 3444 1305 vis:

1880 1341 2002 1380 nam
2031 1328 2134 1392 ait,
2170 1328 2363 1399 Hospes
2387 1348 2522 1385 eram
2562 1345 2608 1387 et
2633 1333 2904 1405 coltegistis
2931 1354 3027 1402 me,
3056 1348 3111 1394 et
3141 1340 3352 1408 iterum,
3379 1341 3447 1396 In

1879 1430 2117 1490 quantum
2136 1423 2321 1494 fecistis
2337 1424 2425 1477 uni
2445 1441 2507 1479 ea:
2522 1426 2598 1479 his
2618 1428 2856 1491 minimis,
2881 1431 3005 1484 milii
3024 1434 3209 1501 fecistis
3234 1434 3444 1503 (Matth.

1880 1509 1969 1565 25.
2000 1512 2088 1567 55.
2119 1513 2232 1582 40).
2265 1514 2375 1569 Etsi
2409 1515 2603 1571 Paulus
2632 1532 2737 1572 non
2768 1520 2856 1581 sit,
2888 1521 2932 1575 si
2966 1521 3134 1578 fidelis
3163 1526 3232 1578 sit
3260 1534 3314 1581 et
3338 1526 3448 1580 fra-

1882 1609 1967 1657 ter
1989 1643 2004 1669 ,
2027 1604 2232 1658 etiamsi
2270 1606 2519 1660 minimus
2543 1648 2558 1672 ,
2590 1606 2833 1662 Christus
2867 1620 3040 1666 tamen
3069 1628 3162 1681 per
3191 1615 3336 1669 illttm
3359 1616 3450 1670 ad-

1882 1694 2044 1747 venit.
2076 1695 2232 1762 Aperi
2272 1695 2510 1763 domum,
2534 1697 2746 1769 excipe.
2775 1699 2874 1767 Qui
2911 1704 3086 1771 recipit
3115 1707 3448 1776 prophetam,

1884 1783 2091 1854 inquit,
2140 1788 2411 1840 mercedem
2458 1791 2716 1857 propheta:
2756 1793 2958 1861 recipiet
2988 1794 3006 1865 (
3036 1794 3122 1848 Id.
3174 1797 3259 1852 10.
3310 1799 3370 1852 41
3406 1800 3449 1867 ).

1883 1872 2023 1945 Ergo
2045 1877 2131 1945 qui
2157 1877 2343 1947 recipit
2368 1878 2659 1944 Christum,
2685 1883 2907 1952 recipiet
2937 1886 3234 1941 mercedem
3255 1887 3451 1944 Christi

1883 1969 2291 2038 peregrinantis.
2320 1969 2397 2025 Ne
2442 1970 2596 2025 fidem
2640 1988 2800 2043 neges
2836 1976 3011 2032 verbis
3040 1978 3155 2042 ejus
3177 2020 3191 2042 ,
3222 1980 3313 2034 sed
3337 1990 3453 2036 esto

1884 2060 2163 2113 confidens
2196 2077 2207 2112 :
2240 2061 2351 2128 ipse
2395 2062 2558 2124 dixit,
2611 2063 2712 2117 Per
2758 2066 2875 2119 illos
2902 2082 3000 2136 ego
3027 2068 3288 2123 advenio:
3320 2080 3375 2125 et
3396 2081 3454 2127 ut

1886 2165 1953 2203 ne
1975 2150 2050 2204 sis
2078 2152 2380 2204 incredulus
2406 2191 2420 2215 ,
2451 2154 2765 2222 supplicium
2794 2154 3035 2210 decernit
3060 2174 3162 2211 non
3192 2160 3452 2229 recipien-

1889 2242 2047 2309 tibus,
2080 2241 2310 2297 honores
2343 2244 2723 2313 recipientibus
2752 2265 2765 2301 :
2801 2262 2907 2301 non
2938 2247 3039 2304 hoc
3066 2249 3319 2314 facturus,
3353 2254 3454 2308 nisi

1887 2328 1977 2384 ille
2008 2331 2089 2386 vel
2118 2330 2405 2387 honoratus
2444 2334 2525 2388 vel
2550 2337 2871 2391 contumelia
2902 2338 3123 2394 affectus
3153 2342 3264 2411 ipse
3288 2354 3447 2398 esset.

1885 2418 2173 2489 Suscepisti
2202 2438 2285 2476 tuc
2311 2464 2324 2487 ,
2354 2423 2561 2494 inquit,
2606 2426 2657 2480 in
2686 2428 2981 2482 diversorio
3011 2439 3099 2484 tuo
3124 2447 3139 2496 ;
3170 2435 3453 2502 suscipiam

1891 2518 1943 2563 te
1968 2509 2020 2565 in
2046 2525 2266 2580 regnum
2294 2512 2464 2567 Patris
2488 2514 2593 2569 mei
2622 2532 2635 2568 :
2666 2517 2867 2572 solvisti
2912 2518 3038 2573 mibi
3072 2519 3263 2576 famem
3291 2539 3306 2587 ;
3348 2525 3457 2577 sol—-

1888 2614 2007 2653 vam
2066 2601 2159 2656 tibi
2206 2613 2465 2671 peccata:
2500 2605 2673 2660 vidisti
2723 2623 2810 2663 me
2869 2610 3149 2678 vinctum;
3202 2613 3367 2669 videri
3407 2624 3460 2671 te

1890 2690 2078 2747 faciam
2106 2694 2335 2749 solutum
2359 2696 2375 2727 ¹
2402 2712 2417 2749 :
2444 2696 2621 2752 vidisti
2646 2713 2733 2753 me
2761 2702 3095 2771 pcregrinqu
3128 2718 3143 2767 ;
3186 2704 3376 2760 faciam
3407 2715 3459 2762 te

1889 2785 2058 2840 civem
2081 2786 2332 2841 caelorum
2359 2805 2373 2843 :
2395 2787 2590 2843 dedisti
2612 2790 2741 2844 mihi
2772 2806 2959 2860 panem
2984 2810 2999 2859 ;
3027 2793 3098 2848 do
3121 2794 3212 2849 tibi
3238 2811 3458 2867 regnum

1891 2886 2058 2932 totum
2082 2919 2098 2944 ,
2126 2888 2182 2933 ut
2206 2880 2334 2934 illud
2355 2880 2511 2937 heres
2536 2883 2765 2952 accipias
2789 2892 2845 2939 et
2864 2886 3159 2954 possideas.
3183 2890 3270 2943 Ait
3293 2892 3459 2957 enim,

1904 2966 2075 3022 Venite
2096 3009 2111 3030 ,
2164 2970 2410 3039 possidete
2455 2982 2687 3041 paratum
2728 2975 2864 3027 vobis
2907 2992 3116 3045 regnum
3173 2978 3311 3049 (Id.
3367 2981 3460 3039 25.

1892 3057 2004 3133 54).
2036 3060 2152 3116 Non
2181 3062 2331 3129 dicit,
2363 3063 2642 3135 Accipite;
2674 3064 2768 3120 sed
2788 3107 2803 3130 ,
2836 3065 3096 3122 Possidete
3128 3086 3147 3124 :
3171 3072 3312 3140 quod
3334 3072 3463 3129 dici-

1895 3162 1980 3206 tur
2001 3150 2069 3208 de
2096 3153 2180 3219 iis,
2211 3153 2299 3223 qui
2325 3168 2451 3209 vere
2479 3154 2792 3225 possident,
2825 3166 2883 3211 ut
2904 3173 3025 3213 cum
3056 3159 3283 3216 dicimus
3306 3204 3322 3229 ,
3352 3164 3464 3221 lloc

1893 3242 2191 3299 hereditate
2217 3243 2445 3313 possedi.
2473 3242 2671 3300 Fecisti
2699 3246 2825 3301 mihi
2857 3248 2910 3301 in
2932 3249 3176 3317 occulto;
3206 3267 3303 3323 ego
3330 3270 3466 3323 pra:-

1895 3334 2082 3390 dicabo
2110 3335 2162 3389 in
2186 3333 2466 3390 manifesto
2489 3352 2503 3389 :
2530 3347 2584 3390 et
2613 3344 2698 3390 tua
2725 3337 2936 3407 quidem
2968 3339 3109 3409 dico,
3135 3343 3255 3413 quia
3281 3345 3465 3414 gratia:

1896 3437 2052 3485 erant
2080 3447 2095 3496 ;
2127 3444 2244 3484 mea
2273 3443 2401 3483 vero
2427 3428 2589 3483 debiti
2620 3438 2762 3484 sunt.
2789 3430 2920 3500 Quia
2948 3433 3089 3487 enim
3128 3444 3182 3489 tu
3212 3437 3418 3506 coepisti
3449 3478 3464 3502 ,

1898 3520 2100 3590 inquit,
2123 3535 2221 3592 ego
2248 3534 2473 3590 sequar:
2504 3536 2608 3575 non
2640 3521 2801 3590 pudet
2827 3538 2912 3579 me
2940 3522 3095 3579 fateri
3122 3526 3312 3582 collata
3340 3530 3467 3585 mihi

1898 3610 2174 3676 beneficia,
2206 3626 2303 3666 nec
2328 3626 2356 3665 a
2383 3611 2577 3682 quibus
2604 3628 2689 3667 me
2715 3613 3045 3681 liberaveris,
3074 3631 3105 3671 a
3134 3616 3290 3683 fame,
3317 3621 3469 3675 nudi-

1901 3711 2026 3769 tate,
2051 3717 2253 3757 errore.
2280 3702 2466 3757 Vidisti
2495 3718 2579 3757 me
2607 3703 2822 3775 ligatum
2849 3722 2863 3772 ;
2895 3722 3000 3761 non
3029 3707 3234 3762 videbis
3262 3711 3468 3780 gehen-

1900 3809 1981 3848 nae
2004 3795 2209 3863 ignem:
2238 3792 2413 3847 vidisti
2442 3810 2527 3849 me
2554 3794 2851 3860 infirmum;
2882 3814 2986 3852 non
3012 3799 3215 3855 videbis
3239 3810 3473 3857 tormen-

1902 3892 1954 3938 ta
1979 3900 2076 3939 nec
2103 3884 2381 3953 supplicia.
2411 3883 2455 3938 0
2485 3898 2675 3939 manus
2704 3902 2827 3941 vere
2857 3887 3172 3954 benedicta},
3200 3907 3317 3960 qua:
3344 3894 3469 3946 tali-

1901 3975 2000 4030 bus
2027 3974 2333 4028 ministeriis
2371 3974 2649 4039 serviunt,
2697 3992 2815 4046 qua:
2854 3978 3141 4047 dignantur
3170 3984 3475 4039 ministrare

1903 4064 2115 4120 Christo
2143 4064 2156 4117 l
2188 4064 2356 4119 Pedes
2378 4064 2429 4117 in
2454 4078 2697 4120 carceres
2725 4076 2917 4121 euntes
2948 4079 3161 4138 propter
3181 4070 3470 4140 Christum,

1904 4158 2056 4213 facile
2082 4165 2428 4213 contemnunt
2470 4156 2685 4226 ignem;
2726 4158 2929 4213 vincula
2976 4175 3083 4216 non
3128 4164 3476 4232 experiuntur

1904 4264 2095 4305 manus
2118 4290 2133 4313 ,
2161 4264 2280 4319 qua:
2305 4248 2521 4318 ligatum
2558 4248 2704 4303 illum
2737 4248 3006 4305 viderunt.
3039 4252 3259 4307 lnduisti
3287 4264 3475 4322 veste;

1907 4352 1961 4399 et
1987 4341 2222 4397 indueris
2245 4350 2388 4396 veSte
2416 4340 2634 4394 salutari
2661 4359 2673 4394 :
2708 4340 2851 4396 fuisti
2874 4357 2995 4397 cum
3025 4343 3116 4399 illo
3145 4346 3196 4399 in
3228 4360 3475 4413 carcere;

1906 4443 1961 4489 et
1981 4434 2033 4488 in
2060 4446 2223 4502 regno
2247 4446 2366 4487 cum
2401 4431 2493 4486 illo
2516 4432 2644 4487 eris.
2676 4431 2799 4487 Htec
2843 4436 3128 4490 confitetur
3152 4452 3257 4492 non
3289 4441 3481 4495 erube-

1907 4540 2082 4591 scens,
2100 4523 2193 4579 sed
2211 4524 2385 4579 sciens
2412 4531 2463 4577 te
2488 4523 2636 4577 illum
2665 4524 2926 4580 invisisse.
2949 4526 3227 4584 Nesciebat
3252 4531 3479 4600 patriar-

1909 4616 2007 4672 cha
2036 4630 2095 4671 se
2119 4615 2334 4685 angelos
2358 4614 2605 4684 excipere
2635 4614 2788 4683 (Gen.
2824 4617 2910 4672 18.
2936 4617 3011 4687 5).
3045 4628 3099 4674 et
3130 4630 3305 4676 tamen
3334 4623 3482 4677 exci-

1910 4709 2108 4778 piebat.
2151 4706 2543 4761 Erubescamus
2569 4748 2584 4773 ,
2619 4708 2845 4763 obsecro
2874 4728 2888 4763 :
2920 4710 2970 4763 in
3002 4712 3225 4768 meridie
3263 4714 3485 4770 sedebat

1912 4801 1963 4855 in
1990 4810 2128 4854 terra
2158 4799 2351 4864 aliena,
2377 4798 2609 4851 nondum
2638 4799 2787 4868 pedis
2814 4802 3092 4870 vestigium
3113 4801 3341 4859 habebat
3361 4819 3483 4860 cum

1911 4895 2222 4964 peregrinus
2241 4902 2403 4957 esset,
2420 4903 2473 4948 et
2494 4893 2801 4963 peregrinos
2819 4893 3113 4962 excipiebat
3132 4896 3447 4965 peregrinus
3466 4913 3481 4951 :

1912 4990 2043 5044 civis
2072 4990 2213 5045 enim
2238 4990 2488 5045 cmlorum
2518 4996 2653 5044 erat.
2700 4987 2822 5043 Ideo
2861 5002 2960 5042 nec
2988 4989 3298 5059 peregrinus
3326 5000 3441 5046 erat
3465 5031 3483 5057 ,

1913 5098 2031 5138 cum
2079 5082 2130 5136 iu
2164 5093 2299 5137 terra
2335 5090 2493 5137 esset.
2542 5080 2649 5135 Nos
2694 5079 2862 5148 magis
2888 5095 3043 5147 quam
3094 5081 3181 5135 ille
3222 5084 3483 5153 peregrini

1914 5188 2096 5229 sumus
2120 5216 2133 5238 ,
2165 5174 2253 5243 qui
2294 5170 2599 5242 peregrinos
2640 5185 2742 5225 non
2771 5170 3082 5239 excipimus.
3118 5171 3342 5239 Domum
3379 5189 3485 5232 non

1918 5264 2140 5317 habebat
2166 5304 2179 5329 ,
2211 5272 2266 5317 et
2308 5262 2702 5315 tabernaculum
2749 5260 2847 5330 ipsi
2873 5260 3223 5317 diversorium
3255 5275 3389 5321 crat.
3421 5266 3487 5324 Et

1917 5356 2058 5421 vide,
2088 5372 2243 5424 quant
2273 5355 2446 5408 lautus
2475 5352 2542 5405 sit
2574 5370 2586 5405 :
2622 5351 2844 5406 vitulum
2878 5354 3148 5423 mactavit,
3177 5366 3233 5411 et
3262 5356 3482 5411 farinam

1919 5448 2150 5501 miscuit.
2200 5447 2333 5499 Audi
2378 5446 2637 5499 fervorem
2672 5462 2685 5497 :
2717 5460 2810 5513 per
2839 5461 2896 5499 se
2926 5456 2978 5500 et
3003 5460 3101 5517 per
3127 5461 3345 5504 uxorem
3390 5448 3488 5501 hoc

1920 5539 2060 5593 facit.
2095 5537 2367 5606 Perpende
2410 5551 2567 5606 quam
2606 5536 2676 5589 sit
2718 5550 2749 5589 a
2792 5536 2927 5593 fastu
2956 5535 3406 5596 alienuszadorat
3432 5547 3489 5593 et

1920 5634 2185 5689 obsecrat.

1990 5747 2005 5777 ⁸
2040 5752 2166 5795 Unus
2186 5745 2328 5809 legit,
2346 5740 2567 5794 videbote
2591 5740 2813 5793 solutum.
