4002 6224
504 224 606 283 319

567 340 619 394 4.
671 341 1052 415 llospitnlitalis
1078 354 1407 413 conditiones.
1432 391 1501 401 ——
1520 363 1642 419 iitrc
1668 369 1861 438 quippe
1886 376 2062 429 omnia

496 440 707 497 oportet
736 434 934 492 habere
963 456 1084 495 eum
1105 483 1118 503 ,
1149 445 1237 513 qui
1270 452 1579 519 peregrinos
1614 434 1809 528 exeipit
1838 480 1851 514 :
1887 463 2062 521 fervo-

493 533 604 574 rem
630 562 647 588 ,
682 522 1038 597 hilaritatem,
1070 532 1462 595 liberalitatem.
1505 545 1740 617 llospitis
1768 555 1910 609 enim
1939 560 2059 612 ani-

492 626 609 666 mus
633 619 899 674 erubescit
928 633 980 677 et
1006 625 1345 693 pudibundus
1370 644 1452 688 est
1479 677 1494 701 ,
1528 647 1582 692 et
1607 640 1653 694 si
1677 657 1780 697 non
1809 648 2059 716 gaudium

490 711 751 760 monstret
780 722 1053 780 exceptor,
1087 719 1235 786 quasi
1261 721 1545 793 despectus
1570 728 1844 803 abscedit,
1893 754 1955 793 ac
1985 744 2061 796 sic

480 885 703 953 adorat,
753 890 873 945 ideo
903 910 961 949 se
989 901 1239 969 excipere
1283 906 1450 975 dicit,
1493 911 1614 966 ideo
1656 918 1841 972 sellam
1874 922 2050 978 oll‘ert.

478 976 612 1041 Quis
643 980 784 1036 enim
811 984 1145 1058 dubitasset,
1181 995 1367 1053 videns
1396 999 1495 1055 hoc
1524 1005 1596 1058 illi
1625 1022 1759 1079 opus
1779 1016 1923 1069 esse?
1950 1016 2053 1072 Sed

480 1081 579 1122 nos
610 1085 714 1125 non
745 1074 794 1125 in
823 1075 991 1131 aliena
1024 1090 1162 1137 terra
1184 1091 1410 1143 sumus?
1432 1092 1535 1148 Sed
1561 1097 1604 1150 si
1630 1101 1875 1168 velimus,
1906 1119 2054 1174 pote-

477 1157 647 1213 rimus
670 1161 817 1218 illum
846 1165 1061 1227 imitari.
1092 1174 1230 1241 Quot
1254 1178 1493 1249 hospites
1522 1199 1647 1242 sunt
1671 1206 1734 1245 ex
1762 1193 2053 1259 fratribus?

477 1246 572 1300 Est
598 1256 896 1313 communis
923 1258 1115 1317 domus
1144 1268 1385 1325 ecclesia:
1409 1311 1426 1338 ,
1456 1289 1615 1344 quam
1646 1297 1853 1339 xenona
1890 1303 2050 1345 voca-

474 1350 593 1392 mus
621 1356 637 1393 :
669 1344 880 1402 curiose
908 1348 1159 1422 inquirite
1186 1358 1344 1413 etiam
1374 1377 1469 1416 vos
1492 1405 1508 1429 ,
1555 1369 1740 1426 sedete
1768 1376 1833 1429 ad
1866 1378 2005 1434 fores
2030 1423 2046 1447 ,

476 1428 746 1487 venientes
772 1436 1025 1509 suscipite
1057 1460 1071 1497 :
1100 1445 1146 1499 si
1177 1461 1283 1501 non
1309 1450 1362 1504 in
1392 1451 1583 1512 domos
1613 1474 1819 1519 vestras
1843 1507 1858 1531 ,
1887 1469 2047 1527 aliter

472 1515 580 1573 illis
605 1529 906 1581 necessaria
933 1535 1287 1603 suppeditate.
1340 1541 1474 1609 Quid
1506 1552 1677 1619 ergo?
1706 1554 1939 1625 inquies;
1976 1578 2042 1618 an

469 1612 695 1668 ecclesia
733 1633 837 1673 non
881 1620 1082 1679 habet?
1111 1628 1320 1697 Habet;
1366 1637 1457 1692 sed
1490 1612 1613 1710 quid
1660 1612 2044 1710 hoc'adi

467 1705 594 1756 ausi
617 1719 647 1758 a
672 1714 1042 1770 communibus
1068 1720 1310 1778 ecclesiae
1339 1710 1576 1795 pecuniis
1604 1735 1832 1809 alantur,
1868 1743 1919 1797 id
1951 1762 2038 1799 vo-

466 1791 550 1846 bis
583 1798 838 1862 prodesse
883 1809 1123 1873 potcrit?
1165 1828 1232 1868 an
1281 1817 1325 1869 si
1354 1819 1490 1876 alius
1530 1838 1794 1895 precetur,
1846 1845 1900 1888 tu
1931 1852 2038 1894 non

464 1884 626 1941 debes
656 1896 908 1959 precari?
955 1913 1053 1954 cur
1092 1918 1197 1959 non
1242 1908 1376 1965 dicis
1411 1933 1424 1969 :
1457 1915 1595 1981 Quid
1626 1924 1813 1978 enim?
1858 1942 2035 1986 annon

460 1982 766 2037 sacerdotes
796 1994 1124 2055 precantur?
1151 2011 1244 2051 cur
1286 2015 1386 2071 ego
1415 2007 1625 2062 orabo?
1668 2016 1736 2066 At
1763 2031 1861 2085 ego
1885 2059 1900 2082 ,
1950 2021 2034 2075 in-

458 2072 607 2137 quies
627 2111 647 2139 ,
677 2074 748 2130 do
770 2078 857 2133 isti
881 2122 897 2145 ,
925 2085 1013 2151 qui
1047 2102 1151 2141 non
1184 2099 1357 2157 potest
1382 2095 1473 2150 illo
1500 2102 1701 2157 venire.
1738 2106 1812 2160 Da
1841 2111 2029 2167 saltem

458 2161 529 2214 illi
562 2182 575 2217 :
605 2169 744 2235 quod
775 2173 916 2225 enim
945 2179 1232 2244 qut-erimus
1261 2184 1361 2239 hoc
1387 2198 1500 2254 est,
1531 2201 1582 2245 ut
1611 2198 1829 2254 omnino
1857 2203 2027 2260 detur.

454 2252 589 2307 Audi
612 2258 735 2325 quid
762 2259 901 2316 dicat
927 2264 1117 2323 Paulus
1147 2288 1159 2323 :
1190 2270 1255 2325 Ut
1276 2284 1321 2326 et
1343 2276 1423 2343 iis,
1447 2295 1559 2348 qua:
1578 2300 1688 2337 vere
1708 2290 1872 2344 vidum
1891 2306 2029 2362 sunt,

350 2348 359 2351 '
452 2346 700 2415 sit/[icium
726 2391 742 2417 ,
770 2362 816 2408 et
843 2372 905 2409 ne
930 2371 1164 2426 gravetur
1186 2368 1393 2421 ecclesia
1433 2346 1529 2441 (—1.
1555 2374 1689 2432 Tim.
1718 2382 1768 2435 5.
1802 2385 1868 2438 16
1892 2388 1933 2455 ).
1964 2346 2030 2443 Ut

456 2440 580 2506 vis,
633 2441 755 2508 fac;
807 2448 981 2504 solum
1052 2454 1151 2509 fac.
1216 2457 1330 2529 Ego
1381 2479 1507 2519 vero
1583 2485 1685 2525 non
1741 2474 1901 2545 dico,
1962 2480 2030 2537 Ut

453 2543 561 2584 non
607 2543 861 2603 gravetur
899 2542 1167 2611 ecclesia;
1222 2551 1356 2619 sed,
1400 2552 1467 2610 Ut
1502 2568 1555 2613 tu
1597 2578 1701 2615 non
1749 2571 2023 2634 graveris:

451 2620 551 2676 hac
574 2625 714 2681 enim
742 2631 1147 2694 ratiocinatione
1175 2642 1305 2698 nihil
1331 2645 1525 2716 facies,
1555 2657 1728 2710 omnia
1758 2660 1805 2715 ei
1835 2665 2024 2718 remit-

452 2722 589 2769 tens.
622 2715 746 2774 Ideo
765 2737 1048 2784 commune
1074 2731 1401 2794 domicilium
1426 2753 1507 2798 est
1532 2750 1598 2801 ab
1619 2748 1856 2808 Ecclesia
1884 2761 2019 2813 assi-

447 2815 700 2874 gnatum,
732 2823 787 2865 ut
819 2813 933 2871 bmc
974 2835 1077 2875 non
1108 2822 1275 2880 dicas.
1316 2829 1420 2885 Sed
1451 2847 1692 2906 sumptus
1724 2842 1884 2900 habet
1928 2864 2021 2904 ec-

449 2898 614 2954 clesia
637 2941 652 2968 ,
678 2902 887 2976 inquies
913 2928 927 2964 :
950 2916 1204 2981 pecunias
1227 2918 1387 2977 habet
1413 2935 1465 2979 et
1490 2930 1712 2986 reditus.
1745 2936 1838 2991 Die
1865 2940 2018 3007 mihi,

446 3004 514 3045 an
557 3008 799 3065 sumptus
828 3018 929 3056 non
963 3004 1156 3063 habet?
1185 3017 1545 3082 quotidianam
1594 3039 1881 3095 expensam
1914 3050 2017 3089 non

446 3081 645 3139 habet?
674 3087 868 3158 Etiam,
901 3093 1126 3166 inquies.
1158 3081 1269 3158 Cur
1292 3122 1420 3179 ergo
1443 3126 1547 3166 non
1576 3115 1795 3185 adjuvas
1819 3124 2019 3180 medio-

442 3176 683 3233 critatem
715 3182 873 3251 ejus?
916 3187 999 3243 Me
1030 3193 1192 3259 pudet
1222 3195 1337 3252 tunc
1363 3199 1543 3257 dicere
1574 3222 1586 3257 :
1617 3217 1870 3265 caeterum
1910 3232 2016 3273 non

440 3279 591 3340 cogo.
620 3271 677 3326 Si
702 3276 821 3344 quis
848 3288 995 3346 putat
1022 3281 1229 3339 lucrum
1258 3302 1379 3344 esse
1407 3306 1527 3361 qua:
1552 3294 1818 3367 dicuntur,
1857 3304 2017 3364 faciat

441 3360 538 3416 sibi
580 3368 967 3425 xenodochium
1007 3373 1063 3428 iu
1108 3377 1268 3432 domo
1304 3397 1321 3447 ;
1372 3360 1529 3440 isthic
1572 3387 1765 3448 lectum
1802 3405 2012 3469 statue,

441 3452 598 3508 isthic
636 3471 881 3513 mensam
912 3470 967 3514 et
1016 3464 1308 3524 lucernam.
1351 3472 1631 3541 Quomodo
1670 3498 1774 3536 non
1819 3486 2011 3543 absur-

438 3541 562 3596 dum
590 3543 785 3614 fuerit,
813 3552 859 3604 si
885 3555 1099 3609 veniant
1128 3559 1323 3617 milites
1344 3605 1359 3630 ,
1392 3564 1591 3625 habere
1617 3587 1713 3629 vos
1741 3578 2009 3648 assignata

442 3632 732 3704 domicilia,
761 3655 1004 3713 magnam
1049 3663 1238 3716 gerere
1283 3670 1501 3725 curam,
1551 3665 1835 3739 omniaque
1884 3674 2011 3741 ipsis

437 3723 836 3787 subministrare
856 3773 871 3800 ,
921 3738 1043 3806 quia
1074 3741 1147 3794 illi
1176 3744 1373 3802 bellum
1405 3723 1506 3808 hoc
1532 3723 1785 3817 sensibile
1814 3723 2008 3835 depcl-

441 3814 555 3871 lunt
586 3834 600 3873 :
633 3818 870 3890 hOSpites
901 3842 1028 3883 vero
1052 3873 1067 3898 ,
1108 3833 1193 3888 ubi
1233 3836 1592 3912 diversentur,
1626 3868 1733 3906 non
1765 3853 2008 3912 habere?

437 3906 595 3964 Vince
620 3911 923 3973 ecclesiam.
968 3918 1058 3977 Vis
1103 3940 1201 3981 nos
1250 3930 1442 3989 rubore
1487 3938 1850 4006 perfundere?
1893 3946 2007 4005 Hoc

436 3998 549 4054 fac:
580 4001 901 4065 liberalitate
927 4026 1120 4082 supera
1155 4034 1167 4071 :
1203 4017 1337 4077 habe
1368 3998 1693 4087 domicilium
1719 3998 2007 4105 qtioCiiri-

428 4100 542 4145 stus
574 4092 873 4155 diversetur
899 4120 914 4158 :
941 4103 1063 4171 dic,
1089 4106 1213 4164 Haec
1257 4123 1341 4166 est
1379 4118 1566 4173 cellula
1606 4123 1842 4192 Christi;
1890 4129 2004 4187 hanc

426 4181 615 4238 domus
641 4185 717 4241 illi
747 4193 979 4261 seposita
1008 4208 1091 4252 est
1117 4217 1130 4250 :
1158 4203 1372 4259 etiamsi
1404 4209 1508 4264 vile
1534 4212 1860 4273 domicilium
1888 4223 1997 4292 sit,

429 4287 532 4328 non
575 4275 913 4349 dedignatur.
955 4287 1140 4343 Nudus
1170 4301 1224 4346 et
1267 4296 1461 4365 hospes
1498 4300 1740 4361 Christus
1766 4309 1996 4382 circuit,

428 4376 567 4421 tecto
592 4370 766 4425 solum
802 4390 966 4445 egens
995 4395 1009 4432 :
1041 4382 1230 4438 saltem
1259 4387 1380 4443 huic
1409 4406 1599 4460 przesta
1633 4416 1648 4455 :
1680 4416 1747 4456 ne
1774 4404 1848 4458 sis
1872 4421 1994 4462 cru-

420 4453 554 4508 delis
580 4471 680 4512 nec
706 4460 1024 4521 inhumanus
1044 4508 1059 4533 ,
1088 4486 1262 4542 neque
1288 4478 1339 4531 in
1369 4482 1529 4537 rebus
1554 4492 1900 4550 szecularibus
1924 4498 1995 4554 ita

421 4544 743 4618 vehemens,
776 4553 827 4608 in
864 4558 1229 4625 spiritualibns
1258 4585 1385 4625 vero
1421 4573 1664 4647 frigidus.
1708 4584 1818 4640 Hoc
1842 4603 1992 4644 com-

419 4637 655 4694 mittatur
678 4643 877 4701 famulo
917 4654 1154 4709 omnium
1185 4658 1500 4720 fidelissimo
1521 4710 1533 4732 ,
1583 4683 1636 4726 et
1662 4675 1706 4727 is
1732 4680 1948 4737 mutilos
1971 4725 1986 4751 ,

421 4728 652 4751 ----—J!--
669 4747 690 4751 λ
774 4750 777 4751 ν
796 4747 807 4751 -
1078 4745 1089 4751 ‘
1164 4749 1171 4751 “

1522 4728 1531 4732 -
1796 4728 1947 4737 ν---ςν-
1971 4728 1986 4751 ι

420 4728 729 4806 mendicos,
759 4747 814 4792 et
838 4754 931 4795 eos
956 4782 972 4806 ,
1002 4745 1091 4815 qui
1131 4749 1247 4806 sine
1275 4762 1414 4809 tecto
1462 4772 1585 4816 sunt
1606 4804 1620 4827 ,
1667 4764 1986 4830 introducat.

414 4819 538 4877 Hatc
562 4822 683 4881 dico
702 4867 718 4894 ,
752 4841 809 4883 ut
840 4832 907 4887 ad
936 4837 1193 4906 pudorem
1223 4862 1485 4905 moveam.
1529 4854 1816 4926 Oporteret
1842 4869 1984 4924 enim

411 4930 625 4973 δυηυηι
648 4919 791 4978 domi
822 4924 942 4982 “'05
971 4934 1246 5002 τεοῖρθτθς
1287 4942 1370 4995 sin
1401 4946 1574 5015 nolis,
1603 4953 1789 5009 saltem
1821 4959 1980 5029 infra,

411 5008 499 5062 ubi
535 5012 682 5078 tnuli,
725 5015 812 5070 ubi
848 5016 1054 5091 famuli,
1078 5024 1342 5087 Christum
1368 5039 1564 5108 recipe.
1606 5043 1763 5103 Forte
1789 5052 1982 5109 exhor-

412 5102 617 5157 rescitis
640 5106 941 5167 audientes.
982 5115 1118 5182 Quid
1149 5137 1274 5193 ergo
1304 5167 1320 5191 ,
1350 5130 1395 5182 si
1423 5102 1496 5187 ne
1518 5134 1637 5192 hate
1657 5102 1868 5211 quidem
1899 5151 1977 5205 fe-

409 5193 587 5248 ceritis
608 5197 633 5248 ἲ
656 5198 794 5256 Ecce
818 5202 1020 5274 hortor,
1052 5228 1178 5269 ecce
1205 5218 1325 5276 dico
1358 5241 1371 5275 :
1404 5226 1515 5283 lloc
1539 5234 1689 5289 vobis
1715 5253 1856 5296 curae
1885 5245 1974 5300 sit.

411 5287 477 5339 At
500 5287 577 5343 sic
609 5304 713 5345 non
740 5296 940 5352 vultis?
967 5302 1105 5373 Ergo
1129 5309 1235 5366 alio
1262 5318 1418 5373 modo
1449 5320 1607 5382 facite
1630 5346 1643 5382 :
1668 5343 1791 5387 sunt
1820 5338 1971 5393 multi

1262 244 1319 300 S.
1357 247 1629 307 JOANNIS
1666 253 2128 319 CHRYSOSTOMI
2168 269 2476 330 ARCillEP.
2519 279 3036 354 CUNSTANTINOP.

3649 323 3747 378 520

2178 397 2436 452 pauperes
2468 395 2741 470 utriusque
2765 420 2925 465 sexus
2957 428 2972 466 :
3001 427 3275 488 segregate
3299 427 3521 483 omnino
3541 472 3557 489 .
3592 446 3647 487 nt
3679 438 3744 491 ibi

2322 476 2333 487 .

3062 470 3090 484 υ
3134 470 3273 488 ir.--
3304 470 3519 483 ---η-...ν
3541 472 3557 489 ς
3592 470 3647 487 ιιι
3679 470 3744 491 tu:

2172 470 2364 542 aliquis
2389 494 2639 541 maneat:
2666 491 2735 546 sit
2763 496 2951 555 saltem
2981 503 3169 561 domus
3193 521 3372 570 custos
3401 531 3606 589 pauper
3636 543 3650 579 :
3680 528 3746 583 sit

2172 564 2263 589 HL:
2294 584 2377 589 μ--
2539 587 2546 589 ~

3210 564 3215 565 ν
3263 564 3370 570 μ--
3401 564 3596 589 pur...
3636 566 3650 579 .
3680 564 3745 583 ο..

2172 564 2263 619 tibi
2292 584 2472 628 murus
2498 587 2552 631 et
2576 595 2732 653 sepes
2754 627 2769 651 ,
2803 602 3009 648 scutum
3039 606 3094 652 et
3120 599 3294 658 hasta.
3337 606 3436 663 Ubi
3463 624 3546 666 est
3607 617 3745 674 eice-

2168 673 2386 732 mosyna
2408 706 2423 732 ,
2452 682 2516 723 eo
2542 688 2646 728 non
2672 680 2831 737 audet
2854 688 3111 747 accedere
3136 694 3399 766 diabolus,
3428 719 3604 776 neque
3632 727 3740 765 ma-

2168 748 2272 776 lum
2316 758 2499 776 ----³γ·
2642 768 2683 776 “·

3228 748 3251 751 ἡ
3269 748 3399 766 ηπ,
3428 748 3604 776 .....,....
3632 748 3737 765 ....-

2168 748 2274 806 lum
2304 758 2608 830 quodpiam.
2640 768 2750 833 Ne,
2784 790 2999 843 quaeso,
3029 782 3386 853 despiciamus
3418 805 3623 854 tantum
3656 804 3737 857 lu-

2164 855 2331 899 crum.
2361 847 2512 907 Nunc
2538 871 2663 912 vero
2687 868 2861 919 currui
2883 870 3096 938 quidem
3123 879 3423 950 assignatus
3450 888 3599 945 locus
3628 906 3727 963 est,

2164 941 2211 963 οι
2238 933 2494 963 Ιὶηι-ιΙΑ-...ΣΑ
2520 945 2581 963 ,ιο
2697 951 2751 963 η.
2803 956 2815 963 .

2900 933 2913 938 _
3234 933 3420 950 νη---
3450 933 3599 945 ην..-
3628 933 3727 963 μη,

2163 941 2216 983 et
2234 933 2497 997 basternis
2515 945 2669 1016 alius;
2692 951 2903 1012 Christo
2921 972 3097 1019 autem
3120 975 3317 1027 erranti
3345 978 3542 1034 nullus.
3569 986 3735 1042 Abra-

2162 1025 2282 1078 hatn
2333 1028 2418 1084 ubi
2450 1033 2563 1103 ipse
2604 1045 2888 1116 manebat,
2929 1051 3002 1106 ibi
3047 1056 3285 1128 hospites
3326 1069 3653 1140 recipiebat;
3683 1091 3733 1133 et

2161 1128 2290 1169 uxor
2314 1123 2464 1188 quasi
2492 1130 2683 1185 ancilla
2709 1138 2918 1207 stabat,
2948 1142 3022 1198 illi
3048 1123 3177 1203 vero
3203 1156 3352 1222 quasi
3383 1123 3605 1219 domini.
3632 1123 3731 1224 ἀε-

2905 1204 2912 1207 v
3214 1204 3352 1222 τη--
3385 1204 3605 1219 -ν........
3632 1204 3726 1224 ..υ-

2158 1204 2435 1287 sciebatse
2456 1212 2744 1290 Christum,
2763 1242 2822 1282 se
2847 1234 3065 1301 angelos
3088 1240 3366 1311 recipere;
3391 1248 3434 1303 si
3461 1254 3726 1325 scivissct,

3120 1568 3142 1585 τ
3162 1568 3199 1571 --
3220 1568 3267 1574 νγ
3300 1568 3369 1578 --.
3396 1568 3551 1584 ...υ-ιι
3574 1568 3719 1603 auus,

2152 1568 2395 1643 inquies,
2445 1577 2762 1656 deceptores
2803 1605 2858 1651 et
2902 1600 3113 1672 ingrati.
3155 1610 3222 1665 Et
3263 1613 3384 1670 hinc
3417 1622 3507 1675 tibi
3554 1630 3724 1696 major

2152 1674 2350 1696 [nor-nnc
2400 1674 2605 1696 ι---ιι-ηᾸΑ
2759 1685 2770 1695 ⁸
2873 1688 2924 1696 “““
2980 1693 2989 1696 ’

3473 1674 3477 1675 ν
3554 1674 3709 1696 ---ην

2146 1674 2372 1734 merces,
2399 1674 2611 1739 quando
2632 1685 2843 1740 nomine
2866 1688 3063 1749 Christi
3087 1699 3304 1770 accipis.
3334 1706 3389 1761 Si
3426 1715 3569 1767 nasti
3604 1732 3720 1775 esse

2148 1750 2331 1775 ad“
2720 1773 2726 1775 _

3107 1750 3304 1770 ,--_r---
3334 1750 3389 1761 ν.
3426 1750 3569 1767 navas:
3604 1750 3718 1775 U335

2145 1750 2492 1827 deceptores,
2526 1782 2592 1821 ne
2623 1773 2799 1842 recipe
2827 1776 3009 1850 domi;
3050 1788 3132 1842 sin
3160 1806 3265 1848 non
3295 1801 3471 1868 nosti,
3506 1820 3605 1861 cur
3639 1820 3718 1866 te-

2144 1860 2291 1902 mere
2326 1858 2587 1911 accusas?
2636 1861 2758 1919 ldeo
2801 1867 2959 1939 dico,
2991 1875 3131 1935 Eant
3200 1884 3253 1939 in
3300 1893 3713 1957 xenodocbium.

2143 1938 2270 2001 Qum
2300 1956 2427 1998 vero
2452 1948 2715 2024 defensio,
2749 1964 2960 2029 quando
2982 1984 3049 2024 ne
3074 1988 3166 2029 eos
3196 1979 3431 2051 quidem,
3460 2004 3596 2056 quos
3623 2009 3715 2049 no-

3203 2029 3431 2051 1—'-""!
3461 2029 3596 2056 Ὶννσ
3623 2029 3714 2049 ¹ὐ“

2140 2029 2348 2099 vimus,
2395 2042 2718 2115 recipimus,
2761 2053 2856 2108 sed
2901 2063 3146 2120 omnibus
3191 2070 3330 2128 fores
3377 2078 3714 2141 claudimus?

2140 2116 2215 2141 Ως.
2237 2122 2305 2141 tu,
2347 2126 2359 2136 ο
2396 2128 2427 2141 -·
2580 2134 2591 2141 ·
2668 2138 2679 2141 -

3091 2116 3143 2120 ν-
3191 2116 3330 2128 --.νυ
3378 2116 3674 2139 νιιιυυιιιιυθ
3694 2116 3707 2141 ἔ

2139 2116 2218 2173 Sit
2237 2122 2428 2181 Christi
2454 2134 2820 2200 pandocheum
2850 2160 3031 2206 nostra
3056 2154 3245 2215 domus
3269 2180 3283 2216 :
3310 2177 3620 2234 repetamus
3646 2177 3712 2232 ab

2139 2208 2238 2234 :Ilt-
2265 2230 2306 2234 μ-
2327 2231 2338 2234 -
2459 2222 2470 2234 ι

3104 2208 3243 2215 κατ---
3269 2208 3282 2216 .
3311 2208 3620 2234 -νγνυυιιιυδ
3646 2208 3704 2232 «ευ

2139 2208 2242 2267 illis
2262 2222 2578 2292 mercedem,
2610 2244 2713 2284 non
2744 2249 3042 2309 argentum,
3070 2249 3163 2302 sed
3186 2261 3241 2305 ut
3265 2253 3460 2314 faciant
3487 2262 3704 2322 domum

2136 2314 2370 2361 nostram
2398 2311 2596 2372 Christi
2626 2330 3017 2394 receptaculum
3051 2353 3064 2388 :
3092 2340 3578 2410 circumcurscmus
3605 2375 3705 2413 uu-

2145 2394 2186 2413 ,,
2436 2406 2448 2413 .

3184 2394 3578 2410 -,,__-—-vv-uuuo
3605 2394 3705 2413 ull—

2136 2394 2316 2469 dique,
2352 2406 2641 2480 trahantus,
2670 2431 2915 2477 venatum
2942 2429 3265 2498 abripiamus
3293 2454 3305 2489 τ
3334 2443 3507 2511 majus
3540 2448 3706 2504 bene-

2136 2491 2212 2511 η,
2434 2501 2444 2511 .
2490 2503 2499 2511 .

3060 2491 3075 2498 -
3337 2491 3505 2511 ""1"
3540 2491 3697 2504 "vn",

2132 2491 2305 2549 ﬁcium
2336 2501 2656 2574 accipimus,
2698 2525 2855 2579 quam
2882 2515 3088 2575 damus.
3135 2524 3247 2581 Non
3272 2529 3434 2599 jubeo
3464 2552 3697 2598 mactare

2133 2586 2351 2643 vitulum
2385 2612 2397 2645 :
2432 2594 2497 2649 da
2530 2612 2717 2666 panem
2762 2613 2973 2676 egenti,
3028 2630 3225 2674 veSIem
3267 2626 3445 2692 nudo,
3500 2641 3697 2691 tectum

2133 2676 2348 2749 hospiti.
2372 2684 2450 2742 Ne
2476 2700 2650 2746 autem
2680 2695 2793 2751 hare
2825 2714 3102 2776 praetextas,
3132 2710 3229 2766 Est
3253 2714 3577 2777 domicilium
3618 2740 3700 2782 eo-

2127 2770 2303 2828 clesia:
2347 2792 2665 2853 commune;
2711 2790 2835 2847 illuc
2892 2796 3118 2867 mittito,
3182 2815 3235 2859 et
3305 2819 3359 2862 tu
3411 2818 3696 2886 suscipies.

2130 2860 2253 2886 Νη---
2316 2869 2366 2886 PII
2495 2876 2524 2886 ν·

3105 2860 3115 2867 ,
3309 2860 3358 2862 ﬁ
3412 2860 3695 2886 __--.,.......

2126 2860 2256 2918 Nam
2315 2869 2403 2924 ille
2456 2876 2613 2931 etiam
2664 2895 2886 2953 eorum,
2933 2904 3049 2957 qua:
3086 2908 3117 2946 a
3165 2895 3374 2956 famulis
3418 2918 3535 2959 aeta
3583 2910 3695 2964 fue-

2129 2969 2289 3026 rant,
2340 2968 2639 3024 mercedem
2685 2973 2885 3031 habuit.
2940 2980 3014 3035 ita
3064 2997 3217 3042 erant
3271 2992 3498 3052 instituti
3558 3001 3695 3057 illius

2125 3051 2275 3117 pueri
2315 3070 2328 3105 :
2359 3059 2683 3130 currebant,
2733 3082 2831 3121 nec
2877 3082 3280 3137 murmurabant
3318 3087 3458 3142 sicut
3486 3096 3690 3161 n0stri;

2124 3142 2243 3200 illos
2262 3150 2400 3203 enim
2430 3154 2543 3220 pios
2564 3159 2899 3220 reddiderat:
2922 3169 2970 3223 in
3000 3172 3193 3228 bellum
3221 3182 3396 3246 traxit,
3426 3201 3523 3241 nec
3547 3204 3689 3243 mur-

2122 3238 2420 3306 murabant;
2452 3245 2521 3299 ita
2546 3249 2842 3324 philosophi
2867 3274 3037 3315 erant.
3066 3264 3311 3324 Omnium
3335 3276 3477 3330 enim
3507 3293 3679 3334 curam

2123 3328 2345 3394 gerebat
2389 3345 2443 3386 ut
2472 3340 2553 3392 sui
2581 3340 2743 3409 ipsius
2772 3362 2787 3399 :
2817 3363 2880 3403 ac
2915 3354 3024 3408 fere
3045 3396 3061 3421 ,
3096 3368 3152 3411 ut
3180 3358 3280 3416 Job
3310 3363 3516 3421 dicebat
3545 3386 3558 3422 :
3588 3371 3677 3424 Si-

2120 3416 2302 3471 militer
2330 3424 2533 3490 formati
2562 3445 2734 3487 sumus
2761 3436 2810 3490 in
2836 3442 3009 3496 eodem
3036 3459 3199 3502 ventre
3227 3452 3351 3521 (Job
3388 3459 3474 3514 55.
3502 3463 3577 3533 6).

2198 3509 2317 3533 DA.“
2338 3531 2347 3533 μ
2384 3517 2414 3533 -'
2766 3528 2775 3533 ⁸
2833 3532 2837 3533 ν

3232 3509 3245 3521 1
3395 3509 3411 3512 '
3427 3509 3473 3514 "
3508 3509 3577 3533 'I'

2189 3509 2585 3574 Domesticorum
2608 3540 2728 3579 cura
2754 3528 3001 3589 habenda.
3027 3568 3098 3578 —-
3122 3542 3304 3613 Itaque
3329 3560 3384 3603 et
3412 3568 3507 3609 nos
3532 3571 3687 3615 cure-

2117 3617 2238 3658 mus
2260 3608 2484 3665 salutem
2511 3627 2776 3687 nostram,
2803 3634 2857 3678 et
2899 3642 3142 3698 magnam
3171 3636 3461 3699 habeamus
3504 3649 3685 3708 dome-

2115 3698 2371 3754 sticormn
2404 3705 2835 3782 sollicitudinem,
2874 3728 2931 3772 ut
2956 3723 3061 3777 sint
3093 3729 3243 3794 probi
3274 3742 3327 3786 et
3358 3737 3546 3806 vigiles
3573 3761 3586 3797 :
3618 3749 3686 3802 sit

2114 3788 2273 3843 etiam
2304 3792 2628 3856 domesticus
2664 3815 2845 3862 noster
2885 3811 2937 3865 in
2968 3813 3030 3867 iis
3053 3856 3068 3881 ,
3100 3834 3216 3887 qua:
3244 3823 3308 3877 ad
3342 3826 3509 3884 Deum
3561 3850 3683 3904 spe-

2113 3890 2279 3948 etant,
2310 3886 2598 3949 institutus.
2639 3895 2752 3951 Non
2772 3902 2873 3955 erit
2902 3914 3084 3973 postea
3114 3912 3279 3971 virtus
3308 3921 3463 3975 nobis
3492 3925 3683 3983 dilfici-

2112 3973 2176 4026 lis
2200 4015 2215 4037 ,
2247 3976 2291 4029 si
2322 3978 2442 4034 illos
2468 3984 2633 4050 probe
2661 3988 3018 4051 instituamus.
3055 4000 3206 4057 Sicut
3245 4010 3387 4063 enim
3417 4014 3470 4066 in
3498 4015 3637 4071 bello
3661 4062 3677 4087 ,

2110 4082 2231 4120 cum
2263 4072 2458 4128 milites
2483 4088 2607 4131 sunt
2630 4079 2768 4137 bene
2804 4086 3032 4145 ordinati
3059 4135 3075 4159 ,
3121 4095 3225 4151 dux
3255 4099 3411 4159 facile
3439 4121 3676 4179 pugnat;

2108 4167 2291 4213 contra
2322 4178 2447 4218 vero
2471 4205 2486 4229 ,
2518 4167 2562 4221 si
2590 4184 2695 4226 non
2724 4174 2797 4230 ita
2824 4178 2892 4231 sit
2925 4196 2938 4234 :
2970 4186 3143 4241 nautis
3175 4190 3299 4244 item
3327 4202 3677 4256 consentien-

2110 4249 2248 4304 tibus
2273 4293 2286 4317 ,
2318 4254 2638 4322 gubernator
2678 4265 2829 4322 nullo
2869 4277 3080 4343 negotio
3113 4280 3468 4348 gubernacula
3496 4295 3668 4363 regit:

2943 4339 2964 4343 ν
3113 4339 3141 4348 ν
3362 4339 3371 4340 ί
3393 4339 3468 4343 ⁷⁷⁷*
3496 4339 3509 4344 ⁷
3531 4339 3632 4363 '0"
3654 4339 3668 4349 '

2108 4339 2176 4395 ita
2206 4344 2249 4396 si
2277 4344 2380 4400 sint
2409 4347 2589 4405 famuli
2613 4363 2757 4412 recte
2786 4359 3029 4431 instituti,
3064 4384 3168 4425 non
3200 4372 3356 4432 facile
3382 4386 3672 4441 exacerba-

2104 4431 2245 4487 beris
2267 4476 2283 4500 ,
2319 4453 2420 4492 non
2448 4441 2750 4515 ehjurgabis
2770 4491 2786 4517 ,
2818 4468 2923 4509 non
2952 4457 3198 4517 irasceris
3222 4505 3237 4527 ,
3267 4482 3373 4523 non
3403 4478 3669 4533 convicia-

2106 4522 2266 4578 bcris.
2306 4527 2447 4585 Fieri
2474 4550 2684 4604 quoque
2716 4553 2925 4612 potest,
2978 4562 3035 4603 ut
3064 4552 3288 4614 famulos
3332 4572 3634 4625 reverearis
3656 4614 3673 4637 ,

3335 4615 3342 4616 ,
3373 4615 3384 4617 ἡ
3436 4615 3633 4625 -----..-
3656 4615 3669 4637 ,

2099 4615 2143 4666 si
2171 4617 2277 4671 sint
2306 4620 2644 4685 admirabiles
2678 4650 2689 4684 :
2720 4634 2923 4706 ipsique
2952 4649 3002 4696 te
3027 4642 3286 4713 juvabunt
3307 4694 3322 4719 ,
3352 4664 3408 4709 et
3436 4660 3501 4711 ad
3532 4660 3669 4716 bona

2100 4703 2468 4767 hortabuntur.
2509 4717 2591 4772 Ab
2618 4719 2699 4776 bis
2725 4703 2898 4782 autem
2928 4737 3172 4792 omnibus
3198 4746 3375 4800 omnia
3417 4748 3527 4805 Deo
3560 4754 3670 4821 pla-

3350 4797 3375 4800 ,_
3417 4797 3447 4801 _
3465 4797 3522 4805 η
3560 4797 3642 4821 ,-...

2097 4797 2199 4851 cita
2221 4812 2395 4870 erunt,
2420 4817 2472 4859 et
2498 4809 2575 4863 sic
2607 4821 2712 4868 tota
2735 4816 2923 4877 donms
2946 4823 3252 4895 implebitur
3272 4834 3663 4910 benedictione,

2094 4899 2149 4945 et
2174 4892 2252 4948 sic
2273 4909 2335 4949 ea
2359 4938 2373 4961 ,
2403 4915 2518 4967 qua:
2550 4903 2657 4958 Deo
2685 4908 2926 4978 placent,
2960 4915 3214 4977 facientes
3238 4963 3255 4991 ,
3285 4943 3480 4999 magno
3514 4934 3661 4991 frue-

2092 4997 2211 5036 mur
2229 5001 2459 5055 superuo
2480 4997 2729 5062 praesidio
2757 5021 2770 5056 :
2795 5006 2933 5072 quod
2956 5024 3060 5064 non
3083 5028 3271 5073 omnes
3293 5027 3507 5096 assequi
3533 5044 3655 5085 con-

2091 5073 2289 5144 tingat,
2339 5084 2505 5150 gratia
2554 5098 2609 5142 et
2685 5092 3007 5164 benignitate
3056 5104 3264 5165 Domini
3314 5073 3661 5178 nostjrivJesu

2086 5165 2281 5223 Christi
2306 5212 2320 5237 ,
2351 5176 2563 5243 quicum
2595 5181 2736 5239 Patri
2766 5197 2820 5240 et
2846 5186 3066 5259 Spiritui
3095 5211 3283 5257 sancto
3308 5206 3478 5275 gloria
3504 5253 3519 5276 ,
3553 5213 3656 5269 im-

2084 5260 2286 5326 perium
2311 5305 2327 5331 ,
2364 5266 2557 5339 honor,
2590 5290 2727 5331 nunc
2749 5287 2807 5334 et
2833 5295 3064 5355 semper,
3095 5299 3150 5345 et
3176 5291 3229 5347 in
3255 5299 3453 5355 swcula
3478 5317 3649 5360 strea-

2082 5349 2273 5409 lorum.
2313 5358 2506 5417 Amen.
