3920 6224
143 323 227 378 319
1240 319 1310 374 IN
1348 320 1526 374 ACTA
1565 319 2104 378 APOSTOLORUM.
2131 322 2368 380 HOMIL.
2408 324 2568 381 XLV.

191 439 244 491 δ’.
260 435 438 490 Πάντα
471 437 580 506 γὰρ
594 435 767 489 ταῦτα
782 435 865 490 δεῖ
880 435 970 489 τὸν
988 434 1264 503 ξενίζοντα
1280 436 1422 506 ἔχειν
1443 453 1455 464 ·
1483 437 1544 489 16
1565 436 1764 507 πρόθυ-

143 542 236 595 μον,
279 524 338 576 τὸ
381 523 629 595 φαιδρὸν,
676 523 738 575 16
769 523 1016 592 ἄφθονον.
1064 523 1127 577 Ἦ
1163 525 1272 595 γάρ
1312 524 1406 575 τοῦ
1443 523 1590 590 ξένου
1618 522 1763 593 ψυχὴ

139 613 329 684 ἐρυθριᾷ
348 613 440 666 καὶ
460 609 775 682 αἰσχύνεται
791 628 802 639 ο
827 610 927 664 κᾶν
951 611 1025 682 μὴ
1051 609 1170 681 μεθ’
1192 609 1494 680 ὑπερϐολῆς
1519 610 1761 681 ἐπιδείξῃ

138 702 297 772 χαρὰν,
336 700 410 762 ῶς
446 698 738 769 ἀλογηθείς
769 698 1196 764 ἀπαλλάσσεται,
1237 697 1333 752 καὶ
1367 697 1550 751 λοιπὸν
1583 700 1762 769 χεῖρον

134 792 292 856 γέγονε
308 800 332 827 ι
354 786 446 841 τοῦ
477 786 555 859 μὴ
579 785 941 853 ὑποδέξασθαι
970 784 1030 837 16
1055 784 1228 848 οὕτως
1257 784 1632 854 ὑπώεχθῆναιέ
1665 786 1762 838 Διά

132 881 263 933 τοῦτο
299 881 612 948 προσκυνεῖ,
654 877 742 930 δια
767 875 925 930 τοῦτο
959 875 1038 945 τῷ
1059 876 1200 945 λόγῳ
1227 876 1456 944 δέχεται,
1496 875 1582 927 διὰ
1608 874 1762 927 τοῦτο

130 970 184 1035 τῇ
208 965 446 1036 καθέδρα.
475 963 571 1026 Τίς
597 964 704 1032 γάρ
736 963 801 1016 ἀν
823 963 1099 1034 ἠπορήθη,
1121 963 1275 1025 εἰδὼς
1297 963 1378 1014 ὅτι
1417 961 1576 1014 τοῦτο
1604 961 1760 1032 ἔργον

130 1053 253 1122 αὐτῷ
279 1047 374 1122 ἦνς
433 1050 576 1104 Ἀλλ’
606 1051 707 1103 οὐκ
741 1050 833 1102 ἐπὶ
866 1048 1020 1120 ξένης
1050 1049 1216 1118 ἐσμὲν
1250 1051 1436 1118 ἡμεῖς;
1491 1047 1630 1100 Ἀλλ’
1668 1049 1762 1100 ἐάν

130 1137 354 1208 θέλωμεν,
397 1136 744 1208 δυνησόμεθα
783 1137 947 1189 αὐτὸν
996 1135 1360 1206 μιμήσασθαι.
1408 1135 1570 1189 Πόσοι
1621 1134 1761 1199 ξένοι

128 1228 214 1278 εἰσί
240 1225 339 1278 τῶν
363 1225 646 1294 ἀδελφῶνς
684 1225 870 1277 Ἔστιν
895 1224 1099 1294 οἴκημα
1129 1223 1305 1276 κοινὸν
1329 1225 1362 1293 ἠ
1397 1222 1673 1293 ἐκκλησία,
1702 1221 1761 1275 ὃν

127 1313 297 1378 ξενῶνα
327 1311 635 1381 καλοῦμεν·
677 1309 1098 1382 περιεργάζεσθε
1129 1311 1222 1363 καὶ
1257 1311 1432 1380 ὑμεῖς,
1465 1309 1760 1374 καθέζεσθε

127 1404 250 1470 παρά
286 1401 382 1463 τὰς
419 1398 615 1470 θύρας,
648 1400 774 1460 106;
803 1399 1128 1468 ἐρχομένους
1161 1396 1516 1468 ὑποδέχεσθε·
1546 1397 1646 1450 κᾶν
1685 1397 1760 1467 μὴ

125 1491 191 1551 εἰς
209 1488 293 1552 τάς
317 1487 492 1550 οἰκίας
519 1486 675 1556 ὑμῶν
704 1485 990 1556 βούλησθε,
1023 1485 1136 1537 ἀλλ’
1169 1484 1368 1555 ἑτέρως
1391 1483 1459 1537 τά
1488 1483 1624 1555 πρὸς
1661 1484 1760 1548 τὰς

124 1576 282 1643 χρείας
315 1576 497 1636 αὐτοῖς
534 1571 684 1645 [543]
715 1571 1096 1643 χορηγοῦντες.
1126 1571 1192 1623 Τί
1219 1571 1357 1644 γάρ;
1391 1573 1425 1639 ἡ
1466 1570 1760 1642 Ἐκκλησία

119 1666 204 1716 οὐκ
229 1665 363 1732 εχει;
401 1663 587 1732 φησίν.
626 1661 814 1730 Ἔχει·
855 1659 989 1713 ἀλλά
1027 1659 1079 1712 τί
1119 1658 1277 1712 τοῦτο
1313 1658 1448 1729 πρὸς
1476 1658 1649 1728 ὑμᾶςς
1684 1658 1758 1729 μὴ

117 1752 169 1803 :6
191 1752 292 1802 ἀπὸ
313 1749 418 1803 τῶν
445 1748 637 1802 κοινῶν
661 1748 765 1816 τῆς
807 1747 1132 1815 Ἐκκλησίας
1153 1745 1442 1816 τρέφεσθαι
1463 1762 1566 1816 χρη
1576 1747 1758 1815 μάτων

112 1839 323 1900 αότοὺς,
371 1835 522 1889 τοῦτο
561 1837 706 1906 ὑμᾶς
754 1833 1034 1904 ὠφελῆσαι
1082 1833 1333 1896 δύναται;
1387 1833 1462 1904 μὴ
1509 1833 1638 1902 γὰρ,
1693 1831 1759 1885 ἂν

110 1926 287 1994 ἕτερος
311 1922 548 1994 εῦχηται,
576 1922 642 1976 a6
669 1923 769 1975 οὐκ
794 1921 1026 1988 ὀφείλεις
1058 1918 1314 1989 εὔχεσθαι
1335 1935 1350 1982 ;
1375 1917 1462 1970 διὰ
1489 1919 1541 1970 τί
1571 1919 1644 1989 μὴ
1672 1918 1759 1971 λέ-

107 2029 246 2079 γεις·
283 2012 337 2065 τί
372 2011 516 2082 γάρ;
551 2011 651 2064 οὐκ
680 2009 932 2079 εὖχονται
967 2009 1014 2061 οἰ
1050 2009 1246 2077 ἰερεῖς;
1277 2005 1389 2074 ἐγὼ
1409 2005 1461 2059 τί
1494 2006 1755 2076 εὖχομαι;

117 2099 243 2151 Ἀλλ’
284 2098 416 2166 ἐγὼ,
458 2099 614 2167 φησί,
659 2096 854 2165 δίδωμι
884 2094 962 2165 τῷ
993 2093 1067 2166 μὴ
1107 2093 1386 2164 δυναμένῳ
1421 2093 1758 2163 καταχθῆναι

105 2188 220 2242 ἐκεῖ.
243 2188 342 2250 A6;
375 2187 480 2240 xiv
512 2185 726 2254 ἐκείνῳ·
759 2183 820 2237 16
846 2183 953 2253 γὰρ
987 2181 1419 2252 σπουδαζόμενον
1445 2182 1577 2252 ἡμῖν
1603 2180 1758 2234 τοῦτό

105 2274 225 2336 ἐστι,
255 2272 320 2326 16
356 2273 498 2336 ὅλως
542 2271 748 2325 δοῦναι.
788 2270 1071 2332 ¹Ἄκουσον,
1121 2268 1172 2321 τί
1223 2285 1388 2337 φησιν
1435 2269 1464 2320 6
1513 2266 1754 2331 Παῦλος·

106 2361 214 2412 'lra
241 2359 372 2426 ταῖς
395 2360 584 2424 ὅντως
607 2358 820 2428 χήραις
839 2355 1166 2424 ἐπαρκέσῃ,
1203 2355 1299 2409 καί
1319 2354 1405 2424 μὴ
1429 2353 1690 2422 βαρῆται
1716 2355 1756 2424 ἠ

116 2449 457 2514 Ἐκκλησία.
503 2448 695 2511 Ὅπως
748 2445 925 2516 βούλει
983 2445 1230 2514 ποίησον,
1293 2443 1452 2513 μόνον
1511 2442 1754 2512 ποίησον.

116 2535 238 2602 ἐγὼ
272 2536 332 2590 δὲ
367 2536 434 2589 o6
472 2535 635 2602 λέγω,
665 2533 780 2587 Ἵνα
813 2533 887 2604 μὴ
918 2532 1154 2603 βαρῆται
1193 2533 1226 2601 ἡ
1271 2529 1585 2601 Ἐκκλησία,
1620 2528 1754 2595 ἀλλ’,

104 2623 204 2676 Ἵνα
229 2623 313 2694 μὴ
339 2625 408 2676 σὺ
440 2621 582 2693 βαρῇ
599 2639 614 2653 ·
641 2621 718 2692 τῷ
740 2621 848 2692 γάρ
870 2618 1114 2690 λογισμῷ
1141 2618 1314 2688 τούτῳ
1344 2618 1495 2670 οὐδὲν
1524 2617 1754 2689 ἐργάσῃ,

101 2713 261 2764 ταντα
301 2713 619 2782 ἐπιτρέπων
648 2711 806 2781 αὐτῇ.
848 2710 946 2762 Διά
970 2708 1128 2761 τοῦτο
1163 2705 1340 2759 κοινὸν
1375 2704 1580 2773 οἴκημά
1609 2707 1757 2759 ἐστιν

98 2798 188 2850 6:6
216 2799 324 2868 τῆς
363 2797 688 2867 Ἐκκλησίας
719 2796 1121 2868 ἀφωρισμένον,
1155 2795 1241 2847 ἵνα
1279 2793 1352 2866 μὴ
1376 2793 1548 2846 ταῦτα
1569 2793 1754 2865 λέγῃς.

103 2885 230 2937 Ἀλλ’
279 2886 398 2956 ἔχει
436 2885 800 2954 δαπανήματα
839 2884 874 2954 ἡ
928 2880 1242 2952 Ἐκκλησία,
1292 2881 1444 2948 φησί,
1499 2880 1758 2950 χρήματα

90 2972 190 3041 ἔχει
215 2976 324 3027 καὶ
364 2972 681 3042 προσόδους.
729 2969 863 3023 Εἰπέ
890 2987 997 3041 μοι,
1023 2967 1353 3035 ἀναλώματα
1388 2965 1444 3018 δέ
1483 2967 1581 3018 οὐκ
1614 2965 1754 3034 ἔχεις

86 3057 336 3129 δαπάνην
367 3058 430 3110 δέ
473 3057 574 3110 οὐκ
607 3057 719 3126 ἔχει
752 3055 1158 3126 καθημερινήν;
1200 3054 1326 3118 Ναὶ,
1361 3051 1514 3122 φησί.
1557 3050 1620 3103 Τί
1663 3047 1758 3106 οὖν

87 3151 134 3198 0;
183 3146 415 3216 βοηθεῖς
449 3147 517 3216 τῇ
573 3143 804 3216 μετρίας
848 3143 1180 3213 Αἰσχύνομαι
1224 3141 1321 3213 μὲν
1353 3140 1524 3194 ταῦτα
1547 3139 1755 3208 λέγων·

89 3233 222 3304 πλὴν
259 3233 382 3287 ἀλλ’
403 3232 560 3286 οὐδὲν
584 3231 894 3300 ἀναγκάζω.
927 3231 995 3284 Et
1018 3247 1100 3294 1:;
1132 3229 1344 3300 νομίζει
1375 3226 1757 3300 χρηματισμὸν

89 3316 223 3372 εἶναι
270 3321 343 3373 τὰ
385 3320 687 3389 λεγόμενα,
719 3319 933 3390 ποιήσει
965 3318 1141 3388 ἐαυτῷ
1175 3317 1494 3387 ξενοδοχεῖον
1527 3316 1621 3368 ἐπὶ
1658 3315 1758 3384 τῆς

90 3409 302 3471 οἰκίας·
336 3409 540 3479 στῆσον
571 3409 688 3460 ἐκεῖ
715 3407 924 3476 κλίνην,
967 3407 1161 3477 στῆσον
1201 3406 1318 3458 ἐκεῖ
1353 3403 1630 3474 τράπεζαν
1663 3403 1758 3455 καὶ

92 3492 339 3562 λυχνίαν.
377 3495 502 3558 Πῶς
550 3495 657 3566 γάρ
701 3495 801 3548 οὐκ
841 3494 1056 3555 ἄτοπον,
1088 3494 1136 3545 εἰ
1182 3493 1281 3562 μὲν
1318 3491 1641 3563 στρατιῶται
1671 3489 1755 3542 ἕλ-

92 3581 258 3645 θαιεν,
295 3583 437 3652 ἔχειν
468 3583 612 3652 ὑμᾶς
644 3581 1060 3650 ἀπστεταγμένα
1095 3581 1386 3650 οἰκήματα,
1428 3580 1524 3630 καί
1558 3577 1758 3649 πολλὴν

91 3671 359 3721 πονεῖσθαι
400 3670 502 3737 τὴν
539 3667 874 3737 ἐπιμέλειαν,
917 3669 1013 3720 καὶ
1046 3668 1221 3720 πάντα
1254 3666 1516 3737 παρέχειν
1552 3665 1754 3732 αὐτοῖς,

93 3756 277 3825 ἐπειδὴ
307 3756 398 3808 τὸν
423 3757 662 3827 πόλεμον
686 3757 816 3826 ὑμῖν
846 3754 1112 3825 ἀμύνουσι
1143 3757 1330 3808 τοῦτον
1351 3753 1443 3805 τὸν
1468 3751 1753 3822 αἰσθητόν·

96 3847 208 3906 tu);
251 3845 318 3897 δὲ
363 3844 550 3908 ξένους
607 3844 680 3914 μὴ
714 3844 857 3914 ἔχειν
895 3843 1030 3896 ὅπου
1080 3841 1483 3911 καταμείνοιεν;
1519 3839 1758 3910 Νίκησον

97 3935 180 4001 τὴν
233 3933 597 4002 Ἐκκλησίαν.
627 3933 812 3986 Βούλει
842 3931 1096 4002 ἐντρέψαι
1117 3931 1296 4002 ήμᾶς;
1323 3929 1492 3984 Τοῦτο
1511 3929 1754 3998 ποίησον·

98 4020 408 4089 ἐπ’εῷύοῦ
457 4023 524 4090 τῇ
583 4019 894 4090 φιλοτιμία·
943 4018 1032 4088 ἔχε
1082 4019 1307 4088 οἴκημα,
1357 4015 1483 4068 ἔνθα
1529 4015 1758 4085 Χριστὸς

101 4109 492 4175 παραγίνεται·
544 4106 684 4158 εἰπέ·
735 4105 908 4158 Τοῦτο
954 4105 1015 4157 16
1053 4103 1262 4158 κελλίον
1299 4103 1391 4156 τοῦ
1417 4101 1688 4174 Χριστοῦ·
1721 4104 1755 4172 ή

100 4197 232 4245 ιὶκξι
261 4195 407 4264 αῦτη
441 4193 590 4263 αύτῷ
615 4193 943 4264 ἀφώρισται.
969 4191 1089 4244 Κᾶν
1117 4189 1456 4259 καταγώγιον
1553 4189 1646 4242 καὶ
1672 4188 1760 4240 εὐ-

101 4281 261 4343 τελὲς.
291 4282 394 4334 οὒκ
425 4279 647 4344 ἀπαξιοί
675 4279 881 4349 Γυμνὺς
909 4278 1000 4331 καὶ
1023 4275 1215 4342 ξένοςὸ
1240 4275 1472 4346 Χριστὸς
1503 4275 1758 4344 περίεισι,

105 4371 256 4430 nm
289 4370 499 4436 σκέπης
522 4367 772 4436 δεόμενος
791 4382 807 4397 ·
848 4365 951 4418 κᾶν
983 4365 1156 4434 τούτῳ
1192 4365 1398 4434 πάρεχε
1421 4366 1448 4406 b
1469 4380 1482 4394 ·
1518 4361 1591 4432 μὴ
1614 4361 1761 4430 ὠμὸς

103 4452 180 4506 ιω
211 4456 354 4523 μηδὲ
383 4453 773 4524 ἀπάνθρωπος,
809 4452 942 4522 μηδέ
965 4452 1025 4502 ἐν
1060 4450 1157 4520 μὲν
1182 4451 1292 4512 τοῖς
1324 4450 1594 4518 βιωτικοῖς
1618 4446 1762 4502 οὕτω

105 4543 325 4612 τραδρῦς
354 4543 470 4605 ἔσο,
496 4542 558 4594 ἐν
582 4541 637 4594 δέ
662 4543 772 4603 τοῖς
799 4539 1188 4609 πνευματικοῖς
1206 4537 1432 4608 ψυχρός.
1463 4537 1639 4589 Ἔστω
1667 4536 1761 4588 καὶ

106 4631 200 4683 τῶν
236 4629 475 4682 οἰκετῶν
528 4631 557 4682 6
591 4627 906 4696 πιστότερος
946 4625 1102 4679 τοῦτο
1136 4621 1628 4693 ἐγκεχειρισμένος,
1669 4621 1762 4674 καὶ

109 4717 218 4777 τοῖος
239 4718 582 4786 ἀναπήρους,
607 4714 732 4776 τοὺς
757 4713 1024 4783 πτωχοὺς,
1045 4711 1170 4773 τοὺς
1192 4708 1450 4776 ἀστέγους
1473 4708 1757 4775 εἰσαγέτω.

109 4804 280 4859 hac“
305 4804 455 4872 λέγω
477 4801 614 4872 πρὸς
640 4801 925 4872 ἐντροπὴν,
959 4799 1105 4852 Ἔδει
1139 4798 1238 4867 μὲν
1267 4795 1376 4866 γάρ
1397 4795 1510 4848 ἀνω
1539 4795 1632 4847 ἐπὶ
1659 4793 1760 4864 τῆς

107 4896 267 4958 :éx'h;
291 4894 491 4956 αὐτοὺς
511 4890 788 4961 δέχεσθαι·
815 4891 863 4942 εἰ
891 4889 948 4942 δὲ
990 4888 1064 4958 μὴ
1099 4887 1296 4957 βούλει,
1328 4886 1431 4938 κΞιν
1454 4885 1624 4949 κάτω,
1655 4885 1758 4938 κᾶν

101 4980 218 5034 ἔνθα
238 4983 301 5035 αἰ
328 4980 570 5051 ἡμίονοι,
599 4977 701 5030 κᾶν
725 4976 854 5029 ἔνθα
879 4978 927 5028 οἰ
952 4975 1180 5032 οἰκέται.
1211 4973 1358 5037 δέξαι
1387 4971 1478 5024 τὸν
1507 4971 1756 5040 Χριστόν.

99 5066 246 5139 Tria
291 5070 546 5140 φρίττετε
594 5065 902 5126 ἀκούοντες.
960 5063 1027 5115 Τί
1077 5057 1192 5126 οῦν,
1229 5061 1356 5114 ὅταν
1405 5058 1536 5128 μηδέ
1585 5057 1760 5111 ταῦτα

93 5157 319 5225 25531:;
376 5155 511 5208 1606
543 5151 815 5222 παραινῶ,
856 5149 965 5203 ἰδοὺ
1011 5149 1186 5216 λέγω·
1218 5147 1399 5199 Ἔστω
1440 5145 1568 5214 ὑμῖν
1601 5143 1760 5197 10610

83 5245 580 5314 ξερισπούεαστον.
653 5241 794 5295 Ἀλλ’
847 5241 906 5293 06
971 5235 1226 5310 βούλεσθε
1290 5233 1494 5299 οὓτως;
1551 5232 1759 5287 Οὐκοῦν

149 5384 174 5449 _‘
195 5381 430 5449 ραίάαφ,
463 5379 616 5449 χαρὰν
635 5377 875 5449 ἀλογρῖται
896 5376 1270 5449 τιαίἀπέρχεται,
1293 5371 1373 5420 καὶ
1398 5370 1553 5449 χεῖρον
1573 5370 1751 5430 γέγονε.

81 5437 120 5480 δ
145 5437 284 5492 Laius
305 5443 443 5501 θοόν»
695 5440 843 5488 δεῖται
875 5438 1027 5494 αὐτός’
1053 5437 1141 5485 κάν
1163 5437 1304 5486 τοῦτο
1350 5437 1542 5494 πάθηθ’
1713 5473 1724 5480 ·

3413 331 3518 388 520

1865 437 2065 509 ἐτέρως
2107 441 2387 509 ποιήσατε.
2440 440 2562 494 Εἰσὶ
2606 441 2787 494 πολλοί
2838 441 3068 514 πένητες
3113 446 3208 500 καὶ
3236 456 3518 519 πεπχραί·

1863 524 2159 594 ἀφορίσατε
2203 527 2268 580 δι’
2314 526 2436 580 ὅλου
2473 528 2652 597 μένειν
2692 529 2809 582 ἐκεῖ
2844 547 2980 584 τινα·
3039 531 3180 586 ἔστω
3212 533 3312 586 κᾶν
3348 533 3522 603 φύλαξ

1864 612 1961 679 τῆς
1992 611 2165 685 οἰκίας
2189 613 2217 664 6
2247 613 2415 682 πένης
2434 629 2446 643 ·
2487 614 2628 668 ἔστω
2658 632 2740 667 σοι
2775 617 2972 686 τειχίον
3007 619 3102 671 καὶ
3139 620 3519 691 περίφραγμα,

1862 697 2026 760 ἀσπὶς
2047 698 2139 750 καὶ
2163 699 2311 770 δόρυ.
2347 698 2515 752 Ἔνθα
2542 699 2896 772 ἐλεημοσύνη,
2922 703 2982 756 o6
3008 703 3180 774 τολμᾷ
3204 706 3520 775 προσελθεῖν

1862 785 1890 836 6
1921 785 2180 851 διάϐολος,
2215 786 2334 841 οὐδὲ
2362 787 2489 842 ἄλλο
2522 805 2574 841 τι
2603 789 2708 842 τῶν
2741 790 2940 846 δεινῶν.
2975 791 3064 863 Μὴ
3097 794 3160 864 δὴ
3191 795 3518 866 περιίδωμεν

1861 873 2108 927 τοσοῦτον
2141 875 2348 945 κέρδος.
2391 875 2504 928 Νῦν
2533 876 2589 930 δὲ
2628 878 2902 948 ὀχήματος
2934 879 3032 948 μὲν
3057 880 3221 944 τόπος
3244 883 3390 935 ἐστὶν
3413 885 3519 952 ἀφ-

1862 961 2179 1031 ωρισμένος,
2206 963 2301 1014 καί
2333 961 2664 1033 βαστερνίοις
2696 964 2910 1034 ἕτερος·
2950 965 3027 1035 τῷ
3059 965 3114 1018 δὲ
3141 969 3356 1038 Χριστῷ
3385 969 3519 1022 πλα-

1863 1048 2086 1119 νωμένῳ
2126 1045 2376 1114 ούδὲέἰς.
2434 1052 2491 1104 '0
2552 1051 2801 1123 Ἀϐραὰμ
2831 1051 2961 1106 ἔνθα
3011 1054 3172 1117 αὐτὸς
3198 1055 3354 1126 ἔμενε
3393 1059 3518 1121 106;

1863 1133 2047 1199 ξένους
2073 1136 2363 1208 ὑπεδέχετο
2380 1155 2394 1169 ·
2423 1137 2518 1192 καὶ
2541 1139 2573 1209 ἡ
2599 1138 2698 1208 μέν
2722 1139 2860 1211 γυνὴ
2881 1141 2938 1194 ἐν
2962 1140 3112 1205 τάξει
3143 1141 3520 1212 θεραπαινίδος

1861 1223 2122 1293 εἱστήκει,
2172 1225 2370 1279 ἐκεῖνοι
2413 1225 2470 1280 δὲ
2517 1226 2576 1280 ἐν
2610 1226 2758 1290 τάξει
2784 1227 3078 1283 δεσποτῶν.
3131 1229 3243 1282 υύκ
3267 1229 3400 1300 ᾔδει,
3435 1231 3520 1284 61:

1857 1309 1950 1362 τὸν
1978 1311 2209 1381 Χριστὸν
2242 1313 2454 1382 ἐδέχετο
2476 1329 2490 1343 ·
2525 1313 2625 1367 οὐκ
2654 1314 2791 1384 ᾔδει,
2823 1315 2906 1368 ὅτι
2935 1315 3198 1383 ἀγγέλους
3218 1333 3232 1348 ·
3271 1317 3346 1381 ὡς
3380 1318 3434 1370 εἴ
3453 1334 3519 1386 γε

1859 1397 1994 1468 ᾔδει,
2018 1399 2193 1453 πάντα
2216 1399 2282 1453 ἂν
2306 1401 2592 1454 ἐκένωσεν.
2621 1401 2808 1471 Ἡμεῖς
2829 1401 3054 1473 δὲιίὸμ]
3077 1403 3275 1466 καίπερ
3295 1403 3517 1470 εἰδότες,

1857 1486 1939 1538 ὅτι
1975 1485 2066 1539 τὸν
2095 1487 2330 1558 Χριστὸν
2351 1487 2635 1558 δεχόμεθα,
2661 1488 2782 1542 ούδέ
2804 1489 3071 1561 τοσαύτην
3096 1490 3519 1562 ἐπιδεικνύμεθα

1858 1573 1958 1643 τὴν
1990 1575 2244 1646 σπουδὴν,
2285 1577 2417 1645 ὅσην
2441 1578 2646 1640 ἐκεῖνος
2677 1577 2706 1629 6
2743 1577 2978 1647 νομίζων
3015 1577 3335 1647 ἀνθρώπους
3369 1579 3519 1650 δέχε-

1861 1661 2004 1714 σθαι.
2056 1662 2194 1714 Ἀλλ’
2229 1664 2472 1718 ἐπιθέται
2506 1663 2633 1726 εἰσί,
2668 1665 2822 1733 φησὶ,
2852 1665 3038 1718 πολλοὶ
3062 1666 3156 1718 καί
3179 1665 3514 1736 ἀγνώμονες.

1859 1748 1969 1799 Καὶ
2005 1750 2192 1802 τούτου
2222 1767 2301 1802 σοι
2338 1751 2536 1818 μείζων
2568 1753 2596 1804 6
2620 1750 2827 1820 μισθὸς,
2861 1752 2989 1805 ὅταν
3021 1751 3108 1806 διὰ
3138 1753 3197 1805 16
3225 1752 3394 1823 ὄνομα
3420 1753 3516 1808 106

1858 1835 2091 1904 Χριστοῦ
2123 1836 2271 1907 δέχῃ.
2319 1839 2383 1890 Εἰ
2427 1839 2524 1907 μὲν
2569 1839 2677 1909 γὰρ
2725 1836 2871 1896 οἶδας
2917 1839 3074 1902 ὄντας
3121 1839 3395 1904 ἐπιθέτας,
3440 1842 3515 1914 μὴ

1855 1921 2009 1992 δέχου
2047 1923 2127 1984 εἰς
2155 1923 2252 1993 τὴν
2285 1923 2492 1976 οἰκίαν·
2520 1924 2567 1976 εἰ
2593 1924 2650 1976 δέ
2680 1925 2779 1979 οὐκ
2801 1921 2968 1990 οἶδας,
2991 1927 3042 1978 τί
3065 1928 3252 1990 ἁπλῶς
3279 1945 3518 1999 κατηγοο

1859 2012 2008 2077 ρείς;
2051 2009 2148 2061 Διὰ
2178 2008 2334 2062 τοῦτο
2371 2010 2514 2078 λέγω
2549 2012 2628 2074 εἰς
2658 2011 2720 2065 τὸ
2743 2013 3061 2082 ξενοδοχεῖον
3092 2015 3332 2069 ἀπιέναι.
3379 2016 3517 2070 Ποία

1856 2093 1912 2146 δέ
1942 2096 2228 2161 ἀπολογία,
2273 2096 2401 2149 ὅταν
2435 2096 2568 2166 μηδὲ
2597 2096 2690 2161 οὓς
2721 2099 2896 2168 ἴσμεν,
2934 2101 3067 2170 μηδὲ
3098 2101 3318 2165 τούτους
3350 2103 3514 2171 δεχώ-

1860 2182 2021 2252 μεθα,
2054 2182 2166 2236 ἀλλ’
2196 2184 2574 2253 ἀποκλείωμεν
2603 2187 2735 2238 πᾶσι
2762 2187 2856 2248 τὰς
2887 2185 3087 2256 θύρας;
3129 2189 3306 2241 Ἔστω
3330 2189 3390 2242 τὸ
3417 2188 3514 2242 τοῦ

1857 2269 2092 2340 Χριστοῦ
2134 2272 2446 2341 πανδοχεῖον
2474 2271 2630 2341 ἡμῶν
2668 2273 2700 2342 ἡ
2737 2273 2911 2325 οἰκία·
2954 2274 3272 2344 ἀπαιτῶμεν
3317 2276 3514 2340 αὐτοὺς

1854 2357 1946 2410 τὸν
1979 2357 2187 2427 μισθὸν,
2223 2357 2298 2428 μὴ
2335 2358 2615 2430 ἀργύριον,
2644 2359 2781 2412 ἀλλὰ
2808 2359 2867 2412 16
2901 2361 3121 2429 ποιῆσαι
3149 2362 3278 2430 ἡμῖν
3307 2361 3516 2431 δοχείρν

1854 2444 1949 2497 τοῦ
1984 2444 2220 2515 Χριστοῦ
2264 2447 2364 2516 τὴν
2413 2446 2622 2499 οἰκίαν·
2653 2448 3061 2518 περιτρέχωμεν
3100 2449 3399 2518 πανταχοῦ,
3429 2450 3516 2502 ἐλ-

1856 2547 2062 2600 κωμεν,
2094 2529 2428 2602 ἁρπάξωμεν
2457 2533 2555 2601 τὴν
2596 2533 2768 2604 θήραν
2788 2550 2800 2562 ·
2831 2533 3051 2604 μείζονα
3077 2535 3515 2606 εὑεργετούμεθα

1856 2617 1890 2686 ἢ
1937 2617 2348 2688 εὐεργετοῦμεν.
2385 2619 2459 2671 Οὐ
2494 2618 2702 2672 κελεύω
2735 2619 3039 2673 καταθῦσαι
3077 2622 3306 2691 μόσχον·
3350 2622 3516 2692 ἀρτον

1855 2703 1943 2768 66;
1981 2704 2254 2768 πεινῶντι,
2287 2705 2497 2774 ἱμάτιον
2529 2705 2740 2776 γυμνῷ,
2777 2707 2985 2776 σκέπην
3019 2707 3097 2778 τῷ
3129 2707 3283 2777 ξένῳ.
3321 2709 3513 2762 ’Ὶναδέ

1859 2795 1935 2864 μὴ
1983 2793 2155 2846 ταῦτα
2211 2795 2560 2866 προφασίζῃ,
2613 2795 2798 2847 Ἔστιν
2842 2796 3046 2865 οἴκημα
3094 2797 3270 2849 κοινὸν
3308 2797 3370 2849 τὸ
3416 2797 3516 2866 τῆς

1869 2880 2194 2950 Ἐκκλησίας
2213 2898 2228 2913 ·
2269 2882 2387 2934 ἐκεῖ
2419 2881 2713 2943 κατάϐαλε,
2748 2881 2842 2934 καί
2875 2883 2938 2935 a6
2968 2882 3240 2946 ὑπεδέξω·
3267 2884 3389 2936 ἐπεὶ
3420 2885 3516 2938 καὶ

1855 2969 1963 3022 τῶν
1992 2969 2077 3021 διὰ
2109 2968 2216 3022 τῶν
2239 2969 2466 3022 οἰκετῶν
2494 2969 2792 3039 γινομένων
2819 2971 3019 3032 ἐκεῖνος
3043 2965 3154 3039 εἰχε
3178 2970 3268 3022 τὸν
3303 2970 3513 3040 μισθόν.

1856 3055 2040 3120 Οὕτως
2065 3053 2204 3127 ἦσαν
2226 3056 2648 3125 πεπαιδευμένοι
2665 3057 2760 3109 καὶ
2779 3057 2828 3108 οἰ
2857 3057 3043 3119 παῖδες
3071 3056 3233 3109 αὐτοῦ
3255 3075 3268 3088 ·
3295 3057 3515 3128 ἔτρεχον

1855 3143 1950 3196 καὶ
1975 3143 2073 3195 ούκ
2105 3142 2396 3212 ἐγόγγυζον
2424 3143 2673 3214 καθάπερ
2703 3143 2751 3196 οἰ
2789 3141 3047 3212 ἡμέτεροι
3079 3160 3092 3172 ·
3125 3143 3375 3208 εὐλαϐεῖς
3405 3145 3516 3217 γάρ

1855 3231 2051 3294 αὐτοὺς
2071 3227 2138 3302 ἦν
2165 3230 2501 3301 πεποιηκώς.
2528 3231 2624 3295 Εἰς
2651 3230 2886 3302 πόλεμον
2911 3225 3084 3298 εἷλκε,
3117 3234 3212 3286 καί
3236 3236 3338 3287 οὐκ
3363 3234 3520 3304 ἐγόγ-

1855 3318 2048 3386 γυζον·
2096 3318 2272 3382 οὕτως
2325 3315 2466 3390 ἦσαν
2516 3319 2816 3390 φιλόσοφοι.
2871 3320 3096 3374 Πάντων
3147 3321 3256 3392 γάρ
3318 3323 3520 3391 ὁμοίως

1857 3405 2171 3474 ἐπεμελεῖτο
2187 3404 2374 3476 ὥσπερ
2397 3405 2590 3458 ἐαυτοῦ
2608 3421 2621 3434 ·
2658 3407 2939 3476 μονονουχὶ
2961 3405 3071 3475 γάρ
3098 3407 3240 3460 κατὰ
3269 3406 3361 3460 τὸν
3396 3407 3518 3462 Ἰὼϐ

1855 3489 2061 3556 ἔλεγεν,
2095 3491 2176 3543 ὅτι
2213 3490 2456 3560 Ὁμοίως
2483 3490 2871 3560 ἑπλάσθημεν
2899 3492 2969 3545 ἐν
2997 3491 3069 3559 τῇ
3094 3491 3248 3560 αὐτῇ
3280 3495 3515 3563 γαστρί.

1927 3578 2116 3630 Τοίνυν
2153 3577 2247 3631 καὶ
2272 3580 2434 3648 ἡμεῖς
2457 3580 2830 3649 φροντίζωμεν
2855 3579 3061 3632 ἑαυτῶν
3091 3580 3188 3649 τῆς
3216 3581 3515 3652 σωτηρίας,

1857 3666 1950 3719 καὶ
1979 3666 2176 3736 πολλὴν
2201 3665 2484 3735 ποιώμεθα
2509 3667 2616 3719 τῶν
2640 3667 2865 3720 οἰκετῶν
2890 3666 2985 3737 τὴν
3009 3667 3346 3736 ἐπιμέλειαν,
3371 3669 3519 3733 ὅπως

1857 3752 2065 3806 ἔσονται
2090 3753 2315 3822 χρηστοὶ
2341 3755 2432 3806 καὶ
2453 3754 2727 3823 ἐπιμελεῖς
2755 3765 2776 3792 ε
2803 3771 2817 3784 ·
2850 3755 2943 3806 καί
2968 3754 3108 3807 ἔστω
3133 3755 3225 3807 καὶ
3245 3756 3274 3806 6
3301 3755 3518 3826 οἰκέτης

1857 3841 2012 3910 ἡμῶν
2041 3839 2472 3909 πεπαιδευμένος
2514 3841 2580 3893 τά
2609 3840 2703 3892 τοῦ
2737 3839 2892 3893 Θεοῦ.
2939 3842 3052 3894 Ούκ
3089 3841 3240 3895 ἔσται
3262 3843 3520 3906 δύσκολος

1857 3928 1986 3996 ἡμῖν
2024 3927 2057 3996 ή
2099 3924 2265 3996 ἀρετὴ
2307 3925 2509 3987 λοιπὸν,
2539 3926 2634 3980 ἐὰν
2678 3927 2918 3989 ἐκείνους
2949 3927 3326 3998 ρυθμίσωμεν.
3363 3928 3518 3981 Καθ-

1858 4014 1999 4083 άπερ
2021 4013 2080 4066 ὲν
2110 4011 2330 4082 πολέμῳ
2364 4011 2713 4081 στρατιωτῶν
2737 4013 2908 4065 ὄντων
2931 4013 3232 4076 εὐτάκτων,
3261 4015 3290 4066 ὁ
3321 4030 3519 4083 στραιις⁹

1858 4099 1988 4171 ηγὸς
2019 4099 2214 4171 ῥᾳδίως
2263 4099 2508 4168 πολεμεῖ,
2551 4096 2857 4152 τούναντίον
2903 4098 2960 4152 δὲ
3004 4099 3234 4167 γίνεται,
3269 4100 3399 4153 ὃταν
3441 4101 3518 4171 μὴ

1862 4186 2019 4240 τοῦτο
2150 4187 2244 4239 καὶ
2274 4185 2484 4239 ναυτῶν
2509 4186 2568 4240 δὲ
2603 4185 2990 4256 ὁμονοούντων,
3013 4186 3042 4238 6
3066 4178 3402 4257 κυϐερνήτης
3423 4188 3516 4240 εύ-

1863 4273 2032 4337 κόλως
2061 4275 2185 4337 τοὺς
2218 4273 2408 4336 οἴακας
2456 4273 2914 4344 μεταχειρίζεται·
2950 4271 3094 4325 οὖτω
3122 4273 3214 4326 καὶ
3252 4273 3512 4340 ἐνταῦθα,

1861 4360 1955 4413 ἐάν
1984 4358 2155 4423 οὓτως
2181 4353 2282 4413 ὦσι
2313 4361 2733 4430 πεπαιδευμένοι
2778 4361 2827 4413 οἰ
2857 4360 3086 4423 οἰκέται,
3136 4361 3197 4413 06
3244 4361 3518 4432 παροξυν-

1862 4446 2002 4520 θήσῃ
2050 4447 2264 4519 ῥαδίως,
2317 4448 2417 4500 οὐκ
2475 4447 2818 4516 ἐγκαλέσεις,
2893 4449 2994 4501 οὐκ
3059 4447 3382 4520 ὀργισθήσῃ,
3454 4451 3516 4505 οὐ

1859 4534 2209 4605 λοιδορήσεις.
2255 4536 2442 4587 Ἔστιν
2478 4535 2612 4588 ὅπου
2645 4536 2740 4588 καὶ
2769 4536 3082 4608 ἐντραπήσῃ
3113 4536 3237 4600 τοὺς
3277 4537 3516 4603 οἰκέτας,

1860 4621 1955 4674 ἐὰν
1978 4615 2078 4674 ὦσι
2100 4621 2418 4691 θαυμαστοὶ,
2450 4622 2544 4674 καὶ
2575 4622 3050 4692 συναντιλήψονταί
3076 4640 3178 4686 σοι,
3206 4623 3298 4675 καὶ
3325 4641 3518 4694 παραι-

1859 4708 2071 4763 νέσουσι
2097 4707 2167 4760 τά
2193 4708 2422 4778 χρηστά.
2459 4708 2591 4761 Ἀπὸ
2609 4709 2665 4761 δέ
2688 4709 2892 4762 τούτων
2919 4709 3133 4763 πάντων
3165 4710 3341 4762 πάντα
3363 4711 3516 4764 ἔσται

1859 4796 1928 4850 τα
1953 4795 2032 4866 τῷ
2064 4794 2182 4865 Θεῷ
2220 4795 2499 4861 δοκοῦντα,
2539 4797 2628 4849 καὶ
2667 4797 2811 4849 οὕτω
2848 4799 2996 4850 πᾶσα
3031 4799 3064 4866 ἡ
3100 4797 3246 4849 οἰκία
3271 4797 3515 4863 εὐλογίας

1861 4882 2296 4953 πληρωθήσεται,
2334 4885 2428 4936 καὶ
2463 4883 2533 4935 τὰ
2581 4883 2660 4952 τῷ
2689 4883 2808 4953 Θεῷ
2849 4883 3148 4956 ἀρέσκοντα
3190 4883 3516 4952 διαπραττό-

1862 4986 2034 5040 μενοι,
2069 4969 2267 5039 πολλῆς
2305 4970 2686 5039 ἀπολαύσομεν
2715 4973 2815 5040 τῆς
2854 4969 3058 5022 ἀνωθεν
3088 4968 3425 5038 συμμαχίας,
3448 4964 3516 5040 ἦς

1858 5057 2064 5126 γένοιτο
2122 5057 2330 5120 πάντας
2381 5059 2526 5128 ἡμᾶς
2573 5059 2876 5126 ἐπιτυχεῖν,
2939 5057 3121 5126 χάριτι
3177 5057 3273 5108 καὶ
3328 5055 3516 5124 φιλαν-

1860 5143 2075 5214 θρωπία
2104 5142 2196 5195 τοῦ
2228 5142 2433 5213 Κυρίου
2466 5142 2621 5214 ἡμῶν
2660 5141 2834 5212 Ἰησοῦ
2880 5139 3140 5212 Χριστοῦ,
3188 5142 3305 5213 μεθ’
3347 5137 3406 5196 06
3436 5143 3516 5215 τῷ

1860 5230 2036 5300 Πατρὶ
2063 5229 2180 5299 ἅμα
2209 5228 2287 5299 τῷ
2319 5228 2461 5300 ἀγίῳ
2495 5227 2767 5298 Πνεύματι
2808 5227 2954 5294 δόξα,
2985 5227 3205 5298 κράτος,
3235 5228 3388 5302 τιμὴ,
3419 5228 3515 5285 νῦν

1859 5319 1952 5373 καὶ
1978 5320 2085 5383 ἀεὶ,
2119 5319 2213 5372 καί
2235 5320 2314 5382 εἰς
2337 5320 2460 5383 106;
2493 5319 2693 5381 αἰῶνας
2723 5318 2832 5372 τῶν
2855 5320 3083 5376 αἰώνων.
3119 5319 3314 5392 Ἀμην.

1924 5427 1946 5455 ο
1981 5424 2073 5473 Καὶ
2096 5423 2328 5485 ἐπιμελεῖς
2348 5423 2494 5475 deest
2518 5426 2570 5475 ω
2601 5421 2909 5485 quibusdam.
