4028 6218
473 251 571 310 εει

1284 252 1342 310 S.
1378 250 1663 308 JOANNIS
1695 248 2180 309 CHRYSOSTOMI
2216 248 2534 307 ARCHlEP.
2572 250 3113 307 CONSTANTINUP.

3781 254 3897 311 58

1898 506 2049 581 [545]
2084 508 2326 561 OMIAIA
2354 510 2503 576 Μςι.

478 609 559 680 Τῇ
577 610 646 680 δέ
665 608 919 676 ἐπιούσῃ
936 607 1123 680 ἡμέρᾳ
1142 606 1331 675 εἰσῄει
1352 608 1384 660 ό
1400 603 1639 680 ιῖαῦλος
1661 602 1784 680 σὺν
1809 601 1953 680 ἡμῖν
1981 600 2129 669 πρὸς

556 679 851 740 Ἰάκωϐον,
884 673 1105 743 πάντες
1131 694 1193 730 τε
1222 673 1624 744 παρεγένοντο
1647 676 1700 727 οἱ
1720 673 2126 744 πρεσϐύτεροι.

545 749 654 805 Kal
685 740 1118 820 ἀσπασάμενος
1144 740 1392 820 αὐτούς,
1421 741 1858 820 ἐξηγιελῖτρᾼκαθν
1995 740 2129 820 ἕκα-

541 836 693 874 στον
723 814 811 872 ὧν
848 812 1139 883 ἐποίησεν
1170 820 1202 871 ό
1235 817 1378 882 Θεὸς
1411 815 1477 868 ἐν
1513 813 1637 880 τοῖς
1660 813 1861 867 ἔθνεσι
1884 812 1982 865 διὰ
2018 812 2130 879 τῆς

543 890 850 953 διακονίας
875 888 1080 942 αὐτοῦ.

545 1002 612 1049 α’.
644 988 810 1057 Οὗτος
839 996 866 1047 6
894 993 1120 1060 ἀδελιρδς
1146 988 1213 1062 ἦν
1241 991 1332 1044 τοῦ
1363 990 1566 1062 Κυρίου
1588 989 1681 1042 καὶ
1711 987 2005 1062 ἐπίσκοπος
2021 984 2128 1062 τῷν

484 1064 932 1135 Ἰεροσολύμωνι,
969 1057 1105 1135 ἀνὴρ
1140 1057 1311 1133 μέγας
1346 1057 1798 1129 καὶθαυμαστός.
1839 1057 1981 1128 Πρὸς
2009 1057 2130 1109 τοῦ-

474 1170 565 1206 τον
595 1154 898 1223 εἰσέρχεται
930 1151 1155 1213 Παῦλος,
1189 1149 1375 1220 ὥσπερ
1404 1148 1495 1200 καὶ
1522 1147 1627 1218 πρὸ
1652 1145 1840 1199 τούτου
1874 1146 1968 1198 καὶ
1994 1144 2129 1214 πρὸς

473 1240 637 1293 αὑτὸν
690 1241 998 1309 πέμπεται·
1057 1239 1151 1292 καὶ
1206 1240 1351 1300 ὅπως
1399 1236 1585 1289 ἄκουε.
1645 1234 1729 1304 Τῇ
1756 1234 1825 1288 δὲ
1870 1234 2126 1301 ἐπιούσῃ

474 1328 680 1398 ἡμέρᾳ,
705 1330 886 1397 φησὶν,
912 1328 1100 1396 εἰσῄει
1129 1330 1160 1381 ό
1183 1327 1420 1391 Παῦλος
1442 1325 1566 1379 σὺν
1580 1325 1723 1393 ἡμῖν
1745 1324 1893 1391 πρός
1924 1321 2126 1377 Ἰάκω-

472 1418 598 1470 ϐον.
635 1418 773 1486 Ὅρα
797 1416 857 1467 τὸ
886 1416 1103 1483 ἄτυφον.
1134 1412 1361 1477 Πάντες
1389 1429 1453 1465 τε
1485 1410 1884 1480 παρεγένοντο
1907 1413 1961 1465 οί
1987 1426 2125 1479 πρε-

471 1505 761 1570 σϐύτεροι·
786 1503 881 1555 καὶ
905 1500 1334 1569 ἀσπασάμενος
1357 1500 1597 1565 αὐτοὺς,
1628 1498 1893 1569 ἐξηγεῖτο
1914 1498 2042 1551 καθ’
2058 1498 2127 1552 ἐν

470 1590 730 1643 ἕκαστον
758 1584 845 1642 ὧν
875 1590 1163 1654 ἐποίησεν
1190 1590 1221 1641 ό
1253 1587 1397 1653 Θεὸς
1423 1587 1491 1639 ἐν
1517 1586 1641 1652 τοῖς
1677 1586 1878 1640 ἔθνεσι
1903 1586 2003 1639 διὰ
2018 1584 2121 1652 τῆς

471 1676 777 1741 διακονίας
802 1676 1007 1729 αὐτοῦ.
1036 1676 1205 1729 Πάλιν
1227 1674 1409 1738 αὐτοῖς
1432 1674 1500 1727 τὰ
1520 1675 1625 1727 τῶν
1645 1673 1813 1726 ὲθνῶν
1837 1673 2123 1742 διηγεῖται,

469 1765 529 1817 οὐ
551 1764 859 1830 κενοδοξιῖΝ,
887 1764 959 1834 μὴ
994 1763 1219 1831 γένοιτο,
1249 1762 1382 1815 ἀλλὰ
1406 1762 1498 1814 τοῦ
1531 1760 1664 1814 Θεοῦ
1695 1760 1861 1813 θέλων
1879 1759 1975 1830 τὴν
2007 1759 2126 1827 φιλ-

471 1851 785 1922 ανθρωπίαν
840 1850 1200 1917 ἐνδείξασθαι,
1240 1852 1335 1904 καὶ
1373 1849 1569 1919 πολλῆς
1608 1849 1802 1911 αὐτοὺς
1848 1847 2123 1917 ἐμπλῆσαι

468 1943 662 2011 χαρᾶς.
709 1940 850 2010 Ὅρα
895 1938 1024 2007 γοῦν
1072 1939 1188 2001 πῶς
1230 1937 1556 2000 ἀκούσαντες
1603 1936 1696 1989 καὶ
1734 1936 1980 2001 ἐδόξαζον
2032 1937 2123 1991 τὸν

470 2028 623 2083 Θεόν.
668 2028 779 2081 Οὐκ
821 2028 1027 2081 ἐκεῖνον
1052 2026 1287 2096 ὲπῄρουν
1325 2024 1443 2078 οὐδὲ
1468 2023 1810 2093 ἐθαύμαζον·
1845 2023 1980 2077 ἀλλὰ
2012 2023 2124 2077 Τὸν

472 2113 621 2168 Θεὸν
648 2112 927 2176 ἐδόξαζον
945 2129 958 2144 ·
1005 2111 1148 2164 οὕτω
1176 2111 1284 2180 γὰρ
1312 2110 1605 2180 διηγήσατο
1634 2109 1710 2172 ὼς
1742 2108 2122 2178 ἀνατιθέμενος

466 2202 632 2272 αὐτῷ.
666 2205 729 2254 Οἱ
758 2201 827 2253 δὲ
866 2200 1240 2263 ἀκούσαντες
1264 2194 1544 2261 ἐδόξαζον
1577 2198 1685 2250 τὸν
1719 2196 1886 2259 Θεὸν,
1922 2196 2120 2249 εὶπόν-

466 2306 566 2354 τες
608 2289 799 2353 αὐτῷ·
847 2287 1106 2357 Θεωρεῖς,
1148 2286 1390 2354 ἀδελφέ,
1436 2285 1619 2337 πόσαι
1645 2284 1928 2353 μυριάδες
1964 2284 2123 2338 είσὶν

478 2376 783 2431 Ἰουδαίων
821 2375 941 2429 τῶν
974 2373 1488 2427 πεπιστευκότων·
1519 2372 1611 2425 καὶ
1638 2372 1836 2434 πάντες
1874 2369 2119 2438 ζηλωταὶ

466 2463 571 2518 τοῦ
608 2464 794 2531 νόμου
842 2460 1202 2529 ὑπάρχουσι.
1250 2457 1692 2525 Κατηχήθησαν
1713 2457 1781 2510 δὲ
1817 2458 1949 2525 περὶ
1981 2458 2118 2521 σοῦ,

466 2553 555 2607 ὅτι
588 2552 968 2606 ἀποστασίαν
1001 2549 1307 2613 διδάσκεις
1347 2547 1466 2601 άπὸ
1492 2547 1785 2613 Μωϋσέως
1806 2547 1948 2613 τοὺς
1970 2548 2121 2602 κατὰ

463 2642 537 2695 τὰ
568 2641 709 2707 ἔθνη
747 2638 975 2703 πάντας
1024 2638 1373 2701 Ἰουδαίους,
1402 2635 1595 2704 λέγων
1622 2635 1709 2705 μὴ
1751 2634 2122 2705 περιτέμνειν

462 2725 685 2791 αὐτοὺς
715 2726 785 2779 τὰ
821 2724 1019 2788 τέκνα,
1044 2724 1199 2793 μηδέ
1238 2723 1361 2789 τοῖς
1382 2724 1547 2776 ἔθεσι
1585 2722 1947 2791 περιπατεῖν.
1977 2722 2120 2793 Ὀρα

462 2815 559 2869 καὶ
586 2814 737 2868 αὐτοὶ
764 2813 880 2882 μεθ’
905 2814 1035 2884 ὅσης
1062 2811 1361 2881 ὑποστολῆς
1380 2811 1407 2851 b
1440 2828 1618 2880 φασιν.
1659 2812 1772 2881 Οὐχ
1800 2812 1872 2874 ὼς
1900 2812 2121 2865 ἐπίσκο-

462 2919 564 2965 πος
590 2900 920 2962 αὑθεντικῶς
942 2899 1266 2968 διαλέγεται,
1301 2898 1415 2951 ἀλλ’
1439 2899 1602 2952 αὑτὸν
1632 2898 2118 2969 παραλαμϐάνουσι

462 2989 714 3043 κοινωνὸν
754 2988 851 3057 τῆς
890 2986 1114 3058 γνώμης
1138 3004 1152 3018 ·
1209 2986 1396 3057 ὥσπερ
1444 2986 1510 3039 ἂν
1543 2988 1591 3039 εί
1637 2985 1837 3049 εὐθέως
1878 2986 1969 3039 καὶ
2012 2986 2119 3039 ἀπὸ

462 3074 759 3145 προοιμίων
804 3072 1253 3143 ἀπολογούμενοι,
1285 3073 1366 3125 ὅτι
1410 3073 1522 3125 Οὐκ
1570 3071 1920 3141 ἐϐουλόμεθα.
1953 3072 2115 3143 Ὁρᾷς

460 3163 556 3215 τοῦ
599 3164 919 3232 πράγματος
968 3159 1066 3231 τὴν
1118 3160 1384 3229 ἀνάγκην,
1432 3159 1676 3225 Θεωρεῖς
1716 3159 1918 3219 πόσαι,
1962 3160 2115 3229 φησὶ,

455 3249 741 3319 μυριάδες
784 3247 942 3300 εἰσὶν
979 3246 1282 3301 Ἰουδαίων
1313 3245 1431 3300 τῶν
1458 3247 1975 3310 πεπιστευκότων;
2010 3247 2119 3299 Καὶ

459 3339 557 3390 οὐκ
593 3330 765 3398 εἷπον,
820 3336 994 3398 Πόσας
1047 3335 1307 3406 μυριάδας
1353 3337 1763 3405 κατηχήσαμεν,
1813 3334 1926 3387 ἀλλ’
1959 3334 2114 3389 Εἰσί.

462 3425 569 3479 Καὶ
608 3420 769 3479 οὗτοι
804 3424 957 3492 φησὶ,
999 3422 1221 3487 πάντες
1259 3421 1508 3489 ζηλωταὶ
1555 3421 1662 3475 τοῦ
1709 3423 1896 3490 νόμου
1925 3421 2115 3488 ὑπάρ-

461 3526 656 3580 χουσι.
687 3508 791 3561 Δύο
830 3510 1020 3570 αἰτίαι,
1068 3508 1243 3561 καὶτὸ
1284 3507 1503 3578 πλῆθος,
1548 3507 1645 3560 καὶ
1671 3507 1703 3577 ἡ
1726 3507 1941 3578 γνώμη.
1978 3506 2115 3560 Οὔτε

461 3597 570 3667 γὰρ
595 3599 643 3649 εί
677 3597 845 3664 ὀλίγοι
887 3592 1049 3666 ἦσαν,
1087 3594 1492 3664 καταφρονῆσαι
1518 3594 1709 3665 ἐχρῆν,
1756 3593 1880 3647 οὔτε
1910 3594 1959 3646 εί
1988 3594 2115 3648 πολ-

460 3684 559 3748 λοὶ,
594 3688 688 3739 καὶ
730 3685 803 3753 μὴ
843 3685 1038 3745 πάντες
1079 3682 1173 3735 τοῦ
1201 3682 1365 3751 νόμου
1393 3682 1718 3752 ἀντείχοντο,
1757 3683 1884 3752 περὶ
1920 3681 2114 3735 πολλοῦ

461 3772 750 3825 ποιεῖσθαι.
798 3768 928 3823 Εἶτα
970 3771 1061 3824 καὶ
1106 3770 1262 3841 τρίτη
1302 3768 1479 3822 αἰτία·
1526 3769 1635 3824 Καὶ
1675 3770 1842 3825 αὐτοὶ
1895 3769 2116 3837 πάντες

460 3860 913 3929 κατηχήθησαν,
954 3858 1108 3929 φησὶ,
1145 3856 1277 3924 περὶ
1310 3857 1448 3925 σοῦ,
1488 3857 1579 3912 ὅτι
1617 3858 2001 3913 ἀποστασίαν
2031 3860 2115 3912 δι-

458 3948 708 4015 δάσκεις
741 3948 858 4001 άπὸ
890 3945 1185 4012 Μωῦσέως
1215 3945 1355 4012 τοὺς
1386 3946 1535 4000 κατὰ
1581 3946 1652 3999 τὰ
1701 3948 1845 4014 ἐθνη
1887 3947 2116 4013 πάντας

470 4035 818 4101 Ἰουδαίους,
846 4033 1037 4104 λέγων
1058 4034 1144 4103 μὴ
1167 4033 1535 4102 περιτέμνειν
1562 4033 1785 4100 αὐτοὺς
1808 4034 1880 4087 τὰ
1909 4034 2111 4099 τέκνα,

454 4126 609 4195 μηδέ
641 4126 765 4190 τοῖς
810 4126 975 4179 ἔθεσι
1016 4123 1380 4192 περιπατεῖν.
1428 4124 1540 4177 Οὐκ
1588 4118 1760 4185 εἷπον,
1807 4124 2109 4176 Ἤκουσαν·

457 4214 613 4277 ἀλλὰ,
651 4212 1113 4281 Κατηχήθησαν,
1150 4211 1444 4275 τουτέστιν,
1475 4210 1828 4282 ἐδιδάχθησαν
1866 4212 1956 4264 καὶ
1994 4210 2114 4264 ὲπί-

461 4316 711 4362 στευσαν,
742 4300 831 4351 δτι
877 4298 1254 4351 ἀποστασίαν
1292 4296 1411 4351 άπὸ
1441 4297 1736 4364 Μωῦσέως
1784 4297 2109 4363 διδάσκεις,

460 4388 654 4456 λέγων
692 4387 779 4456 μὴ
819 4386 1190 4455 περιτέμνειν
1219 4387 1537 4453 αὐτοὺς’τὰ
1573 4387 1772 4452 τέκνα,
1798 4388 1954 4458 μηδὲ
1989 4389 2114 4458 τοῖς

458 4476 624 4529 ἔθεσι
666 4473 1026 4542 περιπατεῖν.
1078 4473 1247 4527 Τοῦτο
1299 4474 1487 4541 εἰπὼν,
1531 4475 1856 4545 ὲπήγαγεο·
1904 4476 1965 4530 Τί
2000 4472 2115 4532 οὖν

457 4564 626 4627 ἐστι;
672 4563 913 4627 Πάντως
940 4560 1037 4615 δεῖ
1075 4560 1307 4629 πλῆθος
1344 4562 1694 4617 συνελθεῖν·
1749 4563 2109 4621 ἀκούσονται

456 4652 587 4721 γὰρ,
621 4650 709 4703 ὅτι
736 4648 1056 4715 ἐλήλυθας.
1100 4648 1275 4704 Τοῦτο
1313 4645 1425 4705 οὖν
1454 4651 1716 4718 ποίησον
1750 4651 1785 4705 ὅ
1810 4668 1911 4707 σοι
1938 4654 2111 4723 λέγο-

451 4758 585 4810 μεν.
626 4739 713 4801 Ὠς
748 4736 1199 4807 συμϐουλεύοντες
1242 4736 1413 4790 ταῦτα
1434 4737 1702 4806 λέγουσιν,
1730 4739 1828 4809 οὐχ
1874 4740 1950 4803 ὡς
1988 4743 2108 4796 ἑπι-

454 4832 757 4891 τάττοντες.
781 4826 953 4880 Εἰσὶν
983 4826 1127 4896 ἡμῖν
1147 4826 1359 4895 ἄνδρες
1386 4828 1697 4896 τέσσαρες,
1725 4829 1918 4898 εὐχὴν
1940 4831 2111 4900 έχον-

456 4934 553 4983 τες
605 4916 697 4986 ἐφ’
749 4913 995 4970 ἑαυτῶν.
1049 4916 1301 4979 Τούτους
1336 4914 1484 4987 [546]
1540 4916 1897 4983 παραλαϐὼν
1943 4919 2110 4990 ἀγνίι.

456 5010 631 5071 σθητι
667 5003 788 5057 σὺν
832 5002 1053 5068 αὐτοῖς,
1107 5002 1206 5055 καὶ
1252 5002 1607 5070 δαπάνησον
1640 5003 1733 5056 ἐπ’
1763 5005 1984 5072 αὐτοῖς,
2013 5008 2111 5061 ἵνα

458 5090 831 5157 ξυρήσωνται
875 5090 989 5157 τὴν
1032 5089 1324 5158 κεφαλὴν,
1362 5090 1459 5142 καὶ
1515 5089 1700 5158 γνῶσι
1743 5092 1983 5158 πάντες,
2021 5094 2111 5147 ὅτι

456 5172 543 5230 ὧν
583 5177 948 5246 κατήχηνται
984 5178 1116 5246 περὶ
1155 5177 1293 5241 σοῦ,
1322 5177 1500 5230 οὐδέν
1526 5177 1717 5243 ἐστιν,
1762 5181 1922 5233 ἀλλὰ
1947 5198 2109 5234 στοι-

460 5264 584 5333 χεῖς
631 5267 726 5318 καὶ
779 5266 960 5331 αὐτὸς
1009 5266 1345 5335 φυλάσσων
1397 5266 1503 5319 τὸν
1536 5268 1739 5335 νόμον.
1782 5269 1965 5339 Ἕργῳ
2011 5270 2111 5340 τὴν

458 5351 749 5419 ἀπολογίαν
776 5354 998 5422 ποιῆσαι
1025 5353 1171 5423 αὐτῷ
1204 5354 1681 5423 συμὸουλεύουσιν,
1709 5355 1767 5408 ού
1791 5355 1951 5426 λόγῳ.
1989 5358 2110 5410 Ἵνα
2166 5396 2180 5419 ,

458 5438 854 5507 ξυρήσωνται,
892 5440 1045 5509 φησὶ,
1086 5440 1184 5493 καὶ
1223 5440 1407 5507 γνῶσι
1459 5442 1700 5508 πάντες,
1731 5441 1817 5496 ὅτι
1850 5438 1937 5497 ὧν
1975 5460 2109 5496 κατ-

454 5526 705 5596 ήχηνται
754 5525 885 5595 περὶ
930 5527 1065 5590 σοῦ,
1108 5527 1286 5580 οὐδέν
1326 5529 1511 5581 ἐστιν.
1548 5531 1659 5582 Οὐκ
1698 5527 1866 5592 εἷπον,
1906 5532 1987 5583 ὅτι
2020 5534 2108 5581 Δι-

454 5614 690 5677 δάσκεις,
731 5612 864 5666 άλλά
906 5612 1302 5682 Κατήχηνται,
1353 5614 1514 5667 πάλιν
1544 5616 1604 5667 τὸ
1644 5615 1995 5686 ἐδιδάχθησαν
2019 5616 2107 5670 διὰ

516 5727 540 5751 ⁸
567 5724 689 5771 Τιϊς
711 5726 870 5782 (τελιῘιΙη
896 5725 1045 5780 Οὗτος
1064 5725 1317 5777 ἐπίσκοπος
1336 5722 1392 5779 ἦν
1414 5724 1507 5786 τῷν
1539 5724 1895 5786 Ἱεροσολύμων.
1960 5726 1988 5765 ιι
2014 5728 2105 5775 ΒΟ·-

456 5784 549 5831 όυι
578 5800 715 5841 ιιιιικ,
743 5792 991 5846 συοιοὶης.
1061 5792 1083 5816 ί·
1114 5786 1396 5843 ιιως,τοῦτο
1435 5785 1577 5832 εἰπὼν
1605 5784 1827 5846 ἐπήγαγε,

460 5846 633 5893 eodem
658 5849 761 5896 cod.

1856 5788 2034 5839 desunt
2054 5791 2102 5839 in
2149 5818 2161 5832 ο

2228 599 2416 653 τούτου
2450 599 2644 671 δηλῶν,
2683 598 2779 655 καὶ
2810 601 2894 654 ὅτι
2928 598 3214 669 Στοιχεῖς,
3241 599 3537 663 τουτέστιν,
3572 599 3636 652 ὲκ
3664 616 3899 669 περιου-

2229 685 2349 751 σίας
2377 689 2470 741 καὶ
2504 688 2666 752 αὐτὸς
2698 688 3005 759 φυλάττεις.
3037 689 3113 743 Οὐ
3146 688 3253 760 γὰρ
3273 688 3337 756 δὴ
3364 688 3521 741 τοῦτο
3547 688 3710 758 μόνον
3729 684 3803 759 ἦν
3832 691 3896 743 τὸ

2229 774 2676 844 σπουδαζόμενον,
2707 776 2755 828 εί
2781 776 2855 846 μὴ
2886 776 3104 846 ἐτέρους
3126 774 3385 840 διδάσκει,
3416 774 3528 827 ἀλλ’
3555 776 3637 828 ὃτι
3665 778 3761 829 καὶ
3789 777 3891 829 αὐ-

2226 861 2317 924 τὸς
2346 866 2521 934 τηρεῖ.
2551 862 2616 916 Τί
2638 857 2751 929 οῦν,
2773 861 2838 916 ἂν
2864 862 2934 916 τά
2957 862 3083 932 ἔθνη
3109 862 3372 933 μάθωσιν,
3402 862 3463 915 οὐ
3489 862 3889 932 σκανδαλισθήο

2227 966 2431 1013 σονται,
2472 950 2629 1022 φησί;
2654 951 2809 1018 Πῶς;
2850 952 2983 1005 ὃπου
3018 952 3113 1005 καὶ
3162 953 3321 1023 ἡμεῖς
3358 952 3407 1004 οἱ
3453 951 3562 1004 τῶν
3612 952 3887 1006 Ἰουδαίων

2225 1039 2530 1095 διδάσκαλοι
2552 1039 2879 1111 ἐπέμψαμεν
2906 1040 3043 1111 πρὸς
3065 1040 3281 1104 αὐτούς.
3313 1040 3451 1109 Περὶ
3476 1040 3545 1095 δέ
3571 1040 3694 1095 τῶν
3716 1058 3887 1095 πεπι-

2226 1128 2566 1183 στευκότων
2606 1127 2797 1183 ἐθνῶν
2842 1128 3013 1198 ἡμεῖς
3059 1129 3508 1197 ἐπεστείλαμεν,
3569 1128 3891 1196 κρίναντες

2220 1213 2415 1284 μηδὲν
2441 1214 2711 1269 τοιοῦτον
2748 1214 2950 1282 τηρεῖν
2984 1216 3222 1281 αὐτοὺς,
3257 1216 3310 1268 εί
3328 1214 3414 1283 μὴ
3454 1215 3892 1284 φυλάσσεσθαι

2225 1301 2447 1367 αὐτοὺς
2488 1300 2554 1354 τὸ
2594 1301 2986 1356 είδωλόθυτον
3010 1302 3200 1356 καὶτὸ
3232 1297 3373 1371 αἷμα
3403 1301 3500 1355 καὶ
3535 1302 3601 1355 τὸ
3629 1304 3892 1355 πνικτὸν

2225 1389 2324 1443 καί
2344 1391 2643 1457 πορνείαν.
2674 1389 2939 1443 Ἐνταῦθα
2962 1391 3346 1461 ἐντρεπτικῶς.
3370 1393 3434 1443 "0
3453 1391 3509 1443 δὲ
3530 1390 3707 1458 λέγει,
3730 1390 3892 1443 τοῦτὸ

2226 1477 2396 1530 ἐστιν·
2449 1478 2653 1549 ’Ὠσπερ
2696 1479 2859 1546 ἡμεῖς
2901 1478 3130 1541 ἐκείνοις
3178 1477 3540 1547 ἐπετάξαμεν,
3592 1478 3776 1530 καίτοι
3827 1496 3892 1545 γε

2238 1565 2508 1630 Ἰουδαίοις
2554 1565 2931 1636 κηρύττοντες,
2965 1565 3106 1619 οὕτω
3141 1566 3233 1619 καὶ
3258 1567 3343 1629 σὺ,
3369 1566 3543 1619 καίτοι
3574 1566 3758 1619 ἔθνεσι
3791 1586 3890 1638 κη-

2227 1652 2454 1724 ρύττων,
2493 1652 2809 1723 σύμπραξον
2853 1654 3001 1723 ἡμῖν.
3042 1653 3181 1724 Ὅρα
3207 1653 3297 1707 τὸν
3330 1653 3540 1707 Παῦλον
3561 1670 3577 1682 ·
3617 1656 3684 1707 οὐ
3714 1656 3889 1723 λέγει,

2226 1742 2337 1793 Καὶ
2370 1741 2474 1812 μὴν
2505 1741 2737 1812 δύναμαι
2768 1741 3029 1812 Τιμόθεον
3060 1744 3421 1814 παραγαγεῖν,
3442 1742 3502 1795 ὃν
3530 1742 3884 1813 περιέτεμον·

2228 1828 2320 1880 καὶ
2348 1827 2451 1899 μὴν
2478 1827 2709 1899 δύναμαι
2735 1832 2916 1882 πεῖσαι
2946 1828 3025 1898 τῷ
3045 1828 3190 1899 λόγῳ
3209 1843 3223 1859 ⁸
3264 1830 3380 1883 ἀλλ’
3412 1830 3645 1899 ἐπείσθη
3676 1832 3890 1894 αὐτοῖς,

2223 1916 2316 1968 καὶ
2337 1916 2513 1968 πάντα
2538 1917 2759 1987 ἐποίησε
2780 1931 2793 1947 ·
2822 1916 3045 1986 καὶγὰρ
3064 1916 3208 1970 οὕτω
3236 1917 3549 1988 συνέφερεν.
3576 1918 3652 1971 Οὐ
3678 1920 3796 1989 γὰρ
3826 1914 3894 1988 ῆν

2224 2002 2336 2055 ἴσον
2356 2004 2434 2066 είς
2453 2003 3123 2072 ἀπολογίαν’καταστῆναι,
3150 2002 3242 2056 καὶ
3262 2003 3474 2066 οὐδενὸς
3495 2004 3699 2067 εἰδότος
3724 2008 3894 2074 ποιῆ-

2222 2105 2311 2143 σαι
2365 2088 2555 2144 ταῦτα.
2610 2089 2941 2144 Ἀνύποπτον
2986 2086 3054 2170 ἦν
3097 2092 3159 2143 τὸ
3197 2091 3290 2144 καὶ
3321 2091 3687 2147 δαπανᾶσθαι.
3739 2093 3893 2147 Τότε

2220 2179 2579 2247 παραλαϐὼν
2605 2182 2637 2233 ό
2658 2179 2895 2245 Παῦλος
2919 2179 3061 2246 τοὺς
3087 2179 3327 2247 ἄνδρας,
3368 2181 3465 2233 καὶ
3504 2180 3580 2249 τῇ
3619 2182 3891 2251 ἐχομένῃ

2220 2265 2407 2335 ἡμέρᾳ
2426 2266 2549 2319 σὺν
2563 2265 2759 2332 αὐτοῖς
2787 2267 3091 2335 ἁγνισθεὶς
3112 2268 3300 2335 εἰσῄει
3322 2269 3407 2333 εις
3427 2267 3494 2322 τὸ
3514 2270 3697 2333 ἱερὸν,
3720 2269 3896 2338 διαγ-

2220 2353 2452 2423 γέλλων
2473 2352 2587 2422 τὴν
2608 2352 2990 2422 ἐκπλήρωσιν
3018 2353 3135 2407 τῶν
3155 2353 3391 2424 ἡμερῶν
3416 2354 3523 2408 τοῦ
3556 2356 3895 2425 ἁγνισμοῦ,

2218 2442 2329 2507 ἕως
2368 2438 2439 2498 οὗ
2482 2441 2864 2510 προσηνέχθη
2903 2441 3057 2511 ὑπὲρ
3104 2443 3240 2509 ἐνὸς
3284 2441 3545 2496 ἑκάστου
3591 2442 3809 2496 αὐτῶν
3856 2446 3896 2513 ἦ

2219 2530 2552 2598 προσφορά.
2580 2528 2970 2598 Διαγγέλλων,
2997 2530 3260 2594 τουτέστι,
3291 2530 3673 2600 καταγγέλλων
3694 2549 3708 2560 ·
3738 2532 3897 2585 ὥστε

2219 2617 2380 2681 αὐτὸς
2399 2614 2518 2689 ἦνοὸ
2539 2617 2693 2687 δῆλον
2724 2617 2912 2671 ἑαυτὸν
2934 2617 3121 2670 ποιῶν.
3161 2617 3257 2684 Ὠς
3276 2616 3344 2671 δέ
3359 2617 3615 2688 ἔμελλον
3634 2622 3698 2673 αἱ
3725 2619 3813 2673 ἐπ
3822 2622 3897 2675 τὰ

2219 2707 2427 2777 ἡμέραι
2453 2706 2895 2762 συντελεῖσθαι.

2290 2792 2506 2864 β’.”ορα
2521 2792 2634 2856 πῶς
2658 2792 2889 2863 μάλιστα
2910 2792 3170 2863 δὴζαῦτοῖς
3192 2793 3512 2865 ἐγχρονίζει.
3533 2796 3599 2848 Οἱ
3619 2795 3745 2849 ἀπὸ
3772 2796 3901 2865 τῆς

2231 2878 2436 2943 Ἀσίας
2452 2880 2730 2944 Ἰουδαῖοι,
2756 2879 3111 2950 θεασάμενοι
3140 2882 3322 2935 αὐτὸν
3340 2883 3411 2935 ἐν
3438 2880 3517 2946 τῷ
3546 2881 3702 2951 ίερῷ,
3730 2900 3902 2939 συνε-

2216 2966 2390 3035 έχεσν
2416 2966 2609 3019 πάντα
2632 2966 2736 3020 τὸν
2757 2967 2961 3036 ὄχλον,
2992 2967 3090 3020 καὶ
3111 2965 3405 3021 ἐπέϐαλον
3434 2968 3527 3022 ἐπ’
3554 2970 3745 3023 αὐτὸν
3780 2972 3901 3036 τὰς

2218 3052 2436 3122 χεῖρας,
2473 3052 2809 3121 κράζοντες·
2854 3054 3094 3122 Ἄνδρες
3142 3054 3523 3122 Ἰσραηλῖται,
3558 3057 3858 3121 ,βοηθεῖτε
3880 3075 3896 3089 ·

2217 3138 2395 3207 οὗτός
2421 3144 2590 3196 ἐστιν
2630 3146 2663 3196 ό
2708 3142 3017 3211 ἄνθρωπος
3050 3147 3082 3198 ό
3123 3144 3271 3198 κατὰ
3300 3146 3407 3200 τοῦ
3433 3148 3586 3201 λαοῦ
3622 3148 3725 3202 καὶ
3772 3151 3899 3205 τοῦ

2216 3230 2403 3296 νόμου
2448 3230 2545 3282 καὶ
2579 3230 2684 3284 τοῦ
2728 3233 2913 3284 τόπου
2936 3231 3148 3284 τούτου
3185 3230 3416 3298 πάντας
3442 3235 3753 3303 πανταχοῦ
3792 3237 3902 3291 δι-

2216 3315 2487 3370 δάσκων·
2538 3318 2623 3371 ἐτι
2656 3334 2719 3371 τε
2750 3317 2848 3371 καὶ
2884 3318 3193 3386 ⁶Έλληνας
3222 3320 3535 3389 εισήγαγεν
3574 3324 3663 3387 εἰς
3691 3323 3768 3376 τὸ
3806 3327 3904 3379 ιε-

2208 3403 2344 3470 ρὸν,
2372 3404 2468 3456 καὶ
2502 3405 2818 3458 κεκοίνωκε
2848 3406 2955 3459 τὸν
2978 3406 3147 3476 ἅγιον
3174 3408 3361 3462 τόπον
3383 3409 3609 3462 τοῦτον.
3639 3410 3799 3481 Ὅρα.
3827 3414 3902 3467 τὺ

2216 3484 2347 3560 ἦθος
2386 3490 2562 3543 αὐτῶν
2603 3492 2875 3562 πανταχοῦ
2907 3494 3237 3563 ταραχῶδες,
3278 3496 3372 3548 καὶ
3402 3496 3583 3560 ἁπλῶς
3623 3496 3903 3567 βοώντων

2216 3577 2275 3630 ὲν
2321 3577 2399 3647 τῷ
2449 3577 2615 3648 μέσῳ.
2666 3574 2857 3633 Ἦσαν
2906 3583 3017 3648 γὰρ
3065 3582 3388 3649 ἑωρακότες
3428 3586 3723 3654 Τρόφιμον
3782 3590 3905 3643 τὸν

2227 3663 2505 3733 Ἐφέσιον
2532 3665 2600 3718 έν
2624 3664 2699 3733 τῇ
2731 3668 2902 3720 πόλει
2940 3668 3060 3721 σὺν
3080 3668 3259 3735 αὐτῷ,
3283 3670 3354 3723 ὃν
3379 3670 3647 3741 ἐνόμιζον
3672 3673 3769 3727 ὅτι
3803 3680 3902 3743 είς

2214 3753 2282 3807 τὸ
2314 3752 2474 3821 ἱερὸν
2500 3751 2820 3822 εἰσήγαγεν
2852 3757 2885 3807 ό
2923 3754 3183 3822 Παῦλος.
3223 3757 3501 3827 Ἐκινήθη
3530 3777 3593 3813 τε
3623 3762 3662 3829 ἠ
3697 3766 3903 3831 πόλις

2214 3840 2349 3910 ὅλη,
2378 3840 2473 3894 καὶ
2498 3839 2730 3909 ἐγένετο
2760 3841 3068 3912 συνδρομὴ
3110 3842 3215 3899 τοῦ
3237 3845 3389 3900 λαοῦ
3410 3861 3422 3873 ·
3465 3848 3562 3901 καὶ
3596 3848 3904 3905 ἐπιλαϐό-

2208 3946 2379 4000 μενοι
2434 3930 2542 3983 τοῦ
2580 3930 2841 3992 Παύλου.
2902 3925 3106 3985 εἷλκον
3136 3933 3319 3986 αὑτὸν
3371 3933 3486 3998 ἔξω
3532 3936 3639 3989 τοῦ
3673 3940 3858 4004 ἱεροῦ
3883 3954 3901 3969 ·

2214 4016 2313 4070 καὶ
2348 4015 2567 4081 εὐθέως
2595 4017 2999 4085 ἐκλείσθησαν
3046 4021 3105 4071 al
3134 4020 3322 4088 θύραι.
3356 4021 3594 4090 Ἄνδρες
3639 4024 3907 4096 Ἰσραη-

2211 4104 2389 4170 λῖται,
2421 4104 2720 4173 βοηθεῖτε,
2755 4104 2938 4175 φησίν.
2973 4102 3162 4173 Οὗτός
3207 4108 3376 4161 ἐστιν
3406 4111 3439 4162 ό
3477 4110 3810 4179 ἄνθρωπος
3868 4119 3902 4169 ό

2213 4192 2363 4247 κατὰ
2408 4192 2515 4246 τοῦ
2562 4193 2716 4248 λαοῦ
2746 4194 2846 4247 καί
2882 4194 2989 4249 τοῦ
3037 4196 3222 4265 νόμου
3251 4197 3348 4250 καὶ
3378 4196 3485 4251 τοῦ
3523 4200 3713 4253 τόπου
3754 4206 3905 4257 τού-

2212 4298 2339 4334 του.
2375 4281 2443 4333 Ἀ
2496 4280 2728 4351 μάλιστα
2754 4282 2950 4345 αὐτοὺς
2992 4281 3236 4353 ἐθορύϐει
3266 4286 3294 4337 6
3322 4285 3448 4348 ναὸς
3479 4287 3571 4339 καὶ
3602 4287 3633 4338 6
3684 4290 3902 4360 νόμος,

2211 4365 2382 4419 ταῦτα
2407 4365 2738 4436 προφέρουσι
2760 4368 2977 4420 ἐκεῖνοι.
2997 4369 3103 4421 Καὶ
3125 4369 3275 4421 οὐδὲν
3300 4368 3583 4423 ἐνεκάλεσε
3605 4374 3727 4437 τοῖς
3758 4379 3907 4429 ἀπο.

2212 4453 2417 4515 στόλοις
2438 4456 2466 4506 6
2498 4452 2706 4517 Παῦλος
2729 4454 2916 4507 παθὼν
2941 4455 3115 4507 καίτοι
3139 4455 3397 4518 τοσαῦτα,
3428 4458 3507 4509 ὅτι
3534 4458 3687 4510 αὐτοὶ
3709 4464 3905 4516 αἴτιοι

2212 4539 2414 4593 τούτων
2470 4539 2753 4607 γεγόνασιν
2783 4540 2958 4609 αὐτῷ·
3016 4540 3184 4605 οὕτως
3212 4538 3279 4611 ἦν
3323 4544 3720 4613 μεγαλόψυχος.
3786 4552 3905 4604 Καὶ

2211 4626 2416 4682 εἶλκον
2434 4628 2637 4691 αὑτὸν,
2672 4630 2854 4700 φησὶν,
2871 4629 2986 4694 ἔξω
3008 4630 3113 4683 τοῦ
3141 4629 3320 4697 ἱεροῦ·
3345 4632 3441 4685 καὶ
3457 4633 3908 4702 ἐκλείσθησαν

2209 4718 2269 4769 αἱ
2300 4716 2487 4784 θύραι.
2528 4715 2845 4770 Ἐὁούλοντο
2882 4717 2990 4786 γὰρ
3018 4718 3177 4770 αὑτὸν
3224 4719 3432 4771 ἀνελεῖν
3462 4719 3611 4791 [547]
3643 4723 3751 4775 καὶ
3804 4725 3905 4779 διὰ

2208 4802 2364 4855 τοῦτο
2390 4803 2493 4867 ἔξω
2524 4797 2725 4867 εἷλκον,
2750 4804 2887 4857 ὥστε
2918 4806 3053 4875 μετὰ
3087 4804 3328 4869 πλείονος
3354 4807 3535 4870 άδείας
3562 4808 3736 4863 τοῦτο
3768 4831 3905 4865 ποι-

2208 4889 2356 4959 ῆσαι.
2400 4891 2747 4957 Ζητούντων
2778 4890 2846 4944 δέ
2867 4891 3054 4945 αὑτὸν
3075 4892 3439 4956 ἀποκτεῖναι,
3470 4894 3663 4963 ἀνέϐη
3691 4899 3903 4967 φάσις

2207 4978 2287 5044 τῷ
2310 4979 2592 5048 χιλιάρχῳ
2618 4978 2726 5048 τῆς
2745 4982 3016 5049 σπείρας,
3038 4981 3124 5035 ὅτι
3149 4982 3259 5049 ὅλη
3282 4984 3653 5053 συγκέχυται
3668 4989 3901 5056 Ἰερου-

2208 5067 2444 5135 σαλήμ·
2512 5067 2580 5132 ὃς
2630 5067 2888 5135 ἐξαυτῆς
2946 5071 3304 5138 παραλαϐὼν
3358 5073 3732 5141 στρατιώτας
3791 5080 3900 5131 καὶ

2207 5154 2699 5224 ἑκατοντάρχους,
2724 5155 3088 5225 κατέδραμεν
3115 5158 3207 5210 ἐπ’
3240 5160 3478 5225 αὐτούς.
3512 5164 3575 5214 Οἱ
3607 5162 3682 5216 δέ
3717 5166 3903 5219 ἰδόν-

2207 5255 2304 5301 τες
2330 5236 2437 5290 τὸν
2468 5240 2785 5306 χιλίαρχον
2807 5241 2903 5293 καὶ
2932 5241 3073 5305 τοὺς
3105 5243 3487 5309 στρατιώτας,
3518 5246 3906 5305 ἐπαύσαντο

2206 5327 2529 5391 τύπτοντες
2563 5326 2669 5378 τὸν
2721 5326 2988 5383 Παῦλον.
3048 5330 3183 5382 Τότε
3201 5330 3446 5400 ἐγγίσας
3474 5336 3507 5385 ὁ
3528 5337 3905 5405 χιλίαρχος,

2204 5412 2525 5465 ἐπελάϐετο
2588 5415 2792 5473 αὑτοῦ,
2831 5415 2926 5468 καὶ
2962 5417 3252 5471 ἐκέλευσε
3304 5418 3545 5485 δεθῆναι
3605 5422 3908 5483 ἁλύσεσι

2206 5494 2349 5548 δυσί
2369 5512 2381 5526 ·
2430 5497 2523 5549 καί
2557 5497 2941 5561 ἐπυνθάνετο,
2968 5502 3054 5563 τίς
3074 5500 3151 5555 ἂν
3167 5503 3259 5569 ειη
3287 5503 3383 5555 καὶ
3413 5505 3468 5556 τί
3502 5504 3635 5558 ἐστι
3660 5523 3908 5565 πεποι-

2204 5582 2382 5648 ηκώς.
2410 5584 2608 5637 Ἄλλοι
2638 5583 2704 5635 δὲ
2739 5585 2898 5639 ἄλλα
2931 5588 3115 5641 ἐϐίων
3151 5588 3220 5641 ἑν
3246 5588 3324 5653 τῷ
3355 5590 3533 5658 ὄχλῳ.
3575 5593 3690 5645 Καὶ
3730 5598 3909 5663 τίνος

2205 5668 2387 5721 ἕνεκεν
2419 5670 2623 5739 μέλλων
2677 5673 2835 5724 αὑτὸν
2873 5674 3163 5739 ἐξετάζειν,
3203 5678 3454 5731 ἐκέλευσε
3486 5678 3711 5749 δεθῆναι
3751 5686 3906 5740 ἁλύ-

2207 5773 2322 5808 σεσι
2367 5756 2519 5819 δυσί;
2589 5760 3082 5829 Παραμυθούμενος
3142 5764 3230 5816 τὸν
3281 5765 3450 5834 θυμὸν
3515 5768 3609 5819 τοῦ
3668 5768 3907 5840 δήμου.

2203 5842 2299 5911 Mi;
2327 5842 2658 5912 δυνάμενος
2691 5848 2758 5899 δὲ
2790 5848 3000 5915 γνῶναι
3029 5852 3094 5904 τὸ
3126 5852 3399 5920 ἀσφαλὲς
3430 5855 3526 5907 διὰ
3563 5856 3670 5910 τὸν
3690 5860 3906 5928 θόρινο
