3920 6224
279 527 1457 561 ιμ’-ἐρ

271 729 397 787 Car.
456 726 551 781 2i.
590 739 646 779 ν.
690 721 779 777 18.
826 716 1069 785 Sequenti
1095 724 1264 769 autem
1306 712 1389 767 die
1437 710 1678 765 introibat
1708 706 1849 761 Pau-

338 823 421 876 lus
470 816 732 872 nobiscum
760 813 829 866 ad
852 810 1099 865 Jacobum
1116 849 1131 873 ,
1160 820 1428 875 omnesque
1455 799 1729 872 presbyteri
1756 797 1850 851 ad-

337 919 502 966 erant.
528 907 615 963 l9.
637 905 778 973 Quos
803 918 917 956 cum
936 901 1223 963 salutasset,
1248 894 1487 951 narrabat
1512 908 1599 963 per
1622 887 1847 960 singula,

336 1018 451 1069 qua:
479 998 619 1053 Deus
640 1000 836 1067 fecisset
858 994 911 1046 in
930 990 1159 1063 gentibus
1186 1004 1275 1058 per
1300 984 1637 1040 ministerium
1664 981 1846 1052 ipsius.

338 1096 395 1150 ι.
435 1092 536 1147 ilic
572 1089 737 1144 frater
773 1093 889 1141 erat
930 1081 1137 1137 Domini
1165 1088 1219 1133 et
1244 1077 1527 1147 episcopus
1565 1070 1843 1142 Jerosoly-

272 1198 512 1247 morum,
539 1178 623 1234 vir
651 1188 875 1247 magnus
894 1182 948 1228 et
968 1169 1247 1227 mirabilis.
1277 1165 1360 1222 Ad
1388 1165 1532 1219 hunc
1555 1161 1850 1234 ingreditur

274 1276 483 1339 Paulus,
514 1273 652 1328 sicut
675 1277 729 1324 et
752 1275 877 1322 ante
896 1263 1057 1321 etiam
1085 1261 1151 1315 ad
1175 1260 1325 1314 illum
1349 1256 1577 1312 mittitur
1601 1271 1615 1308 :
1640 1262 1694 1309 et
1717 1265 1852 1322 quo-

273 1366 465 1431 modo,
508 1361 655 1418 audi.
695 1358 936 1428 Sequenti
979 1363 1146 1409 autem
1190 1352 1310 1416 die,
1361 1349 1570 1420 inquit,
1614 1343 1851 1400 introibat

282 1460 477 1515 Paulus
508 1455 767 1509 nobiscum
795 1450 863 1504 ad
884 1448 1154 1503 Iacobum.
1196 1443 1327 1499 Vide
1355 1456 1513 1512 quam
1546 1439 1617 1493 sit
1644 1452 1675 1492 a
1714 1436 1847 1490 fastu

273 1552 495 1606 alienus.
541 1547 825 1613 Omnesque
854 1538 1128 1611 presbyteri
1158 1536 1391 1589 aderant.
1439 1532 1578 1599 Quos
1622 1544 1736 1583 cum
1761 1543 1847 1580 sa-

277 1642 500 1704 lutasset,
546 1635 785 1691 narrabat
842 1648 931 1703 per
969 1629 1204 1700 singula,
1234 1641 1347 1697 qua:
1391 1627 1574 1695 fecerat
1613 1620 1751 1674 Deus
1796 1618 1851 1673 in

280 1730 502 1804 gentibus
542 1744 635 1798 per
671 1723 1005 1778 ministerium
1048 1719 1228 1789 ipsius.
1270 1716 1466 1771 lterum
1508 1712 1613 1767 illis
1638 1724 1758 1781 quae
1783 1706 1850 1763 ad

283 1800 463 1893 gentes
487 1816 797 1890 spectabant
822 1820 1034 1869 enarrat
1056 1852 1072 1876 ,
1105 1826 1213 1865 nou
1238 1822 1390 1862 vana:
1420 1804 1604 1876 gloria:
1629 1800 1807 1857 studio
1831 1840 1847 1868 ,

282 1891 448 1975 absit;
479 1910 570 1965 sed
614 1918 675 1963 ut
717 1905 811 1962 Dei
840 1902 1176 1961 clementiam
1205 1898 1552 1963 ostenderet,
1593 1903 1650 1949 et
1685 1891 1850 1948 multa

274 2004 417 2073 ipsos
444 2001 696 2072 impleret
725 1996 927 2053 lzetitia.
970 1992 1104 2048 Vide
1130 2005 1257 2062 ergo
1282 1986 1551 2061 quomodo
1571 1984 1852 2041 audientes

270 2101 437 2155 Deum
468 2096 853 2169 glorificarent.
892 2089 1007 2145 Non
1034 2088 1185 2142 illum
1211 2083 1520 2140 extulerunt
1558 2080 1644 2135 vel
1670 2075 1851 2133 mirati

265 2200 389 2246 sunt
412 2232 427 2257 ,
460 2189 559 2245 sed
591 2187 752 2242 Deum
776 2180 1127 2255 gloriﬁcabant
1152 2194 1171 2233 :
1202 2178 1274 2231 ita
1301 2189 1443 2231 enim
1475 2171 1767 2234 narrabat,
1795 2175 1853 2222 ut

263 2286 339 2339 illi
370 2299 488 2338 rem
512 2279 863 2335 adscriberet.
894 2274 984 2330 20.
1017 2272 1082 2327 At
1110 2272 1187 2326 illi
1208 2286 1321 2324 cum
1346 2267 1625 2330 audissent,
1653 2260 1852 2334 magni-

266 2376 496 2443 ﬁcabant
513 2370 700 2435 Deum,
724 2370 1058 2435 dixeruntque
1078 2363 1124 2418 ei
1147 2378 1166 2417 :
1196 2360 1368 2425 Vides,
1391 2359 1575 2429 frater,
1599 2362 1719 2426 quot
1737 2358 1853 2407 sunt

266 2467 432 2519 millia
462 2465 517 2518 in
546 2461 762 2525 Iudicis,
790 2459 880 2529 qui
907 2454 1265 2518 crediderunt;
1308 2461 1355 2507 et
1385 2465 1554 2505 omnes
1580 2446 1851 2502 tumulata-

264 2575 344 2611 res
355 2567 481 2611 sunt
508 2555 649 2625 legis.
680 2551 961 2606 Audierant
987 2556 1152 2601 autem
1174 2544 1236 2599 de
1261 2553 1326 2611 te,
1356 2542 1475 2613 quia
1497 2537 1853 2594 discessionem

264 2652 455 2703 doceas
484 2665 516 2701 a
546 2646 722 2716 Moyse
748 2660 855 2710 eos,
885 2642 968 2710 qui
996 2641 1127 2693 inter
1154 2646 1323 2709 gentes
1348 2643 1504 2697 sunt,
1544 2646 1716 2686 omnes
1753 2627 1855 2683 Ju-

264 2726 410 2795 dteos
430 2779 447 2804 ,
489 2739 660 2792 dicens
685 2752 769 2791 eos
797 2751 898 2789 non
929 2733 1104 2786 debere
1129 2726 1486 2804 circumcidere
1517 2725 1651 2795 ﬁlios
1691 2738 1811 2778 suos
1833 2760 1852 2788 ,

264 2848 431 2903 neque
460 2830 543 2883 his
566 2824 1009 2883 consuetudinibus
1038 2820 1292 2876 incedere.
1334 2816 1468 2873 Vide
1506 2831 1627 2871 cum
1656 2821 1853 2885 quanta

269 2935 322 2981 et
362 2923 421 2976 hi
448 2919 716 2975 modestia
743 2918 1049 2988 loquantur.
1090 2912 1207 2967 Non
1238 2911 1390 2982 quasi
1418 2909 1701 2979 episcopus
1728 2921 1854 2962 cum

263 3015 600 3072 auctoritate
632 3011 888 3081 loquitur,
917 3007 1011 3063 sed
1038 3006 1187 3060 illum
1218 3005 1270 3058 iu
1298 3002 1506 3058 consilii
1533 3000 1738 3056 socium
1763 3012 1854 3055 as-

264 3116 511 3170 sumunt;
540 3118 603 3159 ac
628 3104 671 3159 si
697 3101 874 3157 statim
902 3109 954 3156 et
978 3098 1046 3154 ab
1075 3098 1227 3153 initio
1256 3096 1517 3152 rationem
1546 3091 1853 3155 redderent.

264 3200 623 3267 dieerentque
651 3212 665 3249 :
696 3193 813 3249 Non
840 3192 1112 3247 vellemus.
1145 3188 1305 3244 Vides
1338 3187 1415 3242 rei
1442 3181 1856 3241 necessitatem?

276 3289 459 3353 Vides,
478 3286 748 3357 inquiunt,
765 3292 884 3355 quot
911 3282 1011 3337 sint
1036 3281 1199 3335 millia
1226 3281 1280 3333 in
1302 3278 1497 3332 Iudaeis
1522 3277 1607 3347 qui
1632 3275 1857 3330 credide-

269 3382 427 3435 runt?
445 3379 561 3435 Nec
580 3378 780 3433 dicunt.
802 3375 943 3442 Quot
962 3373 1126 3429 millia
1149 3371 1551 3435 instituerimus,
1575 3367 1671 3424 sed
1697 3367 1851 3423 Sunt.

276 3472 339 3526 Et
367 3473 427 3526 hi
453 3511 472 3538 ,
526 3470 805 3539 inquiunt,
833 3483 1005 3521 omnes
1032 3464 1346 3519 aemulatores
1373 3470 1492 3516 sunt
1537 3460 1683 3531 legis.
1727 3458 1856 3514 Duae

273 3578 457 3618 causa
477 3569 626 3626 sunt,
653 3568 707 3615 et
728 3555 1005 3613 multitudo
1030 3565 1084 3610 et
1109 3553 1458 3623 propositum.
1488 3550 1670 3621 Neque
1689 3548 1857 3616 enim,

270 3656 315 3710 si
347 3654 511 3723 pauci
539 3650 781 3714 fuissent,
812 3644 1186 3703 contemnendi
1214 3652 1388 3708 erant;
1414 3657 1586 3712 neque
1613 3641 1659 3696 si
1681 3640 1857 3707 multi,

272 3755 330 3801 et
352 3760 467 3799 non
496 3755 683 3797 omnes
716 3740 887 3809 legem
914 3737 1295 3802 retinuissent,
1324 3747 1643 3804 magnopere
1669 3746 1864 3786 curan-

274 3838 411 3891 dum
440 3842 577 3891 erat.
617 3832 834 3888 Accedit
861 3838 916 3884 et
945 3828 1098 3883 tertia
1128 3840 1288 3882 causa
1335 3842 1349 3879 :
1404 3842 1423 3876 (
1474 3824 1538 3878 Et
1578 3822 1633 3877 bi
1673 3836 1863 3877 omnes

277 3928 464 3984 cdocti
489 3933 619 3980 sunt
642 3924 709 3979 de
739 3932 791 3978 te
816 3963 831 3988 ,
861 3919 1031 3990 inquit
1052 3959 1068 3983 ,
1095 3916 1236 3988 quod
1261 3915 1640 3972 discessionem
1669 3913 1865 3969 doceas

279 4039 312 4078 a
342 4022 535 4093 Moyse
562 4033 655 4073 eos
680 4030 867 4071 omnes
884 4055 899 4079 ,
928 4012 1019 4083 qui
1047 4012 1186 4066 inter
1212 4018 1399 4081 gentes
1424 4017 1580 4071 sunt.
1605 4006 1821 4062 Judazos
1845 4045 1862 4073 ,

282 4114 479 4169 dicens
506 4125 613 4165 non
639 4106 831 4163 debere
856 4119 950 4160 eos
974 4100 1358 4159 circumcidere
1384 4100 1518 4155 filios
1542 4113 1668 4155 suos
1692 4112 1867 4168 neque

285 4206 343 4260 in
374 4198 853 4258 consuetudinibus
875 4195 981 4250 illis
1006 4192 1273 4248 incedere.
1314 4208 1333 4243 ι
1363 4189 1477 4245 Νοη
1502 4189 1686 4245 dicunt
1709 4229 1724 4254 ,
1755 4189 1867 4244 Au-

286 4300 532 4359 dierant;
558 4292 671 4357 sed,
696 4290 878 4346 Edocti
902 4296 1039 4353 sunt,
1068 4285 1116 4341 id
1142 4293 1252 4351 est,
1282 4282 1507 4338 instituti
1529 4290 1727 4337 suntet
1751 4295 1871 4336 cre-

288 4390 548 4447 diderunt
571 4426 587 4452 ,
629 4385 764 4455 quod
788 4380 1143 4436 discessionem
1167 4393 1199 4430 a
1224 4376 1402 4447 Moyse
1444 4374 1642 4440 doceas,
1698 4374 1869 4428 dicens

291 4500 395 4538 non
424 4480 599 4534 debere
641 4493 723 4530 eos
748 4471 1107 4528 circumcidere
1148 4469 1282 4539 ﬁlios
1302 4484 1441 4533 suos,
1483 4483 1641 4538 neque
1666 4468 1721 4521 in
1748 4483 1872 4520 con-

292 4570 645 4630 suetudinibus
662 4568 763 4621 illis
780 4564 1029 4620 incedere.
1053 4562 1179 4617 Post
1203 4561 1316 4615 haec
1340 4559 1573 4616 subdidit
1591 4576 1604 4612 :
1622 4558 1711 4611 22.
1734 4557 1870 4624 Quid

294 4683 421 4736 ergo
439 4673 512 4717 est
536 4662 562 4714 .’
611 4660 791 4727 Utique
819 4665 1013 4724 oportet
1038 4653 1301 4708 convenire
1338 4650 1709 4705 multitudinem
1736 4666 1754 4704 :
1778 4666 1875 4704 au-

294 4762 440 4813 dient
465 4755 595 4809 enim
625 4763 670 4805 te
693 4752 899 4805 venisse.
935 4746 1027 4801 25.
1058 4744 1171 4800 Hoc
1195 4761 1312 4815 ergo
1341 4748 1445 4815 fac,
1476 4744 1610 4813 quod
1634 4743 1721 4797 tibi
1744 4742 1874 4796 dici-

299 4867 435 4906 ntus.
476 4846 639 4915 Quasi
668 4842 948 4898 consilium
974 4839 1162 4893 dantes
1201 4845 1303 4891 hoc
1338 4836 1553 4902 dicunt,
1586 4849 1694 4889 non
1723 4834 1872 4904 quasi

300 4948 445 5013 impe
474 4952 649 4994 antes.
696 4955 716 4989 ι
748 4937 882 4991 Sunt
906 4933 1059 4987 nobis
1085 4930 1182 4986 viri
1209 4938 1440 5000 quatuor
1463 4938 1644 4983 votum
1672 4927 1875 4982 haben-

300 5048 383 5089 tes
411 5046 572 5101 super
591 5044 669 5085 se.
691 5028 782 5082 24.
810 5026 902 5079 llis
920 5024 1207 5091 assumptis
1228 5019 1499 5075 sanctifica
1526 5029 1578 5075 te
1599 5034 1721 5074 cum
1745 5017 1872 5086 illis,

299 5138 354 5181 et
386 5119 636 5192 impende
665 5119 716 5171 in
745 5115 848 5170 illis
872 5155 888 5179 ,
920 5124 978 5168 ut
1007 5113 1196 5167 radunt
1220 5110 1391 5180 capita
1419 5152 1434 5178 ,
1475 5119 1530 5165 et
1563 5109 1736 5165 sciant
1755 5123 1874 5162 om-

304 5233 399 5271 nes
424 5255 440 5279 ,
482 5213 603 5285 quia
637 5225 754 5281 qua!
780 5208 847 5264 de
876 5218 929 5263 te
956 5205 1242 5260 audierunt
1271 5202 1402 5258 falsa
1440 5212 1602 5267 sunt,
1646 5201 1739 5255 sed
1765 5216 1879 5254 am-

304 5311 461 5365 bulas
486 5317 542 5361 et
567 5306 679 5374 ipse
705 5300 1012 5357 custodiens
1040 5300 1234 5368 legem.
1268 5315 1287 5349 ι
1330 5296 1630 5350 Consulunt
1654 5303 1710 5348 ut
1737 5308 1795 5347 re
1824 5301 1880 5346 et

302 5414 491 5471 ope-re,
524 5412 628 5449 non
656 5406 903 5448 sermone
931 5388 1304 5445 defensionem
1335 5395 1505 5457 paret.
1551 5383 1617 5439 Ut
1668 5384 1874 5450 radant,

303 5489 513 5559 inquit,
543 5495 589 5539 et
617 5485 777 5538 sciant
808 5498 977 5536 onines
1001 5520 1017 5545 ,
1048 5478 1167 5550 quia
1195 5492 1309 5545 quae
1336 5476 1497 5530 edocti
1527 5484 1643 5527 sunt
1696 5474 1760 5528 de
1787 5483 1835 5528 te
1858 5512 1874 5538 ,

303 5585 441 5653 falsa
469 5587 607 5633 sunt.
646 5575 764 5631 Non
792 5575 1074 5639 dixerunt,
1106 5572 1186 5626 Tu
1216 5570 1377 5626 doces
1401 5609 1416 5633 ,
1447 5568 1545 5624 sed
1574 5567 1875 5632 Audierunt,

301 5689 522 5732 mnum
552 5670 655 5725 hoc
682 5669 847 5723 verbo
875 5666 1182 5737 signiﬁcans
1205 5706 1219 5729 ,
1249 5662 1425 5718 edocti
1469 5668 1633 5725 sunt,
1660 5669 1713 5713 et
1738 5658 1881 5729 quod

300 5766 569 5829 Ambula,
598 5761 650 5816 id
676 5769 788 5823 est.
821 5775 885 5815 ex
912 5757 1195 5813 abundanti
1226 5757 1337 5828 ipse
1364 5768 1570 5811 serves.
1598 5751 1711 5807 Non
1735 5750 1879 5807 enim

306 5862 413 5918 hoc
443 5856 621 5913 solum
650 5852 987 5925 quarebatur
1010 5893 1026 5919 ,
1053 5866 1120 5906 au
1145 5852 1281 5910 alios
1308 5850 1532 5920 doceret
1559 5887 1575 5916 ,
1603 5844 1697 5902 sed
1720 5845 1880 5901 etiam

1216 404 1285 462 IN
1324 402 1499 459 ACTA
1541 394 2057 456 APOSTOLORUM.
2100 394 2327 450 llOMIL.
2369 393 2552 451 XLVI.

1466 524 1938 623 “nom-ut
1979 524 2200 616 mni

3426 399 3531 455 322

3258 517 3512 533 ..υ-*ο

1953 719 2021 759 an
2054 704 2167 773 ipse
2206 709 2465 758 servaret.
2505 699 2643 768 Quid
2689 715 2854 772 ergo,
2896 701 2941 758 si
2981 710 3169 772 gentes
3196 702 3475 759 didicerint
3502 744 3518 766 ,

1956 794 2160 864 inquit,
2194 807 2370 847 annon
2401 790 2775 847 offendentur?
2803 791 2980 859 Quare
3004 833 3019 857 ,
3051 806 3173 846 cum
3228 808 3326 848 nos
3354 792 3527 848 Judtei

1956 885 2202 940 doctores
2229 882 2374 938 illum
2398 882 2462 936 ad
2490 892 2675 953 gentes
2700 882 3046 938 miserimus?
3074 883 3163 938 25.
3194 899 3214 934 ι
3246 884 3320 938 De
3347 883 3411 937 iis
3436 899 3531 935 au-

1956 983 2063 1030 tem
2083 1014 2098 1041 ,
2130 974 2217 1045 qui
2244 972 2584 1030 crediderunt
2611 989 2675 1027 ex
2705 972 2952 1043 gentibus
2972 1013 2987 1036 ,
3025 986 3123 1027 nos
3164 974 3479 1042 scripsimus
3500 1015 3517 1039 ,

1955 1069 2303 1126 decernentes
2332 1086 2399 1126 ne
2425 1070 2549 1140 quid
2573 1068 2874 1140 bujusmodi
2900 1070 3220 1136 observent,
3249 1071 3342 1126 sed
3364 1071 3529 1125 absti-

1955 1170 2116 1218 neant
2143 1161 2210 1217 ab
2239 1162 2303 1217 iis
2326 1203 2342 1227 ,
2374 1178 2492 1232 quae
2524 1161 2797 1217 immolata
2826 1171 2953 1217 sunt
2984 1162 3140 1218 idolis
3165 1202 3182 1229 ,
3213 1178 3242 1217 a
3272 1165 3530 1233 sanguine

1955 1262 2008 1307 et
2033 1251 2294 1309 sul'focato
2315 1263 2369 1308 et
2398 1252 2772 1308 fornicatione.
2808 1272 2827 1306 ι
2857 1253 2955 1309 Hic
2978 1254 3245 1309 monendo
3273 1255 3525 1325 loquitur:

1955 1346 2070 1399 vult
2108 1355 2284 1400 autem
2325 1344 2506 1401 dicere
2529 1386 2544 1412 ,
2577 1345 2646 1401 Ut
2687 1360 2785 1400 nos
2830 1346 2959 1415 ipsis
3001 1347 3355 1417 pra-cepimus
3378 1387 3394 1413 ,
3423 1349 3524 1404 etsi

1953 1439 2149 1495 Judzeis
2174 1439 2523 1510 prmdicantes
2555 1458 2567 1493 :
2595 1439 2672 1494 sic
2703 1448 2757 1494 et
2784 1447 2838 1493 tu
2860 1479 2875 1502 ,
2908 1440 3006 1493 etsi
3034 1439 3284 1509 gentibus
3328 1440 3526 1510 pradi-

1963 1548 2093 1599 ces,
2142 1547 2433 1603 cooperare
2477 1532 2773 1585 nobiscum.
2817 1532 3049 1585 Observa
3095 1530 3314 1586 Paulum
3358 1549 3371 1584 :
3423 1547 3528 1586 non

1955 1624 2119 1690 dicit,
2158 1623 2379 1678 Possum
2420 1623 2600 1692 utique
2641 1622 2981 1677 Timotheum
3025 1621 3292 1676 adducere
3315 1662 3332 1691 ,
3364 1637 3525 1692 quem

1954 1713 2261 1770 circumcidi
2285 1755 2300 1780 ,
2330 1722 2385 1769 et
2411 1728 2624 1783 possum
2652 1713 2751 1767 hoc
2775 1728 3025 1767 sermone
3047 1712 3403 1782 persuadere;
3430 1712 3526 1767 sed

1955 1805 2341 1875 obtemperavit
2369 1806 2476 1869 eis,
2509 1812 2564 1860 et
2600 1805 2776 1859 omnia
2823 1804 2946 1859 fecit
2976 1822 2989 1859 :
3017 1806 3214 1860 etenim
3243 1806 3321 1861 sic
3360 1822 3525 1876 expe-

1957 1896 2153 1952 diebat.
2179 1896 2292 1951 Non
2312 1897 2455 1952 enim
2485 1896 2623 1951 idem
2652 1905 2768 1951 erat
2789 1897 3047 1952 rationem
3069 1897 3248 1952 verbis
3273 1897 3519 1966 reddere,

1955 1997 2010 2044 et
2038 1989 2249 2044 nemine
2286 1988 2501 2045 conscio
2532 1988 2633 2043 hoc
2676 1989 2869 2044 facere.
2910 1987 3227 2057 Suspicione
3269 1990 3528 2053 carebat,

1956 2079 2095 2150 quod
2125 2079 2282 2135 etiam
2312 2078 2662 2149 impenderet.
2708 2079 2799 2133 26.
2853 2078 2993 2133 Tunc
3018 2078 3218 2133 Paulus
3257 2082 3530 2149 assumptis

1955 2171 2095 2236 viris,
2129 2177 2328 2241 postera
2353 2171 2435 2225 die
2462 2170 2759 2241 puriﬁcatus
2787 2186 2901 2223 cum
2928 2169 3032 2223 illis
3050 2209 3067 2236 ,
3094 2170 3296 2223 intravit
3322 2171 3374 2225 in
3401 2180 3527 2225 tem-

1957 2264 2098 2338 plum
2120 2305 2136 2329 ,
2165 2263 2470 2317 annuntians
2510 2261 2843 2332 expletionem
2876 2261 3070 2315 dierum
3118 2262 3487 2332 puriﬁcationis
3508 2301 3526 2328 ,

1957 2357 2114 2411 donec
2137 2354 2404 2423 offerretur
2422 2368 2514 2425 pro
2536 2369 2635 2407 uno
2660 2368 2856 2423 quoque
2881 2368 3051 2407 eorum
3076 2352 3283 2407 oblatio.
3314 2353 3528 2407 Annun-

1956 2449 2116 2514 tians,
2159 2447 2261 2502 hoc
2286 2455 2403 2512 est,
2449 2446 2724 2501 declarans
2752 2463 2766 2503 :
2798 2446 2977 2516 itaque
3003 2446 3115 2515 ipse
3142 2456 3258 2501 erat
3287 2447 3374 2516 qni
3405 2460 3527 2503 sese

1956 2540 2297 2598 manifestum
2328 2539 2568 2596 faciebat.
2607 2539 2696 2594 27.
2735 2538 2863 2596 Cum
2885 2548 3049 2593 autem
3077 2550 3266 2610 septem
3296 2541 3401 2595 dies
3416 2543 3529 2611 jam

1956 2634 2202 2706 implendi
2228 2642 2413 2689 essent.

2026 2726 2082 2781 2.
2124 2725 2256 2780 Vide
2271 2723 2541 2795 quomodo
2573 2722 2907 2791 potissimum
2940 2722 2992 2777 in
3040 2722 3145 2777 illis
3175 2730 3433 2777 moratur.
3480 2722 3531 2778 li

1958 2818 2043 2889 qui
2067 2827 2209 2871 erant
2239 2833 2301 2871 ex
2330 2817 2453 2870 Asia
2480 2814 2673 2880 Judwi,
2716 2830 2828 2868 cum
2852 2814 3087 2868 vidissent
3113 2831 3225 2867 eum
3250 2816 3300 2868 in
3321 2817 3526 2883 templo.

1959 2910 2329 2964 concitaverunt
2354 2914 2508 2959 totam
2538 2905 2755 2970 turbam,
2787 2913 2835 2958 et
2863 2905 3139 2973 injecerunt
3166 2906 3218 2958 in
3242 2906 3388 2960 illum
3417 2924 3529 2960 ma-

1959 3017 2074 3066 nus,
2105 2998 2380 3053 clamantes
2409 2997 2533 3052 :28.
2573 2996 2681 3050 Viri
2723 2994 3003 3061 Israelitte,
3044 2997 3279 3067 adjuvate
3305 3014 3325 3053 :
3354 3000 3435 3052 hic
3459 3009 3532 3053 est

1961 3092 2141 3155 Immo,
2171 3090 2257 3162 qui
2293 3090 2533 3144 adversus
2574 3088 2817 3159 papulum
2856 3097 2903 3141 et
2947 3088 3106 3158 legem
3130 3098 3176 3142 et
3202 3090 3368 3143 locum
3399 3092 3533 3146 hunc

1961 3199 2132 3237 omnes
2178 3180 2361 3251 ubique
2403 3179 2615 3242 docens,
2658 3178 2865 3246 insuper
2905 3186 2951 3231 et
2993 3178 3201 3247 gentiles
3248 3179 3447 3233 induxit
3477 3181 3534 3235 in

1963 3272 2205 3343 templum
2223 3312 2239 3336 ,
2262 3280 2309 3325 et
2335 3268 2538 3325 violavit
2564 3276 2791 3322 sanctum
2818 3268 2979 3321 locum
3001 3269 3173 3322 istum.
3205 3269 3337 3325 Vide
3357 3285 3534 3326 mores

1962 3380 2148 3421 eorum
2174 3362 2368 3432 ubique
2394 3359 2751 3423 turbulentos,
2777 3358 3027 3427 ipsosque
3050 3358 3100 3413 in
3128 3358 3304 3415 medio
3332 3368 3536 3417 temere

1963 3456 2274 3511 clamantes.
2305 3451 2395 3507 29.
2434 3449 2674 3504 Viderunt
2720 3447 2855 3501 enim
2882 3447 3214 3519 Tropltimum
3262 3450 3538 3520 Ephesium

1964 3547 2017 3601 in
2039 3546 2234 3600 civitate
2258 3560 2373 3598 cum
2415 3545 2554 3612 ipso.
2587 3560 2733 3609 quem
2774 3541 3143 3595 wstiiitaverant
3181 3542 3317 3610 quod
3340 3543 3393 3596 in
3424 3553 3540 3596 tem-

1968 3642 2106 3711 plum
2135 3639 2491 3693 introduxisset
2518 3638 2737 3696 Paulus.
2767 3638 2857 3697 50.
2888 3638 3246 3708 Commotaque
3272 3646 3343 3693 est
3369 3638 3541 3691 civitas

1968 3738 2072 3784 tota
2092 3769 2108 3795 ,
2133 3739 2179 3783 et
2203 3733 2340 3799 facta
2377 3739 2450 3783 est
2475 3732 2737 3786 concursio
2768 3730 2945 3801 populi
2976 3746 2994 3784 :
3020 3739 3068 3784 et
3108 3728 3542 3800 apprehendentes

1970 3819 2215 3885 Paulum,
2238 3820 2502 3875 trahebant
2530 3838 2646 3875 eum
2674 3832 2817 3875 extra
2841 3821 3082 3891 templum
3105 3836 3123 3874 :
3153 3830 3198 3874 et
3220 3821 3390 3874 statim
3409 3819 3544 3873 clau-

1968 3930 2039 3969 sa:
2065 3921 2182 3967 sunt
2220 3912 2415 3981 ianum.
2469 3911 2575 3965 Viri
2617 3910 2903 3977 lsraelitw,
2946 3911 3223 3980 adjuvate,
3281 3910 3541 3979 inquiunt.

1973 4006 2074 4061 Hic
2107 4014 2177 4059 est
2199 4004 2348 4057 homo
2372 4002 2457 4071 qui
2484 4003 2721 4055 adversus
2756 4001 3000 4071 populum
3031 4010 3075 4053 et
3099 4002 3258 4069 legem
3290 4004 3341 4053 et
3380 4002 3545 4053 locum

1970 4098 2141 4153 istum.
2173 4094 2303 4162 Qua:
2332 4093 2451 4148 illos
2483 4092 2714 4146 maxime
2734 4090 3049 4154 turbabant,
3086 4090 3340 4156 templum
3370 4099 3425 4143 et
3463 4091 3543 4143 le-

1973 4206 2091 4261 gem
2111 4231 2126 4255 ,
2160 4188 2275 4243 huc
2299 4185 2585 4258 proferunt
2624 4184 2722 4239 illi.
2752 4182 2935 4252 Neque
2977 4182 3175 4237 Paulus
3196 4181 3312 4235 hmc
3341 4182 3547 4250 patiens

1974 4283 2043 4340 de
2070 4282 2154 4338 his
2182 4280 2281 4336 etsi
2328 4279 2491 4334 tantis
2533 4275 2804 4348 apostolos
2830 4272 3134 4339 accusavit,
3165 4272 3303 4342 quod
3360 4271 3459 4341 ipsi
3493 4271 3545 4325 in

1975 4390 2133 4432 causa
2182 4373 2373 4429 horum
2414 4377 2638 4426 essent:
2687 4367 2822 4424 adeo
2865 4375 2982 4422 erat
3041 4363 3429 4434 magnanimus.
3481 4362 3549 4416 Et

1978 4468 2238 4523 trahebant
2263 4480 2403 4528 eum,
2435 4462 2646 4533 inquit,
2675 4469 2818 4515 extra
2843 4457 3085 4528 templum
3109 4473 3128 4511 :
3158 4466 3201 4511 et
3230 4455 3415 4509 clausa:
3433 4464 3550 4508 sunt
3582 4460 3596 4511 ἴ

1978 4562 2167 4627 ianuae.
2196 4556 2459 4611 Volebant
2502 4552 2642 4609 enim
2673 4552 2821 4606 illum
2864 4548 3200 4612 interﬁcere;
3249 4546 3369 4601 ideo
3409 4545 3551 4600 foras

1979 4650 2126 4705 illum
2153 4647 2453 4710 trahebant,
2481 4652 2541 4699 ut
2565 4658 2684 4698 cum
2709 4642 2911 4710 majore
2934 4639 3144 4694 licentia
3171 4638 3271 4691 hoc
3296 4637 3549 4691 facerent.

1980 4743 2068 4799 51.
2098 4738 2444 4807 Quaerentibus
2489 4746 2655 4789 autem
2700 4734 2806 4788 illis
2835 4749 2949 4786 eum
2977 4730 3238 4796 occidere,
3268 4730 3551 4782 nuntiatum

1981 4841 2053 4887 est
2070 4831 2266 4885 tribuno
2283 4828 2523 4893 cohortis,
2545 4825 2678 4896 quod
2698 4833 2803 4878 tota
2822 4822 3213 4891 confunderetur
3226 4817 3511 4871 Jerusalem
3528 4832 3547 4870 :

1982 4924 2071 4981 ⁸52.
2105 4923 2203 4990 Qui
2230 4922 2396 4975 statim
2430 4916 2701 4986 assumptis
2728 4913 2968 4967 militibus
2996 4921 3041 4965 et
3067 4908 3435 4963 centurionibus
3461 4908 3547 4959 de-

1982 5017 2136 5070 currit
2160 5013 2227 5066 ad
2253 5014 2387 5066 illos.
2429 5009 2528 5074 Qui
2556 5023 2668 5060 cum
2698 5006 2933 5059 vidissent
2977 5001 3230 5054 tribunum
3259 5008 3305 5052 et
3332 4999 3513 5053 milites
3532 5038 3550 5066 ,

1983 5115 2293 5162 cessaverunt
2320 5111 2572 5172 percutere
2606 5097 2849 5151 Paulum.
2883 5095 2973 5149 33.
3005 5092 3150 5146 Tunc
3192 5091 3432 5144 accedens
3458 5092 3549 5143 tri.

1985 5202 2146 5255 bunus
2174 5193 2505 5268 apprehendit
2546 5207 2690 5253 eum,
2732 5198 2778 5242 et
2806 5186 2955 5254 iussit
2980 5201 3094 5239 eum
3131 5182 3336 5253 alligari
3368 5182 3532 5236 cateni

1985 5290 2180 5344 duabus
2209 5303 2227 5341 :
2254 5296 2300 5340 et
2328 5280 2666 5352 interrogabat
2708 5278 2819 5349 quis
2854 5285 2982 5330 esset
3010 5283 3055 5329 et
3078 5273 3199 5345 quid
3231 5272 3445 5343 fecisset.
3465 5272 3547 5327 δὲ.

1986 5382 2088 5435 Alii
2113 5389 2281 5432 autem
2302 5374 2444 5429 aliud
2482 5369 2764 5426 clamabant
2799 5368 2853 5421 in
2881 5366 3043 5421 turba.
3072 5363 3142 5419 Et
3169 5379 3263 5418 cur
3287 5362 3497 5417 cxamiu
3517 5381 3548 5415 l-

1988 5481 2140 5525 turus
2189 5481 2310 5521 eum
2352 5462 2507 5534 jussit
2539 5460 2691 5529 ligari
2735 5460 2939 5513 catenis
2979 5456 3222 5511 duabus?
3268 5453 3333 5510 Ut
3378 5451 3556 5523 pupuli

1989 5561 2223 5616 furorem
2251 5556 2536 5624 mitigaret.
2574 5552 2636 5604 Et
2671 5566 2785 5603 cum
2814 5566 2915 5603 non
2957 5558 3121 5618 posset
3149 5556 3335 5601 certum
3376 5556 3557 5609 cogno-

1991 5671 2125 5711 scere
2149 5667 2253 5722 prae
2281 5647 2497 5703 tumultu
2517 5686 2532 5713 ,
2562 5644 2708 5710 iussit
2740 5643 2856 5696 duci
2882 5658 2996 5695 eum
3040 5640 3091 5691 in
3140 5649 3322 5690 castra.
3364 5636 3446 5687 31;.
3496 5632 3557 5683 lit

1990 5765 2103 5804 cum
2131 5744 2338 5799 venisset
2364 5740 2430 5795 ad
2453 5738 2641 5811 gradus
2662 5778 2676 5800 ,
2705 5735 2949 5805 contingit
2977 5741 3033 5785 ut
3062 5738 3345 5798 portaretur
3370 5741 3399 5775 tt
3422 5724 3557 5776 mili-

1993 5843 2120 5898 tibus
2143 5846 2344 5909 pmpter
2373 5834 2471 5888 vim
2494 5830 2709 5903 pepuli:
2744 5828 2833 5884 '56.
2880 5821 3171 5894 sequebatur
3214 5819 3344 5872 enim
3388 5818 3561 5870 multi.
