4028 6218
424 308 527 366 3Ξῦ

424 435 544 478 :mto
592 426 804 495 pepuli,
859 424 1086 479 clamans
1112 438 1132 478 :
1163 421 1302 476 Tolle
1338 436 1472 474 eum.
1512 420 1649 486 Quid
1694 430 1812 482 est,
1858 418 1999 471 Tolle

427 519 579 571 eunt?
602 517 716 571 Mos
743 525 859 572 erat
885 514 1085 571 Jodaeis
1107 555 1124 580 ,
1151 523 1334 569 contra
1365 526 1480 578 eos,
1507 525 1640 582 quos
1664 511 1996 572 damnarent,

426 608 497 661 ita
529 608 710 677 loqui,
742 615 879 662 utet
904 616 1095 662 contra
1119 604 1391 661 Christum
1417 604 1690 668 fecerunt,
1721 602 1996 668 dicentes,

424 697 570 751 Tulle
607 700 789 764 illum;
841 699 941 754 hoc
985 709 1105 762 est,
1151 697 1219 752 de
1257 712 1480 751 numero
1518 694 1811 750 viventium
1856 694 1994 749 dele.

422 788 651 854 Quidam
676 803 807 843 vero
836 789 1020 843 dicunt
1045 832 1058 854 ,
1092 788 1144 842 id
1175 802 1293 842 esse
1321 786 1463 857 quod
1489 785 1627 856 apud
1655 800 1754 841 nos
1774 801 1838 840 ex
1884 784 1998 840 Ro-

425 898 577 934 tnana
605 881 990 936 consuetudine
1028 881 1222 935 dicitur
1255 898 1268 933 :
1299 879 1527 934 lmmitte
1553 879 1699 933 illum
1728 880 1778 933 in
1826 878 1995 948 signa.

423 975 511 1027 '57.
548 972 615 1026 Et
642 990 756 1027 cum
782 975 1006 1043 coepisset
1041 973 1093 1026 in
1116 982 1282 1026 castra
1302 972 1475 1025 induci
1509 969 1726 1036 Paulus,
1766 970 1886 1023 dicit
1911 968 2001 1022 tri-

424 1064 555 1116 buno
583 1078 603 1117 :
634 1064 693 1117 Si
718 1064 830 1117 licet
856 1064 981 1116 mihi
1026 1063 1161 1134 loqui
1203 1064 1272 1117 ad
1308 1072 1374 1117 te.
1418 1061 1550 1118 Cum
1603 1072 1903 1132 gestaretur
1946 1061 1999 1117 in

426 1153 700 1223 gradibus,
722 1156 850 1223 petit
866 1154 1114 1224 quiddam
1140 1154 1354 1209 tribuno
1378 1155 1577 1212 dicere.
1612 1153 1677 1209 Et
1702 1154 1820 1210 vide
1842 1169 1999 1222 quam

437 1255 711 1300 mansuete
740 1262 755 1298 :
785 1245 847 1299 Si
867 1246 990 1298 mihi
1017 1246 1131 1299 licet
1157 1246 1295 1315 loqui
1322 1247 1389 1297 ad
1416 1255 1481 1308 te,
1510 1245 1697 1314 inquit.
1730 1244 1827 1311 Qui
1851 1244 1997 1310 dixit,

428 1333 601 1389 Greece
627 1336 804 1389 nosti?
830 1337 917 1392 58.
953 1335 1138 1391 Nonne
1166 1346 1219 1391 tu
1245 1353 1296 1391 es
1320 1336 1598 1408 Egyptius
1623 1379 1638 1404 ,
1668 1338 1753 1407 qui
1781 1347 1896 1389 ante
1909 1338 2000 1391 hos

426 1428 530 1481 dies
569 1428 835 1481 tumultum
865 1430 1126 1483 concitasti
1146 1470 1161 1493 ,
1190 1440 1235 1484 et
1266 1430 1483 1483 eduxisti
1507 1431 1563 1483 in
1591 1430 1839 1483 desertum
1871 1446 1999 1500 qua-

429 1530 542 1573 tuor
570 1520 733 1573 millia
758 1522 979 1574 virorum
1005 1523 1303 1576 sicariorum
1321 1524 1346 1576 ?
1374 1522 1470 1577 Hic
1511 1522 1793 1592 Aigyptius
1842 1523 1999 1577 homo

426 1620 560 1670 erat.
590 1610 831 1679 quaedam
860 1612 1121 1666 iunovans
1150 1624 1203 1667 et
1232 1613 1537 1667 seditiosus.
1567 1613 1677 1667 Hac
1705 1613 1770 1667 de
1798 1628 1857 1666 re
1882 1627 2000 1667 sese

425 1713 615 1771 purgat
640 1704 855 1766 Paulus,
878 1712 932 1757 et
957 1704 1111 1758 dictis
1138 1706 1247 1759 suis
1269 1705 1407 1759 tollit
1423 1705 1997 1775 suspicionennVerum

429 1795 671 1861 superius
702 1795 835 1847 lecta
870 1805 1191 1863 repetamus.
1237 1796 1373 1850 Sunt
1416 1798 1558 1850 nobis
1584 1838 1597 1860 ,
1648 1798 1858 1865 inquit,
1905 1798 1999 1849 viri

422 1896 637 1955 quatuor
657 1898 824 1940 votum
848 1887 1081 1941 habentes
1105 1905 1256 1956 super
1285 1906 1337 1943 se
1360 1905 1377 1942 :
1401 1889 1477 1943 his
1498 1890 1768 1958 assumptis
1787 1890 2000 1958 puriﬁca

425 1988 472 2031 te
496 1994 610 2032 cum
635 1980 755 2033 illis.
788 1980 865 2033 Ad
898 1982 1009 2035 lucc
1036 1996 1137 2035 non
1168 1982 1423 2035 obnititur
1470 1982 1661 2035 Paulus
1686 2024 1700 2045 ,
1747 1982 1837 2035 sed
1888 1997 2001 2034 llIO-

425 2084 539 2122 rem
564 2072 719 2138 gerit.
750 2070 899 2125 Unde
926 2072 1101 2141 palam
1150 2082 1231 2126 est
1272 2072 1375 2126 hoc
1416 2089 1521 2126 non
1568 2073 1870 2126 necessario
1920 2071 1998 2125 fa-

424 2160 672 2214 ciendum
707 2162 869 2216 fuisse
898 2162 1163 2232 (ideoque
1203 2163 1519 2232 persuadent
1560 2164 1716 2233 illi),
1758 2164 1850 2217 sed
1900 2162 2001 2216 hoc

430 2267 523 2320 per
547 2254 898 2307 teconomiam
930 2262 985 2309 et
1029 2254 1411 2324 indulgentiam
1455 2254 1651 2309 factum
1696 2270 1834 2309 esse.
1884 2254 1998 2308 Non

420 2351 538 2395 erat
570 2359 697 2410 ergo
724 2345 824 2398 hoc
853 2344 1245 2415 przedicationis
1264 2346 1720 2415 impedimentum,
1740 2347 1997 2415 siquidem

422 2443 475 2485 et
503 2434 727 2501 apostoli
755 2435 869 2488 litec
899 2436 1001 2489 illis
1032 2440 1356 2492 statuebant.
1397 2437 1511 2491 Hoc
1560 2438 1736 2507 itaque
1775 2438 1995 2507 dispen-

421 2538 546 2578 sans
566 2566 581 2591 ,
616 2525 727 2594 ipse
756 2535 931 2581 tamen
961 2528 1174 2582 Petrum
1202 2528 1454 2597 deinceps
1479 2529 1685 2583 incusat
1710 2546 1723 2593 ;
1757 2544 1855 2582 nec
1884 2530 2001 2583 sine

424 2629 583 2669 causa
615 2614 715 2670 hoc
747 2616 871 2670 fecit
902 2634 917 2670 :
949 2632 1067 2671 nam
1096 2619 1234 2687 quod
1263 2619 1349 2672 hic
1376 2618 1573 2673 fecerat
1602 2620 1745 2688 ipse,
1789 2619 1889 2675 hoc
1930 2621 1999 2675 ibi

428 2704 616 2759 Petrus
644 2716 824 2760 tacens
851 2716 903 2761 et
930 2709 1206 2763 stabiliens
1236 2708 1428 2777 dogma
1474 2723 1649 2763 suum.
1690 2708 1806 2764 Non
1858 2710 1999 2765 dice-

427 2796 553 2850 bant
585 2815 598 2849 :
630 2798 744 2852 Non
772 2810 983 2867 oportet
1008 2801 1234 2869 gentiles
1261 2801 1487 2867 docere;
1519 2818 1690 2872 neque
1712 2845 1726 2865 ,
1756 2802 1999 2858 Sufficiat

422 2889 563 2957 quod
594 2906 696 2945 non
728 2892 1045 2959 praedicetur
1066 2893 1174 2948 illic
1201 2910 1215 2946 :
1245 2894 1341 2949 sed
1372 2903 1583 2963 oportet
1611 2895 1737 2965 quid
1767 2896 1997 2964 amplius

424 2979 601 3035 facere
622 3023 635 3043 ,
665 2993 721 3035 ut
750 2983 1173 3049 persuadeantur
1203 2983 1278 3038 illi
1309 2993 1358 3038 te
1392 2986 1560 3054 legem
1584 2985 1877 3041 custodire.
1906 2991 1999 3041 At.

424 3074 738 3141 temperatio
785 3084 867 3127 est
908 3088 995 3127 res
1042 3074 1167 3140 illa,
1220 3090 1286 3129 ne
1333 3075 1540 3129 timeas.
1588 3076 1655 3130 Et
1691 3077 1811 3132 vide
1848 3092 1860 3126 :
1895 3093 1998 3132 non

424 3164 569 3232 prius
603 3165 927 3233 persuadent
954 3166 1032 3218 illi
1058 3208 1072 3232 ,
1104 3182 1260 3235 quam
1291 3178 1677 3237 repraesentem
1702 3179 1756 3225 et
1782 3184 1997 3226 ωοοηο-

422 3256 581 3310 miam
612 3268 665 3310 et
693 3258 918 3312 lucrum.
950 3258 1020 3313 Et
1045 3260 1184 3328 quod
1216 3259 1561 3332 Jerosolymae
1593 3264 1771 3328 fieret,
1805 3264 1996 3317 tolera-

423 3345 529 3400 bile
558 3359 693 3401 erat.
727 3348 837 3402 lloc
858 3349 1018 3417 igitur
1048 3349 1134 3404 hic
1166 3349 1363 3415 facito,
1396 3361 1453 3405 ut
1483 3352 1609 3406 illud
1641 3365 1790 3407 extra
1823 3355 1998 3407 civita-

422 3445 526 3492 tem
558 3438 693 3493 hanc
731 3439 823 3493 tibi
863 3436 1040 3495 facere
1084 3441 1259 3495 liceat.
1309 3440 1448 3494 Tunc
1497 3440 1695 3496 Paulus
1722 3484 1737 3509 ,
1786 3445 1994 3513 inquit,

420 3530 694 3602 assumptis
724 3530 843 3585 viris
867 3533 1091 3601 sequenti
1135 3533 1236 3586 die.
1281 3532 1395 3588 Non
1444 3531 1682 3599 distulit,
1715 3534 1808 3589 sed
1837 3550 1998 3604 Opere

421 3631 725 3676 monstrans
751 3637 810 3677 se
840 3638 1150 3691 persuasum
1178 3638 1297 3679 esse
1321 3664 1337 3690 ,
1382 3627 1608 3679 assumit
1640 3640 1735 3681 eos
1778 3628 1996 3697 quibus-

419 3725 542 3767 cum
565 3725 625 3767 se
658 3712 1030 3779 purificaturus
1054 3722 1170 3768 erat
1200 3732 1213 3768 :
1244 3716 1373 3769 tanti
1405 3714 1630 3771 fervoris
1658 3726 1740 3772 est
1775 3731 1995 3774 oecono-

421 3804 525 3856 tnia
558 3802 881 3872 huiusmodi.
910 3805 975 3859 Et
1001 3806 1288 3875 quomodo,
1322 3806 1550 3878 inquies,
1582 3808 1750 3864 Judaei
1775 3810 1994 3867 Asiatici

421 3893 671 3949 viderunt
691 3896 839 3951 illum
871 3897 922 3951 in
953 3899 1188 3967 templo?
1212 3899 1512 3956 Verisimile
1537 3911 1621 3957 est
1655 3917 1747 3959 eos
1790 3904 1995 3975 aliquot

420 3984 607 4040 diebus
633 3986 790 4040 isthic
820 3997 1061 4043 versatos
1086 4005 1226 4045 esse.
1263 3990 1396 4047 Vide
1423 4002 1598 4047 autem
1626 4008 1739 4048 rem
1767 4009 1835 4049 ex
1887 3996 1996 4049 dis-

418 4081 727 4149 pensatione
751 4082 977 4151 quadam
1005 4081 1196 4138 factam
1228 4098 1370 4139 esse.
1396 4084 1680 4154 Postquam
1708 4087 1849 4141 enim
1874 4103 1994 4157 per-

415 4172 559 4227 suasi
586 4171 794 4227 fuerant
815 4174 1003 4239 Judzei,
1037 4184 1161 4230 tunc
1187 4176 1469 4246 insurgunt
1495 4178 1547 4231 in
1576 4178 1724 4231 illum
1759 4198 1771 4230 :
1801 4188 1854 4233 et
1882 4196 1912 4235 e
1935 4198 1993 4236 re

416 4261 627 4330 quidem
650 4302 666 4328 ,
696 4272 750 4316 ut
773 4278 842 4319 ne
867 4263 941 4317 illi
969 4264 1127 4318 etiam
1158 4267 1207 4316 in
1234 4264 1407 4334 ipsum
1435 4265 1788 4337 insurgerent.
1823 4269 1987 4339 Adju-

415 4360 561 4417 vate,
591 4352 855 4421 inquiunt,
883 4354 978 4405 viri
1000 4353 1268 4407 lsraelitce.
1300 4358 1375 4408 Ac
1402 4355 1446 4408 si
1475 4357 1594 4424 quis
1638 4366 1797 4425 captu
1845 4359 1986 4412 diffi-

357 4420 365 4427 ’
413 4440 531 4495 cilis
558 4441 611 4493 in
632 4420 818 4495 eorum
853 4455 1042 4495 manus
1069 4442 1380 4511 incidisset,
1408 4445 1659 4515 Adjuvate
1680 4489 1695 4510 ,
1726 4448 1987 4518 inquiunt.

415 4529 518 4584 Hic
536 4540 645 4597 est,
684 4533 772 4603 qui
796 4534 975 4600 ubique
1001 4551 1172 4589 omnes
1194 4537 1356 4591 docet.
1380 4537 1497 4593 Non
1531 4539 1631 4593 Hic
1652 4542 1829 4596 solum
1854 4584 1871 4611 ,
1910 4545 1989 4599 in-

412 4620 633 4693 quiunt,
661 4624 754 4678 sed
796 4624 1010 4696 Ubique.
1039 4626 1175 4681 Tum
1223 4629 1381 4684 etiam
1428 4634 1698 4687 accusatio
1748 4636 1918 4706 major
1957 4654 1987 4691 a

413 4716 785 4785 praesentibus.
808 4718 888 4772 Ad
912 4720 1042 4786 hinc,
1064 4718 1331 4790 inquiunt,
1372 4723 1675 4793 Profanavit
1703 4730 1944 4799 templum
1968 4773 1984 4798 ,

412 4807 546 4861 viros
565 4809 773 4879 gentiles
793 4810 1056 4866 inducens.
1097 4813 1257 4883 Atqui
1302 4818 1462 4870 etiam
1511 4818 1705 4873 Christi
1748 4830 1987 4893 tempore

414 4898 774 4955 ascenderunt
802 4901 1111 4969 adoraturi;
1143 4904 1237 4959 sed
1261 4905 1312 4959 bi
1343 4906 1631 4977 loquuntur
1656 4910 1724 4965 de
1752 4912 1816 4966 iis
1840 4954 1855 4978 ,
1894 4916 1985 4984 qui

411 5006 517 5045 non
544 4992 800 5048 adorandi
832 5009 990 5049 causa
1012 4996 1315 5051 veniebant.
1345 4996 1414 5052 Et
1438 5011 1766 5069 assumentes,
1793 5003 1977 5073 inquit,

410 5080 674 5150 Paulum,
703 5085 963 5140 trahebant
992 5086 1138 5142 illum
1162 5094 1320 5158 foras.
1346 5090 1620 5159 Perpende
1644 5134 1659 5157 ,
1708 5109 1737 5147 a
1788 5100 1985 5165 templo

409 5169 627 5240 ejiciunt
656 5173 803 5228 illum
837 5191 851 5229 :
882 5192 1054 5246 neque
1080 5179 1223 5234 enim
1256 5180 1392 5234 ultra
1438 5182 1642 5251 legibus
1686 5185 1768 5240 vel
1817 5188 1985 5243 tribu-

410 5260 620 5316 nalibus
644 5276 778 5332 opus
808 5264 1073 5322 habebant
1098 5284 1112 5333 ;
1147 5270 1372 5340 ideoque
1405 5272 1553 5327 illum
1581 5277 1979 5344 percutiebant:

408 5351 487 5406 sic
514 5365 609 5421 per
636 5354 816 5409 omnia
847 5356 1055 5412 feroces
1093 5370 1148 5414 et
1187 5364 1485 5429 petulantes
1529 5375 1673 5420 sunt.
1718 5368 1811 5423 llle
1854 5386 1982 5425 vero

411 5448 537 5497 tunc
560 5440 775 5512 quidem
805 5459 910 5499 non
938 5460 1057 5502 sese
1084 5453 1353 5519 purgavit,
1384 5456 1477 5509 sed
1506 5466 1724 5524 postea;
1773 5470 1826 5515 et
1863 5463 1983 5529 jure

411 5531 624 5601 quidem
654 5548 670 5587 :
697 5542 823 5590 tunc
851 5536 991 5590 enim
1015 5553 1084 5593 ne
1112 5540 1633 5614 audissentquidcm.
1664 5550 1726 5603 Et
1752 5567 1849 5606 cur
1875 5554 1981 5607 cla-

413 5623 628 5679 mabant
650 5666 667 5692 ,
699 5621 842 5681 Tolle
868 5644 979 5681 eum
1003 5629 1029 5681 ?
1063 5628 1341 5687 Timebant
1363 5676 1378 5700 ,
1433 5653 1499 5690 ne
1545 5640 1818 5705 cll'ngeret.
1875 5644 1977 5698 Sed

412 5715 565 5785 vide,
592 5731 713 5773 cum
740 5729 934 5790 quanta
972 5722 1230 5780 modestia
1277 5726 1470 5782 Paulus
1497 5744 1616 5783 cum
1665 5733 1877 5788 tribuno
1900 5736 1977 5790 lo—

1142 308 1202 363 S.
1239 304 1509 360 10.01le
1546 302 2011 361 CllllYSOSTOMl
2051 302 2362 359 AllClllEP.
2403 304 2928 361 CONSTANTINOP.

3582 313 3691 369 ’5ἳὸ

2107 425 2320 486 quatur.
2362 417 2496 484 Quid
2543 420 2682 473 enim
2732 419 2896 474 dicit?
2948 420 3008 476 Si
3054 422 3175 475 mihi
3225 423 3336 477 licet
3367 424 3567 494 aliquid
3592 424 3694 477 tibi

2104 509 2313 562 dicere?
2342 508 2413 562 lla
2443 519 2557 563 erat
2587 511 2802 565 humilis
2825 551 2841 576 ,
2889 522 2947 566 ut
2998 512 3193 582 ubique
3240 515 3481 571 modeste
3523 533 3694 587 agere

2103 600 2286 657 sciret.
2319 600 2504 656 Nonne
2533 612 2585 656 tu
2611 620 2681 665 es,
2711 605 2910 674 inquit,
2941 604 3216 677 Egyptius
3245 606 3351 662 ille.

2174 695 2229 749 5.
2278 694 2410 749 Vide
2457 695 2841 765 malignitatem
2886 697 3104 753 diaboli.
3149 700 3409 770 Deceptor
3460 712 3577 757 erat
3632 713 3691 757 et

2103 780 2458 849 przestigiator
2481 779 2761 851 [Egyptius
2792 782 2910 849 ille,
2941 793 2994 838 et
3018 786 3265 854 sperabat
3302 801 3360 841 se
3404 802 3498 857 per
3529 786 3686 841 illum

2103 884 2215 924 rem
2246 868 2651 925 obscuraturum
2680 886 2799 927 esse
2819 914 2835 937 ,
2863 884 2917 929 et
2941 873 3040 930 hos
3068 875 3213 931 illius
3240 877 3505 933 scelerum
3551 892 3688 933 con-

2103 970 2274 1016 sortes
2321 962 2586 1030 reddere,
2629 975 2683 1018 et
2717 962 2988 1021 Christum
3034 983 3228 1038 nempe
3284 978 3340 1025 et
3382 972 3688 1040 apostolos.

2101 1048 2207 1105 Sed
2237 1051 2364 1106 nihil
2393 1053 2594 1123 potuit,
2625 1054 2731 1110 imo
2757 1055 2882 1112 hinc
2925 1058 3256 1127 Splendidior
3304 1063 3499 1117 veritas
3544 1062 3690 1119 facta

2103 1151 2187 1197 est
2209 1181 2225 1208 ,
2259 1142 2389 1196 nihil
2419 1159 2485 1198 ex
2510 1144 2706 1201 diaboli
2734 1148 2995 1203 machinis
3022 1149 3167 1217 laesa,
3203 1154 3310 1207 imo
3352 1154 3519 1225 magis
3564 1157 3693 1213 illo.

2102 1244 2287 1289 strata.
2313 1236 2445 1291 Nam
2471 1238 2515 1293 si
2545 1240 2954 1311 praestigiatores
2983 1257 3088 1298 non
3118 1243 3376 1313 fuissent,
3397 1262 3459 1302 ac
3487 1248 3693 1304 deinde

2104 1323 2156 1379 hi
2186 1327 2467 1394 vicissent,
2499 1331 2636 1384 forte
2681 1332 2913 1401 suspicio
2955 1332 3145 1388 fuisset
3180 1350 3338 1390 :cum
3384 1347 3561 1393 autem
3602 1341 3692 1395 illi

2104 1419 2508 1487 apparuissent,
2558 1420 2611 1474 hi
2657 1422 2917 1477 vicerunt.
2966 1423 3078 1479 Hoc
3126 1435 3304 1481 autem
3335 1428 3527 1482 mirum
3576 1442 3688 1485 est.

2104 1509 2228 1564 ldeo
2288 1526 2543 1580 apparere
2600 1528 2704 1568 non
2751 1515 3137 1583 prohibentur,
3183 1528 3239 1571 ut
3281 1528 3335 1573 et
3382 1520 3460 1574 sic
3513 1524 3692 1591 magis

2106 1600 2336 1670 fulgeant
2368 1620 2379 1655 :
2411 1603 2649 1656 utetiam
2678 1605 2804 1658 alibi
2851 1606 3013 1669 dicit,
3052 1606 3119 1661 Ut
3158 1610 3244 1676 qui
3290 1609 3489 1679 probati
3540 1623 3689 1679 sunt,

2105 1695 2359 1763 manifesti
2386 1695 2510 1762 ﬁant
2543 1699 2559 1766 (
2592 1701 2644 1750 1.
2676 1696 2792 1751 Cor.
2845 1698 2931 1753 ‘ll.
2982 1700 3048 1754 19
3079 1700 3117 1770 ).
3151 1701 3279 1756 Tale
3327 1705 3599 1773 quidpiam
3635 1716 3697 1760 et

2104 1784 2357 1837 Gamaliel
2408 1786 2618 1841 dicebat
2674 1806 2687 1843 :
2733 1788 2863 1842 Ante
2907 1790 2998 1844 hos
3032 1791 3138 1845 dies
3176 1796 3391 1847 surrexit
3441 1794 3693 1853 Theudas

2105 1875 2255 1943 (Act.
2280 1876 2332 1930 5.
2360 1876 2486 1947 36).
2509 1878 2740 1934 Sicarios
2760 1896 2887 1935 vero
2914 1884 3129 1952 quidam
3155 1884 3339 1941 dicunt
3366 1902 3485 1943 esse
3510 1904 3694 1959 genus

2105 1966 2366 2021 latronum
2389 2010 2403 2034 ,
2433 1970 2510 2025 sic
2541 1972 2834 2041 appellatos
2867 1989 2897 2028 a
2922 1975 3112 2044 gladiis
3136 2019 3150 2044 ,
3182 1994 3315 2048 quos
3359 1981 3645 2050 gestabant
3672 2025 3689 2050 ,

2104 2057 2241 2111 sicas
2271 2057 2441 2113 dictos
2468 2061 2873 2119 llomanis:alii
2898 2080 3027 2121 vero
3054 2075 3279 2137 putant,
3325 2084 3390 2126 ex
3440 2089 3541 2127 una
3583 2074 3691 2130 Ju-

2103 2145 2338 2202 daaorum
2362 2160 2505 2205 secta
2532 2151 2714 2210 fuisse.

2176 2237 2446 2309 Magorum
2488 2244 2741 2314 prwstigia
2768 2248 3114 2315 apostolorum
3149 2251 3407 2308 miraculis
3435 2256 3694 2326 majorem

2102 2329 2202 2381 vim
2228 2331 2503 2387 contulere.
2540 2335 2703 2389 Secta:
2726 2335 3265 2397 Judworum.—Tres
3292 2359 3521 2416 namque
3558 2360 3694 2405 sunt

2103 2419 2241 2487 apud
2283 2421 2428 2488 ipsos
2456 2434 2616 2479 sectae
2637 2468 2650 2490 ,
2682 2425 3103 2494 Pharisaeorum,
3136 2430 3554 2491 Sadducaaorum
3577 2480 3590 2504 ,
3626 2451 3691 2495 et

2103 2509 2427 2566 Essenorum
2459 2516 2545 2584 qui
2589 2525 2642 2570 et
2680 2517 2862 2573 Sancti
2902 2532 3155 2577 vocantur
3195 2524 3338 2594 (hoc
3386 2530 3527 2582 enim
3578 2532 3688 2585 sibi

2103 2602 2213 2655 vult
2236 2601 2336 2658 hoc
2359 2620 2555 2660 nomen
2588 2608 2812 2683 Esseni)
2838 2653 2852 2677 ,
2883 2610 3040 2682 idque
3066 2615 3136 2669 ob
3162 2617 3282 2671 vitae
3318 2621 3684 2677 sanctitatem.

2106 2693 2265 2747 Iidem
2297 2711 2425 2750 vero
2449 2708 2500 2752 et
2530 2698 2717 2755 Sicarii
2744 2702 2906 2771 dicti,
2935 2706 3075 2773 quod
3124 2717 3306 2762 essent
3350 2712 3557 2767 zelotre.
3601 2713 3687 2770 Ne

2105 2802 2232 2856 ergo
2262 2788 2538 2845 doleamus
2566 2796 2704 2861 quod
2735 2806 2893 2850 sectze
2920 2799 3045 2865 sint,
3080 2814 3199 2853 cum
3218 2810 3270 2855 et
3293 2804 3689 2872 pseudochristi

2104 2875 2336 2945 fuerint,
2366 2882 2454 2950 qui
2486 2880 2698 2938 Christo
2726 2886 2962 2941 insidiari
2995 2890 3316 2959 voluerunt,
3357 2904 3412 2948 et
3453 2897 3691 2952 antehac

2105 2978 2157 3020 et
2189 2978 2400 3037 postea,
2436 2981 2491 3026 ut
2521 2974 2865 3031 obscurarent
2906 2979 3078 3033 illum.
3113 2980 3216 3037 Sed
3265 2985 3462 3039 veritas
3516 2988 3690 3058 fulget

2103 3070 2155 3113 et
2181 3060 2427 3130 splendet
2454 3064 2664 3134 ubique.
2698 3067 2808 3123 lloc
2834 3077 2889 3124 et
2918 3072 3301 3141 prOphetarum
3326 3093 3441 3133 α’νο
3485 3079 3688 3137 factum

2104 3163 2185 3205 est
2216 3166 2232 3206 :
2260 3153 2474 3210 fuerunt
2525 3159 3035 3230 pseudoprOphetm,
3065 3174 3120 3219 et
3146 3164 3258 3221 beri
3290 3184 3356 3223 ex
3403 3185 3684 3241 compara-

2102 3244 2246 3297 tione
2272 3247 2439 3315 magis
2485 3247 2826 3319 effulgebant.
2881 3253 3089 3310 Etenim
3131 3260 3350 3315 morbus
3399 3265 3677 3320 sanicitem

2103 3336 2443 3403 conSpicuam
2471 3337 2631 3402 facit,
2679 3352 2735 3395 et
2785 3344 3017 3400 tenebrae
3061 3347 3270 3418 lucem,
3320 3356 3677 3423 tranquillita-

2102 3434 2314 3494 temque
2343 3437 2645 3500 tempestas.
2672 3433 2787 3489 Non
2817 3447 3038 3505 possunt
3061 3442 3284 3509 gentiles
3317 3444 3512 3513 dicere,
3531 3449 3685 3515 quod

2102 3516 2178 3568 illi
2225 3517 2543 3587 deceptores
2586 3532 2642 3578 et
2685 3528 3101 3598 przestigiatores
3142 3533 3378 3588 fuerint:
3414 3536 3487 3591 illi
3533 3539 3685 3594 enim

2101 3608 2328 3662 convicti
2376 3622 2520 3667 sunt.
2567 3615 2678 3670 Hoc
2726 3618 2886 3672 etiam
2924 3620 3093 3693 Moysi
3141 3625 3379 3701 accidit:
3410 3631 3687 3685 concessit

2102 3698 2243 3754 Deus
2272 3711 2328 3755 ut
2359 3707 2493 3775 magi
2525 3718 2727 3774 essent,
2761 3726 2828 3765 ne
2855 3728 3040 3784 magus
3073 3698 3350 3785 putaretur
3376 3736 3497 3777 esse
3534 3723 3687 3795 Moy-

2099 3806 2186 3848 Ses
2220 3812 2233 3847 :
2266 3798 2509 3865 permisit
2549 3810 2608 3853 ut
2648 3800 2903 3858 docerent
2944 3821 3130 3861 omnes
3155 3849 3170 3875 ,
3204 3824 3459 3879 quantum
3504 3819 3684 3885 magia

2100 3897 2311 3958 poterat
2334 3893 2699 3960 comminisci;
2746 3896 2881 3950 ultra
2928 3907 3107 3954 autem
3157 3917 3260 3957 non
3310 3904 3679 3977 deceperunt,

2098 3983 2192 4037 sed
2221 3984 2319 4053 ipsi
2352 3999 2470 4041 sese
2500 3986 2668 4042 victos
2693 3989 2922 4044 confessi
2951 4003 3095 4047 sunt.
3126 3993 3266 4048 Nihil
3295 3999 3447 4052 nobis
3479 4010 3684 4055 nocent

2097 4073 2441 4142 deceptores;
2471 4078 2577 4131 imo
2614 4095 2711 4134 nos
2738 4081 2982 4136 meliores
3010 4085 3255 4151 reddunt,
3288 4089 3329 4142 si
3357 4091 3476 4158 quis
3501 4102 3683 4146 atten-

2097 4166 2225 4220 dere
2251 4168 2395 4221 velit.
2442 4170 2575 4235 Quid
2619 4171 2815 4240 igitur,
2865 4175 3103 4244 inquies,
3146 4179 3189 4232 si
3239 4180 3448 4234 illorum
3489 4184 3678 4252 gloria:

2096 4269 2372 4315 consortes
2397 4260 2606 4316 simus?
2636 4263 2748 4318 Non
2773 4267 2912 4335 apud
2944 4283 3040 4323 nos
3068 4270 3289 4339 gloriam
3320 4272 3547 4340 habent,
3576 4278 3679 4332 sed

2094 4349 2233 4417 apud
2264 4364 2392 4416 eos,
2420 4352 2507 4420 qui
2529 4351 2730 4421 judicio
2760 4372 2864 4411 non
2893 4359 3094 4416 valent.
3125 4359 3201 4415 Ne
3246 4364 3464 4418 multum
3516 4383 3680 4424 cure-

2096 4455 2213 4493 mus
2243 4443 2417 4511 populi
2444 4458 2648 4509 auram,
2678 4462 2747 4501 ne
2789 4449 2923 4504 ultra
2954 4466 3111 4520 quam
3139 4464 3345 4524 oportet
3395 4459 3537 4513 illam
3587 4479 3681 4516 se-

2095 4539 2320 4585 ctemur.
2353 4532 2463 4587 Deo
2488 4534 2732 4604 vivimus,
2763 4553 2868 4593 non
2908 4540 3240 4610 hominibus;
3272 4545 3322 4599 in
3361 4549 3494 4602 cazlo
3541 4566 3678 4606 con-

2093 4637 2401 4693 versamur,
2430 4642 2533 4682 non
2563 4629 2615 4681 in
2645 4638 2783 4684 terra
2812 4648 2825 4684 :
2855 4632 2961 4689 illic
2991 4636 3170 4692 bravia
3199 4649 3253 4693 et
3275 4642 3497 4709 praemia
3523 4641 3676 4701 labo-

2091 4730 2210 4771 rum
2250 4726 2556 4774 nostrorum
2604 4720 2814 4791 jacent,
2859 4725 2982 4781 inde
3028 4727 3214 4784 laudes
3258 4743 3670 4803 exspectamus,

2093 4808 2214 4863 inde
2242 4824 2490 4865 coronas.
2524 4812 2758 4869 Eatenus
2795 4830 3043 4872 curemus
3083 4808 3361 4889 homines,
3404 4836 3673 4895 quatenus

2094 4916 2160 4956 ne
2184 4915 2366 4956 ansam
2393 4903 2497 4957 illis
2526 4905 2877 4974 praebeamus.
2904 4908 3059 4975 Quod
3088 4911 3133 4965 si
3180 4913 3334 4969 nobis
3377 4930 3483 4970 non
3524 4932 3670 4987 pra“:-

2089 4994 2337 5050 bentibus
2357 5036 2373 5063 ,
2402 4996 2478 5051 illi
2508 4998 2774 5053 voluerint
2805 5008 3005 5057 temere
3033 5012 3088 5058 et
3132 5005 3325 5061 frustm
3370 5023 3623 5067 accusare
3648 5054 3667 5080 ,

2090 5088 2390 5155 rideamus,
2424 5105 2530 5147 non
2561 5091 2847 5160 ploremus.
2896 5094 2973 5150 Tu
3026 5099 3245 5165 provide
3297 5102 3432 5156 bona
3482 5117 3671 5160 coram

2094 5182 2201 5236 Deo
2229 5189 2285 5235 et
2314 5180 2617 5237 hominibus
2650 5200 2663 5236 :
2694 5185 2739 5239 si
2768 5196 2818 5241 te
2845 5185 2980 5240 bona
3011 5190 3344 5259 providente,
3374 5194 3460 5248 ille
3489 5195 3672 5252 inces-

2088 5281 2208 5340 sat,
2252 5288 2320 5328 ne
2348 5287 2523 5328 cures.
2554 5274 2728 5330 Habes
2753 5280 2994 5347 exempla
3023 5280 3075 5334 in
3123 5282 3435 5352 Scripturis.
3489 5286 3668 5342 Nunt-

2086 5363 2209 5431 quid
2262 5365 2395 5417 enim
2447 5366 2728 5420 hominibus
2774 5371 2960 5423 suadeo
2997 5388 3064 5425 an
3093 5370 3202 5426 Deo
3230 5375 3249 5446 (
3273 5374 3391 5431 Gal.
3429 5378 3482 5431 1.
3513 5379 3620 5450 10)
3642 5381 3669 5431 'l

2089 5458 2287 5528 inquit;
2313 5473 2377 5513 ac
2401 5475 2609 5513 rursum
2642 5478 2654 5514 :
2688 5459 2992 5517 Hominibus
3026 5467 3327 5532 suademus,
3360 5469 3463 5522 Deo
3490 5482 3668 5527 autem

2088 5551 2343 5617 manifesti
2366 5567 2536 5604 sumus
2564 5549 2583 5623 (
2612 5550 2666 5604 2.
2692 5553 2809 5606 Cor.
2838 5554 2890 5609 5.
2922 5556 2983 5609 11
3014 5557 3052 5627 ).
3088 5556 3155 5611 Et
3194 5558 3434 5614 Christus
3482 5561 3547 5615 dc
3600 5565 3668 5618 iis

2087 5647 2173 5713 qui
2201 5645 2567 5697 offendebatur
2594 5646 2799 5700 diccbat
2826 5663 2837 5698 :
2871 5648 2995 5703 Sine
3017 5651 3157 5715 illos,
3183 5656 3335 5706 (luces
3379 5665 3497 5707 sunt
3542 5661 3669 5710 ττι-(ἑ

2089 5753 2332 5789 cwcorunt
2361 5735 2585 5806 (Matth.
2620 5739 2704 5793 15.
2756 5740 2896 5809 H);
2949 5757 3010 5798 ac
3052 5759 3262 5799 rursum
3296 5764 3310 5801 ε
3353 5743 3438 5799 Vw
3487 5748 3661 5815 vobis,
