4028 6218
205 251 312 308 523

201 375 335 433 εον,
365 367 657 422 ἐκέλευσε
701 365 948 434 ἄγεσθαι
995 364 1182 418 αὐτὸν
1208 365 1294 429 εἰς
1323 363 1438 430 τὴν
1473 365 1874 434 παρεμϐολήν.

205 460 350 512 Ὅτε
389 455 461 508 δὲ
488 455 726 525 ἐγένετο
769 454 869 507 ἐπὶ
916 453 1058 520 τοὺς
1086 452 1484 520 ἀναϐαθμοὺς,
1509 451 1736 519 συνέϐη
1766 452 1875 515 βαι

201 543 526 606 στάζὲσθαι
559 542 749 596 αὑτὸν
771 542 888 596 ὐπὸ
919 539 1040 594 τῶν
1070 538 1442 608 στρατιωτῶν
1468 539 1565 592 διὰ
1590 539 1704 606 τὴν
1728 539 1878 603 ,ϐίαν

202 633 313 687 τοῦ
346 632 571 700 ὄχλου·
629 629 948 696 ἠκολούθει
1011 626 1120 696 γὰρ
1173 625 1240 680 τὸ
1290 625 1524 694 πλῆθος
1571 627 1677 681 τοῦ
1724 626 1878 680 λαοῦ

206 719 442 788 κράζων,
469 713 606 784 Alpe
631 717 837 770 αὐτόν.
873 716 939 767 Τί
972 716 1140 776 ἐστιν,
1175 709 1316 781 Αἶρε
1356 714 1578 776 αὐτόν;
1621 712 1781 777 Ἔθος
1810 707 1879 784 ἦν

205 807 490 868 Ἰουδαίοις
519 803 640 857 καθ’
673 797 748 856 ὧν
781 802 847 856 ἂν
878 801 1240 872 ἀπεφαίνοντο
1265 799 1423 854 τοῦτο
1453 801 1649 869 λέγειν,
1682 802 1757 864 ὡς
1785 801 1878 855 καὶ

205 897 300 949 ἐπὶ
328 895 423 948 τοῦ
445 892 684 964 Χριστοῦ
718 891 779 946 τὸ
806 891 936 944 αὐτὸ
969 890 1247 959 φαίνονται
1270 890 1544 953 ποιοῦντες
1573 891 1667 943 καὶ
1692 889 1877 957 λέγον-

207 1003 321 1049 τες,
344 979 524 1051 Ἆρον
547 981 765 1036 αὐτόν·
815 979 1116 1042 τουτέστιν,
1157 977 1252 1031 Ἐκ
1278 976 1384 1029 τῶν
1406 975 1620 1041 ζώντων
1656 977 1877 1047 ποίησον

209 1073 409 1142 ἀφανῆ.
444 1070 602 1134 Τινὲς
631 1069 710 1130 δὲ,
746 1067 774 1120 ὃ
807 1070 935 1138 παρ’
957 1068 1088 1137 ἡμῖν
1110 1065 1328 1133 λέγουσι
1358 1063 1499 1117 κατά
1529 1063 1624 1134 τὴν
1649 1063 1880 1134 Ῥωμαῖ-

212 1161 311 1232 κὴν
363 1158 670 1228 συνήθειαν,
705 1156 793 1208 Ἐν
832 1157 942 1216 τοῖς
991 1155 1192 1221 σίγνοις
1243 1151 1404 1206 αὐτὸν
1455 1151 1682 1222 ἔμϐαλε,
1723 1150 1879 1205 τοῦτο

212 1245 350 1300 εἶναι
371 1247 455 1306 τὸ.
477 1241 614 1312 Αἶρε
633 1244 838 1296 αὐτόν.
872 1241 1128 1295 Μέλλων
1153 1241 1222 1293 δὲ
1245 1243 1330 1305 εὶς
1352 1239 1466 1307 τὴν
1496 1238 1879 1307 παρεμϐολὴν

207 1334 559 1402 εἰσάγεσθαι
583 1334 616 1385 ό
655 1329 916 1394 Παῦλος,
941 1326 1101 1396 λέγει
1131 1325 1210 1392 τῷ
1239 1327 1541 1395 χιλιάρχῳ·
1578 1328 1644 1380 Εἰ
1676 1326 1880 1390 ἒξεστί

208 1439 305 1491 μοι
356 1419 548 1473 εἰπεῖν
581 1435 636 1470 τι
668 1416 818 1484 πρὸς
856 1414 969 1477 σέ;
1019 1414 1143 1466 Ἐπὶ
1184 1416 1308 1476 τοὺς
1339 1413 1688 1483 ἀναϐαθμοὺς
1721 1413 1879 1482 φερό-

216 1527 395 1580 μενος,
421 1508 565 1572 ἀξιοῖ
593 1505 728 1577 πρὸς
747 1505 839 1557 τὸν
867 1503 1143 1574 χιλίαρχον
1169 1504 1343 1556 εἰπεῖν
1369 1520 1444 1555 τι.
1492 1502 1600 1555 Καὶ
1632 1501 1731 1572 ὅρα
1765 1501 1878 1563 πῶς

197 1596 488 1658 ἐπιεικῶς·
507 1596 580 1648 Ei
601 1591 809 1656 ἔξεστι
825 1608 926 1660 μοι
945 1589 1134 1642 εἰπεῖν
1152 1607 1205 1642 τι
1233 1589 1382 1657 πρὸς
1404 1587 1510 1653 σέ;
1533 1587 1715 1658 φησίν,
1735 1589 1787 1640 '0
1811 1589 1880 1640 δὲ

213 1686 364 1754 ἔφη·
403 1679 746 1749 Ἑλληνιστί
775 1679 1122 1749 γινώσκειω
1163 1679 1281 1731 Οὐκ
1299 1675 1412 1744 ἄρα
1443 1676 1525 1730 σὺ
1551 1672 1608 1729 εἷ
1640 1677 1673 1728 ὸ
1703 1677 1876 1746 Αίγύ-

214 1788 412 1839 πτιος,
436 1776 469 1826 ό
504 1771 611 1839 πρὸ
630 1771 863 1824 τούτων
887 1767 1008 1822 τῶν
1041 1767 1276 1837 ἡμερῶν
1292 1764 1745 1832 ἀναστατώσας,
1779 1765 1877 1819 καί

210 1859 526 1930 ἐξαγαγὼν
543 1860 626 1925 εἰς
655 1858 772 1925 τὴν
799 1858 1026 1926 ἔρημον
1063 1855 1206 1921 τοὺς
1225 1854 1745 1924 τετρακισχιλίους
1771 1854 1878 1907 ἇν-

209 1948 365 2016 ὄριις
383 1947 501 2000 τῶν
520 1947 842 2014 σικαρίων;
873 1938 1040 2008 Οὗτος
1054 1945 1084 1997 6
1107 1942 1400 2012 Αἰγύπτιος
1421 1954 1448 1983 α
1481 1941 1767 2013 ἅνθρωπός
1797 1959 1880 2006 τις

210 2032 598 2104 νεωτεροποιὸς
647 2031 840 2099 γέγονε
894 2031 988 2084 καὶ
1041 2030 1392 2099 στασιαστής.
1442 2028 1586 2098 Πρὸς
1611 2027 1675 2099 δὴ
1723 2028 1881 2082 τοῦτο

211 2121 560 2188 ἀπολογεῖται
583 2120 612 2172 6
635 2119 866 2184 Παῦλος,
893 2117 987 2170 καὶ
1015 2117 1082 2170 δι’
1106 2111 1185 2172 ὧν
1211 2112 1364 2170 εἶπεν
1391 2117 1594 2184 ἀπάγει
1623 2116 1722 2186 τῆς
1753 2117 1882 2170 ὑπο-

209 2212 334 2280 ψίας
370 2210 555 2263 αὐτόν.
592 2209 818 2278 Ἴδωμεν
851 2206 908 2260 δὲ
931 2206 1139 2261 ἀνωθεν
1170 2207 1240 2259 τὰ
1265 2204 1669 2274 ἀνεγνωσμένα.
1706 2207 1881 2259 Εἰσὶν

210 2299 352 2368 ἡμῖν
377 2297 621 2365 ἄνδρες,
644 2297 799 2366 φησὶ,
827 2295 1122 2363 τέσσαρες
1147 2292 1340 2363 εὐχὴν
1360 2294 1607 2361 ἔχοντες
1625 2292 1716 2362 ἐφ’
1744 2293 1880 2347 ἐαυ-

211 2387 358 2440 τῶν·
409 2387 666 2451 τούτους
710 2383 1096 2451 παραλαϐὼν,
1124 2382 1439 2452 ἁγνίσθητι
1485 2380 1608 2433 σὺν
1652 2380 1876 2446 αὐτοῖς.

213 2473 351 2544 Πρὸς
383 2473 450 2543 δὴ
471 2471 632 2525 τοῦτο
654 2471 755 2525 οὐκ
785 2470 1097 2525 ἀντιπίπτει
1124 2469 1153 2520 6
1178 2467 1407 2534 Παῦλος,
1435 2466 1572 2521 ἀλλά
1610 2467 1874 2523 πείθεται.

214 2562 368 2614 Ὅθεν
392 2561 579 2631 δῆλον,
608 2561 690 2613 ὅτι
713 2560 774 2613 ού
803 2557 1228 2629 προηγουμένως
1250 2555 1357 2608 ἔδει
1395 2553 1554 2608 τοῦτο
1579 2557 1753 2608 ποιεῖν
1777 2555 1877 2628 (διὸ

213 2651 299 2703 καὶ
326 2649 618 2702 πείθωσιν
645 2645 850 2718 αὐτόν),
873 2646 988 2699 ἀλλ’
1012 2646 1094 2698 ὅτι
1117 2643 1398 2714 οἰκονομία
1431 2643 1493 2697 τὸ
1513 2644 1749 2714 πρᾶγμα
1785 2645 1878 2698 καὶ

212 2737 620 2806 συγκατάϐασις
661 2733 750 2806 ἦν.
795 2735 908 2789 Ούκ
955 2735 1064 2806 ἄρα
1116 2732 1324 2802 ἐγκοπὴ
1378 2731 1473 2784 τοῦ
1525 2731 1878 2803 κηρύγματος

208 2826 360 2880 τοῦτο
391 2822 488 2896 ἦν,
549 2827 683 2878 ὅπου
731 2841 794 2892 γε
830 2824 920 2876 καὶ
978 2821 1132 2875 αὐτοὶ
1156 2820 1508 2891 ἐνομοθέτουν
1539 2821 1770 2884 ἐκείνοις
1810 2821 1879 2876 τά

207 2915 455 2968 τοιαῦτα.
484 2913 654 2967 Τοῦτο
677 2913 855 2967 τοίνυν
875 2911 1172 2982 οἰκονομῶν
1193 2911 1289 2965 καὶ
1313 2910 1473 2973 αὐτὸς
1494 2909 1686 2981 Πέτρῳ
1707 2910 1877 2979 ἐγκα-

207 3003 287 3056 λεῖ
322 3001 588 3071 ὕστερον·
633 3002 728 3054 καὶ
773 3001 871 3070 οὐχ
920 2999 1106 3063 ἁπλῶς
1157 2997 1288 3052 αὐτὸ
1345 2999 1508 3053 ποιεῖ.
1561 2997 1739 3068 Ὅπερ
1770 2998 1878 3070 γάρ

209 3089 447 3143 ἐνταῦθα
474 3088 731 3159 ἐποίησεν
783 3086 962 3150 αὐτὸς,
997 3086 1155 3139 τοῦτο
1209 3084 1415 3154 Πέτρος
1441 3085 1558 3138 ἐκεῖ
1587 3085 1753 3151 σιγῶν
1785 3087 1880 3139 καὶ

212 3177 371 3230 ἱστῶν
406 3175 575 3230 αὑτοῦ
599 3175 661 3228 τὸ
702 3173 896 3244 δόγμα.
931 3174 1040 3226 Καὶ
1066 3174 1166 3226 οῦκ
1189 3167 1362 3238 εἷπον,
1397 3172 1479 3225 ὅτι
1515 3173 1590 3225 Ού
1626 3173 1730 3244 χρὴ
1753 3173 1880 3237 τοὺς

213 3265 350 3318 κατά
383 3265 454 3316 τὰ
513 3262 641 3331 ἔθνη
685 3261 976 3320 διδάσκειν,
1011 3260 1130 3313 οὐδὲ
1179 3261 1363 3330 Ἀρκεῖ
1407 3258 1467 3312 τὸ
1518 3259 1591 3330 μὴ
1647 3259 1880 3330 κηρῦξαι

216 3353 356 3404 ἐκεῖ·
405 3350 547 3404 ἀλλά
587 3349 794 3402 δεῖκαὶ
844 3348 1022 3400 πλεῖόν
1068 3365 1123 3400 τι
1179 3348 1419 3416 ποιῆσαι,
1453 3347 1540 3400 ἵνα
1587 3348 1880 3402 πεισθῶσιν

217 3439 429 3499 ἐκεῖνοι,
448 3437 530 3490 ὅτι
563 3435 848 3506 φυλάττεις
875 3436 965 3489 τὸν
993 3434 1174 3505 νόμον.
1212 3435 1623 3503 Συγκατάϐασις
1651 3435 1712 3488 τὸ
1741 3438 1880 3506 πρᾶ-

216 3528 327 3596 γμά
372 3529 514 3591 ἐστι,
557 3526 719 3596 μηδὲν
751 3525 1012 3596 φοϐηθῇς.
1073 3525 1182 3579 Καὶ
1211 3525 1331 3594 ὅρα,
1369 3523 1428 3577 ού
1470 3525 1732 3594 πρότερον
1761 3525 1880 3579 πεί-

217 3613 394 3667 θουσιν
431 3613 598 3667 αὐτὸν
627 3612 804 3676 δ,·’ἐως
857 3611 947 3665 τοῦ
982 3613 1154 3664 εἰπεῖν
1184 3611 1281 3680 τὴν
1319 3611 1626 3682 οἰκονομίαν
1666 3613 1881 3682 πρῶτον

212 3702 304 3754 κσίι
335 3701 401 3754 τὸ
434 3699 648 3771 κέρδος.
683 3699 793 3752 Καὶ
822 3699 882 3752 τὸ
911 3700 968 3752 ἐν
1001 3698 1388 3768 Ἰεροσολύμοις
1417 3699 1473 3751 δὲ
1505 3698 1662 3751 τοῦτο
1685 3703 1878 3765 ποιεῖν,

215 3789 464 3860 φορητόν.
497 3788 731 3857 Ποίησον
763 3788 939 3840 τοίνυν
962 3787 1119 3840 τοῦτο
1143 3786 1394 3849 ἐνταῦθα,
1423 3787 1509 3840 ἵνα
1536 3787 1627 3858 ἐξῇ
1661 3803 1743 3839 σοι
1777 3788 1881 3854 ἔξω

213 3880 382 3930 ποιεῖν
434 3877 632 3930 ἐκεῖνο.
692 3877 830 3930 Τότε
885 3877 1264 3945 παραλαϐὼν,
1319 3877 1506 3946 φησιν,
1558 3877 1591 3928 ό
1639 3875 1881 3941 Παῦλος

213 3964 350 4031 τοὺς
372 3962 604 4033 ἄνδρας
645 3963 724 4034 τῇ
747 3963 1004 4033 ἐχομένῃ
1035 3963 1244 4034 ἡμέρᾳ.
1281 3965 1396 4017 Οὐκ
1423 3962 1732 4028 ἀνεϐάλετο,
1765 3965 1878 4017 ἀλλ’

211 4052 356 4126 ἔργῳ
379 4054 599 4117 δεικνὺς
622 4053 724 4124 τὴν
746 4053 938 4116 πειθὼ,
962 4052 1379 4125 παραλαμϐάνει
1407 4053 1525 4124 μεθ’
1552 4049 1627 4109 ὧν
1660 4053 1880 4126 ἔμελλεν

208 4142 548 4210 ἁγνίζεσθαι.
595 4141 851 4195 Τοιοῦτόν
883 4141 936 4195 τί
968 4143 1084 4194 ἐστι
1117 4141 1316 4212 θερμὸν
1358 4141 1391 4211 ἠ
1421 4142 1722 4213 οἰκονομία.
1771 4145 1880 4196 Καὶ

209 4228 346 4293 πῶς,
373 4231 562 4300 φησὶν,
586 4230 639 4282 οἱ
665 4229 773 4282 ἀπὸ
799 4230 897 4301 τῆς
912 4229 1093 4294 Ἀσίας
1109 4229 1344 4282 Ἰουδαῖοι
1373 4224 1510 4283 εἶδον
1531 4230 1691 4284 αὑτὸν
1714 4231 1770 4285 ἐν
1800 4231 1879 4303 τῷ

209 4317 368 4388 ἰερῷ;
387 4316 553 4379 Εἰκὸς
569 4311 640 4387 ἦν
660 4317 857 4380 αὐτοὺς
877 4318 1090 4388 ἡμέρας
1108 4317 1261 4380 τινάς
1277 4317 1392 4370 ἐκεῖ
1405 4316 1719 4388 διατρίϐειν.
1737 4319 1879 4391 Ὅρα

200 4404 262 4456 δὲ
297 4404 416 4468 πῶς
445 4405 542 4457 καὶ
563 4403 845 4474 οἰκονομία
871 4405 930 4458 τὸ
956 4406 1249 4476 γενόμενον
1287 4403 1437 4477 [548]
1465 4401 1534 4476 ἦν
1553 4422 1567 4438 ⁸
1603 4405 1740 4476 μετά
1770 4408 1878 4479 γὰρ

201 4491 264 4543 τὸ
297 4491 590 4562 πισθῆναι
610 4491 737 4554 τοὺς
770 4491 1072 4560 Ἰουδαίους,
1101 4491 1224 4546 τότε
1257 4491 1606 4546 ἐπιτίθενται·
1634 4494 1873 4560 εἰκότως,

199 4577 291 4630 ἵνα
315 4578 393 4648 μὴ
415 4579 662 4631 κάκεῖνοι
689 4579 1102 4633 συνεπιθῶνται.
1130 4579 1426 4646 Βοηθεῖτε,
1451 4579 1632 4649 φησὶν,
1664 4579 1878 4650 ἄνδρες

198 4664 600 4732 Ἰσραηλῖται.
661 4665 759 4729 Ὠς
803 4683 946 4731 τινος
986 4668 1324 4739 δυσθηράτου
1383 4666 1477 4720 καὶ
1517 4667 1876 4740 δυσχειρώτου

195 4755 324 4814 ταῖς
369 4751 600 4805 ἐκείνων
648 4752 979 4822 ἐμπεσόντος
1022 4755 1216 4826 χερσὶ,
1274 4754 1581 4823 Βοηθεῐτε,
1639 4756 1873 4818 λέγουσι.

190 4838 445 4904 Πάντας
471 4840 784 4910 πανταχοῦ
815 4837 994 4909 οὗτός
1025 4843 1198 4897 ἐστιν
1229 4846 1263 4898 ό
1289 4843 1609 4899 διδάσκων.
1643 4845 1757 4899 Οὐκ
1787 4846 1875 4898 ἐν-

183 4928 374 4982 ταῦθα
405 4929 590 4998 μόνον,
632 4931 818 4999 φησὶν,
840 4929 977 4984 ἀλλά
1015 4931 1349 5001 Πανταχοῦ.
1399 4927 1533 4986 Εἶτα
1560 4933 1707 5004 καὶὴ
1739 4950 1874 4989 κατ-

188 5015 404 5085 ηγορία
459 5013 661 5085 μείζων
686 5016 795 5070 ἀπὸ
819 5016 926 5070 τῶν
949 5018 1252 5088 παρόντων.
1286 5019 1416 5073 Ἔτι
1473 5018 1560 5082 δὲ,
1596 5020 1746 5089 φησὶ,
1775 5021 1874 5075 καὶ

181 5103 603 5171 κεκοινώνηκε
635 5103 703 5158 τὸ
729 5103 911 5172 ἱερὸν,
938 5104 1162 5173 ἄνδρας
1192 5106 1499 5174 Ἕλληνας
1521 5106 1872 5178 εἰσαγαγών.

184 5191 309 5244 Καὶ
343 5191 457 5260 μὴν
483 5191 578 5244 καὶ
597 5192 689 5243 ἐπὶ
719 5192 811 5246 τοῦ
832 5192 1071 5262 Χριστοῦ
1094 5193 1366 5264 ἀνέϐησαν
1387 5195 1872 5266 προσκυνήσοντες·

179 5279 335 5332 ἀλλά
361 5280 494 5343 τοὺς
524 5280 626 5334 οὐκ
648 5279 714 5334 ἀν
742 5279 1031 5352 ἑλομένους
1058 5281 1438 5353 προσκυνῆσαι
1466 5277 1612 5337 οὗτοι
1635 5283 1873 5352 λέγουσι.

185 5367 307 5421 Καὶ
340 5368 771 5438 ἐπιλαϐόμενοι
797 5369 906 5423 τοῦ
941 5371 1206 5433 Παύλου.
1241 5371 1426 5442 φησὶν,
1449 5366 1656 5426 εἷλκον
1691 5372 1877 5426 αὐτὸν

185 5456 331 5518 ἔξω.
371 5455 611 5508 Σκόπει·
642 5456 750 5510 ἀπὸ
775 5457 870 5510 τοῦ
911 5459 1058 5530 ἱεροῦ
1091 5458 1443 5513 ἐκϐάλλουσιν
1465 5458 1656 5512 αὐτόν·
1689 5457 1874 5510 οὐκέτι

187 5543 302 5611 γάρ
327 5543 520 5613 νόμων
549 5542 763 5598 ἐδέοντο
793 5546 914 5599 οὐδὲ
943 5547 1337 5620 δικαστηρίων·
1383 5545 1462 5599 διὸ
1513 5545 1607 5599 καὶ
1647 5545 1871 5599 ἔτυπτον

189 5629 398 5683 αὐτόν·
451 5628 600 5684 οὕτω
641 5630 730 5685 διὰ
763 5635 981 5688 πάντων
1016 5635 1298 5705 φαίνονται
1336 5634 1554 5706 θρασεῖς
1600 5633 1752 5697 ὄντες
1780 5635 1875 5687 καὶ

191 5717 408 5789 ἰταμοί.
444 5718 505 5772 '0
535 5718 594 5772 δὲ
628 5719 751 5773 τότε
809 5723 909 5793 μὲν
946 5723 1047 5776 ούκ
1090 5723 1488 5794 ἀπελογήσατο,
1524 5722 1749 5793 ὕστερον
1777 5721 1834 5774 δέ
1857 5739 1871 5752 ·

255 5820 275 5903 ξ
307 5822 468 5903 giae:
492 5826 530 5894 6_
547 5825 822 5903 Αἰγύπτιος,
852 5832 900 5879 in
922 5843 1019 5880 uno
1037 5829 1196 5880 deest.
1267 5829 1294 5869 h
1321 5829 1451 5880 Idem
1478 5828 1605 5891 cod.,
1627 5827 1682 5877 ού
1701 5827 1870 5891 πρότε-

192 5899 281 5947 ρον
301 5900 617 5948 παραινοῦσιν
640 5899 799 5940 αὐτον.

1221 245 1286 302 ΙΝ
1328 245 1508 302 ACTA
1549 245 2085 302 APOSTOLORUM.
2128 246 2361 303 HOMIL.
2403 247 2584 303 XLVI.

3543 245 3644 303 59.6

1984 364 2223 428 εἰκότως·
2244 366 2362 418 τότε
2389 364 2497 436 γὰρ
2523 366 2629 420 οὐδ’
2655 365 2721 422 ἂν
2747 368 3004 440 ἤκουσαν.
3024 370 3135 423 Καὶ
3161 369 3217 424 τί
3243 369 3446 442 δήποτε
3485 371 3649 442 ἐκραο

1985 447 2096 514 ζον.
2129 446 2265 518 Αῖρε
2306 453 2529 515 αὐτόν;
2565 452 2904 522 Ἐφοϐοῦντο,
2941 455 3016 526 μὴ
3071 455 3325 528 διαφύγῃ.
3374 455 3509 510 Ἀλλ’
3547 458 3648 527 ὅρα

1992 537 2109 609 μεθ’
2162 541 2292 609 ὅσης
2349 539 2640 612 ὑποστολῆς
2689 542 2992 612 διαλέγεται
3039 544 3068 597 ό
3120 543 3332 608 Παῦλος
3376 545 3454 615 τῷ
3499 545 3648 616 χιλι-

1987 625 2162 698 άρχῳ.
2212 627 2278 679 Τί
2347 627 2454 698 γάρ
2508 645 2671 698 φησιν
2707 641 2778 694 c;
2842 631 2910 683 El
2959 629 3165 694 ἔξεστί
3198 649 3301 700 μοι
3348 633 3540 687 εἰπεῖν
3592 651 3648 688 τι

1984 715 2135 782 πρὸς
2189 716 2301 779 σέ;
2355 713 2620 768 Τοσοῦτον
2673 711 2740 787 ἦν
2787 718 3073 780 ταπεινὸς,
3131 718 3211 772 ὅτι
3260 720 3356 773 καὶ
3414 720 3650 792 μετριά-

1983 800 2097 865 ζειν
2155 801 2270 872 ᾔδει
2330 801 2619 874 πανταχοῦ.
2688 804 2809 856 Οὐκ
2839 802 2952 871 ἄρα
2999 803 3081 858 σὺ
3126 800 3199 871 εἴ,
3231 796 3414 877 φησὶν,
3456 810 3492 862 ό
3533 810 3646 864 A’l-

1983 890 2251 961 γύπτιος;

2051 982 2120 1046 γ’.
2142 978 2281 1049 Ὅρα
2308 977 2638 1049 κακουργίαν
2659 975 2924 1033 διαϐόλου.
2942 977 3217 1032 Ἀπατεὼν
3239 971 3306 1050 ἦν
3331 978 3534 1044 ἐκεῖνος
3551 981 3646 1035 καὶ

1983 1065 2114 1135 γόης
2145 1068 2174 1120 6
2204 1065 2518 1135 Αἰγύπτιος,
2551 1067 2644 1120 καὶ
2671 1066 3035 1137 προσεδόκησε
3067 1067 3377 1131 συσκιάζειν
3407 1067 3495 1120 διὰ
3521 1069 3644 1121 τού-

1982 1170 2074 1205 του
2107 1153 2202 1207 καὶ
2241 1154 2530 1217 κοινωνοὺς
2558 1156 2730 1206 ποιεῖν
2765 1153 2873 1205 τῶν
2907 1155 3099 1224 ἐκείνῳ
3137 1155 3521 1226 προσηκόντων
3563 1158 3648 1226 ἑγ-

1983 1241 2276 1311 κλημάτων
2320 1241 2414 1295 καί
2460 1241 2550 1294 τὸν
2580 1239 2812 1310 Χριστὸν
2845 1241 2938 1293 καὶ
2963 1243 3087 1304 τοὺς
3117 1241 3451 1306 ἀποστόλους
3476 1259 3489 1273 ·
3529 1241 3645 1296 ἀλλ’

1982 1329 2133 1383 οὐδὲν
2182 1329 2422 1399 ἴσχυσεν,
2467 1328 2581 1381 ἀλλ’
2621 1330 2768 1399 ὅμως
2817 1328 2897 1381 ἔτι
2956 1329 3309 1400 λαμπροτέρα
3341 1330 3562 1398 γέγονεν
3611 1332 3646 1402 ἡ

1982 1414 2229 1487 ἀλήθεια,
2261 1415 2411 1469 οὐδὲν
2444 1414 2853 1484 παραϐλαϐεῖσα
2904 1419 3018 1479 τοῖς
3045 1416 3137 1468 τοῦ
3183 1416 3428 1469 διαϐόλου
3467 1434 3644 1488 μηχα-

1983 1503 2238 1573 νήμασιν,
2271 1501 2406 1557 ἀλλά
2454 1505 2548 1556 καὶ
2589 1503 2786 1574 μᾶλλον
2814 1503 3094 1573 λάμψασα.
3155 1504 3217 1556 Εἰ
3264 1503 3362 1575 μὲν
3407 1505 3516 1574 γάρ
3569 1503 3646 1575 μὴ

1981 1585 2122 1661 ἦσαν
2174 1590 2388 1661 γόητες,
2429 1587 2547 1644 εἶτα
2575 1585 2720 1644 οὗτοι
2769 1593 3051 1661 ἐκράτουν,
3074 1591 3214 1662 τάχα
3241 1591 3305 1644 ἄν
3335 1608 3419 1654 τις
3443 1591 3644 1644 ἐπελά-

1985 1679 2135 1730 ϐετο·
2187 1679 2276 1732 ὅτε
2323 1677 2380 1731 δὲ
2437 1679 2531 1732 καὶ
2587 1679 2783 1732 ἐκεῖνοι
2821 1679 3126 1747 ἐφάνησαν,
3169 1673 3313 1732 οὗτοι
3359 1679 3642 1749 κρατοῦσι,

1982 1765 2138 1820 τοῦτό
2165 1767 2282 1820 ἐστι
2309 1766 2370 1820 τὸ
2394 1767 2724 1838 θαυμαστόν.
2753 1767 2842 1820 Διὸ
2865 1769 2957 1821 καὶ
2979 1769 3208 1837 φανῆναι
3232 1768 3292 1820 ού
3326 1766 3643 1832 κωλύονται,

1984 1855 2072 1909 ἵνα
2113 1855 2210 1908 καὶ
2258 1855 2400 1909 οὕτω
2452 1854 2654 1926 μᾶλλον
2723 1854 3038 1925 λάμφωσιν·
3091 1854 3276 1928 ῶσπερ
3340 1847 3494 1918 οὗτος
3550 1856 3645 1908 καὶ

1985 1943 2218 2015 ἀλλαχοῦ
2279 1943 2455 2015 λέγει·
2507 1944 2628 1996 Ἵνα
2669 1945 2723 1997 οὶ
2778 1943 3007 2011 δόκιμοι
3058 1942 3300 2012 φανεροί
3338 1942 3642 2012 γένωνται.

1985 2013 2205 2085 Τοιοῦτό
2233 2013 2562 2102 τιῆνξδκαι
2601 2030 2939 2101 Γαμαλιῆλος
2975 2030 3178 2098 ἔλεγεν,
3205 2032 3285 2084 δτι
3335 2027 3456 2098 Πρὸ
3507 2032 3645 2084 τού-

1984 2135 2102 2173 των
2135 2118 2254 2172 τῶν
2280 2118 2515 2188 ἡμερῶν
2543 2119 2767 2186 ἀνέστη
2797 2117 3038 2184 Θευδᾶς.
3067 2119 3204 2182 Τοὺς
3245 2118 3302 2171 δὲ
3339 2118 3641 2189 σικαρίους,

1983 2207 2032 2259 οί
2077 2207 2176 2276 μὲν
2208 2207 2364 2274 γένος
2406 2224 2458 2259 τι
2489 2205 2701 2278 λῃστῶν
2758 2223 2920 2274 φασιν
2945 2206 3140 2269 αὐτοὺς
3178 2203 3337 2268 εἶναι,
3366 2203 3510 2258 οὕτω
3548 2222 3645 2258 κα-

1983 2293 2275 2363 λουμένους
2317 2281 2516 2363 ἀφ”ὧν
2538 2293 2868 2363 ἐπεφέροντο
2915 2292 3106 2360 ξιφῶν,
3142 2293 3308 2346 σικῶν
3333 2293 3643 2364 λεγομένων

1984 2380 2133 2450 παρὰ
2165 2381 2489 2452 Ῥωμαίοις·
2547 2383 2596 2434 οἰ
2641 2381 2698 2433 δὲ
2743 2382 2838 2452 τῆς
2883 2382 3012 2450 μιᾶς
3042 2381 3303 2453 αἱρέσεως
3359 2381 3458 2452 τῆς
3510 2383 3642 2454 παρ’

1993 2467 2289 2539 Ἑϐραίοις.

2055 2559 2215 2628 Τρεῖς
2247 2556 2358 2627 γάρ
2383 2557 2489 2609 εἰσι
2535 2556 2664 2627 παρ’
2685 2556 2867 2619 αὐτοῖς
2914 2555 3154 2626 αἱρέσεις
3185 2555 3240 2609 αἱ
3279 2556 3513 2624 γενικαὶ,
3539 2558 3645 2611 Φα-

1990 2648 2208 2716 ρισαῖοι,
2237 2645 2599 2709 Σαδδουκαῖοι,
2635 2644 2728 2698 καὶ
2756 2643 3023 2713 Ἐσσηνοὶ,
3046 2643 3097 2696 οἱ
3149 2644 3237 2697 καὶ
3265 2644 3439 2698 Ὅσιοι
3459 2644 3644 2713 λέγον-

1985 2751 2073 2787 ται
2099 2732 2278 2803 (τοῦτο
2312 2733 2420 2802 γάρ
2449 2733 2564 2784 ἐστι
2594 2731 2655 2784 τὸ
2694 2731 2941 2802 Ἐσσηνοὶ
2981 2730 3170 2802 ὄνομα)
3207 2731 3296 2784 διὰ
3322 2733 3382 2784 τὸ
3407 2731 3498 2785 τοῦ
3527 2733 3645 2803 βίου

1985 2822 2178 2892 σεμνόν
2200 2837 2215 2852 ·
2261 2823 2308 2874 οἰ
2352 2821 2504 2874 αὐτοὶ
2531 2819 2586 2873 δὲ
2616 2821 2708 2874 καὶ
2728 2821 2970 2891 Σικάριοι
3000 2819 3088 2872 διὰ
3117 2820 3176 2872 τὸ
3220 2817 3358 2873 εἶναι
3383 2820 3640 2892 ζηλωταί.

1980 2911 2072 2982 Μὴ
2110 2910 2287 2962 τοίνυν
2311 2909 2582 2978 ἀλγῶμεν,
2613 2909 2695 2961 ὅτι
2713 2908 2951 2977 αἱρέσεις
2971 2908 3129 2972 εἰσὶν,
3159 2909 3290 2961 ὅπου
3323 2909 3418 2962 καὶ
3456 2910 3647 2978 ψευδό-

1981 3016 2188 3072 χριστοι
2211 2999 2304 3052 καὶ
2327 2998 2404 3068 τῷ
2428 2995 2647 3068 Χριστῷ
2672 2995 2954 3050 ἐπιθέσθαι
2983 2997 3254 3068 ἠθέλησαν
3269 2999 3361 3051 καὶ
3389 2999 3496 3072 πρὸ
3521 2999 3646 3054 τού-

1979 3108 2073 3145 του
2104 3092 2196 3145 καί.
2232 3089 2368 3161 μετὰ
2401 3088 2578 3152 τοῦτο,
2630 3086 2770 3139 ὥστε
2827 3087 3138 3140 συσκιάσαι.
3179 3087 3321 3141 Ἀλλ’
3350 3089 3383 3158 ή
3415 3088 3644 3160 ἀλήθεια

1981 3180 2186 3251 λάμπει
2214 3179 2306 3232 καὶ
2337 3175 2583 3246 διάδηλός
2624 3175 2739 3227 ἐστι
2779 3173 3077 3244 πανταχοῦ.
3106 3173 3276 3228 Τοῦτο
3307 3175 3401 3229 καὶ
3424 3175 3516 3230 ἐπὶ
3537 3177 3646 3230 τῶν

1983 3265 2276 3336 προφητῶν
2319 3263 2547 3332 γέγονε·
2596 3261 2849 3329 γεγόνασι
2899 3260 3359 3333 ψευδοπροφῆται,
3395 3263 3491 3316 καὶ
3537 3264 3648 3318 ἀπὸ

1985 3355 2324 3426 συγκρίσεως
2354 3352 2551 3423 μᾶλλον
2568 3350 2836 3420 ἔλαμψαν.
2865 3351 2973 3402 Καὶ
3006 3350 3114 3421 γὰρ
3138 3353 3170 3420 ἡ
3194 3351 3348 3414 νόσος
3373 3351 3472 3422 τὴν
3502 3352 3646 3421 ὑγεί-

1983 3459 2049 3495 αν
2065 3442 2301 3512 φανεράν
2326 3439 2584 3502 δείκνυσι,
2606 3439 2701 3490 καὶ
2721 3437 2780 3489 τὸ
2797 3437 2985 3500 σκότος
3005 3439 3065 3489 τὸ
3078 3437 3213 3505 φῶς,
3236 3438 3329 3491 καὶ
3354 3439 3452 3510 τὴν
3474 3441 3645 3510 γαλή-

1983 3547 2080 3601 νην
2123 3533 2150 3584 ὁ
2198 3528 2425 3599 χειμών.
2474 3529 2588 3579 Οὐκ
2640 3526 2718 3579 ἔνι
2783 3526 2957 3578 εἰπεῖν
3018 3527 3143 3589 τοὺς
3183 3526 3483 3598 Ἕλληνας,
3563 3529 3646 3581 ὅτι

1984 3619 2174 3672 πλάνοι
2198 3618 2291 3670 καὶ
2314 3616 2504 3686 γόητες
2520 3612 2688 3684 ἦσαν·
2724 3615 2918 3667 ἐκεῖνοι
2949 3611 3058 3684 γάρ
3080 3613 3440 3686 ἠλέγχθησάν.
3479 3615 3648 3669 Τοῦτο

1984 3708 2078 3761 καὶ
2105 3706 2197 3758 ἐπὶ
2225 3704 2501 3765 Μωῦσέως
2527 3702 2720 3771 γέγονε
2741 3719 2754 3732 ·
2794 3702 3167 3772 συνεχώρησεν
3188 3703 3216 3754 6
3236 3701 3366 3764 Θεὸς
3385 3703 3510 3766 τοὺς
3539 3705 3645 3771 μά-

1984 3811 2134 3863 γους,
2156 3794 2243 3846 ἵνα
2278 3791 2352 3861 μὴ
2384 3792 2553 3860 μάγος
2577 3789 2860 3858 ὑποληφθῇ
2880 3789 3134 3859 Μωῡσῆς·
3154 3790 3334 3842 είασεν
3356 3791 3551 3854 αὐτοὺς
3570 3791 3647 3844 δι-

1983 3882 2137 3946 δάξαι
2161 3881 2367 3940 πάντας
2383 3877 2546 3946 μέχρι
2563 3877 2729 3929 πόσου
2747 3877 2950 3945 μαγεία
2964 3875 3383 3947 [549]φαντάσαι
3401 3877 3644 3933 δύναται·

1984 3967 2292 4039 περαιτέρω
2313 3966 2370 4019 δὲ
2399 3965 2498 4018 ούκ
2525 3965 2835 4034 ἠπάτησαν,
2859 3963 2974 4016 ἀλλ’
3001 3963 3155 4016 αύτολ⁵
3176 3964 3275 4034 τὴν
3310 3961 3478 4035 ἧτταν
3498 3965 3647 4036 ὡμο-

1983 4059 2234 4128 λόγησαν.
2270 4053 2434 4108 Οὐδὲν
2452 4054 2601 4124 ἡμᾶς
2627 4051 2950 4121 βλάπτουσιν
2975 4053 3023 4105 οἱ
3052 4051 3300 4104 ἐπιθὲται
3323 4069 3337 4084 ·
3367 4054 3566 4123 μᾶλλον
3587 4054 3646 4108 δὲ

1983 4148 2077 4201 καὶ
2108 4143 2320 4198 ποιοῦσι
2372 4140 2635 4212 βελτίους,
2665 4140 2730 4192 ἀν
2772 4156 2854 4201 τις
2884 4138 3010 4210 θέλῃ
3055 4140 3343 4210 προσέχειν
3377 4141 3468 4193 τὸν
3499 4142 3644 4196 νοῦν.

1982 4235 2047 4286 Τί
2071 4227 2184 4298 οῦν,
2225 4229 2408 4298 φησὶν,
2451 4228 2578 4281 ὅταν
2607 4225 2950 4297 κοινωνῶμεν
2978 4227 3159 4289 αὐτοῖς
3188 4227 3286 4297 τῆς
3329 4226 3517 4298 δόξης;
3569 4231 3644 4282 Οὐ
3730 4248 3736 4254 ·

1983 4322 2112 4391 παρ’
2140 4320 2307 4389 ἡμᾶς,
2333 4316 2466 4370 ἀλλὰ
2483 4314 2632 4385 παρὰ
2653 4315 2777 4376 τοὺς
2805 4314 2904 4368 οὑκ
2933 4313 3152 4385 ἔχοντας
3174 4316 3372 4386 κρίσιν.
3407 4317 3500 4386 Μὴ
3524 4317 3646 4384 σφό-

1980 4409 2082 4479 δρα
2114 4406 2324 4477 μελέτω
2346 4404 2444 4474 τῆς
2471 4401 2628 4472 δόξης
2657 4403 2788 4472 ἡμῖν
2817 4402 2916 4472 τῆς
2948 4402 3058 4454 τῶν
3083 4403 3315 4469 πολλῶν,
3345 4403 3478 4474 μηδὲ
3505 4404 3646 4475 πέρα

1980 4496 2076 4550 τοῦ
2098 4495 2308 4557 δέοντος
2335 4491 2506 4562 αὐτῆς
2530 4491 2922 4562 φροντίζωμεν.
2952 4490 3070 4561 Θεῷ
3096 4490 3296 4561 ζῶμεν,
3313 4492 3411 4544 οὐκ
3436 4490 3647 4563 ἀνθρώο

1981 4601 2136 4647 ποις·
2191 4583 2249 4635 ἐν
2276 4580 2492 4653 οὐρανῷ
2521 4579 2936 4649 πολιτευόμεθα,
2966 4581 3066 4633 οὐκ
3109 4582 3201 4634 ἐπὶ
3238 4582 3337 4649 τῆς
3365 4581 3496 4653 γῆς·
3528 4583 3648 4635 ἐκεῖ

1979 4669 2048 4722 τὰ
2073 4666 2301 4738 βραδεῖα
2326 4664 2423 4719 καὶ
2449 4663 2520 4717 τὰ
2546 4663 2752 4716 ἔπαθλα
2779 4665 2954 4716 κεῖται
2983 4664 3090 4718 τῶν
3122 4667 3404 4736 ἡμετέρων
3434 4665 3641 4718 πόνων·

1981 4756 2190 4810 ἐκεῖθεν
2230 4752 2618 4826 προσδοκῶμεν
2653 4752 2781 4815 τοὺς
2813 4751 3089 4817 ἐπαίνους,
3133 4754 3342 4806 ἐκεῖθεν
3366 4753 3492 4816 τοὺς
3519 4769 3645 4806 στε-

1983 4845 2203 4915 φάνους.
2237 4843 2417 4913 Μέχρι
2459 4839 2718 4895 τοσούτου
2750 4840 3120 4910 φροντίςωμεν
3165 4839 3275 4893 τῶν
3319 4839 3641 4910 ἀνθρώπων,

1985 4933 2144 5006 μέχρι
2162 4930 2257 4985 τοῦ
2297 4932 2371 5001 μὴ
2398 4929 2597 4983 διδόναι
2625 4929 2720 4982 καὶ
2742 4927 2999 4997 παρέχειν
3029 4928 3210 4992 αὐτοῖς
3244 4927 3433 4997 λαϐήν.
3463 4929 3559 4981 Ἂν
3587 4929 3645 4984 δὲ

1980 5023 2135 5094 ἡμῶν
2167 5022 2241 5092 μὴ
2290 5017 2636 5090 παρέχοντων
2677 5018 2874 5070 ἐκεῖνοι
2924 5014 3148 5068 θέλωσιν
3180 5016 3366 5079 ἁπλῶς
3396 5015 3491 5069 καὶ
3519 5019 3641 5090 εἰκῇ

1981 5109 2326 5180 κατηγορεῖν,
2343 5105 2612 5176 γελῶμεν,
2643 5105 2717 5174 μὴ
2745 5103 3067 5173 δακρύωμεν
3087 5101 3135 5156 ά.
3173 5104 3245 5156 Σὺ
3272 5104 3485 5172 προνόει
3503 5105 3643 5161 καλά

1980 5197 2211 5253 ἐνώπιον
2256 5194 2463 5265 Κυρίου
2521 5192 2617 5247 καὶ
2658 5189 2989 5262 ἀνθρώπων·
3033 5189 3099 5244 ἂν
3139 5190 3231 5244 σοῦ
3288 5191 3642 5263 προνοοῦντος

1980 5283 2120 5340 καλά
2147 5285 2351 5346 ἐκεῖνος
2375 5279 2622 5352 σκώπτῃ,
2654 5277 2848 5350 μηκέτι
2886 5275 3155 5350 φρόντιζε.
3204 5279 3387 5351 Ἔχεις
3415 5281 3486 5335 τά
3513 5282 3642 5336 ὑπο-

1979 5372 2246 5440 δείγματα
2267 5372 2324 5423 ἐν
2344 5371 2463 5432 ταῖς
2483 5369 2743 5440 Γραφαῖς.
2777 5367 2941 5435 ’Ἄρτι
2992 5366 3096 5440 γὰρ
3141 5367 3490 5438 ἀνθρώπους
3517 5371 3640 5424 πεί.

1981 5465 2078 5520 θω.
2103 5459 2141 5526 ἢ
2185 5459 2291 5512 τὸν
2322 5457 2504 5521 Θεόν;
2542 5457 2708 5525 φησί·
2751 5457 2845 5509 καὶ
2894 5455 3073 5518 πάλιν,
3117 5456 3486 5526 Ἀνθρώπους
3513 5459 3630 5510 πεί-

1943 5576 1952 5588 ·
1979 5552 2179 5616 θυμεν,
2212 5545 2332 5610 Θεῷ
2367 5544 2434 5596 δὲ
2459 5545 2942 5614 πεφανερώμεθα.
2991 5543 3098 5596 Καὶ
3123 5547 3151 5597 6
3201 5545 3432 5616 Χριστὸς
3467 5544 3638 5609 οὕτως

1979 5636 2070 5688 ἐπὶ
2099 5635 2205 5688 τῶν
2236 5633 2730 5702 σκανδαλιζομένων
2755 5633 2939 5702 ἔλεγεν
2958 5648 2971 5662 ·
3016 5633 3201 5700 ’Ἄφες
3233 5633 3472 5697 αὐτοὺς,
3500 5634 3631 5700 όδη·

1976 5724 2070 5790 Tol
2092 5725 2210 5776 εἱσι
2235 5722 2450 5790 τυφλοί
2483 5720 2754 5790 τυφλῶν·
2801 5723 2895 5773 καὶ
2917 5719 3096 5782 πάλιν,
3131 5721 3273 5772 Οῠαί
3309 5720 3468 5787 ὑμῖν,
3493 5721 3637 5776 ὅταν

2043 5832 2064 5859 ⁴⁵
2095 5829 2146 5877 In
2165 5827 2455 5890 quibusdam
2474 5828 2520 5875 τί
2542 5827 2630 5890 γάρ
2650 5844 2790 5890 φησιν
2809 5827 2971 5876 deest.
3013 5824 3039 5865 δ
3060 5825 3138 5874 Sic
3161 5836 3298 5885 mss,
3321 5832 3478 5876 recte.
3500 5827 3633 5882 Editi

1980 5903 2122 5952 vero,
2142 5889 2298 5952 male,
2323 5891 2552 5952 γελῶμεν,
2575 5889 2868 5952 δακρύωμεν.
