4028 6218
467 226 572 281 525

458 337 659 406 καλῶς
682 338 835 409 ὑμᾶς
855 339 1107 395 εῖπωσιν
1130 357 1350 408 παντες
1376 347 1431 397 οἱ
1461 344 1755 413 ἄνθρωποι
1785 360 1809 388 ⁸
1837 365 1850 378 ·
1885 350 1983 402 καὶ
2009 348 2114 401 πά-

456 425 560 478 λιν·
604 427 901 495 Λαμψάτω
923 428 993 481 τὰ
1015 427 1159 497 ἔργα
1184 430 1373 497 ὑμῶν,
1404 430 1564 498 ὅπως
1589 432 1796 487 ῑδωσιν
1820 438 1875 488 οἱ
1901 436 2118 504 ἆνθρω·

458 529 580 577 ποι,
634 514 729 567 καὶ
768 513 1074 577 δοξάσωσι
1117 515 1223 569 τὸν
1270 520 1502 587 Πατέρα
1546 522 1710 589 ὑμῶν
1758 522 1864 576 τὸν
1896 523 1965 576 ἐν
1997 523 2118 590 τοῖς

456 602 751 669 οὐρανοῖς.
793 604 856 655 El
884 604 939 656 δὲ
967 605 1197 675 ἀλλαχοῦ
1231 606 1411 675 λέγει·
1473 612 1575 675 Ὃς
1600 611 1708 664 ἐὰν
1732 614 2115 683 σκανδαλίσῃ

456 687 565 741 ἕνα
592 687 709 741 τῶν
721 689 948 758 μικρῶν
974 694 1219 759 τούτων,
1252 695 1540 764 συμφέρει
1567 697 1726 764 αὐτῷ
1766 700 1866 753 ἵνα
1915 718 2117 769 κρεμα-

456 774 578 843 σθῇ
622 777 813 843 μύλος
862 779 1063 844 ὀνικὸς
1106 781 1237 849 περί
1286 783 1392 835 τὸν
1440 784 1743 853 τράχηλον
1777 788 1980 853 αὑτοῦ,
2016 789 2114 843 καὶ

455 866 899 934 καταποντισθῇ
935 867 1006 919 ἐν
1054 867 1131 933 τῷ
1176 870 1418 939 πελάγει
1473 871 1583 938 τῆς
1636 873 1983 941 θαλάσσης·
2038 876 2112 945 μὴ

457 950 741 1023 θαυμάσῃς
760 969 771 980 ·
809 954 867 1006 ού
901 956 1007 1025 γάρ
1032 956 1147 1008 ἐστι
1177 956 1350 1010 ταῦτα
1376 959 1592 1011 ἐναντία
1617 960 1672 1022 b,
1697 960 1831 1013 ἀλλά
1861 962 1954 1013 καὶ
1983 962 2114 1030 σφό-

454 1035 558 1108 δρα
582 1038 888 1107 συνᾲδοντα.
924 1041 1092 1092 Ὅταν
1122 1042 1220 1111 μὲν
1258 1043 1366 1113 7&9
1396 1046 1526 1113 παρ’
1552 1046 1698 1115 ἡμᾶς
1720 1046 1962 1116 γένηται,
1993 1047 2114 1101 οὐαὶ

454 1125 611 1194 ἡμῖν·
653 1126 779 1178 ὅταν
805 1127 860 1178 δὲ
888 1127 962 1197 μὴ
996 1131 1123 1200 παρ’
1149 1132 1315 1200 ἡμᾶς,
1342 1131 1544 1186 οὐκέτι.
1595 1134 1701 1186 Καὶ
1734 1135 1892 1189 πάλιν
1911 1150 1926 1167 ³
1971 1136 2113 1190 Οὐαί

452 1210 615 1279 ὑμῖν,
664 1211 737 1263 δι’
767 1212 873 1278 οὓς
918 1213 985 1265 τὸ
1038 1214 1225 1284 ὄνομα
1288 1218 1395 1271 τοῦ
1444 1218 1592 1273 Θεοῦ
1649 1220 2107 1290 βλασφημεῖται.

452 1296 518 1349 Τί
548 1292 657 1363 οῦν,
681 1297 745 1351 ἂν
774 1299 881 1366 ἐγὼ
909 1301 1007 1370 μὲν
1029 1303 1165 1355 ποιῶ
1181 1320 1234 1355 τι
1261 1304 1369 1357 τῶν
1389 1304 1633 1368 δεόντων,
1668 1306 1853 1377 ἕτερος
1872 1308 1926 1360 δὲ
1947 1308 2111 1378 βλασ-

457 1386 650 1454 φημῇ;
705 1385 868 1439 Οὐδὲν
901 1388 1034 1457 πρὸς
1068 1389 1127 1441 σὲ
1149 1429 1164 1454 ,
1198 1390 1334 1443 ἀλλά
1369 1391 1504 1463 πρὸς
1547 1393 1780 1446 ἐκεῖνον·
1814 1395 1880 1447 δι’
1903 1396 2111 1450 ἐκείνου

451 1471 559 1542 7&9
588 1471 999 1544 ἐϐλασφημήθη.
1031 1477 1138 1529 Καὶ
1163 1477 1281 1541 πῶς
1310 1477 1387 1531 ἔνι
1418 1479 1620 1550 πρᾶξαί
1642 1498 1693 1533 τι
1728 1480 1836 1534 τῶν
1860 1482 2107 1548 δεόντων,

451 1560 546 1612 καὶ
572 1558 752 1612 δοῦναι
780 1564 891 1623 τοῖς
912 1562 1092 1625 ἄλλοις
1115 1562 1319 1631 λαϐήν;
1360 1564 1529 1618 Πόθεν
1554 1567 1829 1636 βούλεσθε,
1867 1569 1973 1622 ἀπὸ
2005 1568 2110 1622 τῶν

450 1644 547 1698 νῦν
577 1646 765 1708 ὄντων,
804 1647 836 1719 ἢ
870 1648 978 1701 ἀπὸ
1021 1648 1128 1702 τῶν
1164 1650 1408 1705 παλαιῶν
1438 1652 1506 1705 τά
1538 1654 1955 1725 παραδείγματα
1984 1656 2110 1724 ὑμῖν

448 1731 669 1799 ἀγάγω;
703 1733 819 1786 Ἵνα
844 1733 917 1805 μὴ
939 1734 1217 1804 ψοφοδεεῖς
1240 1732 1407 1808 ὦμεν,
1435 1739 1685 1809 βούλεσθε
1710 1742 1839 1794 αὐτὸ
1867 1742 1931 1812 δὴ
1956 1742 2112 1796 τοῦτο

447 1820 508 1872 τὸ
544 1819 638 1872 νῦν
692 1822 825 1889 μετά
857 1824 1044 1891 χεῖρας
1081 1822 1355 1895 εἴπωμεν;
1390 1827 1674 1891 Ἴουδόιῖζεν
1728 1830 1757 1882 ό
1791 1828 2000 1892 Παῦλος
2053 1832 2110 1883 ἐν

461 1906 870 1977 Ἱεροσολύμοις,
916 1910 1029 1962 ἀλλ’
1057 1912 1113 1963 ἐν
1142 1913 1438 1983 Ἀντιοχείᾳ
1470 1915 1568 1966 οὐκ
1598 1914 1707 1968 ἐτι’
1748 1917 1979 1981 ἰουδάῖζε
2019 1918 2111 1972 καὶ⁹

446 1994 905 2059 ἐσκανδαλίζοντο,
939 1996 1052 2049 ἀλλ’
1085 1998 1143 2050 οὐ
1180 1999 1400 2062 δικαίως
1426 2001 1868 2065 ἐσκανδαλίζοντο
1891 2005 2105 2058 ἐκεῖνοι.

445 2079 679 2149 Λέγεται
704 2083 954 2153 Νέρωνος
984 2085 1077 2137 καὶ
1106 2086 1341 2155 οἰνοχόον
1367 2086 1460 2140 καὶ
1492 2088 1795 2142 παλλακίδα
1823 2090 2070 2146 ἀσπάσαι
2093 2107 2108 2123 ⁸

446 2166 587 2221 πόσα
619 2168 794 2222 οἴεσθε
828 2172 951 2225 κατ’
994 2172 1158 2225 αὐτοῦ
1211 2174 1487 2244 εἰρηκέναι
1523 2176 1722 2240 αὐτοὺς
1772 2177 1861 2231 διὰ
1917 2179 2106 2247 τοῦτο;

446 2252 589 2307 Ἀλλ’
618 2257 677 2308 οὐ
711 2257 953 2322 δικαίως.
986 2260 1047 2312 Εἰ
1082 2261 1181 2330 μὲν
1206 2261 1313 2331 γὰρ
1340 2261 1434 2316 ἐπὶ⁸
1456 2262 1711 2334 ἀσελγείᾳ
1745 2265 2049 2333 ἠσπάσατο,
2072 2268 2107 2338 ἢ

445 2341 538 2391 ἐπὶ
566 2345 823 2413 πονηροῖς
851 2344 1194 2414 πράγμασιν,
1228 2347 1481 2411 εἰκότως·
1515 2349 1564 2400 εἰ
1599 2349 1656 2401 δὲ
1692 2350 1785 2402 ἐπὶ
1825 2350 1921 2420 βίῳ
1942 2351 2105 2422 ὀρθῷ,

443 2426 585 2490 τίνος
613 2427 824 2492 ἐνεκενς
888 2432 1033 2483 Εἴπω
1058 2449 1109 2484 τι
1142 2433 1234 2485 καί
1267 2450 1373 2486 τινι
1400 2434 1509 2487 τῶν
1536 2436 1659 2505 ἐμοὶ
1697 2439 1942 2508 συνήθων
1973 2457 2109 2510 συμ-

445 2516 568 2570 ϐάν.
600 2516 899 2572 Ἐπέπεσεν
952 2521 1086 2590 ὀργή
1125 2538 1253 2573 ποτε
1291 2521 1383 2574 τοῦ
1418 2522 1576 2590 Θεοῦ,
1623 2526 1715 2577 καὶ
1751 2526 1954 2598 σφόδρα
1990 2529 2109 2592 νέος

444 2604 519 2660 ὢν
564 2607 788 2671 ἐκεῖνος,
831 2608 924 2659 καὶ
978 2610 1035 2661 ἐν
1072 2612 1137 2679 τῇ
1179 2609 1271 2662 τοῦ
1324 2610 1566 2665 διακόνου
1615 2612 1763 2678 τάξει
1802 2615 2104 2685 τυγχάνων,

443 2692 568 2745 ἐπεὶ
600 2692 721 2745 τότε
742 2695 769 2746 ὁ
793 2695 1086 2759 ἐπίσκοπος
1115 2696 1301 2767 ἔτυχεν
1324 2698 1477 2751 ἀπὼν
1506 2701 1625 2753 κατ’
1652 2703 1852 2754 ἐκεῖνον
1875 2703 1963 2754 τὸν
1988 2719 2108 2756 και-

447 2779 559 2850 ρὸν,
587 2781 679 2833 καὶ
703 2780 807 2833 τῶν
833 2783 1213 2855 πρεσϐυτέρων
1235 2785 1407 2849 οὐδεὶς
1430 2787 1762 2858 ἐφρόντιζεν,
1783 2789 1897 2842 ἀλλ’
1921 2790 2106 2856 ἁπλῶς

442 2866 705 2937 ἐποίησαν
758 2868 1090 2939 φωτισθῆναι
1148 2870 1342 2942 ἀθρόον
1394 2873 1451 2925 ἐν
1486 2874 1583 2944 μιᾷ
1632 2876 1785 2945 νυκτὶ
1842 2877 2106 2948 μυριάδας

425 2952 665 3017 πολλὰς,
710 2955 803 3007 καὶ
858 2954 1044 3018 ἁπλῶς
1078 2956 1430 3022 ἐϐαπτίζοντο
1461 2960 1661 3024 πάντες
1689 2961 1839 3015 οὐδὲν
1876 2965 2100 3028 εἰδότες·

442 3038 661 3104 τούτους
693 3041 898 3105 ἐκεῖνος
915 3041 1093 3095 λαϐὼν
1124 3044 1240 3098 κατ’
1273 3046 1407 3098 ἰδίαν
1428 3046 1562 3116 ὁμοῦ
1582 3048 1774 3102 ἑκατὸν
1810 3051 1903 3103 καὶ
1927 3051 2107 3104 διακο-

444 3128 613 3193 σίους,
640 3127 926 3195 διελέγετο,
953 3128 1079 3183 ἄλλο
1110 3131 1206 3200 μὲν
1225 3130 1375 3202 [350]
1401 3133 1572 3199 οὐδὲν,
1601 3134 1668 3187 τά
1686 3135 1742 3187 δέ
1761 3135 1867 3189 τῶν
1895 3154 2103 3208 μυστη-

444 3213 576 3282 ρίων
606 3213 764 3284 μόνον
791 3213 867 3277 ώς
892 3215 1027 3285 μηδὲ
1051 3217 1161 3279 τοῖς
1182 3217 1482 3289 ἀμυνήτοις
1506 3224 1808 3292 συγχωρεῖν
1832 3226 2100 3294 παρεῖναι.

440 3299 614 3354 Τοῦτο
672 3300 836 3353 αὐτὸν
872 3300 1127 3355 ποιοῦντα
1180 3304 1437 3373 ἐνόμισαν
1483 3306 1666 3360 πολλοὶ
1714 3309 1813 3378 τῆς
1848 3322 1870 3348 υ
1930 3311 2104 3382 ἀρχῆς

441 3385 651 3455 ἐρῶντα
697 3386 853 3439 τοῦτο
881 3388 1074 3441 ποιεῖν.
1116 3388 1259 3441 Ἀλλ’
1290 3390 1392 3444 οὑκ
1426 3392 1740 3461 ἐφρόντισεν
1769 3396 1972 3458 ἐκεῖνος
1996 3398 2103 3451 τῶν

440 3472 784 3541 νομιζόντων·
815 3473 914 3526 οὐκ
938 3473 1166 3537 ἐξέτεινε
1193 3476 1374 3545 μέντοι
1402 3478 1497 3530 ἐπὶ
1526 3480 1715 3550 χρόνον
1747 3481 1808 3533 τὸ
1841 3484 2097 3553 πρᾶγμα,

442 3557 558 3610 ἀλλ’
588 3558 789 3623 εὐθέως
826 3560 1121 3615 ἐπαύσατο.
1161 3562 1226 3615 Τί
1274 3558 1401 3629 οὗν;
1454 3565 1660 3630 ἐκεῖνος
1687 3568 1779 3620 τοῦ
1806 3570 2100 3624 σκανδάλου

442 3647 650 3712 αῖτιος;
694 3647 806 3700 Οὐκ
832 3647 1006 3717 ἔγωγε
1038 3645 1208 3719 οἶμαι.
1241 3649 1304 3703 Εἰ
1335 3651 1434 3721 μὲν
1463 3654 1569 3725 γὰρ
1590 3655 1690 3707 οὐκ
1734 3654 1899 3725 οὔσης
1924 3659 2102 3720 αἰτίας

439 3731 600 3784 τοῦτο
626 3732 818 3797 ἐποίει,
851 3735 1071 3798 εἰκότως
1098 3736 1290 3807 ἐκείνῳ
1320 3737 1421 3808 τὴν
1452 3740 1629 3793 αἰτίαν
1653 3742 1983 3812 ἐπέγραφον,
2006 3746 2100 3798 καὶ

441 3819 491 3871 εί
522 3818 686 3870 πάλιν
707 3819 1059 3886 ἐπεξέτεινεν.
1096 3822 1263 3875 Ὅταν
1285 3824 1394 3895 γὰρ
1422 3824 1529 3878 τῶν
1545 3825 1622 3895 τῷ
1660 3828 1777 3898 Θεῷ
1804 3828 2100 3883 δοκούντων

441 3903 721 3976 κωλύηται
752 3905 840 3958 διὰ
894 3906 956 3959 τὸ
1004 3907 1190 3978 ἐτέρου
1229 3910 1548 3977 σκάνδαλον,
1581 3918 1940 3984 καταφρονεῖν
1986 3916 2097 3967 δεῖ·

438 3991 561 4044 τότε
585 3991 642 4044 δὲ
669 3992 990 4064 φροντίζειν,
1017 3996 1144 4048 ὅταν
1168 3996 1333 4066 μηδὲν
1352 3998 1782 4069 ἀναγκαζώμεθα
1801 4000 1867 4053 δι’
1896 4002 2099 4053 ἐκεῖνον

502 4127 530 4157 ⁸
551 4126 735 4195 Ver_b_a,
760 4133 839 4179 καὶ
863 4132 1059 4181 πάλιν...
1086 4134 1338 4195 ἄνθρωποι,
1360 4130 1537 4193 quibus
1560 4140 1727 4195 carent
1751 4134 1889 4190 editi,
1911 4147 1972 4183 ex
2005 4136 2094 4183 Iri--

436 4185 531 4254 [ms
569 4185 931 4254 cogdfrecepla
952 4201 1084 4241 sunt.
1113 4185 1246 4242 Εόιτ.
1313 4185 1340 4235 ιὶ
1367 4185 1498 4241 Unus
1521 4194 1648 4252 cod.,
1696 4185 1953 4252 θαλάσσὴς.
1985 4197 2089 4244 Οὐκ

437 4249 541 4299 ἐστι
561 4251 710 4301 ταῦτα
728 4249 930 4302 ἐναντία.
962 4256 985 4283 (³
1005 4254 1357 4315 Αιὶἰ,παρεῖναι.
1373 4253 1622 4316 Ἐνόμισαν
1639 4249 1782 4303 αὐτὸν
1803 4249 1968 4303 πολλοὶ
1987 4264 2087 4314 τῆς,

1308 225 1365 280 8.
1396 225 1676 282 «ΙΟᾹΝΝΙΒ
1703 224 2187 284 CIIRYSOSTOMI
2218 222 2535 280 ARCHIEP.
2575 221 3116 280 CONSTANTINOP.

3776 226 3881 282 326

2220 342 2578 414 προσκρούειν
2603 342 2721 413 Θεῷ
2740 359 2753 373 ·
2778 344 2921 407 ἐπεὶ,
2955 343 3077 396 εἰπέ
3112 358 3224 413 μοι,
3256 340 3323 397 ἂν
3352 342 3553 413 μεταξὺ
3577 342 3887 417 διαλεγομέ-

2220 449 2326 483 νων
2348 430 2503 501 ήμῶν
2532 430 2625 482 καὶ
2652 430 2778 493 τοὺς
2811 429 3108 500 μεθύοντας
3136 431 3495 484 σκωπτόντων
3524 432 3885 504 σκανδαλίζη-

2217 517 2309 570 ταί
2336 534 2440 578 τις,
2468 514 2578 584 ἐγὼ
2610 516 2904 587 παύσωμαι
2932 517 3145 586 λέγων;
3198 519 3462 570 Ἀκουσον
3498 518 3593 570 τοῦ
3647 521 3884 591 Χριστοῦ

2215 604 2497 671 λέγοντος·
2550 604 2646 671 Μὴ
2691 605 2789 657 καὶ
2836 605 3006 674 ὑμεῖς
3057 606 3363 670 βούλεσθε
3414 606 3670 675 ὑπάγειν
3693 624 3713 671 ;
3780 610 3882 662 Οὕ-

2214 708 2321 753 τως
2378 688 2499 742 οὕτε
2531 694 2890 759 καταφρονεῖν
2923 691 3047 744 οὔτε
3082 692 3285 762 σφόδρα
3342 694 3740 747 ἀντιποιεῖσθαι
3785 696 3882 765 τῆς

2213 778 2321 830 τῶν
2363 777 2569 829 πολλῶν
2596 777 2877 841 ἀσθενείας
2908 781 3035 850 χρή.
3088 781 3156 832 Ἢ
3189 781 3287 850 οὐχ
3336 781 3552 853 ὁρῶμεν
3607 784 3703 835 καὶ
3756 786 3878 847 τοὺς

2217 866 2432 935 ἰατροὺς
2466 865 2623 918 τοῦτο
2672 865 2978 931 ποιοῦντας,
3019 869 3135 931 καὶ,
3180 869 3306 921 ὅταν
3347 869 3444 939 μὲν
3488 872 3734 941 ἐγχωρῇ,
3786 889 3877 941 χα-

2218 953 2525 1022 ριζομένους
2562 955 2674 1016 τοῖς
2712 953 3033 1023 κάμνουσιν,
3071 956 3199 1008 ὅταν
3230 956 3285 1008 δέ
3321 957 3540 1027 ήχάρις
3576 960 3609 1028 η
3657 960 3877 1011 ἐκείνων

2215 1039 2416 1109 βλάϐην
2445 1038 2763 1110 ἐργάζηται,
2798 1040 2898 1092 οὐκ
2921 1040 3000 1094 ἐτι
3049 1042 3433 1113 φειδομένους;
3491 1044 3779 1113 Πανταχω]
3824 1046 3877 1098 τὸ

2216 1125 2412 1195 μέτρον
2448 1128 2614 1195 τιμᾷν
2654 1125 2816 1177 καλόν
2844 1126 2890 1180 ά.

2295 1213 2754 1283 Ἐϐλασφήμησαν
2811 1213 2998 1266 πολλοὶ
3056 1216 3412 1285 κατηχήσεως
3467 1216 3652 1268 ἕνεκεν
3715 1217 3877 1287 κόρης

2211 1300 2352 1363 τινὸς
2378 1299 2654 1369 εὐμόρφου
2677 1300 2946 1371 παρθένου
2977 1302 3257 1371 μεινάσης,
3283 1302 3592 1370 παρέϐαλον
3613 1302 3755 1372 πρὸς
3776 1304 3871 1356 αὐ-

2209 1387 2329 1457 τὴν,
2349 1388 2444 1440 καὶ
2464 1389 2590 1450 τοὺς
2610 1387 2985 1457 κατηχοῦντας
3014 1388 3379 1458 ἐλοιδόρησαν.
3409 1389 3474 1440 Τί
3494 1385 3618 1453 οῦν;
3642 1391 3878 1461 ἀποστῆ-

2210 1490 2298 1526 ναι
2328 1472 2567 1536 ἐκείνους
2594 1473 2700 1526 ἔδει
2721 1474 2807 1526 διὰ
2833 1474 3022 1540 τοῦτο;
3045 1474 3308 1543 Οὐδαμῶς
3328 1490 3342 1503 ·
3373 1475 3524 1528 οὐδὲν
3550 1475 3662 1545 γὰρ
3689 1478 3877 1545 είργά-

2212 1559 2364 1622 ζοντο
2397 1560 2657 1621 ἐναντίον,
2689 1560 2825 1613 ἀλλά
2864 1561 2957 1613 καὶ
2996 1560 3199 1631 σφόδρα
3232 1560 3421 1613 δοκοῦν
3468 1564 3707 1633 πρᾶγμα
3738 1564 3875 1633 Θεῷ.

2210 1647 2302 1715 Μὴ
2329 1645 2528 1710 τοίνυν,
2562 1647 2611 1698 εί
2648 1647 3087 1710 σκανδαλίζονταί
3110 1664 3273 1709 τινες,
3309 1646 3530 1716 ἴδωμεν,
3569 1648 3689 1700 ἀλλ’
3724 1651 3774 1701 εἰ
3806 1650 3876 1702 δι-

2210 1733 2398 1797 καίως,
2425 1735 2520 1786 καὶ
2546 1735 2595 1786 εἰ
2628 1733 2702 1804 μὴ
2733 1733 2870 1804 μετὰ
2900 1734 2994 1803 τῆς
3018 1735 3291 1803 ἡμετέρας
3320 1733 3541 1803 βλάϐης.
3568 1738 3636 1787 El
3661 1735 3874 1805 ,ϐρῶμα

2209 1818 2623 1885 σκανδαλίζει,
2655 1822 2808 1890 φησὶ,
2840 1821 2946 1874 τὸν
2983 1821 3251 1889 ἀδελφόν
3284 1840 3425 1889 μου,
3457 1824 3527 1875 οὑ
3568 1822 3655 1891 μὴ
3710 1823 3873 1893 φάγω

2209 1908 2352 1976 κρέα
2376 1910 2462 1975 είς
2486 1909 2594 1962 τὸν
2616 1907 2821 1962 αἰῶνα.
2852 1908 3108 1971 Εἰκότως·
3135 1910 3288 1962 οὐδὲν
3312 1910 3420 1979 7&9
3448 1910 3685 1962 ἔϐλαπτε
3710 1910 3776 1963 τὸ
3800 1914 3874 1981 μὴ

2210 1997 2434 2064 φαγεῖν·
2489 1997 2537 2048 εί
2593 1996 2772 2066 μέντοι
2830 1995 3171 2059 σκανδαλίζει
3221 1996 3414 2058 αὐτὸν,
3467 1998 3547 2049 ὃτι
3608 1998 3874 2068 βούλομαι

2208 2082 2599 2150 ἀποτάξασθαι,
2630 2083 2731 2136 οὐκ
2773 2083 2855 2136 ἔτι
2898 2083 3204 2153 φροντίζειν
3242 2082 3338 2135 δεῖ.
3384 2084 3493 2137 Καὶ
3524 2085 3681 2149 τίνα,
3717 2086 3873 2155 φησὶ,

2207 2167 2365 2222 τοῦτο
2396 2168 2771 2234 σκανδαλίζει;
2809 2169 3040 2233 Πολλοὺς
3060 2210 3075 2236 ,
3108 2169 3282 2239 ἔγωγε
3316 2166 3453 2223 οἰδα.
3484 2172 3653 2224 Ὅταν
3694 2173 3877 2226 τοίνυν

2208 2255 2498 2327 ἀδιάφορον
2609 2256 2669 2308 τὸ
2715 2255 2972 2326 κώλυμα,
3012 2256 3266 2325 γινέσθω·
3313 2258 3456 2319 ἐπεὶ,
3492 2259 3539 2310 εί
3582 2259 3878 2329 μέλλοιμεν

2207 2343 2344 2412 πρὸς
2388 2342 2545 2395 τοῦτο
2598 2342 2756 2414 μόνον
2808 2345 2969 2414 ὁρᾷν,
3022 2343 3230 2396 πολλῶν
3281 2343 3476 2415 ἔχομεν
3524 2345 3873 2416 ἀποστῆναι·

2206 2429 2395 2500 ὥσπερ
2427 2427 2522 2483 οὖν
2554 2430 2649 2483 καὶ
2683 2430 3013 2494 τούναντίον,
3053 2431 3103 2483 εἰ
3141 2430 3430 2502 μέλλοιμεν
3471 2437 3876 2503 καταφρονεῖν,

2207 2516 2437 2580 πολλοὺς
2463 2516 2776 2570 ἀπολλύναι·
2807 2517 2928 2570 ἐπεὶ
2954 2518 3048 2570 καὶ
3080 2517 3289 2579 Παῦλος
3320 2519 3612 2589 προενόησε
3636 2520 3878 2575 σκανδά-

2205 2605 2318 2657 λου·
2336 2605 2584 2671 καὶπῶς,
2607 2606 2791 2660 ἄκουε·
2815 2605 2941 2659 Ἵνα
2957 2604 3042 2675 μὴ
3072 2604 3145 2673 τῇ
3171 2604 3464 2673 ἁδρότητι,
3502 2606 3653 2676 φησὶ,
3677 2609 3877 2677 ταύτῃ

2205 2693 2281 2761 τῇ
2308 2694 2741 2762 διακονουμένῃ
2769 2693 2868 2761 ὑφ’
2899 2693 3085 2762 ἡμῶν·
3113 2694 3262 2746 οὐδὲν
3292 2694 3400 2764 γάρ
3428 2693 3660 2747 ἔϐλαπτε
3686 2694 3749 2747 τὺ
3775 2696 3879 2766 τὴν

2207 2781 2459 2834 ὑπόνοιαν
2518 2780 2738 2844 ἐξελεῖν.
2788 2781 2955 2832 Ὅταν
3004 2780 3059 2832 δὲ
3106 2782 3184 2843 εἰς
3232 2780 3486 2851 τοιαύτην
3534 2781 3880 2853 ἐμπέσωμεν

2205 2868 2486 2938 ἀνάγκην,
2524 2867 2664 2921 ὥστε
2709 2867 2918 2937 μεγάλα
2961 2866 3215 2936 γενέσθαι
3261 2868 3406 2920 κακά
3437 2867 3525 2921 διά
3567 2867 3629 2920 τὸ
3675 2868 3878 2939 ἐτέρου

2205 2953 2528 3015 σκάνδαλον,
2576 2954 3006 3024 καταφρονῶμεν
3050 2953 3281 3008 ἐκείνου.
3330 2954 3568 3017 Ἐκεῖνος
3616 2954 3717 3025 μὲν
3763 2957 3880 3028 7&9

2203 3039 2380 3108 ἐαυτῷ
2411 3038 2600 3104 αἴτιος,
2633 3041 2796 3110 ἡμεῖς
2825 3039 2881 3093 δὲ
2909 3040 3006 3093 οὐκ
3036 3039 3117 3094 ἐτι
3143 3039 3468 3093 ὑπεύθυνοι·
3504 3041 3565 3093 οὐ
3600 3040 3708 3112 7&9
3740 3043 3879 3113 ἐνῆν

2200 3126 2453 3190 ἀϐλαϐῶς
2486 3125 2652 3179 αὐτοῦ
2697 3124 3009 3195 φείσασθαι.
3075 3126 3602 3197 Ἐσκανδαλίσθησαν
3656 3129 3875 3193 πολλοὶ,

2200 3214 2282 3271 ὅτι
2315 3214 2392 3276 εἰς
2434 3212 2555 3282 ἰερά
2583 3212 2898 3266 κατέκειντό
2928 3230 3074 3277 τινες
3118 3214 3318 3277 πιστοὶ,
3353 3214 3535 3285 ἐπειδὴ
3566 3226 3589 3253 ε
3626 3216 3726 3268 οὐκ
3758 3217 3880 3271 ἔδει

2201 3300 2588 3353 κατακεῖσθαι·
2639 3300 2775 3353 ἀλλά
2818 3301 3034 3364 κακῶς·
3090 3301 3318 3371 οὐδεμία
3369 3300 3475 3373 γὰρ
3523 3301 3629 3354 ἀπὸ
3665 3303 3877 3357 τούτου

2203 3387 2395 3458 βλάϐη.
2445 3388 2935 3453 Ἐσκανδαλίζοντο,
2970 3388 3053 3441 ὅτι
3081 3387 3239 3459 ἤσθιε
3280 3389 3414 3460 μετά
3438 3389 3541 3441 τῶν
3568 3387 3810 3443 ἐθνικῶν
3845 3393 3878 3444 δ

2202 3473 2424 3543 Πέτρος·
2467 3472 2582 3525 ἀλλ’
2616 3474 2823 3535 ἐκεῖνος
2849 3472 2951 3543 μὲν
2992 3473 3277 3543 ἐφείσατο,
3313 3472 3473 3537 αὐτὸς
3511 3471 3568 3525 δὲ
3611 3473 3718 3526 οὐκ
3762 3476 3871 3529 ἔτι.

2200 3558 2479 3629 Πανταχοῦ
2505 3561 2769 3629 προσήκει
2804 3560 2951 3629 ἡμᾶς
2982 3562 3094 3624 τοῖς
3119 3558 3212 3613 τοῦ
3241 3559 3375 3613 Θεοῦ
3404 3559 3591 3629 νόμοις
3624 3577 3878 3615 κατακο-

2198 3644 2540 3707 λουθοῦντας,
2579 3645 2778 3715 πολλὴν
2812 3646 3049 3717 σπουδὴν
3078 3646 3383 3705 ποιεῖσθαι,
3414 3644 3555 3698 ὥστε
3591 3647 3876 3717 μηδεμίαν

2198 3733 2454 3803 ἀφορμὴν
2486 3732 2746 3802 παρέχειν
2781 3732 3077 3786 σκανδάλου
3098 3770 3113 3795 ,
3145 3731 3232 3786 ἵνα
3259 3733 3353 3786 καὶ
3379 3732 3537 3786 αὐτοὶ
3579 3733 3873 3786 ἀνεύθυνοι

2196 3812 2366 3890 ὦμεν,
2392 3819 2483 3872 καὶ
2508 3820 2605 3889 τῆς
2630 3819 2780 3890 παρά
2807 3819 2900 3871 τοῦ
2924 3818 3059 3871 Θεοῦ
3081 3817 3488 3890 φιλανθρωπίας
3514 3820 3871 3890 ἀξιωθῶμεν,

2198 3906 2377 3976 χάριτι
2407 3907 2498 3957 καὶ
2533 3905 2911 3976 φιλανθρωπίᾳ
2938 3906 3031 3957 τοῦ
3056 3904 3393 3973 Μονογενοῦς
3425 3904 3617 3969 αὑτοῦ,
3651 3905 3775 3975 μεθ’
3806 3899 3872 3958 οὗ

2195 3993 2273 4062 τῷ
2301 3993 2495 4064 Ila-:91,
2519 3993 2635 4063 ἅμα
2663 3993 2739 4063 τῷ
2767 3992 2905 4064 ἁγίῳ
2939 3990 3216 4062 Πνεύματι
3240 3990 3394 4056 δόξα,
3427 3991 3632 4063 κράτος
3651 4028 3669 4054 ,
3698 3992 3871 4062 τιμὴ,

2196 4078 2290 4133 νῦν
2315 4080 2408 4132 καὶ
2436 4080 2542 4143 ἀεὶ,
2569 4079 2663 4131 καὶ
2691 4082 2769 4142 εἰς
2794 4080 2919 4139 τοὺς
2947 4078 3144 4142 αἰῶνας
3170 4077 3278 4132 τῶν
3308 4078 3544 4134 αἰώνων.
3588 4078 3797 4149 Ἀμήν.

2250 4198 2279 4262 4
2322 4198 2457 4248 Unus
2498 4198 2626 4259 cod.,
2666 4200 2832 4262 μέτρον
2875 4199 3045 4247 εἰδέναι
3083 4199 3246 4248 καλόν.
3317 4209 3343 4238 ο
3381 4197 3575 4257 Ἐπειδή
3618 4199 3775 4249 deest
3819 4200 3874 4249 in

2164 4258 2315 4308 ταιῆς.

574 4353 3755 4382 Mm

1863 4439 2011 4513 [351]
2043 4439 2283 4496 OMIAIA
2318 4444 2449 4495 MZ'.

436 4522 587 4601 Εἷπε
630 4524 770 4601 δὲο
812 4525 1071 4601 Ιζαῦλοςο
1298 4530 1412 4597 εἰμι
1442 4530 1749 4597 ἅνθρωπος
1791 4531 2086 4601 Ἰουδαῖος,

513 4595 773 4668 Ταρσεὺς
799 4595 1219 4668 τῆςᾲιζιλικίας,
1248 4595 1359 4651 οὐκ
1387 4595 1628 4668 ἀσήμου
1656 4595 1884 4668 πόλεως
1915 4595 2090 4656 πολίὲ

508 4682 644 4733 της·
675 4666 878 4734 δέομαι
902 4666 969 4720 δέ
995 4682 1131 4729 σου,
1162 4669 1485 4737 ἐπίτρεψόν
1500 4666 1607 4738 μοι
1638 4666 1903 4738 λαλῆσαι
1940 4674 2091 4740 πρὸς

508 4737 615 4789 τὸν
661 4739 835 4791 λαόν.
887 4734 1348 4804 Ἐπιτρέψαντος
1403 4739 1469 4791 δὲ
1513 4741 1718 4801 αὑτοῦ,
1773 4745 1805 4795 ό
1851 4742 2091 4804 Παῦλος

506 4737 615 4789 τὸν
661 4739 835 4791 λαόν.
887 4737 1348 4804 Ἐπιτρέψαντος
1403 4739 1469 4791 δὲ
1509 4737 1718 4801 αὑτοῦ,
1773 4737 1805 4795 ὀ
1851 4737 2091 4808 Παῦλος

504 4806 695 4880 ἑστὼς
726 4806 821 4859 ἐπὶ
848 4804 965 4880 τζον
991 4806 1345 4880 ἀναϐαθμῶν
1371 4809 1683 4880 κατέσεισε
1712 4810 1786 4878 τῇ
1808 4814 1953 4880 χειρὶ
1985 4812 2091 4865 τὸν

505 4878 675 4950 λαόν.
699 4875 948 4950 Πολλῆς
979 4876 1061 4950 δὲᾼ
1074 4876 1251 4945 σιγῆς
1282 4879 1620 4950 γενομένης,
1655 4875 2090 4950 προσεφώνησε

505 4947 579 5016 τῇ
617 4946 865 5014 Ἐϐραΐδι
893 4945 1205 5012 διαλέκτῳ,
1234 4948 1445 5016 λέγων.

505 5076 573 5123 α’.
585 5071 725 5140 Ὅρα
736 5071 918 5133 αὐτὸν,
937 5070 1065 5122 ὅταν
1078 5072 1211 5141 πρὸς
1224 5071 1345 5134 τοὺς
1362 5071 1466 5135 ἔξω
1477 5072 1809 5145 διαλέγηται,
1823 5074 1883 5127 ού
1901 5092 1974 5128 πα
1980 5093 2091 5148 ραι-

435 5157 694 5226 τούμενον
728 5159 820 5211 καὶ
852 5161 963 5220 τοῖς
996 5159 1103 5213 ἀπὸ
1132 5160 1238 5214 τῶν
1270 5161 1448 5231 νόμων
1481 5164 1777 5234 κεχρῆσθαι
1815 5165 2088 5237 βοηθήμα-

438 5261 540 5298 σιν.
586 5245 847 5298 Ἐνταῦθα
885 5248 1045 5300 αὐτὸν
1082 5249 1190 5302 ἀπὸ
1231 5251 1329 5321 τῆς
1377 5252 1581 5315 πόλεως
1626 5255 1896 5324 ἐντρέπει.
1931 5257 2086 5309 Οὕτω

435 5333 528 5386 καὶ
561 5332 865 5402 ἔμπροσθεν
902 5334 1081 5403 ἔλεγε·
1121 5339 1422 5403 Τύψαντες
1452 5338 1606 5409 ἡμᾶς
1645 5340 1906 5411 δημοσίᾳ
1939 5344 2084 5397 ἀκα-

436 5420 749 5488 τακρίτσυς
758 5419 1123 5487 ἀνθρώπους,
1140 5421 1451 5492 Ῥωμαίους
1466 5426 2085 5496 ὐπὰρχοντας,ἐόαλον

432 5510 521 5574 εἰς
557 5505 859 5577 φυλακήν.
896 5507 1112 5575 Ἐπειδὴ
1140 5509 1246 5581 γὰρ
1273 5512 1619 5578 ἐπυνθάνετο,
1652 5515 1735 5569 Σὺ
1767 5513 1827 5570 εἴ
1851 5521 1883 5571 ὀ
1908 5520 2083 5587 Αίγύ-

433 5611 602 5660 πτιος
620 5611 638 5659 ;
678 5592 822 5663 Ἐγώ
842 5594 978 5663 ειμι,
1011 5596 1192 5665 φησὶν,
1218 5597 1523 5667 ἅνθρωπος
1565 5603 1868 5668 Ἰουδαῖος.
1898 5605 2083 5670 Οὕτως

434 5681 623 5747 εἰπὼν,
645 5681 846 5746 εὐθέως
870 5682 1031 5737 αὐτὸν
1050 5683 1254 5755 ταύτης
1273 5686 1523 5756 ἀπήγαγε
1546 5690 1645 5758 τῆς
1669 5691 1920 5760 ὑποψίας.
1947 5689 2082 5747 Εἶτα

436 5770 521 5825 ἶνα
552 5770 628 5842 μὴ
651 5771 877 5843 νομισθῇ
904 5771 963 5825 τὸ
982 5771 1130 5839 ἔθνος
1171 5774 1440 5844 Ἰουδαῖος,
1462 5775 1609 5845 λέγει
1636 5778 1733 5849 τὴν
1762 5778 2077 5850 θρησκείαν·

2194 4536 2286 4587 καὶ
2315 4535 2422 4606 γάρ
2450 4536 2542 4588 καὶ
2570 4536 2801 4608 ἀλλαχοῦ
2831 4538 3052 4609 ἔννομον
3083 4537 3274 4591 ἑαυτὸν
3307 4535 3547 4609 Χριστοῦ
3577 4538 3761 4604 καλεῖ.
3800 4540 3873 4594 Τί

2190 4620 2343 4673 τοῦτό
2384 4622 2532 4686 ἐστι;
2573 4624 2782 4689 Παῦλος
2814 4626 3101 4696 ψεύδεται;
3152 4627 3366 4693 Ἄπαγε
3389 4636 3436 4678 α.
3472 4624 3540 4677 Τί
3579 4620 3713 4692 οὗν;
3758 4628 3871 4683 οὐκ

2190 4707 2493 4778 ἠρνήσατο;
2524 4710 2613 4780 Μὴ
2633 4712 2861 4778 γένοιτο·
2902 4714 3149 4775 Ἰουδαῖος
3177 4712 3284 4782 γὰρ
3312 4707 3381 4781 ἦν
3407 4710 3501 4764 καὶ
3527 4713 3871 4781 Χριστιανὸς

2189 4795 2289 4847 ὃσα
2316 4795 2419 4847 ἔδει
2447 4796 2749 4863 φυλάττων,
2780 4799 2901 4851 ἐπεὶ
2936 4800 3028 4852 καὶ
3063 4798 3140 4867 τῷ
3174 4798 3323 4868 νόμῳ
3363 4798 3599 4867 μάλιστα
3633 4801 3872 4853 πάντων

2189 4881 2349 4944 αὐτὸς
2378 4882 2642 4947 ἐπείθετο,
2672 4883 2750 4953 τῷ
2778 4884 2997 4955 Χριστῷ
3028 4885 3319 4950 πιστεύων,
3354 4886 3447 4937 καὶ
3476 4885 3614 4955 πρὸς
3644 4887 3870 4956 Πέτρον

2188 4967 2565 5037 διαλεγόμενός
2612 4986 2797 5040 φησιν·
2854 4972 3047 5040 Ἡμεῖς
3083 4973 3260 5040 φύσει
3302 4971 3591 5025 Ἰουδαῖοι.
3642 4973 3869 5042 Δέομαί

2187 5054 2254 5108 δέ
2279 5072 2414 5119 σου,
2447 5056 2770 5125 ἐπίτρεψόν
2796 5076 2896 5126 μοι
2922 5058 3189 5125 λαλῆσαι
3215 5057 3365 5125 πρὸς
3397 5061 3502 5110 τὸν
3533 5060 3712 5112 λαόν,
3747 5062 3867 5114 Καὶ

2185 5142 2344 5196 τοῦτο
2364 5144 2684 5213 τεκμήριον,
2712 5146 2790 5197 ὃτι
2815 5146 2877 5199 οὐ
2910 5147 3187 5215 ψεύδεται,
3214 5147 3267 5199 εἰ
3290 5162 3352 5213 γε
3383 5147 3590 5209 πάντας
3617 5148 3867 5218 ἐπήγετο

2189 5229 2491 5299 μάρτυρας.
2520 5230 2715 5283 Σκόπει
2742 5231 2901 5285 αὑτὸν
2924 5234 3085 5286 πάλιν
3119 5233 3257 5303 μετά
3282 5233 3580 5296 ἐπιεικείας
3604 5233 3871 5302 διαλεγό-

2189 5333 2368 5382 μενον.
2399 5316 2507 5368 Καὶ
2531 5315 2689 5369 τοῦτο
2723 5317 2779 5370 δὲ
2806 5322 3103 5389 τεκμήριον
3133 5320 3293 5374 πάλιν
3324 5322 3578 5389 μέγιστον
3606 5320 3706 5372 τοῦ
3742 5338 3867 5390 μη-

2183 5402 2329 5465 δενὸς
2372 5397 2512 5454 εἶναι
2555 5404 2889 5469 ὑπεύθυνον,
2938 5408 2997 5459 τὸ
3033 5406 3207 5470 οὕτως
3255 5407 3472 5476 ἕτοιμον
3519 5401 3662 5459 εἶναι
3715 5409 3871 5478 πρὸς

2182 5488 2494 5557 ἀπολογίαν,
2522 5491 2618 5542 καὶ
2643 5490 2926 5562 βούλεσθαι
2949 5496 3029 5558 εἰς
3053 5494 3207 5565 λόγον
3227 5493 3567 5565 καταστῆναι
3590 5493 3673 5565 τῷ
3691 5495 3755 5564 δή
3767 5513 3870 5566 μῳ

2181 5576 2291 5629 τῶν
2332 5576 2617 5633 Ἰουδαίων.

2190 5806 2218 5842 c
2218 5734 2457 5847 0mm;
2473 5736 2663 5795 Παῦλος
2699 5739 2959 5805 ψεύδεται;
3006 5741 3177 5805 ἄπαγε,
3221 5743 3402 5793 desum
3441 5742 3494 5791 in
3545 5740 3872 5803 quibusdam
