3920 6224
139 276 233 336 39.5

141 407 245 444 eam
272 381 622 442 benedixerint
646 398 733 437 vos
753 396 923 437 omnes
952 379 1178 434 homines
1209 377 1377 450 (Luc.
1409 377 1463 432 6.
1492 376 1635 447 26);
1662 383 1717 432 et

144 494 321 534 rursus
342 521 358 541 ,
389 475 615 532 Luceant
640 490 797 544 opera
817 481 1000 537 vestra,
1040 480 1095 524 ut
1131 470 1333 525 videant
1377 470 1633 535 homines,
1671 477 1717 522 et

143 572 425 643 gloriﬁcent
450 567 658 622 Patrem
679 575 894 619 vestrum
918 564 1075 634 quiin
1095 562 1231 617 caelis
1269 570 1340 616 est
1392 560 1616 643 (Matth.
1661 560 1714 615 5.

144 642 202 716 I6
222 660 262 732 ).
296 660 355 714 Si
384 674 519 710 vero
554 656 679 710 alibi
703 655 843 710 dicat
874 672 887 707 :
914 653 975 710 Si
994 654 1105 724 quis
1128 651 1539 706 scandalisaverit
1562 642 1719 705 unum

142 771 196 806 ιτ
218 752 296 804 his
320 749 526 816 pusillis
545 790 560 815 ,
594 746 796 816 expedit
818 745 866 799 ei
893 754 946 798 ut
974 743 1315 813 suspendatur
1337 744 1469 796 mola
1496 743 1719 796 asinaria

139 862 168 896 α
193 844 325 896 collo
360 842 473 911 ejus
495 881 510 904 ,
546 848 595 892 et
620 839 945 909 demergatur
972 837 1027 890 in
1067 836 1376 908 profundum
1420 837 1609 899 maris;
1650 848 1719 887 ne

143 933 353 988 mireris
387 949 400 984 :
434 946 541 984 non
569 930 713 983 enim
740 937 865 983 sunt
909 927 1023 982 haec
1067 928 1331 982 contraria
1357 969 1371 991 ,
1419 928 1525 980 imo
1567 926 1720 980 valde

142 1032 453 1080 consnnant.
487 1022 618 1076 Nam
648 1021 693 1077 si
719 1020 856 1090 apud
878 1035 976 1075 nos
1004 1019 1154 1087 ﬁant,
1182 1034 1262 1074 vae
1292 1019 1443 1073 nobis
1470 1035 1482 1081 ;
1514 1018 1594 1072 sin
1612 1035 1719 1072 non

140 1117 271 1185 apud
298 1132 401 1170 nos
431 1114 564 1169 ﬁant
586 1155 602 1179 ,
630 1128 734 1167 non
768 1114 914 1167 item.
946 1111 1012 1165 Et
1041 1112 1231 1166 iterum
1264 1127 1278 1163 :
1319 1109 1407 1164 Va:
1437 1111 1571 1163 vobis
1590 1152 1605 1176 ,
1635 1126 1722 1179 per

136 1226 254 1279 quos
302 1224 493 1261 nomen
542 1204 635 1259 Dei
680 1204 1059 1273 blasphematur
1104 1200 1297 1270 (Rom.
1331 1200 1386 1253 9..
1417 1200 1551 1269 2.5).
1584 1199 1719 1269 Quid

136 1314 260 1368 ergo
284 1341 299 1363 ,
346 1298 393 1351 si
428 1312 532 1368 ego
559 1295 700 1349 facio
726 1294 867 1363 quod
888 1294 1071 1359 decet,
1095 1302 1150 1347 et
1174 1293 1309 1347 alius
1347 1292 1721 1361 blasphemat?

136 1391 272 1446 Nihil
302 1388 373 1444 ad
402 1398 488 1453 te,
521 1388 618 1443 sed
649 1387 715 1441 ad
740 1386 888 1440 illum
918 1404 933 1440 :
965 1399 1087 1440 nam
1134 1399 1228 1454 per
1275 1383 1423 1437 illum
1467 1384 1720 1454 blasphe—

136 1495 333 1539 matur.
369 1482 437 1537 Et
462 1481 554 1551 qui
588 1479 703 1534 ﬁeri
731 1486 934 1549 potest,
962 1486 1022 1531 ut
1051 1475 1191 1547 quod
1228 1475 1381 1531 decet
1423 1474 1678 1529 faciamus
1704 1515 1720 1542 ,

134 1590 188 1634 et
215 1577 338 1631 aliis
365 1589 554 1629 ansam
584 1573 823 1628 demus?
853 1571 1003 1627 Unde
1033 1571 1192 1627 vultis
1217 1586 1245 1624 a
1273 1570 1618 1641 prtesentibus
1640 1569 1723 1625 vel

134 1686 167 1723 a
212 1668 489 1723 veteribus
528 1666 680 1720 vobis
728 1664 971 1733 exempla
1014 1662 1253 1717 alteram.
1308 1661 1386 1717 Ne
1432 1670 1725 1718 ostentato-

139 1775 232 1815 res
261 1759 432 1812 simus
468 1757 701 1813 vultisne
738 1755 791 1810 id
830 1754 969 1826 quod
1007 1769 1119 1825 pra;
1157 1753 1401 1810 manibus
1444 1753 1722 1823 habemus,

140 1850 437 1907 dicamus?
462 1848 773 1905 Judairabat
798 1846 994 1902 Paulus
1019 1846 1370 1918 Jerosolyma:
1389 1888 1404 1915 ,
1457 1862 1562 1902 non
1609 1847 1725 1902 An-

138 1941 400 2005 tiochia;
424 1938 769 2009 judaizabat,
815 1946 871 1993 et
916 1938 991 1992 illi
1037 1937 1461 1993 otI’endebantur.
1509 1942 1578 1993 At
1619 1954 1725 1994 non

130 2033 254 2101 jure
278 2029 713 2087 oﬂ'endebantur.
742 2028 945 2084 Dicitur
988 2028 1245 2085 salutasse
1281 2029 1507 2085 Neronis
1554 2029 1725 2100 pocil-

136 2125 364 2179 latorem
395 2132 451 2179 et
476 2122 855 2178 concubinam.
889 2123 1097 2191 Quanta
1130 2124 1324 2195 putatis
1350 2134 1535 2181 contra
1576 2125 1726 2180 illum

139 2228 359 2287 propter
412 2218 520 2273 hoc
565 2216 770 2273 dixisse
814 2216 978 2272 illos?
1017 2216 1122 2272 Sed
1170 2232 1275 2274 non
1311 2218 1455 2288 juste
1485 2235 1499 2272 :
1529 2234 1650 2273 nam
1680 2219 1726 2275 si

140 2310 373 2364 lascivia!
406 2322 573 2363 causa
598 2308 903 2376 salutasset,
934 2309 1016 2364 vel
1047 2310 1115 2365 ob
1137 2310 1270 2364 mala
1288 2326 1471 2382 opera,
1501 2312 1724 2367 merito:

140 2400 217 2453 sin
246 2400 317 2455 ob
343 2400 494 2453 viam
522 2408 722 2455 rectam
747 2441 764 2467 ,
802 2402 1006 2471 quare?
1036 2402 1216 2457 Dicam
1244 2402 1444 2473 aliquid
1465 2443 1479 2469 ,
1508 2403 1649 2474 quod
1674 2412 1729 2459 et

146 2493 269 2548 mihi
293 2503 351 2549 et
376 2492 633 2547 familiari
662 2491 874 2548 cuidam
901 2509 1021 2548 meo
1047 2494 1257 2549 accidit.
1287 2494 1417 2554 Cum
1444 2495 1728 2567 aliquando

150 2588 219 2641 in
248 2587 347 2642 Dei
380 2585 680 2653 incideret,
706 2594 761 2642 et
782 2587 870 2641 ille
892 2586 1177 2643 admodum
1217 2589 1428 2658 juvenis
1464 2598 1608 2645 esset
1642 2599 1727 2645 at-

154 2693 244 2747 que
272 2678 330 2731 in
357 2677 711 2733 diaconorum
733 2677 919 2732 ordine
941 2719 957 2746 ,
999 2678 1219 2734 absente
1260 2687 1388 2735 tunc
1431 2680 1685 2750 episcopo
1709 2720 1726 2746 ,

157 2786 265 2825 eam
297 2771 741 2842 presbyterorum
768 2770 946 2825 nullus
986 2780 1237 2837 curaret,
1285 2771 1379 2827 sed
1426 2781 1528 2827 una
1571 2780 1729 2829 nocte

150 2863 437 2917 confertim
486 2873 544 2917 et
588 2871 789 2917 temere
844 2862 1178 2933 baptizarent
1230 2865 1397 2920 multa
1452 2865 1728 2922 hominum

152 2955 358 3019 millia,
419 2962 476 3010 et
526 2953 841 3023 simpliciter
889 2954 1291 3024 baptizarentur
1337 2971 1524 3014 omnes
1592 2958 1726 3015 nihil

153 3046 384 3100 scientes
414 3063 430 3099 :
462 3044 565 3099 hos
594 3045 685 3100 ille
710 3046 955 3115 privatim
984 3047 1251 3117 accipiens
1298 3058 1351 3104 et
1385 3060 1639 3106 centenos
1675 3059 1732 3107 et

155 3138 485 3194 ducentenos
512 3138 881 3208 alloquebatur
903 3178 918 3205 ,
947 3138 1013 3194 de
1040 3138 1139 3192 alia
1168 3140 1313 3194 nulla
1339 3155 1398 3196 re
1419 3181 1435 3205 ,
1477 3156 1635 3213 quam
1663 3140 1731 3199 de

159 3231 429 3301 mysteriis
458 3238 663 3283 tantum
690 3229 990 3297 disserens,
1033 3229 1106 3285 ita
1151 3240 1208 3285 ut
1255 3246 1360 3286 non
1412 3232 1733 3289 concederet

160 3326 413 3377 accedere
443 3338 553 3376 non
580 3320 833 3376 initiatos.
867 3321 1020 3377 Ilunc
1042 3331 1292 3392 putarunt
1318 3323 1467 3378 multi
1493 3324 1733 3379 ambien-

160 3424 269 3467 tem
301 3414 653 3483 principatum
682 3413 783 3467 hoc
799 3414 989 3468 lacere.
1011 3415 1078 3467 At
1099 3413 1187 3469 ille
1212 3430 1398 3470 eorum
1424 3415 1729 3486 opinionem

158 3504 312 3558 nihili
327 3506 527 3559 iaciens
546 3520 650 3558 non
674 3513 850 3558 tamen
879 3506 1111 3574 perrexit
1136 3505 1334 3561 diutius
1359 3506 1410 3561 id
1436 3522 1614 3579 agere,
1635 3509 1731 3565 sed

150 3599 382 3650 cessavit
412 3596 617 3650 statim.
643 3594 780 3662 Quid
808 3596 979 3665 ergo?
1004 3612 1129 3651 num
1158 3597 1249 3653 ille
1277 3597 1581 3654 otI’endiculi
1608 3614 1729 3655 cau-

146 3704 204 3742 sa
234 3691 333 3742 fuit
350 3690 375 3741 ἲ
403 3688 521 3742 Non
554 3698 681 3757 puto
702 3699 868 3744 certe.
892 3688 1025 3743 Nam
1056 3690 1099 3743 si
1127 3690 1269 3745 nulla
1294 3690 1363 3747 de
1382 3706 1541 3747 causa
1563 3692 1616 3748 id
1652 3692 1730 3748 l'e-

144 3784 315 3835 cssset
337 3826 353 3849 ,
400 3782 594 3836 merito
623 3782 771 3836 illum
791 3781 1290 3852 reprehendissent,
1310 3795 1471 3855 atque
1495 3786 1654 3841 etiam
1685 3786 1728 3842 si

148 3874 347 3926 iterum
403 3873 746 3942 perrexisset.
795 3873 927 3929 Nam
958 3891 1077 3930 cum
1110 3877 1461 3946 prohibentur
1504 3893 1568 3934 ea
1610 3894 1731 3950 qua:

146 3963 263 4016 Deo
317 3964 511 4032 placita
560 3974 716 4029 sunt,
772 3974 989 4035 propter
1034 3966 1259 4023 aliorum
1305 3968 1680 4026 ollendiculum
1712 4013 1727 4038 ,

141 4057 602 4109 contemnendum
653 4065 774 4110 est:
818 4066 942 4112 tunc
988 4069 1165 4113 autem
1212 4060 1545 4127 curandum,
1609 4078 1728 4117 cum

144 4162 255 4199 non
294 4150 537 4217 cogimur
564 4157 781 4217 propter
809 4148 959 4204 illum
985 4149 1258 4208 offendere
1286 4153 1475 4208 Deum.
1512 4154 1725 4211 Etenim

1096 263 1165 319 IN
1204 262 1383 320 ACTA
1423 261 1944 320 APOSTOLORUM.
1987 260 2216 318 HOMIL.
2257 259 2463 317 XLVII.

3292 258 3397 314 526

1830 374 1916 429 dic
1934 413 1951 440 ,
1981 389 2193 444 quaeso,
2223 371 2267 428 si
2293 371 2446 428 nobis
2471 370 2934 428 disserentibuset
2959 371 3199 429 ebriosos
3227 371 3398 429 Inces-

1823 466 2063 521 sentibus
2090 465 2304 535 quidam
2332 464 2722 531 oh‘enderetur,
2766 481 2890 520 num
2918 481 3018 537 ego
3062 466 3206 536 loqui
3250 466 3395 522 desi-

1826 559 2048 614 nerem?
2075 558 2210 614 Audi
2240 559 2510 613 Christum
2540 557 2803 613 dicentem
2835 574 2850 614 ε
2882 557 3025 612 Num
3051 569 3098 613 et
3123 576 3209 614 vos
3243 561 3395 613 uultis

1824 651 1962 706 abire
1986 650 2177 721 (Joan.
2203 650 2258 707 6.
2288 651 2435 722 68)?
2473 650 2563 706 Sic
2592 664 2690 705 nec
2713 660 3056 706 contemnere
3082 666 3182 707 nec
3210 666 3397 707 curare

1825 744 2046 798 nimium
2075 751 2286 813 Oportet
2310 744 2597 797 multorum
2629 741 3011 798 inﬁrmitatem.
3042 745 3232 797 Annon
3259 744 3399 797 vidc-

1826 849 1944 890 mus
1970 835 2127 890 etiam
2158 834 2395 889 medicos
2423 833 2523 889 hoc
2548 831 2724 888 facere
2744 874 2760 899 ,
2789 843 2843 888 et
2864 833 3075 903 quando
3101 833 3228 888 licet
3247 833 3394 887 inﬁr-

1827 930 1927 984 mis
1949 930 2213 999 gratiosos
2240 943 2391 995 esse,
2419 928 2632 997 quando
2657 936 2832 981 autem
2877 927 3043 997 gratia
3083 926 3188 981 illis
3218 927 3369 996 pet-ni
3387 956 3400 964 -

1825 1022 1969 1077 ciosa
2000 1032 2161 1086 esset,
2196 1038 2301 1077 non
2330 1020 2467 1076 ultra
2500 1020 2603 1075 illis
2634 1020 2896 1091 parcere?
2933 1019 3137 1089 Ubique
3181 1018 3399 1073 modum

1826 1128 2043 1169 servare
2064 1114 2261 1168 bonum
2290 1122 2392 1168 est.

1901 1204 2131 1259 Historia
2183 1204 2389 1276 virginis
2428 1202 2714 1267 cuiusdam.
2743 1231 2816 1243 —-
2840 1201 2987 1257 Multi
3042 1200 3231 1271 puellae
3274 1201 3399 1255 vir-

1827 1299 1936 1369 gini
1998 1298 2245 1353 formosae
2297 1297 2727 1353 conviciabantur
2776 1296 2844 1351 ob
2895 1294 3245 1360 catechesin;
3296 1294 3393 1348 ad-

1830 1391 2139 1447 oriebantur
2167 1391 2310 1446 illam
2356 1390 2618 1461 simulque
2664 1404 2778 1457 eos,
2806 1388 2896 1460 qui
2941 1388 3109 1458 ipsam
3159 1386 3403 1442 institue-

1831 1483 1976 1538 bant.
2000 1483 2135 1551 Quid
2156 1483 2320 1554 ergo?
2363 1499 2489 1537 num
2523 1482 2644 1537 ideo
2679 1482 2798 1537 illos
2840 1479 3129 1536 abscedere
3180 1487 3399 1550 oporte—

1832 1573 1959 1627 bat?
2002 1573 2257 1629 Minime:
2290 1573 2425 1628 nihil
2472 1572 2615 1628 enim
2664 1572 2895 1642 agebant
2927 1571 3275 1637 contrarium,
3305 1570 3401 1625 sed

1830 1680 1943 1720 rem
1991 1665 2145 1720 valde
2192 1675 2397 1735 gratam
2441 1664 2570 1719 Deo.
2619 1662 2697 1718 Ne
2736 1664 2913 1733 itaque
2955 1661 3309 1726 attendamus,
3358 1662 3403 1717 si

1829 1755 2044 1826 quidam
2068 1755 2425 1821 offenduntur,
2452 1755 2547 1811 sed
2562 1757 2605 1810 si
2621 1755 2787 1824 juste,
2806 1764 2858 1811 et
2879 1756 2922 1808 si
2944 1771 3049 1810 non
3067 1755 3131 1811 ad
3152 1754 3402 1811 damnum

1830 1857 2091 1902 nostrum.
2124 1847 2183 1903 Si
2210 1848 2368 1910 cibus,
2399 1848 2588 1918 inquit,
2620 1846 2829 1914 o/fendit
2850 1850 3055 1918 fratrem
3089 1864 3273 1911 meum,
3305 1863 3406 1900 non

1829 1938 2089 1994 comedam
2128 1955 2303 1994 carnes
2358 1938 2411 1993 in
2461 1948 2702 1993 (sternam
2729 1938 2817 2009 (I.
2851 1937 2968 1992 Cor.
2999 1936 3053 1993 8.
3084 1938 3153 1993 15
3173 1939 3215 2010 ).
3246 1938 3403 2004 Jurc;

1830 2032 1963 2088 nihil
1988 2033 2130 2087 enim
2161 2032 2390 2088 nocebat
2420 2047 2526 2087 non
2548 2032 2830 2087 comedere
2856 2052 2868 2086 :
2896 2032 2940 2084 si
2963 2046 3090 2085 vero
3110 2030 3399 2085 ollendatut

1832 2124 1941 2191 ille,
1968 2123 2109 2194 quod
2138 2124 2448 2178 renuntiare
2496 2122 2679 2188 velim,
2712 2137 2816 2175 non
2841 2121 2949 2190 jam
2992 2122 3305 2176 curandum.
3338 2120 3403 2175 Et

1832 2238 2150 2295 quemnam,
2207 2222 2454 2292 inquies,
2509 2220 2561 2276 id
2615 2219 2874 2275 oll'endit?
2919 2220 3227 2287 Multos,ut
3270 2221 3400 2276 scio.

1833 2315 2057 2384 Quando
2086 2314 2246 2383 igitur
2286 2312 2594 2369 indiﬂ‘errms
2643 2322 2746 2379 est,
2790 2312 3139 2368 abstineatur.
3187 2312 3318 2367 Nam
3361 2311 3409 2367 si

1833 2404 2075 2460 volumus
2123 2404 2188 2459 ad
2243 2404 2347 2459 hoc
2398 2418 2563 2458 unum
2614 2411 2895 2473 spectare,
2938 2417 2970 2457 a
3020 2402 3202 2458 multis
3230 2402 3409 2457 absti—

1832 2497 2065 2553 nendum
2119 2497 2224 2553 erit
2269 2514 2282 2551 :
2331 2497 2470 2552 sicut
2517 2510 2550 2552 e
2599 2496 2813 2552 diverso
2873 2496 2919 2551 si
2985 2506 3407 2561 contemnamus,

1832 2589 1985 2645 multi
2008 2589 2274 2661 peribunt.
2297 2588 2429 2644 Nam
2449 2596 2506 2644 et
2521 2588 2715 2643 Paulus
2741 2588 2993 2658 prmcavit
3008 2586 3407 2653 olfendiculum,

1832 2689 1887 2738 et
1924 2680 2194 2752 quomodo
2240 2680 2401 2735 audi:
2435 2679 2518 2734 Ne
2548 2680 2643 2733 hac
2670 2680 3003 2751 plenitudine,
3060 2679 3250 2749 inquit,
3299 2695 3412 2749 qua:

1832 2773 2148 2828 ministratur
2170 2790 2203 2826 a
2232 2772 2374 2826 nobis
2401 2771 2489 2843 (2.
2520 2770 2639 2827 Cor.
2678 2772 2734 2826 8.
2773 2771 2901 2842 ΞΟ).
2929 2771 3069 2827 Nihil
3090 2773 3231 2828 enim
3255 2787 3413 2826 noce-

1832 2866 1925 2922 bat
1943 2865 2301 2936 suspicionem
2330 2865 2537 2920 tollere.
2567 2863 2789 2933 Quando
2815 2874 2991 2918 autem
3016 2866 3067 2917 in
3094 2873 3292 2919 tantam
3325 2865 3409 2918 in—

1832 2957 2121 3014 ciderimus
2141 2955 2534 3022 necessitatem,
2565 2964 2622 3010 ut
2643 2963 2863 3025 prOpter'
2879 2956 3097 3010 alterius
3122 2954 3411 3011 oﬂ‘endicu-

1832 3048 1943 3105 lum
1986 3062 2177 3119 magna
2221 3046 2469 3103 eveniant
2522 3045 2659 3100 mala
2706 3063 2720 3101 :
2766 3047 2939 3116 ipsum
2983 3055 3407 3101 contemnamus.

1834 3139 1927 3196 Ille
1954 3139 2168 3210 quidem
2194 3137 2294 3193 sibi
2314 3138 2367 3192 in
2393 3151 2552 3193 causa
2583 3146 2702 3201 est;
2732 3150 2829 3190 nos
2858 3151 2984 3191 vero
3000 3136 3110 3205 jam
3140 3137 3282 3191 noxii
3306 3152 3413 3191 non

1834 3247 2018 3288 sumus
2050 3248 2064 3286 :
2094 3246 2199 3286 non
2220 3230 2391 3301 p0tuit
2417 3228 2559 3284 enim
2586 3229 2703 3283 sine
2730 3227 2927 3283 damno
2957 3227 3031 3283 illi
3059 3228 3224 3297 parci.
3263 3228 3412 3283 Multi

1835 3322 2025 3378 oll‘ensi
2051 3330 2196 3388 sunt,
2222 3319 2365 3392 quod
2390 3319 2442 3375 in
2463 3319 2660 3388 templo
2680 3318 2940 3374 cubarent
2959 3318 3175 3389 quidam
3205 3318 3411 3385 ﬁdeles,

1836 3415 1988 3488 quasi
2010 3429 2117 3470 non
2145 3413 2368 3480 liceret;
2400 3411 2496 3467 sed
2524 3412 2663 3467 male
2694 3428 2709 3466 :
2738 3410 2869 3465 nihil
2894 3411 3034 3465 enim
3059 3410 3184 3466 hinc
3209 3411 3411 3466 damni.

1836 3505 2271 3572 Oll‘endebantur,
2298 3498 2440 3575 quod
2466 3519 2585 3559 cum
2612 3503 2842 3558 ethnicis
2866 3501 3174 3558 comederet
3193 3502 3411 3567 Petrus;

1836 3600 1930 3655 sed
1985 3600 2075 3655 ille
2111 3598 2389 3664 abstinuit,
2440 3596 2529 3652 hic
2577 3610 2704 3651 vero
2741 3610 2847 3651 non
2876 3596 3021 3651 item.
3068 3596 3272 3666 Ubique
3318 3612 3417 3652 nus

1836 3694 1991 3750 decet
2015 3693 2160 3763 leges
2182 3692 2273 3747 Dei
2295 3699 2603 3762 sequentes,
2630 3705 2875 3761 magnam
2899 3704 3079 3745 curam
3103 3689 3320 3755 habere,
3349 3705 3417 3745 ne

1835 3800 1995 3856 quam
2042 3782 2346 3838 ollendiculi
2376 3781 2712 3836 occasionem
2746 3781 3097 3850 praebeamus,
3128 3790 3185 3835 ut
3223 3790 3275 3836 et
3318 3798 3418 3836 nos

1838 3876 2036 3932 innoxii
2067 3876 2252 3939 simus,
2286 3883 2341 3928 et
2362 3872 2456 3928 Dei
2481 3872 2819 3927 clementiam
2849 3885 3258 3941 consequamur,
3290 3887 3417 3943 gra-

1838 3972 1906 4025 tia
1938 3978 1991 4024 et
2012 3967 2336 4037 benignitate
2364 3963 2632 4035 Unigeniti
2658 3964 2797 4033 ejus,
2817 3964 3028 4033 quicum
3052 3964 3191 4019 Patri
3220 3972 3276 4019 et
3294 3978 3419 4017 san—

1838 4075 1925 4119 cto
1950 4061 2166 4133 Spiritui
2186 4059 2379 4131 gloria,
2400 4058 2701 4127 imperium,
2727 4055 2920 4124 honor,
2945 4069 3085 4111 nunc
3104 4064 3159 4112 et
3181 4070 3414 4126 semper,

1837 4168 1891 4213 et
1921 4156 1975 4211 in
2005 4154 2198 4210 saecula
2220 4152 2559 4209 szeculorum.
2586 4152 2777 4206 Amen.

1459 4364 1806 4428 HOMILIA
1849 4365 2101 4427 XLVII.

132 4503 277 4560 ευ.
309 4504 403 4559 2|.
451 4520 505 4559 v.
556 4504 644 4560 39.
688 4504 833 4559 Dixit
850 4516 1017 4561 autem
1050 4506 1242 4565 Paulus
1270 4525 1289 4565 :
1315 4509 1429 4582 Ego
1459 4514 1609 4569 homo
1628 4531 1743 4569 sum

213 4596 431 4665 quidem
450 4595 662 4650 λιάσθη
682 4613 714 4649 a
743 4595 905 4651 Tarso
940 4597 1151 4665 Cilicia,
1182 4617 1282 4655 non
1316 4601 1545 4672 ignobilis
1564 4606 1739 4658 civita—

212 4694 285 4743 tis
312 4689 437 4741 ciris
463 4704 481 4741 :
510 4705 633 4757 rogo
657 4699 824 4743 autem
853 4699 919 4755 te,
969 4693 1198 4761 permitte
1240 4694 1365 4747 mihi
1392 4695 1525 4765 loqui
1555 4696 1622 4750 ad
1647 4714 1741 4767 po.

212 4783 421 4849 puum.
452 4781 540 4835 ΑΟ.
571 4781 639 4834 Et
667 4798 781 4835 cum
815 4784 901 4837 ille
928 4785 1250 4853 permisisset,
1290 4784 1490 4841 Paulus
1514 4799 1653 4844 stans
1690 4791 1742 4844 in

212 4874 485 4945 gradibus,
516 4878 696 4927 annuit
722 4891 877 4928 manu
908 4876 978 4929 ad
1018 4878 1229 4947 plebem,
1260 4888 1306 4931 et
1336 4895 1521 4948 magno
1542 4882 1741 4936 silentio

216 4974 381 5035 facta,
404 4966 691 5036 alloquutus
723 4977 795 5022 est
818 4967 989 5040 lingua
1020 4969 1258 5037 Hebraea,
1301 4973 1491 5027 dicens.

216 5126 275 5179 1.
308 5124 442 5178 Vide
466 5124 634 5187 illum,
663 5123 878 5195 quando
906 5133 1161 5180 externos
1185 5126 1490 5197 alloquitur,
1520 5143 1626 5183 non
1655 5144 1741 5183 re.

112 5232 340 5271 mure
365 5217 529 5267 etiam
562 5216 819 5285 legaﬁbus
847 5216 921 5269 uti
948 5216 1294 5284 adjumentis.
1337 5218 1432 5273 llic
1476 5220 1623 5274 illum
1674 5235 1741 5275 ex

108 5310 385 5366 civitatis
410 5309 625 5361 nomine
653 5307 907 5361 refrenat.
942 5306 1031 5362 Sic
1059 5319 1115 5361 et
1135 5318 1291 5362 antea
1319 5308 1531 5363 dicebat
1562 5326 1575 5363 :
1616 5307 1740 5362 Ver-

114 5410 381 5455 bantes
425 5416 516 5453 nos
548 5400 737 5452 indicta
764 5416 939 5464 causa,
973 5400 1198 5453 homines
1228 5398 1485 5454 Romanos
1509 5401 1740 5471 conjece-

110 5510 263 5547 ora:
295 5496 620 5546 incarcerem
664 5493 817 5561 (Act.
848 5491 935 5547 16.
967 5493 1034 5547 ⁸57
1058 5493 1097 5562 ).
1148 5492 1281 5559 Quia
1328 5495 1469 5548 enim
1500 5494 1739 5549 sciscita-

118 5590 307 5639 Lstcr
340 5602 356 5637 :
398 5581 481 5637 Tu
510 5601 563 5638 es
586 5582 867 5654 Egyptius
888 5584 1016 5637 ille?
1038 5582 1151 5655 Ego
1188 5602 1333 5654 sum,
1358 5586 1564 5657 inquit,
1594 5586 1741 5641 homo

104 5678 383 5735 ludens.
410 5671 503 5729 Sic
544 5673 816 5747 loquutus,
847 5673 996 5730 illum
1023 5675 1205 5732 statim
1243 5694 1275 5735 a
1309 5677 1615 5752 suspicione
1638 5680 1736 5737 ab—

1843 4514 2013 4572 duxit.
2045 4515 2245 4572 Deinde
2284 4531 2352 4572 ne
2392 4524 2669 4586 putaretur
2697 4531 2762 4573 ex
2802 4525 2960 4587 gente
3003 4514 3239 4582 Judazus,
3286 4517 3420 4573 dixit

1843 4608 2154 4678 religionem
2180 4626 2193 4661 :
2228 4607 2427 4664 etenim
2457 4618 2511 4663 et
2546 4607 2671 4661 alibi
2700 4622 2757 4663 se
2781 4607 2881 4663 sub
2922 4607 3038 4679 lege
3066 4608 3263 4664 Christi
3295 4610 3421 4664 dicit

1843 4713 1982 4753 esse.
2013 4698 2149 4767 Quid
2176 4696 2278 4755 hoc
2306 4698 2421 4754 est?
2450 4698 2525 4769 (a)
2565 4697 2862 4772 [Paulusne
2887 4699 3179 4755 mentitur?
3212 4697 3421 4770 Absit.]

1841 4789 1977 4859 Quid
2010 4790 2212 4862 igitur?
2242 4805 2348 4846 non
2379 4790 2630 4862 negavit?
2654 4791 2809 4845 Absit
2846 4789 3100 4846 :Judazus
3141 4791 3285 4846 enim
3307 4806 3416 4845 era.

1841 4892 1896 4937 et
1925 4880 2281 4947 Christianus,
2309 4895 2655 4952 quaecumque
2683 4879 2963 4950 Oportebat
3004 4894 3226 4935 servans
3254 4898 3267 4933 :
3296 4882 3421 4950 quia

1842 4984 1896 5030 et
1923 4974 2023 5045 legi
2048 4973 2161 5044 ipse
2184 4973 2412 5030 maxime
2441 4972 2680 5044 parebat,
2719 4970 2934 5028 Christo
2960 4970 3206 5037 credens,
3239 4981 3293 5025 et
3319 4971 3419 5025 Pc-

1844 5078 1982 5123 trum
1999 5067 2277 5139 alloquens
2301 5066 2431 5121 dicit
2458 5084 2471 5119 :
2497 5063 2608 5119 Nos
2624 5075 2809 5118 natura
2834 5063 3007 5118 Judwi
3022 5064 3042 5135 (
3059 5062 3177 5119 Gal.
3204 5063 3259 5118 2.
3293 5053 3417 5132 15).

1842 5158 1987 5231 Rogo
2031 5168 2098 5227 te,
2146 5159 2375 5229 permitte
2401 5174 2480 5212 me
2527 5155 2664 5227 loqui
2691 5156 2759 5209 ad
2787 5156 3051 5227 populum.
3100 5155 3213 5213 Hoc
3252 5158 3418 5213 etiam

1843 5253 2092 5309 indicium
2122 5260 2225 5318 est,
2269 5250 2407 5321 quod
2437 5264 2541 5305 non
2572 5249 2891 5315 mentiatur;
2920 5247 3184 5319 siquidem
3232 5261 3421 5306 omne!

1842 5344 2138 5401 adducebat
2165 5352 2350 5399 testes.
2391 5340 2684 5398 Considera
2711 5355 2897 5396 rursus
2924 5340 3075 5397 illum
3102 5356 3223 5397 cum
3266 5356 3418 5397 man-

1843 5437 2123 5493 suetudine
2141 5436 2513 5492 disserentem.
2538 5434 2606 5491 Et
2622 5432 2725 5490 hoc
2744 5448 2929 5491 rursus
2947 5444 3316 5506 argumentum
3337 5446 3419 5491 est

1843 5530 2154 5596 maximum,
2203 5526 2347 5599 quod
2374 5527 2504 5584 nulli
2554 5534 2699 5583 esset
2723 5526 2935 5584 crimini
2958 5526 3243 5598 obnoxius,
3274 5523 3415 5597 quod

1903 5707 1978 5771 (a)
2012 5706 2201 5757 Unoiais
2221 5704 2384 5758 clausa
2404 5706 2583 5758 desunt
2610 5706 2659 5757 iu
2680 5704 2967 5771 quibusdam
2992 5702 3257 5754 codicibus.
