  <div class='ocr_page' id='page_1' title='image "/cluster/home/n/w/nwhite01/storage/ocr_20150623/60/hvd.32044073501942/333.png"; bbox 0 0 3920 6224; ppageno 0'>
   <div class='ocr_carea' id='block_1_1' title="bbox 618 313 722 370">
    <p class='ocr_par' dir='ltr' id='par_1_1' title="bbox 618 313 722 370">
     <span class='ocr_line' id='line_1_1' title="bbox 618 313 722 370; baseline -0.048 0"><span class='ocrx_word' id='word_1_1' title='bbox 618 313 722 370; x_wconf 68' lang='lat'><strong>39.7</strong></span> 
     </span>
    </p>
   </div>
   <div class='ocr_carea' id='block_1_2' title="bbox 618 419 2190 500">
    <p class='ocr_par' dir='ltr' id='par_1_2' title="bbox 618 419 2190 500">
     <span class='ocr_line' id='line_1_2' title="bbox 618 419 2190 500; baseline -0.008 -13"><span class='ocrx_word' id='word_1_2' title='bbox 618 436 698 491; x_wconf 81' lang='lat' dir='ltr'><strong>sic</strong></span> <span class='ocrx_word' id='word_1_3' title='bbox 729 440 938 500; x_wconf 73' lang='lat' dir='ltr'><strong>paratus</strong></span> <span class='ocrx_word' id='word_1_4' title='bbox 964 435 1105 483; x_wconf 88' lang='lat' dir='ltr'><strong>esset</strong></span> <span class='ocrx_word' id='word_1_5' title='bbox 1123 425 1189 482; x_wconf 88' lang='lat' dir='ltr'><strong>ad</strong></span> <span class='ocrx_word' id='word_1_6' title='bbox 1213 423 1442 481; x_wconf 83' lang='lat' dir='ltr'><strong>dandam</strong></span> <span class='ocrx_word' id='word_1_7' title='bbox 1480 425 1760 493; x_wconf 78' lang='lat' dir='ltr'><strong>rationem,</strong></span> <span class='ocrx_word' id='word_1_8' title='bbox 1790 424 2051 493; x_wconf 72' lang='lat' dir='ltr'><strong>velletque</strong></span> <span class='ocrx_word' id='word_1_9' title='bbox 2074 419 2190 476; x_wconf 88' lang='lat' dir='ltr'><strong>sisti</strong></span> 
     </span>
    </p>
   </div>
   <div class='ocr_carea' id='block_1_3' title="bbox 620 516 1389 591">
    <p class='ocr_par' dir='ltr' id='par_1_3' title="bbox 620 516 1389 591">
     <span class='ocr_line' id='line_1_3' title="bbox 620 516 1389 591; baseline -0.009 -13"><span class='ocrx_word' id='word_1_10' title='bbox 620 531 686 578; x_wconf 82' lang='lat' dir='ltr'><strong>ao</strong></span> <span class='ocrx_word' id='word_1_11' title='bbox 715 519 1145 591; x_wconf 75' lang='lat' dir='ltr'><strong>respondendum</strong></span> <span class='ocrx_word' id='word_1_12' title='bbox 1171 516 1389 573; x_wconf 74' lang='lat' dir='ltr'><strong>Judmis.</strong></span> 
     </span>
    </p>
   </div>
   <div class='ocr_carea' id='block_1_4' title="bbox 698 602 2200 667">
    <p class='ocr_par' dir='ltr' id='par_1_4' title="bbox 698 602 2200 667">
     <span class='ocr_line' id='line_1_4' title="bbox 698 602 2200 667; baseline -0.006 -1"><span class='ocrx_word' id='word_1_13' title='bbox 698 608 893 667; x_wconf 83' lang='lat' dir='ltr'><strong>Paulus</strong></span> <span class='ocrx_word' id='word_1_14' title='bbox 914 610 1109 665; x_wconf 86' lang='lat' dir='ltr'><strong>vinctus</strong></span> <span class='ocrx_word' id='word_1_15' title='bbox 1145 609 1493 664; x_wconf 87' lang='lat' dir='ltr'><strong>concionatur.</strong></span> <span class='ocrx_word' id='word_1_16' title='bbox 1512 636 1580 648; x_wconf 89' lang='lat'><strong>—</strong></span> <span class='ocrx_word' id='word_1_17' title='bbox 1598 605 1731 662; x_wconf 86' lang='lat' dir='ltr'><strong>Vide</strong></span> <span class='ocrx_word' id='word_1_18' title='bbox 1774 605 2092 660; x_wconf 86' lang='lat' dir='ltr'><strong>instructum</strong></span> <span class='ocrx_word' id='word_1_19' title='bbox 2123 602 2200 657; x_wconf 83' lang='lat' dir='ltr'><strong>vi-</strong></span> 
     </span>
    </p>
   </div>
   <div class='ocr_carea' id='block_1_5' title="bbox 621 692 2200 768">
    <p class='ocr_par' dir='ltr' id='par_1_5' title="bbox 621 692 2200 768">
     <span class='ocr_line' id='line_1_5' title="bbox 621 692 2200 768; baseline -0.008 -8"><span class='ocrx_word' id='word_1_20' title='bbox 621 717 764 768; x_wconf 86' lang='lat' dir='ltr'><strong>rum.</strong></span> <span class='ocrx_word' id='word_1_21' title='bbox 793 701 916 758; x_wconf 85' lang='lat' dir='ltr'><strong>vide</strong></span> <span class='ocrx_word' id='word_1_22' title='bbox 963 699 1315 758; x_wconf 73' lang='lat' dir='ltr'><strong>mconomiam</strong></span> <span class='ocrx_word' id='word_1_23' title='bbox 1343 717 1357 754; x_wconf 92' lang='lat'><strong>:</strong></span> <span class='ocrx_word' id='word_1_24' title='bbox 1387 699 1490 755; x_wconf 88' lang='lat' dir='ltr'><strong>nisi</strong></span> <span class='ocrx_word' id='word_1_25' title='bbox 1518 698 1758 754; x_wconf 90' lang='lat' dir='ltr'><strong>tribunus</strong></span> <span class='ocrx_word' id='word_1_26' title='bbox 1798 696 2051 758; x_wconf 77' lang='lat' dir='ltr'><strong>venisset,</strong></span> <span class='ocrx_word' id='word_1_27' title='bbox 2098 692 2200 749; x_wconf 93' lang='lat' dir='ltr'><strong>nisi</strong></span> 
     </span>
    </p>
   </div>
   <div class='ocr_carea' id='block_1_6' title="bbox 620 786 2195 866">
    <p class='ocr_par' dir='ltr' id='par_1_6' title="bbox 620 786 2195 866">
     <span class='ocr_line' id='line_1_6' title="bbox 620 786 2195 866; baseline -0.007 -15"><span class='ocrx_word' id='word_1_28' title='bbox 620 794 858 866; x_wconf 75' lang='lat' dir='ltr'><strong>ligasset,</strong></span> <span class='ocrx_word' id='word_1_29' title='bbox 880 808 1132 850; x_wconf 81' lang='lat' dir='ltr'><strong>sermone</strong></span> <span class='ocrx_word' id='word_1_30' title='bbox 1151 791 1217 847; x_wconf 89' lang='lat' dir='ltr'><strong>ad</strong></span> <span class='ocrx_word' id='word_1_31' title='bbox 1239 790 1603 848; x_wconf 80' lang='lat' dir='ltr'><strong>defensionem</strong></span> <span class='ocrx_word' id='word_1_32' title='bbox 1624 804 1756 860; x_wconf 92' lang='lat' dir='ltr'><strong>opus</strong></span> <span class='ocrx_word' id='word_1_33' title='bbox 1777 803 1881 843; x_wconf 92' lang='lat' dir='ltr'><strong>non</strong></span> <span class='ocrx_word' id='word_1_34' title='bbox 1904 786 2195 852; x_wconf 91' lang='lat' dir='ltr'><strong>habuisset,</strong></span> 
     </span>
    </p>
   </div>
   <div class='ocr_carea' id='block_1_7' title="bbox 620 878 2199 957">
    <p class='ocr_par' dir='ltr' id='par_1_7' title="bbox 620 878 2199 957">
     <span class='ocr_line' id='line_1_7' title="bbox 620 878 2199 957; baseline -0.009 -14"><span class='ocrx_word' id='word_1_35' title='bbox 620 902 792 957; x_wconf 88' lang='lat' dir='ltr'><strong>neque</strong></span> <span class='ocrx_word' id='word_1_36' title='bbox 820 894 1021 940; x_wconf 87' lang='lat' dir='ltr'><strong>tantum</strong></span> <span class='ocrx_word' id='word_1_37' title='bbox 1059 885 1397 953; x_wconf 85' lang='lat' dir='ltr'><strong>impetrasset</strong></span> <span class='ocrx_word' id='word_1_38' title='bbox 1422 881 1717 936; x_wconf 91' lang='lat' dir='ltr'><strong>silentium.</strong></span> <span class='ocrx_word' id='word_1_39' title='bbox 1746 878 2076 933; x_wconf 86' lang='lat' dir='ltr'><strong>Permittente</strong></span> <span class='ocrx_word' id='word_1_40' title='bbox 2106 893 2199 929; x_wconf 87' lang='lat' dir='ltr'><strong>au—</strong></span> 
     </span>
    </p>
   </div>
   <div class='ocr_carea' id='block_1_8' title="bbox 620 965 2199 1042">
    <p class='ocr_par' dir='ltr' id='par_1_8' title="bbox 620 965 2199 1042">
     <span class='ocr_line' id='line_1_8' title="bbox 620 965 2199 1042; baseline -0.006 -13"><span class='ocrx_word' id='word_1_41' title='bbox 620 986 717 1029; x_wconf 82' lang='lat' dir='ltr'><strong>tem</strong></span> <span class='ocrx_word' id='word_1_42' title='bbox 744 976 857 1040; x_wconf 89' lang='lat' dir='ltr'><strong>illo,</strong></span> <span class='ocrx_word' id='word_1_43' title='bbox 880 973 1081 1029; x_wconf 88' lang='lat' dir='ltr'><strong>Paulus</strong></span> <span class='ocrx_word' id='word_1_44' title='bbox 1107 975 1123 1005; x_wconf 78' lang='grc'>⁸</span> <span class='ocrx_word' id='word_1_45' title='bbox 1149 983 1289 1027; x_wconf 87' lang='lat' dir='ltr'><strong>stans</strong></span> <span class='ocrx_word' id='word_1_46' title='bbox 1325 973 1378 1025; x_wconf 88' lang='lat' dir='ltr'><strong>in</strong></span> <span class='ocrx_word' id='word_1_47' title='bbox 1406 971 1665 1042; x_wconf 79' lang='lat' dir='ltr'><strong>gradibus.</strong></span> <span class='ocrx_word' id='word_1_48' title='bbox 1695 971 1735 1022; x_wconf 83' lang='lat' dir='ltr'><strong>A</strong></span> <span class='ocrx_word' id='word_1_49' title='bbox 1766 970 1884 1024; x_wconf 91' lang='lat' dir='ltr'><strong>loco</strong></span> <span class='ocrx_word' id='word_1_50' title='bbox 1915 967 2083 1036; x_wconf 85' lang='lat' dir='ltr'><strong>major</strong></span> <span class='ocrx_word' id='word_1_51' title='bbox 2120 965 2199 1019; x_wconf 83' lang='lat' dir='ltr'><strong>fa-</strong></span> 
     </span>
    </p>
   </div>
   <div class='ocr_carea' id='block_1_9' title="bbox 617 1060 2198 1134">
    <p class='ocr_par' dir='ltr' id='par_1_9' title="bbox 617 1060 2198 1134">
     <span class='ocr_line' id='line_1_9' title="bbox 617 1060 2198 1134; baseline -0.005 -14"><span class='ocrx_word' id='word_1_52' title='bbox 617 1067 811 1130; x_wconf 80' lang='lat' dir='ltr'><strong>cilitas,</strong></span> <span class='ocrx_word' id='word_1_53' title='bbox 861 1074 916 1120; x_wconf 91' lang='lat' dir='ltr'><strong>et</strong></span> <span class='ocrx_word' id='word_1_54' title='bbox 963 1063 1105 1134; x_wconf 92' lang='lat' dir='ltr'><strong>quod</strong></span> <span class='ocrx_word' id='word_1_55' title='bbox 1156 1063 1208 1116; x_wconf 91' lang='lat' dir='ltr'><strong>in</strong></span> <span class='ocrx_word' id='word_1_56' title='bbox 1239 1062 1462 1117; x_wconf 84' lang='lat' dir='ltr'><strong>editiore</strong></span> <span class='ocrx_word' id='word_1_57' title='bbox 1506 1060 1672 1132; x_wconf 88' lang='lat' dir='ltr'><strong>gradu</strong></span> <span class='ocrx_word' id='word_1_58' title='bbox 1710 1060 2014 1129; x_wconf 82' lang='lat' dir='ltr'><strong>loqueretur</strong></span> <span class='ocrx_word' id='word_1_59' title='bbox 2040 1066 2198 1126; x_wconf 88' lang='lat' dir='ltr'><strong>atque</strong></span> 
     </span>
    </p>
   </div>
   <div class='ocr_carea' id='block_1_10' title="bbox 619 1148 2197 1224">
    <p class='ocr_par' dir='ltr' id='par_1_10' title="bbox 619 1148 2197 1224">
     <span class='ocr_line' id='line_1_10' title="bbox 619 1148 2197 1224; baseline -0.004 -15"><span class='ocrx_word' id='word_1_60' title='bbox 619 1155 831 1224; x_wconf 86' lang='lat' dir='ltr'><strong>ligatus.</strong></span> <span class='ocrx_word' id='word_1_61' title='bbox 879 1154 1015 1221; x_wconf 86' lang='lat' dir='ltr'><strong>Quid</strong></span> <span class='ocrx_word' id='word_1_62' title='bbox 1070 1152 1191 1209; x_wconf 89' lang='lat' dir='ltr'><strong>huic</strong></span> <span class='ocrx_word' id='word_1_63' title='bbox 1240 1151 1543 1221; x_wconf 87' lang='lat' dir='ltr'><strong>spectaculo</strong></span> <span class='ocrx_word' id='word_1_64' title='bbox 1585 1165 1700 1221; x_wconf 88' lang='lat' dir='ltr'><strong>par,</strong></span> <span class='ocrx_word' id='word_1_65' title='bbox 1755 1150 1935 1204; x_wconf 90' lang='lat' dir='ltr'><strong>videre</strong></span> <span class='ocrx_word' id='word_1_66' title='bbox 1973 1148 2197 1202; x_wconf 87' lang='lat' dir='ltr'><strong>Paulum</strong></span> 
     </span>
    </p>
   </div>
   <div class='ocr_carea' id='block_1_11' title="bbox 619 1234 2250 1312">
    <p class='ocr_par' dir='ltr' id='par_1_11' title="bbox 619 1234 2250 1312">
     <span class='ocr_line' id='line_1_11' title="bbox 619 1234 2250 1312; baseline -0.006 -10"><span class='ocrx_word' id='word_1_67' title='bbox 619 1248 828 1302; x_wconf 89' lang='lat' dir='ltr'><strong>duabus</strong></span> <span class='ocrx_word' id='word_1_68' title='bbox 847 1247 1052 1303; x_wconf 85' lang='lat' dir='ltr'><strong>catenis</strong></span> <span class='ocrx_word' id='word_1_69' title='bbox 1074 1248 1306 1301; x_wconf 87' lang='lat' dir='ltr'><strong>vinctum</strong></span> <span class='ocrx_word' id='word_1_70' title='bbox 1328 1245 1733 1299; x_wconf 87' lang='lat' dir='ltr'><strong>concionantem</strong></span> <span class='ocrx_word' id='word_1_71' title='bbox 1751 1242 1775 1296; x_wconf 80' lang='lat' dir='ltr'><strong>‘l</strong></span> <span class='ocrx_word' id='word_1_72' title='bbox 1795 1240 2062 1312; x_wconf 91' lang='lat' dir='ltr'><strong>quomodo</strong></span> <span class='ocrx_word' id='word_1_73' title='bbox 2088 1237 2225 1293; x_wconf 81' lang='lat' dir='ltr'><strong>tur-&#39;</strong></span> <span class='ocrx_word' id='word_1_74' title='bbox 2245 1234 2250 1240; x_wconf 85' lang='grc'><strong>’</strong></span> 
     </span>
    </p>
   </div>
   <div class='ocr_carea' id='block_1_12' title="bbox 622 1330 2197 1408">
    <p class='ocr_par' dir='ltr' id='par_1_12' title="bbox 622 1330 2197 1408">
     <span class='ocr_line' id='line_1_12' title="bbox 622 1330 2197 1408; baseline -0.009 -13"><span class='ocrx_word' id='word_1_75' title='bbox 622 1339 796 1407; x_wconf 86' lang='lat' dir='ltr'><strong>batus,</strong></span> <span class='ocrx_word' id='word_1_76' title='bbox 838 1336 1108 1408; x_wconf 89' lang='lat' dir='ltr'><strong>quomodo</strong></span> <span class='ocrx_word' id='word_1_77' title='bbox 1145 1334 1396 1391; x_wconf 82' lang='lat' dir='ltr'><strong>confusus</strong></span> <span class='ocrx_word' id='word_1_78' title='bbox 1446 1350 1550 1388; x_wconf 92' lang='lat' dir='ltr'><strong>non</strong></span> <span class='ocrx_word' id='word_1_79' title='bbox 1578 1341 1679 1394; x_wconf 89' lang='lat' dir='ltr'><strong>est,</strong></span> <span class='ocrx_word' id='word_1_80' title='bbox 1717 1341 1917 1385; x_wconf 85' lang='lat' dir='ltr'><strong>tantum</strong></span> <span class='ocrx_word' id='word_1_81' title='bbox 1946 1330 2197 1399; x_wconf 88' lang='lat' dir='ltr'><strong>p0pulum</strong></span> 
     </span>
    </p>
   </div>
   <div class='ocr_carea' id='block_1_13' title="bbox 620 1421 2200 1501">
    <p class='ocr_par' dir='ltr' id='par_1_13' title="bbox 620 1421 2200 1501">
     <span class='ocr_line' id='line_1_13' title="bbox 620 1421 2200 1501; baseline -0.006 -17"><span class='ocrx_word' id='word_1_82' title='bbox 620 1431 806 1486; x_wconf 77' lang='lat' dir='ltr'><strong>videns</strong></span> <span class='ocrx_word' id='word_1_83' title='bbox 843 1439 1235 1501; x_wconf 82' lang='lat' dir='ltr'><strong>exasperatum,</strong></span> <span class='ocrx_word' id='word_1_84' title='bbox 1266 1428 1509 1483; x_wconf 84' lang='lat' dir='ltr'><strong>adstante</strong></span> <span class='ocrx_word' id='word_1_85' title='bbox 1541 1424 1803 1495; x_wconf 67' lang='lat' dir='ltr'><strong>praeside?</strong></span> <span class='ocrx_word' id='word_1_86' title='bbox 1836 1424 2012 1479; x_wconf 84' lang='lat' dir='ltr'><strong>l’rimo</strong></span> <span class='ocrx_word' id='word_1_87' title='bbox 2057 1421 2200 1476; x_wconf 88' lang='lat' dir='ltr'><strong>furo-</strong></span> 
     </span>
    </p>
   </div>
   <div class='ocr_carea' id='block_1_14' title="bbox 623 1514 2197 1587">
    <p class='ocr_par' dir='ltr' id='par_1_14' title="bbox 623 1514 2197 1587">
     <span class='ocr_line' id='line_1_14' title="bbox 623 1514 2197 1587; baseline -0.008 -8"><span class='ocrx_word' id='word_1_88' title='bbox 623 1540 734 1579; x_wconf 89' lang='lat' dir='ltr'><strong>rem</strong></span> <span class='ocrx_word' id='word_1_89' title='bbox 763 1523 972 1578; x_wconf 90' lang='lat' dir='ltr'><strong>illornm</strong></span> <span class='ocrx_word' id='word_1_90' title='bbox 1004 1520 1227 1587; x_wconf 83' lang='lat' dir='ltr'><strong>sedavit,</strong></span> <span class='ocrx_word' id='word_1_91' title='bbox 1256 1519 1445 1574; x_wconf 90' lang='lat' dir='ltr'><strong>deinde</strong></span> <span class='ocrx_word' id='word_1_92' title='bbox 1469 1518 1751 1586; x_wconf 85' lang='lat' dir='ltr'><strong>alloquitur</strong></span> <span class='ocrx_word' id='word_1_93' title='bbox 1776 1534 1789 1570; x_wconf 88' lang='lat'><strong>:</strong></span> <span class='ocrx_word' id='word_1_94' title='bbox 1816 1525 1869 1571; x_wconf 91' lang='lat' dir='ltr'><strong>et</strong></span> <span class='ocrx_word' id='word_1_95' title='bbox 1895 1514 2015 1569; x_wconf 86' lang='lat' dir='ltr'><strong>vide</strong></span> <span class='ocrx_word' id='word_1_96' title='bbox 2040 1528 2197 1583; x_wconf 83' lang='lat' dir='ltr'><strong>quam</strong></span> 
     </span>
    </p>
   </div>
   <div class='ocr_carea' id='block_1_15' title="bbox 626 1606 2195 1687">
    <p class='ocr_par' dir='ltr' id='par_1_15' title="bbox 626 1606 2195 1687">
     <span class='ocr_line' id='line_1_15' title="bbox 626 1606 2195 1687; baseline -0.008 -15"><span class='ocrx_word' id='word_1_97' title='bbox 626 1619 933 1687; x_wconf 88' lang='lat' dir='ltr'><strong>prudenter.</strong></span> <span class='ocrx_word' id='word_1_98' title='bbox 967 1615 1096 1670; x_wconf 83' lang='lat' dir='ltr'><strong>Nam</strong></span> <span class='ocrx_word' id='word_1_99' title='bbox 1122 1616 1171 1669; x_wconf 93' lang='lat' dir='ltr'><strong>id</strong></span> <span class='ocrx_word' id='word_1_100' title='bbox 1193 1613 1333 1683; x_wconf 88' lang='lat' dir='ltr'><strong>quod</strong></span> <span class='ocrx_word' id='word_1_101' title='bbox 1361 1614 1412 1666; x_wconf 89' lang='lat' dir='ltr'><strong>in</strong></span> <span class='ocrx_word' id='word_1_102' title='bbox 1436 1611 1671 1681; x_wconf 85' lang='lat' dir='ltr'><strong>Epistola</strong></span> <span class='ocrx_word' id='word_1_103' title='bbox 1694 1609 1759 1663; x_wconf 92' lang='lat' dir='ltr'><strong>ad</strong></span> <span class='ocrx_word' id='word_1_104' title='bbox 1781 1609 2032 1663; x_wconf 70' lang='lat' dir='ltr'><strong>llebrazos</strong></span> <span class='ocrx_word' id='word_1_105' title='bbox 2053 1606 2195 1673; x_wconf 84' lang='lat' dir='ltr'><strong>fecit,</strong></span> 
     </span>
    </p>
   </div>
   <div class='ocr_carea' id='block_1_16' title="bbox 624 1698 2194 1775">
    <p class='ocr_par' dir='ltr' id='par_1_16' title="bbox 624 1698 2194 1775">
     <span class='ocr_line' id='line_1_16' title="bbox 624 1698 2194 1775; baseline -0.008 -12"><span class='ocrx_word' id='word_1_106' title='bbox 624 1708 725 1763; x_wconf 87' lang='lat' dir='ltr'><strong>hoc</strong></span> <span class='ocrx_word' id='word_1_107' title='bbox 753 1718 805 1763; x_wconf 93' lang='lat' dir='ltr'><strong>et</strong></span> <span class='ocrx_word' id='word_1_108' title='bbox 832 1706 918 1762; x_wconf 92' lang='lat' dir='ltr'><strong>hic</strong></span> <span class='ocrx_word' id='word_1_109' title='bbox 940 1706 1064 1761; x_wconf 83' lang='lat' dir='ltr'><strong>facit</strong></span> <span class='ocrx_word' id='word_1_110' title='bbox 1097 1723 1112 1757; x_wconf 88' lang='lat'><strong>:</strong></span> <span class='ocrx_word' id='word_1_111' title='bbox 1140 1705 1316 1775; x_wconf 88' lang='lat' dir='ltr'><strong>primo</strong></span> <span class='ocrx_word' id='word_1_112' title='bbox 1336 1703 1653 1773; x_wconf 87' lang='lat' dir='ltr'><strong>c0guatione</strong></span> <span class='ocrx_word' id='word_1_113' title='bbox 1676 1701 1819 1755; x_wconf 84' lang='lat' dir='ltr'><strong>vocis</strong></span> <span class='ocrx_word' id='word_1_114' title='bbox 1847 1701 1988 1767; x_wconf 89' lang='lat' dir='ltr'><strong>ipsos</strong></span> <span class='ocrx_word' id='word_1_115' title='bbox 2011 1698 2194 1764; x_wconf 80' lang='lat' dir='ltr'><strong>allicit,</strong></span> 
     </span>
    </p>
   </div>
   <div class='ocr_carea' id='block_1_17' title="bbox 623 1788 2196 1857">
    <p class='ocr_par' dir='ltr' id='par_1_17' title="bbox 623 1788 2196 1857">
     <span class='ocr_line' id='line_1_17' title="bbox 623 1788 2196 1857; baseline -0.008 -2"><span class='ocrx_word' id='word_1_116' title='bbox 623 1801 746 1856; x_wconf 90' lang='lat' dir='ltr'><strong>hinc</strong></span> <span class='ocrx_word' id='word_1_117' title='bbox 772 1797 1203 1853; x_wconf 83' lang='lat' dir='ltr'><strong>mansuetudine.</strong></span> <span class='ocrx_word' id='word_1_118' title='bbox 1226 1794 1350 1850; x_wconf 89' lang='lat' dir='ltr'><strong>ldeo</strong></span> <span class='ocrx_word' id='word_1_119' title='bbox 1379 1794 1479 1849; x_wconf 85' lang='lat' dir='ltr'><strong>hoc</strong></span> <span class='ocrx_word' id='word_1_120' title='bbox 1507 1793 1801 1857; x_wconf 85' lang='lat' dir='ltr'><strong>declarans,</strong></span> <span class='ocrx_word' id='word_1_121' title='bbox 1828 1790 1955 1846; x_wconf 88' lang='lat' dir='ltr'><strong>dicit</strong></span> <span class='ocrx_word' id='word_1_122' title='bbox 1983 1808 1996 1844; x_wconf 91' lang='lat'><strong>:</strong></span> <span class='ocrx_word' id='word_1_123' title='bbox 2029 1788 2196 1843; x_wconf 80' lang='lat' dir='ltr'><strong>Multo</strong></span> 
     </span>
    </p>
   </div>
   <div class='ocr_carea' id='block_1_18' title="bbox 622 1881 2198 1962">
    <p class='ocr_par' dir='ltr' id='par_1_18' title="bbox 622 1881 2198 1962">
     <span class='ocr_line' id='line_1_18' title="bbox 622 1881 2198 1962; baseline -0.007 -16"><span class='ocrx_word' id='word_1_124' title='bbox 622 1892 757 1962; x_wconf 81' lang='lat' dir='ltr'><strong>facta</strong></span> <span class='ocrx_word' id='word_1_125' title='bbox 795 1890 1010 1953; x_wconf 89' lang='lat' dir='ltr'><strong>silentio,</strong></span> <span class='ocrx_word' id='word_1_126' title='bbox 1041 1886 1330 1954; x_wconf 85' lang='lat' dir='ltr'><strong>alloquutus</strong></span> <span class='ocrx_word' id='word_1_127' title='bbox 1367 1895 1440 1940; x_wconf 90' lang='lat' dir='ltr'><strong>est</strong></span> <span class='ocrx_word' id='word_1_128' title='bbox 1484 1885 1657 1955; x_wconf 80' lang='lat' dir='ltr'><strong>lingua</strong></span> <span class='ocrx_word' id='word_1_129' title='bbox 1702 1881 1936 1947; x_wconf 68' lang='lat' dir='ltr'><strong>Hebraza,</strong></span> <span class='ocrx_word' id='word_1_130' title='bbox 1981 1882 2150 1934; x_wconf 84' lang='lat' dir='ltr'><strong>dicens</strong></span> <span class='ocrx_word' id='word_1_131' title='bbox 2178 1896 2198 1935; x_wconf 90' lang='lat'><strong><em>:</em></strong></span> 
     </span>
    </p>
   </div>
   <div class='ocr_carea' id='block_1_19' title="bbox 621 1974 2197 2056">
    <p class='ocr_par' dir='ltr' id='par_1_19' title="bbox 621 1974 2197 2056">
     <span class='ocr_line' id='line_1_19' title="bbox 621 1974 2197 2056; baseline -0.007 -17"><span class='ocrx_word' id='word_1_132' title='bbox 621 1984 776 2056; x_wconf 85' lang='lat' dir='ltr'><strong>(Cap.</strong></span> <span class='ocrx_word' id='word_1_133' title='bbox 823 1980 999 2051; x_wconf 59' lang='lat'><strong>22.”.</strong></span> <span class='ocrx_word' id='word_1_134' title='bbox 1041 1980 1148 2033; x_wconf 88' lang='lat' dir='ltr'><strong>Viri</strong></span> <span class='ocrx_word' id='word_1_135' title='bbox 1174 1980 1354 2048; x_wconf 79' lang='lat' dir='ltr'><strong>fratres</strong></span> <span class='ocrx_word' id='word_1_136' title='bbox 1380 1989 1425 2032; x_wconf 85' lang='lat' dir='ltr'><strong>et</strong></span> <span class='ocrx_word' id='word_1_137' title='bbox 1462 1988 1649 2049; x_wconf 82' lang='lat' dir='ltr'><strong>patres,</strong></span> <span class='ocrx_word' id='word_1_138' title='bbox 1684 1975 1853 2029; x_wconf 89' lang='lat' dir='ltr'><strong>audite</strong></span> <span class='ocrx_word' id='word_1_139' title='bbox 1886 1991 2037 2042; x_wconf 90' lang='lat' dir='ltr'><strong>quam</strong></span> <span class='ocrx_word' id='word_1_140' title='bbox 2062 1974 2197 2028; x_wconf 80' lang='lat' dir='ltr'><strong>vobis</strong></span> 
     </span>
    </p>
   </div>
   <div class='ocr_carea' id='block_1_20' title="bbox 623 2069 2195 2137">
    <p class='ocr_par' dir='ltr' id='par_1_20' title="bbox 623 2069 2195 2137">
     <span class='ocr_line' id='line_1_20' title="bbox 623 2069 2195 2137; baseline -0.006 -6"><span class='ocrx_word' id='word_1_141' title='bbox 623 2092 758 2131; x_wconf 87' lang='lat' dir='ltr'><strong>nunc</strong></span> <span class='ocrx_word' id='word_1_142' title='bbox 777 2076 932 2130; x_wconf 86' lang='lat' dir='ltr'><strong>reddo</strong></span> <span class='ocrx_word' id='word_1_143' title='bbox 955 2074 1217 2127; x_wconf 89' lang='lat' dir='ltr'><strong>rationem.</strong></span> <span class='ocrx_word' id='word_1_144' title='bbox 1242 2072 1372 2126; x_wconf 83' lang='lat' dir='ltr'><strong>Vide</strong></span> <span class='ocrx_word' id='word_1_145' title='bbox 1390 2072 1549 2126; x_wconf 89' lang='lat' dir='ltr'><strong>etiam</strong></span> <span class='ocrx_word' id='word_1_146' title='bbox 1576 2069 1893 2123; x_wconf 84' lang='lat' dir='ltr'><strong>adulationis</strong></span> <span class='ocrx_word' id='word_1_147' title='bbox 1922 2077 2195 2137; x_wconf 81' lang='lat' dir='ltr'><strong>expertem</strong></span> 
     </span>
    </p>
   </div>
   <div class='ocr_carea' id='block_1_21' title="bbox 625 2160 2196 2232">
    <p class='ocr_par' dir='ltr' id='par_1_21' title="bbox 625 2160 2196 2232">
     <span class='ocr_line' id='line_1_21' title="bbox 625 2160 2196 2232; baseline -0.006 -10"><span class='ocrx_word' id='word_1_148' title='bbox 625 2182 930 2224; x_wconf 88' lang='lat' dir='ltr'><strong>sermonem</strong></span> <span class='ocrx_word' id='word_1_149' title='bbox 959 2174 1011 2220; x_wconf 94' lang='lat' dir='ltr'><strong>ct</strong></span> <span class='ocrx_word' id='word_1_150' title='bbox 1042 2164 1300 2220; x_wconf 88' lang='lat' dir='ltr'><strong>modeslia</strong></span> <span class='ocrx_word' id='word_1_151' title='bbox 1329 2162 1566 2232; x_wconf 85' lang='lat' dir='ltr'><strong>plenum.</strong></span> <span class='ocrx_word' id='word_1_152' title='bbox 1596 2161 1707 2215; x_wconf 87' lang='lat' dir='ltr'><strong>Non</strong></span> <span class='ocrx_word' id='word_1_153' title='bbox 1736 2162 1876 2215; x_wconf 88' lang='lat' dir='ltr'><strong>enim</strong></span> <span class='ocrx_word' id='word_1_154' title='bbox 1905 2160 2058 2227; x_wconf 80' lang='lat' dir='ltr'><strong>dixit,</strong></span> <span class='ocrx_word' id='word_1_155' title='bbox 2091 2160 2196 2213; x_wconf 80' lang='lat' dir='ltr'><strong>Do-</strong></span> 
     </span>
    </p>
   </div>
   <div class='ocr_carea' id='block_1_22' title="bbox 621 2252 2196 2326">
    <p class='ocr_par' dir='ltr' id='par_1_22' title="bbox 621 2252 2196 2326">
     <span class='ocr_line' id='line_1_22' title="bbox 621 2252 2196 2326; baseline -0.005 -11"><span class='ocrx_word' id='word_1_156' title='bbox 621 2261 774 2323; x_wconf 89' lang='lat' dir='ltr'><strong>mini,</strong></span> <span class='ocrx_word' id='word_1_157' title='bbox 797 2259 911 2324; x_wconf 91' lang='lat' dir='ltr'><strong>sed,</strong></span> <span class='ocrx_word' id='word_1_158' title='bbox 944 2256 1193 2319; x_wconf 81' lang='lat' dir='ltr'><strong>Fratres;</strong></span> <span class='ocrx_word' id='word_1_159' title='bbox 1220 2255 1358 2326; x_wconf 90' lang='lat' dir='ltr'><strong>quod</strong></span> <span class='ocrx_word' id='word_1_160' title='bbox 1396 2255 1626 2311; x_wconf 80' lang='lat' dir='ltr'><strong>maxime</strong></span> <span class='ocrx_word' id='word_1_161' title='bbox 1651 2253 1919 2318; x_wconf 87' lang='lat' dir='ltr'><strong>amabant,</strong></span> <span class='ocrx_word' id='word_1_162' title='bbox 1949 2268 2009 2306; x_wconf 90' lang='lat' dir='ltr'><strong>ac</strong></span> <span class='ocrx_word' id='word_1_163' title='bbox 2038 2253 2082 2308; x_wconf 91' lang='lat' dir='ltr'><strong>si</strong></span> <span class='ocrx_word' id='word_1_164' title='bbox 2112 2252 2196 2308; x_wconf 53' lang='lat' dir='ltr'><strong>di-</strong></span> 
     </span>
    </p>
   </div>
   <div class='ocr_carea' id='block_1_23' title="bbox 617 2342 2198 2411">
    <p class='ocr_par' dir='ltr' id='par_1_23' title="bbox 617 2342 2198 2411">
     <span class='ocr_line' id='line_1_23' title="bbox 617 2342 2198 2411; baseline -0.006 -4"><span class='ocrx_word' id='word_1_165' title='bbox 617 2359 801 2407; x_wconf 90' lang='lat' dir='ltr'><strong>ceret:</strong></span> <span class='ocrx_word' id='word_1_166' title='bbox 824 2349 939 2406; x_wconf 88' lang='lat' dir='ltr'><strong>Non</strong></span> <span class='ocrx_word' id='word_1_167' title='bbox 967 2348 1172 2403; x_wconf 88' lang='lat' dir='ltr'><strong>alienus</strong></span> <span class='ocrx_word' id='word_1_168' title='bbox 1199 2361 1317 2401; x_wconf 91' lang='lat' dir='ltr'><strong>sum</strong></span> <span class='ocrx_word' id='word_1_169' title='bbox 1343 2362 1373 2399; x_wconf 88' lang='lat' dir='ltr'><strong>a</strong></span> <span class='ocrx_word' id='word_1_170' title='bbox 1398 2346 1568 2411; x_wconf 89' lang='lat' dir='ltr'><strong>vobis,</strong></span> <span class='ocrx_word' id='word_1_171' title='bbox 1606 2360 1705 2400; x_wconf 89' lang='lat' dir='ltr'><strong>nec</strong></span> <span class='ocrx_word' id='word_1_172' title='bbox 1725 2354 1915 2398; x_wconf 90' lang='lat' dir='ltr'><strong>contra</strong></span> <span class='ocrx_word' id='word_1_173' title='bbox 1942 2357 2056 2397; x_wconf 86' lang='lat' dir='ltr'><strong>vos.</strong></span> <span class='ocrx_word' id='word_1_174' title='bbox 2091 2342 2198 2397; x_wconf 86' lang='lat' dir='ltr'><strong>Viri</strong></span> 
     </span>
    </p>
   </div>
   <div class='ocr_carea' id='block_1_24' title="bbox 617 2434 2198 2512">
    <p class='ocr_par' dir='ltr' id='par_1_24' title="bbox 617 2434 2198 2512">
     <span class='ocr_line' id='line_1_24' title="bbox 617 2434 2198 2512; baseline -0.005 -17"><span class='ocrx_word' id='word_1_175' title='bbox 617 2443 801 2511; x_wconf 77' lang='lat' dir='ltr'><strong>fratres</strong></span> <span class='ocrx_word' id='word_1_176' title='bbox 829 2450 875 2495; x_wconf 88' lang='lat' dir='ltr'><strong>et</strong></span> <span class='ocrx_word' id='word_1_177' title='bbox 904 2451 1090 2512; x_wconf 84' lang='lat' dir='ltr'><strong>patres,</strong></span> <span class='ocrx_word' id='word_1_178' title='bbox 1129 2439 1317 2509; x_wconf 88' lang='lat' dir='ltr'><strong>inquit.</strong></span> <span class='ocrx_word' id='word_1_179' title='bbox 1351 2437 1461 2491; x_wconf 83' lang='lat' dir='ltr'><strong>Hoc</strong></span> <span class='ocrx_word' id='word_1_180' title='bbox 1489 2436 1726 2501; x_wconf 81' lang='lat' dir='ltr'><strong>honoris,</strong></span> <span class='ocrx_word' id='word_1_181' title='bbox 1758 2434 1888 2490; x_wconf 90' lang='lat' dir='ltr'><strong>illud</strong></span> <span class='ocrx_word' id='word_1_182' title='bbox 1933 2434 2198 2506; x_wconf 86' lang='lat' dir='ltr'><strong>germani-</strong></span> 
     </span>
    </p>
   </div>
   <div class='ocr_carea' id='block_1_25' title="bbox 620 2525 2194 2597">
    <p class='ocr_par' dir='ltr' id='par_1_25' title="bbox 620 2525 2194 2597">
     <span class='ocr_line' id='line_1_25' title="bbox 620 2525 2194 2597; baseline -0.004 -12"><span class='ocrx_word' id='word_1_183' title='bbox 620 2534 765 2588; x_wconf 88' lang='lat' dir='ltr'><strong>tatis.</strong></span> <span class='ocrx_word' id='word_1_184' title='bbox 796 2532 979 2586; x_wconf 81' lang='lat' dir='ltr'><strong>Audite</strong></span> <span class='ocrx_word' id='word_1_185' title='bbox 1008 2547 1192 2597; x_wconf 88' lang='lat' dir='ltr'><strong>meam,</strong></span> <span class='ocrx_word' id='word_1_186' title='bbox 1223 2546 1372 2596; x_wconf 82' lang='lat' dir='ltr'><strong>quam</strong></span> <span class='ocrx_word' id='word_1_187' title='bbox 1400 2543 1532 2581; x_wconf 89' lang='lat' dir='ltr'><strong>nunc</strong></span> <span class='ocrx_word' id='word_1_188' title='bbox 1563 2526 1699 2581; x_wconf 82' lang='lat' dir='ltr'><strong>vobis</strong></span> <span class='ocrx_word' id='word_1_189' title='bbox 1730 2526 1907 2591; x_wconf 84' lang='lat' dir='ltr'><strong>reddo,</strong></span> <span class='ocrx_word' id='word_1_190' title='bbox 1929 2525 2194 2580; x_wconf 86' lang='lat' dir='ltr'><strong>rationem.</strong></span> 
     </span>
    </p>
   </div>
   <div class='ocr_carea' id='block_1_26' title="bbox 618 2622 2197 2688">
    <p class='ocr_par' dir='ltr' id='par_1_26' title="bbox 618 2622 2197 2688">
     <span class='ocr_line' id='line_1_26' title="bbox 618 2622 2197 2688; baseline -0.004 -5"><span class='ocrx_word' id='word_1_191' title='bbox 618 2627 732 2683; x_wconf 82' lang='lat' dir='ltr'><strong>Non</strong></span> <span class='ocrx_word' id='word_1_192' title='bbox 754 2627 887 2682; x_wconf 81' lang='lat' dir='ltr'><strong>dixit</strong></span> <span class='ocrx_word' id='word_1_193' title='bbox 912 2626 1205 2681; x_wconf 86' lang='lat' dir='ltr'><strong>doctrinam</strong></span> <span class='ocrx_word' id='word_1_194' title='bbox 1231 2625 1312 2679; x_wconf 87' lang='lat' dir='ltr'><strong>vel</strong></span> <span class='ocrx_word' id='word_1_195' title='bbox 1353 2624 1663 2678; x_wconf 84' lang='lat' dir='ltr'><strong>concionem</strong></span> <span class='ocrx_word' id='word_1_196' title='bbox 1680 2663 1695 2688; x_wconf 93' lang='lat'><strong>,</strong></span> <span class='ocrx_word' id='word_1_197' title='bbox 1726 2622 1821 2678; x_wconf 90' lang='lat' dir='ltr'><strong>sed</strong></span> <span class='ocrx_word' id='word_1_198' title='bbox 1841 2662 1856 2685; x_wconf 90' lang='lat'><strong>,</strong></span> <span class='ocrx_word' id='word_1_199' title='bbox 1882 2622 2151 2677; x_wconf 83' lang='lat' dir='ltr'><strong>Rationem</strong></span> <span class='ocrx_word' id='word_1_200' title='bbox 2174 2637 2197 2677; x_wconf 83' lang='lat'><strong>.°</strong></span> 
     </span>
    </p>
   </div>
   <div class='ocr_carea' id='block_1_27' title="bbox 617 2714 2197 2790">
    <p class='ocr_par' dir='ltr' id='par_1_27' title="bbox 617 2714 2197 2790">
     <span class='ocr_line' id='line_1_27' title="bbox 617 2714 2197 2790; baseline -0.004 -16"><span class='ocrx_word' id='word_1_201' title='bbox 617 2735 677 2776; x_wconf 87' lang='lat' dir='ltr'><strong>se</strong></span> <span class='ocrx_word' id='word_1_202' title='bbox 701 2718 850 2790; x_wconf 89' lang='lat' dir='ltr'><strong>quasi</strong></span> <span class='ocrx_word' id='word_1_203' title='bbox 875 2718 1165 2787; x_wconf 85' lang='lat' dir='ltr'><strong>supplicem</strong></span> <span class='ocrx_word' id='word_1_204' title='bbox 1190 2717 1486 2771; x_wconf 89' lang='lat' dir='ltr'><strong>constituit.</strong></span> <span class='ocrx_word' id='word_1_205' title='bbox 1509 2715 1564 2768; x_wconf 75' lang='lat'><strong>‘2.</strong></span> <span class='ocrx_word' id='word_1_206' title='bbox 1595 2714 1719 2769; x_wconf 84' lang='lat' dir='ltr'><strong>Cum</strong></span> <span class='ocrx_word' id='word_1_207' title='bbox 1748 2715 2011 2769; x_wconf 84' lang='lat' dir='ltr'><strong>audissent</strong></span> <span class='ocrx_word' id='word_1_208' title='bbox 2031 2724 2197 2769; x_wconf 89' lang='lat' dir='ltr'><strong>autem</strong></span> 
     </span>
    </p>
   </div>
   <div class='ocr_carea' id='block_1_28' title="bbox 614 2807 2197 2882">
    <p class='ocr_par' dir='ltr' id='par_1_28' title="bbox 614 2807 2197 2882">
     <span class='ocr_line' id='line_1_28' title="bbox 614 2807 2197 2882; baseline -0.001 -17"><span class='ocrx_word' id='word_1_209' title='bbox 614 2815 738 2882; x_wconf 87' lang='lat' dir='ltr'><strong>quia</strong></span> <span class='ocrx_word' id='word_1_210' title='bbox 768 2811 983 2866; x_wconf 64' lang='lat' dir='ltr'><strong>Hebraea</strong></span> <span class='ocrx_word' id='word_1_211' title='bbox 1010 2812 1183 2879; x_wconf 86' lang='lat' dir='ltr'><strong>lingua</strong></span> <span class='ocrx_word' id='word_1_212' title='bbox 1208 2810 1489 2880; x_wconf 82' lang='lat' dir='ltr'><strong>loqueretur</strong></span> <span class='ocrx_word' id='word_1_213' title='bbox 1515 2807 1629 2874; x_wconf 86' lang='lat' dir='ltr'><strong>sibi,</strong></span> <span class='ocrx_word' id='word_1_214' title='bbox 1660 2809 1821 2878; x_wconf 89' lang='lat' dir='ltr'><strong>magis</strong></span> <span class='ocrx_word' id='word_1_215' title='bbox 1861 2810 2197 2878; x_wconf 67' lang='lat' dir='ltr'><strong>praestiterunt</strong></span> 
     </span>
    </p>
   </div>
   <div class='ocr_carea' id='block_1_29' title="bbox 615 2900 2195 2971">
    <p class='ocr_par' dir='ltr' id='par_1_29' title="bbox 615 2900 2195 2971">
     <span class='ocr_line' id='line_1_29' title="bbox 615 2900 2195 2971; baseline -0.002 -12"><span class='ocrx_word' id='word_1_216' title='bbox 615 2905 890 2960; x_wconf 89' lang='lat' dir='ltr'><strong>silentium.</strong></span> <span class='ocrx_word' id='word_1_217' title='bbox 925 2903 1111 2958; x_wconf 82' lang='lat' dir='ltr'><strong>Viden’</strong></span> <span class='ocrx_word' id='word_1_218' title='bbox 1148 2911 1204 2963; x_wconf 86' lang='lat' dir='ltr'><strong>ut</strong></span> <span class='ocrx_word' id='word_1_219' title='bbox 1228 2902 1367 2970; x_wconf 84' lang='lat' dir='ltr'><strong>cepit</strong></span> <span class='ocrx_word' id='word_1_220' title='bbox 1390 2916 1483 2955; x_wconf 91' lang='lat' dir='ltr'><strong>eos</strong></span> <span class='ocrx_word' id='word_1_221' title='bbox 1510 2901 1676 2969; x_wconf 91' lang='lat' dir='ltr'><strong>patria</strong></span> <span class='ocrx_word' id='word_1_222' title='bbox 1704 2900 1900 2970; x_wconf 83' lang='lat' dir='ltr'><strong>lingua,</strong></span> <span class='ocrx_word' id='word_1_223' title='bbox 1925 2916 2082 2971; x_wconf 92' lang='lat' dir='ltr'><strong>quam</strong></span> <span class='ocrx_word' id='word_1_224' title='bbox 2108 2916 2195 2957; x_wconf 89' lang='lat' dir='ltr'><strong>re-</strong></span> 
     </span>
    </p>
   </div>
   <div class='ocr_carea' id='block_1_30' title="bbox 615 2991 2195 3064">
    <p class='ocr_par' dir='ltr' id='par_1_30' title="bbox 615 2991 2195 3064">
     <span class='ocr_line' id='line_1_30' title="bbox 615 2991 2195 3064; baseline -0.003 -15"><span class='ocrx_word' id='word_1_225' title='bbox 615 2995 854 3051; x_wconf 89' lang='lat' dir='ltr'><strong>verentia</strong></span> <span class='ocrx_word' id='word_1_226' title='bbox 897 2994 1124 3064; x_wconf 87' lang='lat' dir='ltr'><strong>quadam</strong></span> <span class='ocrx_word' id='word_1_227' title='bbox 1174 2992 1666 3063; x_wconf 86' lang='lat' dir='ltr'><strong>prosequebantur?</strong></span> <span class='ocrx_word' id='word_1_228' title='bbox 1695 2991 1825 3046; x_wconf 89' lang='lat' dir='ltr'><strong>Vide</strong></span> <span class='ocrx_word' id='word_1_229' title='bbox 1870 2992 2029 3047; x_wconf 89' lang='lat' dir='ltr'><strong>etiam</strong></span> <span class='ocrx_word' id='word_1_230' title='bbox 2059 3008 2195 3062; x_wconf 90' lang='lat' dir='ltr'><strong>quo-</strong></span> 
     </span>
    </p>
   </div>
   <div class='ocr_carea' id='block_1_31' title="bbox 616 3085 2195 3157">
    <p class='ocr_par' dir='ltr' id='par_1_31' title="bbox 616 3085 2195 3157">
     <span class='ocr_line' id='line_1_31' title="bbox 616 3085 2195 3157; baseline -0.001 -14"><span class='ocrx_word' id='word_1_231' title='bbox 616 3086 778 3143; x_wconf 90' lang='lat' dir='ltr'><strong>modo</strong></span> <span class='ocrx_word' id='word_1_232' title='bbox 805 3087 884 3142; x_wconf 91' lang='lat' dir='ltr'><strong>sic</strong></span> <span class='ocrx_word' id='word_1_233' title='bbox 909 3102 1062 3141; x_wconf 92' lang='lat' dir='ltr'><strong>orsus</strong></span> <span class='ocrx_word' id='word_1_234' title='bbox 1101 3086 1240 3140; x_wconf 88' lang='lat' dir='ltr'><strong>viam</strong></span> <span class='ocrx_word' id='word_1_235' title='bbox 1271 3086 1503 3140; x_wconf 87' lang='lat' dir='ltr'><strong>sermoni</strong></span> <span class='ocrx_word' id='word_1_236' title='bbox 1533 3096 1680 3154; x_wconf 89' lang='lat' dir='ltr'><strong>paret</strong></span> <span class='ocrx_word' id='word_1_237' title='bbox 1706 3094 1761 3140; x_wconf 90' lang='lat' dir='ltr'><strong>et</strong></span> <span class='ocrx_word' id='word_1_238' title='bbox 1783 3085 1923 3141; x_wconf 85' lang='lat' dir='ltr'><strong>dicat</strong></span> <span class='ocrx_word' id='word_1_239' title='bbox 1946 3102 1961 3140; x_wconf 90' lang='lat'><strong>:</strong></span> <span class='ocrx_word' id='word_1_240' title='bbox 1988 3088 2040 3141; x_wconf 80' lang='lat'><strong>&#39;5.</strong></span> <span class='ocrx_word' id='word_1_241' title='bbox 2084 3087 2195 3157; x_wconf 82' lang='lat' dir='ltr'><strong>Ego</strong></span> 
     </span>
    </p>
   </div>
   <div class='ocr_carea' id='block_1_32' title="bbox 616 3175 2196 3242">
    <p class='ocr_par' dir='ltr' id='par_1_32' title="bbox 616 3175 2196 3242">
     <span class='ocr_line' id='line_1_32' title="bbox 616 3175 2196 3242; baseline 0 -9"><span class='ocrx_word' id='word_1_242' title='bbox 616 3180 750 3233; x_wconf 80' lang='lat' dir='ltr'><strong>enim</strong></span> <span class='ocrx_word' id='word_1_243' title='bbox 786 3194 897 3232; x_wconf 88' lang='lat' dir='ltr'><strong>sum</strong></span> <span class='ocrx_word' id='word_1_244' title='bbox 920 3178 996 3231; x_wconf 90' lang='lat' dir='ltr'><strong>vir</strong></span> <span class='ocrx_word' id='word_1_245' title='bbox 1018 3176 1252 3239; x_wconf 79' lang='lat' dir='ltr'><strong>Judwus,</strong></span> <span class='ocrx_word' id='word_1_246' title='bbox 1282 3186 1431 3230; x_wconf 86' lang='lat' dir='ltr'><strong>natus</strong></span> <span class='ocrx_word' id='word_1_247' title='bbox 1458 3178 1510 3229; x_wconf 90' lang='lat' dir='ltr'><strong>in</strong></span> <span class='ocrx_word' id='word_1_248' title='bbox 1556 3175 1718 3229; x_wconf 87' lang='lat' dir='ltr'><strong>Tarso</strong></span> <span class='ocrx_word' id='word_1_249' title='bbox 1742 3176 1952 3242; x_wconf 70' lang='lat' dir='ltr'><strong>Ciliciae,</strong></span> <span class='ocrx_word' id='word_1_250' title='bbox 1980 3180 2196 3233; x_wconf 89' lang='lat' dir='ltr'><strong>nutritus</strong></span> 
     </span>
    </p>
   </div>
   <div class='ocr_carea' id='block_1_33' title="bbox 617 3265 2197 3335">
    <p class='ocr_par' dir='ltr' id='par_1_33' title="bbox 617 3265 2197 3335">
     <span class='ocr_line' id='line_1_33' title="bbox 617 3265 2197 3335; baseline 0 -13"><span class='ocrx_word' id='word_1_251' title='bbox 617 3280 788 3324; x_wconf 86' lang='lat' dir='ltr'><strong>autem</strong></span> <span class='ocrx_word' id='word_1_252' title='bbox 813 3269 865 3321; x_wconf 89' lang='lat' dir='ltr'><strong>in</strong></span> <span class='ocrx_word' id='word_1_253' title='bbox 893 3267 988 3320; x_wconf 80' lang='lat' dir='ltr'><strong>hac</strong></span> <span class='ocrx_word' id='word_1_254' title='bbox 1011 3267 1233 3335; x_wconf 86' lang='lat' dir='ltr'><strong>civitate,</strong></span> <span class='ocrx_word' id='word_1_255' title='bbox 1257 3281 1397 3320; x_wconf 88' lang='lat' dir='ltr'><strong>secus</strong></span> <span class='ocrx_word' id='word_1_256' title='bbox 1438 3266 1589 3335; x_wconf 82' lang='lat' dir='ltr'><strong>pedes</strong></span> <span class='ocrx_word' id='word_1_257' title='bbox 1631 3265 1944 3328; x_wconf 82' lang='lat' dir='ltr'><strong>Gamalielis,</strong></span> <span class='ocrx_word' id='word_1_258' title='bbox 1973 3270 2197 3322; x_wconf 86' lang='lat' dir='ltr'><strong>eruditus</strong></span> 
     </span>
    </p>
   </div>
   <div class='ocr_carea' id='block_1_34' title="bbox 617 3355 2196 3434">
    <p class='ocr_par' dir='ltr' id='par_1_34' title="bbox 617 3355 2196 3434">
     <span class='ocr_line' id='line_1_34' title="bbox 617 3355 2196 3434; baseline -0.001 -19"><span class='ocrx_word' id='word_1_259' title='bbox 617 3363 762 3434; x_wconf 73' lang='lat' dir='ltr'><strong>iuxta</strong></span> <span class='ocrx_word' id='word_1_260' title='bbox 786 3360 1039 3412; x_wconf 87' lang='lat' dir='ltr'><strong>veritatem</strong></span> <span class='ocrx_word' id='word_1_261' title='bbox 1067 3357 1245 3427; x_wconf 79' lang='lat' dir='ltr'><strong>patria:</strong></span> <span class='ocrx_word' id='word_1_262' title='bbox 1282 3356 1427 3425; x_wconf 87' lang='lat' dir='ltr'><strong>legis,</strong></span> <span class='ocrx_word' id='word_1_263' title='bbox 1456 3355 1718 3409; x_wconf 76' lang='lat' dir='ltr'><strong>wmulator</strong></span> <span class='ocrx_word' id='word_1_264' title='bbox 1742 3355 1859 3424; x_wconf 86' lang='lat' dir='ltr'><strong>Dei,</strong></span> <span class='ocrx_word' id='word_1_265' title='bbox 1889 3359 2015 3411; x_wconf 84' lang='lat' dir='ltr'><strong>sicut</strong></span> <span class='ocrx_word' id='word_1_266' title='bbox 2041 3370 2087 3411; x_wconf 90' lang='lat' dir='ltr'><strong>et</strong></span> <span class='ocrx_word' id='word_1_267' title='bbox 2112 3377 2196 3414; x_wconf 82' lang='lat' dir='ltr'><strong>vos</strong></span> 
     </span>
    </p>
   </div>
   <div class='ocr_carea' id='block_1_35' title="bbox 617 3446 2196 3517">
    <p class='ocr_par' dir='ltr' id='par_1_35' title="bbox 617 3446 2196 3517">
     <span class='ocr_line' id='line_1_35' title="bbox 617 3446 2196 3517; baseline -0.001 -12"><span class='ocrx_word' id='word_1_268' title='bbox 617 3466 788 3505; x_wconf 85' lang='lat' dir='ltr'><strong>omnes</strong></span> <span class='ocrx_word' id='word_1_269' title='bbox 815 3449 930 3503; x_wconf 86' lang='lat' dir='ltr'><strong>estis</strong></span> <span class='ocrx_word' id='word_1_270' title='bbox 951 3448 1116 3502; x_wconf 81' lang='lat' dir='ltr'><strong>hodie.</strong></span> <span class='ocrx_word' id='word_1_271' title='bbox 1142 3446 1251 3516; x_wconf 81' lang='lat' dir='ltr'><strong>Ego</strong></span> <span class='ocrx_word' id='word_1_272' title='bbox 1267 3448 1465 3516; x_wconf 83' lang='lat' dir='ltr'><strong>quidem</strong></span> <span class='ocrx_word' id='word_1_273' title='bbox 1484 3462 1614 3510; x_wconf 90' lang='lat' dir='ltr'><strong>sum,</strong></span> <span class='ocrx_word' id='word_1_274' title='bbox 1634 3447 1823 3517; x_wconf 89' lang='lat' dir='ltr'><strong>inquit,</strong></span> <span class='ocrx_word' id='word_1_275' title='bbox 1854 3448 1929 3501; x_wconf 90' lang='lat' dir='ltr'><strong>vir</strong></span> <span class='ocrx_word' id='word_1_276' title='bbox 1946 3449 2196 3513; x_wconf 70' lang='lat' dir='ltr'><strong>Juda&#39;us;</strong></span> 
     </span>
    </p>
   </div>
   <div class='ocr_carea' id='block_1_36' title="bbox 617 3536 2197 3610">
    <p class='ocr_par' dir='ltr' id='par_1_36' title="bbox 617 3536 2197 3610">
     <span class='ocr_line' id='line_1_36' title="bbox 617 3536 2197 3610; baseline 0.002 -18"><span class='ocrx_word' id='word_1_277' title='bbox 617 3540 759 3610; x_wconf 86' lang='lat' dir='ltr'><strong>quod</strong></span> <span class='ocrx_word' id='word_1_278' title='bbox 790 3538 1023 3592; x_wconf 91' lang='lat' dir='ltr'><strong>omnium</strong></span> <span class='ocrx_word' id='word_1_279' title='bbox 1059 3538 1287 3590; x_wconf 82' lang='lat' dir='ltr'><strong>maxime</strong></span> <span class='ocrx_word' id='word_1_280' title='bbox 1313 3536 1496 3591; x_wconf 90' lang='lat' dir='ltr'><strong>audire</strong></span> <span class='ocrx_word' id='word_1_281' title='bbox 1525 3538 1827 3606; x_wconf 90' lang='lat' dir='ltr'><strong>cupiebant.</strong></span> <span class='ocrx_word' id='word_1_282' title='bbox 1861 3538 2029 3595; x_wconf 88' lang='lat' dir='ltr'><strong>Natus</strong></span> <span class='ocrx_word' id='word_1_283' title='bbox 2051 3541 2197 3597; x_wconf 84' lang='lat' dir='ltr'><strong>Tarsi</strong></span> 
     </span>
    </p>
   </div>
   <div class='ocr_carea' id='block_1_37' title="bbox 619 3627 2195 3701">
    <p class='ocr_par' dir='ltr' id='par_1_37' title="bbox 619 3627 2195 3701">
     <span class='ocr_line' id='line_1_37' title="bbox 619 3627 2195 3701; baseline 0.001 -17"><span class='ocrx_word' id='word_1_284' title='bbox 619 3629 827 3684; x_wconf 67' lang='lat' dir='ltr'><strong>Ciliciae.</strong></span> <span class='ocrx_word' id='word_1_285' title='bbox 856 3628 932 3683; x_wconf 88' lang='lat' dir='ltr'><strong>Ne</strong></span> <span class='ocrx_word' id='word_1_286' title='bbox 961 3642 1087 3682; x_wconf 92' lang='lat' dir='ltr'><strong>vero</strong></span> <span class='ocrx_word' id='word_1_287' title='bbox 1122 3629 1416 3697; x_wconf 80' lang='lat' dir='ltr'><strong>cogitarent</strong></span> <span class='ocrx_word' id='word_1_288' title='bbox 1461 3627 1689 3681; x_wconf 91' lang='lat' dir='ltr'><strong>alienam</strong></span> <span class='ocrx_word' id='word_1_289' title='bbox 1717 3638 1947 3698; x_wconf 84' lang='lat' dir='ltr'><strong>gentem.</strong></span> <span class='ocrx_word' id='word_1_290' title='bbox 1982 3632 2195 3701; x_wconf 83' lang='lat' dir='ltr'><strong>religio-</strong></span> 
     </span>
    </p>
   </div>
   <div class='ocr_carea' id='block_1_38' title="bbox 619 3724 2195 3797">
    <p class='ocr_par' dir='ltr' id='par_1_38' title="bbox 619 3724 2195 3797">
     <span class='ocr_line' id='line_1_38' title="bbox 619 3724 2195 3797; baseline -0.001 -17"><span class='ocrx_word' id='word_1_291' title='bbox 619 3741 742 3781; x_wconf 89' lang='lat' dir='ltr'><strong>nem</strong></span> <span class='ocrx_word' id='word_1_292' title='bbox 770 3724 992 3779; x_wconf 88' lang='lat' dir='ltr'><strong>addidit.</strong></span> <span class='ocrx_word' id='word_1_293' title='bbox 1024 3724 1267 3778; x_wconf 84' lang='lat' dir='ltr'><strong>Nutritus</strong></span> <span class='ocrx_word' id='word_1_294' title='bbox 1299 3725 1353 3778; x_wconf 88' lang='lat' dir='ltr'><strong>in</strong></span> <span class='ocrx_word' id='word_1_295' title='bbox 1384 3725 1478 3779; x_wconf 86' lang='lat' dir='ltr'><strong>hac</strong></span> <span class='ocrx_word' id='word_1_296' title='bbox 1511 3726 1729 3781; x_wconf 83' lang='lat' dir='ltr'><strong>civitate.</strong></span> <span class='ocrx_word' id='word_1_297' title='bbox 1768 3727 2011 3797; x_wconf 85' lang='lat' dir='ltr'><strong>Magnum</strong></span> <span class='ocrx_word' id='word_1_298' title='bbox 2042 3743 2195 3781; x_wconf 89' lang='lat' dir='ltr'><strong>suum</strong></span> 
     </span>
    </p>
   </div>
   <div class='ocr_carea' id='block_1_39' title="bbox 619 3818 2196 3891">
    <p class='ocr_par' dir='ltr' id='par_1_39' title="bbox 619 3818 2196 3891">
     <span class='ocr_line' id='line_1_39' title="bbox 619 3818 2196 3891; baseline 0.001 -18"><span class='ocrx_word' id='word_1_299' title='bbox 619 3819 853 3876; x_wconf 87' lang='lat' dir='ltr'><strong>ostendit</strong></span> <span class='ocrx_word' id='word_1_300' title='bbox 875 3833 997 3888; x_wconf 86' lang='lat' dir='ltr'><strong>erga</strong></span> <span class='ocrx_word' id='word_1_301' title='bbox 1021 3818 1330 3888; x_wconf 86' lang='lat' dir='ltr'><strong>religionem</strong></span> <span class='ocrx_word' id='word_1_302' title='bbox 1354 3820 1610 3886; x_wconf 88' lang='lat' dir='ltr'><strong>studium,</strong></span> <span class='ocrx_word' id='word_1_303' title='bbox 1633 3821 2056 3891; x_wconf 89' lang='lat' dir='ltr'><strong>quandoquidem</strong></span> <span class='ocrx_word' id='word_1_304' title='bbox 2092 3831 2196 3874; x_wconf 81' lang='lat' dir='ltr'><strong>tam</strong></span> 
     </span>
    </p>
   </div>
   <div class='ocr_carea' id='block_1_40' title="bbox 619 3910 2199 3980">
    <p class='ocr_par' dir='ltr' id='par_1_40' title="bbox 619 3910 2199 3980">
     <span class='ocr_line' id='line_1_40' title="bbox 619 3910 2199 3980; baseline 0.001 -15"><span class='ocrx_word' id='word_1_305' title='bbox 619 3912 761 3966; x_wconf 88' lang='lat' dir='ltr'><strong>clara</strong></span> <span class='ocrx_word' id='word_1_306' title='bbox 782 3953 797 3977; x_wconf 94' lang='lat'><strong>,</strong></span> <span class='ocrx_word' id='word_1_307' title='bbox 830 3920 936 3965; x_wconf 89' lang='lat' dir='ltr'><strong>tam</strong></span> <span class='ocrx_word' id='word_1_308' title='bbox 964 3920 1164 3965; x_wconf 87' lang='lat' dir='ltr'><strong>remota</strong></span> <span class='ocrx_word' id='word_1_309' title='bbox 1206 3910 1372 3980; x_wconf 79' lang='lat' dir='ltr'><strong>patria</strong></span> <span class='ocrx_word' id='word_1_310' title='bbox 1413 3911 1629 3977; x_wconf 88' lang='lat' dir='ltr'><strong>relicta,</strong></span> <span class='ocrx_word' id='word_1_311' title='bbox 1661 3912 1749 3967; x_wconf 90' lang='lat' dir='ltr'><strong>hic</strong></span> <span class='ocrx_word' id='word_1_312' title='bbox 1793 3911 1959 3966; x_wconf 88' lang='lat' dir='ltr'><strong>voluit</strong></span> <span class='ocrx_word' id='word_1_313' title='bbox 1985 3912 2199 3966; x_wconf 88' lang='lat' dir='ltr'><strong>educari</strong></span> 
     </span>
    </p>
   </div>
   <div class='ocr_carea' id='block_1_41' title="bbox 621 3998 2199 4072">
    <p class='ocr_par' dir='ltr' id='par_1_41' title="bbox 621 3998 2199 4072">
     <span class='ocr_line' id='line_1_41' title="bbox 621 3998 2199 4072; baseline 0.001 -16"><span class='ocrx_word' id='word_1_314' title='bbox 621 4010 842 4072; x_wconf 85' lang='lat' dir='ltr'><strong>prapter</strong></span> <span class='ocrx_word' id='word_1_315' title='bbox 862 4001 1054 4072; x_wconf 90' lang='lat' dir='ltr'><strong>legem.</strong></span> <span class='ocrx_word' id='word_1_316' title='bbox 1103 3998 1238 4055; x_wconf 88' lang='lat' dir='ltr'><strong>Vide</strong></span> <span class='ocrx_word' id='word_1_317' title='bbox 1290 4002 1555 4071; x_wconf 90' lang='lat' dir='ltr'><strong>quomodo</strong></span> <span class='ocrx_word' id='word_1_318' title='bbox 1577 4001 1685 4071; x_wconf 89' lang='lat' dir='ltr'><strong>jam</strong></span> <span class='ocrx_word' id='word_1_319' title='bbox 1738 4002 1863 4056; x_wconf 90' lang='lat' dir='ltr'><strong>olim</strong></span> <span class='ocrx_word' id='word_1_320' title='bbox 1904 4003 1956 4056; x_wconf 92' lang='lat' dir='ltr'><strong>in</strong></span> <span class='ocrx_word' id='word_1_321' title='bbox 1996 4001 2199 4057; x_wconf 86' lang='lat' dir='ltr'><strong>honore</strong></span> 
     </span>
    </p>
   </div>
   <div class='ocr_carea' id='block_1_42' title="bbox 626 4091 2196 4163">
    <p class='ocr_par' dir='ltr' id='par_1_42' title="bbox 626 4091 2196 4163">
     <span class='ocr_line' id='line_1_42' title="bbox 626 4091 2196 4163; baseline -0.003 -14"><span class='ocrx_word' id='word_1_322' title='bbox 626 4092 859 4149; x_wconf 81' lang='lat' dir='ltr'><strong>habebat</strong></span> <span class='ocrx_word' id='word_1_323' title='bbox 887 4093 1080 4163; x_wconf 80' lang='lat' dir='ltr'><strong>legem.</strong></span> <span class='ocrx_word' id='word_1_324' title='bbox 1111 4091 1243 4146; x_wconf 91' lang='lat' dir='ltr'><strong>lllud</strong></span> <span class='ocrx_word' id='word_1_325' title='bbox 1268 4107 1395 4146; x_wconf 83' lang='lat' dir='ltr'><strong>vero</strong></span> <span class='ocrx_word' id='word_1_326' title='bbox 1426 4108 1530 4146; x_wconf 89' lang='lat' dir='ltr'><strong>non</strong></span> <span class='ocrx_word' id='word_1_327' title='bbox 1553 4093 1743 4156; x_wconf 91' lang='lat' dir='ltr'><strong>solum,</strong></span> <span class='ocrx_word' id='word_1_328' title='bbox 1773 4104 1826 4145; x_wconf 85' lang='lat' dir='ltr'><strong>ut</strong></span> <span class='ocrx_word' id='word_1_329' title='bbox 1853 4107 1969 4147; x_wconf 90' lang='lat' dir='ltr'><strong>sese</strong></span> <span class='ocrx_word' id='word_1_330' title='bbox 1992 4101 2196 4163; x_wconf 87' lang='lat' dir='ltr'><strong>purget,</strong></span> 
     </span>
    </p>
   </div>
   <div class='ocr_carea' id='block_1_43' title="bbox 620 4178 2199 4254">
    <p class='ocr_par' dir='ltr' id='par_1_43' title="bbox 620 4178 2199 4254">
     <span class='ocr_line' id='line_1_43' title="bbox 620 4178 2199 4254; baseline 0.001 -16"><span class='ocrx_word' id='word_1_331' title='bbox 620 4182 752 4239; x_wconf 89' lang='lat' dir='ltr'><strong>dicit</strong></span> <span class='ocrx_word' id='word_1_332' title='bbox 782 4184 919 4249; x_wconf 89' lang='lat' dir='ltr'><strong>illis;</strong></span> <span class='ocrx_word' id='word_1_333' title='bbox 952 4178 1045 4238; x_wconf 89' lang='lat' dir='ltr'><strong>sed</strong></span> <span class='ocrx_word' id='word_1_334' title='bbox 1070 4191 1130 4237; x_wconf 91' lang='lat' dir='ltr'><strong>ut</strong></span> <span class='ocrx_word' id='word_1_335' title='bbox 1154 4182 1402 4236; x_wconf 88' lang='lat' dir='ltr'><strong>ostendat</strong></span> <span class='ocrx_word' id='word_1_336' title='bbox 1426 4198 1483 4237; x_wconf 90' lang='lat' dir='ltr'><strong>se</strong></span> <span class='ocrx_word' id='word_1_337' title='bbox 1524 4197 1630 4236; x_wconf 91' lang='lat' dir='ltr'><strong>non</strong></span> <span class='ocrx_word' id='word_1_338' title='bbox 1663 4183 1892 4237; x_wconf 87' lang='lat' dir='ltr'><strong>humano</strong></span> <span class='ocrx_word' id='word_1_339' title='bbox 1921 4198 2087 4254; x_wconf 91' lang='lat' dir='ltr'><strong>scopo</strong></span> <span class='ocrx_word' id='word_1_340' title='bbox 2132 4183 2199 4239; x_wconf 91' lang='lat' dir='ltr'><strong>ad</strong></span> 
     </span>
    </p>
   </div>
   <div class='ocr_carea' id='block_1_44' title="bbox 623 4272 2198 4345">
    <p class='ocr_par' dir='ltr' id='par_1_44' title="bbox 623 4272 2198 4345">
     <span class='ocr_line' id='line_1_44' title="bbox 623 4272 2198 4345; baseline 0.001 -16"><span class='ocrx_word' id='word_1_341' title='bbox 623 4275 1055 4345; x_wconf 71' lang='lat' dir='ltr'><strong>praedicationem</strong></span> <span class='ocrx_word' id='word_1_342' title='bbox 1104 4274 1410 4339; x_wconf 83' lang='lat' dir='ltr'><strong>adductum,</strong></span> <span class='ocrx_word' id='word_1_343' title='bbox 1462 4272 1557 4328; x_wconf 89' lang='lat' dir='ltr'><strong>sed</strong></span> <span class='ocrx_word' id='word_1_344' title='bbox 1600 4274 1777 4328; x_wconf 90' lang='lat' dir='ltr'><strong>divina</strong></span> <span class='ocrx_word' id='word_1_345' title='bbox 1820 4275 2057 4331; x_wconf 84' lang='lat' dir='ltr'><strong>virtute:</strong></span> <span class='ocrx_word' id='word_1_346' title='bbox 2090 4292 2198 4331; x_wconf 92' lang='lat' dir='ltr'><strong>non</strong></span> 
     </span>
    </p>
   </div>
   <div class='ocr_carea' id='block_1_45' title="bbox 621 4362 2202 4438">
    <p class='ocr_par' dir='ltr' id='par_1_45' title="bbox 621 4362 2202 4438">
     <span class='ocr_line' id='line_1_45' title="bbox 621 4362 2202 4438; baseline 0.003 -20"><span class='ocrx_word' id='word_1_347' title='bbox 621 4365 766 4418; x_wconf 90' lang='lat' dir='ltr'><strong>enim</strong></span> <span class='ocrx_word' id='word_1_348' title='bbox 794 4364 872 4419; x_wconf 90' lang='lat' dir='ltr'><strong>sic</strong></span> <span class='ocrx_word' id='word_1_349' title='bbox 911 4362 1151 4418; x_wconf 88' lang='lat' dir='ltr'><strong>eruditus</strong></span> <span class='ocrx_word' id='word_1_350' title='bbox 1179 4372 1400 4432; x_wconf 89' lang='lat' dir='ltr'><strong>repente</strong></span> <span class='ocrx_word' id='word_1_351' title='bbox 1427 4362 1594 4417; x_wconf 89' lang='lat' dir='ltr'><strong>factus</strong></span> <span class='ocrx_word' id='word_1_352' title='bbox 1624 4373 1726 4419; x_wconf 87' lang='lat' dir='ltr'><strong>est.</strong></span> <span class='ocrx_word' id='word_1_353' title='bbox 1754 4364 1886 4419; x_wconf 91' lang='lat' dir='ltr'><strong>Nam</strong></span> <span class='ocrx_word' id='word_1_354' title='bbox 1917 4365 1962 4420; x_wconf 91' lang='lat' dir='ltr'><strong>si</strong></span> <span class='ocrx_word' id='word_1_355' title='bbox 1987 4382 2019 4421; x_wconf 93' lang='lat' dir='ltr'><strong>e</strong></span> <span class='ocrx_word' id='word_1_356' title='bbox 2044 4369 2202 4438; x_wconf 82' lang='lat' dir='ltr'><strong>vulgo</strong></span> 
     </span>
    </p>
   </div>
   <div class='ocr_carea' id='block_1_46' title="bbox 625 4453 2200 4523">
    <p class='ocr_par' dir='ltr' id='par_1_46' title="bbox 625 4453 2200 4523">
     <span class='ocr_line' id='line_1_46' title="bbox 625 4453 2200 4523; baseline 0.004 -16"><span class='ocrx_word' id='word_1_357' title='bbox 625 4454 831 4518; x_wconf 86' lang='lat' dir='ltr'><strong>fuisset,</strong></span> <span class='ocrx_word' id='word_1_358' title='bbox 878 4453 931 4508; x_wconf 92' lang='lat' dir='ltr'><strong>id</strong></span> <span class='ocrx_word' id='word_1_359' title='bbox 973 4454 1211 4508; x_wconf 89' lang='lat' dir='ltr'><strong>licuisset</strong></span> <span class='ocrx_word' id='word_1_360' title='bbox 1256 4454 1513 4523; x_wconf 89' lang='lat' dir='ltr'><strong>suspicari</strong></span> <span class='ocrx_word' id='word_1_361' title='bbox 1544 4472 1557 4509; x_wconf 91' lang='lat'><strong>:</strong></span> <span class='ocrx_word' id='word_1_362' title='bbox 1588 4456 1631 4508; x_wconf 88' lang='lat' dir='ltr'><strong>si</strong></span> <span class='ocrx_word' id='word_1_363' title='bbox 1659 4466 1833 4511; x_wconf 88' lang='lat' dir='ltr'><strong>autem</strong></span> <span class='ocrx_word' id='word_1_364' title='bbox 1864 4472 1930 4512; x_wconf 84' lang='lat' dir='ltr'><strong>ex</strong></span> <span class='ocrx_word' id='word_1_365' title='bbox 1976 4473 2200 4514; x_wconf 92' lang='lat' dir='ltr'><strong>numero</strong></span> 
     </span>
    </p>
   </div>
   <div class='ocr_carea' id='block_1_47' title="bbox 622 4546 2204 4617">
    <p class='ocr_par' dir='ltr' id='par_1_47' title="bbox 622 4546 2204 4617">
     <span class='ocr_line' id='line_1_47' title="bbox 622 4546 2204 4617; baseline 0.004 -16"><span class='ocrx_word' id='word_1_366' title='bbox 622 4560 808 4601; x_wconf 89' lang='lat' dir='ltr'><strong>eorum</strong></span> <span class='ocrx_word' id='word_1_367' title='bbox 834 4546 923 4617; x_wconf 89' lang='lat' dir='ltr'><strong>qui</strong></span> <span class='ocrx_word' id='word_1_368' title='bbox 949 4546 1179 4601; x_wconf 80' lang='lat' dir='ltr'><strong>maxime</strong></span> <span class='ocrx_word' id='word_1_369' title='bbox 1203 4547 1437 4600; x_wconf 87' lang='lat' dir='ltr'><strong>omnium</strong></span> <span class='ocrx_word' id='word_1_370' title='bbox 1470 4547 1569 4615; x_wconf 82' lang='lat' dir='ltr'><strong>legi</strong></span> <span class='ocrx_word' id='word_1_371' title='bbox 1602 4547 1889 4616; x_wconf 64' lang='lat' dir='ltr'><strong>haererent,</strong></span> <span class='ocrx_word' id='word_1_372' title='bbox 1943 4564 2049 4604; x_wconf 92' lang='lat' dir='ltr'><strong>non</strong></span> <span class='ocrx_word' id='word_1_373' title='bbox 2086 4560 2204 4607; x_wconf 90' lang='lat' dir='ltr'><strong>erat</strong></span> 
     </span>
    </p>
   </div>
   <div class='ocr_carea' id='block_1_48' title="bbox 625 4638 2205 4709">
    <p class='ocr_par' dir='ltr' id='par_1_48' title="bbox 625 4638 2205 4709">
     <span class='ocr_line' id='line_1_48' title="bbox 625 4638 2205 4709; baseline 0.003 -17"><span class='ocrx_word' id='word_1_374' title='bbox 625 4638 916 4693; x_wconf 87' lang='lat' dir='ltr'><strong>verisimile</strong></span> <span class='ocrx_word' id='word_1_375' title='bbox 946 4638 1091 4692; x_wconf 92' lang='lat' dir='ltr'><strong>illum</strong></span> <span class='ocrx_word' id='word_1_376' title='bbox 1124 4639 1240 4692; x_wconf 89' lang='lat' dir='ltr'><strong>sine</strong></span> <span class='ocrx_word' id='word_1_377' title='bbox 1286 4652 1446 4692; x_wconf 88' lang='lat' dir='ltr'><strong>causa</strong></span> <span class='ocrx_word' id='word_1_378' title='bbox 1473 4648 1527 4693; x_wconf 89' lang='lat' dir='ltr'><strong>et</strong></span> <span class='ocrx_word' id='word_1_379' title='bbox 1557 4639 1698 4693; x_wconf 87' lang='lat' dir='ltr'><strong>nulla</strong></span> <span class='ocrx_word' id='word_1_380' title='bbox 1728 4650 1947 4709; x_wconf 90' lang='lat' dir='ltr'><strong>urgente</strong></span> <span class='ocrx_word' id='word_1_381' title='bbox 1973 4642 2205 4697; x_wconf 86' lang='lat' dir='ltr'><strong>necessi-</strong></span> 
     </span>
    </p>
   </div>
   <div class='ocr_carea' id='block_1_49' title="bbox 625 4728 2200 4801">
    <p class='ocr_par' dir='ltr' id='par_1_49' title="bbox 625 4728 2200 4801">
     <span class='ocr_line' id='line_1_49' title="bbox 625 4728 2200 4801; baseline 0.004 -18"><span class='ocrx_word' id='word_1_382' title='bbox 625 4738 734 4785; x_wconf 85' lang='lat' dir='ltr'><strong>tate</strong></span> <span class='ocrx_word' id='word_1_383' title='bbox 759 4738 1017 4784; x_wconf 89' lang='lat' dir='ltr'><strong>mutatum</strong></span> <span class='ocrx_word' id='word_1_384' title='bbox 1068 4728 1249 4784; x_wconf 79' lang='lat' dir='ltr'><strong>fuisse.</strong></span> <span class='ocrx_word' id='word_1_385' title='bbox 1280 4729 1348 4783; x_wconf 85' lang='lat' dir='ltr'><strong>At</strong></span> <span class='ocrx_word' id='word_1_386' title='bbox 1397 4729 1623 4784; x_wconf 78' lang='lat' dir='ltr'><strong>fortasse</strong></span> <span class='ocrx_word' id='word_1_387' title='bbox 1664 4728 1858 4785; x_wconf 83' lang='lat' dir='ltr'><strong>dixerit</strong></span> <span class='ocrx_word' id='word_1_388' title='bbox 1901 4733 2200 4801; x_wconf 82' lang='lat' dir='ltr'><strong>quispiam:</strong></span> 
     </span>
    </p>
   </div>
   <div class='ocr_carea' id='block_1_50' title="bbox 626 4820 2201 4893">
    <p class='ocr_par' dir='ltr' id='par_1_50' title="bbox 626 4820 2201 4893">
     <span class='ocr_line' id='line_1_50' title="bbox 626 4820 2201 4893; baseline -0.001 -15"><span class='ocrx_word' id='word_1_389' title='bbox 626 4822 768 4879; x_wconf 83' lang='lat' dir='ltr'><strong>Nihil</strong></span> <span class='ocrx_word' id='word_1_390' title='bbox 788 4822 854 4878; x_wconf 90' lang='lat' dir='ltr'><strong>ad</strong></span> <span class='ocrx_word' id='word_1_391' title='bbox 878 4838 991 4879; x_wconf 93' lang='lat' dir='ltr'><strong>rem</strong></span> <span class='ocrx_word' id='word_1_392' title='bbox 1011 4822 1152 4888; x_wconf 89' lang='lat' dir='ltr'><strong>facit,</strong></span> <span class='ocrx_word' id='word_1_393' title='bbox 1170 4821 1308 4893; x_wconf 90' lang='lat' dir='ltr'><strong>quod</strong></span> <span class='ocrx_word' id='word_1_394' title='bbox 1331 4820 1485 4875; x_wconf 91' lang='lat' dir='ltr'><strong>isthic</strong></span> <span class='ocrx_word' id='word_1_395' title='bbox 1497 4820 1754 4877; x_wconf 87' lang='lat' dir='ltr'><strong>educatus</strong></span> <span class='ocrx_word' id='word_1_396' title='bbox 1775 4823 1871 4879; x_wconf 89' lang='lat' dir='ltr'><strong>sit:</strong></span> <span class='ocrx_word' id='word_1_397' title='bbox 1894 4824 2017 4893; x_wconf 90' lang='lat' dir='ltr'><strong>quid</strong></span> <span class='ocrx_word' id='word_1_398' title='bbox 2036 4824 2201 4892; x_wconf 89' lang='lat' dir='ltr'><strong>enim,</strong></span> 
     </span>
    </p>
   </div>
   <div class='ocr_carea' id='block_1_51' title="bbox 624 4913 2205 4986">
    <p class='ocr_par' dir='ltr' id='par_1_51' title="bbox 624 4913 2205 4986">
     <span class='ocr_line' id='line_1_51' title="bbox 624 4913 2205 4986; baseline 0.001 -18"><span class='ocrx_word' id='word_1_399' title='bbox 624 4916 671 4969; x_wconf 84' lang='lat' dir='ltr'><strong>si</strong></span> <span class='ocrx_word' id='word_1_400' title='bbox 700 4914 771 4969; x_wconf 91' lang='lat' dir='ltr'><strong>ob</strong></span> <span class='ocrx_word' id='word_1_401' title='bbox 792 4913 1204 4986; x_wconf 86' lang='lat' dir='ltr'><strong>negotiationem</strong></span> <span class='ocrx_word' id='word_1_402' title='bbox 1232 4913 1313 4968; x_wconf 89' lang='lat' dir='ltr'><strong>vel</strong></span> <span class='ocrx_word' id='word_1_403' title='bbox 1339 4913 1496 4967; x_wconf 87' lang='lat' dir='ltr'><strong>aliam</strong></span> <span class='ocrx_word' id='word_1_404' title='bbox 1518 4928 1733 4968; x_wconf 85' lang='lat' dir='ltr'><strong>causam</strong></span> <span class='ocrx_word' id='word_1_405' title='bbox 1762 4914 1865 4968; x_wconf 89' lang='lat' dir='ltr'><strong>huc</strong></span> <span class='ocrx_word' id='word_1_406' title='bbox 1885 4916 2108 4970; x_wconf 88' lang='lat' dir='ltr'><strong>venisti?</strong></span> <span class='ocrx_word' id='word_1_407' title='bbox 2126 4916 2205 4971; x_wconf 90' lang='lat' dir='ltr'><strong>Ne</strong></span> 
     </span>
    </p>
   </div>
   <div class='ocr_carea' id='block_1_52' title="bbox 624 5002 2206 5076">
    <p class='ocr_par' dir='ltr' id='par_1_52' title="bbox 624 5002 2206 5076">
     <span class='ocr_line' id='line_1_52' title="bbox 624 5002 2206 5076; baseline 0.003 -18"><span class='ocrx_word' id='word_1_408' title='bbox 624 5004 677 5058; x_wconf 91' lang='lat' dir='ltr'><strong>id</strong></span> <span class='ocrx_word' id='word_1_409' title='bbox 708 5019 834 5076; x_wconf 90' lang='lat' dir='ltr'><strong>ergo</strong></span> <span class='ocrx_word' id='word_1_410' title='bbox 866 5014 1160 5074; x_wconf 87' lang='lat' dir='ltr'><strong>putaretur,</strong></span> <span class='ocrx_word' id='word_1_411' title='bbox 1208 5002 1432 5068; x_wconf 88' lang='lat' dir='ltr'><strong>addidit,</strong></span> <span class='ocrx_word' id='word_1_412' title='bbox 1463 5002 1545 5057; x_wconf 81' lang='lat' dir='ltr'><strong>Ad</strong></span> <span class='ocrx_word' id='word_1_413' title='bbox 1571 5004 1723 5073; x_wconf 82' lang='lat' dir='ltr'><strong>pedes</strong></span> <span class='ocrx_word' id='word_1_414' title='bbox 1753 5003 2069 5060; x_wconf 79' lang='lat' dir='ltr'><strong>Gamalielis.</strong></span> <span class='ocrx_word' id='word_1_415' title='bbox 2097 5006 2206 5062; x_wconf 83' lang='lat' dir='ltr'><strong>Nec</strong></span> 
     </span>
    </p>
   </div>
   <div class='ocr_carea' id='block_1_53' title="bbox 624 5093 2206 5167">
    <p class='ocr_par' dir='ltr' id='par_1_53' title="bbox 624 5093 2206 5167">
     <span class='ocr_line' id='line_1_53' title="bbox 624 5093 2206 5167; baseline 0.001 -19"><span class='ocrx_word' id='word_1_416' title='bbox 624 5097 796 5149; x_wconf 85' lang='lat' dir='ltr'><strong>solum</strong></span> <span class='ocrx_word' id='word_1_417' title='bbox 823 5096 978 5162; x_wconf 75' lang='lat' dir='ltr'><strong>dixit,</strong></span> <span class='ocrx_word' id='word_1_418' title='bbox 1018 5095 1155 5165; x_wconf 87' lang='lat' dir='ltr'><strong>apud</strong></span> <span class='ocrx_word' id='word_1_419' title='bbox 1184 5093 1554 5157; x_wconf 86' lang='lat' dir='ltr'><strong>Gamalielem,</strong></span> <span class='ocrx_word' id='word_1_420' title='bbox 1587 5095 1704 5161; x_wconf 90' lang='lat' dir='ltr'><strong>sed,</strong></span> <span class='ocrx_word' id='word_1_421' title='bbox 1738 5095 1819 5149; x_wconf 84' lang='lat' dir='ltr'><strong>Ad</strong></span> <span class='ocrx_word' id='word_1_422' title='bbox 1847 5097 1996 5167; x_wconf 84' lang='lat' dir='ltr'><strong>pedes</strong></span> <span class='ocrx_word' id='word_1_423' title='bbox 2017 5097 2206 5152; x_wconf 80' lang='lat' dir='ltr'><strong>Gama-</strong></span> 
     </span>
    </p>
   </div>
   <div class='ocr_carea' id='block_1_54' title="bbox 627 5183 2207 5255">
    <p class='ocr_par' dir='ltr' id='par_1_54' title="bbox 627 5183 2207 5255">
     <span class='ocr_line' id='line_1_54' title="bbox 627 5183 2207 5255; baseline 0.004 -17"><span class='ocrx_word' id='word_1_424' title='bbox 627 5183 757 5239; x_wconf 85' lang='lat' dir='ltr'><strong>lielis</strong></span> <span class='ocrx_word' id='word_1_425' title='bbox 785 5200 805 5239; x_wconf 90' lang='lat'><strong><em>:</em></strong></span> <span class='ocrx_word' id='word_1_426' title='bbox 833 5188 1319 5255; x_wconf 86' lang='lat' dir='ltr'><strong>perseverantiam,</strong></span> <span class='ocrx_word' id='word_1_427' title='bbox 1371 5185 1778 5254; x_wconf 80' lang='lat' dir='ltr'><strong>aSsiduitatem,</strong></span> <span class='ocrx_word' id='word_1_428' title='bbox 1832 5190 2065 5245; x_wconf 89' lang='lat' dir='ltr'><strong>studium</strong></span> <span class='ocrx_word' id='word_1_429' title='bbox 2113 5206 2207 5245; x_wconf 86' lang='lat' dir='ltr'><strong>au-</strong></span> 
     </span>
    </p>
   </div>
   <div class='ocr_carea' id='block_1_55' title="bbox 628 5276 2205 5348">
    <p class='ocr_par' dir='ltr' id='par_1_55' title="bbox 628 5276 2205 5348">
     <span class='ocr_line' id='line_1_55' title="bbox 628 5276 2205 5348; baseline 0.004 -19"><span class='ocrx_word' id='word_1_430' title='bbox 628 5276 811 5330; x_wconf 89' lang='lat' dir='ltr'><strong>diendi</strong></span> <span class='ocrx_word' id='word_1_431' title='bbox 834 5277 1136 5344; x_wconf 88' lang='lat' dir='ltr'><strong>declarans,</strong></span> <span class='ocrx_word' id='word_1_432' title='bbox 1181 5287 1236 5332; x_wconf 91' lang='lat' dir='ltr'><strong>et</strong></span> <span class='ocrx_word' id='word_1_433' title='bbox 1285 5278 1506 5332; x_wconf 88' lang='lat' dir='ltr'><strong>multam</strong></span> <span class='ocrx_word' id='word_1_434' title='bbox 1535 5293 1661 5348; x_wconf 90' lang='lat' dir='ltr'><strong>erga</strong></span> <span class='ocrx_word' id='word_1_435' title='bbox 1686 5279 1856 5334; x_wconf 86' lang='lat' dir='ltr'><strong>virum</strong></span> <span class='ocrx_word' id='word_1_436' title='bbox 1884 5280 2027 5335; x_wconf 90' lang='lat' dir='ltr'><strong>illum</strong></span> <span class='ocrx_word' id='word_1_437' title='bbox 2054 5297 2205 5336; x_wconf 85' lang='lat' dir='ltr'><strong>reve-</strong></span> 
     </span>
    </p>
   </div>
   <div class='ocr_carea' id='block_1_56' title="bbox 628 5362 2206 5442">
    <p class='ocr_par' dir='ltr' id='par_1_56' title="bbox 628 5362 2206 5442">
     <span class='ocr_line' id='line_1_56' title="bbox 628 5362 2206 5442; baseline 0.002 -20"><span class='ocrx_word' id='word_1_438' title='bbox 628 5368 875 5422; x_wconf 88' lang='lat' dir='ltr'><strong>rentiam.</strong></span> <span class='ocrx_word' id='word_1_439' title='bbox 909 5362 1152 5421; x_wconf 80' lang='lat' dir='ltr'><strong>Eruditus</strong></span> <span class='ocrx_word' id='word_1_440' title='bbox 1171 5370 1445 5423; x_wconf 88' lang='lat' dir='ltr'><strong>secundum</strong></span> <span class='ocrx_word' id='word_1_441' title='bbox 1465 5371 1832 5425; x_wconf 86' lang='lat' dir='ltr'><strong>accurationcm</strong></span> <span class='ocrx_word' id='word_1_442' title='bbox 1853 5372 2032 5442; x_wconf 75' lang='lat' dir='ltr'><strong>patria:</strong></span> <span class='ocrx_word' id='word_1_443' title='bbox 2048 5373 2206 5440; x_wconf 87' lang='lat' dir='ltr'><strong>legis;</strong></span> 
     </span>
    </p>
   </div>
   <div class='ocr_carea' id='block_1_57' title="bbox 630 5457 2208 5530">
    <p class='ocr_par' dir='ltr' id='par_1_57' title="bbox 630 5457 2208 5530">
     <span class='ocr_line' id='line_1_57' title="bbox 630 5457 2208 5530; baseline 0.001 -16"><span class='ocrx_word' id='word_1_444' title='bbox 630 5472 737 5514; x_wconf 88' lang='lat' dir='ltr'><strong>non</strong></span> <span class='ocrx_word' id='word_1_445' title='bbox 764 5457 1075 5526; x_wconf 81' lang='lat' dir='ltr'><strong>simpliciter</strong></span> <span class='ocrx_word' id='word_1_446' title='bbox 1101 5459 1250 5527; x_wconf 77' lang='lat' dir='ltr'><strong>legis,</strong></span> <span class='ocrx_word' id='word_1_447' title='bbox 1275 5458 1387 5521; x_wconf 88' lang='lat' dir='ltr'><strong>sed,</strong></span> <span class='ocrx_word' id='word_1_448' title='bbox 1414 5458 1480 5512; x_wconf 89' lang='lat' dir='ltr'><strong>Et</strong></span> <span class='ocrx_word' id='word_1_449' title='bbox 1504 5460 1699 5529; x_wconf 71' lang='lat' dir='ltr'><strong>patriar,</strong></span> <span class='ocrx_word' id='word_1_450' title='bbox 1723 5462 1975 5530; x_wconf 87' lang='lat' dir='ltr'><strong>adjiciens</strong></span> <span class='ocrx_word' id='word_1_451' title='bbox 1996 5480 2010 5517; x_wconf 89' lang='lat'><strong>:</strong></span> <span class='ocrx_word' id='word_1_452' title='bbox 2032 5473 2208 5516; x_wconf 68' lang='lat' dir='ltr'><strong>osten~</strong></span> 
     </span>
    </p>
   </div>
   <div class='ocr_carea' id='block_1_58' title="bbox 635 5547 2203 5624">
    <p class='ocr_par' dir='ltr' id='par_1_58' title="bbox 635 5547 2203 5624">
     <span class='ocr_line' id='line_1_58' title="bbox 635 5547 2203 5624; baseline 0.005 -23"><span class='ocrx_word' id='word_1_453' title='bbox 635 5550 763 5607; x_wconf 73' lang='lat' dir='ltr'><strong>dens</strong></span> <span class='ocrx_word' id='word_1_454' title='bbox 780 5563 838 5603; x_wconf 89' lang='lat' dir='ltr'><strong>se</strong></span> <span class='ocrx_word' id='word_1_455' title='bbox 862 5547 985 5601; x_wconf 85' lang='lat' dir='ltr'><strong>olim</strong></span> <span class='ocrx_word' id='word_1_456' title='bbox 1013 5548 1168 5601; x_wconf 84' lang='lat' dir='ltr'><strong>talem</strong></span> <span class='ocrx_word' id='word_1_457' title='bbox 1190 5548 1372 5615; x_wconf 83' lang='lat' dir='ltr'><strong>fuisse,</strong></span> <span class='ocrx_word' id='word_1_458' title='bbox 1397 5564 1494 5605; x_wconf 85' lang='lat' dir='ltr'><strong>nec</strong></span> <span class='ocrx_word' id='word_1_459' title='bbox 1519 5550 1831 5621; x_wconf 86' lang='lat' dir='ltr'><strong>simpliciter</strong></span> <span class='ocrx_word' id='word_1_460' title='bbox 1851 5554 1987 5609; x_wconf 85' lang='lat' dir='ltr'><strong>scire</strong></span> <span class='ocrx_word' id='word_1_461' title='bbox 2015 5554 2203 5624; x_wconf 82' lang='lat' dir='ltr'><strong>legem.</strong></span> 
     </span>
    </p>
   </div>
   <div class='ocr_carea' id='block_1_59' title="bbox 694 5722 2198 5787">
    <p class='ocr_par' dir='ltr' id='par_1_59' title="bbox 694 5722 2198 5787">
     <span class='ocr_line' id='line_1_59' title="bbox 694 5722 2198 5787; baseline -0.001 -8"><span class='ocrx_word' id='word_1_462' title='bbox 694 5728 851 5783; x_wconf 69' lang='grc' dir='ltr'><strong>ιιιωα.</strong></span> <span class='ocrx_word' id='word_1_463' title='bbox 865 5728 1161 5787; x_wconf 71' lang='lat' dir='ltr'><strong>permittente</strong></span> <span class='ocrx_word' id='word_1_464' title='bbox 1176 5731 1331 5774; x_wconf 83' lang='lat' dir='ltr'><strong>autem</strong></span> <span class='ocrx_word' id='word_1_465' title='bbox 1348 5722 1447 5785; x_wconf 82' lang='lat' dir='ltr'><strong>illo,</strong></span> <span class='ocrx_word' id='word_1_466' title='bbox 1476 5724 1670 5787; x_wconf 81' lang='lat' dir='ltr'><strong>Paulus,</strong></span> <span class='ocrx_word' id='word_1_467' title='bbox 1694 5729 1871 5779; x_wconf 82' lang='lat' dir='ltr'><strong>desunt</strong></span> <span class='ocrx_word' id='word_1_468' title='bbox 1892 5736 1942 5779; x_wconf 91' lang='lat' dir='ltr'><strong>tn</strong></span> <span class='ocrx_word' id='word_1_469' title='bbox 1966 5742 2061 5779; x_wconf 91' lang='lat' dir='ltr'><strong>uno</strong></span> <span class='ocrx_word' id='word_1_470' title='bbox 2084 5727 2198 5779; x_wconf 84' lang='lat' dir='ltr'><strong>Cod.</strong></span> 
     </span>
    </p>
   </div>
   <div class='ocr_carea' id='block_1_60' title="bbox 1356 302 3830 368">
    <p class='ocr_par' dir='ltr' id='par_1_60' title="bbox 1356 302 3830 368">
     <span class='ocr_line' id='line_1_60' title="bbox 1356 302 3830 368; baseline -0.004 -3"><span class='ocrx_word' id='word_1_471' title='bbox 1356 307 1414 365; x_wconf 86' lang='lat' dir='ltr'><strong>S.</strong></span> <span class='ocrx_word' id='word_1_472' title='bbox 1450 307 1719 364; x_wconf 79' lang='lat' dir='ltr'><strong>JOANNIS</strong></span> <span class='ocrx_word' id='word_1_473' title='bbox 1746 302 2213 363; x_wconf 77' lang='lat' dir='ltr'><strong>CllRYSOSTOMl</strong></span> <span class='ocrx_word' id='word_1_474' title='bbox 2252 302 2565 359; x_wconf 78' lang='lat' dir='ltr'><strong>ARClIlEP.</strong></span> <span class='ocrx_word' id='word_1_475' title='bbox 2607 303 3131 363; x_wconf 78' lang='lat' dir='ltr'><strong>CONSTANTINOP.</strong></span> <span class='ocrx_word' id='word_1_476' title='bbox 3748 310 3830 368; x_wconf 56' lang='grc' dir='ltr'><strong>διὲξ</strong></span> 
     </span>
    </p>
   </div>
   <div class='ocr_carea' id='block_1_61' title="bbox 2301 417 3830 491">
    <p class='ocr_par' dir='ltr' id='par_1_61' title="bbox 2301 417 3830 491">
     <span class='ocr_line' id='line_1_61' title="bbox 2301 417 3830 491; baseline 0.004 -18"><span class='ocrx_word' id='word_1_477' title='bbox 2301 417 2428 473; x_wconf 82' lang='lat' dir='ltr'><strong>llaec</strong></span> <span class='ocrx_word' id='word_1_478' title='bbox 2457 433 2585 474; x_wconf 88' lang='lat' dir='ltr'><strong>vero</strong></span> <span class='ocrx_word' id='word_1_479' title='bbox 2610 419 2859 475; x_wconf 90' lang='lat' dir='ltr'><strong>videntur</strong></span> <span class='ocrx_word' id='word_1_480' title='bbox 2883 419 3097 489; x_wconf 90' lang='lat' dir='ltr'><strong>quidem</strong></span> <span class='ocrx_word' id='word_1_481' title='bbox 3124 435 3221 491; x_wconf 89' lang='lat' dir='ltr'><strong>pro</strong></span> <span class='ocrx_word' id='word_1_482' title='bbox 3250 420 3353 477; x_wconf 87' lang='lat' dir='ltr'><strong>illis</strong></span> <span class='ocrx_word' id='word_1_483' title='bbox 3389 420 3517 489; x_wconf 86' lang='lat' dir='ltr'><strong>dici,</strong></span> <span class='ocrx_word' id='word_1_484' title='bbox 3548 420 3635 479; x_wconf 87' lang='lat' dir='ltr'><strong>sed</strong></span> <span class='ocrx_word' id='word_1_485' title='bbox 3673 436 3830 479; x_wconf 73' lang='lat' dir='ltr'><strong>contra</strong></span> 
     </span>
    </p>
   </div>
   <div class='ocr_carea' id='block_1_62' title="bbox 2302 508 3829 588">
    <p class='ocr_par' dir='ltr' id='par_1_62' title="bbox 2302 508 3829 588">
     <span class='ocr_line' id='line_1_62' title="bbox 2302 508 3829 588; baseline 0.004 -25"><span class='ocrx_word' id='word_1_486' title='bbox 2302 508 2423 565; x_wconf 89' lang='lat' dir='ltr'><strong>illos</strong></span> <span class='ocrx_word' id='word_1_487' title='bbox 2447 519 2591 576; x_wconf 90' lang='lat' dir='ltr'><strong>sunt,</strong></span> <span class='ocrx_word' id='word_1_488' title='bbox 2632 511 3057 583; x_wconf 88' lang='lat' dir='ltr'><strong>quandoquidem</strong></span> <span class='ocrx_word' id='word_1_489' title='bbox 3100 525 3154 569; x_wconf 92' lang='lat' dir='ltr'><strong>et</strong></span> <span class='ocrx_word' id='word_1_490' title='bbox 3206 514 3383 569; x_wconf 87' lang='lat' dir='ltr'><strong>sciens</strong></span> <span class='ocrx_word' id='word_1_491' title='bbox 3434 514 3580 571; x_wconf 90' lang='lat' dir='ltr'><strong>illum</strong></span> <span class='ocrx_word' id='word_1_492' title='bbox 3627 518 3829 588; x_wconf 84' lang='lat' dir='ltr'><strong>reliquit</strong></span> 
     </span>
    </p>
   </div>
   <div class='ocr_carea' id='block_1_63' title="bbox 2306 599 3830 679">
    <p class='ocr_par' dir='ltr' id='par_1_63' title="bbox 2306 599 3830 679">
     <span class='ocr_line' id='line_1_63' title="bbox 2306 599 3830 679; baseline 0.007 -25"><span class='ocrx_word' id='word_1_493' title='bbox 2306 599 2506 656; x_wconf 89' lang='lat' dir='ltr'><strong>Deinde</strong></span> <span class='ocrx_word' id='word_1_494' title='bbox 2533 616 2602 657; x_wconf 91' lang='lat' dir='ltr'><strong>ne</strong></span> <span class='ocrx_word' id='word_1_495' title='bbox 2627 616 2839 657; x_wconf 89' lang='lat' dir='ltr'><strong>rursum</strong></span> <span class='ocrx_word' id='word_1_496' title='bbox 2869 603 2988 674; x_wconf 91' lang='lat' dir='ltr'><strong>quis</strong></span> <span class='ocrx_word' id='word_1_497' title='bbox 3016 603 3255 675; x_wconf 73' lang='lat' dir='ltr'><strong>obiiciat,</strong></span> <span class='ocrx_word' id='word_1_498' title='bbox 3283 605 3411 675; x_wconf 90' lang='lat' dir='ltr'><strong>quid</strong></span> <span class='ocrx_word' id='word_1_499' title='bbox 3433 621 3558 678; x_wconf 89' lang='lat' dir='ltr'><strong>ergo</strong></span> <span class='ocrx_word' id='word_1_500' title='bbox 3607 608 3648 663; x_wconf 89' lang='lat' dir='ltr'><strong>si</strong></span> <span class='ocrx_word' id='word_1_501' title='bbox 3689 608 3830 679; x_wconf 69' lang='lat' dir='ltr'><strong>legent</strong></span> 
     </span>
    </p>
   </div>
   <div class='ocr_carea' id='block_1_64' title="bbox 2300 692 3830 769">
    <p class='ocr_par' dir='ltr' id='par_1_64' title="bbox 2300 692 3830 769">
     <span class='ocr_line' id='line_1_64' title="bbox 2300 692 3830 769; baseline 0.01 -24"><span class='ocrx_word' id='word_1_502' title='bbox 2300 692 2512 763; x_wconf 88' lang='lat' dir='ltr'><strong>quidem</strong></span> <span class='ocrx_word' id='word_1_503' title='bbox 2559 704 2808 750; x_wconf 82' lang='lat' dir='ltr'><strong>accurate</strong></span> <span class='ocrx_word' id='word_1_504' title='bbox 2856 697 3018 763; x_wconf 88' lang='lat' dir='ltr'><strong>nosti,</strong></span> <span class='ocrx_word' id='word_1_505' title='bbox 3051 714 3222 769; x_wconf 86' lang='lat' dir='ltr'><strong>neque</strong></span> <span class='ocrx_word' id='word_1_506' title='bbox 3262 710 3436 756; x_wconf 89' lang='lat' dir='ltr'><strong>tamen</strong></span> <span class='ocrx_word' id='word_1_507' title='bbox 3466 701 3606 757; x_wconf 87' lang='lat' dir='ltr'><strong>illam</strong></span> <span class='ocrx_word' id='word_1_508' title='bbox 3627 703 3830 762; x_wconf 79' lang='lat' dir='ltr'><strong>vindicat</strong></span> 
     </span>
    </p>
   </div>
   <div class='ocr_carea' id='block_1_65' title="bbox 2303 786 3830 863">
    <p class='ocr_par' dir='ltr' id='par_1_65' title="bbox 2303 786 3830 863">
     <span class='ocr_line' id='line_1_65' title="bbox 2303 786 3830 863; baseline 0.007 -25"><span class='ocrx_word' id='word_1_509' title='bbox 2303 799 2477 854; x_wconf 91' lang='lat' dir='ltr'><strong>neque</strong></span> <span class='ocrx_word' id='word_1_510' title='bbox 2508 786 2694 841; x_wconf 83' lang='lat' dir='ltr'><strong>amas?</strong></span> <span class='ocrx_word' id='word_1_511' title='bbox 2737 786 3067 856; x_wconf 70' lang='lat' dir='ltr'><strong>AZ‘mulator,</strong></span> <span class='ocrx_word' id='word_1_512' title='bbox 3095 789 3286 860; x_wconf 90' lang='lat' dir='ltr'><strong>inquit,</strong></span> <span class='ocrx_word' id='word_1_513' title='bbox 3340 791 3503 863; x_wconf 85' lang='lat' dir='ltr'><strong>legis;</strong></span> <span class='ocrx_word' id='word_1_514' title='bbox 3536 793 3586 849; x_wconf 91' lang='lat' dir='ltr'><strong>id</strong></span> <span class='ocrx_word' id='word_1_515' title='bbox 3625 803 3721 860; x_wconf 89' lang='lat' dir='ltr'><strong>est,</strong></span> <span class='ocrx_word' id='word_1_516' title='bbox 3748 812 3830 849; x_wconf 86' lang='lat' dir='ltr'><strong>non</strong></span> 
     </span>
    </p>
   </div>
   <div class='ocr_carea' id='block_1_66' title="bbox 2301 876 3830 952">
    <p class='ocr_par' dir='ltr' id='par_1_66' title="bbox 2301 876 3830 952">
     <span class='ocr_line' id='line_1_66' title="bbox 2301 876 3830 952; baseline 0.009 -23"><span class='ocrx_word' id='word_1_517' title='bbox 2301 876 2462 931; x_wconf 91' lang='lat' dir='ltr'><strong>modo</strong></span> <span class='ocrx_word' id='word_1_518' title='bbox 2486 878 2681 945; x_wconf 90' lang='lat' dir='ltr'><strong>sciens,</strong></span> <span class='ocrx_word' id='word_1_519' title='bbox 2712 878 2805 934; x_wconf 91' lang='lat' dir='ltr'><strong>sed</strong></span> <span class='ocrx_word' id='word_1_520' title='bbox 2827 880 2984 934; x_wconf 88' lang='lat' dir='ltr'><strong>etiam</strong></span> <span class='ocrx_word' id='word_1_521' title='bbox 3022 896 3214 952; x_wconf 90' lang='lat' dir='ltr'><strong>magno</strong></span> <span class='ocrx_word' id='word_1_522' title='bbox 3235 897 3359 952; x_wconf 87' lang='lat' dir='ltr'><strong>erga</strong></span> <span class='ocrx_word' id='word_1_523' title='bbox 3400 883 3543 938; x_wconf 89' lang='lat' dir='ltr'><strong>illam</strong></span> <span class='ocrx_word' id='word_1_524' title='bbox 3580 885 3687 940; x_wconf 87' lang='lat' dir='ltr'><strong>zelo</strong></span> <span class='ocrx_word' id='word_1_525' title='bbox 3727 888 3830 941; x_wconf 38' lang='lat' dir='ltr'><strong>alle‘</strong></span> 
     </span>
    </p>
   </div>
   <div class='ocr_carea' id='block_1_67' title="bbox 2300 966 3830 1044">
    <p class='ocr_par' dir='ltr' id='par_1_67' title="bbox 2300 966 3830 1044">
     <span class='ocr_line' id='line_1_67' title="bbox 2300 966 3830 1044; baseline 0.007 -24"><span class='ocrx_word' id='word_1_526' title='bbox 2300 974 2437 1021; x_wconf 93' lang='lat' dir='ltr'><strong>ctus.</strong></span> <span class='ocrx_word' id='word_1_527' title='bbox 2472 966 2669 1021; x_wconf 86' lang='lat' dir='ltr'><strong>Deinde</strong></span> <span class='ocrx_word' id='word_1_528' title='bbox 2700 979 2971 1038; x_wconf 79' lang='lat' dir='ltr'><strong>p0stquam</strong></span> <span class='ocrx_word' id='word_1_529' title='bbox 2999 984 3186 1039; x_wconf 88' lang='lat' dir='ltr'><strong>magna</strong></span> <span class='ocrx_word' id='word_1_530' title='bbox 3206 971 3273 1027; x_wconf 91' lang='lat' dir='ltr'><strong>de</strong></span> <span class='ocrx_word' id='word_1_531' title='bbox 3288 987 3345 1027; x_wconf 90' lang='lat' dir='ltr'><strong>se</strong></span> <span class='ocrx_word' id='word_1_532' title='bbox 3363 974 3596 1027; x_wconf 88' lang='lat' dir='ltr'><strong>encomia</strong></span> <span class='ocrx_word' id='word_1_533' title='bbox 3622 977 3830 1044; x_wconf 81' lang='lat' dir='ltr'><strong>protulit,</strong></span> 
     </span>
    </p>
   </div>
   <div class='ocr_carea' id='block_1_68' title="bbox 2300 1056 3829 1130">
    <p class='ocr_par' dir='ltr' id='par_1_68' title="bbox 2300 1056 3829 1130">
     <span class='ocr_line' id='line_1_68' title="bbox 2300 1056 3829 1130; baseline 0.005 -21"><span class='ocrx_word' id='word_1_534' title='bbox 2300 1070 2636 1111; x_wconf 89' lang='lat' dir='ltr'><strong>communem</strong></span> <span class='ocrx_word' id='word_1_535' title='bbox 2677 1056 3112 1126; x_wconf 75' lang='lat' dir='ltr'><strong>jamsermonem</strong></span> <span class='ocrx_word' id='word_1_536' title='bbox 3143 1060 3366 1130; x_wconf 89' lang='lat' dir='ltr'><strong>profert,</strong></span> <span class='ocrx_word' id='word_1_537' title='bbox 3395 1063 3577 1119; x_wconf 87' lang='lat' dir='ltr'><strong>dicens</strong></span> <span class='ocrx_word' id='word_1_538' title='bbox 3606 1082 3617 1119; x_wconf 86' lang='lat'><strong>:</strong></span> <span class='ocrx_word' id='word_1_539' title='bbox 3648 1067 3783 1121; x_wconf 87' lang='lat' dir='ltr'><strong>Sicut</strong></span> <span class='ocrx_word' id='word_1_540' title='bbox 3802 1084 3829 1119; x_wconf 53' lang='lat' dir='ltr'><strong>ei</strong></span> 
     </span>
    </p>
   </div>
   <div class='ocr_carea' id='block_1_69' title="bbox 2300 1153 3830 1216">
    <p class='ocr_par' dir='ltr' id='par_1_69' title="bbox 2300 1153 3830 1216">
     <span class='ocr_line' id='line_1_69' title="bbox 2300 1153 3830 1216; baseline 0.007 -12"><span class='ocrx_word' id='word_1_541' title='bbox 2300 1165 2388 1205; x_wconf 91' lang='lat' dir='ltr'><strong>vos</strong></span> <span class='ocrx_word' id='word_1_542' title='bbox 2407 1167 2577 1206; x_wconf 87' lang='lat' dir='ltr'><strong>omnes</strong></span> <span class='ocrx_word' id='word_1_543' title='bbox 2606 1155 2721 1206; x_wconf 85' lang='lat' dir='ltr'><strong>estis</strong></span> <span class='ocrx_word' id='word_1_544' title='bbox 2742 1153 2909 1207; x_wconf 84' lang='lat' dir='ltr'><strong>hodie.</strong></span> <span class='ocrx_word' id='word_1_545' title='bbox 2938 1153 3181 1209; x_wconf 92' lang='lat' dir='ltr'><strong>Ostendit</strong></span> <span class='ocrx_word' id='word_1_546' title='bbox 3202 1156 3343 1210; x_wconf 91' lang='lat' dir='ltr'><strong>enim</strong></span> <span class='ocrx_word' id='word_1_547' title='bbox 3373 1157 3490 1212; x_wconf 90' lang='lat' dir='ltr'><strong>illos</strong></span> <span class='ocrx_word' id='word_1_548' title='bbox 3511 1175 3610 1213; x_wconf 93' lang='lat' dir='ltr'><strong>non</strong></span> <span class='ocrx_word' id='word_1_549' title='bbox 3632 1159 3830 1216; x_wconf 82' lang='lat' dir='ltr'><strong>humant</strong></span> 
     </span>
    </p>
   </div>
   <div class='ocr_carea' id='block_1_70' title="bbox 2301 1242 3814 1310">
    <p class='ocr_par' dir='ltr' id='par_1_70' title="bbox 2301 1242 3814 1310">
     <span class='ocr_line' id='line_1_70' title="bbox 2301 1242 3814 1310; baseline 0.008 -17"><span class='ocrx_word' id='word_1_550' title='bbox 2301 1253 2464 1310; x_wconf 89' lang='lat' dir='ltr'><strong>scopo</strong></span> <span class='ocrx_word' id='word_1_551' title='bbox 2502 1242 2601 1296; x_wconf 92' lang='lat' dir='ltr'><strong>hoc</strong></span> <span class='ocrx_word' id='word_1_552' title='bbox 2628 1242 2823 1309; x_wconf 87' lang='lat' dir='ltr'><strong>facere,</strong></span> <span class='ocrx_word' id='word_1_553' title='bbox 2868 1244 2960 1300; x_wconf 90' lang='lat' dir='ltr'><strong>sed</strong></span> <span class='ocrx_word' id='word_1_554' title='bbox 3002 1245 3119 1300; x_wconf 90' lang='lat' dir='ltr'><strong>zelo</strong></span> <span class='ocrx_word' id='word_1_555' title='bbox 3148 1246 3347 1301; x_wconf 87' lang='lat' dir='ltr'><strong>divino.</strong></span> <span class='ocrx_word' id='word_1_556' title='bbox 3396 1248 3506 1304; x_wconf 90' lang='lat' dir='ltr'><strong>Hoc</strong></span> <span class='ocrx_word' id='word_1_557' title='bbox 3551 1266 3671 1305; x_wconf 86' lang='lat' dir='ltr'><strong>vero</strong></span> <span class='ocrx_word' id='word_1_558' title='bbox 3697 1252 3814 1306; x_wconf 89' lang='lat' dir='ltr'><strong>dicit</strong></span> 
     </span>
    </p>
   </div>
   <div class='ocr_carea' id='block_1_71' title="bbox 2301 1334 3829 1412">
    <p class='ocr_par' dir='ltr' id='par_1_71' title="bbox 2301 1334 3829 1412">
     <span class='ocr_line' id='line_1_71' title="bbox 2301 1334 3829 1412; baseline 0.009 -26"><span class='ocrx_word' id='word_1_559' title='bbox 2301 1334 2521 1403; x_wconf 88' lang='lat' dir='ltr'><strong>gratiam</strong></span> <span class='ocrx_word' id='word_1_560' title='bbox 2549 1335 2757 1390; x_wconf 91' lang='lat' dir='ltr'><strong>illorum</strong></span> <span class='ocrx_word' id='word_1_561' title='bbox 2783 1347 3021 1407; x_wconf 85' lang='lat' dir='ltr'><strong>captans,</strong></span> <span class='ocrx_word' id='word_1_562' title='bbox 3051 1349 3104 1393; x_wconf 90' lang='lat' dir='ltr'><strong>et</strong></span> <span class='ocrx_word' id='word_1_563' title='bbox 3124 1354 3308 1393; x_wconf 90' lang='lat' dir='ltr'><strong>eorum</strong></span> <span class='ocrx_word' id='word_1_564' title='bbox 3337 1350 3565 1397; x_wconf 90' lang='lat' dir='ltr'><strong>mentem</strong></span> <span class='ocrx_word' id='word_1_565' title='bbox 3595 1358 3829 1412; x_wconf 73' lang='lat' dir='ltr'><strong>praeoccu</strong></span> 
     </span>
    </p>
   </div>
   <div class='ocr_carea' id='block_1_72' title="bbox 2303 1426 3830 1499">
    <p class='ocr_par' dir='ltr' id='par_1_72' title="bbox 2303 1426 3830 1499">
     <span class='ocr_line' id='line_1_72' title="bbox 2303 1426 3830 1499; baseline 0.009 -22"><span class='ocrx_word' id='word_1_566' title='bbox 2303 1438 2432 1492; x_wconf 88' lang='lat' dir='ltr'><strong>pans</strong></span> <span class='ocrx_word' id='word_1_567' title='bbox 2479 1441 2542 1481; x_wconf 90' lang='lat' dir='ltr'><strong>ac</strong></span> <span class='ocrx_word' id='word_1_568' title='bbox 2586 1426 2829 1483; x_wconf 90' lang='lat' dir='ltr'><strong>detinens</strong></span> <span class='ocrx_word' id='word_1_569' title='bbox 2855 1429 2907 1483; x_wconf 93' lang='lat' dir='ltr'><strong>in</strong></span> <span class='ocrx_word' id='word_1_570' title='bbox 2948 1430 3030 1492; x_wconf 92' lang='lat' dir='ltr'><strong>iis,</strong></span> <span class='ocrx_word' id='word_1_571' title='bbox 3075 1430 3344 1499; x_wconf 90' lang='lat' dir='ltr'><strong>inquibus</strong></span> <span class='ocrx_word' id='word_1_572' title='bbox 3373 1430 3503 1486; x_wconf 90' lang='lat' dir='ltr'><strong>nihil</strong></span> <span class='ocrx_word' id='word_1_573' title='bbox 3528 1432 3696 1488; x_wconf 88' lang='lat' dir='ltr'><strong>damni</strong></span> <span class='ocrx_word' id='word_1_574' title='bbox 3723 1447 3830 1491; x_wconf 85' lang='lat' dir='ltr'><strong>erat</strong></span> 
     </span>
    </p>
   </div>
   <div class='ocr_carea' id='block_1_73' title="bbox 2301 1513 3830 1598">
    <p class='ocr_par' dir='ltr' id='par_1_73' title="bbox 2301 1513 3830 1598">
     <span class='ocr_line' id='line_1_73' title="bbox 2301 1513 3830 1598; baseline 0.007 -29"><span class='ocrx_word' id='word_1_575' title='bbox 2301 1513 2490 1570; x_wconf 86' lang='lat' dir='ltr'><strong>Postea</strong></span> <span class='ocrx_word' id='word_1_576' title='bbox 2522 1516 2715 1571; x_wconf 90' lang='lat' dir='ltr'><strong>indicia</strong></span> <span class='ocrx_word' id='word_1_577' title='bbox 2748 1521 2968 1588; x_wconf 88' lang='lat' dir='ltr'><strong>profert,</strong></span> <span class='ocrx_word' id='word_1_578' title='bbox 2992 1519 3175 1575; x_wconf 89' lang='lat' dir='ltr'><strong>dicens</strong></span> <span class='ocrx_word' id='word_1_579' title='bbox 3205 1538 3219 1574; x_wconf 91' lang='lat'><strong>:</strong></span> <span class='ocrx_word' id='word_1_580' title='bbox 3250 1521 3304 1576; x_wconf 70' lang='lat'><strong>4.</strong></span> <span class='ocrx_word' id='word_1_581' title='bbox 3332 1522 3432 1589; x_wconf 84' lang='lat' dir='ltr'><strong>Qui</strong></span> <span class='ocrx_word' id='word_1_582' title='bbox 3451 1523 3576 1577; x_wconf 84' lang='lat' dir='ltr'><strong>hanc</strong></span> <span class='ocrx_word' id='word_1_583' title='bbox 3598 1526 3722 1579; x_wconf 84' lang='lat' dir='ltr'><strong>viam</strong></span> <span class='ocrx_word' id='word_1_584' title='bbox 3747 1546 3830 1598; x_wconf 82' lang='lat' dir='ltr'><strong>per</strong></span> 
     </span>
    </p>
   </div>
   <div class='ocr_carea' id='block_1_74' title="bbox 2300 1610 3830 1682">
    <p class='ocr_par' dir='ltr' id='par_1_74' title="bbox 2300 1610 3830 1682">
     <span class='ocr_line' id='line_1_74' title="bbox 2300 1610 3830 1682; baseline 0.009 -24"><span class='ocrx_word' id='word_1_585' title='bbox 2300 1617 2537 1676; x_wconf 84' lang='lat' dir='ltr'><strong>sequutus</strong></span> <span class='ocrx_word' id='word_1_586' title='bbox 2561 1624 2671 1661; x_wconf 88' lang='lat' dir='ltr'><strong>sum</strong></span> <span class='ocrx_word' id='word_1_587' title='bbox 2700 1625 2857 1678; x_wconf 88' lang='lat' dir='ltr'><strong>usque</strong></span> <span class='ocrx_word' id='word_1_588' title='bbox 2876 1610 2943 1661; x_wconf 90' lang='lat' dir='ltr'><strong>ad</strong></span> <span class='ocrx_word' id='word_1_589' title='bbox 2978 1621 3202 1677; x_wconf 89' lang='lat' dir='ltr'><strong>mortem,</strong></span> <span class='ocrx_word' id='word_1_590' title='bbox 3230 1612 3444 1682; x_wconf 86' lang='lat' dir='ltr'><strong>alligans</strong></span> <span class='ocrx_word' id='word_1_591' title='bbox 3485 1626 3529 1668; x_wconf 89' lang='lat' dir='ltr'><strong>et</strong></span> <span class='ocrx_word' id='word_1_592' title='bbox 3576 1620 3770 1671; x_wconf 84' lang='lat' dir='ltr'><strong>tradens</strong></span> <span class='ocrx_word' id='word_1_593' title='bbox 3810 1624 3830 1673; x_wconf 80' lang='lat' dir='ltr'><strong>i;</strong></span> 
     </span>
    </p>
   </div>
   <div class='ocr_carea' id='block_1_75' title="bbox 2300 1700 3830 1777">
    <p class='ocr_par' dir='ltr' id='par_1_75' title="bbox 2300 1700 3830 1777">
     <span class='ocr_line' id='line_1_75' title="bbox 2300 1700 3830 1777; baseline 0.008 -25"><span class='ocrx_word' id='word_1_594' title='bbox 2300 1700 2553 1754; x_wconf 87' lang='lat' dir='ltr'><strong>custodias</strong></span> <span class='ocrx_word' id='word_1_595' title='bbox 2602 1703 2732 1756; x_wconf 86' lang='lat' dir='ltr'><strong>viros</strong></span> <span class='ocrx_word' id='word_1_596' title='bbox 2773 1718 2833 1755; x_wconf 90' lang='lat' dir='ltr'><strong>ac</strong></span> <span class='ocrx_word' id='word_1_597' title='bbox 2876 1704 3129 1764; x_wconf 84' lang='lat' dir='ltr'><strong>mulieres,</strong></span> <span class='ocrx_word' id='word_1_598' title='bbox 3181 1705 3234 1759; x_wconf 83' lang='lat'><strong>5.</strong></span> <span class='ocrx_word' id='word_1_599' title='bbox 3274 1707 3401 1759; x_wconf 85' lang='lat' dir='ltr'><strong>sicut</strong></span> <span class='ocrx_word' id='word_1_600' title='bbox 3446 1709 3669 1777; x_wconf 85' lang='lat' dir='ltr'><strong>princeps</strong></span> <span class='ocrx_word' id='word_1_601' title='bbox 3693 1729 3830 1764; x_wconf 81' lang='lat' dir='ltr'><strong>sacer</strong></span> 
     </span>
    </p>
   </div>
   <div class='ocr_carea' id='block_1_76' title="bbox 2300 1790 3830 1870">
    <p class='ocr_par' dir='ltr' id='par_1_76' title="bbox 2300 1790 3830 1870">
     <span class='ocr_line' id='line_1_76' title="bbox 2300 1790 3830 1870; baseline 0.01 -26"><span class='ocrx_word' id='word_1_602' title='bbox 2300 1790 2474 1846; x_wconf 86' lang='lat' dir='ltr'><strong>dolum</strong></span> <span class='ocrx_word' id='word_1_603' title='bbox 2500 1793 2622 1846; x_wconf 84' lang='lat' dir='ltr'><strong>mihi</strong></span> <span class='ocrx_word' id='word_1_604' title='bbox 2648 1796 2981 1848; x_wconf 89' lang='lat' dir='ltr'><strong>testimonium</strong></span> <span class='ocrx_word' id='word_1_605' title='bbox 3008 1798 3194 1863; x_wconf 85' lang='lat' dir='ltr'><strong>reddit,</strong></span> <span class='ocrx_word' id='word_1_606' title='bbox 3218 1807 3263 1851; x_wconf 87' lang='lat' dir='ltr'><strong>et</strong></span> <span class='ocrx_word' id='word_1_607' title='bbox 3296 1815 3464 1854; x_wconf 87' lang='lat' dir='ltr'><strong>omnes</strong></span> <span class='ocrx_word' id='word_1_608' title='bbox 3491 1805 3698 1870; x_wconf 86' lang='lat' dir='ltr'><strong>majores</strong></span> <span class='ocrx_word' id='word_1_609' title='bbox 3719 1818 3830 1859; x_wconf 77' lang='lat' dir='ltr'><strong>nutu</strong></span> 
     </span>
    </p>
   </div>
   <div class='ocr_carea' id='block_1_77' title="bbox 2302 1880 3830 1952">
    <p class='ocr_par' dir='ltr' id='par_1_77' title="bbox 2302 1880 3830 1952">
     <span class='ocr_line' id='line_1_77' title="bbox 2302 1880 3830 1952; baseline 0.01 -15"><span class='ocrx_word' id='word_1_610' title='bbox 2302 1880 2369 1937; x_wconf 93' lang='lat' dir='ltr'><strong>Ut</strong></span> <span class='ocrx_word' id='word_1_611' title='bbox 2404 1898 2563 1938; x_wconf 92' lang='lat' dir='ltr'><strong>nemo</strong></span> <span class='ocrx_word' id='word_1_612' title='bbox 2589 1884 2751 1950; x_wconf 87' lang='lat' dir='ltr'><strong>dicat,</strong></span> <span class='ocrx_word' id='word_1_613' title='bbox 2786 1886 2853 1940; x_wconf 89' lang='lat' dir='ltr'><strong>Et</strong></span> <span class='ocrx_word' id='word_1_614' title='bbox 2882 1886 3018 1940; x_wconf 90' lang='lat' dir='ltr'><strong>unde</strong></span> <span class='ocrx_word' id='word_1_615' title='bbox 3051 1888 3151 1942; x_wconf 90' lang='lat' dir='ltr'><strong>hoc</strong></span> <span class='ocrx_word' id='word_1_616' title='bbox 3182 1891 3556 1947; x_wconf 88' lang='lat' dir='ltr'><strong>manifestum?</strong></span> <span class='ocrx_word' id='word_1_617' title='bbox 3582 1905 3736 1949; x_wconf 80' lang='lat' dir='ltr'><strong>testes</strong></span> <span class='ocrx_word' id='word_1_618' title='bbox 3767 1899 3830 1952; x_wconf 86' lang='lat' dir='ltr'><strong>ad</strong></span> 
     </span>
    </p>
   </div>
   <div class='ocr_carea' id='block_1_78' title="bbox 2299 1971 3829 2047">
    <p class='ocr_par' dir='ltr' id='par_1_78' title="bbox 2299 1971 3829 2047">
     <span class='ocr_line' id='line_1_78' title="bbox 2299 1971 3829 2047; baseline 0.01 -21"><span class='ocrx_word' id='word_1_619' title='bbox 2299 1971 2445 2027; x_wconf 92' lang='lat' dir='ltr'><strong>ducit</strong></span> <span class='ocrx_word' id='word_1_620' title='bbox 2471 1975 2761 2045; x_wconf 88' lang='lat' dir='ltr'><strong>principem</strong></span> <span class='ocrx_word' id='word_1_621' title='bbox 2790 1977 3125 2032; x_wconf 89' lang='lat' dir='ltr'><strong>sacerdotum</strong></span> <span class='ocrx_word' id='word_1_622' title='bbox 3150 1990 3205 2034; x_wconf 88' lang='lat' dir='ltr'><strong>et</strong></span> <span class='ocrx_word' id='word_1_623' title='bbox 3231 1981 3457 2047; x_wconf 84' lang='lat' dir='ltr'><strong>majores</strong></span> <span class='ocrx_word' id='word_1_624' title='bbox 3480 1993 3619 2038; x_wconf 88' lang='lat' dir='ltr'><strong>natu.</strong></span> <span class='ocrx_word' id='word_1_625' title='bbox 3649 1987 3713 2040; x_wconf 87' lang='lat' dir='ltr'><strong>Et</strong></span> <span class='ocrx_word' id='word_1_626' title='bbox 3735 1989 3829 2043; x_wconf 77' lang='lat' dir='ltr'><strong>dici</strong></span> 
     </span>
    </p>
   </div>
   <div class='ocr_carea' id='block_1_79' title="bbox 2300 2064 3830 2148">
    <p class='ocr_par' dir='ltr' id='par_1_79' title="bbox 2300 2064 3830 2148">
     <span class='ocr_line' id='line_1_79' title="bbox 2300 2064 3830 2148; baseline 0.012 -32"><span class='ocrx_word' id='word_1_627' title='bbox 2300 2064 2512 2134; x_wconf 87' lang='lat' dir='ltr'><strong>quidem</strong></span> <span class='ocrx_word' id='word_1_628' title='bbox 2541 2065 2867 2135; x_wconf 86' lang='lat' dir='ltr'><strong>demulcens,</strong></span> <span class='ocrx_word' id='word_1_629' title='bbox 2892 2068 2964 2122; x_wconf 70' lang='lat' dir='ltr'><em>1E</em></span> <span class='ocrx_word' id='word_1_630' title='bbox 2970 2070 3186 2124; x_wconf 84' lang='lat' dir='ltr'><strong>mulalor</strong></span> <span class='ocrx_word' id='word_1_631' title='bbox 3206 2073 3331 2127; x_wconf 90' lang='lat' dir='ltr'><strong>sicut</strong></span> <span class='ocrx_word' id='word_1_632' title='bbox 3360 2084 3406 2127; x_wconf 86' lang='lat' dir='ltr'><strong>et</strong></span> <span class='ocrx_word' id='word_1_633' title='bbox 3430 2092 3512 2129; x_wconf 86' lang='lat' dir='ltr'><strong>vos</strong></span> <span class='ocrx_word' id='word_1_634' title='bbox 3528 2093 3547 2142; x_wconf 91' lang='lat'><strong>;</strong></span> <span class='ocrx_word' id='word_1_635' title='bbox 3570 2078 3616 2131; x_wconf 90' lang='lat' dir='ltr'><strong>id</strong></span> <span class='ocrx_word' id='word_1_636' title='bbox 3642 2090 3738 2143; x_wconf 89' lang='lat' dir='ltr'><strong>est,</strong></span> <span class='ocrx_word' id='word_1_637' title='bbox 3773 2098 3830 2148; x_wconf 82' lang='lat' dir='ltr'><strong>pa</strong></span> 
     </span>
    </p>
   </div>
   <div class='ocr_carea' id='block_1_80' title="bbox 2301 2156 3829 2236">
    <p class='ocr_par' dir='ltr' id='par_1_80' title="bbox 2301 2156 3829 2236">
     <span class='ocr_line' id='line_1_80' title="bbox 2301 2156 3829 2236; baseline 0.012 -28"><span class='ocrx_word' id='word_1_638' title='bbox 2301 2156 2450 2211; x_wconf 87' lang='lat' dir='ltr'><strong>vobis</strong></span> <span class='ocrx_word' id='word_1_639' title='bbox 2484 2173 2498 2210; x_wconf 90' lang='lat'><strong>:</strong></span> <span class='ocrx_word' id='word_1_640' title='bbox 2525 2158 2756 2213; x_wconf 91' lang='lat' dir='ltr'><strong>ostendit</strong></span> <span class='ocrx_word' id='word_1_641' title='bbox 2792 2170 2967 2215; x_wconf 89' lang='lat' dir='ltr'><strong>autem</strong></span> <span class='ocrx_word' id='word_1_642' title='bbox 2998 2177 3092 2231; x_wconf 88' lang='lat' dir='ltr'><strong>per</strong></span> <span class='ocrx_word' id='word_1_643' title='bbox 3125 2179 3284 2232; x_wconf 78' lang='lat' dir='ltr'><strong>Opera</strong></span> <span class='ocrx_word' id='word_1_644' title='bbox 3328 2180 3387 2220; x_wconf 89' lang='lat' dir='ltr'><strong>se</strong></span> <span class='ocrx_word' id='word_1_645' title='bbox 3426 2166 3544 2221; x_wconf 87' lang='lat' dir='ltr'><strong>illos</strong></span> <span class='ocrx_word' id='word_1_646' title='bbox 3568 2183 3829 2236; x_wconf 66' lang='lat' dir='ltr'><strong>superasse</strong></span> 
     </span>
    </p>
   </div>
   <div class='ocr_carea' id='block_1_81' title="bbox 2300 2245 3830 2324">
    <p class='ocr_par' dir='ltr' id='par_1_81' title="bbox 2300 2245 3830 2324">
     <span class='ocr_line' id='line_1_81' title="bbox 2300 2245 3830 2324; baseline 0.012 -23"><span class='ocrx_word' id='word_1_647' title='bbox 2300 2245 2414 2301; x_wconf 88' lang='lat' dir='ltr'><strong>Non</strong></span> <span class='ocrx_word' id='word_1_648' title='bbox 2441 2248 2580 2301; x_wconf 89' lang='lat' dir='ltr'><strong>enim</strong></span> <span class='ocrx_word' id='word_1_649' title='bbox 2611 2265 2788 2305; x_wconf 87' lang='lat' dir='ltr'><strong>moras</strong></span> <span class='ocrx_word' id='word_1_650' title='bbox 2814 2250 3110 2317; x_wconf 85' lang='lat' dir='ltr'><strong>trahebam,</strong></span> <span class='ocrx_word' id='word_1_651' title='bbox 3132 2264 3188 2307; x_wconf 91' lang='lat' dir='ltr'><strong>ut</strong></span> <span class='ocrx_word' id='word_1_652' title='bbox 3212 2269 3477 2324; x_wconf 86' lang='lat' dir='ltr'><strong>caperem,</strong></span> <span class='ocrx_word' id='word_1_653' title='bbox 3500 2258 3591 2312; x_wconf 90' lang='lat' dir='ltr'><strong>sed</strong></span> <span class='ocrx_word' id='word_1_654' title='bbox 3619 2270 3673 2314; x_wconf 91' lang='lat' dir='ltr'><strong>et</strong></span> <span class='ocrx_word' id='word_1_655' title='bbox 3691 2275 3830 2318; x_wconf 74' lang='lat' dir='ltr'><strong>SaCct</strong></span> 
     </span>
    </p>
   </div>
   <div class='ocr_carea' id='block_1_82' title="bbox 2299 2336 3830 2417">
    <p class='ocr_par' dir='ltr' id='par_1_82' title="bbox 2299 2336 3830 2417">
     <span class='ocr_line' id='line_1_82' title="bbox 2299 2336 3830 2417; baseline 0.012 -28"><span class='ocrx_word' id='word_1_656' title='bbox 2299 2336 2452 2391; x_wconf 92' lang='lat' dir='ltr'><strong>dotes</strong></span> <span class='ocrx_word' id='word_1_657' title='bbox 2480 2338 2771 2393; x_wconf 86' lang='lat' dir='ltr'><strong>excitaham</strong></span> <span class='ocrx_word' id='word_1_658' title='bbox 2804 2349 2857 2395; x_wconf 91' lang='lat' dir='ltr'><strong>et</strong></span> <span class='ocrx_word' id='word_1_659' title='bbox 2906 2344 3359 2412; x_wconf 81' lang='lat' dir='ltr'><strong>peregrinationes</strong></span> <span class='ocrx_word' id='word_1_660' title='bbox 3387 2347 3773 2417; x_wconf 79' lang='lat' dir='ltr'><strong>suscipieham;</strong></span> <span class='ocrx_word' id='word_1_661' title='bbox 3816 2369 3830 2408; x_wconf 79' lang='grc' dir='ltr'>ε</span> 
     </span>
    </p>
   </div>
   <div class='ocr_carea' id='block_1_83' title="bbox 2302 2428 3829 2502">
    <p class='ocr_par' dir='ltr' id='par_1_83' title="bbox 2302 2428 3829 2502">
     <span class='ocr_line' id='line_1_83' title="bbox 2302 2428 3829 2502; baseline 0.01 -22"><span class='ocrx_word' id='word_1_662' title='bbox 2302 2441 2407 2481; x_wconf 91' lang='lat' dir='ltr'><strong>non</strong></span> <span class='ocrx_word' id='word_1_663' title='bbox 2452 2428 2594 2483; x_wconf 90' lang='lat' dir='ltr'><strong>viros</strong></span> <span class='ocrx_word' id='word_1_664' title='bbox 2640 2439 2843 2484; x_wconf 91' lang='lat' dir='ltr'><strong>tantum</strong></span> <span class='ocrx_word' id='word_1_665' title='bbox 2888 2434 3237 2502; x_wconf 87' lang='lat' dir='ltr'><strong>aggrediebar</strong></span> <span class='ocrx_word' id='word_1_666' title='bbox 3278 2437 3415 2491; x_wconf 91' lang='lat' dir='ltr'><strong>sicut</strong></span> <span class='ocrx_word' id='word_1_667' title='bbox 3439 2454 3553 2502; x_wconf 82' lang='lat' dir='ltr'><strong>vos,</strong></span> <span class='ocrx_word' id='word_1_668' title='bbox 3583 2441 3676 2494; x_wconf 88' lang='lat' dir='ltr'><strong>sed</strong></span> <span class='ocrx_word' id='word_1_669' title='bbox 3706 2444 3829 2496; x_wconf 84' lang='lat' dir='ltr'><strong>etiat</strong></span> 
     </span>
    </p>
   </div>
   <div class='ocr_carea' id='block_1_84' title="bbox 2300 2520 3830 2601">
    <p class='ocr_par' dir='ltr' id='par_1_84' title="bbox 2300 2520 3830 2601">
     <span class='ocr_line' id='line_1_84' title="bbox 2300 2520 3830 2601; baseline 0.011 -29"><span class='ocrx_word' id='word_1_670' title='bbox 2300 2520 2553 2576; x_wconf 88' lang='lat' dir='ltr'><strong>mulieres</strong></span> <span class='ocrx_word' id='word_1_671' title='bbox 2576 2538 2591 2588; x_wconf 93' lang='lat'><strong>;</strong></span> <span class='ocrx_word' id='word_1_672' title='bbox 2614 2531 2669 2576; x_wconf 91' lang='lat' dir='ltr'><strong>et</strong></span> <span class='ocrx_word' id='word_1_673' title='bbox 2691 2538 2876 2578; x_wconf 90' lang='lat' dir='ltr'><strong>omnes</strong></span> <span class='ocrx_word' id='word_1_674' title='bbox 2893 2526 3116 2595; x_wconf 87' lang='lat' dir='ltr'><strong>alligans</strong></span> <span class='ocrx_word' id='word_1_675' title='bbox 3137 2537 3190 2581; x_wconf 93' lang='lat' dir='ltr'><strong>et</strong></span> <span class='ocrx_word' id='word_1_676' title='bbox 3216 2528 3267 2581; x_wconf 91' lang='lat' dir='ltr'><strong>in</strong></span> <span class='ocrx_word' id='word_1_677' title='bbox 3294 2544 3535 2585; x_wconf 89' lang='lat' dir='ltr'><strong>carceres</strong></span> <span class='ocrx_word' id='word_1_678' title='bbox 3554 2533 3830 2601; x_wconf 74' lang='lat' dir='ltr'><strong>conjiciens</strong></span> 
     </span>
    </p>
   </div>
   <div class='ocr_carea' id='block_1_85' title="bbox 2302 2611 3829 2685">
    <p class='ocr_par' dir='ltr' id='par_1_85' title="bbox 2302 2611 3829 2685">
     <span class='ocr_line' id='line_1_85' title="bbox 2302 2611 3829 2685; baseline 0.01 -21"><span class='ocrx_word' id='word_1_679' title='bbox 2302 2611 2655 2668; x_wconf 86' lang='lat' dir='ltr'><strong>ludubitatnm</strong></span> <span class='ocrx_word' id='word_1_680' title='bbox 2683 2624 2765 2669; x_wconf 91' lang='lat' dir='ltr'><strong>est</strong></span> <span class='ocrx_word' id='word_1_681' title='bbox 2814 2616 2916 2670; x_wconf 90' lang='lat' dir='ltr'><strong>hoc</strong></span> <span class='ocrx_word' id='word_1_682' title='bbox 2968 2618 3351 2685; x_wconf 90' lang='lat' dir='ltr'><strong>testimonium,</strong></span> <span class='ocrx_word' id='word_1_683' title='bbox 3399 2622 3514 2676; x_wconf 90' lang='lat' dir='ltr'><strong>sine</strong></span> <span class='ocrx_word' id='word_1_684' title='bbox 3556 2623 3829 2680; x_wconf 87' lang='lat' dir='ltr'><strong>defension</strong></span> 
     </span>
    </p>
   </div>
   <div class='ocr_carea' id='block_1_86' title="bbox 2299 2707 3830 2781">
    <p class='ocr_par' dir='ltr' id='par_1_86' title="bbox 2299 2707 3830 2781">
     <span class='ocr_line' id='line_1_86' title="bbox 2299 2707 3830 2781; baseline 0.008 -20"><span class='ocrx_word' id='word_1_685' title='bbox 2299 2716 2424 2761; x_wconf 85' lang='lat' dir='ltr'><strong>sunt</strong></span> <span class='ocrx_word' id='word_1_686' title='bbox 2452 2722 2538 2763; x_wconf 88' lang='lat' dir='ltr'><strong>res</strong></span> <span class='ocrx_word' id='word_1_687' title='bbox 2563 2707 2887 2764; x_wconf 72' lang='lat' dir='ltr'><strong>Judreorum.</strong></span> <span class='ocrx_word' id='word_1_688' title='bbox 2912 2710 3043 2765; x_wconf 88' lang='lat' dir='ltr'><strong>Vide</strong></span> <span class='ocrx_word' id='word_1_689' title='bbox 3068 2722 3197 2781; x_wconf 90' lang='lat' dir='ltr'><strong>quot</strong></span> <span class='ocrx_word' id='word_1_690' title='bbox 3221 2722 3384 2769; x_wconf 90' lang='lat' dir='ltr'><strong>testes</strong></span> <span class='ocrx_word' id='word_1_691' title='bbox 3410 2716 3618 2771; x_wconf 84' lang='lat' dir='ltr'><strong>adducit</strong></span> <span class='ocrx_word' id='word_1_692' title='bbox 3647 2736 3660 2772; x_wconf 92' lang='lat'>:</span> <span class='ocrx_word' id='word_1_693' title='bbox 3689 2722 3830 2775; x_wconf 82' lang='lat' dir='ltr'><strong>senic</strong></span> 
     </span>
    </p>
   </div>
   <div class='ocr_carea' id='block_1_87' title="bbox 2300 2805 3683 2878">
    <p class='ocr_par' dir='ltr' id='par_1_87' title="bbox 2300 2805 3683 2878">
     <span class='ocr_line' id='line_1_87' title="bbox 2300 2805 3683 2878; baseline 0.004 -19"><span class='ocrx_word' id='word_1_694' title='bbox 2300 2820 2407 2871; x_wconf 90' lang='lat' dir='ltr'><strong>res,</strong></span> <span class='ocrx_word' id='word_1_695' title='bbox 2439 2805 2728 2875; x_wconf 87' lang='lat' dir='ltr'><strong>principem</strong></span> <span class='ocrx_word' id='word_1_696' title='bbox 2757 2805 3111 2872; x_wconf 88' lang='lat' dir='ltr'><strong>sacerdotum,</strong></span> <span class='ocrx_word' id='word_1_697' title='bbox 3143 2822 3237 2862; x_wconf 91' lang='lat' dir='ltr'><strong>eos</strong></span> <span class='ocrx_word' id='word_1_698' title='bbox 3266 2810 3353 2878; x_wconf 92' lang='lat' dir='ltr'><strong>qui</strong></span> <span class='ocrx_word' id='word_1_699' title='bbox 3383 2812 3432 2863; x_wconf 92' lang='lat' dir='ltr'><strong>in</strong></span> <span class='ocrx_word' id='word_1_700' title='bbox 3460 2813 3683 2867; x_wconf 80' lang='lat' dir='ltr'><strong>civitate.</strong></span> 
     </span>
    </p>
   </div>
   <div class='ocr_carea' id='block_1_88' title="bbox 2366 2894 3830 2965">
    <p class='ocr_par' dir='ltr' id='par_1_88' title="bbox 2366 2894 3830 2965">
     <span class='ocr_line' id='line_1_88' title="bbox 2366 2894 3830 2965; baseline 0.008 -17"><span class='ocrx_word' id='word_1_701' title='bbox 2366 2894 2423 2951; x_wconf 74' lang='grc'>2.</span> <span class='ocrx_word' id='word_1_702' title='bbox 2456 2895 2587 2950; x_wconf 90' lang='lat' dir='ltr'><strong>Vide</strong></span> <span class='ocrx_word' id='word_1_703' title='bbox 2614 2910 2787 2951; x_wconf 85' lang='lat' dir='ltr'><strong>autem</strong></span> <span class='ocrx_word' id='word_1_704' title='bbox 2813 2897 2927 2965; x_wconf 83' lang='lat' dir='ltr'><strong>ejus</strong></span> <span class='ocrx_word' id='word_1_705' title='bbox 2952 2907 3007 2952; x_wconf 90' lang='lat' dir='ltr'><strong>et</strong></span> <span class='ocrx_word' id='word_1_706' title='bbox 3033 2898 3395 2954; x_wconf 88' lang='lat' dir='ltr'><strong>defensionem</strong></span> <span class='ocrx_word' id='word_1_707' title='bbox 3425 2918 3528 2955; x_wconf 92' lang='lat' dir='ltr'><strong>non</strong></span> <span class='ocrx_word' id='word_1_708' title='bbox 3558 2918 3622 2957; x_wconf 85' lang='lat' dir='ltr'><strong>ex</strong></span> <span class='ocrx_word' id='word_1_709' title='bbox 3652 2905 3830 2961; x_wconf 77' lang='lat' dir='ltr'><strong>timort</strong></span> 
     </span>
    </p>
   </div>
   <div class='ocr_carea' id='block_1_89' title="bbox 2298 2984 3830 3055">
    <p class='ocr_par' dir='ltr' id='par_1_89' title="bbox 2298 2984 3830 3055">
     <span class='ocr_line' id='line_1_89' title="bbox 2298 2984 3830 3055; baseline 0.008 -17"><span class='ocrx_word' id='word_1_710' title='bbox 2298 2984 2393 3039; x_wconf 90' lang='lat' dir='ltr'><strong>sed</strong></span> <span class='ocrx_word' id='word_1_711' title='bbox 2426 2988 2598 3055; x_wconf 92' lang='lat' dir='ltr'><strong>potius</strong></span> <span class='ocrx_word' id='word_1_712' title='bbox 2626 2986 2745 3042; x_wconf 89' lang='lat' dir='ltr'><strong>vide</strong></span> <span class='ocrx_word' id='word_1_713' title='bbox 2773 2988 3051 3045; x_wconf 89' lang='lat' dir='ltr'><strong>docentem</strong></span> <span class='ocrx_word' id='word_1_714' title='bbox 3089 3000 3145 3045; x_wconf 91' lang='lat' dir='ltr'><strong>et</strong></span> <span class='ocrx_word' id='word_1_715' title='bbox 3183 2992 3568 3049; x_wconf 89' lang='lat' dir='ltr'><strong>instituentem.</strong></span> <span class='ocrx_word' id='word_1_716' title='bbox 3595 2995 3708 3050; x_wconf 84' lang='lat' dir='ltr'><strong>Nisi</strong></span> <span class='ocrx_word' id='word_1_717' title='bbox 3729 3004 3830 3051; x_wconf 73' lang='lat' dir='ltr'><strong>enin</strong></span> 
     </span>
    </p>
   </div>
   <div class='ocr_carea' id='block_1_90' title="bbox 2302 3079 3830 3148">
    <p class='ocr_par' dir='ltr' id='par_1_90' title="bbox 2302 3079 3830 3148">
     <span class='ocr_line' id='line_1_90' title="bbox 2302 3079 3830 3148; baseline 0.008 -17"><span class='ocrx_word' id='word_1_718' title='bbox 2302 3079 2499 3148; x_wconf 91' lang='lat' dir='ltr'><strong>lapides</strong></span> <span class='ocrx_word' id='word_1_719' title='bbox 2528 3080 2747 3135; x_wconf 89' lang='lat' dir='ltr'><strong>fuissent</strong></span> <span class='ocrx_word' id='word_1_720' title='bbox 2780 3083 3065 3145; x_wconf 90' lang='lat' dir='ltr'><strong>auditores,</strong></span> <span class='ocrx_word' id='word_1_721' title='bbox 3094 3084 3249 3138; x_wconf 90' lang='lat' dir='ltr'><strong>dictis</strong></span> <span class='ocrx_word' id='word_1_722' title='bbox 3279 3086 3651 3144; x_wconf 88' lang='lat' dir='ltr'><strong>attendissent.</strong></span> <span class='ocrx_word' id='word_1_723' title='bbox 3682 3090 3830 3145; x_wconf 74' lang='lat' dir='ltr'><strong>llactt</strong></span> 
     </span>
    </p>
   </div>
   <div class='ocr_carea' id='block_1_91' title="bbox 2300 3170 3829 3244">
    <p class='ocr_par' dir='ltr' id='par_1_91' title="bbox 2300 3170 3829 3244">
     <span class='ocr_line' id='line_1_91' title="bbox 2300 3170 3829 3244; baseline 0.009 -23"><span class='ocrx_word' id='word_1_724' title='bbox 2300 3184 2400 3223; x_wconf 89' lang='lat' dir='ltr'><strong>nus</strong></span> <span class='ocrx_word' id='word_1_725' title='bbox 2432 3170 2572 3225; x_wconf 90' lang='lat' dir='ltr'><strong>enim</strong></span> <span class='ocrx_word' id='word_1_726' title='bbox 2603 3172 2721 3226; x_wconf 91' lang='lat' dir='ltr'><strong>illos</strong></span> <span class='ocrx_word' id='word_1_727' title='bbox 2752 3171 2934 3227; x_wconf 87' lang='lat' dir='ltr'><strong>habuit</strong></span> <span class='ocrx_word' id='word_1_728' title='bbox 2962 3182 3154 3240; x_wconf 84' lang='lat' dir='ltr'><strong>testes;</strong></span> <span class='ocrx_word' id='word_1_729' title='bbox 3189 3176 3388 3244; x_wconf 90' lang='lat' dir='ltr'><strong>reliqua</strong></span> <span class='ocrx_word' id='word_1_730' title='bbox 3420 3193 3547 3233; x_wconf 81' lang='lat' dir='ltr'><strong>vero</strong></span> <span class='ocrx_word' id='word_1_731' title='bbox 3570 3181 3686 3234; x_wconf 87' lang='lat' dir='ltr'><strong>sine</strong></span> <span class='ocrx_word' id='word_1_732' title='bbox 3718 3192 3829 3235; x_wconf 58' lang='lat' dir='ltr'><strong>testi</strong></span> 
     </span>
    </p>
   </div>
   <div class='ocr_carea' id='block_1_92' title="bbox 2300 3261 3830 3340">
    <p class='ocr_par' dir='ltr' id='par_1_92' title="bbox 2300 3261 3830 3340">
     <span class='ocr_line' id='line_1_92' title="bbox 2300 3261 3830 3340; baseline 0.008 -27"><span class='ocrx_word' id='word_1_733' title='bbox 2300 3261 2398 3314; x_wconf 85' lang='lat' dir='ltr'><strong>bus</strong></span> <span class='ocrx_word' id='word_1_734' title='bbox 2421 3272 2563 3317; x_wconf 86' lang='lat' dir='ltr'><strong>sunt.</strong></span> <span class='ocrx_word' id='word_1_735' title='bbox 2596 3261 2639 3315; x_wconf 88' lang='grc' dir='ltr'><em>Α</em></span> <span class='ocrx_word' id='word_1_736' title='bbox 2666 3264 2844 3332; x_wconf 86' lang='lat' dir='ltr'><strong>quibus</strong></span> <span class='ocrx_word' id='word_1_737' title='bbox 2888 3275 2934 3318; x_wconf 90' lang='lat' dir='ltr'><strong>et</strong></span> <span class='ocrx_word' id='word_1_738' title='bbox 2977 3267 3212 3335; x_wconf 87' lang='lat' dir='ltr'><strong>epistolas</strong></span> <span class='ocrx_word' id='word_1_739' title='bbox 3252 3269 3530 3337; x_wconf 83' lang='lat' dir='ltr'><strong>accipiens,</strong></span> <span class='ocrx_word' id='word_1_740' title='bbox 3575 3274 3641 3323; x_wconf 87' lang='lat' dir='ltr'><strong>ad</strong></span> <span class='ocrx_word' id='word_1_741' title='bbox 3685 3273 3830 3340; x_wconf 69' lang='lat' dir='ltr'><strong>fratri</strong></span> 
     </span>
    </p>
   </div>
   <div class='ocr_carea' id='block_1_93' title="bbox 2300 3349 3830 3424">
    <p class='ocr_par' dir='ltr' id='par_1_93' title="bbox 2300 3349 3830 3424">
     <span class='ocr_line' id='line_1_93' title="bbox 2300 3349 3830 3424; baseline 0.009 -21"><span class='ocrx_word' id='word_1_742' title='bbox 2300 3349 2605 3406; x_wconf 89' lang='lat' dir='ltr'><strong>Damascum</strong></span> <span class='ocrx_word' id='word_1_743' title='bbox 2652 3355 2948 3424; x_wconf 88' lang='lat' dir='ltr'><strong>pergebam,</strong></span> <span class='ocrx_word' id='word_1_744' title='bbox 2994 3367 3048 3409; x_wconf 89' lang='lat' dir='ltr'><strong>ut</strong></span> <span class='ocrx_word' id='word_1_745' title='bbox 3094 3358 3396 3412; x_wconf 87' lang='lat' dir='ltr'><strong>adducerem</strong></span> <span class='ocrx_word' id='word_1_746' title='bbox 3437 3362 3550 3413; x_wconf 89' lang='lat' dir='ltr'><strong>inde</strong></span> <span class='ocrx_word' id='word_1_747' title='bbox 3588 3364 3779 3418; x_wconf 85' lang='lat' dir='ltr'><strong>vinctos</strong></span> <span class='ocrx_word' id='word_1_748' title='bbox 3820 3366 3830 3419; x_wconf 87' lang='lat' dir='ltr'><strong>i</strong></span> 
     </span>
    </p>
   </div>
   <div class='ocr_carea' id='block_1_94' title="bbox 2298 3440 3830 3517">
    <p class='ocr_par' dir='ltr' id='par_1_94' title="bbox 2298 3440 3830 3517">
     <span class='ocr_line' id='line_1_94' title="bbox 2298 3440 3830 3517; baseline 0.008 -22"><span class='ocrx_word' id='word_1_749' title='bbox 2298 3440 2580 3496; x_wconf 86' lang='lat' dir='ltr'><strong>Jerusalem</strong></span> <span class='ocrx_word' id='word_1_750' title='bbox 2610 3454 2664 3496; x_wconf 88' lang='lat' dir='ltr'><strong>ut</strong></span> <span class='ocrx_word' id='word_1_751' title='bbox 2690 3445 3004 3513; x_wconf 87' lang='lat' dir='ltr'><strong>punirentur.</strong></span> <span class='ocrx_word' id='word_1_752' title='bbox 3046 3443 3099 3501; x_wconf 89' lang='lat'><strong>6.</strong></span> <span class='ocrx_word' id='word_1_753' title='bbox 3139 3446 3355 3502; x_wconf 85' lang='lat' dir='ltr'><strong>Factum</strong></span> <span class='ocrx_word' id='word_1_754' title='bbox 3392 3463 3464 3504; x_wconf 87' lang='lat' dir='ltr'><strong>est</strong></span> <span class='ocrx_word' id='word_1_755' title='bbox 3498 3462 3663 3505; x_wconf 85' lang='lat' dir='ltr'><strong>autem</strong></span> <span class='ocrx_word' id='word_1_756' title='bbox 3683 3494 3699 3517; x_wconf 91' lang='lat'><strong>,</strong></span> <span class='ocrx_word' id='word_1_757' title='bbox 3732 3471 3830 3508; x_wconf 84' lang='lat' dir='ltr'><strong>cun</strong></span> 
     </span>
    </p>
   </div>
   <div class='ocr_carea' id='block_1_95' title="bbox 2300 3536 3829 3609">
    <p class='ocr_par' dir='ltr' id='par_1_95' title="bbox 2300 3536 3829 3609">
     <span class='ocr_line' id='line_1_95' title="bbox 2300 3536 3829 3609; baseline 0.004 -22"><span class='ocrx_word' id='word_1_758' title='bbox 2300 3551 2378 3588; x_wconf 89' lang='lat' dir='ltr'><strong>me</strong></span> <span class='ocrx_word' id='word_1_759' title='bbox 2416 3546 2463 3588; x_wconf 91' lang='lat' dir='ltr'><strong>et</strong></span> <span class='ocrx_word' id='word_1_760' title='bbox 2497 3538 2936 3609; x_wconf 82' lang='lat' dir='ltr'><strong>apprOpinquante</strong></span> <span class='ocrx_word' id='word_1_761' title='bbox 2977 3536 3248 3605; x_wconf 90' lang='lat' dir='ltr'><strong>Damasco,</strong></span> <span class='ocrx_word' id='word_1_762' title='bbox 3293 3542 3460 3595; x_wconf 87' lang='lat' dir='ltr'><strong>media</strong></span> <span class='ocrx_word' id='word_1_763' title='bbox 3501 3544 3581 3597; x_wconf 89' lang='lat' dir='ltr'><strong>die</strong></span> <span class='ocrx_word' id='word_1_764' title='bbox 3615 3545 3792 3599; x_wconf 88' lang='lat' dir='ltr'><strong>subito</strong></span> <span class='ocrx_word' id='word_1_765' title='bbox 3828 3584 3829 3593; x_wconf 51' lang='grc' dir='ltr'><strong>η</strong></span> 
     </span>
    </p>
   </div>
   <div class='ocr_carea' id='block_1_96' title="bbox 2300 3625 3797 3700">
    <p class='ocr_par' dir='ltr' id='par_1_96' title="bbox 2300 3625 3797 3700">
     <span class='ocr_line' id='line_1_96' title="bbox 2300 3625 3797 3700; baseline 0.007 -20"><span class='ocrx_word' id='word_1_766' title='bbox 2300 3625 2424 3681; x_wconf 73' lang='grc' dir='ltr'><strong>σωιο</strong></span> <span class='ocrx_word' id='word_1_767' title='bbox 2472 3628 2802 3698; x_wconf 75' lang='lat' dir='ltr'><strong>circumfulsit</strong></span> <span class='ocrx_word' id='word_1_768' title='bbox 2847 3645 2927 3683; x_wconf 90' lang='lat' dir='ltr'><strong>me</strong></span> <span class='ocrx_word' id='word_1_769' title='bbox 2968 3630 3059 3685; x_wconf 76' lang='lat' dir='ltr'><strong>lux</strong></span> <span class='ocrx_word' id='word_1_770' title='bbox 3100 3634 3321 3700; x_wconf 88' lang='lat' dir='ltr'><strong>copiosa,</strong></span> <span class='ocrx_word' id='word_1_771' title='bbox 3369 3634 3418 3686; x_wconf 89' lang='lat'><strong>7.</strong></span> <span class='ocrx_word' id='word_1_772' title='bbox 3464 3645 3512 3687; x_wconf 87' lang='lat' dir='ltr'><strong>et</strong></span> <span class='ocrx_word' id='word_1_773' title='bbox 3548 3638 3797 3691; x_wconf 82' lang='lat' dir='ltr'><strong>decidens</strong></span> 
     </span>
    </p>
   </div>
   <div class='ocr_carea' id='block_1_97' title="bbox 2300 3723 3830 3796">
    <p class='ocr_par' dir='ltr' id='par_1_97' title="bbox 2300 3723 3830 3796">
     <span class='ocr_line' id='line_1_97' title="bbox 2300 3723 3830 3796; baseline 0.009 -24"><span class='ocrx_word' id='word_1_774' title='bbox 2300 3729 2514 3784; x_wconf 90' lang='lat' dir='ltr'><strong>terram,</strong></span> <span class='ocrx_word' id='word_1_775' title='bbox 2555 3723 2725 3774; x_wconf 83' lang='lat' dir='ltr'><strong>audivi</strong></span> <span class='ocrx_word' id='word_1_776' title='bbox 2762 3739 2928 3776; x_wconf 83' lang='lat' dir='ltr'><strong>vocem</strong></span> <span class='ocrx_word' id='word_1_777' title='bbox 2968 3723 3211 3778; x_wconf 86' lang='lat' dir='ltr'><strong>dicentem</strong></span> <span class='ocrx_word' id='word_1_778' title='bbox 3248 3726 3371 3778; x_wconf 83' lang='lat' dir='ltr'><strong>mihi</strong></span> <span class='ocrx_word' id='word_1_779' title='bbox 3402 3742 3422 3780; x_wconf 92' lang='lat'><strong><em>:</em></strong></span> <span class='ocrx_word' id='word_1_780' title='bbox 3452 3728 3645 3796; x_wconf 85' lang='lat' dir='ltr'><strong>Saule,</strong></span> <span class='ocrx_word' id='word_1_781' title='bbox 3697 3732 3830 3785; x_wconf 86' lang='lat' dir='ltr'><strong>Saul</strong></span> 
     </span>
    </p>
   </div>
   <div class='ocr_carea' id='block_1_98' title="bbox 2300 3814 3830 3891">
    <p class='ocr_par' dir='ltr' id='par_1_98' title="bbox 2300 3814 3830 3891">
     <span class='ocr_line' id='line_1_98' title="bbox 2300 3814 3830 3891; baseline 0.01 -27"><span class='ocrx_word' id='word_1_782' title='bbox 2300 3814 2422 3881; x_wconf 88' lang='lat' dir='ltr'><strong>quid</strong></span> <span class='ocrx_word' id='word_1_783' title='bbox 2448 3831 2525 3865; x_wconf 86' lang='lat' dir='ltr'><strong>me</strong></span> <span class='ocrx_word' id='word_1_784' title='bbox 2550 3816 2901 3885; x_wconf 85' lang='lat' dir='ltr'><strong>persequeris?</strong></span> <span class='ocrx_word' id='word_1_785' title='bbox 2925 3816 2978 3871; x_wconf 91' lang='lat'><strong>8.</strong></span> <span class='ocrx_word' id='word_1_786' title='bbox 3014 3818 3122 3888; x_wconf 85' lang='lat' dir='ltr'><strong>Ego</strong></span> <span class='ocrx_word' id='word_1_787' title='bbox 3148 3830 3312 3873; x_wconf 89' lang='lat' dir='ltr'><strong>autem</strong></span> <span class='ocrx_word' id='word_1_788' title='bbox 3337 3822 3578 3891; x_wconf 86' lang='lat' dir='ltr'><strong>respondi</strong></span> <span class='ocrx_word' id='word_1_789' title='bbox 3604 3840 3624 3877; x_wconf 91' lang='lat'><em>:</em></span> <span class='ocrx_word' id='word_1_790' title='bbox 3661 3825 3797 3889; x_wconf 76' lang='lat' dir='ltr'><strong>Quis</strong></span> <span class='ocrx_word' id='word_1_791' title='bbox 3825 3854 3830 3878; x_wconf 70' lang='grc' dir='ltr'><em>α</em></span> 
     </span>
    </p>
   </div>
   <div class='ocr_carea' id='block_1_99' title="bbox 2303 3902 3830 3982">
    <p class='ocr_par' dir='ltr' id='par_1_99' title="bbox 2303 3902 3830 3982">
     <span class='ocr_line' id='line_1_99' title="bbox 2303 3902 3830 3982; baseline 0.01 -27"><span class='ocrx_word' id='word_1_792' title='bbox 2303 3902 2559 3958; x_wconf 84' lang='lat' dir='ltr'><strong>Domine?</strong></span> <span class='ocrx_word' id='word_1_793' title='bbox 2586 3904 2827 3973; x_wconf 69' lang='lat' dir='ltr'><strong>Dixitque</strong></span> <span class='ocrx_word' id='word_1_794' title='bbox 2854 3908 2921 3961; x_wconf 90' lang='lat' dir='ltr'><strong>ad</strong></span> <span class='ocrx_word' id='word_1_795' title='bbox 2944 3926 3022 3961; x_wconf 89' lang='lat' dir='ltr'><strong>me</strong></span> <span class='ocrx_word' id='word_1_796' title='bbox 3051 3925 3070 3963; x_wconf 88' lang='lat'><strong><em>:</em></strong></span> <span class='ocrx_word' id='word_1_797' title='bbox 3102 3908 3211 3982; x_wconf 87' lang='lat' dir='ltr'><strong>Ego</strong></span> <span class='ocrx_word' id='word_1_798' title='bbox 3237 3928 3348 3965; x_wconf 86' lang='lat' dir='ltr'><strong>sum</strong></span> <span class='ocrx_word' id='word_1_799' title='bbox 3371 3912 3523 3967; x_wconf 84' lang='lat' dir='ltr'><strong>Jesus</strong></span> <span class='ocrx_word' id='word_1_800' title='bbox 3550 3913 3830 3971; x_wconf 71' lang='lat' dir='ltr'><strong>Nazareni</strong></span> 
     </span>
    </p>
   </div>
   <div class='ocr_carea' id='block_1_100' title="bbox 2301 3998 3830 4077">
    <p class='ocr_par' dir='ltr' id='par_1_100' title="bbox 2301 3998 3830 4077">
     <span class='ocr_line' id='line_1_100' title="bbox 2301 3998 3830 4077; baseline 0.011 -32"><span class='ocrx_word' id='word_1_801' title='bbox 2301 4010 2447 4063; x_wconf 89' lang='lat' dir='ltr'><strong>quem</strong></span> <span class='ocrx_word' id='word_1_802' title='bbox 2478 4007 2529 4048; x_wconf 88' lang='lat' dir='ltr'><strong>tu</strong></span> <span class='ocrx_word' id='word_1_803' title='bbox 2558 3998 2888 4067; x_wconf 86' lang='lat' dir='ltr'><strong>persequeris.</strong></span> <span class='ocrx_word' id='word_1_804' title='bbox 2931 3999 3054 4055; x_wconf 71' lang='lat' dir='ltr'><strong>Hrcc</strong></span> <span class='ocrx_word' id='word_1_805' title='bbox 3094 4012 3240 4057; x_wconf 88' lang='lat' dir='ltr'><strong>certe</strong></span> <span class='ocrx_word' id='word_1_806' title='bbox 3278 4001 3381 4057; x_wconf 86' lang='lat' dir='ltr'><strong>ﬁde</strong></span> <span class='ocrx_word' id='word_1_807' title='bbox 3406 4004 3711 4060; x_wconf 88' lang='lat' dir='ltr'><strong>admodum</strong></span> <span class='ocrx_word' id='word_1_808' title='bbox 3745 4010 3830 4077; x_wconf 78' lang='lat' dir='ltr'><strong>dig</strong></span> 
     </span>
    </p>
   </div>
   <div class='ocr_carea' id='block_1_101' title="bbox 2304 4085 3829 4162">
    <p class='ocr_par' dir='ltr' id='par_1_101' title="bbox 2304 4085 3829 4162">
     <span class='ocr_line' id='line_1_101' title="bbox 2304 4085 3829 4162; baseline 0.011 -27"><span class='ocrx_word' id='word_1_809' title='bbox 2304 4085 2487 4139; x_wconf 86' lang='lat' dir='ltr'><strong>haberi</strong></span> <span class='ocrx_word' id='word_1_810' title='bbox 2529 4088 2807 4156; x_wconf 82' lang='lat' dir='ltr'><strong>Oportebat</strong></span> <span class='ocrx_word' id='word_1_811' title='bbox 2852 4105 2917 4143; x_wconf 84' lang='lat' dir='ltr'><strong>ex</strong></span> <span class='ocrx_word' id='word_1_812' title='bbox 2966 4090 3050 4154; x_wconf 91' lang='lat' dir='ltr'><strong>iis,</strong></span> <span class='ocrx_word' id='word_1_813' title='bbox 3096 4107 3214 4159; x_wconf 70' lang='lat' dir='ltr'><strong>qua:</strong></span> <span class='ocrx_word' id='word_1_814' title='bbox 3259 4107 3688 4162; x_wconf 70' lang='lat' dir='ltr'><strong>praecesserant;</strong></span> <span class='ocrx_word' id='word_1_815' title='bbox 3732 4116 3829 4152; x_wconf 58' lang='lat' dir='ltr'><strong>nev</strong></span> 
     </span>
    </p>
   </div>
   <div class='ocr_carea' id='block_1_102' title="bbox 2303 4176 3809 4255">
    <p class='ocr_par' dir='ltr' id='par_1_102' title="bbox 2303 4176 3809 4255">
     <span class='ocr_line' id='line_1_102' title="bbox 2303 4176 3809 4255; baseline 0.009 -24"><span class='ocrx_word' id='word_1_816' title='bbox 2303 4176 2445 4231; x_wconf 88' lang='lat' dir='ltr'><strong>enim</strong></span> <span class='ocrx_word' id='word_1_817' title='bbox 2485 4187 2715 4234; x_wconf 90' lang='lat' dir='ltr'><strong>mutatus</strong></span> <span class='ocrx_word' id='word_1_818' title='bbox 2742 4182 2913 4235; x_wconf 89' lang='lat' dir='ltr'><strong>fuerit.</strong></span> <span class='ocrx_word' id='word_1_819' title='bbox 2941 4182 3076 4247; x_wconf 81' lang='lat' dir='ltr'><strong>Quid</strong></span> <span class='ocrx_word' id='word_1_820' title='bbox 3117 4184 3305 4253; x_wconf 86' lang='lat' dir='ltr'><strong>igitur,</strong></span> <span class='ocrx_word' id='word_1_821' title='bbox 3330 4187 3559 4255; x_wconf 90' lang='lat' dir='ltr'><strong>inquies,</strong></span> <span class='ocrx_word' id='word_1_822' title='bbox 3586 4189 3639 4243; x_wconf 88' lang='lat' dir='ltr'><strong>si</strong></span> <span class='ocrx_word' id='word_1_823' title='bbox 3675 4207 3809 4245; x_wconf 87' lang='lat' dir='ltr'><strong>sese</strong></span> 
     </span>
    </p>
   </div>
   <div class='ocr_carea' id='block_1_103' title="bbox 2304 4270 3830 4350">
    <p class='ocr_par' dir='ltr' id='par_1_103' title="bbox 2304 4270 3830 4350">
     <span class='ocr_line' id='line_1_103' title="bbox 2304 4270 3830 4350; baseline 0.011 -28"><span class='ocrx_word' id='word_1_824' title='bbox 2304 4270 2448 4323; x_wconf 83' lang='lat' dir='ltr'><strong>ctat?</strong></span> <span class='ocrx_word' id='word_1_825' title='bbox 2466 4271 2806 4342; x_wconf 85' lang='lat' dir='ltr'><strong>Nequaquam</strong></span> <span class='ocrx_word' id='word_1_826' title='bbox 2831 4274 2870 4325; x_wconf 79' lang='grc'>³.</span> <span class='ocrx_word' id='word_1_827' title='bbox 2895 4272 3000 4328; x_wconf 88' lang='lat' dir='ltr'><strong>Cur</strong></span> <span class='ocrx_word' id='word_1_828' title='bbox 3025 4275 3188 4340; x_wconf 89' lang='lat' dir='ltr'><strong>enim,</strong></span> <span class='ocrx_word' id='word_1_829' title='bbox 3219 4292 3418 4346; x_wconf 75' lang='lat' dir='ltr'><strong>qureso,</strong></span> <span class='ocrx_word' id='word_1_830' title='bbox 3440 4293 3562 4335; x_wconf 86' lang='lat' dir='ltr'><strong>sese</strong></span> <span class='ocrx_word' id='word_1_831' title='bbox 3589 4296 3830 4350; x_wconf 59' lang='lat' dir='ltr'><strong>repente</strong></span> 
     </span>
    </p>
   </div>
   <div class='ocr_carea' id='block_1_104' title="bbox 2306 4362 3830 4440">
    <p class='ocr_par' dir='ltr' id='par_1_104' title="bbox 2306 4362 3830 4440">
     <span class='ocr_line' id='line_1_104' title="bbox 2306 4362 3830 4440; baseline 0.005 -26"><span class='ocrx_word' id='word_1_832' title='bbox 2306 4368 2508 4414; x_wconf 88' lang='lat' dir='ltr'><strong>tantum</strong></span> <span class='ocrx_word' id='word_1_833' title='bbox 2534 4362 2704 4416; x_wconf 83' lang='lat' dir='ltr'><strong>zelum</strong></span> <span class='ocrx_word' id='word_1_834' title='bbox 2734 4362 3042 4432; x_wconf 86' lang='lat' dir='ltr'><strong>injecisset?</strong></span> <span class='ocrx_word' id='word_1_835' title='bbox 3065 4366 3203 4435; x_wconf 90' lang='lat' dir='ltr'><strong>quod</strong></span> <span class='ocrx_word' id='word_1_836' title='bbox 3230 4366 3487 4423; x_wconf 89' lang='lat' dir='ltr'><strong>honorem</strong></span> <span class='ocrx_word' id='word_1_837' title='bbox 3510 4384 3830 4440; x_wconf 59' lang='lat' dir='ltr'><strong>exspectari</strong></span> 
     </span>
    </p>
   </div>
   <div class='ocr_carea' id='block_1_105' title="bbox 2304 4452 3830 4532">
    <p class='ocr_par' dir='ltr' id='par_1_105' title="bbox 2304 4452 3830 4532">
     <span class='ocr_line' id='line_1_105' title="bbox 2304 4452 3830 4532; baseline 0.009 -28"><span class='ocrx_word' id='word_1_838' title='bbox 2304 4452 2463 4520; x_wconf 87' lang='lat' dir='ltr'><strong>Atqui</strong></span> <span class='ocrx_word' id='word_1_839' title='bbox 2503 4453 2767 4507; x_wconf 85' lang='lat' dir='ltr'><strong>contraria</strong></span> <span class='ocrx_word' id='word_1_840' title='bbox 2804 4470 2990 4524; x_wconf 90' lang='lat' dir='ltr'><strong>passus</strong></span> <span class='ocrx_word' id='word_1_841' title='bbox 3018 4465 3120 4511; x_wconf 90' lang='lat' dir='ltr'><strong>est.</strong></span> <span class='ocrx_word' id='word_1_842' title='bbox 3148 4456 3297 4524; x_wconf 86' lang='lat' dir='ltr'><strong>Quod</strong></span> <span class='ocrx_word' id='word_1_843' title='bbox 3324 4459 3558 4525; x_wconf 86' lang='lat' dir='ltr'><strong>quietem</strong></span> <span class='ocrx_word' id='word_1_844' title='bbox 3599 4477 3830 4532; x_wconf 53' lang='lat' dir='ltr'><strong>sperari</strong></span> 
     </span>
    </p>
   </div>
   <div class='ocr_carea' id='block_1_106' title="bbox 2304 4542 3824 4619">
    <p class='ocr_par' dir='ltr' id='par_1_106' title="bbox 2304 4542 3824 4619">
     <span class='ocr_line' id='line_1_106' title="bbox 2304 4542 3824 4619; baseline 0.007 -22"><span class='ocrx_word' id='word_1_845' title='bbox 2304 4542 2486 4612; x_wconf 87' lang='lat' dir='ltr'><strong>Neque</strong></span> <span class='ocrx_word' id='word_1_846' title='bbox 2516 4542 2617 4599; x_wconf 89' lang='lat' dir='ltr'><strong>hoc</strong></span> <span class='ocrx_word' id='word_1_847' title='bbox 2646 4559 2795 4619; x_wconf 90' lang='lat' dir='ltr'><strong>sane.</strong></span> <span class='ocrx_word' id='word_1_848' title='bbox 2839 4548 2921 4600; x_wconf 86' lang='lat' dir='ltr'><strong>An</strong></span> <span class='ocrx_word' id='word_1_849' title='bbox 2962 4548 3062 4601; x_wconf 88' lang='lat' dir='ltr'><strong>alia</strong></span> <span class='ocrx_word' id='word_1_850' title='bbox 3099 4548 3167 4603; x_wconf 91' lang='lat' dir='ltr'><strong>de</strong></span> <span class='ocrx_word' id='word_1_851' title='bbox 3209 4552 3403 4603; x_wconf 87' lang='lat' dir='ltr'><strong>causa?</strong></span> <span class='ocrx_word' id='word_1_852' title='bbox 3431 4550 3575 4605; x_wconf 90' lang='lat' dir='ltr'><strong>Nihil</strong></span> <span class='ocrx_word' id='word_1_853' title='bbox 3608 4558 3824 4608; x_wconf 79' lang='lat' dir='ltr'><strong>ratioci</strong></span> 
     </span>
    </p>
   </div>
   <div class='ocr_carea' id='block_1_107' title="bbox 2307 4633 3809 4709">
    <p class='ocr_par' dir='ltr' id='par_1_107' title="bbox 2307 4633 3809 4709">
     <span class='ocr_line' id='line_1_107' title="bbox 2307 4633 3809 4709; baseline 0.007 -22"><span class='ocrx_word' id='word_1_854' title='bbox 2307 4633 2533 4688; x_wconf 85' lang='lat' dir='ltr'><strong>inveniri</strong></span> <span class='ocrx_word' id='word_1_855' title='bbox 2565 4643 2758 4704; x_wconf 88' lang='lat' dir='ltr'><strong>potest.</strong></span> <span class='ocrx_word' id='word_1_856' title='bbox 2787 4636 2913 4692; x_wconf 63' lang='lat' dir='ltr'><strong>Haec</strong></span> <span class='ocrx_word' id='word_1_857' title='bbox 2940 4638 3042 4691; x_wconf 90' lang='lat' dir='ltr'><strong>illis</strong></span> <span class='ocrx_word' id='word_1_858' title='bbox 3084 4639 3377 4709; x_wconf 86' lang='lat' dir='ltr'><strong>colligenda</strong></span> <span class='ocrx_word' id='word_1_859' title='bbox 3414 4651 3467 4696; x_wconf 90' lang='lat' dir='ltr'><strong>et</strong></span> <span class='ocrx_word' id='word_1_860' title='bbox 3496 4641 3809 4700; x_wconf 81' lang='lat' dir='ltr'><strong>inferenda</strong></span> 
     </span>
    </p>
   </div>
   <div class='ocr_carea' id='block_1_108' title="bbox 2306 4723 3829 4807">
    <p class='ocr_par' dir='ltr' id='par_1_108' title="bbox 2306 4723 3829 4807">
     <span class='ocr_line' id='line_1_108' title="bbox 2306 4723 3829 4807; baseline 0.007 -29"><span class='ocrx_word' id='word_1_861' title='bbox 2306 4723 2583 4793; x_wconf 86' lang='lat' dir='ltr'><strong>linquens,</strong></span> <span class='ocrx_word' id='word_1_862' title='bbox 2633 4742 2721 4781; x_wconf 91' lang='lat' dir='ltr'><strong>res</strong></span> <span class='ocrx_word' id='word_1_863' title='bbox 2767 4730 2908 4796; x_wconf 90' lang='lat' dir='ltr'><strong>ipsas</strong></span> <span class='ocrx_word' id='word_1_864' title='bbox 2952 4738 3134 4783; x_wconf 86' lang='lat' dir='ltr'><strong>narrat</strong></span> <span class='ocrx_word' id='word_1_865' title='bbox 3175 4740 3229 4783; x_wconf 90' lang='lat' dir='ltr'><strong>et</strong></span> <span class='ocrx_word' id='word_1_866' title='bbox 3269 4732 3393 4785; x_wconf 90' lang='lat' dir='ltr'><strong>dicit</strong></span> <span class='ocrx_word' id='word_1_867' title='bbox 3426 4749 3441 4785; x_wconf 88' lang='lat'><strong>:</strong></span> <span class='ocrx_word' id='word_1_868' title='bbox 3473 4732 3563 4787; x_wconf 80' lang='lat' dir='ltr'><strong>Me</strong></span> <span class='ocrx_word' id='word_1_869' title='bbox 3606 4752 3829 4807; x_wconf 68' lang='grc' dir='ltr'><strong>αρρνοῃ</strong></span> 
     </span>
    </p>
   </div>
   <div class='ocr_carea' id='block_1_109' title="bbox 2269 4817 3830 4896">
    <p class='ocr_par' dir='ltr' id='par_1_109' title="bbox 2269 4817 3830 4896">
     <span class='ocr_line' id='line_1_109' title="bbox 2269 4817 3830 4896; baseline 0.006 -25"><span class='ocrx_word' id='word_1_870' title='bbox 2269 4834 2280 4841; x_wconf 78' lang='grc'><strong>’</strong></span> <span class='ocrx_word' id='word_1_871' title='bbox 2307 4828 2494 4887; x_wconf 89' lang='lat' dir='ltr'><strong>quante</strong></span> <span class='ocrx_word' id='word_1_872' title='bbox 2521 4817 2796 4882; x_wconf 86' lang='lat' dir='ltr'><strong>Damasco,</strong></span> <span class='ocrx_word' id='word_1_873' title='bbox 2826 4821 2989 4873; x_wconf 81' lang='lat' dir='ltr'><strong>media</strong></span> <span class='ocrx_word' id='word_1_874' title='bbox 3015 4822 3095 4875; x_wconf 88' lang='lat' dir='ltr'><strong>die</strong></span> <span class='ocrx_word' id='word_1_875' title='bbox 3127 4822 3289 4876; x_wconf 87' lang='lat' dir='ltr'><strong>subito</strong></span> <span class='ocrx_word' id='word_1_876' title='bbox 3315 4824 3377 4876; x_wconf 90' lang='lat' dir='ltr'><strong>de</strong></span> <span class='ocrx_word' id='word_1_877' title='bbox 3403 4824 3529 4877; x_wconf 69' lang='lat' dir='ltr'><strong>caelo</strong></span> <span class='ocrx_word' id='word_1_878' title='bbox 3555 4826 3830 4896; x_wconf 54' lang='lat' dir='ltr'><strong>circumit</strong></span> 
     </span>
    </p>
   </div>
   <div class='ocr_carea' id='block_1_110' title="bbox 2308 4910 3830 4986">
    <p class='ocr_par' dir='ltr' id='par_1_110' title="bbox 2308 4910 3830 4986">
     <span class='ocr_line' id='line_1_110' title="bbox 2308 4910 3830 4986; baseline 0.007 -25"><span class='ocrx_word' id='word_1_879' title='bbox 2308 4926 2388 4964; x_wconf 86' lang='lat' dir='ltr'><strong>me</strong></span> <span class='ocrx_word' id='word_1_880' title='bbox 2415 4910 2504 4963; x_wconf 81' lang='lat' dir='ltr'><strong>(ua:</strong></span> <span class='ocrx_word' id='word_1_881' title='bbox 2531 4912 2756 4981; x_wconf 81' lang='lat' dir='ltr'><strong>capiosa,</strong></span> <span class='ocrx_word' id='word_1_882' title='bbox 2789 4920 2835 4964; x_wconf 90' lang='lat' dir='ltr'><strong>et</strong></span> <span class='ocrx_word' id='word_1_883' title='bbox 2862 4912 3026 4965; x_wconf 81' lang='lat' dir='ltr'><strong>decidi</strong></span> <span class='ocrx_word' id='word_1_884' title='bbox 3048 4914 3101 4965; x_wconf 85' lang='lat' dir='ltr'><strong>in</strong></span> <span class='ocrx_word' id='word_1_885' title='bbox 3127 4924 3335 4969; x_wconf 79' lang='lat' dir='ltr'><strong>(errant.</strong></span> <span class='ocrx_word' id='word_1_886' title='bbox 3370 4914 3500 4970; x_wconf 84' lang='lat' dir='ltr'><strong>Vide</strong></span> <span class='ocrx_word' id='word_1_887' title='bbox 3527 4929 3758 4986; x_wconf 79' lang='lat' dir='ltr'><strong>quanta</strong></span> <span class='ocrx_word' id='word_1_888' title='bbox 3796 4922 3830 4971; x_wconf 76' lang='lat' dir='ltr'><strong>Il</strong></span> 
     </span>
    </p>
   </div>
   <div class='ocr_carea' id='block_1_111' title="bbox 2308 5000 3830 5074">
    <p class='ocr_par' dir='ltr' id='par_1_111' title="bbox 2308 5000 3830 5074">
     <span class='ocr_line' id='line_1_111' title="bbox 2308 5000 3830 5074; baseline 0.005 -18"><span class='ocrx_word' id='word_1_889' title='bbox 2308 5000 2482 5071; x_wconf 88' lang='lat' dir='ltr'><strong>c0pia.</strong></span> <span class='ocrx_word' id='word_1_890' title='bbox 2505 5001 2763 5071; x_wconf 85' lang='lat' dir='ltr'><strong>Quodque</strong></span> <span class='ocrx_word' id='word_1_891' title='bbox 2789 5018 2892 5056; x_wconf 89' lang='lat' dir='ltr'><strong>non</strong></span> <span class='ocrx_word' id='word_1_892' title='bbox 2922 5020 2987 5058; x_wconf 85' lang='lat' dir='ltr'><strong>ex</strong></span> <span class='ocrx_word' id='word_1_893' title='bbox 3009 5004 3263 5072; x_wconf 87' lang='lat' dir='ltr'><strong>jactantia</strong></span> <span class='ocrx_word' id='word_1_894' title='bbox 3289 5006 3555 5074; x_wconf 87' lang='lat' dir='ltr'><strong>loquatur,</strong></span> <span class='ocrx_word' id='word_1_895' title='bbox 3582 5018 3780 5063; x_wconf 78' lang='lat' dir='ltr'><strong>testes</strong></span> <span class='ocrx_word' id='word_1_896' title='bbox 3806 5028 3830 5062; x_wconf 88' lang='lat' dir='ltr'><strong>s</strong></span> 
     </span>
    </p>
   </div>
   <div class='ocr_carea' id='block_1_112' title="bbox 2307 5092 3830 5166">
    <p class='ocr_par' dir='ltr' id='par_1_112' title="bbox 2307 5092 3830 5166">
     <span class='ocr_line' id='line_1_112' title="bbox 2307 5092 3830 5166; baseline 0.005 -21"><span class='ocrx_word' id='word_1_897' title='bbox 2307 5093 2397 5162; x_wconf 91' lang='lat' dir='ltr'><strong>qui</strong></span> <span class='ocrx_word' id='word_1_898' title='bbox 2436 5092 2680 5155; x_wconf 87' lang='lat' dir='ltr'><strong>aderant,</strong></span> <span class='ocrx_word' id='word_1_899' title='bbox 2709 5094 2796 5163; x_wconf 91' lang='lat' dir='ltr'><strong>qui</strong></span> <span class='ocrx_word' id='word_1_900' title='bbox 2837 5110 2997 5148; x_wconf 90' lang='lat' dir='ltr'><strong>manu</strong></span> <span class='ocrx_word' id='word_1_901' title='bbox 3041 5094 3389 5160; x_wconf 78' lang='lat' dir='ltr'><strong>deduxerant,</strong></span> <span class='ocrx_word' id='word_1_902' title='bbox 3423 5098 3511 5166; x_wconf 89' lang='lat' dir='ltr'><strong>qui</strong></span> <span class='ocrx_word' id='word_1_903' title='bbox 3541 5097 3750 5153; x_wconf 84' lang='lat' dir='ltr'><strong>lucem</strong></span> <span class='ocrx_word' id='word_1_904' title='bbox 3785 5102 3830 5153; x_wconf 79' lang='lat' dir='ltr'><strong>vi</strong></span> 
     </span>
    </p>
   </div>
   <div class='ocr_carea' id='block_1_113' title="bbox 2310 5186 3830 5259">
    <p class='ocr_par' dir='ltr' id='par_1_113' title="bbox 2310 5186 3830 5259">
     <span class='ocr_line' id='line_1_113' title="bbox 2310 5186 3830 5259; baseline 0.004 -18"><span class='ocrx_word' id='word_1_905' title='bbox 2310 5197 2451 5241; x_wconf 86' lang='lat' dir='ltr'><strong>runt.</strong></span> <span class='ocrx_word' id='word_1_906' title='bbox 2484 5186 2535 5242; x_wconf 92' lang='lat'><strong>9.</strong></span> <span class='ocrx_word' id='word_1_907' title='bbox 2570 5186 2668 5253; x_wconf 85' lang='lat' dir='ltr'><strong>Qui</strong></span> <span class='ocrx_word' id='word_1_908' title='bbox 2701 5198 2865 5240; x_wconf 89' lang='lat' dir='ltr'><strong>autem</strong></span> <span class='ocrx_word' id='word_1_909' title='bbox 2894 5205 3085 5240; x_wconf 88' lang='lat' dir='ltr'><strong>mecum</strong></span> <span class='ocrx_word' id='word_1_910' title='bbox 3111 5200 3273 5253; x_wconf 86' lang='lat' dir='ltr'><strong>erant,</strong></span> <span class='ocrx_word' id='word_1_911' title='bbox 3303 5192 3468 5244; x_wconf 77' lang='lat' dir='ltr'><strong>lumen</strong></span> <span class='ocrx_word' id='word_1_912' title='bbox 3505 5191 3743 5259; x_wconf 84' lang='lat' dir='ltr'><strong>quidem</strong></span> <span class='ocrx_word' id='word_1_913' title='bbox 3789 5195 3830 5247; x_wconf 69' lang='lat' dir='ltr'><strong>vi</strong></span> 
     </span>
    </p>
   </div>
   <div class='ocr_carea' id='block_1_114' title="bbox 2310 5279 3830 5355">
    <p class='ocr_par' dir='ltr' id='par_1_114' title="bbox 2310 5279 3830 5355">
     <span class='ocr_line' id='line_1_114' title="bbox 2310 5279 3830 5355; baseline 0.005 -25"><span class='ocrx_word' id='word_1_914' title='bbox 2310 5287 2447 5341; x_wconf 87' lang='lat' dir='ltr'><strong>runt,</strong></span> <span class='ocrx_word' id='word_1_915' title='bbox 2475 5288 2521 5330; x_wconf 87' lang='lat' dir='ltr'><strong>et</strong></span> <span class='ocrx_word' id='word_1_916' title='bbox 2541 5279 2762 5331; x_wconf 73' lang='lat' dir='ltr'><strong>exterriti</strong></span> <span class='ocrx_word' id='word_1_917' title='bbox 2781 5290 2935 5339; x_wconf 84' lang='lat' dir='ltr'><strong>sunt;</strong></span> <span class='ocrx_word' id='word_1_918' title='bbox 2962 5294 3127 5332; x_wconf 88' lang='lat' dir='ltr'><strong>vocem</strong></span> <span class='ocrx_word' id='word_1_919' title='bbox 3154 5292 3320 5334; x_wconf 87' lang='lat' dir='ltr'><strong>autem</strong></span> <span class='ocrx_word' id='word_1_920' title='bbox 3342 5298 3441 5335; x_wconf 84' lang='lat' dir='ltr'><strong>non</strong></span> <span class='ocrx_word' id='word_1_921' title='bbox 3463 5283 3775 5338; x_wconf 79' lang='lat' dir='ltr'><strong>audierunt</strong></span> <span class='ocrx_word' id='word_1_922' title='bbox 3798 5304 3830 5355; x_wconf 68' lang='grc' dir='ltr'><strong>εξ</strong></span> 
     </span>
    </p>
   </div>
   <div class='ocr_carea' id='block_1_115' title="bbox 2310 5369 3815 5440">
    <p class='ocr_par' dir='ltr' id='par_1_115' title="bbox 2310 5369 3815 5440">
     <span class='ocr_line' id='line_1_115' title="bbox 2310 5369 3815 5440; baseline 0.005 -19"><span class='ocrx_word' id='word_1_923' title='bbox 2310 5369 2396 5437; x_wconf 88' lang='lat' dir='ltr'><strong>qui</strong></span> <span class='ocrx_word' id='word_1_924' title='bbox 2423 5369 2715 5438; x_wconf 83' lang='lat' dir='ltr'><strong>loquebatur</strong></span> <span class='ocrx_word' id='word_1_925' title='bbox 2743 5386 2952 5423; x_wconf 86' lang='lat' dir='ltr'><strong>mecum.</strong></span> <span class='ocrx_word' id='word_1_926' title='bbox 2983 5370 3059 5425; x_wconf 89' lang='lat' dir='ltr'><strong>Ne</strong></span> <span class='ocrx_word' id='word_1_927' title='bbox 3084 5380 3318 5440; x_wconf 84' lang='lat' dir='ltr'><strong>stupeas,</strong></span> <span class='ocrx_word' id='word_1_928' title='bbox 3346 5374 3388 5427; x_wconf 90' lang='lat' dir='ltr'><strong>si</strong></span> <span class='ocrx_word' id='word_1_929' title='bbox 3418 5372 3505 5427; x_wconf 90' lang='lat' dir='ltr'><strong>hic</strong></span> <span class='ocrx_word' id='word_1_930' title='bbox 3532 5376 3637 5439; x_wconf 84' lang='lat' dir='ltr'><strong>ita,</strong></span> <span class='ocrx_word' id='word_1_931' title='bbox 3668 5378 3815 5431; x_wconf 79' lang='lat' dir='ltr'><strong>alibi</strong></span> 
     </span>
    </p>
   </div>
   <div class='ocr_carea' id='block_1_116' title="bbox 2314 5461 3829 5535">
    <p class='ocr_par' dir='ltr' id='par_1_116' title="bbox 2314 5461 3829 5535">
     <span class='ocr_line' id='line_1_116' title="bbox 2314 5461 3829 5535; baseline 0.003 -21"><span class='ocrx_word' id='word_1_932' title='bbox 2314 5470 2417 5515; x_wconf 82' lang='lat' dir='ltr'><strong>teut</strong></span> <span class='ocrx_word' id='word_1_933' title='bbox 2448 5461 2525 5515; x_wconf 90' lang='lat' dir='ltr'><strong>sic</strong></span> <span class='ocrx_word' id='word_1_934' title='bbox 2554 5462 2836 5530; x_wconf 85' lang='lat' dir='ltr'><strong>loquatur:</strong></span> <span class='ocrx_word' id='word_1_935' title='bbox 2871 5461 3129 5516; x_wconf 81' lang='lat' dir='ltr'><strong>Steterunt</strong></span> <span class='ocrx_word' id='word_1_936' title='bbox 3169 5481 3335 5519; x_wconf 85' lang='lat' dir='ltr'><strong>vocem</strong></span> <span class='ocrx_word' id='word_1_937' title='bbox 3366 5467 3574 5535; x_wconf 84' lang='lat' dir='ltr'><strong>quidem</strong></span> <span class='ocrx_word' id='word_1_938' title='bbox 3602 5472 3829 5525; x_wconf 19' lang='lat' dir='ltr'><strong>audient</strong></span> 
     </span>
    </p>
   </div>
   <div class='ocr_carea' id='block_1_117' title="bbox 2312 5553 3830 5625">
    <p class='ocr_par' dir='ltr' id='par_1_117' title="bbox 2312 5553 3830 5625">
     <span class='ocr_line' id='line_1_117' title="bbox 2312 5553 3830 5625; baseline 0.007 -20"><span class='ocrx_word' id='word_1_939' title='bbox 2312 5553 2553 5606; x_wconf 82' lang='lat' dir='ltr'><strong>neminem</strong></span> <span class='ocrx_word' id='word_1_940' title='bbox 2593 5564 2757 5606; x_wconf 88' lang='lat' dir='ltr'><strong>autem</strong></span> <span class='ocrx_word' id='word_1_941' title='bbox 2785 5553 3004 5609; x_wconf 71' lang='lat' dir='ltr'><strong>videntes</strong></span> <span class='ocrx_word' id='word_1_942' title='bbox 3042 5556 3176 5610; x_wconf 81' lang='lat' dir='ltr'><strong>(Act.</strong></span> <span class='ocrx_word' id='word_1_943' title='bbox 3212 5558 3262 5611; x_wconf 80' lang='lat'><strong>9.</strong></span> <span class='ocrx_word' id='word_1_944' title='bbox 3304 5559 3378 5625; x_wconf 88' lang='lat'><strong>7).</strong></span> <span class='ocrx_word' id='word_1_945' title='bbox 3419 5558 3536 5613; x_wconf 84' lang='lat' dir='ltr'><strong>Non</strong></span> <span class='ocrx_word' id='word_1_946' title='bbox 3580 5573 3732 5616; x_wconf 87' lang='lat' dir='ltr'><strong>sunt</strong></span> <span class='ocrx_word' id='word_1_947' title='bbox 3786 5579 3830 5617; x_wconf 61' lang='grc' dir='ltr'><strong>ιιι</strong></span> 
     </span>
    </p>
   </div>
   <div class='ocr_carea' id='block_1_118' title="bbox 2378 5732 3455 5796">
    <p class='ocr_par' dir='ltr' id='par_1_118' title="bbox 2378 5732 3455 5796">
     <span class='ocr_line' id='line_1_118' title="bbox 2378 5732 3455 5796; baseline 0.005 -15"><span class='ocrx_word' id='word_1_948' title='bbox 2378 5735 2394 5764; x_wconf 75' lang='grc' dir='ltr'>ι</span> <span class='ocrx_word' id='word_1_949' title='bbox 2435 5732 2557 5793; x_wconf 84' lang='lat' dir='ltr'><strong>Vox,</strong></span> <span class='ocrx_word' id='word_1_950' title='bbox 2578 5744 2893 5795; x_wconf 71' lang='lat' dir='ltr'><strong>nemusquam,</strong></span> <span class='ocrx_word' id='word_1_951' title='bbox 2918 5735 2964 5782; x_wconf 90' lang='lat' dir='ltr'><strong>in</strong></span> <span class='ocrx_word' id='word_1_952' title='bbox 2988 5733 3269 5796; x_wconf 83' lang='lat' dir='ltr'><strong>quibusdam</strong></span> <span class='ocrx_word' id='word_1_953' title='bbox 3293 5735 3455 5786; x_wconf 84' lang='lat' dir='ltr'><strong>deest.</strong></span> 
     </span>
    </p>
   </div>
  </div>
