4002 6224
177 281 271 335 ῧέῖ
1164 280 1232 334 ΙΝ
1271 277 1448 333 ACTA
1491 275 2020 334 APOSTOLORUM.
2049 275 2278 334 H‘OMIL.
2311 277 2518 335 XLVII.

227 399 356 469 Ὅρα
411 395 735 466 τεταγμένον
793 395 990 466 ἄνδρα,
1049 395 1150 466 ὅρα
1212 395 1563 466 οίκονομίανη
1608 396 1657 449 εἰ
1706 394 1778 466 μὴ

164 485 412 556 χιλίαρχος
429 480 610 554 ἦλθεν,
635 484 680 536 εί
706 481 777 553 μὴ
799 483 1003 554 ἔδησεν,
1029 483 1126 536 οὐκ
1150 481 1214 536 ἂν
1243 483 1434 555 ἐδεήθη
1460 483 1618 550 λόγου
1645 485 1780 554 πρὸς

165 571 448 640 ἀπολογίαν,
479 572 579 623 ούκ
609 569 674 624 ἀν
697 570 958 639 τοσαύτης
984 570 1260 623 ἀπέλαυσε
1290 571 1464 640 σιγῆς.
1521 569 1780 638 Ἐπιτρέ-

165 663 366 727 εέραντος
390 657 459 709 δὲ
478 657 680 720 αὐτοῦ,
713 659 746 710 ό
773 656 1011 723 Παῦλος
1028 669 1055 697 α
1080 656 1270 722 ἑστὼς
1287 656 1387 710 ἐπὶ
1417 656 1538 710 τῶν
1562 658 1780 712 ἀναϐα-

165 745 320 815 θμῶν.
361 745 466 798 Καὶ
503 744 608 798 ἀπὺ
651 742 744 798 τοῦ
787 744 950 798 τόπου
991 744 1158 816 πολλὴ
1207 747 1240 815 ὴ
1292 744 1527 804 εὐκολία,
1576 746 1635 797 τὸ
1688 744 1782 797 καὶ

165 832 339 902 ὑψηλὸν
367 833 491 885 ὄντα
520 832 847 903 δημηγορεῖν
875 833 968 886 κα)⁸
1007 832 1303 902 δεδεμένον.
1339 833 1404 884 Τί
1443 832 1632 885 τούτου
1668 833 1779 884 ἴσον

164 921 244 973 τοῦ
285 921 579 988 θεάματος,
621 919 770 972 δυσὶν
809 919 1030 973 ἁλύσεσι
1080 919 1358 992 δεδεμένον
1410 920 1534 973 ἰδεῖν
1571 919 1780 973 Παῦλον

164 1007 575 1078 δημηγοροῦντας
625 1006 742 1068 πῶς
777 1007 876 1060 οὐκ
904 1007 1176 1078 ἐταράχθη
1199 1047 1214 1071 ,
1250 1007 1365 1071 πῶς
1392 1009 1454 1061 06
1489 1007 1776 1080 συνεχύθη,

165 1095 382 1148 τοσοῦτον
414 1095 582 1164 δῆμον
622 1095 1146 1166 ἐκπεπολεμωμένον
1191 1096 1331 1165 ὁρῶν
1377 1097 1470 1148 τοῦ
1522 1095 1782 1167 ἄρχοντος

165 1181 462 1249 ἐφεστῶτοςς
491 1182 758 1252 Πρότερον
779 1183 1084 1251 ἀπέστησεν
1104 1183 1300 1245 06:06;
1323 1182 1416 1235 :06
1443 1181 1638 1253 θυμοῦ,
1663 1179 1781 1236 εἶτα

164 1268 446 1336 διαλέγεται·
476 1268 570 1322 καὶ⁹
611 1270 711 1338 ὅρα
749 1269 864 1331 πῶς
907 1270 1202 1338 φρονίμως.
1252 1270 1429 1340 Ὅπερ
1470 1269 1578 1340 γὰρ
1618 1271 1675 1322 ἐν
1715 1273 1778 1341 τῇ

165 1353 278 1422 πρὸς
313 1352 588 1423 Ἐϐραίους
617 1352 870 1423 ἐπιστολῇ
905 1353 1147 1424 ἐποίησε,
1195 1352 1352 1406 τοῦτο
1382 1355 1474 1406 καὶ
1513 1353 1742 1407 ἐνταῦθα
1763 1371 1776 1384 ·

164 1442 344 1511 πρῶτον
364 1444 428 1512 τῇ
459 1441 747 1512 συγγενείᾳ
773 1441 869 1510 τῆς
893 1442 1076 1512 φωνῆς
1100 1442 1295 1504 06:06;
1319 1443 1634 1496 ἐπισπᾶται·
1662 1437 1780 1495 εἶτα

162 1527 285 1597 αὐτῷ
318 1528 389 1596 τῷ
419 1528 609 1600 ἡμέρῳ
628 1545 641 1557 ⁸
667 1528 747 1581 διὸ
774 1529 867 1581 καὶ
898 1527 1055 1581 τοῦτο
1083 1528 1255 1597 δηλῶν
1290 1530 1501 1596 ἐπάγει·
1537 1527 1780 1595 Πολλῆς

162 1614 217 1666 δὲ
274 1615 438 1684 σιγῆς
497 1615 860 1684 γενομένης,
920 1614 1385 1684 προσεφώνησε,
1463 1615 1630 1687 φησὶ,
1704 1615 1780 1686 τῇ

171 1702 388 1768 Ἐϐραΐδι
418 1702 711 1766 διαλέκτῳ
741 1703 933 1773 λέγων
951 1720 964 1733 ·
998 1703 1236 1771 Ἄνδρες
1264 1702 1510 1772 ἀδελφοὶ
1537 1702 1635 1756 καὶ
1668 1719 1779 1756 πα-

162 1791 318 1854 τέρες,
341 1789 640 1844 ἀκούσατέ
659 1808 776 1858 μου
803 1789 911 1858 τῆς
933 1790 1082 1858 πρὸς
1111 1790 1266 1860 ὑμᾶς
1292 1795 1408 1844 νῦν
1427 1792 1775 1860 ἀπολογίας.

161 1876 279 1943 Ὅρα
311 1879 398 1930 καὶ
446 1879 738 1941 κολακείας
784 1877 1198 1948 ἀπηλλαγμένον
1241 1878 1334 1931 τὸν
1379 1879 1535 1947 λόγον
1583 1879 1676 1932 καὶ
1719 1881 1779 1934 τὸ

162 1964 365 2027 ἐπιεικὲς
396 1965 610 2035 ἔχοντα.
651 1967 726 2019 06
771 1966 876 2036 γὰρ
915 1961 1055 2033 εἷπε,
1096 1967 1380 2030 Δεσπόται,
1415 1969 1530 2022 οὐδὲ
1563 1969 1776 2040 Κύριοι,

162 2051 289 2110 ἀλλὰ.
325 2052 588 2121 Ἀδελφοί
606 2069 622 2083 ·
649 2052 678 2104 ὂ
713 2053 944 2123 μάλιστα
971 2053 1216 2117 ἐπόθουν,
1249 2054 1379 2107 ὡσεὶ
1418 2055 1600 2124 ἔλεγεν
1623 2074 1636 2087 ·
1666 2056 1778 2110 Ούκ

163 2140 400 2210 ἀλλότριος
423 2142 580 2210 ὑμῶν
616 2141 746 2210 ἐγὼ,
776 2142 894 2196 ούδέ
918 2143 1038 2196 καθ’
1060 2143 1230 2214 ὑμῶν.
1267 2145 1504 2212 Ἄνδρες
1529 2146 1778 2216 ἀδελφοὶ

163 2228 236 2278 καί
263 2230 518 2296 πατέρες,
551 2230 710 2299 φησί.
752 2228 922 2282 Τοῦτο
947 2229 1147 2300 τιμῆς,
1189 2232 1363 2285 ἐκεῖνο
1403 2232 1774 2303 γνησιότητος.

167 2311 282 2383 [352]
315 2316 642 2371 Ἀκούσατέ
667 2334 782 2385 μου
807 2315 914 2385 τῆς
941 2317 1087 2385 πρὸς
1107 2315 1260 2386 ὑμᾶς
1291 2319 1407 2373 νῦν
1431 2320 1773 2389 ἀπολογίας.

163 2401 252 2454 Οὔκ
276 2399 403 2468 εἷπε,
435 2404 820 2469 Διδασκαλίας,
845 2405 962 2457 ούδέ
985 2445 1000 2466 ,
1028 2406 1398 2478 Δημηγορίας,
1428 2408 1583 2472 ἀλλά,
1626 2409 1783 2462 Ἀποο

163 2489 332 2556 λογίας
349 2507 361 2519 ο
388 2492 447 2545 ἐν
472 2491 633 2557 τάξει
659 2492 836 2544 ἱκέτου
865 2492 1050 2544 ἐαυτὸν
1083 2491 1422 2562 καθίστησιν.
1460 2494 1777 2550 Ἀκούσαν-

163 2590 239 2638 τες
256 2575 330 2641 δὲ,
355 2577 442 2631 ὅτι
464 2578 540 2646 τῇ
576 2577 832 2646 Ἐϐραΐδι
853 2578 1142 2644 διαλέκτῳ
1170 2581 1536 2649 προσεφώνει
1555 2582 1776 2648 αὐτοῖς,

163 2660 355 2722 μᾶλλον
385 2666 701 2733 παρέσχον
737 2665 1021 2733 ἡσυχίαν.
1067 2667 1228 2738 Ὀρᾷς
1247 2707 1262 2729 ,
1291 2668 1408 2731 πῶς
1439 2669 1636 2731 αὐτοὺς
1667 2663 1778 2724 εἷλε

161 2749 208 2800 τὺ
231 2752 532 2822 ὁμόφωνον;
570 2747 716 2823 εἶχον
746 2752 856 2824 γάρ
899 2769 1018 2807 τινα
1061 2754 1195 2807 αἰδῶ
1229 2755 1364 2825 πρὸς
1401 2756 1500 2824 τὴν
1536 2756 1778 2825 γλῶτταν

159 2838 354 2910 ἐκείνην.
390 2841 536 2911 Ὅρα
568 2840 627 2893 δὲ
659 2841 752 2893 καὶ
788 2839 907 2903 πῶς
947 2841 1284 2911 προοδοποιεῖ
1315 2841 1392 2912 τῷ
1429 2842 1570 2915 λόγῳ
1608 2844 1778 2909 οὕτως

159 2925 416 2997 ἀρχόμενος
446 2931 542 2982 καὶ
580 2929 784 2996 λέγων·
822 2927 969 2997 Ἐγὼ
992 2927 1108 2998 μέν
1133 2931 1250 2998 εἰμι
1277 2929 1432 2999 ἀνὴρ
1471 2917 1776 3000 Ἰουδαῖος,

158 3015 552 3085 γεγεννημένος
584 3016 655 3069 ἐν
699 3014 906 3083 Ταρσῷ
937 3014 1046 3083 τῆς
1088 3018 1384 3083 Κιλικίας,
1421 3019 1780 3089 ἀνατεθραμ-

155 3099 302 3169 μένος
327 3104 391 3156 ἐν
415 3104 488 3173 τῇ
525 3103 706 3156 πόλει
731 3104 916 3172 ταύτῃ
943 3104 1099 3171 παρὰ
1131 3104 1271 3170 τοὺς
1299 3105 1488 3172 πόδας
1519 3110 1778 3178 Γαμαλι-

157 3191 299 3254 ήλου,
315 3191 788 3260 πεπαιδευμένος
805 3190 874 3244 δέ
893 3191 1040 3245 κατὰ
1064 3191 1366 3260 ἀκρίϐειαν
1383 3194 1488 3248 τοῦ
1511 3195 1778 3261 πατρῴου

159 3278 328 3342 νόμου,
366 3277 636 3346 ζηλωτὴς
670 3279 954 3349 ὑπάρχων
984 3280 1092 3336 τοῦ
1122 3281 1300 3346 Θεοῦ,
1333 3282 1524 3349 καθὼς
1557 3285 1778 3352 πάντες

158 3360 292 3430 ὑμεῖς
305 3366 438 3420 ἐστε
457 3366 753 3435 σήμερον.
789 3366 935 3436 Ἐγὼ
950 3366 1065 3436 μέν
1088 3369 1226 3436 ειμι,
1246 3369 1429 3439 φησὶν,
1457 3371 1611 3439 ἀνὴρ
1643 3373 1780 3427 Ἰου-

160 3446 308 3516 δαῖος·
335 3453 361 3504 ὃ
387 3455 632 3524 μάλιστα
662 3453 879 3506 πάντων
900 3453 1125 3508 ἐπόθουν
1146 3454 1394 3510 ἀκοῦσαι.
1423 3460 1778 3529 Γεγεννημέ-

159 3553 241 3605 νος
263 3541 325 3595 ἐν
354 3541 563 3612 Ταρσῷ
605 3541 715 3610 τῆς
740 3543 1028 3610 Κιλικίας.
1058 3544 1176 3598 Ἵνα
1209 3545 1283 3618 μὴ
1325 3545 1485 3599 πάλιν
1518 3547 1778 3617 νομίσωσι

158 3625 204 3677 τὸ
231 3627 362 3694 ἔθνος
389 3631 550 3693 ἀλλο,
581 3630 683 3700 τὴν
716 3629 1010 3702 θρησκείαν
1053 3634 1348 3703 ἐπήγαγεν.
1400 3635 1775 3706 Ἄνατεθραμ-

157 3713 299 3782 μένος
329 3717 395 3772 δὲ
427 3720 498 3773 ἐν
530 3716 614 3786 τῇ
647 3719 819 3772 πόλει
851 3720 1056 3789 ταύτῃ.
1087 3721 1200 3791 Τὴν
1230 3720 1428 3793 πολλὴν
1464 3722 1629 3776 αὐτοῦ
1668 3723 1776 3777 δεί-

159 3817 284 3858 κνυσι
310 3807 544 3879 σπουδὴν
572 3806 675 3877 τὴν
707 3807 834 3876 περὶ
855 3807 952 3878 τὴν
979 3809 1254 3881 λατρείαν,
1279 3811 1412 3865 ὅπου
1443 3827 1508 3879 γε
1554 3813 1648 3864 καὶ
1681 3830 1779 3864 1:0-

160 3889 281 3957 τρίδα
313 3895 650 3966 τηλικαύτην
692 3895 850 3963 ἀφεὶς
879 3897 1128 3950 τοσοῦτον
1157 3897 1504 3968 ἀφεστῶσαν,
1546 3893 1778 3954 ἐνταῦθα

159 3977 297 4032 είλετο
315 3983 593 4053 τραφῆναι
627 3981 714 4036 διὰ
738 3983 830 4036 τὸν
858 3984 1040 4054 νόμον.
1068 3985 1211 4056 Ὅρα
1237 3985 1353 4050 πῶς
1375 3985 1577 4040 ἀνωθεν
1610 4004 1778 4058 προσ-

161 4066 244 4134 εῖχε
275 4069 347 4139 τῷ
371 4071 544 4142 νόμῳ.
579 4069 766 4123 Ταῦτα
793 4070 850 4124 δέ
877 4072 938 4124 οὐ
968 4071 1104 4143 πρὸς
1130 4072 1369 4137 ἐκείνους
1407 4074 1776 4145 ἀπολογούμε-

157 4167 226 4215 νος
261 4157 408 4225 μόνον
456 4159 660 4230 φησὶν,
708 4157 842 4212 ἀλλά
890 4160 1120 4223 δεικνὺς,
1169 4160 1252 4214 ὅτι
1303 4162 1404 4216 οὐκ
1453 4162 1776 4235 ἀνθρωπίνῳ

159 4242 311 4312 σκοπῷ
340 4245 472 4315 πρὸς
512 4245 582 4299 :6
609 4245 871 4316 κήρυγμα
898 4246 1059 4317 ἤχθη,
1095 4246 1230 4302 ἀλλά
1263 4247 1384 4320 θείᾳ
1416 4249 1680 4319 δυνάμει·
1714 4251 1773 4303 06

154 4326 241 4395 γὰρ
276 4330 336 4384 ἀν
377 4332 524 4386 οὕτω
559 4333 991 4404 πεπαιδευμένος
1035 4334 1228 4405 ἀθρόον
1265 4337 1521 4408 μετέστη.
1563 4339 1626 4391 Ei
1678 4339 1778 4408 μέν

155 4414 241 4484 γὰρ
259 4412 320 4488 ἦν
347 4437 429 4483 τις
453 4420 566 4474 τῶν
603 4420 810 4473 πολλῶν
830 4464 844 4484 ,
879 4423 1022 4484 εἰκὸς
1049 4418 1116 4494 ἦν
1142 4422 1298 4476 τοῦτο
1329 4425 1693 4481 ὑποπτεῦσαι·
1729 4428 1776 4480 εἰ

153 4498 198 4552 δὲ
227 4504 324 4558 τῶν
371 4507 611 4577 μάλιστα
649 4507 866 4562 πάντων
895 4510 1269 4581 κατεχομένων
1300 4512 1404 4566 61:6
1449 4513 1544 4566 :06
1587 4515 1774 4584 νόμου,

155 4589 235 4642 οὐκ
254 4587 316 4662 ἦν
344 4596 491 4659 είκδς
520 4595 710 4659 ἁπλῶς
739 4597 833 4650 καὶ
869 4598 1123 4669 οὐδεμιᾶς
1160 4600 1403 4667 ἀνάγκης
1439 4601 1665 4673 ἰσχυρᾶς
1697 4602 1780 4656 06-

157 4688 237 4743 σης
261 4681 580 4746 μεταθέσθαι
622 4682 805 4736 αὐτόν.
847 4683 982 4736 Ἀλλ’
1029 4686 1158 4749 ἴσως
1197 4687 1338 4739 εἴποι
1374 4703 1458 4750 τις
1491 4688 1574 4742 ἀν·
1615 4688 1777 4743 Οὐδὲν

153 4762 284 4818 τοῦτο
299 4765 472 4832 ποιεῖ,
501 4771 587 4824 ὅτι
617 4769 852 4824 ἐνταῦθα
881 4772 1177 4842 ἀνετράφη·
1211 4773 1265 4826 τί
1293 4773 1400 4845 γὰρ
1428 4777 1476 4829 εί
1507 4777 1649 4830 κατὰ
1677 4781 1776 4848 ἐμ-

156 4852 377 4925 πορίανῆ
405 4859 529 4910 κατ’
553 4856 721 4928 ἀλλην
751 4858 872 4912 τινὰ
901 4859 1077 4914 αἰτίαν
1112 4860 1337 4915 ἐνταῦθα
1364 4863 1630 4932 γέγονας;
1659 4867 1776 4920 Ἵνα

152 4938 303 5020 τοίνυν
333 4944 404 5013 μὴ
431 4944 521 4998 διὰ
554 4945 711 4998 τοῦτο
735 4947 990 5018 ωμισθῇ,
1015 4949 1281 5020 ἐπήγαγε,
1313 4950 1476 5018 Παρὰ
1503 4953 1641 5019 τοὺς
1670 4955 1776 5008 πό-

153 5019 246 5111 δας
277 5030 662 5100 Γαμαλιήλου
682 5049 696 5064 ·
738 5035 831 5086 καὶ
866 5036 963 5106 οὐχ
995 5019 1179 5101 ἁπλῶς
1220 5036 1338 5090 εἶπε
1362 5077 1376 5099 ,
1407 5039 1563 5110 Παρά
1596 5041 1777 5111 Γαμαο

152 5107 343 5179 λιήλου,
366 5119 521 5184 ἀλλά,
559 5121 723 5188 Παρὰ
757 5121 898 5184 τοὺς
931 5123 1118 5188 πόδας
1143 5166 1156 5187 ,
1190 5124 1288 5193 τὴν
1322 5107 1648 5196 καρτερίαν,
1678 5107 1777 5196 ἢν

153 5203 482 5287 προσεδρείαν
503 5245 517 5268 ,
544 5207 641 5277 τὴν
675 5207 906 5278 σπουδὴν
931 5209 1028 5280 τὴν
1066 5212 1191 5281 περὶ
1213 5211 1314 5281 τὴν
1345 5213 1608 5284 ἀκρόασιν
1627 5256 1642 5280 ,
1682 5215 1778 5287 τὴν

154 5283 327 5357 πολλὴν
355 5292 492 5361 πρὸς
530 5293 619 5345 τὸν
658 5292 827 5365 ἄνδρα
865 5295 997 5348 αἰδῶ
1025 5296 1258 5361 δεικνύς.
1304 5283 1778 5370 Πεπαιδευμένος

158 5374 282 5459 κατὰ
295 5376 596 5442 ἀκρίϐειαν
614 5381 720 5434 τοῦ
740 5380 1009 5448 πατρῴου
1031 5387 1239 5453 νόμου.
1256 5387 1365 5456 Ούχ
1390 5387 1571 5450 ἁπλῶς
1589 5389 1774 5459 νόμου,

155 5456 266 5513 ἀλλὰ
318 5465 427 5518 Τοῦ
473 5467 746 5535 πατρῴου
785 5471 1138 5541 προστίθησι·
1186 5473 1398 5536 δεικνὺς
1451 5475 1531 5526 ὄτι
1575 5456 1776 5529 ἀνωθεν

153 5547 363 5613 τοιοῦτος
385 5547 477 5623 ἦν,
517 5557 607 5607 καὶ
635 5557 732 5626 οὐχ
765 5559 950 5622 ἁπλῶς
981 5559 1138 5623 είδὼς
1163 5561 1253 5614 τὸν
1282 5561 1462 5629 νόμον.
1498 5562 1680 5617 Ταῦτα
1721 5565 1777 5619 δέ

155 5629 279 5724 δοκεῖ
308 5637 404 5705 μὲν
433 5641 572 5712 ὑπὲρ
602 5643 822 5696 ἐκείνων
855 5645 1145 5713 λέγεσθαι,
1177 5649 1294 5701 κατ’
1326 5649 1548 5701 ἐκείνων
1591 5649 1646 5704 δὲ
1684 5670 1773 5724 ην,

154 5717 197 5767 εἴ
225 5737 281 5788 γε
306 5727 396 5778 καὶ
424 5726 576 5792 εἰδὼς
602 5730 994 5817 αὑτὸνὶείασεν.
1043 5731 1175 5787 Εἶτα
1199 5775 1213 5798 ,
1263 5735 1345 5786 ἵνα
1377 5735 1452 5806 μὴ
1492 5737 1652 5791 πάλιν
1693 5717 1778 5804 τις

159 5853 362 5964 ἱ’σξιίίιεικ
398 5865 724 5929 ἐπιτρέψαντος
762 5873 812 5920 δὲ
843 5873 1008 5935 αὐτοῦ,
1052 5877 1077 5924 6
1121 5872 1328 5933 Παῦλος,
1370 5889 1495 5926 unus
1537 5889 1634 5928 non
1682 5879 1744 5930 ha

462 6019 721 6076 ιήιιοι..
769 6016 883 6075 Gn.
932 6014 1061 6076 LX.

3427 274 3533 330 338

1885 397 2171 471 ἐπενέγκῃ·
2213 399 2265 451 τί
2290 393 2403 460 οὖν,
2434 399 2481 449 εί
2513 391 2657 459 οἶδας
2690 395 2785 466 μὲν
2811 394 3051 466 ἀκριϐῶς
3081 393 3171 449 τὸν
3207 393 3366 466 νόμον
3386 435 3400 457 ,
3434 393 3534 446 οὐκ

1885 485 2116 549 ἐκδικεῖς
2155 484 2211 539 δὲ
2251 484 2372 538 οὐδὲ
2399 484 2603 552 φιλεῖς;
2640 483 2954 551 Ζηλωτὴς,
2987 483 3182 552 φησὶν,
3210 482 3495 550 ὑπάρχων
3518 497 3537 513 ο

1882 573 2184 634 τουτέστιν,
2229 572 2326 641 οὑχ
2356 570 2540 635 ἁπλῶς
2582 569 2767 633 εἰδὼς,
2813 570 2945 624 ἀλλά
2982 571 3077 624 καὶ
3116 571 3318 642 σφόδρα
3358 568 3535 638 ζηλῶν

1884 661 2022 730 ὑπὲρ
2050 658 2235 714 αὑτοῦ.
2267 655 2421 722 Εἶτα,
2454 658 2640 728 ἐπειδὴ
2673 659 2884 726 μεγάλα
2923 661 3052 728 περὶ
3080 659 3244 714 06:06
3289 658 3536 730 ἐγκώμια

1884 745 2022 808 εἷπε,
2051 749 2220 800 κοινοῖ
2258 747 2349 800 τὸν
2385 746 2542 814 λόγον
2566 743 2769 806 λοιπὸν,
2805 745 3024 812 ἐπάγων
3045 786 3058 808 ,
3085 745 3287 812 Καθὼς
3315 745 3537 812 πάντες

1883 834 2050 901 ὑμεῖς
2081 835 2220 887 ἐστε
2252 833 2536 902 σήμερον.
2572 833 2820 884 Δείκνυσι
2844 833 2951 902 γὰρ
2979 832 3172 894 06:06;
3208 833 3307 885 οὑκ
3336 831 3538 901 ἀνθρω-

1885 923 2024 992 πίνῳ
2048 921 2231 991 σκοπῷ
2259 920 2562 984 ποιοῦντας,
2596 920 2729 972 ἀλλά
2755 916 2900 990 ζήλῳ
2924 919 3070 986 θείῳ.
3101 918 3268 970 Τοῦτο
3285 919 3341 971 δὲ
3366 919 3534 987 λέγει,

1886 1010 2240 1081 χαριζόμενος
2287 1009 2466 1072 αὐτοῖς
2512 1009 2606 1061 καὶ¹
2653 1007 3192 1078 προκαταλαμϐάνων
3235 1006 3410 1060 αὐτῶν
3441 1006 3537 1076 τὴν

1885 1099 2142 1161 διάνοιαν,
2178 1097 2270 1150 καὶ
2301 1097 2544 1166 κατέχων
2573 1099 2629 1148 ἐν
2655 1091 2735 1158 οἷς
2767 1094 2961 1164 βλάϐος
2989 1094 3138 1146 οὐδὲν
3166 1089 3252 1164 ἦν.
3285 1089 3415 1146 Εἶτα
3444 1093 3540 1145 καὶ

1885 1186 2160 1256 τεκμήρια
2223 1185 2492 1256 παράγει,
2553 1185 2741 1251 λέγων·
2804 1183 2912 1248 Ὃς
2961 1183 3184 1249 ταύτην
3238 1180 3353 1247 τὴν
3399 1179 3542 1234 ὁδὸν

1883 1271 2097 1334 ἐδίωξα
2126 1271 2237 1336 ἕως
2281 1271 2559 1334 θανάτου,
2587 1269 2891 1339 δεσμεύων
2923 1269 3018 1321 καὶ
3050 1266 3411 1336 παραδιδοὺς
3455 1267 3541 1332 είς

1884 1357 2157 1426 φυλακὰς
2179 1357 2399 1426 ἄνδρας
2419 1375 2482 1411 τε
2506 1358 2602 1411 καί
2628 1356 2939 1426 γυναῖκας,
2963 1357 3043 1419 ὡς
3062 1355 3157 1408 καὶ
3185 1358 3218 1408 ὀ
3236 1353 3538 1422 ἀρχιερεὺς

1880 1445 2167 1515 μαρτυρεῖ
2184 1464 2282 1515 μοι
2303 1487 2319 1512 ,
2354 1445 2451 1499 καὶ
2475 1445 2596 1499 πᾶν
2625 1445 2691 1497 τὸ
2718 1444 3159 1511 πρεσϐυτέριον.
3197 1442 3315 1494 Ἵνα
3354 1440 3542 1512 μηδεὶς

1885 1532 2047 1606 εἴπῃ·
2086 1535 2195 1587 Καὶ
2233 1533 2392 1586 πόθεν
2420 1533 2578 1586 τοῦτο
2613 1532 2810 1600 δῆλον;
2851 1530 3136 1604 μάρτυρας
3169 1529 3407 1600 παράγει
3445 1528 3542 1580 06-

1883 1620 1974 1673 :6v
2001 1621 2092 1674 τὸν
2123 1621 2380 1692 ἀρχιερέα
2404 1621 2497 1675 καὶ
2521 1622 2645 1684 τοὺς
2677 1619 3098 1691 πρεσϐυτέρους.
3133 1619 3240 1672 Καὶ
3267 1617 3414 1685 λέγει
3443 1616 3541 1688 μὲν

1883 1707 2108 1761 λεαίνων
2128 1749 2142 1768 ,
2169 1707 2450 1775 Ζηλωτὴς
2479 1707 2761 1777 ὑπάρχων
2786 1706 2932 1778 [555]
2958 1706 3149 1772 καθὼς
3177 1705 3361 1775 ὑμεῖς,
3389 1722 3543 1757 τουτ-

1885 1795 2029 1848 ἐστιν
2051 1835 2064 1857 ,
2096 1796 2208 1859 ῐσος
2241 1797 2367 1866 ὑμῖν
2387 1813 2399 1826 ·
2431 1797 2663 1850 δείκνυσι
2693 1797 2750 1850 δὲ
2787 1796 2875 1850 διὰ
2916 1796 3024 1848 τῶν
3047 1795 3254 1866 ἔργων,
3289 1795 3367 1847 ὅτι
3402 1793 3541 1866 ὑπὲρ

1884 1884 2080 1946 αὐτοὺς
2102 1879 2187 1954 ἦν.
2221 1885 2292 1937 06
2317 1885 2424 1955 γὰρ
2460 1884 2522 1955 δὴ
2553 1884 2874 1955 περιέμενον
2907 1883 3044 1936 ὥστε
3076 1881 3378 1945 συλλαϐεῖν,
3404 1881 3539 1936 ἀλλά

1884 1974 1977 2024 καὶ
2016 1973 2140 2034 τοὺς
2168 1972 2346 2041 ἱερέας
2379 1972 2679 2042 διήγειρον,
2707 1972 2800 2025 καὶ
2839 1971 3144 2041 ἀποδημίας
3189 1970 3534 2041 ἐστελλόμηνο

1883 2058 1976 2109 καὶ
2003 2059 2122 2111 ούδέ
2157 2059 2349 2128 μέχρις
2377 2059 2584 2129 ἀνδρῶν
2615 2059 2853 2130 ἐχώρουν
2889 2058 3138 2130 καθάπερ
3178 2059 3366 2128 ὑμεῖς,
3405 2057 3540 2112 ἀλλά

1883 2146 2284 2213 καὶγυναικῶν·
2311 2147 2403 2199 καὶ
2419 2147 2696 2216 δεσμεύων
2723 2147 2955 2209 πάντας,
2986 2147 3079 2199 καὶ
3099 2147 3178 2209 είς
3194 2145 3539 2217 δεσμωτήρια

1884 2233 2183 2302 ἐμϐάλλων.
2228 2235 2734 2305 Ἀναμφισϐήτητος
2761 2237 2794 2305 ἠ
2831 2234 3125 2306 μαρτυρία,
3161 2234 3539 2302 ἀναπολόγητα

1882 2321 1952 2373 :0
1993 2321 2100 2375 τῶν
2142 2321 2426 2376 Ἰουδαίων.
2467 2323 2606 2393 Ὅρα
2638 2323 2836 2384 πόσους
2869 2322 3106 2392 παράγει
3150 2322 3449 2394 μάρτυρας,
3478 2322 3538 2375 :6

1884 2407 2295 2477 πρεσϐυτέριον,
2322 2408 2412 2460 τὸν
2443 2408 2719 2480 ἀρχιερέα,
2757 2411 2883 2470 τοὺς
2909 2411 2965 2462 ἐν
2989 2412 3054 2480 τῇ
3086 2409 3257 2463 πόλει.

1956 2494 2019 2565 β’.
2058 2495 2230 2550 Βλέπε
2250 2495 2305 2548 δὲ
2323 2495 2484 2548 αὑτοῦ
2507 2496 2709 2567 καὶτὴν
2727 2494 3017 2564 ἀπολογίαν
3037 2498 3098 2550 06
3125 2497 3323 2561 δειλίας
3351 2493 3538 2560 οὖσαν,

1883 2583 2018 2637 ἀλλά
2053 2583 2395 2647 διδασκαλίας
2439 2583 2636 2654 μᾶλλον
2673 2584 2766 2637 καὶ
2802 2585 3179 2655 κατηχήσεως.
3228 2585 3290 2639 Εἰ
3322 2585 3429 2658 γὰρ
3463 2586 3538 2659 μὴ

1883 2669 2020 2724 λίθοι
2051 2666 2188 2740 ἦσαν
2215 2673 2261 2724 οἱ
2287 2671 2598 2736 ἀκούοντες,
2634 2674 2921 2742 προσεῖχον
2961 2672 3027 2726 ἂν
3053 2675 3164 2737 τοῖς
3197 2672 3534 2744 λεγομένοις.

1883 2759 2060 2828 Μέχρι
2079 2759 2189 2830 γάρ
2209 2758 2394 2812 τούτου
2428 2759 2711 2832 μάρτυρας
2755 2754 2900 2830 εῖχεν
2932 2760 3150 2824 αὑτοὺς,
3180 2759 3249 2814 τά
3289 2761 3346 2814 δὲ
3375 2761 3540 2816 λοιπά

1883 2848 2194 2917 ἀμάρτυρα.
2224 2846 2363 2914 Παρ⁹
2401 2841 2487 2900 ὧν
2513 2847 2609 2899 καί
2645 2847 2970 2912 ἐπιστολὰς
3000 2846 3345 2917 δεξάμενος,
3388 2849 3539 2917 πρὸς

1883 2929 2023 2996 τοὺς
2043 2929 2343 2998 ἀδελφοὺς
2372 2932 2458 2995 είς
2487 2931 2804 2998 Δαμασκὸν
2839 2929 3229 2999 ἐπορευόμην,
3255 2931 3417 2996 ἄξων
3438 2933 3539 2986 καί

1882 3017 2024 3083 τοὺς
2041 3016 2240 3070 ἐκεῖσε
2279 3017 2459 3082 ὄντας
2496 3015 2848 3085 δεδεμένους
2877 3018 2964 3082 είς
2995 3014 3406 3084 Ἰερουσαλὴμ,
3437 3017 3538 3070 ἵνα

1882 3105 2312 3174 τιμωρηθῶσιν.
2351 3105 2616 3173 Ἐγένετο
2635 3103 2703 3157 δέ
2740 3103 3112 3173 πορευομένῳ
3134 3121 3236 3172 μοι
3268 3103 3364 3157 καὶ
3387 3103 3541 3173 ἐγγί-

1884 3191 2036 3254 ζοντι
2061 3190 2136 3261 τῇ
2165 3190 2473 3261 Δαμασκῷ,
2542 3189 2675 3258 περὶ
2722 3191 3100 3260 μεσημϐρίαν
3153 3190 3440 3260 ἐξαίφνης
3467 3191 3538 3245 ἐκ

1883 3281 1989 3335 τοῦ
2012 3280 2270 3350 οὐρανοῦ
2325 3272 2763 3347 περιαστράψαι
2813 3276 2938 3348 φῶς
2984 3278 3198 3333 ἱκανὸν
3243 3279 3376 3348 περὶ
3410 3279 3536 3349 ἐμὲ,

1882 3369 2108 3424 ἔπεσόν
2133 3384 2199 3422 τε
2221 3369 2308 3434 είς
2337 3367 2406 3421 τὸ
2441 3367 2683 3435 ἔδαφος,
2713 3368 2810 3420 καὶ
2847 3367 3075 3435 ἤκουον
3104 3364 3307 3436 φωνῆς
3329 3369 3539 3436 λεγού-

1881 3474 2000 3524 σης
2039 3475 2140 3528 μοι
2161 3473 2174 3488 ·
2212 3457 2434 3521 Σαοὺλ,
2485 3455 2704 3520 Σαοὺλ,
2749 3455 2809 3508 τί
2845 3472 2916 3520 με
2965 3455 3230 3522 διώκεις;
3269 3454 3416 3525 Ἐγὼ
3470 3455 3540 3509 δὲ

1882 3545 2239 3614 ἀπεκρίθην·
2274 3545 2369 3609 Τίς
2413 3539 2484 3607 εἴ,
2524 3545 2731 3611 Κύριε;
2788 3539 2934 3598 Εἴπέ
2965 3559 3031 3596 τε
3056 3544 3206 3611 πρός
3225 3559 3304 3613 με
3331 3559 3346 3574 ·
3395 3542 3540 3611 Ἐγώ

1881 3635 1996 3700 εἰμι
2029 3631 2270 3700 Ἰησοῦς
2297 3635 2330 3687 ό
2370 3631 2724 3699 Ναζωραῖος,
2777 3631 2850 3685 ὃν
2879 3631 2961 3686 σὺ
3005 3629 3254 3698 διώκεις.
3287 3630 3540 3686 Μάλιστα

1886 3721 1984 3790 μὲν
2021 3715 2114 3774 06v
2145 3718 2444 3774 καὶταῦτα
2487 3718 2774 3783 ἀξιόπιστα
2817 3717 2921 3771 ἔδει
2973 3713 3107 3771 εἶναι
3130 3717 3238 3772 01:6
3269 3719 3378 3772 τῶν
3403 3734 3540 3788 προ-

1880 3807 2153 3861 λαϐόντων
2181 3822 2196 3836 ·
2222 3806 2283 3859 06
2318 3806 2426 3877 γὰρ
2455 3806 2522 3859 ἂν
2550 3805 2914 3877 μετεστράφη.
2949 3805 3014 3858 Τί
3039 3803 3150 3871 οὖν,
3174 3807 3222 3859 εἰ
3241 3805 3533 3876 κομπάζεις

1881 3893 2073 3962 φησίν;
2102 3891 2365 3962 Οὐδαμῶς
2390 3890 2441 3943 ιο.
2473 3889 2569 3942 Διὰ
2609 3890 2662 3942 τί
2711 3890 2820 3960 γὰρ
2874 3891 3125 3945 τοσοῦτον
3164 3891 3421 3962 ἐξαίφνης
3445 3893 3535 3964 €0-

1885 3981 2006 4053 ριψε
2035 3981 2196 4052 ζῆλον
2220 3997 2236 4047 ;
2264 3979 2384 4033 είπέ
2412 3995 2522 4050 μοι.
2558 3978 2735 4049 Τιμὴν
2765 3979 3114 4049 προσδοκῶνς
3155 3979 3266 4034 Καὶ
3293 3981 3400 4051 μὴν
3434 3983 3534 4034 :0-

1883 4069 2069 4124 ναντία
2102 4067 2394 4138 ὑπέμεινεν
2422 4083 2437 4097 ·
2478 4066 2605 4121 ἀλλ’
2657 4065 2868 4130 ἀνεσιν;
2915 4065 3050 4119 Οὑδέ
3085 4065 3242 4120 τοῦτο
3264 4083 3279 4099 ·
3305 4066 3442 4120 ἀλλά
3477 4067 3534 4121 τί

1881 4158 2102 4230 ἐτερονς
2158 4155 2309 4210 Ἀλλ’
2355 4154 2507 4209 οὐδὲν
2571 4153 2678 4208 01:6
2723 4153 2998 4223 λογισμῶν
3051 4153 3231 4224 εὑρεῖν
3287 4155 3531 4211 δυνατόν.

1882 4246 2064 4300 Ταῦτα
2115 4245 2292 4299 τοίνυν
2338 4244 2496 4313 ἀφεὶς
2534 4243 2716 4305 αὐτοῖς
2765 4241 3040 4310 συλλέγειν
3061 4281 3078 4306 ,
3131 4241 3197 4296 τὰ
3236 4242 3535 4314 πράγματα

1879 4337 2162 4406 διηγεῖται.
2210 4333 2526 4404 Ἐγγίζοντί
2549 4352 2672 4402 μοι,
2725 4334 2880 4404 φησὶ,
2935 4331 3010 4402 τῇ
3060 4332 3369 4403 Δαμασκῷ,
3397 4335 3534 4404 περὶ

1879 4424 2248 4496 μεσημϐρίαν
2268 4423 2557 4490 ἐξαίφνης
2582 4423 2649 4475 ἐκ
2673 4421 2779 4476 τοῦ
2813 4421 3072 4490 οὐρανοῦ
3097 4422 3535 4492 περιαστράψαι

1881 4513 2004 4583 φῶς
2031 4512 2238 4568 ἰκανὸν
2263 4511 2394 4578 περὶ
2418 4509 2541 4579 ἐμὲ,
2575 4511 2802 4564 ἔπεσόν
2826 4525 2889 4562 τε
2917 4511 3006 4575 εις
3033 4509 3099 4564 τὸ
3123 4509 3366 4580 ἔδαφος.
3388 4511 3534 4584 Ὅρα

1883 4601 2021 4670 πόση
2046 4601 2079 4670 ἡ
2107 4597 2375 4669 ὑπερϐολὴ
2415 4597 2508 4650 τοῦ
2551 4596 2760 4666 φωτός.
2785 4585 2896 4650 Καὶ
2942 4597 3023 4650 δτι
3061 4597 3123 4651 06
3169 4596 3458 4668 κομπάζω,
3481 4599 3534 4653 οῖ

1884 4690 2130 4752 συνόντες
2165 4685 2544 4759 μαρτυροῦσιν,
2601 4688 2649 4738 οί
2701 4685 3191 4755 χειραγωγοῦντες,
3242 4689 3290 4739 οί
3325 4687 3388 4739 :6
3417 4685 3534 4754 φῶς

1882 4777 2321 4847 θεασάμενοι.⁸υἱ
2354 4774 2422 4827 δὲ
2451 4773 2573 4828 σὺν
2606 4773 2736 4842 ἐμοὶ
2781 4772 2950 4837 ὄντες
2984 4772 3050 4826 τὸ
3077 4773 3194 4841 μὲν
3219 4769 3345 4842 φῶς
3375 4771 3534 4828 ὲθεὰρ

1881 4879 2088 4927 σαντο,
2131 4862 2229 4916 καὶ
2268 4861 2510 4931 ἔμφοϐοι
2562 4860 2858 4927 ἐγένοντο,
2907 4858 3023 4923 τὴν
3069 4859 3138 4912 δὲ
3182 4858 3392 4926 φωνὴν
3419 4861 3531 4912 οὐκ

1880 4951 2153 5020 ἥκουσαν
2202 4948 2308 5003 τοῦ
2357 4947 2694 5011 λαλοῦντός
2738 4963 2859 5014 μοι.
2923 4945 3106 5014 Μηδὲν
3153 4945 3417 5017 ξενισθῇς,
3479 4947 3531 5000 εί

1880 5035 2110 5091 ἐνταῦθα
2136 5035 2234 5105 μὲν
2259 5032 2451 5097 οὕτως,
2473 5032 2696 5103 ἑτέρωθι
2720 5031 2778 5084 δὲ
2810 5032 2978 5099 λέγει,
3010 5033 3091 5084 ὅτι
3129 5030 3532 5098 Είστήκεισαγ

1878 5124 1992 5192 τὴν
2013 5123 2130 5191 μὲν
2154 5121 2361 5192 φωνὴν
2391 5121 2730 5184 ἀκούοντες,
2773 5119 3002 5188 μηδένα
3046 5117 3114 5172 δὲ
3153 5119 3526 5188 θεωροῦντες.

1881 5214 1992 5267 Οὐκ
2011 5212 2123 5265 ἐστι
2143 5210 2300 5264 τοῦτο
2323 5209 2579 5263 ἐναντίον.
2617 5207 2796 5260 Φωναὶ
2839 5207 2948 5277 γὰρ
2966 5205 3058 5260 δύο
3077 5201 3238 5277 ἦσαν,
3256 5210 3289 5278 ή
3315 5209 3528 5264 Παύλου

1881 5300 1974 5354 καὶ
2005 5301 2039 5370 ἡ
2077 5299 2168 5352 τοῦ
2197 5297 2398 5368 Κυρίου
2428 5315 2442 5328 ·
2484 5296 2583 5368 τὴν
2615 5296 2796 5365 φωνὴν
2841 5293 3019 5348 τοίνυν
3058 5295 3173 5349 ἐκεῖ
3201 5295 3294 5350 τοῦ
3315 5297 3529 5354 Παύλου

1880 5386 2048 5455 λέγει,
2077 5384 2381 5438 ἐνταῦθαδέ
2423 5384 2516 5437 καὶ
2572 5382 2908 5454 προσέθηκεν
2951 5381 3142 5447 είπὼν,
3177 5382 3296 5452 Τὴν
3315 5385 3529 5454 φωνὴν

1881 5471 1989 5522 οὐκ
2013 5467 2288 5536 ἤκουσαν
2311 5466 2416 5519 τοῦ
2440 5465 2778 5532 λαλοῦντός
2797 5483 2917 5534 μοι.
2943 5465 3151 5520 Οὐκοῦν
3174 5466 3256 5531 :6,
3281 5466 3528 5532 Μηδένα

1882 5555 2252 5624 θεωροῦντες,
2289 5555 2348 5606 06
2375 5551 2467 5606 :06
2502 5552 2647 5614 ίδεῖν,
2679 5551 2815 5607 ἀλλά
2852 5551 2946 5606 τοῦ
2981 5554 3055 5624 μὴ
3095 5552 3326 5607 ἀκοῦσαι
3357 5545 3526 5621 δηλω-

1879 5644 2028 5697 τικόν
2051 5644 2216 5696 ἐστιν.
2256 5641 2329 5695 06
2383 5641 2492 5712 γὰρ
2539 5635 2692 5693 εἶπεν
2735 5639 2817 5694 ὅτι
2862 5639 2923 5692 :6
2969 5639 3085 5709 φῶς
3107 5639 3207 5692 οὐκ
3249 5636 3474 5688 ἔϐλεπον
3505 5648 3523 5666 ο

1882 5730 2035 5794 ἀλλά,
2063 5729 2305 5798 Μηδένα
2333 5728 2689 5798 θεωροῦντες
2707 5727 3094 5797 ειστήκεισαν
3111 5739 3126 5756 ·
3143 5721 3405 5784 τουτέστι,
3430 5717 3522 5774 λα-

1941 5942 1966 5979 δ
1992 5943 2221 6004 Οὐδαμῶς
2239 5942 2382 5994 deest
2408 5943 2455 5993 in
2479 5941 2778 6006 quibusdam.

2919 6019 2993 6078 21
