4002 6224
435 249 539 302 529

426 363 641 421 λοῦντα.
671 364 911 429 Εἰκότως
930 364 987 417 δὲ
1026 364 1181 418 τοῦτο
1216 364 1433 435 ἐγένετο
1471 383 1486 397 ⁸
1529 366 1690 421 αὑτὸν
1716 365 1827 439 7&9
1846 365 1954 420 ἔδει
1988 365 2089 434 τῆς

424 452 607 526 φωνῆς
630 451 1030 523 καταξιωθῆναι
1051 451 1282 523 ἐκείνης.
1318 454 1384 508 Εἰ
1419 453 1528 525 7&9
1559 455 1800 525 ἥκουσαν
1823 455 2088 518 κάκεῖνοι,

423 538 523 592 οὐκ
551 540 616 592 ἂν
641 539 895 593 τοσοῦτον
946 538 1162 607 ἐγένετο
1208 541 1269 594 τὸ
1320 539 1523 613 θαῦμα.
1568 542 1784 613 Ἐπειδὴ
1825 541 2001 596 τοίνυν
2035 543 2084 595 οἰ

422 627 723 697 παχύτεροι
755 626 876 697 ὄψει
906 626 1185 682 πείθονται
1220 627 1441 700 μᾶλλον,
1461 628 1549 683 διὰ
1581 629 1742 684 τοῦτο
1767 630 1862 684 καὶ
1890 631 2088 683 ἐκεῖνοι

421 712 484 765 τὸ
514 713 630 782 φῶς
660 710 801 768 εἶδον
834 715 1013 785 μόνον,
1058 716 1195 787 ὅπερ
1246 705 1431 770 ἱκανόν
1479 712 1548 788 ἦν
1594 717 1794 781 αὐτοὺς
1852 718 2039 771 πεῖσαι
2072 732 2084 745 ⁸

421 802 542 854 ὅθεν
564 803 659 856 καὶ
689 802 917 873 ἔμφοϐοι
938 803 1410 874 γίνονται.”Αλλως
1425 805 1480 860 δὲ
1500 805 1652 879 [354]
1668 807 1728 859 οὐ
1744 807 1872 878 περὶ
1888 806 2090 870 αὐτοὺς

422 888 483 942 τὸ
531 890 647 959 φῶς
667 891 918 947 τοσοῦτον
946 895 1257 964 εἰργάσατο,
1280 894 1401 949 ὅσον
1444 897 1570 967 περὶ
1589 894 1776 949 τοῦτον
1810 911 1826 927 ⁸
1859 895 1952 948 καὶ
1979 894 2088 965 γὰρ

420 976 708 1049 ἐπήρωσεν
730 979 899 1033 αὐτοῦ
924 980 1023 1044 τὰς
1048 981 1199 1051 ὄψεις
1218 1022 1233 1046 ,
1264 982 1353 1036 διὰ
1390 982 1499 1036 τῶν
1534 985 1612 1047 εἰς
1644 982 1829 1037 τοῦτον
1859 983 2089 1052 συμϐαι-

421 1065 622 1119 νόντων
652 1068 925 1132 κάκείνοις
950 1068 1123 1133 διδοὺς
1150 1069 1450 1139 ἀναϐλέψαι
1476 1079 1518 1135 ⁸,
1544 1072 1679 1139 εἴγε
1706 1069 1915 1141 ἤθελον.
1935 1069 2088 1138 Ἐμοὶ

420 1152 552 1221 γοῦν
577 1154 724 1208 δοκεῖ
743 1156 837 1211 καὶ⁸
859 1159 1217 1228 οἰκονομικῶς
1241 1160 1483 1223 ἐκείνους
1513 1161 1587 1231 μὴ
1617 1158 1923 1225 πιστεῦσαι,
1946 1157 2086 1212 ὥστε

420 1237 560 1296 εἶναι
596 1244 879 1314 μάρτυρας
893 1246 1260 1312 ἀξιοπίστους.
1286 1244 1437 1302 Εἴπέ
1463 1266 1547 1309 τε,
1584 1250 1737 1319 φησὶ,
1770 1247 1919 1318 πρὸς
1943 1246 2046 1317 ἐμέ
2067 1264 2083 1280 ⁸

420 1329 563 1400 Ἐγώ
593 1332 709 1401 εἰμι
747 1332 985 1399 Ἰησοῦς
1012 1336 1045 1388 ό
1058 1333 1406 1403 Ναζωραῖος.
1425 1335 1497 1389 ὃν
1515 1334 1595 1389 σὺ
1621 1335 1869 1402 διώκεις.
1891 1334 2087 1398 Καλῶς

420 1418 515 1472 καὶ
540 1418 572 1487 ἡ
600 1418 751 1482 πόλις
779 1422 1118 1490 πρόσκειται,
1147 1422 1287 1476 ὥστε
1342 1422 1637 1491 ἐπιγνῶναι
1664 1424 1879 1487 αὐτούς.
1905 1424 2017 1478 Καὶ
2036 1424 2085 1477 οἱ

420 1506 706 1561 ἀπόστολοι
728 1508 900 1572 οὕτως
944 1510 1127 1579 ἔλεγον
1157 1527 1171 1542 ⁸
1207 1512 1454 1579 Ἰησοῦν
1496 1513 1605 1567 τὸν
1641 1514 1760 1569 ἀπὸ
1802 1511 2083 1581 Ναζαρέθ.

423 1592 586 1664 Ὅρα,
639 1596 735 1648 καὶ
783 1596 942 1659 αὐτὸς
988 1602 1275 1669 μαρτυρεῖ,
1333 1600 1415 1652 ὅτι
1472 1598 1748 1654 ἐδιώκετο.
1784 1599 1945 1653 Οίδὲ
1965 1600 2088 1653 σὺν

420 1682 548 1753 ἐμοὶ
580 1682 751 1748 ὄντες
777 1684 843 1737 τὸ
875 1684 994 1755 μὲν
1020 1684 1148 1755 φῶς
1174 1686 1518 1754 ἐθεάσαντο,
1553 1688 1652 1741 καί
1687 1688 1930 1758 ἔμφοϐοι
1958 1686 2085 1756 ἐγέ-

418 1789 619 1835 νοντο,
650 1772 764 1841 τὴν
797 1772 865 1826 δὲ
899 1773 1110 1847 φωνὴν
1142 1776 1254 1828 οὐκ
1300 1774 1580 1844 ἤκουσαν
1604 1775 1711 1829 τοῦ
1747 1773 2086 1840 λαλοῦντός

414 1878 535 1930 μοι.
591 1857 780 1915 Εἶπον
819 1862 889 1915 δέ
920 1878 934 1893 ·
974 1863 1036 1916 Τί
1082 1862 1337 1930 ποιήσω,
1384 1864 1591 1932 Κύριε;
1632 1864 1694 1916 '0
1755 1862 1824 1916 δὲ
1870 1864 2085 1931 Κύριος

420 1943 551 2001 εἶπε
580 1948 730 2016 πρός
756 1965 834 2018 με
868 1964 884 1981 ·
937 1948 1237 2017 Ἀναστὰς
1296 1951 1554 2018 πορεύου
1601 1951 1689 2016 εἰς
1744 1949 2080 2019 Δαμασκὸν,

421 2034 597 2089 κάκεῖ
626 2050 726 2088 σοι
770 2035 1182 2103 λαληθήσεται
1236 2037 1293 2090 τι
1335 2051 1410 2090 σε
1464 2036 1554 2090 δεῖ
1588 2035 1859 2105 ποιῆσαι.
1899 2036 1995 2103 Ὠς
2015 2036 2084 2090 δὲ

418 2125 530 2177 οὐκ
558 2122 881 2178 ἐνέϐλεπον
916 2124 1036 2178 ἀπὸ
1085 2124 1198 2193 τῆς
1247 2123 1432 2192 δόξης
1464 2124 1569 2178 τοῦ
1598 2124 1794 2194 φωτὸς
1824 2125 2079 2187 ἐκείνου,

420 2211 959 2282 χειραγωγούμενος
983 2211 1106 2267 ὑπὸ
1143 2210 1263 2265 τῶν
1291 2214 1605 2267 συνόντων
1626 2230 1751 2283 μοι,
1779 2208 1971 2283 ἦλθον
1994 2214 2083 2278 εἰς

417 2303 757 2371 Δαμασκόν.
804 2302 1082 2368 Ἀνανίας
1110 2300 1178 2354 δέ
1203 2318 1292 2368 τις
1318 2301 1473 2370 ἀνὴρ
1498 2301 1763 2370 εὐλαϐὴς
1796 2301 1947 2356 κατὰ
1969 2302 2078 2356 τόν

416 2392 626 2459 νόμον,
681 2389 1168 2460 μαρτυρούμενος
1212 2389 1335 2445 ὑπὸ
1367 2390 1609 2444 πάντων
1639 2389 1758 2443 τῶν
1803 2390 1873 2443 ἐν
1900 2391 2084 2459 Δαμα-

416 2478 549 2544 σκῷ
592 2479 914 2540 Ἰουδαίων,
937 2477 1131 2531 ἐλθὼν
1164 2478 1314 2547 πρός
1374 2495 1453 2547 με
1513 2477 1613 2533 καί
1654 2478 1926 2544 ἐπιστὰς,
1952 2475 2083 2533 εἶπέ

412 2584 513 2637 μοι
547 2584 562 2600 ·
602 2564 802 2620 Σαοὺλ
849 2564 1106 2633 ἀδελφέ,
1160 2563 1527 2633 ἀνάϐλεψον.
1580 2564 1752 2635 Κάγὼ
1797 2565 1952 2637 αὐτῇ
2004 2565 2081 2637 τῇ

420 2654 544 2723 ὄφςι
564 2652 870 2722 ἀνέϐλεψα
921 2654 1008 2719 είς
1048 2653 1254 2706 αὐτόν.
1298 2653 1572 2718 Εῖσελθε,
1621 2654 1806 2725 φησὶν,
1857 2657 1943 2722 είς
1966 2654 2082 2725 τὴν

417 2746 620 2808 πόλιν,
651 2742 828 2797 κάκεῖ
876 2756 978 2796 σοι
1031 2741 1439 2809 λαληθήσεται
1482 2744 1541 2796 τι
1581 2757 1655 2797 σε
1687 2742 1783 2798 δεῖ
1806 2743 2076 2813 ποιῆσαι.

431 2834 561 2888 Ἰδοὺ
588 2832 748 2887 πάλιν
772 2831 927 2894 ἀλλος
958 2830 1189 2903 μάρτυς.
1218 2828 1323 2883 Kal
1349 2831 1450 2901 ὅρα
1476 2831 1595 2895 πῶς
1625 2832 1785 2886 αὑτὸν
1814 2833 1908 2886 καὶ
1936 2832 2081 2897 ἀξιό-

418 2938 607 2976 πιστον
635 2922 794 2975 ποιεῖ.
842 2921 1119 2985 Ἀνανίας
1163 2916 1231 2971 δέ
1275 2934 1386 2984 τις,
1420 2919 1604 2989 φησὶν,
1632 2918 1786 2988 ἀνὴρ
1816 2919 2081 2987 εὐλαϐὴς

416 3010 568 3065 κατὰ
604 3011 711 3063 τὸν
734 3008 939 3078 νόμον,
993 3007 1479 3076 μαρτυρούμενος
1528 3008 1647 3062 ὐπὸ
1695 3008 1937 3062 πάντων
1963 3007 2081 3063 τῶν

445 3098 751 3162 Iovbalwr,
781 3096 1073 3151 εἰσελθὼν
1100 3097 1252 3164 πρός
1278 3110 1356 3164 με
1382 3094 1478 3148 καὶ
1499 3094 1770 3159 ἐπιστὰς,
1798 3091 1928 3150 εἶπέ
1938 3113 2041 3164 μοι
2062 3113 2075 3126 ’

432 3186 822 3254 Ἀνάϐλεψον.
898 3183 1086 3247 Οὕτως
1148 3182 1297 3235 οὐδὲν
1364 3181 1643 3253 ἀλλότριόν
1707 3184 1846 3238 ἐστι.
1904 3183 2080 3254 Κάγὼ

416 3274 573 3344 αὐτῇ
602 3274 676 3343 τῇ
700 3272 822 3343 ὥρᾳ
859 3272 1185 3341 ἀνέϐλεψα.
1218 3264 1352 3324 Εἶτα
1400 3271 1434 3342 ἠ
1472 3270 1562 3324 διά
1609 3270 1717 3324 τῶν
1739 3272 2079 3342 πραγμάτων

416 3362 715 3434 μαρτυρία.
770 3361 880 3415 Καὶ
923 3359 1027 3431 ὅρα
1089 3357 1177 3411 διὰ
1238 3356 1544 3428 προσώπων
1593 3359 1688 3411 καὶ
1737 3360 2078 3429 πραγμάτων

418 3452 586 3521 αὐτὴν
613 3450 975 3519 πλεκομένην,
1000 3445 1305 3517 προσώπων
1329 3445 1546 3499 οἰκείων
1564 3462 1623 3498 τε
1647 3446 1739 3499 καὶ
1762 3446 2075 3518 ἀλλοτρίων.

418 3541 695 3612 Πρόσωπα
712 3539 740 3579 δ
756 3539 806 3591 οί
835 3541 1019 3609 ἱερεῖς,
1037 3537 1088 3590 οἰ
1115 3534 1498 3606 πρεσϐύτεροι,
1519 3537 1569 3588 οἰ
1599 3536 1988 3601 συνοδεύοντες·
2010 3538 2078 3592 τὰ

417 3628 719 3698 πράγματα
745 3625 782 3680 ἀ
807 3625 999 3687 ἐποίει,
1028 3622 1064 3676 ἂ
1088 3623 1279 3676 ἐπαθε⁸
1310 3623 1406 3676 καὶ
1453 3623 1755 3694 πράγματα
1791 3625 2077 3696 πράγμασι

420 3716 729 3787 μαρτυρεῖ,
770 3713 891 3783 οὐχὶ
932 3712 1198 3783 πρόσωπα
1250 3711 1430 3782 μόνον.
1477 3712 1549 3764 Ἢ
1576 3711 1673 3764 καὶ
1711 3711 1911 3784 ἑτέρως
1935 3730 1952 3747 ο
1983 3712 2078 3767 ἀλ·-

418 3801 628 3874 λὸτριος
647 3804 675 3856 6
706 3800 958 3864 Ἀνανίας
986 3817 1000 3832 ·
1033 3795 1153 3853 εἶτα
1174 3800 1236 3853 τὸ
1259 3802 1493 3871 πρᾶγμα
1523 3800 1676 3867 αὐτὸ,
1702 3803 1735 3873 ή
1759 3802 2074 3872 ἀνάδλεψιςο

417 3888 538 3947 εἶτα
583 3890 889 3965 προφητεία
920 3889 1151 3961 μεγάλη.
1190 3889 1252 3943 '0
1276 3888 1345 3943 δὲ
1388 3886 1549 3957 εἷπε,
1595 3892 1778 3962 φησίν·
1816 3890 1880 3945 '0
1932 3891 2077 3961 Θεὸς

417 3980 535 4035 τῶν
551 3979 823 4050 πατέρων
852 3976 1028 4047 ἡμῶν
1056 3978 1513 4047 προεχειρίσατό
1534 3993 1610 4032 σε
1646 3977 1868 4049 γνῶναι
1890 3980 1955 4035 τὸ
1984 3981 2077 4037 θέ-

416 4075 580 4140 λημα
604 4068 813 4135 αὑτοῦ,
835 4066 934 4121 καί
960 4065 1110 4121 ιδεῖν
1137 4066 1249 4120 τόν
1269 4065 1524 4121 δίκαιον.
1548 4065 1746 4129 Καλῶς
1773 4065 1917 4134 εἷπε,
1955 4069 2077 4124 Τῶν

416 4157 704 4227 πατέρων,
738 4157 824 4210 ἴνα
855 4155 1006 4227 δείξῃ
1043 4154 1245 4219 αὐτοὺς
1282 4155 1383 4208 οὐκ
1407 4154 1570 4217 ὄντας
1601 4154 1910 4219 Ἰουδαίους,
1939 4156 2077 4212 ἀλλά

415 4247 734 4318 ἀλλοτρίους
763 4244 857 4298 τοῦ
884 4244 1074 4315 νόμου,
1102 4243 1198 4297 καὶ
1219 4242 1418 4311 φθόνῳ,
1435 4241 1557 4312 οὐχὶ
1585 4240 1733 4312 ζήλῳ
1765 4241 2072 4309 ποιοῦντας.

414 4333 672 4398 Γνῶναι,
695 4332 849 4401 φησὶ,
882 4331 945 4384 τὸ
969 4328 1199 4397 θέλημα
1257 4327 1464 4394 αὐτοῦ,
1517 4328 1615 4381 καὶ
1649 4327 1799 4382 ίδεῖν
1837 4329 1945 4383 τὸν
1986 4329 2075 4384 δί-

414 4435 605 4472 καιον.
638 4414 849 4471 Οὐκοῦν
876 4413 1043 4469 αὑτοῦ
1084 4413 1299 4483 θέλημα
1329 4413 1505 4467 τοῦτο.
1539 4413 1683 4485 Ὅρα
1720 4414 1838 4479 πῶς
1879 4416 1938 4468 ἐν
1986 4417 2075 4471 τά-

413 4508 494 4575 ξει
518 4505 827 4576 διηγήσεως
866 4500 1183 4555 διδασκαλία
1235 4499 1373 4557 ἐστί.
1408 4501 1517 4555 Καὶ
1556 4501 1815 4556 ἀκοῦσαι
1862 4503 2074 4573 φωνὴν

412 4595 481 4648 ἐκ
498 4593 605 4647 τοῦ
638 4589 936 4660 στόματος
968 4587 1177 4653 αὑτοῦ,
1207 4586 1298 4641 ὅτι
1318 4588 1433 4658 ἔσῃ
1453 4587 1686 4659 μάρτυς
1700 4591 1890 4646 αὐτοῦ
1921 4593 2073 4662 πρὸς

412 4681 646 4748 πάντας
672 4676 1039 4747 ἀνθρώπους,
1074 4668 1163 4730 ὧν
1200 4674 1465 4744 ἑώρακας
1494 4677 1591 4731 καί
1631 4676 1922 4746 ἤκουσας.
1958 4681 2070 4736 Kal

415 4769 576 4839 ἰδεῖν,
597 4768 750 4841 φησὶ,
778 4766 884 4820 τὸν
921 4763 1157 4818 δίκαιον
1186 4780 1201 4794 ⁸
1254 4763 1393 4827 τέως
1425 4763 1586 4819 τοῦτο
1622 4764 1790 4836 λέγει.
1812 4768 1876 4822 Εἰ
1908 4768 1967 4822 δὲ
1995 4768 2071 4822 δί-

412 4879 586 4927 καιος,
623 4854 768 4914 οὗτοι
811 4855 1119 4911 ὑπεύθυνοι.
1148 4854 1258 4909 Kal
1303 4853 1562 4910 ἀκοῦσαι
1608 4856 1818 4926 φωνὴν
1869 4858 1938 4912 ἐκ
1962 4859 2070 4914 τοῦ

412 4951 708 5021 στόματος
733 4945 941 5002 αὐτοῦ.
971 4945 1114 5013 Ὅρα
1152 4941 1269 5007 πῶς
1316 4941 1378 4995 τὸ
1420 4944 1652 5015 πρᾶγμα
1676 4944 1911 5016 ἐπαίρει.
1942 4947 2070 5001 Ὀτι

410 5040 549 5107 ἔσῃ,
586 5037 739 5108 φησὶ,
769 5033 999 5105 μάρτυς
1038 5030 1246 5086 αὐτοῦ.
1282 5030 1493 5087 Οὐκοῦν
1515 5032 1603 5087 διά
1628 5032 1787 5086 τοῦτο
1828 5034 1890 5088 ού
1934 5051 2069 5107 προ-

410 5125 599 5187 δώσεις
618 5124 716 5194 τὴν
740 5122 883 5192 ὄψιν,
930 5121 1026 5175 καὶ
1060 5120 1161 5191 τὴν
1206 5118 1488 5190 ἀκρόασιν,
1518 5113 1593 5175 ὧν
1625 5137 1686 5175 τε
1712 5119 1963 5193 ἑώρακας
1992 5116 2067 5177 ὧν

409 5228 468 5264 τε
489 5212 726 5280 ἡκουσας
757 5227 771 5241 ·
800 5210 851 5262 δι
868 5209 880 5229 ⁹
899 5207 1174 5280 ἑκατέρων
1200 5206 1309 5260 τῶν
1342 5206 1644 5279 αἰσθήσεων
1666 5209 1827 5263 αὐτὸν
1847 5210 2067 5263 πιστοῦ-

409 5317 519 5352 ται.
546 5298 655 5351 Kal
677 5297 794 5351 νῦν
835 5297 892 5350 τι
939 5296 1217 5365 μέλλεις;
1280 5296 1563 5363 Ἀναστὰς
1612 5295 1931 5364 βάπτισαι,
1965 5297 2063 5351 καί

408 5387 747 5442 ἀπόλουσαι
784 5385 890 5449 τὰς
920 5383 1208 5452 ἁμαρτίας
1264 5396 1404 5450 σου,
1458 5383 1971 5456 ἐπικαλεσάμενος
1996 5384 2063 5437 τὸ

409 5478 595 5544 ὄνομα
627 5471 835 5527 αὑτοῦ.

476 5569 548 5633 γ’.
566 5558 823 5615 Ἐνταῦθα
841 5557 982 5630 μέγα
993 5557 1314 5629 ἐφθέγξατο.
1328 5560 1403 5614 Οὐ
1414 5560 1523 5631 7&9
1540 5554 1812 5624 εἶπεν.Εἰς
1823 5564 1882 5614 τὸ
1892 5562 2063 5635 ὄνομα

407 5651 572 5707 αὐτοῦ
596 5649 850 5721 βάπτισαι
871 5664 883 5677 ⁸
906 5647 1043 5714 ἀλλ’,
1061 5648 1599 5718 Ἐπικαλεσάμενος
1621 5649 1687 5702 τὸ
1708 5648 1855 5722 [555]
1873 5651 2062 5721 ὄνομα

405 5740 515 5795 τοῦ
530 5737 811 5808 Χριστοῦ.
861 5737 1031 5793 Τοῦτο
1084 5737 1141 5792 δὲ
1193 5736 1503 5801 δεικνύντος
1550 5737 1699 5792 ἐστὶν
1738 5738 1899 5792 αὐτὸν
1926 5739 2060 5796 Θεὸν

407 5949 440 6000 d
484 5887 671 6001 “‘Uilgus
690 5889 873 5953 codex,
910 5890 1126 5948 κάκείνης
1183 5887 1358 5939 ἔδωκεν
1398 5885 1681 5948 ἀναϐλέψαι.
1744 5886 1773 5928 b
1798 5887 2045 5951 Πρόσωπα

444 5963 529 6001 ea:
649 5964 762 6001 uno.

444 5963 552 6005 θεει
577 5963 626 5999 1n
649 5964 762 6001 uno.

1207 247 1266 306 S.
1301 246 1590 305 JOANMS
1622 240 2110 307 CIIRYSOSTOMI
2132 245 2453 304 ABCHIEP.
2476 245 3019 305 CONSTANTINOP.

2193 363 2327 417 δντα
2357 373 2380 402 ο
2423 378 2439 394 ⁸
2474 364 2533 417 οὐ
2569 363 2679 435 γὰρ
2711 363 2791 417 ἔνι
2829 364 3014 436 ἕτερόν
3068 380 3188 418 τινα
3218 364 3669 433 ἐπικαλέσασθαι,
3698 368 3751 421 εἰ
3791 368 3869 441 μὴ

2194 449 2285 503 τὸν
2319 449 2473 503 Θεόν.
2501 447 2636 503 Εἶτα
2665 450 2903 505 δείκνυσι
2951 451 3046 505 καὶ
3074 452 3262 506 ἐαυτὸν
3305 452 3405 506 οὐκ
3435 453 3867 521 ἀναγκασθέντα

2194 529 2363 598 δι’,ὧν
2384 537 2565 606 λέγει·
2610 538 2669 592 '0
2695 539 2764 592 δέ
2791 540 3004 607 Κύριος
3021 536 3151 594 εἶπε
3175 542 3322 609 πρός
3342 557 3418 610 με
3438 555 3455 570 ⁸
3483 541 3760 609 Πορεύου
3778 547 3867 609 εἰς

2194 626 2535 695 Δαμασκὸν,
2560 626 2735 682 κάκεῖ
2748 643 2843 682 σοι
2860 628 3271 696 λαληθήσεται
3299 628 3357 681 τί
3377 644 3450 682 σε
3473 628 3573 683 δεῖ
3582 629 3862 697 ποιῆσαι.

2194 712 2360 766 Οὐδὲν
2391 712 2730 785 ἀμάρτυρον,
2760 714 2895 769 ἀλλὰ
2944 715 3151 778 πόλεως
3199 714 3493 786 ὁλοκλήρου
3549 717 3863 788 μαρτυρίαν

2192 802 2455 872 παράγει,
2480 802 2515 873 ἦ
2544 820 2608 871 γε
2637 804 2730 858 καὶ
2751 800 2891 857 εἶδεν
2946 803 3111 857 αὐτὸν
3160 803 3698 875 χειραγωγούμενον.
3721 806 3861 877 Ὅρα

2190 888 2248 940 δὲ
2273 890 2368 941 καὶ
2397 887 2495 959 τὴν
2525 891 2860 962 προφητείαν
2894 890 3235 955 ἐξελθοῦσαν,
3270 890 3337 962 ἦν
3368 891 3572 961 ἢκουσε
3608 892 3861 965 μάρτυρα

2191 976 2352 1030 αὐτὸν
2381 976 2600 1031 ἔσεσθαι
2639 978 2734 1032 τοῦ
2787 980 3018 1051 Κυρίου.
3068 980 3296 1051 Μάρτυς
3328 979 3439 1051 γὰρ
3482 979 3661 1044 ὅντως
3698 980 3857 1035 αὐτοῦ

2190 1061 2399 1131 γέγονε,
2429 1064 2525 1117 καὶ
2559 1063 2766 1135 μάρτυς
2798 1065 2875 1130 ὡς
2898 1065 3026 1137 χρὴ.
3063 1066 3157 1119 καὶ
3188 1066 3255 1119 δι’
3292 1058 3368 1119 ὧν
3401 1066 3631 1138 ἔπραξε,
3660 1070 3763 1121 καὶ
3782 1068 3857 1121 δι’

2190 1142 2264 1203 ὧν
2297 1146 2441 1206 εἷπε.
2470 1150 2759 1216 Τοιούτους
2795 1153 2892 1207 καὶ
2925 1155 3072 1224 ἡμᾶς
3118 1152 3259 1207 εἶναι
3290 1155 3394 1224 χρὴ
3421 1154 3738 1228 μάρτυρας,
3768 1158 3859 1210 καὶ

2195 1238 2269 1308 μὴ
2307 1237 2632 1309 προδιδόναι,
2680 1239 2716 1292 ἂ
2768 1241 3227 1312 ἐνεπιστεύθημεν
3254 1257 3269 1272 ⁸
3299 1242 3360 1295 οὑ
3414 1244 3545 1315 περὶ
3572 1244 3859 1315 δογμάτων

2190 1325 2333 1394 λέγω
2366 1325 2546 1395 μόνον,
2576 1325 2711 1379 ἀλλὰ
2748 1328 2839 1380 καὶ
2874 1329 3001 1399 περὶ
3049 1328 3184 1399 βίου.
3221 1330 3364 1401 Ὅρα
3397 1331 3509 1401 γάρ
3536 1344 3549 1358 ⁸
3582 1332 3668 1385 ὃτι
3698 1327 3856 1398 εἷδεν,

2189 1408 2270 1461 ὅτι
2297 1409 2519 1479 ἤκουσε,
2555 1413 2821 1480 μαρτυρεῖ
2839 1413 3003 1464 πᾶσιν
3031 1410 3361 1484 ἀνθρώποις,
3384 1413 3479 1466 καὶ
3506 1413 3662 1466 οὐδὲν
3694 1415 3855 1468 αὑτὸν

2190 1494 2457 1549 ἐκώλυσε.
2492 1496 2603 1549 Kal
2634 1498 2793 1567 ἡμεῖς
2828 1498 3161 1569 ἠκούσαμεν,
3202 1501 3283 1553 ὅτι
3324 1499 3351 1540 ἀ
3383 1500 3531 1555 ἐστιν
3565 1502 3857 1566 ἀνάστασις

2191 1584 2283 1635 καὶ
2310 1582 2479 1654 μυρία
2515 1583 2695 1652 ἀγαθά
2729 1599 2745 1614 ⁸
2777 1583 2973 1639 οὐκοῦν
3000 1586 3285 1657 ὀφείλομεν
3307 1587 3470 1641 τοῦτο
3503 1592 3858 1661 μαρτυρῆσαι

2189 1671 2354 1723 πᾶσιν
2400 1670 2723 1741 ἀνθρώποις.
2769 1671 2880 1725 Καὶ
2944 1674 3051 1744 μὴν
3106 1674 3515 1747 μαρτυροῦμεν,
3571 1678 3733 1747 φησι,
3770 1678 3859 1730 καὶ

2188 1756 2536 1828 πιστεύομεν.
2574 1758 2718 1825 Πῶς,
2760 1760 3021 1814 τάναντία
3043 1763 3408 1833 πράττοντες;
3440 1763 3578 1819 Εἰπὲ
3610 1764 3677 1836 δή
3714 1782 3809 1836 μοι
3837 1782 3850 1796 ⁸

2187 1845 2242 1898 εῖ
2263 1862 2347 1909 τις
2379 1846 2572 1900 ἑαυτὸν
2606 1846 2760 1915 ἐλεγε
2800 1849 3148 1919 Χριστιανὸν,
3193 1847 3310 1905 εἶτα
3342 1852 3588 1917 ἀποστὰς
3618 1858 3691 1907 τά
3725 1854 3851 1907 ’1ου-

2189 1936 2352 1989 δαῖκά
2385 1936 2627 2008 ἐφρόνει,
2681 1935 2792 2007 ἀρα
2837 1938 3068 2007 ἤρκεσεν
3120 1937 3187 1992 ἂν
3238 1941 3273 2011 ὴ
3332 1942 3613 2013 μαρτυρία
3674 1940 3854 2014 αὖτης

2188 2022 2452 2094 Οὐδαμῶς
2482 2039 2497 2054 ⁸
2538 2023 2646 2077 ἀπὸ
2676 2024 2784 2094 7&9
2807 2024 2916 2077 τῶν
2945 2022 3120 2095 ἐργων
3149 2024 3248 2097 τὴν
3285 2030 3590 2100 μαρτυρίαν
3623 2026 3854 2102 ἐζήτουν

2188 2109 2272 2163 ἀν.
2305 2110 2459 2163 Οὖτω
2478 2111 2543 2182 δὴ
2575 2112 2666 2164 καὶ
2696 2113 2876 2183 ἡμεῖς,
2920 2114 2969 2165 εἰ
3021 2112 3251 2183 λέγομεν
3278 2114 3361 2168 ὅτι
3394 2116 3699 2182 ἀνάστασίς
3742 2120 3854 2176 ἐστι

2188 2198 2284 2252 καὶ
2307 2198 2475 2269 μυρία
2497 2198 2697 2267 ἀγαθὰ,
2736 2193 2857 2252 εἶτα
2914 2201 3365 2272 καταφρονοῦμεν
3424 2206 3633 2272 αὐτῶν,
3662 2208 3761 2262 καὶ
3783 2209 3851 2262 τά

2188 2283 2427 2338 ἐνταῦθα
2455 2285 2841 2356 προτιμῶμεν,
2886 2285 2969 2350 τίς
3006 2288 3157 2358 νήμῖν
3208 2290 3520 2359 πιστεύσει;
3544 2293 3607 2346 οὐ
3638 2292 3751 2365 γὰρ
3773 2289 3853 2357 οἷς

2187 2370 2438 2441 λέγομεν,
2490 2371 2605 2425 ἀλλ’
2660 2368 2742 2436 οἷς
2808 2374 3121 2447 πράττομεν
3171 2379 3536 2448 προσέχουσιν
3590 2381 3851 2445 ἅπαντες.

2186 2457 2428 2527 Μάρτυς
2453 2459 2590 2527 ἔσῃ,
2626 2460 2780 2530 φησὶ,
2830 2460 2982 2529 πρὸς
3028 2462 3260 2531 πάντας
3311 2465 3666 2534 ἀνθρώπους
3688 2484 3704 2499 ⁸
3738 2469 3858 2538 οὐχὶ

2188 2545 2326 2618 πρὸς
2344 2547 2470 2611 τοὺς
2492 2546 2728 2611 οἰκείους
2756 2548 2939 2619 μόνον,
2975 2550 3112 2604 ἀλλά
3134 2551 3230 2605 καὶ
3259 2550 3395 2622 πρὸς
3416 2553 3543 2615 τοὺς
3565 2554 3856 2620 ἀπίστους

2185 2635 2234 2687 οἰ
2259 2634 2366 2705 γὰρ
2409 2634 2686 2707 μάρτυρες
2710 2636 2869 2690 τοῦτό
2890 2638 3049 2704 εἰσιν,
3076 2638 3198 2710 οὐχὶ
3228 2640 3354 2706 τοὺς
3395 2640 3606 2706 εἰδότας
3636 2643 3859 2697 πείθου-

2188 2740 2291 2783 σιν,
2317 2722 2451 2775 ἀλλά
2481 2724 2606 2787 τοὺς
2634 2724 2734 2777 οὐκ
2757 2724 2984 2789 εἰδότας.
3021 2715 3311 2797 Γενώμεθα
3357 2727 3659 2793 ἀξιόπιστοι
3723 2732 3861 2804 μάρ-

2184 2826 2365 2880 τυρες.
2394 2811 2517 2875 Πῶς
2575 2810 2632 2864 δέ
2686 2810 2923 2883 ἐσόμεθα
2971 2813 3310 2881 ἀξιόπιστοι;
3362 2814 3494 2868 Ἀπὸ
3545 2815 3643 2869 τοῦ
3702 2816 3849 2887 βίου.

2199 2896 2484 2951 Ἐπέθεντο
2514 2898 2708 2969 ἐκείνῳ
2758 2900 3001 2953 Ἰουδαῖοι
3037 2914 3051 2929 ⁸
3088 2902 3421 2956 ἐπιτίθενται
3444 2905 3574 2975 ἡμῖν
3605 2904 3678 2958 τά
3698 2906 3852 2979 πάθη

2185 2983 2480 3038 κελεύοντα
2509 2985 2873 3056 ἐξομόσασθαι
2912 2988 3012 3059 τὴν
3048 2989 3371 3061 μαρτυρίαν.
3420 2992 3581 3046 Ἀλλά
3629 2994 3708 3066 μὴ
3730 3012 3854 3049 πει-

2186 3070 2408 3142 θώμεθα
2448 3087 2464 3102 ⁸
2502 3072 2779 3145 μάρτυρές
2806 3076 2972 3145 ἐσμεν
3008 3076 3164 3147 παρά
3187 3078 3283 3131 τοῦ
3321 3078 3457 3133 Θεοῦ
3487 3081 3852 3152 πεμφθέντες.

2184 3159 2446 3229 Κρίνεται
2500 3161 2654 3231 παρά
2698 3161 3007 3232 ἀνθρώποις
3048 3163 3191 3217 τισὶν
3220 3166 3249 3219 6
3296 3164 3448 3230 Θεδς,
3495 3168 3705 3224 ὅτιούκ
3734 3170 3856 3224 ἐστι

2185 3248 2317 3312 Θεός
2349 3265 2363 3279 ·
2396 3248 2641 3319 ἐπεμψεν
2671 3251 2818 3321 ἡμᾶς
2847 3253 3299 3325 μαρτυρήσοντας
3338 3254 3509 3327 αὐτῷ.
3546 3259 3854 3331 Μαρτυρήο

2186 3353 2366 3406 σωμεν
2394 3338 2489 3389 καὶ
2520 3337 2796 3409 πείσωμεν
2833 3340 2959 3403 τοὺς
2982 3339 3302 3406 δικάζοντας
3330 3357 3343 3370 ⁸
3377 3343 3444 3398 ἂν
3463 3343 3534 3415 μὴ
3561 3348 3855 3419 μαρτυρή-

2185 3440 2389 3494 σωμεν,
2417 3424 2511 3477 καὶ
2538 3424 2638 3495 τῆς
2687 3425 2911 3481 ἐκείνων
2962 3427 3167 3499 πλάνης
3188 3430 3351 3501 ἡμεῖς
3381 3431 3540 3503 ἐσμεν
3566 3432 3756 3487 αῖτιοι.
3787 3435 3855 3489 Εἰ

2181 3511 2241 3565 δέ
2267 3513 2324 3566 ἐν
2356 3511 2716 3584 δικαστηρίῳ,
2747 3512 2876 3567 ἔνθα
2906 3512 3141 3584 βιωτικά
3169 3518 3471 3589 πράγματα
3492 3559 3507 3584 ,
3536 3520 3640 3574 οὐκ
3672 3520 3741 3576 ἄν
3767 3538 3852 3587 τις

2181 3599 2398 3667 δέξαιτο
2439 3601 2697 3673 μάρτυρα
2730 3604 2942 3673 μυρίων
2965 3603 3205 3675 γέμοντα
3234 3607 3455 3661 κακῶνο
3489 3608 3670 3676 πολλῷ
3710 3610 3848 3681 μᾶλ-

2181 3687 2271 3743 λον
2300 3689 2555 3756 ἐνταῦθα,
2580 3690 2710 3745 ἔνθα
2753 3693 2882 3764 περὶ
2921 3692 3176 3747 τοιούτων
3217 3697 3559 3767 πραγμάτων
3595 3699 3630 3769 ἡ
3663 3698 3852 3769 σκέψις

2181 3779 2353 3834 ἐστίν.
2388 3779 2578 3851 Ἡμεῖς
2607 3779 2860 3852 λέγομεν,
2894 3781 2976 3836 ὅτι
3004 3782 3318 3854 ἠκούσαμεν
3355 3783 3449 3837 τοῦ
3475 3786 3738 3858 Χριστοῦ,
3760 3788 3853 3842 καὶ

2182 3867 2508 3939 πιστεύομεν
2547 3861 2627 3932 οἷς
2646 3869 3010 3938 ἐπηγγείλατο
3038 3883 3052 3897 ⁸
3088 3869 3336 3938 λέγουσιν
3368 3872 3593 3927 ἐκεῖνον
3629 3874 3852 3939 Δείξατε

2179 3954 2336 4009 τοῦτο
2363 3955 2452 4009 διὰ
2503 3954 2613 4007 τῶν
2674 3954 2850 4024 ἔργων
2877 3972 2894 3989 ο
2934 3958 2963 4010 6
3010 3956 3118 4029 7&9
3157 3956 3272 4029 βίος
3330 3958 3486 4029 ὑμῶν
3525 3960 3593 4014 τά
3633 3962 3853 4017 ἐναντία

2182 4044 2468 4115 μαρτυρεῖ,
2495 4042 2578 4096 ὅτι
2596 4042 2658 4095 οὺ
2690 4042 2997 4098 πιστεύετε.

2250 4128 2385 4192 Τοὺς
2403 4129 2928 4201 χρηματιζομένους,
2947 4130 3073 4195 τοὺς
3101 4131 3471 4204 ἁρπάζοντας,
3495 4134 3625 4199 τοὺς
3657 4134 3851 4190 πλεον-

2177 4216 2467 4281 εκτοῦντας
2506 4217 2761 4288 βούλεσθε
2825 4218 3059 4291 ῐδωμεν;
3107 4222 3235 4286 τοὺς
3288 4222 3658 4289 πενθοῦντας,
3720 4226 3849 4291 τοὺς

2179 4304 2570 4374 κοπτομένους,
2601 4306 2728 4370 τοὺς
2749 4306 3187 4378 οἰκοδομοῦντας,
3212 4310 3341 4375 τοὺς
3382 4313 3561 4367 πάντα
3584 4329 3846 4386 πραγμα-

2178 4391 2526 4462 τευομένους,
2572 4391 2648 4456 ὡς
2688 4394 2790 4448 οὐκ
2845 4395 3356 4469 ἀποθανουμένουςς
3418 4400 3484 4454 Εἰ
3543 4400 3728 4457 τοίνυν
3766 4402 3850 4457 ὅτι

2177 4478 2536 4535 ἀποθανεῖσθε
2588 4482 2652 4534 οὐ
2699 4483 3007 4548 πιστεύετε,
3057 4486 3349 4559 πράγματι
3399 4487 3543 4543 οὕτω
3576 4489 3727 4563 δήλῳ
3756 4490 3851 4545 καὶ

2178 4566 2421 4638 φανερῷ,
2452 4567 2572 4632 πῶς
2590 4569 2719 4640 ὑμῖν
2744 4571 3108 4643 πιστεύσομεν
3135 4575 3503 4649 μαρτυροῦσιν
3523 4594 3539 4643 ;
3561 4578 3685 4632 Εἰσὶ
3716 4579 3847 4650 7&9,

2176 4653 2285 4707 εἰσί
2311 4654 2497 4709 πολλοὶ
2523 4655 2631 4710 τῶν
2661 4656 2984 4728 ἀνθρώπων,
3018 4660 3068 4714 οἳ
3105 4660 3248 4716 οὕτω
3282 4661 3608 4729 διάκεινται,
3641 4667 3722 4729 ὡς
3750 4666 3849 4720 οὐκ

2175 4741 2626 4814 ἀποθανούμενοι.
2655 4745 2823 4799 Ὅταν
2869 4747 2979 4819 γὰρ
3030 4749 3089 4801 ἐν
3142 4750 3289 4822 γήρᾳ
3328 4751 3527 4825 μακρῷ
3569 4752 3846 4824 ἀρχωνται

2174 4829 2476 4901 οἰκοδομεῖν
2508 4831 2602 4886 καὶ
2630 4836 2920 4906 γεωργεῖν,
2944 4834 3073 4888 πότε
3099 4835 3359 4909 λογισμὸν
3384 4838 3650 4911 λήψονται
3678 4840 3844 4895 θανά-

2172 4917 2400 4983 τουςού
2439 4919 2610 4991 μικρὰ
2645 4921 2679 4992 ἡ
2722 4922 2945 4987 κόλασις
2976 4924 3110 4994 ἡμῖν
3163 4924 3410 4997 κληθεῖσι
3448 4928 3550 4998 μὲν
3580 4928 3663 4993 εἰς
3710 4946 3845 5004 μαρ;

2171 5004 2387 5076 τυρίαν,
2435 5006 2510 5078 μὴ
2564 5005 2838 5079 δυνηθεῖσι
2880 5009 2937 5063 δέ
2993 5013 3629 5086 μρτυρῆσαιάεῶομεν
3673 5014 3839 5090 [5561.

2172 5092 2402 5165 Εῖδομεν
2469 5097 2562 5149 καὶ
2615 5098 2780 5168 ἡμεῖς
2838 5098 3139 5172 ὀφθαλμοῖς
3197 5103 3324 5167 τοὺς
3378 5104 3684 5175 ἀγγέλους,
3753 5110 3843 5163 καὶ

2173 5181 2503 5267 σαφέστερον
2567 5182 2679 5237 τῶν
2727 5185 3068 5257 ἑωρακότων.
3127 5190 3337 5246 Οὐκοῦν
3406 5197 3842 5267 μαρτυρήσωμεν

2169 5266 2247 5337 τῷ
2272 5268 2513 5339 Χριστῷ·
2544 5270 2606 5322 ού
2659 5270 2765 5345 7&9
2816 5273 2880 5345 δὴ
2927 5275 3126 5329 ἐκεῖνοι
3176 5277 3452 5350 μάρτυρες
3498 5266 3686 5350 μόνον,
3711 5266 3842 5338 ἀλλά

2169 5356 2265 5409 καὶ
2332 5358 2511 5427 ἡμεῖς.
2556 5360 2656 5413 Διά
2704 5361 2862 5415 τοῦτο
2894 5365 3090 5419 ἐκεῖνοι
3144 5365 3393 5434 λέγονται
3432 5369 3735 5442 μάρτυρες,
3764 5373 3842 5425 ὅτι

2170 5444 2515 5515 κελευόμενοι
2582 5447 2949 5518 ἐξομόσασθαι
3024 5454 3202 5508 πάντα
3270 5454 3638 5525 ὑπομένουσιν
3667 5502 3685 5525 ,
3760 5461 3842 5514 ἵνα

2166 5528 2266 5598 τὴν
2319 5528 2576 5599 ἀλήθειαν
2606 5532 2825 5586 είπωσν
2865 5535 2958 5588 καὶ
2990 5538 3170 5607 ἡμεῖς,
3203 5536 3334 5590 ὅταν
3368 5538 3473 5592 ὑπὸ
3509 5540 3621 5593 τῶν
3658 5542 3846 5596 παθὼν

2168 5613 2518 5686 κελευώμεθα
2575 5619 2960 5691 ἐξομόσασθαι,
3024 5624 3101 5695 μὴ
3145 5625 3459 5696 ἡττώμεθα.
3520 5628 3583 5681 Ὀ
3643 5631 3845 5699 χρυσὸς

2165 5702 2333 5770 λέγει·
2375 5703 2531 5769 Εἰπὲ,
2571 5705 2654 5760 ὅτι
2690 5710 2720 5761 6
2762 5710 2998 5781 Χριστὸς
3046 5712 3146 5765 οὐκ
3187 5712 3303 5767 ἔστι
3350 5715 3607 5786 Χριστός·
3637 5718 3717 5789 μὴ
3753 5715 3843 5773 οὖν

2165 5790 2330 5845 ἄκουε
2369 5789 2434 5842 σὺ
2477 5790 2554 5857 ὼς
2590 5792 2750 5860 Θεοῦ,
2813 5797 2953 5852 ἀλλά
3007 5796 3424 5870 καταφρόνησον
3467 5802 3579 5855 τῶν
3628 5804 3840 5858 ἐκείνου

2242 5893 2265 5923 ⁸
2444 5894 2615 5969 γορᾴᾱη
2636 5899 2693 5947 τὸ
2917 5899 3065 5969 αυτοῦ
3094 5901 3344 5969 δείκνυσινῇ
3358 5906 3500 5953 αὐτὸν
3543 5906 3668 5955 θεὸν
3707 5908 3838 5969 ὄντα,

2164 5953 2386 6016 brevius,
2409 5956 2499 6005 sed
2516 5953 2662 6009 beris.
2727 5960 2754 6001 ά
2774 5953 2936 6018 Αἶίιιε,
2959 5966 3088 6027 ἡμεῖς
3113 5967 3435 6029 μαρτυροῦμεν
3460 5971 3549 6021 ὅτι.
