  <div class='ocr_page' id='page_1' title='image "/cluster/home/n/w/nwhite01/storage/ocr_20150623/60/hvd.32044073501942/336.png"; bbox 0 0 4002 6224; ppageno 0'>
   <div class='ocr_carea' id='block_1_1' title="bbox 173 261 2489 345">
    <p class='ocr_par' dir='ltr' id='par_1_1' title="bbox 173 261 2489 345">
     <span class='ocr_line' id='line_1_1' title="bbox 173 261 2489 345; baseline -0.004 -19"><span class='ocrx_word' id='word_1_1' title='bbox 173 285 260 345; x_wconf 52' lang='grc'><strong>329</strong></span> <span class='ocrx_word' id='word_1_2' title='bbox 1132 265 1197 323; x_wconf 83' lang='grc' dir='ltr'><strong>ΙΝ</strong></span> <span class='ocrx_word' id='word_1_3' title='bbox 1235 263 1414 322; x_wconf 85' lang='lat' dir='ltr'><strong>ACTA</strong></span> <span class='ocrx_word' id='word_1_4' title='bbox 1454 261 1974 321; x_wconf 80' lang='lat' dir='ltr'><strong>APOSTOLORUM.</strong></span> <span class='ocrx_word' id='word_1_5' title='bbox 2017 261 2246 318; x_wconf 81' lang='lat' dir='ltr'><strong>HOMIL.</strong></span> <span class='ocrx_word' id='word_1_6' title='bbox 2285 261 2489 317; x_wconf 81' lang='lat' dir='ltr'><strong>XLVII.</strong></span> 
     </span>
    </p>
   </div>
   <div class='ocr_carea' id='block_1_2' title="bbox 173 377 1716 456">
    <p class='ocr_par' dir='ltr' id='par_1_2' title="bbox 173 377 1716 456">
     <span class='ocr_line' id='line_1_2' title="bbox 173 377 1716 456; baseline -0.016 -1"><span class='ocrx_word' id='word_1_7' title='bbox 173 401 268 456; x_wconf 74' lang='lat' dir='ltr'><strong>hxc</strong></span> <span class='ocrx_word' id='word_1_8' title='bbox 292 389 573 451; x_wconf 79' lang='lat' dir='ltr'><strong>contraria.</strong></span> <span class='ocrx_word' id='word_1_9' title='bbox 624 387 747 442; x_wconf 80' lang='lat' dir='ltr'><strong>Duae</strong></span> <span class='ocrx_word' id='word_1_10' title='bbox 786 396 1012 452; x_wconf 87' lang='lat' dir='ltr'><strong>namque</strong></span> <span class='ocrx_word' id='word_1_11' title='bbox 1049 393 1207 434; x_wconf 87' lang='lat' dir='ltr'><strong>voces</strong></span> <span class='ocrx_word' id='word_1_12' title='bbox 1244 385 1419 445; x_wconf 90' lang='lat' dir='ltr'><strong>erant,</strong></span> <span class='ocrx_word' id='word_1_13' title='bbox 1468 377 1617 432; x_wconf 81' lang='lat' dir='ltr'><strong>Pauli</strong></span> <span class='ocrx_word' id='word_1_14' title='bbox 1660 383 1716 431; x_wconf 87' lang='lat' dir='ltr'><strong>et</strong></span> 
     </span>
    </p>
   </div>
   <div class='ocr_carea' id='block_1_3' title="bbox 174 468 1717 547">
    <p class='ocr_par' dir='ltr' id='par_1_3' title="bbox 174 468 1717 547">
     <span class='ocr_line' id='line_1_3' title="bbox 174 468 1717 547; baseline -0.014 -6"><span class='ocrx_word' id='word_1_15' title='bbox 174 486 362 547; x_wconf 82' lang='lat' dir='ltr'><strong>Domini</strong></span> <span class='ocrx_word' id='word_1_16' title='bbox 389 502 402 539; x_wconf 93' lang='lat'><strong>:</strong></span> <span class='ocrx_word' id='word_1_17' title='bbox 432 482 501 538; x_wconf 89' lang='lat' dir='ltr'><strong>de</strong></span> <span class='ocrx_word' id='word_1_18' title='bbox 527 493 660 535; x_wconf 90' lang='lat' dir='ltr'><strong>voce</strong></span> <span class='ocrx_word' id='word_1_19' title='bbox 685 485 858 531; x_wconf 90' lang='lat' dir='ltr'><strong>autem</strong></span> <span class='ocrx_word' id='word_1_20' title='bbox 885 472 1030 529; x_wconf 85' lang='lat' dir='ltr'><strong>Pauli</strong></span> <span class='ocrx_word' id='word_1_21' title='bbox 1059 470 1166 525; x_wconf 92' lang='lat' dir='ltr'><strong>illic</strong></span> <span class='ocrx_word' id='word_1_22' title='bbox 1191 470 1451 540; x_wconf 91' lang='lat' dir='ltr'><strong>loquitur;</strong></span> <span class='ocrx_word' id='word_1_23' title='bbox 1477 468 1565 522; x_wconf 90' lang='lat' dir='ltr'><strong>hic</strong></span> <span class='ocrx_word' id='word_1_24' title='bbox 1590 481 1717 521; x_wconf 87' lang='lat' dir='ltr'><strong>vero</strong></span> 
     </span>
    </p>
   </div>
   <div class='ocr_carea' id='block_1_4' title="bbox 173 556 1712 635">
    <p class='ocr_par' dir='ltr' id='par_1_4' title="bbox 173 556 1712 635">
     <span class='ocr_line' id='line_1_4' title="bbox 173 556 1712 635; baseline -0.016 -1"><span class='ocrx_word' id='word_1_25' title='bbox 173 582 308 634; x_wconf 89' lang='lat' dir='ltr'><strong>etiam</strong></span> <span class='ocrx_word' id='word_1_26' title='bbox 345 572 580 635; x_wconf 88' lang='lat' dir='ltr'><strong>addidit,</strong></span> <span class='ocrx_word' id='word_1_27' title='bbox 637 567 816 622; x_wconf 84' lang='lat' dir='ltr'><strong><em>Vocem</em></strong></span> <span class='ocrx_word' id='word_1_28' title='bbox 848 581 946 618; x_wconf 88' lang='lat' dir='ltr'><strong>non</strong></span> <span class='ocrx_word' id='word_1_29' title='bbox 983 561 1252 615; x_wconf 84' lang='lat' dir='ltr'><strong>audierunt</strong></span> <span class='ocrx_word' id='word_1_30' title='bbox 1297 559 1542 627; x_wconf 89' lang='lat' dir='ltr'><strong>loquentis</strong></span> <span class='ocrx_word' id='word_1_31' title='bbox 1569 556 1712 610; x_wconf 88' lang='lat' dir='ltr'><strong>mihi.</strong></span> 
     </span>
    </p>
   </div>
   <div class='ocr_carea' id='block_1_5' title="bbox 174 651 1712 741">
    <p class='ocr_par' dir='ltr' id='par_1_5' title="bbox 174 651 1712 741">
     <span class='ocr_line' id='line_1_5' title="bbox 174 651 1712 741; baseline -0.015 -17"><span class='ocrx_word' id='word_1_32' title='bbox 174 672 312 741; x_wconf 81' lang='lat' dir='ltr'><strong>igitur</strong></span> <span class='ocrx_word' id='word_1_33' title='bbox 336 665 485 727; x_wconf 91' lang='lat' dir='ltr'><strong>illud,</strong></span> <span class='ocrx_word' id='word_1_34' title='bbox 517 660 787 715; x_wconf 78' lang='lat' dir='ltr'><strong>Neminem</strong></span> <span class='ocrx_word' id='word_1_35' title='bbox 813 657 1053 715; x_wconf 83' lang='lat' dir='ltr'><strong>videntes.</strong></span> <span class='ocrx_word' id='word_1_36' title='bbox 1077 651 1271 707; x_wconf 90' lang='lat' dir='ltr'><strong>nonad</strong></span> <span class='ocrx_word' id='word_1_37' title='bbox 1292 651 1460 705; x_wconf 86' lang='lat' dir='ltr'><strong>visum</strong></span> <span class='ocrx_word' id='word_1_38' title='bbox 1488 658 1712 718; x_wconf 85' lang='lat' dir='ltr'><strong>spectat,</strong></span> 
     </span>
    </p>
   </div>
   <div class='ocr_carea' id='block_1_6' title="bbox 170 740 1714 826">
    <p class='ocr_par' dir='ltr' id='par_1_6' title="bbox 170 740 1714 826">
     <span class='ocr_line' id='line_1_6' title="bbox 170 740 1714 826; baseline -0.015 -10"><span class='ocrx_word' id='word_1_39' title='bbox 170 740 249 816; x_wconf 85' lang='lat' dir='ltr'><strong>sed</strong></span> <span class='ocrx_word' id='word_1_40' title='bbox 269 754 526 826; x_wconf 82' lang='lat' dir='ltr'><strong>signiﬁcat</strong></span> <span class='ocrx_word' id='word_1_41' title='bbox 554 764 666 806; x_wconf 93' lang='lat' dir='ltr'><strong>non</strong></span> <span class='ocrx_word' id='word_1_42' title='bbox 694 748 926 802; x_wconf 86' lang='lat' dir='ltr'><strong>audisse.</strong></span> <span class='ocrx_word' id='word_1_43' title='bbox 952 744 1132 814; x_wconf 86' lang='lat' dir='ltr'><strong>Neque</strong></span> <span class='ocrx_word' id='word_1_44' title='bbox 1162 743 1302 798; x_wconf 90' lang='lat' dir='ltr'><strong>enim</strong></span> <span class='ocrx_word' id='word_1_45' title='bbox 1330 742 1480 800; x_wconf 83' lang='lat' dir='ltr'><strong>dixit.</strong></span> <span class='ocrx_word' id='word_1_46' title='bbox 1518 740 1714 794; x_wconf 88' lang='lat' dir='ltr'><strong>Lucem</strong></span> 
     </span>
    </p>
   </div>
   <div class='ocr_carea' id='block_1_7' title="bbox 170 833 1714 908">
    <p class='ocr_par' dir='ltr' id='par_1_7' title="bbox 170 833 1714 908">
     <span class='ocr_line' id='line_1_7' title="bbox 170 833 1714 908; baseline -0.012 -2"><span class='ocrx_word' id='word_1_47' title='bbox 170 869 259 907; x_wconf 89' lang='lat' dir='ltr'><strong>non</strong></span> <span class='ocrx_word' id='word_1_48' title='bbox 279 847 557 908; x_wconf 82' lang='lat' dir='ltr'><strong>viderunt;</strong></span> <span class='ocrx_word' id='word_1_49' title='bbox 587 842 705 907; x_wconf 90' lang='lat' dir='ltr'><strong>sed,</strong></span> <span class='ocrx_word' id='word_1_50' title='bbox 733 839 997 894; x_wconf 80' lang='lat' dir='ltr'><strong>Neminem</strong></span> <span class='ocrx_word' id='word_1_51' title='bbox 1019 837 1237 890; x_wconf 83' lang='lat' dir='ltr'><strong>videntes</strong></span> <span class='ocrx_word' id='word_1_52' title='bbox 1263 843 1518 899; x_wconf 86' lang='lat' dir='ltr'><strong>steterunt,</strong></span> <span class='ocrx_word' id='word_1_53' title='bbox 1538 833 1586 887; x_wconf 87' lang='lat' dir='ltr'><strong>id</strong></span> <span class='ocrx_word' id='word_1_54' title='bbox 1610 841 1714 898; x_wconf 91' lang='lat' dir='ltr'><strong>est,</strong></span> 
     </span>
    </p>
   </div>
   <div class='ocr_carea' id='block_1_8' title="bbox 171 925 1711 1007">
    <p class='ocr_par' dir='ltr' id='par_1_8' title="bbox 171 925 1711 1007">
     <span class='ocr_line' id='line_1_8' title="bbox 171 925 1711 1007; baseline -0.014 -9"><span class='ocrx_word' id='word_1_55' title='bbox 171 941 411 998; x_wconf 89' lang='lat' dir='ltr'><strong>neminem</strong></span> <span class='ocrx_word' id='word_1_56' title='bbox 459 937 790 1007; x_wconf 90' lang='lat' dir='ltr'><strong>loquentem.</strong></span> <span class='ocrx_word' id='word_1_57' title='bbox 840 931 966 986; x_wconf 87' lang='lat' dir='ltr'><strong>Jure</strong></span> <span class='ocrx_word' id='word_1_58' title='bbox 1009 938 1186 983; x_wconf 91' lang='lat' dir='ltr'><strong>autem</strong></span> <span class='ocrx_word' id='word_1_59' title='bbox 1227 928 1298 981; x_wconf 89' lang='lat' dir='ltr'><strong>ita</strong></span> <span class='ocrx_word' id='word_1_60' title='bbox 1347 925 1539 979; x_wconf 88' lang='lat' dir='ltr'><strong>factum</strong></span> <span class='ocrx_word' id='word_1_61' title='bbox 1588 933 1711 978; x_wconf 90' lang='lat' dir='ltr'><strong>est:</strong></span> 
     </span>
    </p>
   </div>
   <div class='ocr_carea' id='block_1_9' title="bbox 172 1015 1715 1098">
    <p class='ocr_par' dir='ltr' id='par_1_9' title="bbox 172 1015 1715 1098">
     <span class='ocr_line' id='line_1_9' title="bbox 172 1015 1715 1098; baseline -0.014 -8"><span class='ocrx_word' id='word_1_62' title='bbox 172 1036 300 1090; x_wconf 88' lang='lat' dir='ltr'><strong>illum</strong></span> <span class='ocrx_word' id='word_1_63' title='bbox 326 1032 464 1088; x_wconf 93' lang='lat' dir='ltr'><strong>enim</strong></span> <span class='ocrx_word' id='word_1_64' title='bbox 489 1026 771 1098; x_wconf 82' lang='lat' dir='ltr'><strong>Oportebat</strong></span> <span class='ocrx_word' id='word_1_65' title='bbox 795 1024 882 1079; x_wconf 91' lang='lat' dir='ltr'><strong>illa</strong></span> <span class='ocrx_word' id='word_1_66' title='bbox 907 1037 1037 1077; x_wconf 85' lang='lat' dir='ltr'><strong>voce</strong></span> <span class='ocrx_word' id='word_1_67' title='bbox 1061 1018 1281 1090; x_wconf 85' lang='lat' dir='ltr'><strong>dignari.</strong></span> <span class='ocrx_word' id='word_1_68' title='bbox 1310 1019 1364 1072; x_wconf 88' lang='lat' dir='ltr'><strong>Si</strong></span> <span class='ocrx_word' id='word_1_69' title='bbox 1393 1018 1534 1071; x_wconf 91' lang='lat' dir='ltr'><strong>enim</strong></span> <span class='ocrx_word' id='word_1_70' title='bbox 1557 1027 1607 1071; x_wconf 92' lang='lat' dir='ltr'><strong>et</strong></span> <span class='ocrx_word' id='word_1_71' title='bbox 1642 1015 1715 1070; x_wconf 92' lang='lat' dir='ltr'><strong>illi</strong></span> 
     </span>
    </p>
   </div>
   <div class='ocr_carea' id='block_1_10' title="bbox 173 1107 1717 1186">
    <p class='ocr_par' dir='ltr' id='par_1_10' title="bbox 173 1107 1717 1186">
     <span class='ocr_line' id='line_1_10' title="bbox 173 1107 1717 1186; baseline -0.014 -5"><span class='ocrx_word' id='word_1_72' title='bbox 173 1125 438 1186; x_wconf 81' lang='lat' dir='ltr'><strong>audissent,</strong></span> <span class='ocrx_word' id='word_1_73' title='bbox 471 1135 576 1175; x_wconf 92' lang='lat' dir='ltr'><strong>non</strong></span> <span class='ocrx_word' id='word_1_74' title='bbox 610 1127 814 1172; x_wconf 89' lang='lat' dir='ltr'><strong>tantum</strong></span> <span class='ocrx_word' id='word_1_75' title='bbox 845 1114 1030 1169; x_wconf 82' lang='lat' dir='ltr'><strong>fuisset</strong></span> <span class='ocrx_word' id='word_1_76' title='bbox 1052 1110 1380 1166; x_wconf 81' lang='lat' dir='ltr'><strong>miraculum.</strong></span> <span class='ocrx_word' id='word_1_77' title='bbox 1400 1109 1532 1176; x_wconf 86' lang='lat' dir='ltr'><strong>Quia</strong></span> <span class='ocrx_word' id='word_1_78' title='bbox 1557 1107 1717 1177; x_wconf 81' lang='lat' dir='ltr'><strong>igitur</strong></span> 
     </span>
    </p>
   </div>
   <div class='ocr_carea' id='block_1_11' title="bbox 171 1199 1714 1278">
    <p class='ocr_par' dir='ltr' id='par_1_11' title="bbox 171 1199 1714 1278">
     <span class='ocr_line' id='line_1_11' title="bbox 171 1199 1714 1278; baseline -0.015 -3"><span class='ocrx_word' id='word_1_79' title='bbox 171 1218 432 1275; x_wconf 84' lang='lat' dir='ltr'><strong>crassiores</strong></span> <span class='ocrx_word' id='word_1_80' title='bbox 479 1213 682 1267; x_wconf 85' lang='lat' dir='ltr'><strong>visione</strong></span> <span class='ocrx_word' id='word_1_81' title='bbox 711 1209 882 1278; x_wconf 85' lang='lat' dir='ltr'><strong>magis</strong></span> <span class='ocrx_word' id='word_1_82' title='bbox 925 1204 1343 1276; x_wconf 88' lang='lat' dir='ltr'><strong>persuadentur,</strong></span> <span class='ocrx_word' id='word_1_83' title='bbox 1385 1201 1504 1255; x_wconf 89' lang='lat' dir='ltr'><strong>ideo</strong></span> <span class='ocrx_word' id='word_1_84' title='bbox 1546 1207 1602 1254; x_wconf 91' lang='lat' dir='ltr'><strong>et</strong></span> <span class='ocrx_word' id='word_1_85' title='bbox 1641 1199 1714 1253; x_wconf 89' lang='lat' dir='ltr'><strong>illi</strong></span> 
     </span>
    </p>
   </div>
   <div class='ocr_carea' id='block_1_12' title="bbox 173 1291 1711 1368">
    <p class='ocr_par' dir='ltr' id='par_1_12' title="bbox 173 1291 1711 1368">
     <span class='ocr_line' id='line_1_12' title="bbox 173 1291 1711 1368; baseline -0.014 -2"><span class='ocrx_word' id='word_1_86' title='bbox 173 1313 316 1366; x_wconf 85' lang='lat' dir='ltr'><strong>lucem</strong></span> <span class='ocrx_word' id='word_1_87' title='bbox 339 1316 538 1362; x_wconf 91' lang='lat' dir='ltr'><strong>tantum</strong></span> <span class='ocrx_word' id='word_1_88' title='bbox 562 1303 829 1364; x_wconf 89' lang='lat' dir='ltr'><strong>viderunt,</strong></span> <span class='ocrx_word' id='word_1_89' title='bbox 856 1298 994 1368; x_wconf 89' lang='lat' dir='ltr'><strong>quod</strong></span> <span class='ocrx_word' id='word_1_90' title='bbox 1015 1294 1342 1367; x_wconf 87' lang='lat' dir='ltr'><strong>poteratillis</strong></span> <span class='ocrx_word' id='word_1_91' title='bbox 1363 1291 1711 1362; x_wconf 79' lang='lat' dir='ltr'><strong>persuadere:</strong></span> 
     </span>
    </p>
   </div>
   <div class='ocr_carea' id='block_1_13' title="bbox 171 1391 1714 1461">
    <p class='ocr_par' dir='ltr' id='par_1_13' title="bbox 171 1391 1714 1461">
     <span class='ocr_line' id='line_1_13' title="bbox 171 1391 1714 1461; baseline -0.014 -2"><span class='ocrx_word' id='word_1_92' title='bbox 171 1403 288 1458; x_wconf 89' lang='lat' dir='ltr'><strong>unde</strong></span> <span class='ocrx_word' id='word_1_93' title='bbox 328 1411 377 1456; x_wconf 93' lang='lat' dir='ltr'><strong>et</strong></span> <span class='ocrx_word' id='word_1_94' title='bbox 417 1397 661 1454; x_wconf 81' lang='lat' dir='ltr'><strong>exterriti</strong></span> <span class='ocrx_word' id='word_1_95' title='bbox 705 1403 846 1450; x_wconf 91' lang='lat' dir='ltr'><strong>sunt.</strong></span> <span class='ocrx_word' id='word_1_96' title='bbox 902 1391 1156 1461; x_wconf 87' lang='lat' dir='ltr'><strong>Alioquin</strong></span> <span class='ocrx_word' id='word_1_97' title='bbox 1188 1404 1316 1443; x_wconf 81' lang='lat' dir='ltr'><strong>vero</strong></span> <span class='ocrx_word' id='word_1_98' title='bbox 1361 1403 1465 1442; x_wconf 89' lang='lat' dir='ltr'><strong>non</strong></span> <span class='ocrx_word' id='word_1_99' title='bbox 1513 1394 1714 1440; x_wconf 89' lang='lat' dir='ltr'><strong>tantum</strong></span> 
     </span>
    </p>
   </div>
   <div class='ocr_carea' id='block_1_14' title="bbox 171 1477 1712 1567">
    <p class='ocr_par' dir='ltr' id='par_1_14' title="bbox 171 1477 1712 1567">
     <span class='ocr_line' id='line_1_14' title="bbox 171 1477 1712 1567; baseline -0.014 -15"><span class='ocrx_word' id='word_1_100' title='bbox 171 1505 358 1567; x_wconf 77' lang='lat' dir='ltr'><strong>operata</strong></span> <span class='ocrx_word' id='word_1_101' title='bbox 387 1503 468 1548; x_wconf 88' lang='lat' dir='ltr'><strong>est</strong></span> <span class='ocrx_word' id='word_1_102' title='bbox 511 1493 600 1546; x_wconf 83' lang='lat' dir='ltr'><strong>lux</strong></span> <span class='ocrx_word' id='word_1_103' title='bbox 632 1492 684 1544; x_wconf 92' lang='lat' dir='ltr'><strong>in</strong></span> <span class='ocrx_word' id='word_1_104' title='bbox 718 1489 840 1549; x_wconf 85' lang='lat' dir='ltr'><strong>illis,</strong></span> <span class='ocrx_word' id='word_1_105' title='bbox 869 1493 1122 1556; x_wconf 86' lang='lat' dir='ltr'><strong>quantum</strong></span> <span class='ocrx_word' id='word_1_106' title='bbox 1154 1483 1205 1537; x_wconf 92' lang='lat' dir='ltr'><strong>in</strong></span> <span class='ocrx_word' id='word_1_107' title='bbox 1234 1481 1334 1536; x_wconf 90' lang='lat' dir='ltr'><strong>hoc</strong></span> <span class='ocrx_word' id='word_1_108' title='bbox 1365 1497 1378 1534; x_wconf 89' lang='lat'><strong>:</strong></span> <span class='ocrx_word' id='word_1_109' title='bbox 1408 1480 1548 1533; x_wconf 91' lang='lat' dir='ltr'><strong>hunc</strong></span> <span class='ocrx_word' id='word_1_110' title='bbox 1571 1477 1712 1532; x_wconf 90' lang='lat' dir='ltr'><strong>enim</strong></span> 
     </span>
    </p>
   </div>
   <div class='ocr_carea' id='block_1_15' title="bbox 168 1569 1713 1653">
    <p class='ocr_par' dir='ltr' id='par_1_15' title="bbox 168 1569 1713 1653">
     <span class='ocr_line' id='line_1_15' title="bbox 168 1569 1713 1653; baseline -0.012 -11"><span class='ocrx_word' id='word_1_111' title='bbox 168 1585 420 1642; x_wconf 75' lang='lat' dir='ltr'><strong>cxczecavit</strong></span> <span class='ocrx_word' id='word_1_112' title='bbox 443 1625 455 1647; x_wconf 92' lang='lat'><strong>,</strong></span> <span class='ocrx_word' id='word_1_113' title='bbox 497 1599 594 1653; x_wconf 91' lang='lat' dir='ltr'><strong>per</strong></span> <span class='ocrx_word' id='word_1_114' title='bbox 635 1595 698 1635; x_wconf 91' lang='lat' dir='ltr'><strong>ea</strong></span> <span class='ocrx_word' id='word_1_115' title='bbox 723 1619 739 1644; x_wconf 94' lang='lat'><strong>,</strong></span> <span class='ocrx_word' id='word_1_116' title='bbox 778 1593 896 1648; x_wconf 69' lang='lat' dir='ltr'><strong>qute</strong></span> <span class='ocrx_word' id='word_1_117' title='bbox 928 1576 1025 1646; x_wconf 90' lang='lat' dir='ltr'><strong>ipsi</strong></span> <span class='ocrx_word' id='word_1_118' title='bbox 1056 1575 1425 1644; x_wconf 83' lang='lat' dir='ltr'><strong>contigerunt,</strong></span> <span class='ocrx_word' id='word_1_119' title='bbox 1455 1571 1586 1625; x_wconf 88' lang='lat' dir='ltr'><strong>dans</strong></span> <span class='ocrx_word' id='word_1_120' title='bbox 1611 1569 1713 1624; x_wconf 88' lang='lat' dir='ltr'><strong>illis</strong></span> 
     </span>
    </p>
   </div>
   <div class='ocr_carea' id='block_1_16' title="bbox 169 1663 1714 1746">
    <p class='ocr_par' dir='ltr' id='par_1_16' title="bbox 169 1663 1714 1746">
     <span class='ocr_line' id='line_1_16' title="bbox 169 1663 1714 1746; baseline -0.011 -13"><span class='ocrx_word' id='word_1_121' title='bbox 169 1681 316 1734; x_wconf 86' lang='lat' dir='ltr'><strong>locum</strong></span> <span class='ocrx_word' id='word_1_122' title='bbox 345 1672 689 1746; x_wconf 87' lang='lat' dir='ltr'><strong>respiciendi,</strong></span> <span class='ocrx_word' id='word_1_123' title='bbox 718 1673 762 1726; x_wconf 93' lang='lat' dir='ltr'><strong>si</strong></span> <span class='ocrx_word' id='word_1_124' title='bbox 790 1670 1106 1724; x_wconf 90' lang='lat' dir='ltr'><strong>voluissent.</strong></span> <span class='ocrx_word' id='word_1_125' title='bbox 1139 1667 1261 1722; x_wconf 81' lang='lat' dir='ltr'><strong>Mihi</strong></span> <span class='ocrx_word' id='word_1_126' title='bbox 1293 1667 1468 1735; x_wconf 83' lang='lat' dir='ltr'><strong>itaque</strong></span> <span class='ocrx_word' id='word_1_127' title='bbox 1507 1663 1714 1718; x_wconf 89' lang='lat' dir='ltr'><strong>videtur</strong></span> 
     </span>
    </p>
   </div>
   <div class='ocr_carea' id='block_1_17' title="bbox 167 1757 1709 1840">
    <p class='ocr_par' dir='ltr' id='par_1_17' title="bbox 167 1757 1709 1840">
     <span class='ocr_line' id='line_1_17' title="bbox 167 1757 1709 1840; baseline -0.01 -14"><span class='ocrx_word' id='word_1_128' title='bbox 167 1787 219 1826; x_wconf 79' lang='lat' dir='ltr'><strong>ex</strong></span> <span class='ocrx_word' id='word_1_129' title='bbox 236 1770 393 1826; x_wconf 73' lang='lat' dir='ltr'><strong>divina</strong></span> <span class='ocrx_word' id='word_1_130' title='bbox 413 1766 746 1840; x_wconf 85' lang='lat' dir='ltr'><strong>providentia</strong></span> <span class='ocrx_word' id='word_1_131' title='bbox 771 1764 954 1827; x_wconf 90' lang='lat' dir='ltr'><strong>fuisse,</strong></span> <span class='ocrx_word' id='word_1_132' title='bbox 978 1760 1121 1832; x_wconf 90' lang='lat' dir='ltr'><strong>quod</strong></span> <span class='ocrx_word' id='word_1_133' title='bbox 1144 1761 1215 1815; x_wconf 90' lang='lat' dir='ltr'><strong>illi</strong></span> <span class='ocrx_word' id='word_1_134' title='bbox 1237 1775 1343 1813; x_wconf 92' lang='lat' dir='ltr'><strong>non</strong></span> <span class='ocrx_word' id='word_1_135' title='bbox 1365 1757 1709 1822; x_wconf 88' lang='lat' dir='ltr'><strong>crediderint,</strong></span> 
     </span>
    </p>
   </div>
   <div class='ocr_carea' id='block_1_18' title="bbox 168 1847 1712 1925">
    <p class='ocr_par' dir='ltr' id='par_1_18' title="bbox 168 1847 1712 1925">
     <span class='ocr_line' id='line_1_18' title="bbox 168 1847 1712 1925; baseline -0.007 -13"><span class='ocrx_word' id='word_1_136' title='bbox 168 1872 214 1915; x_wconf 89' lang='lat' dir='ltr'><strong>ut</strong></span> <span class='ocrx_word' id='word_1_137' title='bbox 245 1870 410 1916; x_wconf 88' lang='lat' dir='ltr'><strong>essent</strong></span> <span class='ocrx_word' id='word_1_138' title='bbox 440 1867 612 1914; x_wconf 89' lang='lat' dir='ltr'><strong>testes</strong></span> <span class='ocrx_word' id='word_1_139' title='bbox 644 1856 748 1912; x_wconf 90' lang='lat' dir='ltr'><strong>ﬁde</strong></span> <span class='ocrx_word' id='word_1_140' title='bbox 777 1855 938 1925; x_wconf 81' lang='lat' dir='ltr'><strong>digni.</strong></span> <span class='ocrx_word' id='word_1_141' title='bbox 972 1852 1114 1907; x_wconf 80' lang='lat' dir='ltr'><strong>Dixit</strong></span> <span class='ocrx_word' id='word_1_142' title='bbox 1137 1851 1206 1904; x_wconf 90' lang='lat' dir='ltr'><strong>ad</strong></span> <span class='ocrx_word' id='word_1_143' title='bbox 1240 1867 1337 1917; x_wconf 90' lang='lat' dir='ltr'><strong>me,</strong></span> <span class='ocrx_word' id='word_1_144' title='bbox 1380 1850 1570 1919; x_wconf 87' lang='lat' dir='ltr'><strong>inquit,</strong></span> <span class='ocrx_word' id='word_1_145' title='bbox 1601 1847 1712 1920; x_wconf 86' lang='lat' dir='ltr'><strong>Ego</strong></span> 
     </span>
    </p>
   </div>
   <div class='ocr_carea' id='block_1_19' title="bbox 167 1939 1713 2016">
    <p class='ocr_par' dir='ltr' id='par_1_19' title="bbox 167 1939 1713 2016">
     <span class='ocr_line' id='line_1_19' title="bbox 167 1939 1713 2016; baseline -0.008 -11"><span class='ocrx_word' id='word_1_146' title='bbox 167 1969 257 2005; x_wconf 82' lang='lat' dir='ltr'><strong>sum</strong></span> <span class='ocrx_word' id='word_1_147' title='bbox 280 1951 422 2006; x_wconf 79' lang='lat' dir='ltr'><strong>Jesus</strong></span> <span class='ocrx_word' id='word_1_148' title='bbox 450 1949 778 2011; x_wconf 81' lang='lat' dir='ltr'><strong>Nazarenus,</strong></span> <span class='ocrx_word' id='word_1_149' title='bbox 804 1962 948 2016; x_wconf 85' lang='lat' dir='ltr'><strong>quem</strong></span> <span class='ocrx_word' id='word_1_150' title='bbox 969 1953 1022 1998; x_wconf 90' lang='lat' dir='ltr'><strong>tu</strong></span> <span class='ocrx_word' id='word_1_151' title='bbox 1044 1943 1371 2013; x_wconf 89' lang='lat' dir='ltr'><strong>persequeris.</strong></span> <span class='ocrx_word' id='word_1_152' title='bbox 1401 1941 1543 1995; x_wconf 89' lang='lat' dir='ltr'><strong>Bene</strong></span> <span class='ocrx_word' id='word_1_153' title='bbox 1571 1949 1624 1995; x_wconf 88' lang='lat' dir='ltr'><strong>et</strong></span> <span class='ocrx_word' id='word_1_154' title='bbox 1645 1939 1713 1994; x_wconf 85' lang='lat' dir='ltr'><strong>ci-</strong></span> 
     </span>
    </p>
   </div>
   <div class='ocr_carea' id='block_1_20' title="bbox 167 2031 1710 2106">
    <p class='ocr_par' dir='ltr' id='par_1_20' title="bbox 167 2031 1710 2106">
     <span class='ocr_line' id='line_1_20' title="bbox 167 2031 1710 2106; baseline -0.006 -11"><span class='ocrx_word' id='word_1_155' title='bbox 167 2045 280 2098; x_wconf 78' lang='lat' dir='ltr'><strong>ritas</strong></span> <span class='ocrx_word' id='word_1_156' title='bbox 307 2051 653 2106; x_wconf 86' lang='lat' dir='ltr'><strong>memoratur,</strong></span> <span class='ocrx_word' id='word_1_157' title='bbox 696 2048 756 2093; x_wconf 93' lang='lat' dir='ltr'><strong>ut</strong></span> <span class='ocrx_word' id='word_1_158' title='bbox 792 2052 950 2093; x_wconf 90' lang='lat' dir='ltr'><strong>nosse</strong></span> <span class='ocrx_word' id='word_1_159' title='bbox 992 2043 1208 2106; x_wconf 87' lang='lat' dir='ltr'><strong>possent</strong></span> <span class='ocrx_word' id='word_1_160' title='bbox 1246 2033 1337 2088; x_wconf 91' lang='lat' dir='ltr'><strong>illi.</strong></span> <span class='ocrx_word' id='word_1_161' title='bbox 1388 2033 1453 2087; x_wconf 85' lang='lat' dir='ltr'><strong>Et</strong></span> <span class='ocrx_word' id='word_1_162' title='bbox 1487 2031 1710 2102; x_wconf 88' lang='lat' dir='ltr'><strong>apostoli</strong></span> 
     </span>
    </p>
   </div>
   <div class='ocr_carea' id='block_1_21' title="bbox 167 2123 1712 2203">
    <p class='ocr_par' dir='ltr' id='par_1_21' title="bbox 167 2123 1712 2203">
     <span class='ocr_line' id='line_1_21' title="bbox 167 2123 1712 2203; baseline -0.005 -18"><span class='ocrx_word' id='word_1_163' title='bbox 167 2148 343 2203; x_wconf 87' lang='lat' dir='ltr'><strong>quoque</strong></span> <span class='ocrx_word' id='word_1_164' title='bbox 372 2134 447 2187; x_wconf 89' lang='lat' dir='ltr'><strong>sic</strong></span> <span class='ocrx_word' id='word_1_165' title='bbox 491 2131 748 2186; x_wconf 81' lang='lat' dir='ltr'><strong>dicebant</strong></span> <span class='ocrx_word' id='word_1_166' title='bbox 780 2147 795 2184; x_wconf 91' lang='lat'><strong>:</strong></span> <span class='ocrx_word' id='word_1_167' title='bbox 826 2127 1003 2182; x_wconf 75' lang='lat' dir='ltr'><strong>Iesum</strong></span> <span class='ocrx_word' id='word_1_168' title='bbox 1030 2142 1061 2179; x_wconf 90' lang='lat' dir='ltr'><strong>a</strong></span> <span class='ocrx_word' id='word_1_169' title='bbox 1091 2124 1372 2179; x_wconf 83' lang='lat' dir='ltr'><strong>Nasareth.</strong></span> <span class='ocrx_word' id='word_1_170' title='bbox 1413 2123 1544 2178; x_wconf 92' lang='lat' dir='ltr'><strong>Vide</strong></span> <span class='ocrx_word' id='word_1_171' title='bbox 1578 2141 1591 2178; x_wconf 94' lang='lat'><strong>:</strong></span> <span class='ocrx_word' id='word_1_172' title='bbox 1622 2123 1712 2178; x_wconf 89' lang='lat' dir='ltr'><strong>ille</strong></span> 
     </span>
    </p>
   </div>
   <div class='ocr_carea' id='block_1_22' title="bbox 168 2216 1712 2295">
    <p class='ocr_par' dir='ltr' id='par_1_22' title="bbox 168 2216 1712 2295">
     <span class='ocr_line' id='line_1_22' title="bbox 168 2216 1712 2295; baseline -0.005 -18"><span class='ocrx_word' id='word_1_173' title='bbox 168 2241 341 2295; x_wconf 86' lang='lat' dir='ltr'><strong>quoque</strong></span> <span class='ocrx_word' id='word_1_174' title='bbox 369 2234 616 2290; x_wconf 87' lang='lat' dir='ltr'><strong>testatur,</strong></span> <span class='ocrx_word' id='word_1_175' title='bbox 647 2220 785 2292; x_wconf 91' lang='lat' dir='ltr'><strong>quod</strong></span> <span class='ocrx_word' id='word_1_176' title='bbox 811 2219 1273 2290; x_wconf 88' lang='lat' dir='ltr'><strong>persequutionem</strong></span> <span class='ocrx_word' id='word_1_177' title='bbox 1295 2232 1483 2289; x_wconf 90' lang='lat' dir='ltr'><strong>passus</strong></span> <span class='ocrx_word' id='word_1_178' title='bbox 1499 2218 1584 2271; x_wconf 90' lang='lat' dir='ltr'><strong>sit.</strong></span> <span class='ocrx_word' id='word_1_179' title='bbox 1612 2216 1712 2280; x_wconf 84' lang='lat' dir='ltr'><strong>Qui</strong></span> 
     </span>
    </p>
   </div>
   <div class='ocr_carea' id='block_1_23' title="bbox 168 2311 1712 2384">
    <p class='ocr_par' dir='ltr' id='par_1_23' title="bbox 168 2311 1712 2384">
     <span class='ocr_line' id='line_1_23' title="bbox 168 2311 1712 2384; baseline -0.003 -15"><span class='ocrx_word' id='word_1_180' title='bbox 168 2330 298 2371; x_wconf 82' lang='lat' dir='ltr'><strong>autem</strong></span> <span class='ocrx_word' id='word_1_181' title='bbox 321 2335 504 2372; x_wconf 88' lang='lat' dir='ltr'><strong>mecum</strong></span> <span class='ocrx_word' id='word_1_182' title='bbox 526 2326 697 2381; x_wconf 87' lang='lat' dir='ltr'><strong>erant,</strong></span> <span class='ocrx_word' id='word_1_183' title='bbox 723 2316 894 2369; x_wconf 86' lang='lat' dir='ltr'><strong>lumen</strong></span> <span class='ocrx_word' id='word_1_184' title='bbox 920 2312 1122 2384; x_wconf 83' lang='lat' dir='ltr'><strong>quidem</strong></span> <span class='ocrx_word' id='word_1_185' title='bbox 1148 2312 1396 2374; x_wconf 86' lang='lat' dir='ltr'><strong>uiderunt,</strong></span> <span class='ocrx_word' id='word_1_186' title='bbox 1420 2320 1464 2366; x_wconf 89' lang='lat' dir='ltr'><strong>et</strong></span> <span class='ocrx_word' id='word_1_187' title='bbox 1489 2311 1712 2365; x_wconf 76' lang='lat' dir='ltr'><strong>exterriti</strong></span> 
     </span>
    </p>
   </div>
   <div class='ocr_carea' id='block_1_24' title="bbox 167 2403 1712 2473">
    <p class='ocr_par' dir='ltr' id='par_1_24' title="bbox 167 2403 1712 2473">
     <span class='ocr_line' id='line_1_24' title="bbox 167 2403 1712 2473; baseline -0.003 -11"><span class='ocrx_word' id='word_1_188' title='bbox 167 2421 277 2473; x_wconf 78' lang='lat' dir='ltr'><strong>sunt,</strong></span> <span class='ocrx_word' id='word_1_189' title='bbox 311 2427 472 2464; x_wconf 80' lang='lat' dir='ltr'><strong>vocem</strong></span> <span class='ocrx_word' id='word_1_190' title='bbox 517 2419 692 2462; x_wconf 87' lang='lat' dir='ltr'><strong>autem</strong></span> <span class='ocrx_word' id='word_1_191' title='bbox 728 2423 829 2462; x_wconf 87' lang='lat' dir='ltr'><strong>non</strong></span> <span class='ocrx_word' id='word_1_192' title='bbox 869 2407 1162 2460; x_wconf 89' lang='lat' dir='ltr'><strong>audierunt.</strong></span> <span class='ocrx_word' id='word_1_193' title='bbox 1194 2405 1282 2460; x_wconf 82' lang='grc'><strong>10.</strong></span> <span class='ocrx_word' id='word_1_194' title='bbox 1314 2403 1383 2458; x_wconf 89' lang='lat' dir='ltr'><strong>Et</strong></span> <span class='ocrx_word' id='word_1_195' title='bbox 1408 2405 1546 2469; x_wconf 87' lang='lat' dir='ltr'><strong>dixi,</strong></span> <span class='ocrx_word' id='word_1_196' title='bbox 1579 2403 1712 2470; x_wconf 85' lang='lat' dir='ltr'><strong>Quid</strong></span> 
     </span>
    </p>
   </div>
   <div class='ocr_carea' id='block_1_25' title="bbox 167 2498 1711 2570">
    <p class='ocr_par' dir='ltr' id='par_1_25' title="bbox 167 2498 1711 2570">
     <span class='ocr_line' id='line_1_25' title="bbox 167 2498 1711 2570; baseline -0.002 -15"><span class='ocrx_word' id='word_1_197' title='bbox 167 2503 334 2570; x_wconf 74' lang='lat' dir='ltr'><strong>faciam,</strong></span> <span class='ocrx_word' id='word_1_198' title='bbox 358 2502 575 2557; x_wconf 81' lang='lat' dir='ltr'><strong>Domine</strong></span> <span class='ocrx_word' id='word_1_199' title='bbox 592 2503 620 2556; x_wconf 71' lang='grc' dir='ltr'><strong>Ζ)</strong></span> <span class='ocrx_word' id='word_1_200' title='bbox 641 2500 885 2555; x_wconf 89' lang='lat' dir='ltr'><strong>Dominus</strong></span> <span class='ocrx_word' id='word_1_201' title='bbox 913 2509 1080 2554; x_wconf 89' lang='lat' dir='ltr'><strong>autem</strong></span> <span class='ocrx_word' id='word_1_202' title='bbox 1104 2498 1231 2553; x_wconf 80' lang='lat' dir='ltr'><strong>dixit</strong></span> <span class='ocrx_word' id='word_1_203' title='bbox 1255 2498 1322 2552; x_wconf 90' lang='lat' dir='ltr'><strong>ad</strong></span> <span class='ocrx_word' id='word_1_204' title='bbox 1348 2514 1426 2552; x_wconf 92' lang='lat' dir='ltr'><strong>me</strong></span> <span class='ocrx_word' id='word_1_205' title='bbox 1445 2513 1465 2552; x_wconf 88' lang='lat'><strong>:</strong></span> <span class='ocrx_word' id='word_1_206' title='bbox 1486 2498 1711 2568; x_wconf 85' lang='lat' dir='ltr'><strong>Surgens</strong></span> 
     </span>
    </p>
   </div>
   <div class='ocr_carea' id='block_1_26' title="bbox 168 2591 1712 2662">
    <p class='ocr_par' dir='ltr' id='par_1_26' title="bbox 168 2591 1712 2662">
     <span class='ocr_line' id='line_1_26' title="bbox 168 2591 1712 2662; baseline -0.004 -13"><span class='ocrx_word' id='word_1_207' title='bbox 168 2599 265 2651; x_wconf 71' lang='lat' dir='ltr'><strong>unde</strong></span> <span class='ocrx_word' id='word_1_208' title='bbox 283 2597 602 2662; x_wconf 78' lang='lat' dir='ltr'><strong>Damascum,</strong></span> <span class='ocrx_word' id='word_1_209' title='bbox 634 2605 681 2648; x_wconf 90' lang='lat' dir='ltr'><strong>et</strong></span> <span class='ocrx_word' id='word_1_210' title='bbox 707 2593 777 2648; x_wconf 88' lang='lat' dir='ltr'><strong>ibi</strong></span> <span class='ocrx_word' id='word_1_211' title='bbox 806 2594 999 2647; x_wconf 81' lang='lat' dir='ltr'><strong>dicetur</strong></span> <span class='ocrx_word' id='word_1_212' title='bbox 1028 2593 1148 2657; x_wconf 90' lang='lat' dir='ltr'><strong>tibi,</strong></span> <span class='ocrx_word' id='word_1_213' title='bbox 1174 2591 1297 2662; x_wconf 87' lang='lat' dir='ltr'><strong>quid</strong></span> <span class='ocrx_word' id='word_1_214' title='bbox 1321 2601 1367 2646; x_wconf 88' lang='lat' dir='ltr'><strong>te</strong></span> <span class='ocrx_word' id='word_1_215' title='bbox 1390 2601 1612 2660; x_wconf 88' lang='lat' dir='ltr'><strong>oporteat</strong></span> <span class='ocrx_word' id='word_1_216' title='bbox 1632 2591 1712 2660; x_wconf 79' lang='lat' dir='ltr'><strong>fa-</strong></span> 
     </span>
    </p>
   </div>
   <div class='ocr_carea' id='block_1_27' title="bbox 168 2682 1712 2753">
    <p class='ocr_par' dir='ltr' id='par_1_27' title="bbox 168 2682 1712 2753">
     <span class='ocr_line' id='line_1_27' title="bbox 168 2682 1712 2753; baseline -0.001 -15"><span class='ocrx_word' id='word_1_217' title='bbox 168 2703 268 2741; x_wconf 83' lang='lat' dir='ltr'><strong>cere.</strong></span> <span class='ocrx_word' id='word_1_218' title='bbox 303 2689 384 2743; x_wconf 79' lang='lat' dir='ltr'><strong>ll.</strong></span> <span class='ocrx_word' id='word_1_219' title='bbox 433 2687 651 2741; x_wconf 86' lang='lat' dir='ltr'><strong>Etcum</strong></span> <span class='ocrx_word' id='word_1_220' title='bbox 688 2702 790 2740; x_wconf 87' lang='lat' dir='ltr'><strong>non</strong></span> <span class='ocrx_word' id='word_1_221' title='bbox 834 2682 1049 2738; x_wconf 81' lang='lat' dir='ltr'><strong>viderem</strong></span> <span class='ocrx_word' id='word_1_222' title='bbox 1096 2699 1202 2753; x_wconf 73' lang='lat' dir='ltr'><strong>prce</strong></span> <span class='ocrx_word' id='word_1_223' title='bbox 1238 2683 1465 2736; x_wconf 83' lang='lat' dir='ltr'><strong>claritate</strong></span> <span class='ocrx_word' id='word_1_224' title='bbox 1510 2682 1712 2737; x_wconf 90' lang='lat' dir='ltr'><strong>luminis</strong></span> 
     </span>
    </p>
   </div>
   <div class='ocr_carea' id='block_1_28' title="bbox 167 2773 1710 2846">
    <p class='ocr_par' dir='ltr' id='par_1_28' title="bbox 167 2773 1710 2846">
     <span class='ocr_line' id='line_1_28' title="bbox 167 2773 1710 2846; baseline -0.002 -15"><span class='ocrx_word' id='word_1_225' title='bbox 167 2780 291 2846; x_wconf 81' lang='lat' dir='ltr'><strong>illius,</strong></span> <span class='ocrx_word' id='word_1_226' title='bbox 313 2781 375 2834; x_wconf 92' lang='lat' dir='ltr'><strong>ad</strong></span> <span class='ocrx_word' id='word_1_227' title='bbox 398 2797 604 2834; x_wconf 83' lang='lat' dir='ltr'><strong>manum</strong></span> <span class='ocrx_word' id='word_1_228' title='bbox 629 2778 868 2833; x_wconf 88' lang='lat' dir='ltr'><strong>deductus</strong></span> <span class='ocrx_word' id='word_1_229' title='bbox 890 2793 921 2830; x_wconf 91' lang='lat' dir='ltr'><strong>a</strong></span> <span class='ocrx_word' id='word_1_230' title='bbox 941 2777 1224 2842; x_wconf 77' lang='lat' dir='ltr'><strong>comitibus,</strong></span> <span class='ocrx_word' id='word_1_231' title='bbox 1252 2776 1362 2830; x_wconf 79' lang='lat' dir='ltr'><strong>veni</strong></span> <span class='ocrx_word' id='word_1_232' title='bbox 1383 2773 1710 2829; x_wconf 82' lang='lat' dir='ltr'><strong>Damascum.</strong></span> 
     </span>
    </p>
   </div>
   <div class='ocr_carea' id='block_1_29' title="bbox 168 2869 1708 2943">
    <p class='ocr_par' dir='ltr' id='par_1_29' title="bbox 168 2869 1708 2943">
     <span class='ocr_line' id='line_1_29' title="bbox 168 2869 1708 2943; baseline -0.004 -15"><span class='ocrx_word' id='word_1_233' title='bbox 168 2877 234 2928; x_wconf 76' lang='lat'><strong>12.</strong></span> <span class='ocrx_word' id='word_1_234' title='bbox 263 2876 469 2930; x_wconf 79' lang='lat' dir='ltr'><strong>Ananias</strong></span> <span class='ocrx_word' id='word_1_235' title='bbox 495 2883 672 2928; x_wconf 87' lang='lat' dir='ltr'><strong>autem</strong></span> <span class='ocrx_word' id='word_1_236' title='bbox 706 2873 932 2943; x_wconf 86' lang='lat' dir='ltr'><strong>quidam,</strong></span> <span class='ocrx_word' id='word_1_237' title='bbox 973 2871 1048 2924; x_wconf 84' lang='lat' dir='ltr'><strong>vir</strong></span> <span class='ocrx_word' id='word_1_238' title='bbox 1078 2871 1191 2940; x_wconf 86' lang='lat' dir='ltr'><strong>pius</strong></span> <span class='ocrx_word' id='word_1_239' title='bbox 1215 2869 1486 2924; x_wconf 86' lang='lat' dir='ltr'><strong>secundum</strong></span> <span class='ocrx_word' id='word_1_240' title='bbox 1512 2870 1668 2940; x_wconf 82' lang='lat' dir='ltr'><strong>legem</strong></span> <span class='ocrx_word' id='word_1_241' title='bbox 1691 2911 1708 2937; x_wconf 94' lang='lat'><strong>,</strong></span> 
     </span>
    </p>
   </div>
   <div class='ocr_carea' id='block_1_30' title="bbox 167 2963 1708 3034">
    <p class='ocr_par' dir='ltr' id='par_1_30' title="bbox 167 2963 1708 3034">
     <span class='ocr_line' id='line_1_30' title="bbox 167 2963 1708 3034; baseline -0.002 -15"><span class='ocrx_word' id='word_1_242' title='bbox 167 2970 456 3022; x_wconf 82' lang='lat' dir='ltr'><strong>testimonium</strong></span> <span class='ocrx_word' id='word_1_243' title='bbox 493 2969 694 3022; x_wconf 84' lang='lat' dir='ltr'><strong>habens</strong></span> <span class='ocrx_word' id='word_1_244' title='bbox 725 2966 787 3020; x_wconf 86' lang='lat' dir='ltr'><strong>ab</strong></span> <span class='ocrx_word' id='word_1_245' title='bbox 810 2964 1040 3020; x_wconf 88' lang='lat' dir='ltr'><strong>omnibus</strong></span> <span class='ocrx_word' id='word_1_246' title='bbox 1064 2964 1151 3034; x_wconf 87' lang='lat' dir='ltr'><strong>qui</strong></span> <span class='ocrx_word' id='word_1_247' title='bbox 1177 2973 1316 3018; x_wconf 88' lang='lat' dir='ltr'><strong>erant</strong></span> <span class='ocrx_word' id='word_1_248' title='bbox 1345 2963 1584 3018; x_wconf 88' lang='lat' dir='ltr'><strong>Damasci</strong></span> <span class='ocrx_word' id='word_1_249' title='bbox 1607 2963 1708 3017; x_wconf 40' lang='lat' dir='ltr'><strong>Ju‘</strong></span> 
     </span>
    </p>
   </div>
   <div class='ocr_carea' id='block_1_31' title="bbox 168 3054 1712 3123">
    <p class='ocr_par' dir='ltr' id='par_1_31' title="bbox 168 3054 1712 3123">
     <span class='ocr_line' id='line_1_31' title="bbox 168 3054 1712 3123; baseline -0.001 -14"><span class='ocrx_word' id='word_1_250' title='bbox 168 3060 279 3123; x_wconf 71' lang='lat' dir='ltr'><strong>diris,</strong></span> <span class='ocrx_word' id='word_1_251' title='bbox 307 3061 385 3115; x_wconf 80' lang='lat' dir='ltr'><strong>l3.</strong></span> <span class='ocrx_word' id='word_1_252' title='bbox 411 3061 617 3114; x_wconf 82' lang='lat' dir='ltr'><strong>veniens</strong></span> <span class='ocrx_word' id='word_1_253' title='bbox 659 3058 725 3110; x_wconf 88' lang='lat' dir='ltr'><strong>ad</strong></span> <span class='ocrx_word' id='word_1_254' title='bbox 759 3073 838 3111; x_wconf 89' lang='lat' dir='ltr'><strong>me</strong></span> <span class='ocrx_word' id='word_1_255' title='bbox 870 3066 916 3110; x_wconf 89' lang='lat' dir='ltr'><strong>et</strong></span> <span class='ocrx_word' id='word_1_256' title='bbox 943 3055 1152 3109; x_wconf 85' lang='lat' dir='ltr'><strong>adstans</strong></span> <span class='ocrx_word' id='word_1_257' title='bbox 1192 3055 1318 3108; x_wconf 88' lang='lat' dir='ltr'><strong>dixit</strong></span> <span class='ocrx_word' id='word_1_258' title='bbox 1354 3055 1477 3108; x_wconf 89' lang='lat' dir='ltr'><strong>mihi</strong></span> <span class='ocrx_word' id='word_1_259' title='bbox 1501 3069 1521 3108; x_wconf 71' lang='grc' dir='ltr'><strong><em>ε</em></strong></span> <span class='ocrx_word' id='word_1_260' title='bbox 1553 3054 1712 3109; x_wconf 84' lang='lat' dir='ltr'><strong>Saule</strong></span> 
     </span>
    </p>
   </div>
   <div class='ocr_carea' id='block_1_32' title="bbox 168 3147 1709 3223">
    <p class='ocr_par' dir='ltr' id='par_1_32' title="bbox 168 3147 1709 3223">
     <span class='ocr_line' id='line_1_32' title="bbox 168 3147 1709 3223; baseline -0.001 -21"><span class='ocrx_word' id='word_1_261' title='bbox 168 3155 306 3220; x_wconf 69' lang='lat' dir='ltr'><strong>frater,</strong></span> <span class='ocrx_word' id='word_1_262' title='bbox 335 3153 541 3223; x_wconf 84' lang='lat' dir='ltr'><strong>respice.</strong></span> <span class='ocrx_word' id='word_1_263' title='bbox 576 3150 648 3204; x_wconf 85' lang='lat' dir='ltr'><strong>Et</strong></span> <span class='ocrx_word' id='word_1_264' title='bbox 670 3166 759 3221; x_wconf 88' lang='lat' dir='ltr'><strong>ego</strong></span> <span class='ocrx_word' id='word_1_265' title='bbox 785 3150 956 3203; x_wconf 86' lang='lat' dir='ltr'><strong>eadem</strong></span> <span class='ocrx_word' id='word_1_266' title='bbox 983 3151 1110 3202; x_wconf 89' lang='lat' dir='ltr'><strong>hora</strong></span> <span class='ocrx_word' id='word_1_267' title='bbox 1131 3149 1326 3218; x_wconf 78' lang='lat' dir='ltr'><strong>respexi</strong></span> <span class='ocrx_word' id='word_1_268' title='bbox 1362 3150 1416 3202; x_wconf 86' lang='lat' dir='ltr'><strong>in</strong></span> <span class='ocrx_word' id='word_1_269' title='bbox 1451 3165 1580 3203; x_wconf 87' lang='lat' dir='ltr'><strong>cum.</strong></span> <span class='ocrx_word' id='word_1_270' title='bbox 1612 3147 1709 3202; x_wconf 88' lang='lat' dir='ltr'><strong>ln-</strong></span> 
     </span>
    </p>
   </div>
   <div class='ocr_carea' id='block_1_33' title="bbox 169 3241 1711 3316">
    <p class='ocr_par' dir='ltr' id='par_1_33' title="bbox 169 3241 1711 3316">
     <span class='ocr_line' id='line_1_33' title="bbox 169 3241 1711 3316; baseline 0 -21"><span class='ocrx_word' id='word_1_271' title='bbox 169 3244 348 3311; x_wconf 76' lang='lat' dir='ltr'><strong>gredere,</strong></span> <span class='ocrx_word' id='word_1_272' title='bbox 379 3247 573 3316; x_wconf 89' lang='lat' dir='ltr'><strong>inquit,</strong></span> <span class='ocrx_word' id='word_1_273' title='bbox 608 3244 664 3296; x_wconf 87' lang='lat' dir='ltr'><strong>in</strong></span> <span class='ocrx_word' id='word_1_274' title='bbox 688 3244 960 3308; x_wconf 85' lang='lat' dir='ltr'><strong>civitatem,</strong></span> <span class='ocrx_word' id='word_1_275' title='bbox 991 3251 1037 3296; x_wconf 91' lang='lat' dir='ltr'><strong>et</strong></span> <span class='ocrx_word' id='word_1_276' title='bbox 1062 3241 1130 3294; x_wconf 88' lang='lat' dir='ltr'><strong>ibi</strong></span> <span class='ocrx_word' id='word_1_277' title='bbox 1155 3241 1350 3295; x_wconf 84' lang='lat' dir='ltr'><strong>dicetur</strong></span> <span class='ocrx_word' id='word_1_278' title='bbox 1377 3241 1484 3306; x_wconf 89' lang='lat' dir='ltr'><strong>tibi,</strong></span> <span class='ocrx_word' id='word_1_279' title='bbox 1521 3241 1640 3310; x_wconf 90' lang='lat' dir='ltr'><strong>quid</strong></span> <span class='ocrx_word' id='word_1_280' title='bbox 1664 3250 1711 3295; x_wconf 86' lang='lat' dir='ltr'><strong>te</strong></span> 
     </span>
    </p>
   </div>
   <div class='ocr_carea' id='block_1_34' title="bbox 170 3331 1709 3406">
    <p class='ocr_par' dir='ltr' id='par_1_34' title="bbox 170 3331 1709 3406">
     <span class='ocr_line' id='line_1_34' title="bbox 170 3331 1709 3406; baseline 0.002 -21"><span class='ocrx_word' id='word_1_281' title='bbox 170 3345 354 3401; x_wconf 80' lang='lat' dir='ltr'><strong>oporteat</strong></span> <span class='ocrx_word' id='word_1_282' title='bbox 381 3338 570 3406; x_wconf 76' lang='lat' dir='ltr'><strong>facere.</strong></span> <span class='ocrx_word' id='word_1_283' title='bbox 620 3335 762 3389; x_wconf 84' lang='lat' dir='ltr'><strong>Ecce</strong></span> <span class='ocrx_word' id='word_1_284' title='bbox 809 3347 993 3388; x_wconf 86' lang='lat' dir='ltr'><strong>rursus</strong></span> <span class='ocrx_word' id='word_1_285' title='bbox 1033 3331 1198 3386; x_wconf 84' lang='lat' dir='ltr'><strong>alium</strong></span> <span class='ocrx_word' id='word_1_286' title='bbox 1242 3339 1431 3386; x_wconf 87' lang='lat' dir='ltr'><strong>testem</strong></span> <span class='ocrx_word' id='word_1_287' title='bbox 1464 3348 1478 3384; x_wconf 95' lang='lat'><strong>:</strong></span> <span class='ocrx_word' id='word_1_288' title='bbox 1509 3341 1564 3386; x_wconf 90' lang='lat' dir='ltr'><strong>et</strong></span> <span class='ocrx_word' id='word_1_289' title='bbox 1591 3331 1709 3388; x_wconf 83' lang='lat' dir='ltr'><strong>vide</strong></span> 
     </span>
    </p>
   </div>
   <div class='ocr_carea' id='block_1_35' title="bbox 171 3423 1712 3496">
    <p class='ocr_par' dir='ltr' id='par_1_35' title="bbox 171 3423 1712 3496">
     <span class='ocr_line' id='line_1_35' title="bbox 171 3423 1712 3496; baseline 0.001 -20"><span class='ocrx_word' id='word_1_290' title='bbox 171 3429 390 3492; x_wconf 90' lang='lat' dir='ltr'><strong>quomodo</strong></span> <span class='ocrx_word' id='word_1_291' title='bbox 417 3429 566 3483; x_wconf 90' lang='lat' dir='ltr'><strong>illum</strong></span> <span class='ocrx_word' id='word_1_292' title='bbox 597 3425 704 3481; x_wconf 91' lang='lat' dir='ltr'><strong>ﬁde</strong></span> <span class='ocrx_word' id='word_1_293' title='bbox 730 3425 945 3496; x_wconf 85' lang='lat' dir='ltr'><strong>dignum</strong></span> <span class='ocrx_word' id='word_1_294' title='bbox 973 3423 1147 3479; x_wconf 80' lang='lat' dir='ltr'><strong>faciat.</strong></span> <span class='ocrx_word' id='word_1_295' title='bbox 1170 3423 1392 3477; x_wconf 81' lang='lat' dir='ltr'><strong>Ananias</strong></span> <span class='ocrx_word' id='word_1_296' title='bbox 1417 3433 1581 3477; x_wconf 88' lang='lat' dir='ltr'><strong>autem</strong></span> <span class='ocrx_word' id='word_1_297' title='bbox 1600 3425 1712 3494; x_wconf 89' lang='lat' dir='ltr'><strong>qui-</strong></span> 
     </span>
    </p>
   </div>
   <div class='ocr_carea' id='block_1_36' title="bbox 171 3515 1709 3589">
    <p class='ocr_par' dir='ltr' id='par_1_36' title="bbox 171 3515 1709 3589">
     <span class='ocr_line' id='line_1_36' title="bbox 171 3515 1709 3589; baseline 0.002 -22"><span class='ocrx_word' id='word_1_298' title='bbox 171 3517 274 3583; x_wconf 82' lang='lat' dir='ltr'><strong>dam,</strong></span> <span class='ocrx_word' id='word_1_299' title='bbox 302 3519 496 3589; x_wconf 90' lang='lat' dir='ltr'><strong>inquit,</strong></span> <span class='ocrx_word' id='word_1_300' title='bbox 527 3520 610 3572; x_wconf 80' lang='lat' dir='ltr'><strong>vir</strong></span> <span class='ocrx_word' id='word_1_301' title='bbox 637 3517 750 3588; x_wconf 86' lang='lat' dir='ltr'><strong>pius</strong></span> <span class='ocrx_word' id='word_1_302' title='bbox 773 3517 1047 3572; x_wconf 89' lang='lat' dir='ltr'><strong>secundum</strong></span> <span class='ocrx_word' id='word_1_303' title='bbox 1070 3516 1248 3586; x_wconf 81' lang='lat' dir='ltr'><strong>legem,</strong></span> <span class='ocrx_word' id='word_1_304' title='bbox 1283 3515 1563 3570; x_wconf 90' lang='lat' dir='ltr'><strong>testimonio</strong></span> <span class='ocrx_word' id='word_1_305' title='bbox 1584 3533 1709 3585; x_wconf 81' lang='lat' dir='ltr'><strong>pro-</strong></span> 
     </span>
    </p>
   </div>
   <div class='ocr_carea' id='block_1_37' title="bbox 169 3607 1704 3679">
    <p class='ocr_par' dir='ltr' id='par_1_37' title="bbox 169 3607 1704 3679">
     <span class='ocr_line' id='line_1_37' title="bbox 169 3607 1704 3679; baseline 0.002 -22"><span class='ocrx_word' id='word_1_306' title='bbox 169 3608 278 3662; x_wconf 81' lang='lat' dir='ltr'><strong>batus</strong></span> <span class='ocrx_word' id='word_1_307' title='bbox 299 3611 352 3663; x_wconf 86' lang='lat' dir='ltr'><strong>ab</strong></span> <span class='ocrx_word' id='word_1_308' title='bbox 380 3611 619 3664; x_wconf 87' lang='lat' dir='ltr'><strong>omnibus</strong></span> <span class='ocrx_word' id='word_1_309' title='bbox 649 3608 847 3663; x_wconf 78' lang='lat' dir='ltr'><strong>Judteis</strong></span> <span class='ocrx_word' id='word_1_310' title='bbox 866 3650 882 3675; x_wconf 90' lang='lat'><strong>,</strong></span> <span class='ocrx_word' id='word_1_311' title='bbox 909 3609 1166 3679; x_wconf 87' lang='lat' dir='ltr'><strong>ingressus</strong></span> <span class='ocrx_word' id='word_1_312' title='bbox 1193 3607 1262 3660; x_wconf 92' lang='lat' dir='ltr'><strong>ad</strong></span> <span class='ocrx_word' id='word_1_313' title='bbox 1290 3623 1369 3660; x_wconf 89' lang='lat' dir='ltr'><strong>me</strong></span> <span class='ocrx_word' id='word_1_314' title='bbox 1393 3615 1438 3660; x_wconf 89' lang='lat' dir='ltr'><strong>et</strong></span> <span class='ocrx_word' id='word_1_315' title='bbox 1465 3607 1670 3660; x_wconf 83' lang='lat' dir='ltr'><strong>adstans</strong></span> <span class='ocrx_word' id='word_1_316' title='bbox 1689 3649 1704 3675; x_wconf 91' lang='lat'><strong>,</strong></span> 
     </span>
    </p>
   </div>
   <div class='ocr_carea' id='block_1_38' title="bbox 169 3698 1709 3771">
    <p class='ocr_par' dir='ltr' id='par_1_38' title="bbox 169 3698 1709 3771">
     <span class='ocr_line' id='line_1_38' title="bbox 169 3698 1709 3771; baseline 0.002 -21"><span class='ocrx_word' id='word_1_317' title='bbox 169 3700 268 3754; x_wconf 76' lang='lat' dir='ltr'><strong>dixit</strong></span> <span class='ocrx_word' id='word_1_318' title='bbox 292 3704 404 3757; x_wconf 87' lang='lat' dir='ltr'><strong>mihi</strong></span> <span class='ocrx_word' id='word_1_319' title='bbox 440 3719 459 3757; x_wconf 93' lang='lat'><strong>:</strong></span> <span class='ocrx_word' id='word_1_320' title='bbox 490 3702 732 3771; x_wconf 76' lang='lat' dir='ltr'><strong>Respice.</strong></span> <span class='ocrx_word' id='word_1_321' title='bbox 773 3700 848 3755; x_wconf 84' lang='lat' dir='ltr'><strong>Ita</strong></span> <span class='ocrx_word' id='word_1_322' title='bbox 888 3700 1019 3755; x_wconf 85' lang='lat' dir='ltr'><strong>nihil</strong></span> <span class='ocrx_word' id='word_1_323' title='bbox 1045 3699 1300 3754; x_wconf 89' lang='lat' dir='ltr'><strong>alienum.</strong></span> <span class='ocrx_word' id='word_1_324' title='bbox 1327 3698 1394 3753; x_wconf 88' lang='lat' dir='ltr'><strong>Et</strong></span> <span class='ocrx_word' id='word_1_325' title='bbox 1420 3716 1510 3768; x_wconf 84' lang='lat' dir='ltr'><strong>ego</strong></span> <span class='ocrx_word' id='word_1_326' title='bbox 1537 3699 1709 3753; x_wconf 88' lang='lat' dir='ltr'><strong>eadem</strong></span> 
     </span>
    </p>
   </div>
   <div class='ocr_carea' id='block_1_39' title="bbox 169 3789 1704 3864">
    <p class='ocr_par' dir='ltr' id='par_1_39' title="bbox 169 3789 1704 3864">
     <span class='ocr_line' id='line_1_39' title="bbox 169 3789 1704 3864; baseline 0.003 -24"><span class='ocrx_word' id='word_1_327' title='bbox 169 3791 262 3843; x_wconf 78' lang='lat' dir='ltr'><strong>liora</strong></span> <span class='ocrx_word' id='word_1_328' title='bbox 279 3796 482 3864; x_wconf 82' lang='lat' dir='ltr'><strong>respexi.</strong></span> <span class='ocrx_word' id='word_1_329' title='bbox 509 3793 771 3862; x_wconf 86' lang='lat' dir='ltr'><strong>Sequitur</strong></span> <span class='ocrx_word' id='word_1_330' title='bbox 789 3791 912 3846; x_wconf 88' lang='lat' dir='ltr'><strong>hinc</strong></span> <span class='ocrx_word' id='word_1_331' title='bbox 933 3790 1289 3846; x_wconf 90' lang='lat' dir='ltr'><strong>testimonium</strong></span> <span class='ocrx_word' id='word_1_332' title='bbox 1317 3806 1414 3860; x_wconf 88' lang='lat' dir='ltr'><strong>per</strong></span> <span class='ocrx_word' id='word_1_333' title='bbox 1434 3805 1519 3844; x_wconf 91' lang='lat' dir='ltr'><strong>res</strong></span> <span class='ocrx_word' id='word_1_334' title='bbox 1543 3789 1704 3859; x_wconf 91' lang='lat' dir='ltr'><strong>ipsas.</strong></span> 
     </span>
    </p>
   </div>
   <div class='ocr_carea' id='block_1_40' title="bbox 170 3879 1708 3956">
    <p class='ocr_par' dir='ltr' id='par_1_40' title="bbox 170 3879 1708 3956">
     <span class='ocr_line' id='line_1_40' title="bbox 170 3879 1708 3956; baseline 0.001 -23"><span class='ocrx_word' id='word_1_335' title='bbox 170 3879 218 3934; x_wconf 86' lang='lat' dir='ltr'><strong>Et</strong></span> <span class='ocrx_word' id='word_1_336' title='bbox 236 3883 358 3948; x_wconf 80' lang='lat' dir='ltr'><strong>vide,</strong></span> <span class='ocrx_word' id='word_1_337' title='bbox 388 3883 668 3956; x_wconf 87' lang='lat' dir='ltr'><strong>quomodo</strong></span> <span class='ocrx_word' id='word_1_338' title='bbox 698 3898 762 3937; x_wconf 74' lang='lat' dir='ltr'><strong>ex</strong></span> <span class='ocrx_word' id='word_1_339' title='bbox 792 3880 1037 3951; x_wconf 90' lang='lat' dir='ltr'><strong>personis</strong></span> <span class='ocrx_word' id='word_1_340' title='bbox 1060 3889 1115 3936; x_wconf 91' lang='lat' dir='ltr'><strong>et</strong></span> <span class='ocrx_word' id='word_1_341' title='bbox 1147 3881 1310 3935; x_wconf 87' lang='lat' dir='ltr'><strong>rebus</strong></span> <span class='ocrx_word' id='word_1_342' title='bbox 1339 3888 1608 3945; x_wconf 89' lang='lat' dir='ltr'><strong>nectatur;</strong></span> <span class='ocrx_word' id='word_1_343' title='bbox 1642 3895 1708 3935; x_wconf 82' lang='lat' dir='ltr'><strong>ex</strong></span> 
     </span>
    </p>
   </div>
   <div class='ocr_carea' id='block_1_41' title="bbox 168 3972 1709 4046">
    <p class='ocr_par' dir='ltr' id='par_1_41' title="bbox 168 3972 1709 4046">
     <span class='ocr_line' id='line_1_41' title="bbox 168 3972 1709 4046; baseline 0.001 -20"><span class='ocrx_word' id='word_1_344' title='bbox 168 3975 367 4038; x_wconf 87' lang='lat' dir='ltr'><strong>personis</strong></span> <span class='ocrx_word' id='word_1_345' title='bbox 396 3986 501 4030; x_wconf 90' lang='lat' dir='ltr'><strong>tarn</strong></span> <span class='ocrx_word' id='word_1_346' title='bbox 530 3973 772 4046; x_wconf 89' lang='lat' dir='ltr'><strong>propriis</strong></span> <span class='ocrx_word' id='word_1_347' title='bbox 799 3987 958 4043; x_wconf 90' lang='lat' dir='ltr'><strong>quam</strong></span> <span class='ocrx_word' id='word_1_348' title='bbox 987 3972 1275 4027; x_wconf 78' lang='lat' dir='ltr'><strong>extraneis.</strong></span> <span class='ocrx_word' id='word_1_349' title='bbox 1308 3972 1558 4027; x_wconf 72' lang='lat' dir='ltr'><strong>Persona:</strong></span> <span class='ocrx_word' id='word_1_350' title='bbox 1584 3983 1709 4027; x_wconf 91' lang='lat' dir='ltr'><strong>sunt</strong></span> 
     </span>
    </p>
   </div>
   <div class='ocr_carea' id='block_1_42' title="bbox 167 4068 1704 4138">
    <p class='ocr_par' dir='ltr' id='par_1_42' title="bbox 167 4068 1704 4138">
     <span class='ocr_line' id='line_1_42' title="bbox 167 4068 1704 4138; baseline 0.003 -21"><span class='ocrx_word' id='word_1_351' title='bbox 167 4068 446 4138; x_wconf 82' lang='lat' dir='ltr'><strong>sacerdotes,</strong></span> <span class='ocrx_word' id='word_1_352' title='bbox 475 4071 747 4132; x_wconf 88' lang='lat' dir='ltr'><strong>seniores.</strong></span> <span class='ocrx_word' id='word_1_353' title='bbox 775 4069 875 4122; x_wconf 82' lang='lat' dir='ltr'><strong>viae</strong></span> <span class='ocrx_word' id='word_1_354' title='bbox 900 4068 1150 4130; x_wconf 89' lang='lat' dir='ltr'><strong>comites;</strong></span> <span class='ocrx_word' id='word_1_355' title='bbox 1174 4082 1260 4122; x_wconf 90' lang='lat' dir='ltr'><strong>res</strong></span> <span class='ocrx_word' id='word_1_356' title='bbox 1285 4082 1413 4123; x_wconf 88' lang='lat' dir='ltr'><strong>vero</strong></span> <span class='ocrx_word' id='word_1_357' title='bbox 1440 4076 1494 4123; x_wconf 89' lang='lat' dir='ltr'><strong>et</strong></span> <span class='ocrx_word' id='word_1_358' title='bbox 1521 4083 1704 4138; x_wconf 88' lang='lat' dir='ltr'><strong>opera,</strong></span> 
     </span>
    </p>
   </div>
   <div class='ocr_carea' id='block_1_43' title="bbox 165 4160 1707 4233">
    <p class='ocr_par' dir='ltr' id='par_1_43' title="bbox 165 4160 1707 4233">
     <span class='ocr_line' id='line_1_43' title="bbox 165 4160 1707 4233; baseline 0.005 -25"><span class='ocrx_word' id='word_1_359' title='bbox 165 4171 253 4224; x_wconf 73' lang='lat' dir='ltr'><strong>qua:</strong></span> <span class='ocrx_word' id='word_1_360' title='bbox 278 4161 409 4225; x_wconf 87' lang='lat' dir='ltr'><strong>fecit,</strong></span> <span class='ocrx_word' id='word_1_361' title='bbox 454 4178 577 4233; x_wconf 81' lang='lat' dir='ltr'><strong>quae</strong></span> <span class='ocrx_word' id='word_1_362' title='bbox 619 4175 805 4231; x_wconf 88' lang='lat' dir='ltr'><strong>passus</strong></span> <span class='ocrx_word' id='word_1_363' title='bbox 840 4167 922 4215; x_wconf 90' lang='lat' dir='ltr'><strong>est</strong></span> <span class='ocrx_word' id='word_1_364' title='bbox 958 4176 972 4214; x_wconf 93' lang='lat'><strong>:</strong></span> <span class='ocrx_word' id='word_1_365' title='bbox 1010 4169 1063 4214; x_wconf 92' lang='lat' dir='ltr'><strong>et</strong></span> <span class='ocrx_word' id='word_1_366' title='bbox 1100 4175 1259 4230; x_wconf 90' lang='lat' dir='ltr'><strong>opera</strong></span> <span class='ocrx_word' id='word_1_367' title='bbox 1299 4160 1550 4230; x_wconf 88' lang='lat' dir='ltr'><strong>operibus</strong></span> <span class='ocrx_word' id='word_1_368' title='bbox 1579 4161 1707 4216; x_wconf 88' lang='lat' dir='ltr'><strong>dant</strong></span> 
     </span>
    </p>
   </div>
   <div class='ocr_carea' id='block_1_44' title="bbox 165 4253 1704 4324">
    <p class='ocr_par' dir='ltr' id='par_1_44' title="bbox 165 4253 1704 4324">
     <span class='ocr_line' id='line_1_44' title="bbox 165 4253 1704 4324; baseline 0.005 -21"><span class='ocrx_word' id='word_1_369' title='bbox 165 4253 508 4320; x_wconf 80' lang='lat' dir='ltr'><strong>testimonium,</strong></span> <span class='ocrx_word' id='word_1_370' title='bbox 539 4271 652 4310; x_wconf 92' lang='lat' dir='ltr'><strong>non</strong></span> <span class='ocrx_word' id='word_1_371' title='bbox 680 4269 922 4324; x_wconf 68' lang='lat' dir='ltr'><strong>personae</strong></span> <span class='ocrx_word' id='word_1_372' title='bbox 954 4263 1176 4308; x_wconf 88' lang='lat' dir='ltr'><strong>tantum.</strong></span> <span class='ocrx_word' id='word_1_373' title='bbox 1208 4254 1305 4309; x_wconf 83' lang='lat' dir='ltr'><strong>Vel</strong></span> <span class='ocrx_word' id='word_1_374' title='bbox 1327 4256 1484 4309; x_wconf 90' lang='lat' dir='ltr'><strong>etiam</strong></span> <span class='ocrx_word' id='word_1_375' title='bbox 1511 4256 1704 4311; x_wconf 84' lang='lat' dir='ltr'><strong>aliter:</strong></span> 
     </span>
    </p>
   </div>
   <div class='ocr_carea' id='block_1_45' title="bbox 162 4347 1706 4420">
    <p class='ocr_par' dir='ltr' id='par_1_45' title="bbox 162 4347 1706 4420">
     <span class='ocr_line' id='line_1_45' title="bbox 162 4347 1706 4420; baseline 0.007 -26"><span class='ocrx_word' id='word_1_376' title='bbox 162 4354 408 4404; x_wconf 81' lang='lat' dir='ltr'><strong>extrahens</strong></span> <span class='ocrx_word' id='word_1_377' title='bbox 428 4359 547 4404; x_wconf 87' lang='lat' dir='ltr'><strong>erat</strong></span> <span class='ocrx_word' id='word_1_378' title='bbox 569 4348 840 4414; x_wconf 81' lang='lat' dir='ltr'><strong>Ananias;</strong></span> <span class='ocrx_word' id='word_1_379' title='bbox 871 4347 1064 4403; x_wconf 88' lang='lat' dir='ltr'><strong>deinde</strong></span> <span class='ocrx_word' id='word_1_380' title='bbox 1089 4349 1305 4419; x_wconf 86' lang='lat' dir='ltr'><strong>ponitur</strong></span> <span class='ocrx_word' id='word_1_381' title='bbox 1332 4365 1418 4405; x_wconf 89' lang='lat' dir='ltr'><strong>res</strong></span> <span class='ocrx_word' id='word_1_382' title='bbox 1447 4350 1557 4420; x_wconf 91' lang='lat' dir='ltr'><strong>ipsa</strong></span> <span class='ocrx_word' id='word_1_383' title='bbox 1578 4389 1596 4417; x_wconf 89' lang='lat'><strong>,</strong></span> <span class='ocrx_word' id='word_1_384' title='bbox 1622 4351 1706 4405; x_wconf 90' lang='lat' dir='ltr'><strong>vi-</strong></span> 
     </span>
    </p>
   </div>
   <div class='ocr_carea' id='block_1_46' title="bbox 164 4439 1708 4510">
    <p class='ocr_par' dir='ltr' id='par_1_46' title="bbox 164 4439 1708 4510">
     <span class='ocr_line' id='line_1_46' title="bbox 164 4439 1708 4510; baseline 0.01 -27"><span class='ocrx_word' id='word_1_385' title='bbox 164 4446 235 4486; x_wconf 89' lang='lat' dir='ltr'><strong>sus</strong></span> <span class='ocrx_word' id='word_1_386' title='bbox 267 4440 559 4506; x_wconf 87' lang='lat' dir='ltr'><strong>restitutio;</strong></span> <span class='ocrx_word' id='word_1_387' title='bbox 611 4448 793 4509; x_wconf 89' lang='lat' dir='ltr'><strong>postea</strong></span> <span class='ocrx_word' id='word_1_388' title='bbox 838 4439 1112 4509; x_wconf 88' lang='lat' dir='ltr'><strong>prophetia</strong></span> <span class='ocrx_word' id='word_1_389' title='bbox 1143 4455 1351 4510; x_wconf 86' lang='lat' dir='ltr'><strong>magna.</strong></span> <span class='ocrx_word' id='word_1_390' title='bbox 1389 4443 1476 4499; x_wconf 78' lang='lat' dir='ltr'><strong>M.</strong></span> <span class='ocrx_word' id='word_1_391' title='bbox 1515 4442 1579 4495; x_wconf 85' lang='lat' dir='ltr'><strong>At</strong></span> <span class='ocrx_word' id='word_1_392' title='bbox 1619 4442 1708 4498; x_wconf 86' lang='lat' dir='ltr'><strong>ille</strong></span> 
     </span>
    </p>
   </div>
   <div class='ocr_carea' id='block_1_47' title="bbox 165 4524 1704 4600">
    <p class='ocr_par' dir='ltr' id='par_1_47' title="bbox 165 4524 1704 4600">
     <span class='ocr_line' id='line_1_47' title="bbox 165 4524 1704 4600; baseline 0.006 -21"><span class='ocrx_word' id='word_1_393' title='bbox 165 4524 264 4580; x_wconf 75' lang='lat' dir='ltr'><strong>dixit</strong></span> <span class='ocrx_word' id='word_1_394' title='bbox 289 4547 305 4584; x_wconf 91' lang='lat'><strong>:</strong></span> <span class='ocrx_word' id='word_1_395' title='bbox 333 4529 465 4584; x_wconf 87' lang='lat' dir='ltr'><strong>Deus</strong></span> <span class='ocrx_word' id='word_1_396' title='bbox 493 4540 702 4599; x_wconf 82' lang='lat' dir='ltr'><strong>patrum</strong></span> <span class='ocrx_word' id='word_1_397' title='bbox 730 4541 1012 4585; x_wconf 87' lang='lat' dir='ltr'><strong>nostrorum</strong></span> <span class='ocrx_word' id='word_1_398' title='bbox 1041 4531 1396 4600; x_wconf 73' lang='lat' dir='ltr'><strong>prwordinavit</strong></span> <span class='ocrx_word' id='word_1_399' title='bbox 1434 4542 1500 4596; x_wconf 89' lang='lat' dir='ltr'><strong>te,</strong></span> <span class='ocrx_word' id='word_1_400' title='bbox 1537 4544 1590 4586; x_wconf 92' lang='lat' dir='ltr'><strong>ut</strong></span> <span class='ocrx_word' id='word_1_401' title='bbox 1616 4550 1704 4588; x_wconf 89' lang='lat' dir='ltr'><strong>co-</strong></span> 
     </span>
    </p>
   </div>
   <div class='ocr_carea' id='block_1_48' title="bbox 168 4621 1706 4693">
    <p class='ocr_par' dir='ltr' id='par_1_48' title="bbox 168 4621 1706 4693">
     <span class='ocr_line' id='line_1_48' title="bbox 168 4621 1706 4693; baseline 0.008 -25"><span class='ocrx_word' id='word_1_402' title='bbox 168 4633 391 4682; x_wconf 75' lang='lat' dir='ltr'><strong>gnosceres</strong></span> <span class='ocrx_word' id='word_1_403' title='bbox 439 4621 754 4676; x_wconf 80' lang='lat' dir='ltr'><strong>voluntatem</strong></span> <span class='ocrx_word' id='word_1_404' title='bbox 797 4623 926 4690; x_wconf 82' lang='lat' dir='ltr'><strong>ejus,</strong></span> <span class='ocrx_word' id='word_1_405' title='bbox 972 4633 1020 4676; x_wconf 91' lang='lat' dir='ltr'><strong>et</strong></span> <span class='ocrx_word' id='word_1_406' title='bbox 1055 4621 1247 4677; x_wconf 81' lang='lat' dir='ltr'><strong>uideres</strong></span> <span class='ocrx_word' id='word_1_407' title='bbox 1282 4624 1497 4693; x_wconf 86' lang='lat' dir='ltr'><strong>justum.</strong></span> <span class='ocrx_word' id='word_1_408' title='bbox 1544 4624 1706 4681; x_wconf 78' lang='lat' dir='ltr'><strong>Recte</strong></span> 
     </span>
    </p>
   </div>
   <div class='ocr_carea' id='block_1_49' title="bbox 164 4704 1702 4780">
    <p class='ocr_par' dir='ltr' id='par_1_49' title="bbox 164 4704 1702 4780">
     <span class='ocr_line' id='line_1_49' title="bbox 164 4704 1702 4780; baseline 0.008 -23"><span class='ocrx_word' id='word_1_409' title='bbox 164 4704 270 4762; x_wconf 80' lang='lat' dir='ltr'><strong>dixit</strong></span> <span class='ocrx_word' id='word_1_410' title='bbox 287 4751 300 4771; x_wconf 86' lang='lat'><strong>,</strong></span> <span class='ocrx_word' id='word_1_411' title='bbox 341 4711 554 4766; x_wconf 83' lang='lat' dir='ltr'><strong>Patrum</strong></span> <span class='ocrx_word' id='word_1_412' title='bbox 579 4753 594 4776; x_wconf 90' lang='lat'><strong>,</strong></span> <span class='ocrx_word' id='word_1_413' title='bbox 631 4721 690 4766; x_wconf 91' lang='lat' dir='ltr'><strong>ut</strong></span> <span class='ocrx_word' id='word_1_414' title='bbox 722 4712 1027 4767; x_wconf 89' lang='lat' dir='ltr'><strong>ostenderet</strong></span> <span class='ocrx_word' id='word_1_415' title='bbox 1056 4727 1150 4767; x_wconf 92' lang='lat' dir='ltr'><strong>eos</strong></span> <span class='ocrx_word' id='word_1_416' title='bbox 1176 4727 1284 4767; x_wconf 92' lang='lat' dir='ltr'><strong>non</strong></span> <span class='ocrx_word' id='word_1_417' title='bbox 1311 4728 1432 4769; x_wconf 90' lang='lat' dir='ltr'><strong>esse</strong></span> <span class='ocrx_word' id='word_1_418' title='bbox 1458 4714 1669 4770; x_wconf 74' lang='lat' dir='ltr'><strong>Judaaos</strong></span> <span class='ocrx_word' id='word_1_419' title='bbox 1687 4757 1702 4780; x_wconf 90' lang='lat'><strong>,</strong></span> 
     </span>
    </p>
   </div>
   <div class='ocr_carea' id='block_1_50' title="bbox 165 4796 1706 4878">
    <p class='ocr_par' dir='ltr' id='par_1_50' title="bbox 165 4796 1706 4878">
     <span class='ocr_line' id='line_1_50' title="bbox 165 4796 1706 4878; baseline 0.007 -27"><span class='ocrx_word' id='word_1_420' title='bbox 165 4796 237 4851; x_wconf 66' lang='lat' dir='ltr'><strong>sed</strong></span> <span class='ocrx_word' id='word_1_421' title='bbox 271 4801 462 4859; x_wconf 89' lang='lat' dir='ltr'><strong>alienos</strong></span> <span class='ocrx_word' id='word_1_422' title='bbox 497 4821 529 4858; x_wconf 91' lang='lat' dir='ltr'><strong>a</strong></span> <span class='ocrx_word' id='word_1_423' title='bbox 585 4804 722 4874; x_wconf 89' lang='lat' dir='ltr'><strong>lege,</strong></span> <span class='ocrx_word' id='word_1_424' title='bbox 753 4813 807 4858; x_wconf 90' lang='lat' dir='ltr'><strong>et</strong></span> <span class='ocrx_word' id='word_1_425' title='bbox 863 4804 1081 4871; x_wconf 90' lang='lat' dir='ltr'><strong>invidia,</strong></span> <span class='ocrx_word' id='word_1_426' title='bbox 1129 4820 1233 4859; x_wconf 92' lang='lat' dir='ltr'><strong>non</strong></span> <span class='ocrx_word' id='word_1_427' title='bbox 1283 4806 1399 4860; x_wconf 86' lang='lat' dir='ltr'><strong>zelo</strong></span> <span class='ocrx_word' id='word_1_428' title='bbox 1426 4822 1600 4878; x_wconf 89' lang='lat' dir='ltr'><strong>agere.</strong></span> <span class='ocrx_word' id='word_1_429' title='bbox 1638 4807 1706 4862; x_wconf 88' lang='lat' dir='ltr'><strong>Ut</strong></span> 
     </span>
    </p>
   </div>
   <div class='ocr_carea' id='block_1_51' title="bbox 163 4888 1704 4970">
    <p class='ocr_par' dir='ltr' id='par_1_51' title="bbox 163 4888 1704 4970">
     <span class='ocr_line' id='line_1_51' title="bbox 163 4888 1704 4970; baseline 0.011 -32"><span class='ocrx_word' id='word_1_430' title='bbox 163 4888 286 4954; x_wconf 87' lang='lat' dir='ltr'><strong>scias,</strong></span> <span class='ocrx_word' id='word_1_431' title='bbox 331 4892 520 4965; x_wconf 81' lang='lat' dir='ltr'><strong>inquit,</strong></span> <span class='ocrx_word' id='word_1_432' title='bbox 578 4896 884 4948; x_wconf 82' lang='lat' dir='ltr'><strong>uoluntatem</strong></span> <span class='ocrx_word' id='word_1_433' title='bbox 912 4897 1041 4966; x_wconf 85' lang='lat' dir='ltr'><strong>ejus,</strong></span> <span class='ocrx_word' id='word_1_434' title='bbox 1071 4907 1116 4950; x_wconf 89' lang='lat' dir='ltr'><strong>et</strong></span> <span class='ocrx_word' id='word_1_435' title='bbox 1168 4897 1279 4950; x_wconf 76' lang='lat' dir='ltr'><strong>vide</strong></span> <span class='ocrx_word' id='word_1_436' title='bbox 1313 4899 1527 4969; x_wconf 85' lang='lat' dir='ltr'><strong>justum.</strong></span> <span class='ocrx_word' id='word_1_437' title='bbox 1563 4899 1704 4970; x_wconf 86' lang='lat' dir='ltr'><strong>Ergo</strong></span> 
     </span>
    </p>
   </div>
   <div class='ocr_carea' id='block_1_52' title="bbox 165 4977 1706 5057">
    <p class='ocr_par' dir='ltr' id='par_1_52' title="bbox 165 4977 1706 5057">
     <span class='ocr_line' id='line_1_52' title="bbox 165 4977 1706 5057; baseline 0.008 -22"><span class='ocrx_word' id='word_1_438' title='bbox 165 4977 258 5035; x_wconf 63' lang='lat' dir='ltr'><strong>hac</strong></span> <span class='ocrx_word' id='word_1_439' title='bbox 304 4987 546 5042; x_wconf 80' lang='lat' dir='ltr'><strong>voluntas</strong></span> <span class='ocrx_word' id='word_1_440' title='bbox 609 4990 725 5057; x_wconf 88' lang='lat' dir='ltr'><strong>ejus</strong></span> <span class='ocrx_word' id='word_1_441' title='bbox 780 4997 881 5044; x_wconf 87' lang='lat' dir='ltr'><strong>est.</strong></span> <span class='ocrx_word' id='word_1_442' title='bbox 935 4988 1068 5043; x_wconf 84' lang='lat' dir='ltr'><strong>Vide</strong></span> <span class='ocrx_word' id='word_1_443' title='bbox 1121 5000 1178 5044; x_wconf 85' lang='lat' dir='ltr'><strong>ut</strong></span> <span class='ocrx_word' id='word_1_444' title='bbox 1226 4990 1466 5045; x_wconf 89' lang='lat' dir='ltr'><strong>doctrina</strong></span> <span class='ocrx_word' id='word_1_445' title='bbox 1520 4993 1706 5049; x_wconf 90' lang='lat' dir='ltr'><strong>ordine</strong></span> 
     </span>
    </p>
   </div>
   <div class='ocr_carea' id='block_1_53' title="bbox 167 5079 1706 5155">
    <p class='ocr_par' dir='ltr' id='par_1_53' title="bbox 167 5079 1706 5155">
     <span class='ocr_line' id='line_1_53' title="bbox 167 5079 1706 5155; baseline 0.012 -34"><span class='ocrx_word' id='word_1_446' title='bbox 167 5079 449 5134; x_wconf 83' lang='lat' dir='ltr'><strong>narrationis</strong></span> <span class='ocrx_word' id='word_1_447' title='bbox 493 5081 720 5136; x_wconf 86' lang='lat' dir='ltr'><strong>dicatur.</strong></span> <span class='ocrx_word' id='word_1_448' title='bbox 768 5080 837 5134; x_wconf 86' lang='lat' dir='ltr'><strong>Et</strong></span> <span class='ocrx_word' id='word_1_449' title='bbox 872 5082 1073 5136; x_wconf 83' lang='lat' dir='ltr'><strong>audires</strong></span> <span class='ocrx_word' id='word_1_450' title='bbox 1115 5098 1281 5136; x_wconf 83' lang='lat' dir='ltr'><strong>uocem</strong></span> <span class='ocrx_word' id='word_1_451' title='bbox 1322 5100 1384 5137; x_wconf 83' lang='lat' dir='ltr'><strong>ex</strong></span> <span class='ocrx_word' id='word_1_452' title='bbox 1426 5100 1511 5137; x_wconf 89' lang='lat' dir='ltr'><strong>ore</strong></span> <span class='ocrx_word' id='word_1_453' title='bbox 1553 5087 1660 5155; x_wconf 90' lang='lat' dir='ltr'><strong>ejus</strong></span> <span class='ocrx_word' id='word_1_454' title='bbox 1687 5102 1706 5140; x_wconf 90' lang='lat'><strong>:</strong></span> 
     </span>
    </p>
   </div>
   <div class='ocr_carea' id='block_1_54' title="bbox 168 5163 1708 5243">
    <p class='ocr_par' dir='ltr' id='par_1_54' title="bbox 168 5163 1708 5243">
     <span class='ocr_line' id='line_1_54' title="bbox 168 5163 1708 5243; baseline 0.013 -31"><span class='ocrx_word' id='word_1_455' title='bbox 168 5163 237 5215; x_wconf 85' lang='lat' dir='ltr'><strong>l5.</strong></span> <span class='ocrx_word' id='word_1_456' title='bbox 263 5169 372 5235; x_wconf 86' lang='lat' dir='ltr'><strong>quia</strong></span> <span class='ocrx_word' id='word_1_457' title='bbox 398 5173 497 5226; x_wconf 87' lang='lat' dir='ltr'><strong>eris</strong></span> <span class='ocrx_word' id='word_1_458' title='bbox 521 5173 660 5226; x_wconf 87' lang='lat' dir='ltr'><strong>testis</strong></span> <span class='ocrx_word' id='word_1_459' title='bbox 684 5173 824 5226; x_wconf 87' lang='lat' dir='ltr'><strong>illius</strong></span> <span class='ocrx_word' id='word_1_460' title='bbox 852 5174 920 5226; x_wconf 93' lang='lat' dir='ltr'><strong>ad</strong></span> <span class='ocrx_word' id='word_1_461' title='bbox 948 5191 1116 5228; x_wconf 87' lang='lat' dir='ltr'><strong>omnes</strong></span> <span class='ocrx_word' id='word_1_462' title='bbox 1139 5176 1362 5228; x_wconf 83' lang='lat' dir='ltr'><strong>homines</strong></span> <span class='ocrx_word' id='word_1_463' title='bbox 1384 5191 1573 5243; x_wconf 87' lang='lat' dir='ltr'><strong>eorum,</strong></span> <span class='ocrx_word' id='word_1_464' title='bbox 1596 5194 1708 5243; x_wconf 77' lang='lat' dir='ltr'><strong>qutB</strong></span> 
     </span>
    </p>
   </div>
   <div class='ocr_carea' id='block_1_55' title="bbox 169 5254 1707 5336">
    <p class='ocr_par' dir='ltr' id='par_1_55' title="bbox 169 5254 1707 5336">
     <span class='ocr_line' id='line_1_55' title="bbox 169 5254 1707 5336; baseline 0.012 -32"><span class='ocrx_word' id='word_1_465' title='bbox 169 5254 308 5311; x_wconf 68' lang='lat' dir='ltr'><strong>vidisti</strong></span> <span class='ocrx_word' id='word_1_466' title='bbox 330 5271 374 5315; x_wconf 88' lang='lat' dir='ltr'><strong>et</strong></span> <span class='ocrx_word' id='word_1_467' title='bbox 395 5265 606 5318; x_wconf 86' lang='lat' dir='ltr'><strong>audisti.</strong></span> <span class='ocrx_word' id='word_1_468' title='bbox 638 5264 702 5318; x_wconf 87' lang='lat' dir='ltr'><strong>Et</strong></span> <span class='ocrx_word' id='word_1_469' title='bbox 725 5265 933 5331; x_wconf 85' lang='lat' dir='ltr'><strong>videres,</strong></span> <span class='ocrx_word' id='word_1_470' title='bbox 960 5266 1146 5335; x_wconf 90' lang='lat' dir='ltr'><strong>inquit,</strong></span> <span class='ocrx_word' id='word_1_471' title='bbox 1168 5267 1364 5336; x_wconf 87' lang='lat' dir='ltr'><strong>justum</strong></span> <span class='ocrx_word' id='word_1_472' title='bbox 1394 5283 1412 5320; x_wconf 90' lang='lat'><strong>:</strong></span> <span class='ocrx_word' id='word_1_473' title='bbox 1439 5283 1576 5322; x_wconf 91' lang='lat' dir='ltr'><strong>nunc</strong></span> <span class='ocrx_word' id='word_1_474' title='bbox 1605 5268 1707 5324; x_wconf 91' lang='lat' dir='ltr'><strong>hoc</strong></span> 
     </span>
    </p>
   </div>
   <div class='ocr_carea' id='block_1_56' title="bbox 173 5343 1710 5420">
    <p class='ocr_par' dir='ltr' id='par_1_56' title="bbox 173 5343 1710 5420">
     <span class='ocr_line' id='line_1_56' title="bbox 173 5343 1710 5420; baseline 0.012 -23"><span class='ocrx_word' id='word_1_475' title='bbox 173 5343 288 5401; x_wconf 63' lang='lat' dir='ltr'><strong>dicit.</strong></span> <span class='ocrx_word' id='word_1_476' title='bbox 317 5351 369 5406; x_wconf 90' lang='lat' dir='ltr'><strong>Si</strong></span> <span class='ocrx_word' id='word_1_477' title='bbox 393 5354 594 5420; x_wconf 84' lang='lat' dir='ltr'><strong>justus,</strong></span> <span class='ocrx_word' id='word_1_478' title='bbox 627 5355 697 5409; x_wconf 87' lang='lat' dir='ltr'><strong>illi</strong></span> <span class='ocrx_word' id='word_1_479' title='bbox 723 5356 798 5410; x_wconf 91' lang='lat' dir='ltr'><strong>rei</strong></span> <span class='ocrx_word' id='word_1_480' title='bbox 823 5367 962 5410; x_wconf 87' lang='lat' dir='ltr'><strong>sunt.</strong></span> <span class='ocrx_word' id='word_1_481' title='bbox 995 5357 1062 5410; x_wconf 83' lang='lat' dir='ltr'><strong>Et</strong></span> <span class='ocrx_word' id='word_1_482' title='bbox 1090 5358 1289 5411; x_wconf 87' lang='lat' dir='ltr'><strong>audires</strong></span> <span class='ocrx_word' id='word_1_483' title='bbox 1324 5374 1488 5411; x_wconf 81' lang='lat' dir='ltr'><strong>uocem</strong></span> <span class='ocrx_word' id='word_1_484' title='bbox 1525 5376 1586 5414; x_wconf 80' lang='lat' dir='ltr'><strong>ex</strong></span> <span class='ocrx_word' id='word_1_485' title='bbox 1625 5378 1710 5416; x_wconf 89' lang='lat' dir='ltr'><strong>ore</strong></span> 
     </span>
    </p>
   </div>
   <div class='ocr_carea' id='block_1_57' title="bbox 173 5432 1710 5519">
    <p class='ocr_par' dir='ltr' id='par_1_57' title="bbox 173 5432 1710 5519">
     <span class='ocr_line' id='line_1_57' title="bbox 173 5432 1710 5519; baseline 0.016 -37"><span class='ocrx_word' id='word_1_486' title='bbox 173 5432 300 5492; x_wconf 81' lang='lat' dir='ltr'><strong>illius.</strong></span> <span class='ocrx_word' id='word_1_487' title='bbox 344 5440 474 5498; x_wconf 89' lang='lat' dir='ltr'><strong>Vide</strong></span> <span class='ocrx_word' id='word_1_488' title='bbox 521 5454 580 5499; x_wconf 91' lang='lat' dir='ltr'><strong>ut</strong></span> <span class='ocrx_word' id='word_1_489' title='bbox 612 5461 720 5500; x_wconf 88' lang='lat' dir='ltr'><strong>rem</strong></span> <span class='ocrx_word' id='word_1_490' title='bbox 763 5447 989 5500; x_wconf 83' lang='lat' dir='ltr'><strong>extollit.</strong></span> <span class='ocrx_word' id='word_1_491' title='bbox 1023 5447 1152 5514; x_wconf 86' lang='lat' dir='ltr'><strong>Quia</strong></span> <span class='ocrx_word' id='word_1_492' title='bbox 1179 5450 1296 5516; x_wconf 89' lang='lat' dir='ltr'><strong>eris,</strong></span> <span class='ocrx_word' id='word_1_493' title='bbox 1338 5450 1532 5519; x_wconf 91' lang='lat' dir='ltr'><strong>inquit,</strong></span> <span class='ocrx_word' id='word_1_494' title='bbox 1574 5453 1710 5508; x_wconf 89' lang='lat' dir='ltr'><strong>testis</strong></span> 
     </span>
    </p>
   </div>
   <div class='ocr_carea' id='block_1_58' title="bbox 175 5523 1710 5610">
    <p class='ocr_par' dir='ltr' id='par_1_58' title="bbox 175 5523 1710 5610">
     <span class='ocr_line' id='line_1_58' title="bbox 175 5523 1710 5610; baseline 0.017 -37"><span class='ocrx_word' id='word_1_495' title='bbox 175 5523 300 5582; x_wconf 78' lang='lat' dir='ltr'><strong>illius.</strong></span> <span class='ocrx_word' id='word_1_496' title='bbox 330 5532 448 5588; x_wconf 91' lang='lat' dir='ltr'><strong>Ideo</strong></span> <span class='ocrx_word' id='word_1_497' title='bbox 489 5551 622 5606; x_wconf 85' lang='lat' dir='ltr'><strong>ergo</strong></span> <span class='ocrx_word' id='word_1_498' title='bbox 664 5553 769 5592; x_wconf 92' lang='lat' dir='ltr'><strong>non</strong></span> <span class='ocrx_word' id='word_1_499' title='bbox 811 5538 1003 5608; x_wconf 90' lang='lat' dir='ltr'><strong>prodes</strong></span> <span class='ocrx_word' id='word_1_500' title='bbox 1045 5541 1212 5594; x_wconf 90' lang='lat' dir='ltr'><strong>visum</strong></span> <span class='ocrx_word' id='word_1_501' title='bbox 1243 5552 1297 5596; x_wconf 91' lang='lat' dir='ltr'><strong>et</strong></span> <span class='ocrx_word' id='word_1_502' title='bbox 1339 5543 1607 5610; x_wconf 89' lang='lat' dir='ltr'><strong>auditum,</strong></span> <span class='ocrx_word' id='word_1_503' title='bbox 1648 5560 1710 5599; x_wconf 89' lang='lat' dir='ltr'><strong>ea</strong></span> 
     </span>
    </p>
   </div>
   <div class='ocr_carea' id='block_1_59' title="bbox 175 5625 1709 5703">
    <p class='ocr_par' dir='ltr' id='par_1_59' title="bbox 175 5625 1709 5703">
     <span class='ocr_line' id='line_1_59' title="bbox 175 5625 1709 5703; baseline 0.013 -33"><span class='ocrx_word' id='word_1_504' title='bbox 175 5625 335 5688; x_wconf 82' lang='lat' dir='ltr'><strong>nempe</strong></span> <span class='ocrx_word' id='word_1_505' title='bbox 363 5639 478 5693; x_wconf 63' lang='lat' dir='ltr'><strong>quae</strong></span> <span class='ocrx_word' id='word_1_506' title='bbox 515 5626 694 5682; x_wconf 85' lang='lat' dir='ltr'><strong>vidisti</strong></span> <span class='ocrx_word' id='word_1_507' title='bbox 720 5637 775 5683; x_wconf 83' lang='lat' dir='ltr'><strong>et</strong></span> <span class='ocrx_word' id='word_1_508' title='bbox 803 5629 993 5684; x_wconf 85' lang='lat' dir='ltr'><strong>audisti</strong></span> <span class='ocrx_word' id='word_1_509' title='bbox 1020 5649 1033 5685; x_wconf 91' lang='lat'><strong>:</strong></span> <span class='ocrx_word' id='word_1_510' title='bbox 1063 5646 1157 5700; x_wconf 89' lang='lat' dir='ltr'><strong>per</strong></span> <span class='ocrx_word' id='word_1_511' title='bbox 1187 5641 1468 5703; x_wconf 90' lang='lat' dir='ltr'><strong>utrumque</strong></span> <span class='ocrx_word' id='word_1_512' title='bbox 1495 5649 1709 5690; x_wconf 88' lang='lat' dir='ltr'><strong>sensum</strong></span> 
     </span>
    </p>
   </div>
   <div class='ocr_carea' id='block_1_60' title="bbox 176 5703 1713 5800">
    <p class='ocr_par' dir='ltr' id='par_1_60' title="bbox 176 5703 1713 5800">
     <span class='ocr_line' id='line_1_60' title="bbox 176 5703 1713 5800; baseline 0.017 -43"><span class='ocrx_word' id='word_1_513' title='bbox 176 5703 297 5764; x_wconf 74' lang='lat' dir='ltr'><strong>illum</strong></span> <span class='ocrx_word' id='word_1_514' title='bbox 320 5714 470 5771; x_wconf 85' lang='lat' dir='ltr'><strong>ﬁdum</strong></span> <span class='ocrx_word' id='word_1_515' title='bbox 502 5716 650 5774; x_wconf 82' lang='lat' dir='ltr'><strong>facit.</strong></span> <span class='ocrx_word' id='word_1_516' title='bbox 683 5719 778 5774; x_wconf 77' lang='grc'><strong>16.</strong></span> <span class='ocrx_word' id='word_1_517' title='bbox 808 5718 876 5773; x_wconf 87' lang='lat' dir='ltr'><strong>Et</strong></span> <span class='ocrx_word' id='word_1_518' title='bbox 900 5736 1029 5776; x_wconf 85' lang='lat' dir='ltr'><strong>nunc</strong></span> <span class='ocrx_word' id='word_1_519' title='bbox 1052 5721 1174 5792; x_wconf 82' lang='lat' dir='ltr'><strong>quid</strong></span> <span class='ocrx_word' id='word_1_520' title='bbox 1200 5724 1448 5779; x_wconf 82' lang='lat' dir='ltr'><strong>moraris?</strong></span> <span class='ocrx_word' id='word_1_521' title='bbox 1481 5723 1713 5800; x_wconf 76' lang='lat' dir='ltr'><strong>Exsurge</strong></span> 
     </span>
    </p>
   </div>
   <div class='ocr_carea' id='block_1_61' title="bbox 3301 265 3405 321">
    <p class='ocr_par' dir='ltr' id='par_1_61' title="bbox 3301 265 3405 321">
     <span class='ocr_line' id='line_1_61' title="bbox 3301 265 3405 321; baseline 0 -1"><span class='ocrx_word' id='word_1_522' title='bbox 3301 265 3405 321; x_wconf 80' lang='grc'><strong>550</strong></span> 
     </span>
    </p>
   </div>
   <div class='ocr_carea' id='block_1_62' title="bbox 1827 373 3406 445">
    <p class='ocr_par' dir='ltr' id='par_1_62' title="bbox 1827 373 3406 445">
     <span class='ocr_line' id='line_1_62' title="bbox 1827 373 3406 445; baseline 0.002 -17"><span class='ocrx_word' id='word_1_523' title='bbox 1827 385 1872 428; x_wconf 89' lang='lat' dir='ltr'><strong>et</strong></span> <span class='ocrx_word' id='word_1_524' title='bbox 1925 373 2207 445; x_wconf 81' lang='lat' dir='ltr'><strong>baptizare,</strong></span> <span class='ocrx_word' id='word_1_525' title='bbox 2237 384 2283 428; x_wconf 90' lang='lat' dir='ltr'><strong>et</strong></span> <span class='ocrx_word' id='word_1_526' title='bbox 2334 373 2482 427; x_wconf 80' lang='lat' dir='ltr'><strong>ablue</strong></span> <span class='ocrx_word' id='word_1_527' title='bbox 2525 384 2726 443; x_wconf 86' lang='lat' dir='ltr'><strong>peccata</strong></span> <span class='ocrx_word' id='word_1_528' title='bbox 2770 383 2875 442; x_wconf 92' lang='lat' dir='ltr'><strong>tua,</strong></span> <span class='ocrx_word' id='word_1_529' title='bbox 2914 376 3143 431; x_wconf 84' lang='lat' dir='ltr'><strong>invocato</strong></span> <span class='ocrx_word' id='word_1_530' title='bbox 3207 378 3406 431; x_wconf 76' lang='lat' dir='ltr'><strong>nomine</strong></span> 
     </span>
    </p>
   </div>
   <div class='ocr_carea' id='block_1_63' title="bbox 1824 467 2002 536">
    <p class='ocr_par' dir='ltr' id='par_1_63' title="bbox 1824 467 2002 536">
     <span class='ocr_line' id='line_1_63' title="bbox 1824 467 2002 536; baseline 0.011 -17"><span class='ocrx_word' id='word_1_531' title='bbox 1824 467 2002 536; x_wconf 79' lang='lat' dir='ltr'><strong>ipsius.</strong></span> 
     </span>
    </p>
   </div>
   <div class='ocr_carea' id='block_1_64' title="bbox 1895 559 3402 630">
    <p class='ocr_par' dir='ltr' id='par_1_64' title="bbox 1895 559 3402 630">
     <span class='ocr_line' id='line_1_64' title="bbox 1895 559 3402 630; baseline 0.001 -16"><span class='ocrx_word' id='word_1_532' title='bbox 1895 560 1948 614; x_wconf 79' lang='grc'><strong>5.</strong></span> <span class='ocrx_word' id='word_1_533' title='bbox 1978 559 2074 614; x_wconf 71' lang='lat' dir='ltr'><strong>llic</strong></span> <span class='ocrx_word' id='word_1_534' title='bbox 2101 573 2212 613; x_wconf 89' lang='lat' dir='ltr'><strong>rem</strong></span> <span class='ocrx_word' id='word_1_535' title='bbox 2241 572 2487 628; x_wconf 85' lang='lat' dir='ltr'><strong>magnam</strong></span> <span class='ocrx_word' id='word_1_536' title='bbox 2516 559 2767 630; x_wconf 90' lang='lat' dir='ltr'><strong>loquitur.</strong></span> <span class='ocrx_word' id='word_1_537' title='bbox 2798 560 2913 618; x_wconf 92' lang='lat' dir='ltr'><strong>Non</strong></span> <span class='ocrx_word' id='word_1_538' title='bbox 2954 560 3096 616; x_wconf 91' lang='lat' dir='ltr'><strong>enim</strong></span> <span class='ocrx_word' id='word_1_539' title='bbox 3134 559 3302 627; x_wconf 80' lang='lat' dir='ltr'><strong>dixit,</strong></span> <span class='ocrx_word' id='word_1_540' title='bbox 3344 559 3402 616; x_wconf 87' lang='lat' dir='ltr'><strong>in</strong></span> 
     </span>
    </p>
   </div>
   <div class='ocr_carea' id='block_1_65' title="bbox 1825 649 3398 720">
    <p class='ocr_par' dir='ltr' id='par_1_65' title="bbox 1825 649 3398 720">
     <span class='ocr_line' id='line_1_65' title="bbox 1825 649 3398 720; baseline 0 -15"><span class='ocrx_word' id='word_1_541' title='bbox 1825 651 2039 705; x_wconf 89' lang='lat' dir='ltr'><strong>nomine</strong></span> <span class='ocrx_word' id='word_1_542' title='bbox 2065 651 2181 719; x_wconf 89' lang='lat' dir='ltr'><strong>ejus</strong></span> <span class='ocrx_word' id='word_1_543' title='bbox 2209 651 2500 720; x_wconf 80' lang='lat' dir='ltr'><strong>baptizare,</strong></span> <span class='ocrx_word' id='word_1_544' title='bbox 2533 650 2648 715; x_wconf 89' lang='lat' dir='ltr'><strong>sed,</strong></span> <span class='ocrx_word' id='word_1_545' title='bbox 2691 649 2931 705; x_wconf 75' lang='lat' dir='ltr'><strong>[avocato</strong></span> <span class='ocrx_word' id='word_1_546' title='bbox 2967 653 3168 706; x_wconf 87' lang='lat' dir='ltr'><strong>nomine</strong></span> <span class='ocrx_word' id='word_1_547' title='bbox 3192 651 3398 707; x_wconf 82' lang='lat' dir='ltr'><strong>Christi.</strong></span> 
     </span>
    </p>
   </div>
   <div class='ocr_carea' id='block_1_66' title="bbox 1825 743 3400 815">
    <p class='ocr_par' dir='ltr' id='par_1_66' title="bbox 1825 743 3400 815">
     <span class='ocr_line' id='line_1_66' title="bbox 1825 743 3400 815; baseline 0.001 -17"><span class='ocrx_word' id='word_1_548' title='bbox 1825 744 1936 798; x_wconf 83' lang='lat' dir='ltr'><strong>Hoc</strong></span> <span class='ocrx_word' id='word_1_549' title='bbox 1961 752 2138 798; x_wconf 91' lang='lat' dir='ltr'><strong>autem</strong></span> <span class='ocrx_word' id='word_1_550' title='bbox 2174 743 2430 810; x_wconf 89' lang='lat' dir='ltr'><strong>declarat,</strong></span> <span class='ocrx_word' id='word_1_551' title='bbox 2461 743 2606 797; x_wconf 91' lang='lat' dir='ltr'><strong>illum</strong></span> <span class='ocrx_word' id='word_1_552' title='bbox 2637 758 2758 799; x_wconf 92' lang='lat' dir='ltr'><strong>esse</strong></span> <span class='ocrx_word' id='word_1_553' title='bbox 2799 745 2963 798; x_wconf 92' lang='lat' dir='ltr'><strong>Deum</strong></span> <span class='ocrx_word' id='word_1_554' title='bbox 2994 761 3006 797; x_wconf 91' lang='lat'><strong>:</strong></span> <span class='ocrx_word' id='word_1_555' title='bbox 3037 761 3210 815; x_wconf 90' lang='lat' dir='ltr'><strong>neque</strong></span> <span class='ocrx_word' id='word_1_556' title='bbox 3237 746 3400 800; x_wconf 83' lang='lat' dir='ltr'><strong>alium</strong></span> 
     </span>
    </p>
   </div>
   <div class='ocr_carea' id='block_1_67' title="bbox 1827 836 3401 902">
    <p class='ocr_par' dir='ltr' id='par_1_67' title="bbox 1827 836 3401 902">
     <span class='ocr_line' id='line_1_67' title="bbox 1827 836 3401 902; baseline 0.001 -12"><span class='ocrx_word' id='word_1_557' title='bbox 1827 837 1948 890; x_wconf 90' lang='lat' dir='ltr'><strong>licet</strong></span> <span class='ocrx_word' id='word_1_558' title='bbox 1986 839 2256 902; x_wconf 84' lang='lat' dir='ltr'><strong>invocare,</strong></span> <span class='ocrx_word' id='word_1_559' title='bbox 2302 837 2404 890; x_wconf 86' lang='lat' dir='ltr'><strong>nisi</strong></span> <span class='ocrx_word' id='word_1_560' title='bbox 2447 836 2633 890; x_wconf 91' lang='lat' dir='ltr'><strong>Deum.</strong></span> <span class='ocrx_word' id='word_1_561' title='bbox 2686 836 2888 891; x_wconf 88' lang='lat' dir='ltr'><strong>Deinde</strong></span> <span class='ocrx_word' id='word_1_562' title='bbox 2926 837 3158 891; x_wconf 90' lang='lat' dir='ltr'><strong>ostendit</strong></span> <span class='ocrx_word' id='word_1_563' title='bbox 3198 852 3256 893; x_wconf 91' lang='lat' dir='ltr'><strong>se</strong></span> <span class='ocrx_word' id='word_1_564' title='bbox 3294 853 3401 892; x_wconf 90' lang='lat' dir='ltr'><strong>non</strong></span> 
     </span>
    </p>
   </div>
   <div class='ocr_carea' id='block_1_68' title="bbox 1824 928 3403 986">
    <p class='ocr_par' dir='ltr' id='par_1_68' title="bbox 1824 928 3403 986">
     <span class='ocr_line' id='line_1_68' title="bbox 1824 928 3403 986; baseline 0.001 -2"><span class='ocrx_word' id='word_1_565' title='bbox 1824 943 1942 984; x_wconf 90' lang='lat' dir='ltr'><strong>esse</strong></span> <span class='ocrx_word' id='word_1_566' title='bbox 1968 940 2208 985; x_wconf 91' lang='lat' dir='ltr'><strong>coactum</strong></span> <span class='ocrx_word' id='word_1_567' title='bbox 2237 929 2360 984; x_wconf 91' lang='lat' dir='ltr'><strong>dum</strong></span> <span class='ocrx_word' id='word_1_568' title='bbox 2388 929 2519 984; x_wconf 88' lang='lat' dir='ltr'><strong>dicit</strong></span> <span class='ocrx_word' id='word_1_569' title='bbox 2544 947 2557 984; x_wconf 87' lang='lat'><strong>:</strong></span> <span class='ocrx_word' id='word_1_570' title='bbox 2581 928 2834 983; x_wconf 85' lang='lat' dir='ltr'><strong>Dominus</strong></span> <span class='ocrx_word' id='word_1_571' title='bbox 2864 929 2991 983; x_wconf 84' lang='lat' dir='ltr'><strong>dixit</strong></span> <span class='ocrx_word' id='word_1_572' title='bbox 3016 931 3084 982; x_wconf 88' lang='lat' dir='ltr'><strong>ad</strong></span> <span class='ocrx_word' id='word_1_573' title='bbox 3112 946 3229 985; x_wconf 88' lang='lat' dir='ltr'><strong>me:</strong></span> <span class='ocrx_word' id='word_1_574' title='bbox 3265 930 3403 986; x_wconf 80' lang='lat' dir='ltr'><strong>Vade</strong></span> 
     </span>
    </p>
   </div>
   <div class='ocr_carea' id='block_1_69' title="bbox 1821 1023 3398 1096">
    <p class='ocr_par' dir='ltr' id='par_1_69' title="bbox 1821 1023 3398 1096">
     <span class='ocr_line' id='line_1_69' title="bbox 1821 1023 3398 1096; baseline 0 -20"><span class='ocrx_word' id='word_1_575' title='bbox 1821 1024 1874 1076; x_wconf 89' lang='lat' dir='ltr'><strong>in</strong></span> <span class='ocrx_word' id='word_1_576' title='bbox 1903 1023 2228 1085; x_wconf 87' lang='lat' dir='ltr'><strong>Damascum,</strong></span> <span class='ocrx_word' id='word_1_577' title='bbox 2252 1033 2297 1076; x_wconf 87' lang='lat' dir='ltr'><strong>et</strong></span> <span class='ocrx_word' id='word_1_578' title='bbox 2322 1023 2388 1076; x_wconf 87' lang='lat' dir='ltr'><strong>ibi</strong></span> <span class='ocrx_word' id='word_1_579' title='bbox 2408 1024 2601 1076; x_wconf 86' lang='lat' dir='ltr'><strong>dicetur</strong></span> <span class='ocrx_word' id='word_1_580' title='bbox 2622 1023 2729 1089; x_wconf 90' lang='lat' dir='ltr'><strong>tibi,</strong></span> <span class='ocrx_word' id='word_1_581' title='bbox 2751 1023 2875 1096; x_wconf 88' lang='lat' dir='ltr'><strong>quid</strong></span> <span class='ocrx_word' id='word_1_582' title='bbox 2895 1034 2941 1076; x_wconf 90' lang='lat' dir='ltr'><strong>te</strong></span> <span class='ocrx_word' id='word_1_583' title='bbox 2967 1033 3190 1094; x_wconf 88' lang='lat' dir='ltr'><strong>oporteat</strong></span> <span class='ocrx_word' id='word_1_584' title='bbox 3215 1025 3398 1094; x_wconf 84' lang='lat' dir='ltr'><strong>facere.</strong></span> 
     </span>
    </p>
   </div>
   <div class='ocr_carea' id='block_1_70' title="bbox 1822 1113 3400 1179">
    <p class='ocr_par' dir='ltr' id='par_1_70' title="bbox 1822 1113 3400 1179">
     <span class='ocr_line' id='line_1_70' title="bbox 1822 1113 3400 1179; baseline 0.001 -12"><span class='ocrx_word' id='word_1_585' title='bbox 1822 1113 1964 1167; x_wconf 87' lang='lat' dir='ltr'><strong>Nihil</strong></span> <span class='ocrx_word' id='word_1_586' title='bbox 1989 1114 2103 1169; x_wconf 88' lang='lat' dir='ltr'><strong>sine</strong></span> <span class='ocrx_word' id='word_1_587' title='bbox 2133 1113 2454 1179; x_wconf 88' lang='lat' dir='ltr'><strong>testimonio,</strong></span> <span class='ocrx_word' id='word_1_588' title='bbox 2484 1113 2579 1168; x_wconf 91' lang='lat' dir='ltr'><strong>sed</strong></span> <span class='ocrx_word' id='word_1_589' title='bbox 2606 1114 2832 1169; x_wconf 88' lang='lat' dir='ltr'><strong>civitatis</strong></span> <span class='ocrx_word' id='word_1_590' title='bbox 2854 1115 3014 1170; x_wconf 90' lang='lat' dir='ltr'><strong>totius</strong></span> <span class='ocrx_word' id='word_1_591' title='bbox 3039 1115 3400 1170; x_wconf 89' lang='lat' dir='ltr'><strong>testimonium</strong></span> 
     </span>
    </p>
   </div>
   <div class='ocr_carea' id='block_1_71' title="bbox 1824 1205 3405 1276">
    <p class='ocr_par' dir='ltr' id='par_1_71' title="bbox 1824 1205 3405 1276">
     <span class='ocr_line' id='line_1_71' title="bbox 1824 1205 3405 1276; baseline 0.003 -17"><span class='ocrx_word' id='word_1_592' title='bbox 1824 1205 2057 1275; x_wconf 89' lang='lat' dir='ltr'><strong>profert,</strong></span> <span class='ocrx_word' id='word_1_593' title='bbox 2087 1223 2205 1276; x_wconf 74' lang='lat' dir='ltr'><strong>qua:</strong></span> <span class='ocrx_word' id='word_1_594' title='bbox 2230 1208 2388 1260; x_wconf 90' lang='lat' dir='ltr'><strong>etiam</strong></span> <span class='ocrx_word' id='word_1_595' title='bbox 2415 1205 2619 1262; x_wconf 87' lang='lat' dir='ltr'><strong>viderat</strong></span> <span class='ocrx_word' id='word_1_596' title='bbox 2647 1223 2768 1262; x_wconf 91' lang='lat' dir='ltr'><strong>eum</strong></span> <span class='ocrx_word' id='word_1_597' title='bbox 2803 1223 2962 1262; x_wconf 86' lang='lat' dir='ltr'><strong>manu</strong></span> <span class='ocrx_word' id='word_1_598' title='bbox 2990 1208 3228 1264; x_wconf 91' lang='lat' dir='ltr'><strong>ductum.</strong></span> <span class='ocrx_word' id='word_1_599' title='bbox 3271 1208 3405 1264; x_wconf 83' lang='lat' dir='ltr'><strong>Vide</strong></span> 
     </span>
    </p>
   </div>
   <div class='ocr_carea' id='block_1_72' title="bbox 1823 1297 3400 1369">
    <p class='ocr_par' dir='ltr' id='par_1_72' title="bbox 1823 1297 3400 1369">
     <span class='ocr_line' id='line_1_72' title="bbox 1823 1297 3400 1369; baseline 0.004 -20"><span class='ocrx_word' id='word_1_600' title='bbox 1823 1297 1982 1350; x_wconf 84' lang='lat' dir='ltr'><strong>etiam</strong></span> <span class='ocrx_word' id='word_1_601' title='bbox 2011 1297 2343 1366; x_wconf 86' lang='lat' dir='ltr'><strong>prophetiam</strong></span> <span class='ocrx_word' id='word_1_602' title='bbox 2374 1313 2667 1368; x_wconf 83' lang='lat' dir='ltr'><strong>egressam,</strong></span> <span class='ocrx_word' id='word_1_603' title='bbox 2695 1315 2854 1369; x_wconf 90' lang='lat' dir='ltr'><strong>quam</strong></span> <span class='ocrx_word' id='word_1_604' title='bbox 2883 1300 3102 1367; x_wconf 91' lang='lat' dir='ltr'><strong>audivit,</strong></span> <span class='ocrx_word' id='word_1_605' title='bbox 3131 1315 3190 1356; x_wconf 91' lang='lat' dir='ltr'><strong>se</strong></span> <span class='ocrx_word' id='word_1_606' title='bbox 3212 1310 3400 1356; x_wconf 88' lang='lat' dir='ltr'><strong>testem</strong></span> 
     </span>
    </p>
   </div>
   <div class='ocr_carea' id='block_1_73' title="bbox 1823 1385 3401 1462">
    <p class='ocr_par' dir='ltr' id='par_1_73' title="bbox 1823 1385 3401 1462">
     <span class='ocr_line' id='line_1_73' title="bbox 1823 1385 3401 1462; baseline 0.004 -23"><span class='ocrx_word' id='word_1_607' title='bbox 1823 1385 1935 1440; x_wconf 84' lang='lat' dir='ltr'><strong>fore</strong></span> <span class='ocrx_word' id='word_1_608' title='bbox 1969 1387 2197 1440; x_wconf 92' lang='lat' dir='ltr'><strong>Domini.</strong></span> <span class='ocrx_word' id='word_1_609' title='bbox 2227 1388 2429 1443; x_wconf 83' lang='lat' dir='ltr'><strong>Revera</strong></span> <span class='ocrx_word' id='word_1_610' title='bbox 2456 1390 2595 1443; x_wconf 93' lang='lat' dir='ltr'><strong>enim</strong></span> <span class='ocrx_word' id='word_1_611' title='bbox 2619 1390 2771 1445; x_wconf 89' lang='lat' dir='ltr'><strong>testis</strong></span> <span class='ocrx_word' id='word_1_612' title='bbox 2802 1391 2943 1445; x_wconf 90' lang='lat' dir='ltr'><strong>illius</strong></span> <span class='ocrx_word' id='word_1_613' title='bbox 2971 1389 3087 1454; x_wconf 91' lang='lat' dir='ltr'><strong>fuit,</strong></span> <span class='ocrx_word' id='word_1_614' title='bbox 3115 1401 3169 1446; x_wconf 92' lang='lat' dir='ltr'><strong>et</strong></span> <span class='ocrx_word' id='word_1_615' title='bbox 3191 1393 3401 1462; x_wconf 89' lang='lat' dir='ltr'><strong>qualem</strong></span> 
     </span>
    </p>
   </div>
   <div class='ocr_carea' id='block_1_74' title="bbox 1822 1478 3402 1547">
    <p class='ocr_par' dir='ltr' id='par_1_74' title="bbox 1822 1478 3402 1547">
     <span class='ocr_line' id='line_1_74' title="bbox 1822 1478 3402 1547; baseline 0.004 -16"><span class='ocrx_word' id='word_1_616' title='bbox 1822 1492 1942 1532; x_wconf 90' lang='lat' dir='ltr'><strong>esse</strong></span> <span class='ocrx_word' id='word_1_617' title='bbox 1978 1478 2290 1546; x_wconf 84' lang='lat' dir='ltr'><strong>Oportebat,</strong></span> <span class='ocrx_word' id='word_1_618' title='bbox 2325 1492 2378 1533; x_wconf 92' lang='lat' dir='ltr'><strong>et</strong></span> <span class='ocrx_word' id='word_1_619' title='bbox 2416 1480 2669 1547; x_wconf 89' lang='lat' dir='ltr'><strong>operibus</strong></span> <span class='ocrx_word' id='word_1_620' title='bbox 2699 1490 2749 1536; x_wconf 88' lang='lat' dir='ltr'><strong>et</strong></span> <span class='ocrx_word' id='word_1_621' title='bbox 2792 1481 2988 1537; x_wconf 89' lang='lat' dir='ltr'><strong>verbis.</strong></span> <span class='ocrx_word' id='word_1_622' title='bbox 3019 1479 3174 1537; x_wconf 88' lang='lat' dir='ltr'><strong>Tales</strong></span> <span class='ocrx_word' id='word_1_623' title='bbox 3209 1491 3264 1537; x_wconf 92' lang='lat' dir='ltr'><strong>et</strong></span> <span class='ocrx_word' id='word_1_624' title='bbox 3300 1499 3402 1538; x_wconf 92' lang='lat' dir='ltr'><strong>nos</strong></span> 
     </span>
    </p>
   </div>
   <div class='ocr_carea' id='block_1_75' title="bbox 1821 1573 3402 1646">
    <p class='ocr_par' dir='ltr' id='par_1_75' title="bbox 1821 1573 3402 1646">
     <span class='ocr_line' id='line_1_75' title="bbox 1821 1573 3402 1646; baseline 0.005 -23"><span class='ocrx_word' id='word_1_625' title='bbox 1821 1579 2031 1639; x_wconf 91' lang='lat' dir='ltr'><strong>oportet</strong></span> <span class='ocrx_word' id='word_1_626' title='bbox 2063 1585 2184 1625; x_wconf 90' lang='lat' dir='ltr'><strong>esse</strong></span> <span class='ocrx_word' id='word_1_627' title='bbox 2221 1581 2402 1638; x_wconf 88' lang='lat' dir='ltr'><strong>testes,</strong></span> <span class='ocrx_word' id='word_1_628' title='bbox 2442 1589 2540 1627; x_wconf 90' lang='lat' dir='ltr'><strong>nec</strong></span> <span class='ocrx_word' id='word_1_629' title='bbox 2580 1573 2804 1642; x_wconf 90' lang='lat' dir='ltr'><strong>prodere</strong></span> <span class='ocrx_word' id='word_1_630' title='bbox 2837 1589 2922 1641; x_wconf 89' lang='lat' dir='ltr'><strong>ea,</strong></span> <span class='ocrx_word' id='word_1_631' title='bbox 2953 1591 3070 1646; x_wconf 69' lang='lat' dir='ltr'><strong>qua:</strong></span> <span class='ocrx_word' id='word_1_632' title='bbox 3096 1576 3249 1631; x_wconf 87' lang='lat' dir='ltr'><strong>nobis</strong></span> <span class='ocrx_word' id='word_1_633' title='bbox 3273 1592 3402 1632; x_wconf 87' lang='lat' dir='ltr'><strong>con-</strong></span> 
     </span>
    </p>
   </div>
   <div class='ocr_carea' id='block_1_76' title="bbox 1819 1662 3401 1737">
    <p class='ocr_par' dir='ltr' id='par_1_76' title="bbox 1819 1662 3401 1737">
     <span class='ocr_line' id='line_1_76' title="bbox 1819 1662 3401 1737; baseline 0.008 -21"><span class='ocrx_word' id='word_1_634' title='bbox 1819 1662 2020 1717; x_wconf 89' lang='lat' dir='ltr'><strong>credita</strong></span> <span class='ocrx_word' id='word_1_635' title='bbox 2053 1671 2210 1730; x_wconf 86' lang='lat' dir='ltr'><strong>sunt,</strong></span> <span class='ocrx_word' id='word_1_636' title='bbox 2248 1681 2352 1719; x_wconf 90' lang='lat' dir='ltr'><strong>non</strong></span> <span class='ocrx_word' id='word_1_637' title='bbox 2395 1675 2599 1720; x_wconf 89' lang='lat' dir='ltr'><strong>tantum</strong></span> <span class='ocrx_word' id='word_1_638' title='bbox 2629 1667 2770 1722; x_wconf 90' lang='lat' dir='ltr'><strong>circa</strong></span> <span class='ocrx_word' id='word_1_639' title='bbox 2797 1667 3042 1737; x_wconf 81' lang='lat' dir='ltr'><strong>dogmata</strong></span> <span class='ocrx_word' id='word_1_640' title='bbox 3063 1709 3078 1736; x_wconf 91' lang='lat'><strong>,</strong></span> <span class='ocrx_word' id='word_1_641' title='bbox 3115 1668 3210 1724; x_wconf 91' lang='lat' dir='ltr'><strong>sed</strong></span> <span class='ocrx_word' id='word_1_642' title='bbox 3239 1671 3401 1728; x_wconf 90' lang='lat' dir='ltr'><strong>etiam</strong></span> 
     </span>
    </p>
   </div>
   <div class='ocr_carea' id='block_1_77' title="bbox 1819 1754 3392 1828">
    <p class='ocr_par' dir='ltr' id='par_1_77' title="bbox 1819 1754 3392 1828">
     <span class='ocr_line' id='line_1_77' title="bbox 1819 1754 3392 1828; baseline 0.006 -20"><span class='ocrx_word' id='word_1_643' title='bbox 1819 1754 1960 1808; x_wconf 89' lang='lat' dir='ltr'><strong>circa</strong></span> <span class='ocrx_word' id='word_1_644' title='bbox 2003 1755 2188 1815; x_wconf 88' lang='lat' dir='ltr'><strong>vitam.</strong></span> <span class='ocrx_word' id='word_1_645' title='bbox 2236 1755 2364 1811; x_wconf 85' lang='lat' dir='ltr'><strong>Vide</strong></span> <span class='ocrx_word' id='word_1_646' title='bbox 2409 1758 2549 1811; x_wconf 90' lang='lat' dir='ltr'><strong>enim</strong></span> <span class='ocrx_word' id='word_1_647' title='bbox 2586 1776 2598 1812; x_wconf 93' lang='lat'><strong>:</strong></span> <span class='ocrx_word' id='word_1_648' title='bbox 2632 1758 2774 1828; x_wconf 91' lang='lat' dir='ltr'><strong>quod</strong></span> <span class='ocrx_word' id='word_1_649' title='bbox 2812 1760 3003 1815; x_wconf 87' lang='lat' dir='ltr'><strong>viderit</strong></span> <span class='ocrx_word' id='word_1_650' title='bbox 3043 1770 3097 1816; x_wconf 89' lang='lat' dir='ltr'><strong>et</strong></span> <span class='ocrx_word' id='word_1_651' title='bbox 3137 1761 3392 1824; x_wconf 86' lang='lat' dir='ltr'><strong>audierit,</strong></span> 
     </span>
    </p>
   </div>
   <div class='ocr_carea' id='block_1_78' title="bbox 1820 1849 3400 1924">
    <p class='ocr_par' dir='ltr' id='par_1_78' title="bbox 1820 1849 3400 1924">
     <span class='ocr_line' id='line_1_78' title="bbox 1820 1849 3400 1924; baseline 0.004 -23"><span class='ocrx_word' id='word_1_652' title='bbox 1820 1857 2042 1902; x_wconf 87' lang='lat' dir='ltr'><strong>testatur</strong></span> <span class='ocrx_word' id='word_1_653' title='bbox 2066 1849 2312 1904; x_wconf 89' lang='lat' dir='ltr'><strong>omnibus</strong></span> <span class='ocrx_word' id='word_1_654' title='bbox 2341 1849 2664 1918; x_wconf 90' lang='lat' dir='ltr'><strong>hominibus,</strong></span> <span class='ocrx_word' id='word_1_655' title='bbox 2698 1861 2752 1907; x_wconf 91' lang='lat' dir='ltr'><strong>et</strong></span> <span class='ocrx_word' id='word_1_656' title='bbox 2776 1852 2905 1907; x_wconf 87' lang='lat' dir='ltr'><strong>nihil</strong></span> <span class='ocrx_word' id='word_1_657' title='bbox 2934 1852 3081 1909; x_wconf 91' lang='lat' dir='ltr'><strong>illum</strong></span> <span class='ocrx_word' id='word_1_658' title='bbox 3107 1854 3400 1924; x_wconf 76' lang='lat' dir='ltr'><strong>prohibuit,</strong></span> 
     </span>
    </p>
   </div>
   <div class='ocr_carea' id='block_1_79' title="bbox 1819 1937 3398 2016">
    <p class='ocr_par' dir='ltr' id='par_1_79' title="bbox 1819 1937 3398 2016">
     <span class='ocr_line' id='line_1_79' title="bbox 1819 1937 3398 2016; baseline 0.006 -24"><span class='ocrx_word' id='word_1_659' title='bbox 1819 1937 1886 1992; x_wconf 87' lang='lat' dir='ltr'><strong>Et</strong></span> <span class='ocrx_word' id='word_1_660' title='bbox 1913 1955 2010 1994; x_wconf 90' lang='lat' dir='ltr'><strong>nos</strong></span> <span class='ocrx_word' id='word_1_661' title='bbox 2034 1940 2330 1996; x_wconf 91' lang='lat' dir='ltr'><strong>audivimus</strong></span> <span class='ocrx_word' id='word_1_662' title='bbox 2354 1943 2493 2012; x_wconf 91' lang='lat' dir='ltr'><strong>quod</strong></span> <span class='ocrx_word' id='word_1_663' title='bbox 2530 1943 2599 1998; x_wconf 91' lang='lat' dir='ltr'><strong>sit</strong></span> <span class='ocrx_word' id='word_1_664' title='bbox 2628 1945 2949 2000; x_wconf 89' lang='lat' dir='ltr'><strong>resurrectio</strong></span> <span class='ocrx_word' id='word_1_665' title='bbox 2979 1954 3032 2001; x_wconf 90' lang='lat' dir='ltr'><strong>et</strong></span> <span class='ocrx_word' id='word_1_666' title='bbox 3063 1946 3206 2016; x_wconf 92' lang='lat' dir='ltr'><strong>quod</strong></span> <span class='ocrx_word' id='word_1_667' title='bbox 3237 1948 3398 2000; x_wconf 86' lang='lat' dir='ltr'><strong>innu-</strong></span> 
     </span>
    </p>
   </div>
   <div class='ocr_carea' id='block_1_80' title="bbox 1818 2041 3400 2112">
    <p class='ocr_par' dir='ltr' id='par_1_80' title="bbox 1818 2041 3400 2112">
     <span class='ocr_line' id='line_1_80' title="bbox 1818 2041 3400 2112; baseline 0.004 -17"><span class='ocrx_word' id='word_1_668' title='bbox 1818 2056 1962 2095; x_wconf 88' lang='lat' dir='ltr'><strong>mera</strong></span> <span class='ocrx_word' id='word_1_669' title='bbox 1995 2041 2131 2095; x_wconf 90' lang='lat' dir='ltr'><strong>bona</strong></span> <span class='ocrx_word' id='word_1_670' title='bbox 2161 2059 2175 2095; x_wconf 91' lang='lat'><strong>:</strong></span> <span class='ocrx_word' id='word_1_671' title='bbox 2208 2057 2336 2112; x_wconf 86' lang='lat' dir='ltr'><strong>ergo</strong></span> <span class='ocrx_word' id='word_1_672' title='bbox 2374 2043 2630 2098; x_wconf 86' lang='lat' dir='ltr'><strong>debemus</strong></span> <span class='ocrx_word' id='word_1_673' title='bbox 2673 2045 2773 2097; x_wconf 90' lang='lat' dir='ltr'><strong>hoc</strong></span> <span class='ocrx_word' id='word_1_674' title='bbox 2805 2045 3053 2100; x_wconf 90' lang='lat' dir='ltr'><strong>omnibus</strong></span> <span class='ocrx_word' id='word_1_675' title='bbox 3094 2043 3400 2101; x_wconf 86' lang='lat' dir='ltr'><strong>hominibus</strong></span> 
     </span>
    </p>
   </div>
   <div class='ocr_carea' id='block_1_81' title="bbox 1821 2133 3397 2205">
    <p class='ocr_par' dir='ltr' id='par_1_81' title="bbox 1821 2133 3397 2205">
     <span class='ocr_line' id='line_1_81' title="bbox 1821 2133 3397 2205; baseline 0.003 -19"><span class='ocrx_word' id='word_1_676' title='bbox 1821 2133 2111 2191; x_wconf 89' lang='lat' dir='ltr'><strong>testiﬁcari.</strong></span> <span class='ocrx_word' id='word_1_677' title='bbox 2145 2135 2305 2204; x_wconf 86' lang='lat' dir='ltr'><strong>Atqui</strong></span> <span class='ocrx_word' id='word_1_678' title='bbox 2339 2134 2717 2202; x_wconf 86' lang='lat' dir='ltr'><strong>testiﬁcamur,</strong></span> <span class='ocrx_word' id='word_1_679' title='bbox 2755 2135 2995 2205; x_wconf 88' lang='lat' dir='ltr'><strong>inquies,</strong></span> <span class='ocrx_word' id='word_1_680' title='bbox 3026 2145 3081 2190; x_wconf 88' lang='lat' dir='ltr'><strong>et</strong></span> <span class='ocrx_word' id='word_1_681' title='bbox 3107 2135 3397 2190; x_wconf 90' lang='lat' dir='ltr'><strong>credimus.</strong></span> 
     </span>
    </p>
   </div>
   <div class='ocr_carea' id='block_1_82' title="bbox 1818 2226 3394 2300">
    <p class='ocr_par' dir='ltr' id='par_1_82' title="bbox 1818 2226 3394 2300">
     <span class='ocr_line' id='line_1_82' title="bbox 1818 2226 3394 2300; baseline 0.001 -20"><span class='ocrx_word' id='word_1_682' title='bbox 1818 2226 2118 2294; x_wconf 87' lang='lat' dir='ltr'><strong>Quomodo,</strong></span> <span class='ocrx_word' id='word_1_683' title='bbox 2143 2227 2407 2282; x_wconf 89' lang='lat' dir='ltr'><strong>contraria</strong></span> <span class='ocrx_word' id='word_1_684' title='bbox 2436 2227 2738 2283; x_wconf 79' lang='lat' dir='ltr'><strong>facientes?</strong></span> <span class='ocrx_word' id='word_1_685' title='bbox 2767 2229 2879 2292; x_wconf 87' lang='lat' dir='ltr'><strong>Dic,</strong></span> <span class='ocrx_word' id='word_1_686' title='bbox 2908 2244 3090 2300; x_wconf 82' lang='lat' dir='ltr'><strong>quaeso</strong></span> <span class='ocrx_word' id='word_1_687' title='bbox 3109 2272 3124 2297; x_wconf 94' lang='lat'><strong>,</strong></span> <span class='ocrx_word' id='word_1_688' title='bbox 3157 2231 3287 2286; x_wconf 87' lang='lat' dir='ltr'><strong>mihi</strong></span> <span class='ocrx_word' id='word_1_689' title='bbox 3314 2249 3328 2286; x_wconf 95' lang='lat'><strong>:</strong></span> <span class='ocrx_word' id='word_1_690' title='bbox 3351 2230 3394 2286; x_wconf 90' lang='lat' dir='ltr'><strong>si</strong></span> 
     </span>
    </p>
   </div>
   <div class='ocr_carea' id='block_1_83' title="bbox 1817 2316 3395 2390">
    <p class='ocr_par' dir='ltr' id='par_1_83' title="bbox 1817 2316 3395 2390">
     <span class='ocr_line' id='line_1_83' title="bbox 1817 2316 3395 2390; baseline 0.006 -20"><span class='ocrx_word' id='word_1_691' title='bbox 1817 2317 1938 2386; x_wconf 91' lang='lat' dir='ltr'><strong>quis</strong></span> <span class='ocrx_word' id='word_1_692' title='bbox 1961 2331 2020 2372; x_wconf 90' lang='lat' dir='ltr'><strong>se</strong></span> <span class='ocrx_word' id='word_1_693' title='bbox 2050 2317 2253 2373; x_wconf 87' lang='lat' dir='ltr'><strong>diceret</strong></span> <span class='ocrx_word' id='word_1_694' title='bbox 2280 2316 2663 2384; x_wconf 90' lang='lat' dir='ltr'><strong>Christianum,</strong></span> <span class='ocrx_word' id='word_1_695' title='bbox 2688 2318 2882 2375; x_wconf 84' lang='lat' dir='ltr'><strong>deinde</strong></span> <span class='ocrx_word' id='word_1_696' title='bbox 2909 2320 3164 2376; x_wconf 84' lang='lat' dir='ltr'><strong>deficiens</strong></span> <span class='ocrx_word' id='word_1_697' title='bbox 3183 2332 3395 2390; x_wconf 91' lang='lat' dir='ltr'><strong>saperet</strong></span> 
     </span>
    </p>
   </div>
   <div class='ocr_carea' id='block_1_84' title="bbox 1815 2407 3393 2486">
    <p class='ocr_par' dir='ltr' id='par_1_84' title="bbox 1815 2407 3393 2486">
     <span class='ocr_line' id='line_1_84' title="bbox 1815 2407 3393 2486; baseline 0.004 -22"><span class='ocrx_word' id='word_1_698' title='bbox 1815 2407 2052 2475; x_wconf 83' lang='lat' dir='ltr'><strong>Judaica,</strong></span> <span class='ocrx_word' id='word_1_699' title='bbox 2078 2424 2146 2464; x_wconf 90' lang='lat' dir='ltr'><strong>an</strong></span> <span class='ocrx_word' id='word_1_700' title='bbox 2171 2408 2439 2465; x_wconf 90' lang='lat' dir='ltr'><strong>sufﬁceret</strong></span> <span class='ocrx_word' id='word_1_701' title='bbox 2464 2409 2567 2465; x_wconf 89' lang='lat' dir='ltr'><strong>hoc</strong></span> <span class='ocrx_word' id='word_1_702' title='bbox 2594 2412 2992 2468; x_wconf 75' lang='lat' dir='ltr'><strong>testimonium?</strong></span> <span class='ocrx_word' id='word_1_703' title='bbox 3013 2413 3393 2486; x_wconf 86' lang='lat' dir='ltr'><strong>Nequaquam:</strong></span> 
     </span>
    </p>
   </div>
   <div class='ocr_carea' id='block_1_85' title="bbox 1816 2504 3394 2575">
    <p class='ocr_par' dir='ltr' id='par_1_85' title="bbox 1816 2504 3394 2575">
     <span class='ocr_line' id='line_1_85' title="bbox 1816 2504 3394 2575; baseline 0.004 -17"><span class='ocrx_word' id='word_1_704' title='bbox 1816 2519 1939 2558; x_wconf 89' lang='lat' dir='ltr'><strong>nam</strong></span> <span class='ocrx_word' id='word_1_705' title='bbox 1969 2519 2034 2559; x_wconf 82' lang='lat' dir='ltr'><strong>ex</strong></span> <span class='ocrx_word' id='word_1_706' title='bbox 2061 2504 2312 2574; x_wconf 90' lang='lat' dir='ltr'><strong>operibus</strong></span> <span class='ocrx_word' id='word_1_707' title='bbox 2340 2504 2701 2560; x_wconf 89' lang='lat' dir='ltr'><strong>testimonium</strong></span> <span class='ocrx_word' id='word_1_708' title='bbox 2730 2516 3048 2575; x_wconf 65' lang='lat' dir='ltr'><strong>quaererent.</strong></span> <span class='ocrx_word' id='word_1_709' title='bbox 3080 2507 3153 2563; x_wconf 90' lang='lat' dir='ltr'><strong>Ita</strong></span> <span class='ocrx_word' id='word_1_710' title='bbox 3177 2519 3233 2564; x_wconf 91' lang='lat' dir='ltr'><strong>et</strong></span> <span class='ocrx_word' id='word_1_711' title='bbox 3256 2523 3354 2564; x_wconf 90' lang='lat' dir='ltr'><strong>nos</strong></span> <span class='ocrx_word' id='word_1_712' title='bbox 3377 2550 3394 2575; x_wconf 90' lang='lat'><strong>,</strong></span> 
     </span>
    </p>
   </div>
   <div class='ocr_carea' id='block_1_86' title="bbox 1816 2594 3391 2666">
    <p class='ocr_par' dir='ltr' id='par_1_86' title="bbox 1816 2594 3391 2666">
     <span class='ocr_line' id='line_1_86' title="bbox 1816 2594 3391 2666; baseline 0.004 -18"><span class='ocrx_word' id='word_1_713' title='bbox 1816 2596 1859 2649; x_wconf 90' lang='lat' dir='ltr'><strong>si</strong></span> <span class='ocrx_word' id='word_1_714' title='bbox 1889 2594 2129 2650; x_wconf 88' lang='lat' dir='ltr'><strong>dicamus</strong></span> <span class='ocrx_word' id='word_1_715' title='bbox 2166 2609 2287 2651; x_wconf 90' lang='lat' dir='ltr'><strong>esse</strong></span> <span class='ocrx_word' id='word_1_716' title='bbox 2315 2597 2759 2651; x_wconf 74' lang='lat' dir='ltr'><strong>resurrectionem</strong></span> <span class='ocrx_word' id='word_1_717' title='bbox 2804 2605 2856 2652; x_wconf 91' lang='lat' dir='ltr'><strong>et</strong></span> <span class='ocrx_word' id='word_1_718' title='bbox 2897 2597 3174 2654; x_wconf 91' lang='lat' dir='ltr'><strong>innumera</strong></span> <span class='ocrx_word' id='word_1_719' title='bbox 3217 2599 3351 2655; x_wconf 88' lang='lat' dir='ltr'><strong>bona</strong></span> <span class='ocrx_word' id='word_1_720' title='bbox 3375 2642 3391 2666; x_wconf 90' lang='lat'><strong>,</strong></span> 
     </span>
    </p>
   </div>
   <div class='ocr_carea' id='block_1_87' title="bbox 1814 2686 3393 2757">
    <p class='ocr_par' dir='ltr' id='par_1_87' title="bbox 1814 2686 3393 2757">
     <span class='ocr_line' id='line_1_87' title="bbox 1814 2686 3393 2757; baseline 0.004 -16"><span class='ocrx_word' id='word_1_721' title='bbox 1814 2686 2115 2757; x_wconf 89' lang='lat' dir='ltr'><strong>deindeque</strong></span> <span class='ocrx_word' id='word_1_722' title='bbox 2147 2686 2234 2741; x_wconf 92' lang='lat' dir='ltr'><strong>illa</strong></span> <span class='ocrx_word' id='word_1_723' title='bbox 2273 2696 2675 2743; x_wconf 86' lang='lat' dir='ltr'><strong>contemnamus</strong></span> <span class='ocrx_word' id='word_1_724' title='bbox 2695 2729 2710 2753; x_wconf 89' lang='lat'><strong>,</strong></span> <span class='ocrx_word' id='word_1_725' title='bbox 2754 2697 2809 2744; x_wconf 90' lang='lat' dir='ltr'><strong>et</strong></span> <span class='ocrx_word' id='word_1_726' title='bbox 2850 2697 3060 2745; x_wconf 90' lang='lat' dir='ltr'><strong>terrena</strong></span> <span class='ocrx_word' id='word_1_727' title='bbox 3089 2700 3355 2747; x_wconf 90' lang='lat' dir='ltr'><strong>sectemur</strong></span> <span class='ocrx_word' id='word_1_728' title='bbox 3377 2734 3393 2756; x_wconf 95' lang='lat'><strong>,</strong></span> 
     </span>
    </p>
   </div>
   <div class='ocr_carea' id='block_1_88' title="bbox 1815 2778 3394 2854">
    <p class='ocr_par' dir='ltr' id='par_1_88' title="bbox 1815 2778 3394 2854">
     <span class='ocr_line' id='line_1_88' title="bbox 1815 2778 3394 2854; baseline 0.005 -23"><span class='ocrx_word' id='word_1_729' title='bbox 1815 2779 1935 2849; x_wconf 91' lang='lat' dir='ltr'><strong>quis</strong></span> <span class='ocrx_word' id='word_1_730' title='bbox 1963 2778 2186 2834; x_wconf 85' lang='lat' dir='ltr'><strong>credet?</strong></span> <span class='ocrx_word' id='word_1_731' title='bbox 2214 2794 2318 2833; x_wconf 93' lang='lat' dir='ltr'><strong>non</strong></span> <span class='ocrx_word' id='word_1_732' title='bbox 2349 2778 2490 2833; x_wconf 89' lang='lat' dir='ltr'><strong>enim</strong></span> <span class='ocrx_word' id='word_1_733' title='bbox 2523 2779 2604 2843; x_wconf 90' lang='lat' dir='ltr'><strong>iis,</strong></span> <span class='ocrx_word' id='word_1_734' title='bbox 2633 2795 2752 2849; x_wconf 72' lang='lat' dir='ltr'><strong>quae</strong></span> <span class='ocrx_word' id='word_1_735' title='bbox 2774 2779 3018 2847; x_wconf 89' lang='lat' dir='ltr'><strong>dicimus,</strong></span> <span class='ocrx_word' id='word_1_736' title='bbox 3042 2782 3137 2836; x_wconf 89' lang='lat' dir='ltr'><strong>sed</strong></span> <span class='ocrx_word' id='word_1_737' title='bbox 3164 2783 3247 2848; x_wconf 90' lang='lat' dir='ltr'><strong>iis,</strong></span> <span class='ocrx_word' id='word_1_738' title='bbox 3274 2799 3394 2854; x_wconf 84' lang='lat' dir='ltr'><strong>quae</strong></span> 
     </span>
    </p>
   </div>
   <div class='ocr_carea' id='block_1_89' title="bbox 1816 2868 3393 2944">
    <p class='ocr_par' dir='ltr' id='par_1_89' title="bbox 1816 2868 3393 2944">
     <span class='ocr_line' id='line_1_89' title="bbox 1816 2868 3393 2944; baseline 0.004 -21"><span class='ocrx_word' id='word_1_739' title='bbox 1816 2869 2040 2924; x_wconf 83' lang='lat' dir='ltr'><strong>facimus</strong></span> <span class='ocrx_word' id='word_1_740' title='bbox 2061 2909 2076 2935; x_wconf 92' lang='lat'><strong>,</strong></span> <span class='ocrx_word' id='word_1_741' title='bbox 2117 2868 2398 2924; x_wconf 84' lang='lat' dir='ltr'><strong>attendunt</strong></span> <span class='ocrx_word' id='word_1_742' title='bbox 2437 2884 2645 2924; x_wconf 92' lang='lat' dir='ltr'><strong>omnes.</strong></span> <span class='ocrx_word' id='word_1_743' title='bbox 2676 2868 2839 2924; x_wconf 87' lang='lat' dir='ltr'><strong>Testis</strong></span> <span class='ocrx_word' id='word_1_744' title='bbox 2863 2872 2961 2924; x_wconf 89' lang='lat' dir='ltr'><strong>eris</strong></span> <span class='ocrx_word' id='word_1_745' title='bbox 2980 2913 2995 2936; x_wconf 92' lang='lat'><strong>,</strong></span> <span class='ocrx_word' id='word_1_746' title='bbox 3025 2872 3222 2942; x_wconf 91' lang='lat' dir='ltr'><strong>inquit,</strong></span> <span class='ocrx_word' id='word_1_747' title='bbox 3254 2876 3393 2944; x_wconf 88' lang='lat' dir='ltr'><strong>apud</strong></span> 
     </span>
    </p>
   </div>
   <div class='ocr_carea' id='block_1_90' title="bbox 1815 2963 3391 3038">
    <p class='ocr_par' dir='ltr' id='par_1_90' title="bbox 1815 2963 3391 3038">
     <span class='ocr_line' id='line_1_90' title="bbox 1815 2963 3391 3038; baseline 0.008 -22"><span class='ocrx_word' id='word_1_748' title='bbox 1815 2979 1986 3018; x_wconf 87' lang='lat' dir='ltr'><strong>omnes</strong></span> <span class='ocrx_word' id='word_1_749' title='bbox 2022 2963 2289 3029; x_wconf 78' lang='lat' dir='ltr'><strong>homines;</strong></span> <span class='ocrx_word' id='word_1_750' title='bbox 2328 2978 2433 3018; x_wconf 91' lang='lat' dir='ltr'><strong>non</strong></span> <span class='ocrx_word' id='word_1_751' title='bbox 2475 2963 2614 3033; x_wconf 90' lang='lat' dir='ltr'><strong>apud</strong></span> <span class='ocrx_word' id='word_1_752' title='bbox 2660 2963 2988 3022; x_wconf 89' lang='lat' dir='ltr'><strong>domesticos</strong></span> <span class='ocrx_word' id='word_1_753' title='bbox 3030 2978 3268 3038; x_wconf 87' lang='lat' dir='ltr'><strong>tantum,</strong></span> <span class='ocrx_word' id='word_1_754' title='bbox 3296 2973 3391 3030; x_wconf 91' lang='lat' dir='ltr'><strong>sed</strong></span> 
     </span>
    </p>
   </div>
   <div class='ocr_carea' id='block_1_91' title="bbox 1814 3054 3390 3132">
    <p class='ocr_par' dir='ltr' id='par_1_91' title="bbox 1814 3054 3390 3132">
     <span class='ocr_line' id='line_1_91' title="bbox 1814 3054 3390 3132; baseline 0.008 -24"><span class='ocrx_word' id='word_1_755' title='bbox 1814 3055 1973 3109; x_wconf 83' lang='lat' dir='ltr'><strong>etiam</strong></span> <span class='ocrx_word' id='word_1_756' title='bbox 2013 3054 2152 3124; x_wconf 91' lang='lat' dir='ltr'><strong>apud</strong></span> <span class='ocrx_word' id='word_1_757' title='bbox 2196 3054 2468 3120; x_wconf 91' lang='lat' dir='ltr'><strong>inﬁdeles;</strong></span> <span class='ocrx_word' id='word_1_758' title='bbox 2502 3058 2711 3110; x_wconf 91' lang='lat' dir='ltr'><strong>testium</strong></span> <span class='ocrx_word' id='word_1_759' title='bbox 2752 3058 2896 3112; x_wconf 91' lang='lat' dir='ltr'><strong>enim</strong></span> <span class='ocrx_word' id='word_1_760' title='bbox 2924 3069 3006 3114; x_wconf 91' lang='lat' dir='ltr'><strong>est</strong></span> <span class='ocrx_word' id='word_1_761' title='bbox 3035 3065 3390 3132; x_wconf 89' lang='lat' dir='ltr'><strong>persuadere,</strong></span> 
     </span>
    </p>
   </div>
   <div class='ocr_carea' id='block_1_92' title="bbox 1815 3149 3389 3231">
    <p class='ocr_par' dir='ltr' id='par_1_92' title="bbox 1815 3149 3389 3231">
     <span class='ocr_line' id='line_1_92' title="bbox 1815 3149 3389 3231; baseline 0.009 -29"><span class='ocrx_word' id='word_1_762' title='bbox 1815 3163 1920 3203; x_wconf 93' lang='lat' dir='ltr'><strong>non</strong></span> <span class='ocrx_word' id='word_1_763' title='bbox 1963 3149 2273 3216; x_wconf 88' lang='lat' dir='ltr'><strong>scientibus,</strong></span> <span class='ocrx_word' id='word_1_764' title='bbox 2319 3149 2414 3206; x_wconf 90' lang='lat' dir='ltr'><strong>sed</strong></span> <span class='ocrx_word' id='word_1_765' title='bbox 2455 3152 2836 3208; x_wconf 88' lang='lat' dir='ltr'><strong>nescientibus.</strong></span> <span class='ocrx_word' id='word_1_766' title='bbox 2879 3153 3056 3210; x_wconf 90' lang='lat' dir='ltr'><strong>Simus</strong></span> <span class='ocrx_word' id='word_1_767' title='bbox 3098 3157 3204 3214; x_wconf 87' lang='lat' dir='ltr'><strong>ﬁde</strong></span> <span class='ocrx_word' id='word_1_768' title='bbox 3243 3159 3389 3231; x_wconf 88' lang='lat' dir='ltr'><strong>digni</strong></span> 
     </span>
    </p>
   </div>
   <div class='ocr_carea' id='block_1_93' title="bbox 1816 3241 3390 3309">
    <p class='ocr_par' dir='ltr' id='par_1_93' title="bbox 1816 3241 3390 3309">
     <span class='ocr_line' id='line_1_93' title="bbox 1816 3241 3390 3309; baseline 0.008 -14"><span class='ocrx_word' id='word_1_769' title='bbox 1816 3250 1997 3296; x_wconf 86' lang='lat' dir='ltr'><strong>testes.</strong></span> <span class='ocrx_word' id='word_1_770' title='bbox 2015 3241 2292 3309; x_wconf 88' lang='lat' dir='ltr'><strong>Quomodo</strong></span> <span class='ocrx_word' id='word_1_771' title='bbox 2305 3243 2439 3298; x_wconf 82' lang='lat' dir='ltr'><strong>tales</strong></span> <span class='ocrx_word' id='word_1_772' title='bbox 2453 3244 2688 3299; x_wconf 88' lang='lat' dir='ltr'><strong>erimus?</strong></span> <span class='ocrx_word' id='word_1_773' title='bbox 2706 3246 2749 3299; x_wconf 78' lang='grc' dir='ltr'>Α</span> <span class='ocrx_word' id='word_1_774' title='bbox 2761 3247 2889 3301; x_wconf 88' lang='lat' dir='ltr'><strong>vita.</strong></span> <span class='ocrx_word' id='word_1_775' title='bbox 2907 3246 3293 3306; x_wconf 86' lang='lat' dir='ltr'><strong>insidiabantur</strong></span> <span class='ocrx_word' id='word_1_776' title='bbox 3313 3253 3390 3308; x_wconf 91' lang='lat' dir='ltr'><strong>illi</strong></span> 
     </span>
    </p>
   </div>
   <div class='ocr_carea' id='block_1_94' title="bbox 1812 3335 3392 3413">
    <p class='ocr_par' dir='ltr' id='par_1_94' title="bbox 1812 3335 3392 3413">
     <span class='ocr_line' id='line_1_94' title="bbox 1812 3335 3392 3413; baseline 0.006 -22"><span class='ocrx_word' id='word_1_777' title='bbox 1812 3335 2017 3401; x_wconf 65' lang='lat' dir='ltr'><strong>Judaei;</strong></span> <span class='ocrx_word' id='word_1_778' title='bbox 2064 3335 2381 3391; x_wconf 88' lang='lat' dir='ltr'><strong>insidiantur</strong></span> <span class='ocrx_word' id='word_1_779' title='bbox 2433 3337 2586 3392; x_wconf 92' lang='lat' dir='ltr'><strong>nobis</strong></span> <span class='ocrx_word' id='word_1_780' title='bbox 2632 3338 2794 3391; x_wconf 91' lang='lat' dir='ltr'><strong>animi</strong></span> <span class='ocrx_word' id='word_1_781' title='bbox 2838 3339 3096 3406; x_wconf 81' lang='lat' dir='ltr'><strong>affectus,</strong></span> <span class='ocrx_word' id='word_1_782' title='bbox 3139 3343 3392 3413; x_wconf 89' lang='lat' dir='ltr'><strong>jubentes</strong></span> 
     </span>
    </p>
   </div>
   <div class='ocr_carea' id='block_1_95' title="bbox 1813 3428 3392 3501">
    <p class='ocr_par' dir='ltr' id='par_1_95' title="bbox 1813 3428 3392 3501">
     <span class='ocr_line' id='line_1_95' title="bbox 1813 3428 3392 3501; baseline 0.007 -19"><span class='ocrx_word' id='word_1_783' title='bbox 1813 3428 2058 3498; x_wconf 87' lang='lat' dir='ltr'><strong>abjurare</strong></span> <span class='ocrx_word' id='word_1_784' title='bbox 2089 3429 2470 3485; x_wconf 89' lang='lat' dir='ltr'><strong>testimonium.</strong></span> <span class='ocrx_word' id='word_1_785' title='bbox 2501 3428 2607 3485; x_wconf 89' lang='lat' dir='ltr'><strong>Sed</strong></span> <span class='ocrx_word' id='word_1_786' title='bbox 2633 3445 2700 3485; x_wconf 91' lang='lat' dir='ltr'><strong>ne</strong></span> <span class='ocrx_word' id='word_1_787' title='bbox 2727 3429 3154 3501; x_wconf 90' lang='lat' dir='ltr'><strong>obtemperemus</strong></span> <span class='ocrx_word' id='word_1_788' title='bbox 3182 3452 3200 3491; x_wconf 91' lang='lat'><strong>:</strong></span> <span class='ocrx_word' id='word_1_789' title='bbox 3229 3444 3392 3493; x_wconf 78' lang='lat' dir='ltr'><strong>testes</strong></span> 
     </span>
    </p>
   </div>
   <div class='ocr_carea' id='block_1_96' title="bbox 1812 3522 3390 3598">
    <p class='ocr_par' dir='ltr' id='par_1_96' title="bbox 1812 3522 3390 3598">
     <span class='ocr_line' id='line_1_96' title="bbox 1812 3522 3390 3598; baseline 0.008 -23"><span class='ocrx_word' id='word_1_790' title='bbox 1812 3535 1997 3576; x_wconf 91' lang='lat' dir='ltr'><strong>sumus</strong></span> <span class='ocrx_word' id='word_1_791' title='bbox 2021 3537 2051 3576; x_wconf 89' lang='lat' dir='ltr'><strong>a</strong></span> <span class='ocrx_word' id='word_1_792' title='bbox 2074 3522 2184 3577; x_wconf 91' lang='lat' dir='ltr'><strong>Deo</strong></span> <span class='ocrx_word' id='word_1_793' title='bbox 2208 3522 2376 3578; x_wconf 90' lang='lat' dir='ltr'><strong>missi.</strong></span> <span class='ocrx_word' id='word_1_794' title='bbox 2401 3522 2674 3578; x_wconf 87' lang='lat' dir='ltr'><strong>Judicatur</strong></span> <span class='ocrx_word' id='word_1_795' title='bbox 2694 3524 2832 3594; x_wconf 91' lang='lat' dir='ltr'><strong>apud</strong></span> <span class='ocrx_word' id='word_1_796' title='bbox 2860 3524 3108 3583; x_wconf 87' lang='lat' dir='ltr'><strong>homines</strong></span> <span class='ocrx_word' id='word_1_797' title='bbox 3131 3530 3390 3598; x_wconf 90' lang='lat' dir='ltr'><strong>quosdam</strong></span> 
     </span>
    </p>
   </div>
   <div class='ocr_carea' id='block_1_97' title="bbox 1814 3615 3387 3688">
    <p class='ocr_par' dir='ltr' id='par_1_97' title="bbox 1814 3615 3387 3688">
     <span class='ocr_line' id='line_1_97' title="bbox 1814 3615 3387 3688; baseline 0.006 -19"><span class='ocrx_word' id='word_1_798' title='bbox 1814 3615 1955 3670; x_wconf 89' lang='lat' dir='ltr'><strong>Deus</strong></span> <span class='ocrx_word' id='word_1_799' title='bbox 1982 3630 2088 3669; x_wconf 93' lang='lat' dir='ltr'><strong>non</strong></span> <span class='ocrx_word' id='word_1_800' title='bbox 2118 3629 2238 3670; x_wconf 90' lang='lat' dir='ltr'><strong>esse</strong></span> <span class='ocrx_word' id='word_1_801' title='bbox 2264 3615 2403 3671; x_wconf 87' lang='lat' dir='ltr'><strong>Deus</strong></span> <span class='ocrx_word' id='word_1_802' title='bbox 2428 3633 2441 3668; x_wconf 92' lang='lat'><strong>:</strong></span> <span class='ocrx_word' id='word_1_803' title='bbox 2465 3616 2611 3671; x_wconf 89' lang='lat' dir='ltr'><strong>misit</strong></span> <span class='ocrx_word' id='word_1_804' title='bbox 2629 3631 2747 3684; x_wconf 90' lang='lat' dir='ltr'><strong>nos,</strong></span> <span class='ocrx_word' id='word_1_805' title='bbox 2775 3617 2864 3688; x_wconf 93' lang='lat' dir='ltr'><strong>qui</strong></span> <span class='ocrx_word' id='word_1_806' title='bbox 2890 3618 2990 3674; x_wconf 91' lang='lat' dir='ltr'><strong>sibi</strong></span> <span class='ocrx_word' id='word_1_807' title='bbox 3019 3621 3387 3679; x_wconf 89' lang='lat' dir='ltr'><strong>testiﬁcemur.</strong></span> 
     </span>
    </p>
   </div>
   <div class='ocr_carea' id='block_1_98' title="bbox 1812 3707 3385 3777">
    <p class='ocr_par' dir='ltr' id='par_1_98' title="bbox 1812 3707 3385 3777">
     <span class='ocr_line' id='line_1_98' title="bbox 1812 3707 3385 3777; baseline 0.006 -14"><span class='ocrx_word' id='word_1_808' title='bbox 1812 3707 2184 3763; x_wconf 81' lang='lat' dir='ltr'><strong>Testiﬁcetnur</strong></span> <span class='ocrx_word' id='word_1_809' title='bbox 2211 3723 2338 3777; x_wconf 88' lang='lat' dir='ltr'><strong>ergo</strong></span> <span class='ocrx_word' id='word_1_810' title='bbox 2366 3716 2422 3762; x_wconf 92' lang='lat' dir='ltr'><strong>et</strong></span> <span class='ocrx_word' id='word_1_811' title='bbox 2451 3710 2861 3777; x_wconf 89' lang='lat' dir='ltr'><strong>persuadeamus</strong></span> <span class='ocrx_word' id='word_1_812' title='bbox 2903 3714 3346 3772; x_wconf 89' lang='lat' dir='ltr'><strong>contendentibus</strong></span> <span class='ocrx_word' id='word_1_813' title='bbox 3370 3733 3385 3772; x_wconf 90' lang='lat'><strong>:</strong></span> 
     </span>
    </p>
   </div>
   <div class='ocr_carea' id='block_1_99' title="bbox 1813 3799 3388 3867">
    <p class='ocr_par' dir='ltr' id='par_1_99' title="bbox 1813 3799 3388 3867">
     <span class='ocr_line' id='line_1_99' title="bbox 1813 3799 3388 3867; baseline 0.008 -13"><span class='ocrx_word' id='word_1_814' title='bbox 1813 3799 1859 3854; x_wconf 93' lang='lat' dir='ltr'><strong>si</strong></span> <span class='ocrx_word' id='word_1_815' title='bbox 1896 3814 2002 3852; x_wconf 89' lang='lat' dir='ltr'><strong>non</strong></span> <span class='ocrx_word' id='word_1_816' title='bbox 2033 3799 2377 3853; x_wconf 67' lang='lat' dir='ltr'><strong>tessiﬁcetuur</strong></span> <span class='ocrx_word' id='word_1_817' title='bbox 2395 3840 2410 3863; x_wconf 94' lang='lat'><strong>,</strong></span> <span class='ocrx_word' id='word_1_818' title='bbox 2442 3800 2653 3855; x_wconf 87' lang='lat' dir='ltr'><strong>illorum</strong></span> <span class='ocrx_word' id='word_1_819' title='bbox 2678 3803 2876 3856; x_wconf 88' lang='lat' dir='ltr'><strong>erroris</strong></span> <span class='ocrx_word' id='word_1_820' title='bbox 2903 3820 3002 3860; x_wconf 92' lang='lat' dir='ltr'><strong>nos</strong></span> <span class='ocrx_word' id='word_1_821' title='bbox 3026 3806 3080 3860; x_wconf 92' lang='lat' dir='ltr'><strong>in</strong></span> <span class='ocrx_word' id='word_1_822' title='bbox 3107 3823 3266 3865; x_wconf 90' lang='lat' dir='ltr'><strong>causa</strong></span> <span class='ocrx_word' id='word_1_823' title='bbox 3292 3827 3388 3867; x_wconf 81' lang='lat' dir='ltr'><strong>su-</strong></span> 
     </span>
    </p>
   </div>
   <div class='ocr_carea' id='block_1_100' title="bbox 1812 3889 3388 3960">
    <p class='ocr_par' dir='ltr' id='par_1_100' title="bbox 1812 3889 3388 3960">
     <span class='ocr_line' id='line_1_100' title="bbox 1812 3889 3388 3960; baseline 0.01 -17"><span class='ocrx_word' id='word_1_824' title='bbox 1812 3904 1952 3944; x_wconf 91' lang='lat' dir='ltr'><strong>mus.</strong></span> <span class='ocrx_word' id='word_1_825' title='bbox 1994 3889 2050 3944; x_wconf 92' lang='lat' dir='ltr'><strong>Si</strong></span> <span class='ocrx_word' id='word_1_826' title='bbox 2092 3897 2268 3943; x_wconf 89' lang='lat' dir='ltr'><strong>autem</strong></span> <span class='ocrx_word' id='word_1_827' title='bbox 2315 3890 2365 3943; x_wconf 91' lang='lat' dir='ltr'><strong>in</strong></span> <span class='ocrx_word' id='word_1_828' title='bbox 2410 3890 2526 3944; x_wconf 84' lang='lat' dir='ltr'><strong>foro</strong></span> <span class='ocrx_word' id='word_1_829' title='bbox 2554 3891 2811 3958; x_wconf 85' lang='lat' dir='ltr'><strong>judiciali,</strong></span> <span class='ocrx_word' id='word_1_830' title='bbox 2850 3894 2940 3950; x_wconf 91' lang='lat' dir='ltr'><strong>ubi</strong></span> <span class='ocrx_word' id='word_1_831' title='bbox 2975 3911 3062 3951; x_wconf 89' lang='lat' dir='ltr'><strong>res</strong></span> <span class='ocrx_word' id='word_1_832' title='bbox 3097 3902 3388 3960; x_wconf 66' lang='lat' dir='ltr'><strong>saeculares</strong></span> 
     </span>
    </p>
   </div>
   <div class='ocr_carea' id='block_1_101' title="bbox 1816 3980 3388 4048">
    <p class='ocr_par' dir='ltr' id='par_1_101' title="bbox 1816 3980 3388 4048">
     <span class='ocr_line' id='line_1_101' title="bbox 1816 3980 3388 4048; baseline 0.008 -13"><span class='ocrx_word' id='word_1_833' title='bbox 1816 3989 2110 4035; x_wconf 81' lang='lat' dir='ltr'><strong>tractantur</strong></span> <span class='ocrx_word' id='word_1_834' title='bbox 2129 4022 2143 4046; x_wconf 99' lang='lat'><strong>,</strong></span> <span class='ocrx_word' id='word_1_835' title='bbox 2172 3995 2329 4034; x_wconf 90' lang='lat' dir='ltr'><strong>nemo</strong></span> <span class='ocrx_word' id='word_1_836' title='bbox 2356 3980 2634 4036; x_wconf 87' lang='lat' dir='ltr'><strong>admiserit</strong></span> <span class='ocrx_word' id='word_1_837' title='bbox 2664 3989 2877 4048; x_wconf 91' lang='lat' dir='ltr'><strong>testem,</strong></span> <span class='ocrx_word' id='word_1_838' title='bbox 2908 3985 3202 4045; x_wconf 91' lang='lat' dir='ltr'><strong>innumeris</strong></span> <span class='ocrx_word' id='word_1_839' title='bbox 3230 4004 3388 4048; x_wconf 81' lang='lat' dir='ltr'><strong>nota-</strong></span> 
     </span>
    </p>
   </div>
   <div class='ocr_carea' id='block_1_102' title="bbox 1813 4070 3394 4148">
    <p class='ocr_par' dir='ltr' id='par_1_102' title="bbox 1813 4070 3394 4148">
     <span class='ocr_line' id='line_1_102' title="bbox 1813 4070 3394 4148; baseline 0.008 -24"><span class='ocrx_word' id='word_1_840' title='bbox 1813 4079 1923 4125; x_wconf 90' lang='lat' dir='ltr'><strong>tum</strong></span> <span class='ocrx_word' id='word_1_841' title='bbox 1965 4070 2176 4141; x_wconf 82' lang='lat' dir='ltr'><strong>ﬂagitiis</strong></span> <span class='ocrx_word' id='word_1_842' title='bbox 2206 4087 2219 4124; x_wconf 90' lang='lat'><strong>:</strong></span> <span class='ocrx_word' id='word_1_843' title='bbox 2249 4070 2418 4125; x_wconf 90' lang='lat' dir='ltr'><strong>multo</strong></span> <span class='ocrx_word' id='word_1_844' title='bbox 2463 4070 2638 4126; x_wconf 88' lang='lat' dir='ltr'><strong>minus</strong></span> <span class='ocrx_word' id='word_1_845' title='bbox 2680 4071 2784 4138; x_wconf 91' lang='lat' dir='ltr'><strong>hic,</strong></span> <span class='ocrx_word' id='word_1_846' title='bbox 2829 4073 2916 4128; x_wconf 92' lang='lat' dir='ltr'><strong>ubi</strong></span> <span class='ocrx_word' id='word_1_847' title='bbox 2962 4084 3120 4134; x_wconf 66' lang='lat' dir='ltr'><strong>tanta:</strong></span> <span class='ocrx_word' id='word_1_848' title='bbox 3161 4096 3251 4136; x_wconf 88' lang='lat' dir='ltr'><strong>res</strong></span> <span class='ocrx_word' id='word_1_849' title='bbox 3281 4094 3394 4148; x_wconf 83' lang='lat' dir='ltr'><strong>Ira--</strong></span> 
     </span>
    </p>
   </div>
   <div class='ocr_carea' id='block_1_103' title="bbox 1811 4161 3388 4241">
    <p class='ocr_par' dir='ltr' id='par_1_103' title="bbox 1811 4161 3388 4241">
     <span class='ocr_line' id='line_1_103' title="bbox 1811 4161 3388 4241; baseline 0.009 -23"><span class='ocrx_word' id='word_1_850' title='bbox 1811 4172 2042 4218; x_wconf 91' lang='lat' dir='ltr'><strong>ctantur.</strong></span> <span class='ocrx_word' id='word_1_851' title='bbox 2079 4162 2187 4218; x_wconf 91' lang='lat' dir='ltr'><strong>Nos</strong></span> <span class='ocrx_word' id='word_1_852' title='bbox 2212 4161 2436 4217; x_wconf 91' lang='lat' dir='ltr'><strong>dicimus</strong></span> <span class='ocrx_word' id='word_1_853' title='bbox 2456 4201 2471 4228; x_wconf 91' lang='lat'><strong>,</strong></span> <span class='ocrx_word' id='word_1_854' title='bbox 2515 4163 2655 4232; x_wconf 91' lang='lat' dir='ltr'><strong>quod</strong></span> <span class='ocrx_word' id='word_1_855' title='bbox 2689 4164 2987 4221; x_wconf 90' lang='lat' dir='ltr'><strong>audivimus</strong></span> <span class='ocrx_word' id='word_1_856' title='bbox 3011 4183 3042 4222; x_wconf 88' lang='lat' dir='ltr'><strong>a</strong></span> <span class='ocrx_word' id='word_1_857' title='bbox 3071 4170 3302 4241; x_wconf 88' lang='lat' dir='ltr'><strong>Christo,</strong></span> <span class='ocrx_word' id='word_1_858' title='bbox 3331 4185 3388 4232; x_wconf 89' lang='lat' dir='ltr'><strong>et</strong></span> 
     </span>
    </p>
   </div>
   <div class='ocr_carea' id='block_1_104' title="bbox 1810 4254 3386 4324">
    <p class='ocr_par' dir='ltr' id='par_1_104' title="bbox 1810 4254 3386 4324">
     <span class='ocr_line' id='line_1_104' title="bbox 1810 4254 3386 4324; baseline 0.008 -15"><span class='ocrx_word' id='word_1_859' title='bbox 1810 4254 2076 4310; x_wconf 87' lang='lat' dir='ltr'><strong>credimus</strong></span> <span class='ocrx_word' id='word_1_860' title='bbox 2117 4254 2183 4308; x_wconf 91' lang='lat' dir='ltr'><strong>iis</strong></span> <span class='ocrx_word' id='word_1_861' title='bbox 2206 4295 2221 4320; x_wconf 97' lang='lat'><strong>,</strong></span> <span class='ocrx_word' id='word_1_862' title='bbox 2254 4269 2384 4324; x_wconf 74' lang='lat' dir='ltr'><strong>qua:</strong></span> <span class='ocrx_word' id='word_1_863' title='bbox 2424 4254 2537 4323; x_wconf 91' lang='lat' dir='ltr'><strong>ipse</strong></span> <span class='ocrx_word' id='word_1_864' title='bbox 2577 4256 2820 4324; x_wconf 89' lang='lat' dir='ltr'><strong>promisit</strong></span> <span class='ocrx_word' id='word_1_865' title='bbox 2850 4275 2864 4312; x_wconf 91' lang='lat'><strong>:</strong></span> <span class='ocrx_word' id='word_1_866' title='bbox 2892 4257 3073 4315; x_wconf 91' lang='lat' dir='ltr'><strong>dicunt</strong></span> <span class='ocrx_word' id='word_1_867' title='bbox 3111 4263 3187 4318; x_wconf 91' lang='lat' dir='ltr'><strong>illi</strong></span> <span class='ocrx_word' id='word_1_868' title='bbox 3217 4280 3230 4318; x_wconf 91' lang='lat'><strong>:</strong></span> <span class='ocrx_word' id='word_1_869' title='bbox 3263 4266 3386 4322; x_wconf 64' lang='lat' dir='ltr'><strong>llaec</strong></span> 
     </span>
    </p>
   </div>
   <div class='ocr_carea' id='block_1_105' title="bbox 1810 4344 3383 4417">
    <p class='ocr_par' dir='ltr' id='par_1_105' title="bbox 1810 4344 3383 4417">
     <span class='ocr_line' id='line_1_105' title="bbox 1810 4344 3383 4417; baseline 0.009 -17"><span class='ocrx_word' id='word_1_870' title='bbox 1810 4344 2074 4401; x_wconf 89' lang='lat' dir='ltr'><strong>ostendite</strong></span> <span class='ocrx_word' id='word_1_871' title='bbox 2103 4360 2200 4415; x_wconf 92' lang='lat' dir='ltr'><strong>per</strong></span> <span class='ocrx_word' id='word_1_872' title='bbox 2236 4359 2430 4415; x_wconf 89' lang='lat' dir='ltr'><strong>opera;</strong></span> <span class='ocrx_word' id='word_1_873' title='bbox 2477 4345 2582 4399; x_wconf 87' lang='lat' dir='ltr'><strong>vita</strong></span> <span class='ocrx_word' id='word_1_874' title='bbox 2624 4361 2852 4417; x_wconf 88' lang='lat' dir='ltr'><strong>namque</strong></span> <span class='ocrx_word' id='word_1_875' title='bbox 2893 4359 3070 4408; x_wconf 90' lang='lat' dir='ltr'><strong>vestra</strong></span> <span class='ocrx_word' id='word_1_876' title='bbox 3116 4359 3383 4414; x_wconf 86' lang='lat' dir='ltr'><strong>contraria</strong></span> 
     </span>
    </p>
   </div>
   <div class='ocr_carea' id='block_1_106' title="bbox 1812 4435 3229 4505">
    <p class='ocr_par' dir='ltr' id='par_1_106' title="bbox 1812 4435 3229 4505">
     <span class='ocr_line' id='line_1_106' title="bbox 1812 4435 3229 4505; baseline 0.001 -13"><span class='ocrx_word' id='word_1_877' title='bbox 1812 4435 2146 4500; x_wconf 88' lang='lat' dir='ltr'><strong>testiﬁcatur,</strong></span> <span class='ocrx_word' id='word_1_878' title='bbox 2177 4435 2316 4503; x_wconf 89' lang='lat' dir='ltr'><strong>quod</strong></span> <span class='ocrx_word' id='word_1_879' title='bbox 2347 4450 2539 4505; x_wconf 88' lang='lat' dir='ltr'><strong>nempe</strong></span> <span class='ocrx_word' id='word_1_880' title='bbox 2565 4450 2670 4490; x_wconf 92' lang='lat' dir='ltr'><strong>non</strong></span> <span class='ocrx_word' id='word_1_881' title='bbox 2700 4439 2952 4493; x_wconf 90' lang='lat' dir='ltr'><strong>credatis.</strong></span> <span class='ocrx_word' id='word_1_882' title='bbox 3226 4497 3229 4499; x_wconf 93' lang='lat'>_</span> 
     </span>
    </p>
   </div>
   <div class='ocr_carea' id='block_1_107' title="bbox 1881 4529 3381 4601">
    <p class='ocr_par' dir='ltr' id='par_1_107' title="bbox 1881 4529 3381 4601">
     <span class='ocr_line' id='line_1_107' title="bbox 1881 4529 3381 4601; baseline 0.007 -19"><span class='ocrx_word' id='word_1_883' title='bbox 1881 4529 2069 4582; x_wconf 88' lang='lat' dir='ltr'><strong>Contra</strong></span> <span class='ocrx_word' id='word_1_884' title='bbox 2093 4543 2271 4581; x_wconf 85' lang='lat' dir='ltr'><strong>auaros</strong></span> <span class='ocrx_word' id='word_1_885' title='bbox 2297 4537 2342 4580; x_wconf 88' lang='lat' dir='ltr'><strong>et</strong></span> <span class='ocrx_word' id='word_1_886' title='bbox 2364 4543 2592 4597; x_wconf 90' lang='lat' dir='ltr'><strong>rapaces.</strong></span> <span class='ocrx_word' id='word_1_887' title='bbox 2611 4557 2678 4567; x_wconf 92' lang='lat'><strong>—</strong></span> <span class='ocrx_word' id='word_1_888' title='bbox 2708 4529 2944 4587; x_wconf 88' lang='lat' dir='ltr'><strong>Vultisne</strong></span> <span class='ocrx_word' id='word_1_889' title='bbox 2969 4532 3245 4592; x_wconf 82' lang='lat' dir='ltr'><strong>videamus</strong></span> <span class='ocrx_word' id='word_1_890' title='bbox 3265 4552 3381 4601; x_wconf 87' lang='lat' dir='ltr'><strong>eos,</strong></span> 
     </span>
    </p>
   </div>
   <div class='ocr_carea' id='block_1_108' title="bbox 1810 4620 3381 4702">
    <p class='ocr_par' dir='ltr' id='par_1_108' title="bbox 1810 4620 3381 4702">
     <span class='ocr_line' id='line_1_108' title="bbox 1810 4620 3381 4702; baseline 0.008 -28"><span class='ocrx_word' id='word_1_891' title='bbox 1810 4622 1900 4691; x_wconf 91' lang='lat' dir='ltr'><strong>qui</strong></span> <span class='ocrx_word' id='word_1_892' title='bbox 1951 4621 2204 4690; x_wconf 86' lang='lat' dir='ltr'><strong>pecunias</strong></span> <span class='ocrx_word' id='word_1_893' title='bbox 2252 4620 2542 4690; x_wconf 88' lang='lat' dir='ltr'><strong>colligunt,</strong></span> <span class='ocrx_word' id='word_1_894' title='bbox 2594 4635 2853 4689; x_wconf 88' lang='lat' dir='ltr'><strong>rapaces,</strong></span> <span class='ocrx_word' id='word_1_895' title='bbox 2903 4640 3126 4694; x_wconf 79' lang='lat' dir='ltr'><strong>avaros,</strong></span> <span class='ocrx_word' id='word_1_896' title='bbox 3157 4644 3252 4684; x_wconf 91' lang='lat' dir='ltr'><strong>eos</strong></span> <span class='ocrx_word' id='word_1_897' title='bbox 3295 4635 3381 4702; x_wconf 92' lang='lat' dir='ltr'><strong>qui</strong></span> 
     </span>
    </p>
   </div>
   <div class='ocr_carea' id='block_1_109' title="bbox 1812 4711 3382 4791">
    <p class='ocr_par' dir='ltr' id='par_1_109' title="bbox 1812 4711 3382 4791">
     <span class='ocr_line' id='line_1_109' title="bbox 1812 4711 3382 4791; baseline 0.006 -24"><span class='ocrx_word' id='word_1_898' title='bbox 1812 4714 2099 4784; x_wconf 86' lang='lat' dir='ltr'><strong>plangunt,</strong></span> <span class='ocrx_word' id='word_1_899' title='bbox 2140 4712 2230 4781; x_wconf 86' lang='lat' dir='ltr'><strong>qui</strong></span> <span class='ocrx_word' id='word_1_900' title='bbox 2275 4711 2495 4780; x_wconf 83' lang='lat' dir='ltr'><strong>lugent,</strong></span> <span class='ocrx_word' id='word_1_901' title='bbox 2540 4711 2840 4777; x_wconf 76' lang='lat' dir='ltr'><strong>zediﬁcant,</strong></span> <span class='ocrx_word' id='word_1_902' title='bbox 2891 4717 3173 4788; x_wconf 87' lang='lat' dir='ltr'><strong>omniaque</strong></span> <span class='ocrx_word' id='word_1_903' title='bbox 3216 4735 3382 4791; x_wconf 75' lang='lat' dir='ltr'><strong>nego-</strong></span> 
     </span>
    </p>
   </div>
   <div class='ocr_carea' id='block_1_110' title="bbox 1813 4801 3383 4876">
    <p class='ocr_par' dir='ltr' id='par_1_110' title="bbox 1813 4801 3383 4876">
     <span class='ocr_line' id='line_1_110' title="bbox 1813 4801 3383 4876; baseline 0.004 -19"><span class='ocrx_word' id='word_1_904' title='bbox 1813 4805 2010 4857; x_wconf 87' lang='lat' dir='ltr'><strong>tiantur</strong></span> <span class='ocrx_word' id='word_1_905' title='bbox 2046 4801 2195 4871; x_wconf 91' lang='lat' dir='ltr'><strong>quasi</strong></span> <span class='ocrx_word' id='word_1_906' title='bbox 2225 4815 2516 4869; x_wconf 90' lang='lat' dir='ltr'><strong>numquam</strong></span> <span class='ocrx_word' id='word_1_907' title='bbox 2545 4802 2792 4855; x_wconf 88' lang='lat' dir='ltr'><strong>morituri</strong></span> <span class='ocrx_word' id='word_1_908' title='bbox 2819 4803 2842 4855; x_wconf 82' lang='lat'><strong>?</strong></span> <span class='ocrx_word' id='word_1_909' title='bbox 2871 4802 2928 4858; x_wconf 92' lang='lat' dir='ltr'><strong>Si</strong></span> <span class='ocrx_word' id='word_1_910' title='bbox 2970 4820 3100 4876; x_wconf 86' lang='lat' dir='ltr'><strong>ergo</strong></span> <span class='ocrx_word' id='word_1_911' title='bbox 3128 4823 3232 4863; x_wconf 90' lang='lat' dir='ltr'><strong>non</strong></span> <span class='ocrx_word' id='word_1_912' title='bbox 3261 4825 3383 4864; x_wconf 82' lang='lat' dir='ltr'><strong>cre-</strong></span> 
     </span>
    </p>
   </div>
   <div class='ocr_carea' id='block_1_111' title="bbox 1811 4891 3382 4957">
    <p class='ocr_par' dir='ltr' id='par_1_111' title="bbox 1811 4891 3382 4957">
     <span class='ocr_line' id='line_1_111' title="bbox 1811 4891 3382 4957; baseline 0.004 -10"><span class='ocrx_word' id='word_1_913' title='bbox 1811 4894 1937 4947; x_wconf 88' lang='lat' dir='ltr'><strong>ditis</strong></span> <span class='ocrx_word' id='word_1_914' title='bbox 1963 4907 2057 4946; x_wconf 92' lang='lat' dir='ltr'><strong>vos</strong></span> <span class='ocrx_word' id='word_1_915' title='bbox 2087 4905 2207 4946; x_wconf 89' lang='lat' dir='ltr'><strong>esse</strong></span> <span class='ocrx_word' id='word_1_916' title='bbox 2229 4891 2516 4944; x_wconf 88' lang='lat' dir='ltr'><strong>tnorituros</strong></span> <span class='ocrx_word' id='word_1_917' title='bbox 2536 4934 2552 4957; x_wconf 95' lang='lat'><strong>,</strong></span> <span class='ocrx_word' id='word_1_918' title='bbox 2597 4891 2721 4945; x_wconf 91' lang='lat' dir='ltr'><strong>licet</strong></span> <span class='ocrx_word' id='word_1_919' title='bbox 2747 4907 2834 4946; x_wconf 90' lang='lat' dir='ltr'><strong>res</strong></span> <span class='ocrx_word' id='word_1_920' title='bbox 2854 4893 2926 4947; x_wconf 90' lang='lat' dir='ltr'><strong>ita</strong></span> <span class='ocrx_word' id='word_1_921' title='bbox 2951 4907 3095 4949; x_wconf 89' lang='lat' dir='ltr'><strong>certa</strong></span> <span class='ocrx_word' id='word_1_922' title='bbox 3130 4908 3184 4952; x_wconf 90' lang='lat' dir='ltr'><strong>et</strong></span> <span class='ocrx_word' id='word_1_923' title='bbox 3211 4901 3382 4954; x_wconf 56' lang='lat' dir='ltr'><strong>mani.</strong></span> 
     </span>
    </p>
   </div>
   <div class='ocr_carea' id='block_1_112' title="bbox 1813 4982 3382 5053">
    <p class='ocr_par' dir='ltr' id='par_1_112' title="bbox 1813 4982 3382 5053">
     <span class='ocr_line' id='line_1_112' title="bbox 1813 4982 3382 5053; baseline 0.003 -13"><span class='ocrx_word' id='word_1_924' title='bbox 1813 4987 1946 5042; x_wconf 90' lang='lat' dir='ltr'><strong>festa</strong></span> <span class='ocrx_word' id='word_1_925' title='bbox 1977 4985 2048 5038; x_wconf 89' lang='lat' dir='ltr'><strong>sit</strong></span> <span class='ocrx_word' id='word_1_926' title='bbox 2071 5024 2085 5048; x_wconf 90' lang='lat'><strong>,</strong></span> <span class='ocrx_word' id='word_1_927' title='bbox 2117 4982 2386 5053; x_wconf 90' lang='lat' dir='ltr'><strong>quomodo</strong></span> <span class='ocrx_word' id='word_1_928' title='bbox 2409 4997 2506 5036; x_wconf 87' lang='lat' dir='ltr'><strong>vos</strong></span> <span class='ocrx_word' id='word_1_929' title='bbox 2536 4983 2880 5039; x_wconf 88' lang='lat' dir='ltr'><strong>testiﬁcantes</strong></span> <span class='ocrx_word' id='word_1_930' title='bbox 2906 4986 3223 5042; x_wconf 88' lang='lat' dir='ltr'><strong>credemus?</strong></span> <span class='ocrx_word' id='word_1_931' title='bbox 3244 4989 3382 5045; x_wconf 87' lang='lat' dir='ltr'><strong>Sunt</strong></span> 
     </span>
    </p>
   </div>
   <div class='ocr_carea' id='block_1_113' title="bbox 1812 5073 3382 5146">
    <p class='ocr_par' dir='ltr' id='par_1_113' title="bbox 1812 5073 3382 5146">
     <span class='ocr_line' id='line_1_113' title="bbox 1812 5073 3382 5146; baseline 0.004 -14"><span class='ocrx_word' id='word_1_932' title='bbox 1812 5078 1987 5142; x_wconf 90' lang='lat' dir='ltr'><strong>enim,</strong></span> <span class='ocrx_word' id='word_1_933' title='bbox 2021 5086 2179 5140; x_wconf 90' lang='lat' dir='ltr'><strong>sunt,</strong></span> <span class='ocrx_word' id='word_1_934' title='bbox 2213 5075 2424 5146; x_wconf 89' lang='lat' dir='ltr'><strong>inquam</strong></span> <span class='ocrx_word' id='word_1_935' title='bbox 2445 5115 2460 5141; x_wconf 92' lang='lat'><strong>,</strong></span> <span class='ocrx_word' id='word_1_936' title='bbox 2504 5074 2655 5128; x_wconf 89' lang='lat' dir='ltr'><strong>multi</strong></span> <span class='ocrx_word' id='word_1_937' title='bbox 2687 5073 2929 5130; x_wconf 89' lang='lat' dir='ltr'><strong>homines</strong></span> <span class='ocrx_word' id='word_1_938' title='bbox 2960 5078 3031 5131; x_wconf 89' lang='lat' dir='ltr'><strong>ita</strong></span> <span class='ocrx_word' id='word_1_939' title='bbox 3071 5079 3246 5135; x_wconf 82' lang='lat' dir='ltr'><strong>aﬁ&#39;ecti</strong></span> <span class='ocrx_word' id='word_1_940' title='bbox 3268 5121 3282 5146; x_wconf 92' lang='lat'><strong>,</strong></span> <span class='ocrx_word' id='word_1_941' title='bbox 3317 5097 3382 5138; x_wconf 88' lang='lat' dir='ltr'><strong>ac</strong></span> 
     </span>
    </p>
   </div>
   <div class='ocr_carea' id='block_1_114' title="bbox 1816 5164 3384 5244">
    <p class='ocr_par' dir='ltr' id='par_1_114' title="bbox 1816 5164 3384 5244">
     <span class='ocr_line' id='line_1_114' title="bbox 1816 5164 3384 5244; baseline 0.002 -18"><span class='ocrx_word' id='word_1_942' title='bbox 1816 5172 1860 5226; x_wconf 95' lang='lat' dir='ltr'><strong>si</strong></span> <span class='ocrx_word' id='word_1_943' title='bbox 1916 5183 2201 5239; x_wconf 88' lang='lat' dir='ltr'><strong>numquam</strong></span> <span class='ocrx_word' id='word_1_944' title='bbox 2250 5177 2434 5222; x_wconf 90' lang='lat' dir='ltr'><strong>essent</strong></span> <span class='ocrx_word' id='word_1_945' title='bbox 2475 5164 2740 5220; x_wconf 90' lang='lat' dir='ltr'><strong>morituri.</strong></span> <span class='ocrx_word' id='word_1_946' title='bbox 2786 5166 2919 5222; x_wconf 89' lang='lat' dir='ltr'><strong>Nam</strong></span> <span class='ocrx_word' id='word_1_947' title='bbox 2963 5183 3085 5224; x_wconf 92' lang='lat' dir='ltr'><strong>cum</strong></span> <span class='ocrx_word' id='word_1_948' title='bbox 3133 5171 3185 5226; x_wconf 93' lang='lat' dir='ltr'><strong>in</strong></span> <span class='ocrx_word' id='word_1_949' title='bbox 3229 5176 3384 5244; x_wconf 85' lang='lat' dir='ltr'><strong>gravi</strong></span> 
     </span>
    </p>
   </div>
   <div class='ocr_carea' id='block_1_115' title="bbox 1814 5257 3386 5337">
    <p class='ocr_par' dir='ltr' id='par_1_115' title="bbox 1814 5257 3386 5337">
     <span class='ocr_line' id='line_1_115' title="bbox 1814 5257 3386 5337; baseline 0.003 -20"><span class='ocrx_word' id='word_1_950' title='bbox 1814 5270 2090 5317; x_wconf 86' lang='lat' dir='ltr'><strong>senectute</strong></span> <span class='ocrx_word' id='word_1_951' title='bbox 2121 5259 2377 5327; x_wconf 87' lang='lat' dir='ltr'><strong>incipiant</strong></span> <span class='ocrx_word' id='word_1_952' title='bbox 2399 5257 2684 5324; x_wconf 71' lang='lat' dir='ltr'><strong>mdiﬁcare,</strong></span> <span class='ocrx_word' id='word_1_953' title='bbox 2714 5267 2768 5312; x_wconf 92' lang='lat' dir='ltr'><strong>et</strong></span> <span class='ocrx_word' id='word_1_954' title='bbox 2792 5273 2947 5329; x_wconf 86' lang='lat' dir='ltr'><strong>agros</strong></span> <span class='ocrx_word' id='word_1_955' title='bbox 2974 5263 3154 5319; x_wconf 89' lang='lat' dir='ltr'><strong>colere</strong></span> <span class='ocrx_word' id='word_1_956' title='bbox 3175 5307 3190 5333; x_wconf 93' lang='lat'><strong>,</strong></span> <span class='ocrx_word' id='word_1_957' title='bbox 3217 5282 3386 5337; x_wconf 86' lang='lat' dir='ltr'><strong>quan-</strong></span> 
     </span>
    </p>
   </div>
   <div class='ocr_carea' id='block_1_116' title="bbox 1816 5349 3386 5421">
    <p class='ocr_par' dir='ltr' id='par_1_116' title="bbox 1816 5349 3386 5421">
     <span class='ocr_line' id='line_1_116' title="bbox 1816 5349 3386 5421; baseline 0.006 -15"><span class='ocrx_word' id='word_1_958' title='bbox 1816 5353 2008 5407; x_wconf 90' lang='lat' dir='ltr'><strong>donam</strong></span> <span class='ocrx_word' id='word_1_959' title='bbox 2042 5352 2107 5405; x_wconf 88' lang='lat' dir='ltr'><strong>de</strong></span> <span class='ocrx_word' id='word_1_960' title='bbox 2133 5360 2308 5405; x_wconf 83' lang='lat' dir='ltr'><strong>morte</strong></span> <span class='ocrx_word' id='word_1_961' title='bbox 2346 5349 2656 5419; x_wconf 85' lang='lat' dir='ltr'><strong>cogitabunt</strong></span> <span class='ocrx_word' id='word_1_962' title='bbox 2680 5349 2701 5402; x_wconf 85' lang='lat'><strong>?</strong></span> <span class='ocrx_word' id='word_1_963' title='bbox 2726 5349 2840 5404; x_wconf 90' lang='lat' dir='ltr'><strong>Non</strong></span> <span class='ocrx_word' id='word_1_964' title='bbox 2873 5367 3091 5421; x_wconf 89' lang='lat' dir='ltr'><strong>parvum</strong></span> <span class='ocrx_word' id='word_1_965' title='bbox 3121 5367 3204 5412; x_wconf 91' lang='lat' dir='ltr'><strong>est</strong></span> <span class='ocrx_word' id='word_1_966' title='bbox 3232 5359 3386 5417; x_wconf 88' lang='lat' dir='ltr'><strong>nobis</strong></span> 
     </span>
    </p>
   </div>
   <div class='ocr_carea' id='block_1_117' title="bbox 1816 5442 3388 5522">
    <p class='ocr_par' dir='ltr' id='par_1_117' title="bbox 1816 5442 3388 5522">
     <span class='ocr_line' id='line_1_117' title="bbox 1816 5442 3388 5522; baseline 0.003 -20"><span class='ocrx_word' id='word_1_967' title='bbox 1816 5446 2132 5517; x_wconf 90' lang='lat' dir='ltr'><strong>supplicium</strong></span> <span class='ocrx_word' id='word_1_968' title='bbox 2164 5443 2216 5498; x_wconf 92' lang='lat' dir='ltr'><strong>in</strong></span> <span class='ocrx_word' id='word_1_969' title='bbox 2259 5442 2624 5498; x_wconf 90' lang='lat' dir='ltr'><strong>testimonium</strong></span> <span class='ocrx_word' id='word_1_970' title='bbox 2667 5447 2900 5509; x_wconf 89' lang='lat' dir='ltr'><strong>vocatis,</strong></span> <span class='ocrx_word' id='word_1_971' title='bbox 2935 5463 3042 5500; x_wconf 88' lang='lat' dir='ltr'><strong>non</strong></span> <span class='ocrx_word' id='word_1_972' title='bbox 3083 5463 3241 5519; x_wconf 89' lang='lat' dir='ltr'><strong>posse</strong></span> <span class='ocrx_word' id='word_1_973' title='bbox 3269 5467 3388 5522; x_wconf 66' lang='lat' dir='ltr'><strong>qua)</strong></span> 
     </span>
    </p>
   </div>
   <div class='ocr_carea' id='block_1_118' title="bbox 1817 5534 3388 5612">
    <p class='ocr_par' dir='ltr' id='par_1_118' title="bbox 1817 5534 3388 5612">
     <span class='ocr_line' id='line_1_118' title="bbox 1817 5534 3388 5612; baseline 0.003 -20"><span class='ocrx_word' id='word_1_974' title='bbox 1817 5539 2044 5593; x_wconf 87' lang='lat' dir='ltr'><strong>vidimus</strong></span> <span class='ocrx_word' id='word_1_975' title='bbox 2092 5534 2386 5591; x_wconf 90' lang='lat' dir='ltr'><strong>testiﬁcari.</strong></span> <span class='ocrx_word' id='word_1_976' title='bbox 2422 5534 2662 5590; x_wconf 88' lang='lat' dir='ltr'><strong>Vidimus</strong></span> <span class='ocrx_word' id='word_1_977' title='bbox 2693 5551 2790 5590; x_wconf 91' lang='lat' dir='ltr'><strong>nos</strong></span> <span class='ocrx_word' id='word_1_978' title='bbox 2831 5539 2998 5593; x_wconf 88' lang='lat' dir='ltr'><strong>oculis</strong></span> <span class='ocrx_word' id='word_1_979' title='bbox 3046 5541 3302 5612; x_wconf 87' lang='lat' dir='ltr'><strong>angelos,</strong></span> <span class='ocrx_word' id='word_1_980' title='bbox 3336 5551 3388 5597; x_wconf 90' lang='lat' dir='ltr'><strong>et</strong></span> 
     </span>
    </p>
   </div>
   <div class='ocr_carea' id='block_1_119' title="bbox 1814 5627 3387 5703">
    <p class='ocr_par' dir='ltr' id='par_1_119' title="bbox 1814 5627 3387 5703">
     <span class='ocr_line' id='line_1_119' title="bbox 1814 5627 3387 5703; baseline 0 -16"><span class='ocrx_word' id='word_1_981' title='bbox 1814 5632 2009 5687; x_wconf 88' lang='lat' dir='ltr'><strong>clarius</strong></span> <span class='ocrx_word' id='word_1_982' title='bbox 2046 5644 2203 5700; x_wconf 89' lang='lat' dir='ltr'><strong>quam</strong></span> <span class='ocrx_word' id='word_1_983' title='bbox 2251 5629 2316 5694; x_wconf 93' lang='lat' dir='ltr'><strong>ii,</strong></span> <span class='ocrx_word' id='word_1_984' title='bbox 2349 5627 2436 5697; x_wconf 93' lang='lat' dir='ltr'><strong>qui</strong></span> <span class='ocrx_word' id='word_1_985' title='bbox 2479 5642 2604 5682; x_wconf 87' lang='lat' dir='ltr'><strong>vere</strong></span> <span class='ocrx_word' id='word_1_986' title='bbox 2636 5628 2898 5684; x_wconf 87' lang='lat' dir='ltr'><strong>viderunt.</strong></span> <span class='ocrx_word' id='word_1_987' title='bbox 2950 5631 3092 5703; x_wconf 88' lang='lat' dir='ltr'><strong>Ergo</strong></span> <span class='ocrx_word' id='word_1_988' title='bbox 3134 5633 3387 5688; x_wconf 76' lang='lat' dir='ltr'><strong>testiﬁce-</strong></span> 
     </span>
    </p>
   </div>
   <div class='ocr_carea' id='block_1_120' title="bbox 1823 5721 3384 5794">
    <p class='ocr_par' dir='ltr' id='par_1_120' title="bbox 1823 5721 3384 5794">
     <span class='ocr_line' id='line_1_120' title="bbox 1823 5721 3384 5794; baseline -0.003 -12"><span class='ocrx_word' id='word_1_989' title='bbox 1823 5743 1941 5782; x_wconf 89' lang='lat' dir='ltr'><strong>mur</strong></span> <span class='ocrx_word' id='word_1_990' title='bbox 1961 5725 2175 5781; x_wconf 87' lang='lat' dir='ltr'><strong>Christo</strong></span> <span class='ocrx_word' id='word_1_991' title='bbox 2200 5741 2211 5778; x_wconf 89' lang='lat'><strong>:</strong></span> <span class='ocrx_word' id='word_1_992' title='bbox 2235 5737 2340 5779; x_wconf 91' lang='lat' dir='ltr'><strong>non</strong></span> <span class='ocrx_word' id='word_1_993' title='bbox 2361 5722 2502 5778; x_wconf 90' lang='lat' dir='ltr'><strong>enim</strong></span> <span class='ocrx_word' id='word_1_994' title='bbox 2535 5721 2609 5777; x_wconf 89' lang='lat' dir='ltr'><strong>illi</strong></span> <span class='ocrx_word' id='word_1_995' title='bbox 2640 5722 2738 5778; x_wconf 90' lang='lat' dir='ltr'><strong>soli</strong></span> <span class='ocrx_word' id='word_1_996' title='bbox 2765 5731 2948 5794; x_wconf 86' lang='lat' dir='ltr'><strong>testes,</strong></span> <span class='ocrx_word' id='word_1_997' title='bbox 2966 5727 3059 5782; x_wconf 90' lang='lat' dir='ltr'><strong>sed</strong></span> <span class='ocrx_word' id='word_1_998' title='bbox 3083 5741 3181 5788; x_wconf 76' lang='lat' dir='ltr'><strong>nos</strong></span> <span class='ocrx_word' id='word_1_999' title='bbox 3203 5724 3384 5782; x_wconf 85' lang='lat' dir='ltr'><strong>etiam.</strong></span> 
     </span>
    </p>
   </div>
  </div>
