4028 6218
626 207 740 266 ’551

649 328 727 381 Illi
758 324 1008 379 dicuntur
1036 333 1296 396 martyres
1321 339 1415 378 seu
1437 334 1622 390 testes,
1643 325 1764 395 quia
1789 323 1921 393 jussl
1950 323 2217 393 abjurare,

647 420 823 475 omnia
854 419 1163 488 patiuntur,
1198 427 1255 472 ut
1285 418 1563 472 veritatem
1595 418 1774 471 dicant
1800 435 1813 471 :
1847 425 1900 471 et
1928 431 2026 471 nos
2056 430 2225 483 quan-

646 513 714 566 do
744 512 812 565 ab
837 511 999 563 animi
1031 511 1265 564 motibus
1287 510 1543 575 abiurare
1566 509 1818 577 jubemur
1842 550 1856 572 .
1890 523 1956 562 ne
1979 524 2224 563 succum-

646 605 854 657 bamus.
889 603 1092 657 Aurum
1125 602 1291 656 dicit:
1341 602 1434 656 Dic
1459 601 1726 656 Christum
1767 616 1873 655 non
1906 615 2026 655 esse
2069 601 2221 655 Chri-

643 708 783 751 stum
804 714 819 751 :
840 712 906 751 ne
922 701 1108 752 audias
1128 697 1279 767 quasi
1300 697 1486 761 Deum,
1506 695 1601 751 sed
1621 695 1739 762 ejus
1751 695 1897 764 jussa
1915 705 2217 748 contemne.

641 789 1101 858 Concupiscentim
1154 789 1305 842 malae
1361 788 1585 856 idipsum
1636 786 1857 851 dicunt;
1908 785 2000 840 sed
2052 796 2105 839 tu
2155 800 2219 840 ne

638 880 979 949 obtemperes
1004 922 1019 945 ,
1050 880 1140 934 sed
1172 889 1251 933 sta
1285 879 1513 945 fortiter,
1542 893 1607 932 ne
1629 888 1683 932 et
1704 877 1771 931 de
1798 877 1951 932 nobis
1976 877 2214 931 dicatur:

641 970 809 1023 Deum
851 972 1153 1039 conﬁtentur
1195 972 1351 1029 scire,
1387 971 1532 1042 factis
1566 981 1735 1024 autem
1773 980 1957 1039 negant
1984 970 2109 1039 (Tit.
2163 972 2213 1023 1.

641 1063 753 1133 16).
785 1062 898 1117 lloc
940 1063 1081 1117 enim
1110 1078 1214 1117 non
1256 1072 1337 1117 est
1368 1064 1579 1117 testium
1601 1103 1615 1125 ,
1649 1062 1742 1116 sed
1766 1062 2214 1115 adversariorum.

630 1153 791 1222 Quod
823 1154 911 1209 alii
942 1165 1177 1224 negent,
1209 1155 1342 1209 nihil
1389 1155 1617 1218 mirum;
1664 1154 1807 1224 quod
1850 1164 2029 1208 autem
2074 1169 2171 1207 nos
2197 1194 2213 1218 ,

640 1247 729 1315 qui
758 1246 813 1300 in
843 1246 1209 1300 testimonium
1255 1260 1539 1308 vocamur,
1571 1260 1859 1313 negemus,
1893 1245 1943 1298 id
1973 1259 2135 1314 grave
2162 1253 2217 1298 et

634 1352 925 1393 onerosum
974 1349 1092 1393 est:
1128 1338 1229 1392 hoc
1261 1338 1490 1391 maxime
1536 1337 1699 1391 rebus
1748 1337 1944 1390 nostris
1995 1337 2213 1390 noxium

633 1442 733 1487 est.
764 1432 830 1486 In
861 1432 1193 1486 testimonium
1221 1431 1323 1485 illis
1349 1432 1533 1485 eveniet
1559 1430 1706 1499 (Luc.
1732 1430 1829 1484 21.
1862 1430 1973 1503 15),
2004 1432 2210 1500 inquit:

633 1526 728 1580 sed
780 1526 825 1579 si
880 1540 984 1579 non
1040 1525 1373 1589 resiliamus,
1406 1525 1450 1577 si
1498 1524 1877 1577 consistamus.
1934 1522 1989 1577 Si
2026 1537 2213 1577 omnes

634 1618 859 1673 velimus
909 1618 1123 1673 Christo
1178 1617 1487 1679 testiﬁcari,
1538 1616 1645 1671 cito
1694 1615 1875 1670 multis
1926 1615 2212 1685 gentilibus

634 1710 1100 1780 persuadebimus.

701 1802 754 1855 4.
783 1800 968 1871 Magna
1021 1816 1108 1856 res
1166 1810 1250 1856 est
1290 1802 1432 1867 vita,
1461 1800 1681 1855 dilecti:
1713 1800 1838 1855 licet
1887 1800 2006 1869 quis
2058 1799 2209 1855 valde

630 1892 775 1946 ferus
822 1894 927 1959 sit,
959 1892 1146 1947 saltem
1179 1904 1362 1962 aperte
1407 1907 1512 1946 non
1558 1892 1830 1946 damnabit
1867 1906 1963 1945 nos
1993 1902 2209 1961 propter

636 1985 825 2053 dogma
847 1986 900 2049 ί;
933 1984 1025 2037 sed
1056 1985 1190 2039 clam
1233 1984 1507 2051 admittet,
1538 1984 1772 2038 laudabit
1818 1994 1872 2039 et
1917 1984 2207 2038 admirabi-

629 2086 733 2128 tur.
776 2074 844 2129 Et
893 2075 1192 2140 undenam,
1224 2074 1470 2144 inquies,
1512 2076 1613 2130 erit
1644 2076 1749 2130 vita
1796 2076 2036 2144 optima?
2086 2077 2201 2130 Non

627 2166 874 2232 aliunde,
908 2182 1065 2236 quam
1117 2182 1182 2222 ex
1224 2167 1411 2221 divina
1442 2169 1771 2236 operatione.
1822 2169 1957 2234 Quid
1987 2183 2116 2238 ergo
2161 2169 2206 2222 si

628 2264 855 2331 gentiles
886 2263 995 2316 sint
1024 2261 1205 2317 tales?
1249 2262 1327 2316 Illi
1362 2263 1406 2318 si
1457 2264 1670 2332 quando
1701 2263 1831 2318 tales
1861 2263 2006 2328 sint,
2036 2262 2089 2318 id
2119 2262 2207 2317 alii

626 2371 690 2409 ex
722 2364 910 2409 natura
933 2396 946 2418 ,
986 2356 1076 2409 alii
1108 2370 1175 2409 ex
1222 2369 1353 2408 vana
1384 2356 1551 2425 gloria
1584 2355 1800 2409 habent.
1836 2355 1926 2409 Vis
1954 2354 2163 2410 discere
2186 2397 2202 2422 ,

626 2448 715 2518 qui
742 2447 811 2501 sit
836 2448 1050 2501 virtutis
1090 2446 1344 2515 splendor
1365 2488 1380 2513 ,
1413 2458 1669 2516 quantum
1695 2447 1870 2501 valeat
1895 2446 1960 2501 ad
1987 2462 2206 2516 persua-

623 2537 899 2593 dendum?
937 2537 1081 2591 Multi
1115 2536 1390 2604 haeretici,
1423 2538 1523 2591 etsi
1552 2537 1798 2606 dogmata
1824 2547 2074 2608 corrupta
2104 2538 2219 2592 Ita-7

629 2631 855 2696 herent,
887 2630 956 2683 ita
985 2630 1262 2684 invaluere
1284 2671 1298 2694 ,
1332 2638 1390 2683 ut
1416 2630 1567 2683 multi
1606 2631 1849 2685 homines
1878 2646 1942 2685 ex
1986 2630 2107 2685 vitae
2136 2631 2203 2685 il-

624 2724 795 2777 lorum
820 2724 1119 2777 reverentia
1146 2721 1337 2791 dogma
1370 2722 1579 2776 illorum
1607 2737 1713 2776 non
1742 2722 2197 2777 examinaverint:

623 2815 713 2869 alii
769 2815 859 2884 qui
909 2816 1029 2870 illos
1084 2815 1154 2869 ob
1201 2813 1393 2884 dogma
1444 2813 1858 2884 improbabant,
1909 2816 1979 2871 ob
2038 2814 2199 2868 vitam

624 2908 840 2961 reveriti
881 2915 1043 2971 sunt;
1074 2919 1182 2960 non
1206 2905 1348 2961 bene
1373 2915 1520 2961 certe
1543 2945 1559 2972 ,
1606 2904 1701 2960 sed
1730 2904 1785 2959 id
1835 2914 2014 2961 tamen
2060 2907 2200 2976 passi

621 3011 764 3054 sunt.
808 3001 919 3054 lloc
946 3000 1067 3055 fidei
1098 3008 1297 3055 nostra:
1339 2998 1675 3054 honestatem
1718 2998 2048 3065 dill'amavit;
2098 2999 2201 3055 hoc

618 3090 798 3145 omnia
850 3090 1153 3153 subvertit,
1202 3089 1344 3160 quod
1388 3104 1547 3144 nemo
1593 3089 1753 3143 ullam
1783 3090 1906 3144 vitae
1935 3092 2197 3145 rationem

625 3184 857 3245 habeat;
892 3181 995 3236 hoc
1046 3181 1204 3235 tidem
1256 3180 1583 3249 pessumdat.
1641 3180 1875 3235 Dicimus
1923 3180 2196 3237 Christum

625 3290 748 3331 esse
790 3275 981 3341 Deum,
1012 3274 1289 3329 innumera
1342 3274 1445 3328 alia
1477 3271 1828 3343 proferimus,
1857 3283 1911 3328 et
1947 3273 2049 3330 hoc
2077 3290 2196 3331 cum

619 3367 739 3421 aliis
765 3406 780 3430 ,
814 3366 954 3436 quod
982 3366 1312 3436 persuaserit
1340 3365 1590 3420 omnibus
1610 3406 1625 3431 ,
1652 3377 1714 3420 ut
1735 3376 1879 3422 recte
1906 3368 2146 3423 viverent
2171 3385 2188 3433 ;

620 3461 716 3515 sed
747 3460 847 3514 hoc
871 3460 926 3513 in
961 3460 1143 3529 paucis
1171 3473 1393 3513 cernere
1419 3467 1521 3514 est.
1551 3459 1979 3515 Resurrectionis
2005 3460 2194 3531 dogma

623 3552 769 3606 laedit
792 3552 913 3605 vitae
940 3550 1254 3621 improbitas
1273 3594 1288 3617 ,
1315 3566 1521 3607 necnon
1568 3553 1982 3609 immortalitatis
2006 3556 2198 3611 animae

618 3658 672 3704 et
716 3647 899 3717 judicii
927 3664 942 3711 ;
975 3647 1246 3716 multaque
1288 3646 1391 3701 alia
1420 3647 1676 3715 attrahit,
1709 3647 1877 3704 fatum
1902 3688 1919 3715 ,
1958 3650 2195 3706 necessi-

621 3749 805 3803 tatem,
831 3739 1166 3809 negationem
1188 3738 1557 3808 providentius.
1584 3740 1777 3796 Anima
1791 3740 1935 3797 enim
1958 3743 2011 3798 in
2039 3744 2197 3799 malis

620 3829 920 3885 innumeris
946 3833 1194 3885 immersa
1216 3871 1233 3896 ,
1268 3831 1381 3885 haec
1408 3832 1509 3885 sibi
1539 3834 1850 3905 excogitare
1877 3836 2105 3907 satagit,
2129 3853 2199 3893 ne

681 4029 932 4111 icisse
946 4031 1393 4111 essetesse:
1416 4051 1631 4111 φανιρεξςρτξ
1654 4053 1983 4111 uuam»
1998 4060 2040 4098 τδ
2063 4058 2195 4111 δόγμα.

616 4105 746 4167 Quae,
772 4091 955 4167 deleta,
980 4100 1035 4167 ut
1057 4097 1214 4167 series
1237 4091 1483 4167 postulare
1503 4091 1728 4161 'videtur,
1754 4091 2191 4167 iiegshbﬁé'gj‘gi.’

615 4154 945 4213 gniﬁcabunt:
974 4154 1097 4205 Licet
1118 4154 1282 4219 aperte
1314 4161 1592 4210 condemnet
1614 4154 1805 4226 propter
1819 4154 2019 4232 dogmati.

1412 208 1467 264 S.
1499 204 1773 264 JOANNIS
1808 206 2283 264 CHRYSOSTOMI
2320 209 2635 266 ARCIIIEP.
2674 212 3200 275 CONSTANTINOP.

3812 229 3918 285 332

2334 332 2522 379 moesta
2554 325 2621 379 sit
2649 328 2891 397 cogitans
2912 329 3169 397 judicium
3199 331 3312 388 fore
3336 374 3353 401 ,
3383 342 3439 390 et
3477 335 3531 390 in
3563 336 3723 394 nobis
3748 340 3914 396 situm

2331 429 2448 469 esse
2477 416 2686 473 virtutis
2710 428 2764 473 et
2802 422 3051 490 nequitia:
3079 424 3336 481 studium.

2417 504 2527 558 Vita
2574 508 2803 580 improba
2830 512 2983 578 ﬁdem
3010 518 3307 586 corrumpit.
3333 547 3404 558 —
3438 517 3585 573 Talis
3612 519 3724 574 vita
3756 520 3914 578 innu-

2328 609 2471 648 mera
2503 608 2754 669 operatur
2784 602 2942 669 mala,
2982 604 3227 661 homines
3253 606 3395 664 feras
3420 610 3617 677 reddit,
3644 612 3756 667 imo
3784 614 3909 671 feris

2327 686 2841 745 irrationabiliores:
2890 708 3013 747 nam
3040 695 3161 764 quae
3204 697 3254 751 in
3296 697 3638 756 diversarum
3669 701 3904 759 ferarum

2328 786 2515 831 natura
2561 791 2716 845 sunt,
2779 783 2865 837 illa
2894 799 3037 854 smpe
3085 787 3137 841 in
3188 803 3295 844 uno
3331 790 3547 848 homine
3574 793 3784 866 colligit
3806 836 3824 862 ,
3854 807 3902 852 et

2326 878 2492 924 totum
2516 871 2792 927 subvertit.
2819 875 2941 931 Ideo
2967 877 3134 934 fatum
3158 881 3452 939 introduxit
3470 885 3717 945 diabolus
3744 910 3759 944 :
3787 893 3900 949 ideo

2324 962 2437 1015 sine
2484 964 2814 1030 providentia
2866 968 3120 1024 mundum
3165 973 3274 1043 regi
3314 974 3450 1029 dixit
3488 992 3503 1029 :
3535 977 3656 1035 ideo
3686 992 3898 1037 naturas

2324 1054 2471 1119 ponit
2516 1053 2681 1110 bonas
2708 1067 2762 1111 et
2789 1058 2955 1114 malas
2981 1078 2993 1112 :
3027 1061 3225 1117 idcirco
3268 1065 3464 1119 malum
3496 1068 3614 1123 sine
3640 1072 3898 1143 principio

2323 1154 2376 1197 et
2420 1147 2695 1200 materiale
2725 1153 3008 1219 supponit:
3039 1152 3237 1209 idcirco
3266 1156 3399 1211 nihil
3426 1172 3531 1212 non
3560 1161 3708 1229 agit,
3738 1172 3801 1217 ut
3826 1166 3896 1217 vi-

2324 1244 2429 1288 tam
2458 1246 2693 1291 nostram
2716 1252 3040 1310 corrumpat.
3068 1243 3252 1314 Neque
3275 1247 3418 1301 enim
3448 1247 3565 1303 fieri
3591 1260 3775 1320 potest
3796 1294 3814 1319 ,
3845 1267 3895 1309 ut

2322 1326 2368 1386 is
2388 1366 2403 1390 ,
2431 1326 2521 1394 qui
2560 1328 2650 1381 tali
2680 1330 2836 1384 modo
2867 1332 3034 1399 vivit,
3064 1333 3143 1388 vel
3170 1350 3200 1388 a
3229 1336 3408 1405 pravis
3436 1337 3783 1408 dogmatibus
3812 1360 3893 1398 re-

2320 1416 2463 1470 siliat
2489 1458 2503 1482 ,
2536 1419 2616 1473 vel
2649 1420 2698 1473 in
2728 1436 2857 1475 sana
2885 1422 2987 1478 lide
3013 1435 3263 1492 maneat;
3308 1427 3402 1483 sed
3429 1432 3740 1487 necessario
3787 1433 3895 1490 haec

2318 1521 2576 1565 assumct.
2606 1512 2721 1567 Non
2750 1526 2875 1583 puto
2918 1517 3060 1571 enim
3107 1520 3410 1588 quempiam
3442 1523 3668 1592 reperiri
3695 1540 3761 1580 ex
3794 1528 3859 1583 iis
3879 1569 3891 1591 .

2316 1605 2404 1672 qui
2452 1620 2558 1663 non
2615 1617 2761 1663 recte
2802 1609 3018 1676 vivunt,
3046 1611 3134 1680 qui
3178 1626 3283 1666 non
3326 1613 3492 1669 millia
3518 1617 3761 1673 satanica
3792 1634 3895 1676 me.

2316 1693 2545 1759 ditetur;
2574 1698 2719 1751 verbi
2750 1700 2916 1768 gratia
2937 1740 2953 1767 ,
2985 1700 3146 1755 fatum
3173 1716 3292 1757 esse
3319 1744 3333 1769 ,
3362 1718 3449 1758 res
3477 1718 3667 1761 omnes
3694 1716 3891 1767 temere

2316 1785 2481 1854 ferri,
2533 1791 2835 1857 permixtim
2880 1801 2936 1847 et
2982 1793 3205 1850 confuse
3249 1797 3427 1851 omnia
3471 1797 3677 1868 jacere.
3730 1802 3888 1867 Ideo,

2316 1876 2582 1944 obsecro,
2628 1881 2749 1934 vita:
2798 1882 2978 1951 probae
3025 1898 3206 1938 curam
3258 1886 3585 1955 habeamus,
3643 1907 3716 1947 ne
3762 1894 3892 1947 mala

2316 1967 2669 2037 suscipiamus
2698 1970 2966 2041 dogmata.
3013 1973 3143 2028 Cain
3175 1975 3228 2029 in
3274 1976 3530 2034 ultionem
3560 1983 3815 2052 accepit,
3847 1996 3898 2038 ut

2314 2056 2685 2127 ingemisceret
2706 2102 2722 2127 ,
2754 2071 2809 2117 et
2838 2072 3109 2119 tremeret.
3158 2065 3316 2121 Tales
3341 2078 3466 2123 sunt
3506 2070 3778 2141 improbi,
3813 2076 3888 2130 in-

2314 2163 2659 2205 numerorum
2704 2153 2806 2207 sibi
2842 2154 3101 2210 malorum
3147 2158 3347 2212 conscii
3375 2176 3389 2213 :
3416 2174 3558 2231 saepe
3596 2177 3665 2218 ex
3703 2179 3895 2221 somno

2312 2241 2585 2307 exsiliunt,
2610 2244 2925 2301 turbulenta:
2949 2256 3074 2302 sunt
3098 2248 3446 2319 cogitationes
3466 2267 3674 2322 eorum,
3698 2258 3895 2314 turbati

2312 2330 2486 2397 oculi,
2515 2336 2695 2388 omnia
2722 2336 3029 2405 suspicione
3092 2339 3246 2408 plena
3274 2382 3289 2407 ,
3319 2350 3526 2399 terrore
3548 2384 3564 2411 ,
3609 2348 3766 2415 gravi
3799 2366 3895 2404 ex-

2312 2424 2643 2491 spectatione
2665 2466 2680 2490 ,
2711 2436 2854 2481 metu
2894 2427 3049 2497 plena
3070 2430 3269 2498 anima,
3303 2431 3585 2490 formidine
3612 2445 3669 2492 et
3698 2439 3897 2496 timore

2311 2515 2600 2581 subversa,
2646 2517 2897 2573 inhabilis
2941 2530 3040 2575 est.
3084 2521 3225 2577 Nihil
3276 2524 3362 2578 tali
3410 2526 3584 2582 anima
3623 2529 3895 2599 mollius,

2314 2604 2447 2659 nihil
2488 2606 2845 2677 insipientius.
2894 2610 3046 2666 Sicut
3070 2610 3259 2669 furiosi
3292 2629 3397 2671 non
3424 2626 3565 2673 stant
3591 2619 3645 2673 in
3679 2632 3896 2680 semet-

2309 2696 2460 2765 ipsis,
2510 2699 2590 2753 sic
2628 2708 2682 2753 et
2719 2700 2806 2754 illa
2837 2701 3117 2758 instabilis.
3160 2704 3505 2771 Quandonam
3543 2723 3671 2781 ergo
3701 2711 3806 2768 illa
3846 2714 3896 2770 in

2304 2801 2523 2846 sensum
2548 2801 2711 2847 tantae
2736 2793 2977 2864 caliginis
3002 2796 3204 2863 veniat,
3228 2812 3386 2867 quam
3405 2800 3697 2870 optandum
3716 2816 3895 2873 esset,

2312 2883 2693 2953 tranquillitate
2743 2888 3142 2958 serenitateque
3190 2887 3490 2957 fruentem,
3522 2907 3686 2962 posse
3730 2909 3892 2952 suam

2305 2988 2596 3045 agnoscere
2626 2976 2997 3034 nobilitatem?
3025 2979 3160 3034 Dum
3186 2991 3364 3036 autem
3393 2982 3573 3037 omnia
3600 2982 3753 3040 illam
3778 2996 3891 3043 ter-

2305 3075 2427 3121 rent
2455 3075 2511 3121 et
2539 3068 2787 3135 turbant,
2822 3070 3027 3125 somnia
3048 3113 3063 3138 ,
3091 3071 3257 3127 verba
3278 3113 3294 3140 ,
3327 3072 3540 3129 habitus
3560 3116 3577 3143 ,
3604 3085 3660 3132 et
3700 3080 3894 3151 suspi-

2307 3156 2524 3223 ciones,
2554 3160 2771 3228 quando
2815 3163 3011 3233 poterit
3040 3163 3092 3217 in
3137 3179 3197 3219 se
3223 3165 3525 3236 respicere,
3557 3166 3635 3224 sic
3673 3170 3893 3227 turbata

2310 3259 2365 3306 et
2409 3253 2702 3322 perplexa?
2735 3252 2878 3309 Illius
2907 3270 3035 3328 ergo
3078 3266 3282 3312 metum
3321 3258 3621 3326 solvamus,
3666 3260 3892 3319 vincula

2307 3341 2699 3413 dirumpamus.
2749 3346 2880 3402 Nam
2913 3349 2958 3403 si
3007 3364 3113 3403 non
3161 3359 3308 3406 esset
3356 3366 3507 3422 pcena
3532 3390 3550 3419 ,
3579 3367 3685 3423 qua
3716 3369 3892 3424 ptena

2304 3434 2417 3490 haec
2454 3436 2667 3506 gravior
2696 3453 2805 3493 non
2845 3438 3040 3505 fuerit,
3073 3440 3127 3495 in
3174 3442 3366 3498 timore
3391 3457 3603 3512 semper
3647 3443 3848 3502 vivere
3873 3489 3895 3515 ,

2300 3542 2587 3599 numquam
2612 3531 2883 3588 conlidere
2903 3573 2920 3600 ,
2946 3548 3236 3605 numquam
3265 3536 3541 3605 quiescere
3558 3536 3583 3584 ν
3609 3537 3738 3595 Haec
3767 3554 3894 3596 om—

2299 3621 2385 3675 nia
2410 3634 2659 3678 accurate
2679 3624 2930 3692 scientes,
2958 3625 3011 3680 in
3038 3626 3423 3697 tranquillitate
3449 3643 3547 3685 nos
3576 3645 3884 3701 servemus,

2305 3720 2359 3787 et
2382 3712 2630 3768 virtutem
2654 3714 2914 3780 colamus,
2933 3726 2990 3771 ut
3010 3726 3063 3771 et
3082 3732 3209 3772 sana
3239 3717 3487 3789 dogmata
3513 3730 3569 3776 et
3589 3722 3756 3777 vitam
3790 3724 3889 3779 bo-

2312 3819 2432 3861 nam
2483 3804 2781 3877 habentes,
2821 3810 2937 3866 sine
2981 3810 3299 3867 oll'endiculo
3345 3814 3510 3869 vitam
3560 3827 3891 3885 praesentem

2256 3934 2263 3941 .
2307 3898 2693 3968 transigamus,
2721 3910 2777 3955 et
2819 3901 3083 3970 promissa
3127 3901 3469 3972 diligentibus
3518 3905 3693 3976 ipsum
3747 3908 3889 3964 bona

2299 4002 2723 4059 consequamur,
2752 3994 2921 4063 gratia
2951 4003 3006 4050 et
3030 3994 3359 4066 benignitate
3406 3996 3678 4068 Unigeniti
3722 4001 3848 4072 ejus
3874 4044 3889 4069 ,

2299 4080 2511 4149 quicum
2535 4083 2677 4138 Patri
2705 4093 2759 4140 et
2779 4085 2998 4156 Spiritui
3021 4096 3204 4142 sancto
3225 4087 3419 4159 gloria,
3439 4092 3753 4161 imperium,
3783 4095 3883 4150 bo-

2300 4185 2419 4237 nor,
2444 4188 2584 4228 nunc
2608 4184 2663 4229 et
2691 4190 2927 4247 semper,
2955 4178 3082 4233 etin
3101 4178 3292 4234 srecula
3314 4181 3657 4237 saeculorum.
3676 4185 3879 4242 Amen.

624 4294 2995 4346 ,Ἥ

1939 4409 2271 4477 HOMILIA
2312 4418 2588 4482 XLVIII.

618 4535 743 4591 Car.
794 4537 885 4594 22.
931 4556 982 4593 v.
1028 4542 1114 4595 Π.
1167 4541 1385 4598 Factum
1424 4554 1495 4601 est
1542 4558 1709 4603 autem
1766 4558 2027 4610 revertenti
2070 4560 2195 4614 mihi

694 4631 747 4683 in
775 4629 1079 4698 Jerusalem,
1099 4644 1146 4689 et
1174 4639 1338 4691 oranti
1363 4641 1416 4693 in
1444 4643 1649 4712 templo,
1670 4645 1781 4712 ﬁeri
1806 4664 1884 4702 me
1907 4649 1961 4704 in
1988 4656 2192 4721 exstasi,

695 4723 781 4778 18.
811 4734 858 4777 et
888 4726 1051 4780 videre
1076 4727 1222 4781 illum
1251 4728 1492 4786 dicentem
1532 4735 1656 4789 mihi
1695 4753 1714 4790 :
1759 4736 1989 4805 Festina,
2032 4754 2079 4798 et
2116 4748 2197 4801 exi

692 4815 921 4870 velociter
957 4834 1020 4872 ea:
1043 4817 1346 4889 Jerusalem,
1395 4826 1631 4894 quoniam
1658 4844 1758 4884 non
1788 4833 2027 4902 recipient
2052 4839 2195 4891 testi-

696 4908 919 4961 monium
948 4918 1091 4964 tuum
1112 4910 1176 4965 de
1197 4929 1295 4968 me.
1327 4915 1414 4969 i9.
1449 4915 1516 4969 Et
1544 4934 1632 4989 ego
1657 4920 1766 4975 dixi
1795 4938 1815 4976 :
1841 4922 2075 4991 Domine,
2098 4929 2197 4998 ipsi

694 4998 877 5064 sciunt,
928 5003 1047 5069 quia
1095 5018 1184 5072 ego
1232 5021 1368 5059 eram
1407 5009 1710 5066 concludens
1762 5014 1814 5067 in
1851 5032 2119 5085 carcerem,
2149 5031 2195 5075 et

694 5092 890 5149 «edens
917 5110 1005 5161 per
1040 5110 1320 5167 synagogas
1355 5116 1459 5165 eos,
1502 5102 1588 5171 qui
1616 5105 1882 5160 credebant
1905 5109 1958 5163 in
1983 5121 2029 5164 te
2058 5128 2077 5165 :
2102 5113 2191 5169 20.

694 5192 883 5275 etcum
914 5187 1204 5255 funderetur
1245 5194 1451 5261 sanguis
1495 5192 1746 5264 Stephani
1788 5201 1924 5255 testis
1964 5203 2055 5266 tui,
2104 5220 2193 5275 ego

695 5274 978 5342 adstabam,
1007 5287 1053 5331 et
1079 5283 1447 5337 consentiebant
1476 5286 1583 5340 neci
1616 5289 1743 5359 ejus,
1775 5300 1823 5344 et
1856 5274 2193 5349 custodiebant

693 5365 981 5419 vestimenta
1001 5368 1405 5436 interﬁcientium
1428 5376 1593 5431 illum.

693 5454 744 5508 i.
788 5454 922 5511 Vide
953 5460 1218 5527 quomodo
1251 5477 1309 5518 se
1336 5464 1388 5519 in
1416 5468 1650 5536 pericula
1680 5474 1948 5541 conjiciat.
1996 5475 2187 5532 Subdit

621 5546 766 5601 enim
798 5564 811 5601 :
839 5545 1054 5602 Factum
1075 5560 1148 5604 est
1174 5563 1339 5609 autem
1366 5562 1627 5617 revertenti
1654 5564 1778 5618 milii
1803 5582 1854 5619 in
1876 5565 2190 5636 Jerusalem,-

625 5636 679 5692 id
704 5649 803 5708 est,
830 5651 949 5711 post
976 5642 1233 5700 visionem
1260 5646 1402 5703 illam
1429 5664 1614 5709 rursus
1648 5654 1699 5709 in
1729 5655 2019 5714 Jerusalem
2044 5663 2185 5716 veni.

2301 4561 2368 4617 Et
2393 4567 2559 4619 oranti
2595 4568 2646 4621 in
2687 4571 2890 4638 templo,
2913 4574 3023 4641 ﬁeri
3050 4591 3128 4629 me
3153 4576 3208 4630 in
3238 4579 3445 4644 exstasi,
3471 4588 3518 4633 et
3542 4580 3716 4635 videre
3742 4583 3890 4638 illum

2300 4653 2542 4710 dicentem
2570 4659 2691 4712 mihi
2715 4677 2733 4713 :
2760 4660 2985 4729 Festina,
3031 4675 3078 4719 et
3106 4668 3187 4720 exi
3211 4668 3443 4723 velociter
3480 4686 3543 4724 ex
3564 4669 3888 4738 Jerusalem,

2300 4749 2535 4816 quoniam
2563 4766 2662 4805 non
2688 4753 2927 4822 recipient
2953 4758 3292 4813 testimonium
3320 4771 3461 4815 tuum
3485 4762 3548 4817 de
3573 4780 3677 4818 me.
3712 4765 3889 4822 Vide:

2301 4852 2471 4907 neque
2501 4839 2603 4896 hoc
2627 4843 2743 4898 sine
2781 4847 3088 4903 testimonio
3113 4851 3309 4921 agitur,
3340 4852 3435 4909 sed
3463 4854 3534 4911 ab
3563 4868 3778 4914 eventu
3806 4869 3890 4915 est

2302 4932 2680 4990 testimonium.
2749 4938 2994 5005 Dixerat,
3057 4941 3181 4998 Non
3240 4946 3480 5015 recipient
3536 4949 3888 5005 testimonium

2302 5030 2443 5075 tuum
2465 5038 2483 5076 :
2509 5033 2563 5079 et
2591 5041 2697 5082 non
2728 5040 3063 5098 receperunt.
3095 5033 3255 5091 Certe
3294 5051 3359 5093 ex
3383 5038 3664 5095 ratiocinio
3691 5043 3882 5113 conjev

2300 5113 2548 5169 etandum
2575 5128 2709 5183 erat,
2742 5120 2883 5188 quod
2925 5134 3105 5178 essent
3132 5128 3420 5196 recepturi.
3453 5128 3563 5201 Ego
3582 5133 3719 5185 enim
3743 5150 3884 5187 eram

2303 5482 2489 5549 probat
2516 5501 2530 5539 :
2560 5494 2614 5541 et
2638 5487 2779 5556 quod
2808 5503 2914 5545 non
2936 5494 3143 5562 possint
3168 5500 3451 5565 excusari;
3504 5515 3633 5556 nam
3684 5511 3891 5571 praeter

2300 5572 2552 5630 decorum
2582 5586 2638 5632 et
2670 5588 2864 5649 praeter
2896 5584 3157 5641 rationem
3183 5589 3354 5656 ipsum
3385 5591 3886 5661 persequebantur;

2308 5675 2361 5719 ct
2388 5666 2528 5736 quod
2556 5669 2693 5727 Deus
2719 5682 2860 5730 esset
2886 5674 3153 5745 Christus,
3195 5694 3255 5735 ea
3293 5696 3413 5751 qua:
3442 5692 3644 5751 praeter
3686 5699 3887 5753 exspe-
