4028 6218
510 345 616 401 333

505 457 806 526 βαστάσει
834 455 903 509 τὸ
941 453 1128 523 ὄνομά
1148 470 1267 523 μου
1285 469 1305 519 ;
1326 454 1651 519 Βαστάσει,
1674 452 1848 517 εἶπεν,
1878 452 1939 506 οὑ
1959 453 2176 515 πάντως

508 548 709 600 πείσει·
741 543 917 606 άλλως
941 542 998 595 δὲ
1045 542 1290 595 Ἰουδαῖοι
1325 541 1559 612 ἀλλαχοῦ
1620 540 1720 612 μὲν
1761 540 2060 601 ἐπείθοντο,
2087 540 2177 591 ἐν-

506 633 685 687 ταῦθα
713 632 769 686 δὲ
798 632 941 701 οὑχί.
973 632 1146 683 Ὅπου
1182 629 1417 701 μάλιστα
1461 628 1572 681 ἔδει
1617 628 1930 699 πεισθῆναι,
1970 626 2179 690 εἰδότας

508 720 673 774 αὑτοῦ
700 721 801 791 τὴν
827 718 1104 791 προτέραν
1136 716 1466 789 προθυμίαν,
1491 714 1727 769 ἐνταῦθα
1746 716 1847 769 οὑκ
1874 714 2175 769 ἐπείθοντο.

510 807 621 863 Kal
649 807 750 861 ὅτε
775 806 1038 877 ἐξεχεῖτο
1071 807 1139 858 τὸ
1191 799 1331 874 αἷμα
1374 802 1682 873 Στεφάνου
1734 802 1841 856 τοῦ
1876 801 2177 871 μάρτυρός

509 911 647 959 σου,
682 893 778 947 καί
800 892 983 959 αὐτὸς
1014 891 1177 961 ήμην
1217 889 1506 960 ἐφεστὼς,
1560 888 1658 943 καί
1690 887 2080 943 συνευδοκῶν
2102 886 2177 955 τῇ

510 983 812 1050 ἀναιρέσει
832 979 1038 1034 αὐτοῦ.
1080 976 1224 1050 Ὀρα
1256 976 1360 1030 ποῦ
1389 977 1553 1030 πάλιν
1579 977 1608 1029 6
1647 975 1803 1044 λόγος
1828 975 2073 1046 τελευτᾷ,
2097 976 2179 1037 είς

510 1071 572 1124 τὸ
600 1068 819 1139 ἰσχυρὸν
854 1066 1168 1135 κεφάλαιον.
1225 1065 1478 1118 Δείκνυσι
1534 1064 1665 1135 γὰρ,
1721 1066 1804 1118 ὅτι
1845 1064 2008 1127 αὐτὸς
2052 1059 2123 1135 ἦν
2148 1065 2178 1116 6

512 1157 774 1220 ἐλαύνων,
798 1157 889 1209 καὶ
915 1156 1016 1208 οὑκ
1046 1153 1333 1207 ἐλαύνωνι
1387 1152 1566 1223 μόνον,
1624 1152 1761 1206 ἀλλά
1814 1154 1909 1207 καὶ
1956 1153 2177 1223 μυρίαις

512 1246 698 1316 χερσὶν
776 1243 1018 1313 ἀναιρῶν
1082 1242 1174 1295 τὸν
1223 1241 1514 1310 Στέφανον.
1580 1241 1924 1312 ’Υπέμνησεν
1981 1242 2178 1304 αὑτοὺς

515 1330 827 1403 μιαιφονίας
869 1330 1133 1400 χαλεπῆς.
1180 1330 1315 1382 Τότε
1377 1328 1440 1398 δὴ
1488 1328 1723 1399 μάλιστα
1778 1328 1880 1382 οὑκ
1913 1328 2176 1399 ἠνεγκαν,

513 1419 701 1489 ἐπειδὴ
763 1416 922 1472 τοῦτο
970 1416 1199 1488 ἧλεγχεν
1251 1415 1469 1479 αὐτούς·
1505 1416 1599 1468 καὶ
1652 1414 1751 1485 ἤδη
1787 1415 1820 1483 ἡ
1874 1412 2179 1485 προφητεία

512 1501 834 1574 ἐπληροῦτο.
872 1499 933 1554 '0
974 1500 1137 1571 ζῆλος
1188 1500 1369 1552 τοίνυν
1424 1498 1613 1562 πολὺς,
1648 1500 1743 1551 καὶ
1785 1499 1819 1568 ἡ
1879 1494 2179 1567 κατηγορία

512 1590 742 1661 σφοδρά,
788 1589 881 1642 καὶ⁵
933 1590 983 1641 οί
1034 1588 1313 1659 μάρτυρες
1349 1587 1448 1657 τῆς
1499 1585 1757 1657 ἀληθείας
1792 1584 1888 1639 τοῦ
1939 1582 2177 1655 Χριστοῦ

513 1676 796 1749 παρρησίᾳ
822 1675 1215 1745 διαλεγόμενοι.
1261 1673 1401 1727 Ἀλλ’
1430 1676 1478 1726 οί
1515 1673 1754 1727 Ἰουδαῖοι
1774 1672 1873 1726 οὑκ
1889 1673 2179 1743 ἠνέσχοντο

513 1764 697 1817 λοιπὸν
712 1764 890 1835 πάσης
907 1762 1137 1817 ἀκοῦσαι
1153 1762 1252 1832 τῆς
1266 1761 1627 1833 δημηγορίας,
1638 1760 1751 1814 ἀλλ’
1769 1760 1875 1813 ὑπὸ
1894 1758 1986 1812 τοῦ
1999 1756 2177 1829 θυμοῦ

516 1850 1150 1924 σφόδρα.ἐμπρησθέντες
1172 1850 1199 1889 δ
1235 1848 1422 1903 ἐϐόων.
1444 1848 1555 1906 Kal
1603 1844 1733 1902 εἷπε
1758 1847 1906 1916 πρός
1937 1861 2032 1916 με·
2062 1849 2178 1899 Πο-

505 1940 714 2007 ρεύου,
739 1937 830 1991 ὅτι
844 1937 960 2008 ἐγὼ
975 1940 1064 2003 εἰς
1077 1936 1220 2004 ἔθνη
1232 1937 1469 2006 μακρὰν
1482 1936 1799 1990 ἀποστελῶ
1814 1950 1906 1989 σε.
1917 1936 2180 1988 Ἤκουον

513 2024 777 2079 δὲαὺτοῦ
818 2024 954 2093 ἄχρι
1008 2023 1114 2077 τοῦ
1163 2024 1349 2093 λόγου
1379 2024 1615 2087 τούτου,
1656 2023 1753 2077 καί
1787 2020 2021 2090 ἐπῆραν
2062 2020 2179 2089 τὴν

508 2113 721 2182 φωνὴν
750 2111 966 2176 αὐτῶν,
984 2110 1283 2179 λέγοντες·
1308 2106 1446 2177 Αἶρε
1460 2110 1577 2164 ἀπὸ
1595 2109 1707 2179 τῆς
1730 2108 1843 2179 γῆς
1864 2111 1972 2162 τὸν
1988 2108 2178 2162 τοιοῦ-

509 2216 636 2253 τον·
660 2201 731 2253 οὺ
760 2199 869 2269 γὰρ
899 2196 1160 2265 καθῆκεν
1182 2198 1369 2251 αὑτὸν
1385 2196 1509 2265 ζῇν.
1529 2196 1870 2266 Κραζόντων
1894 2196 1962 2249 δὲ
1981 2195 2178 2250 αὐτῶν

511 2287 611 2340 καί
634 2286 1011 2354 ῥιπτούντων
1030 2284 1102 2337 τὰ
1125 2284 1342 2353 ἱμάτια,
1371 2284 1465 2337 καί
1490 2284 1803 2351 κονιορτὸν
1817 2284 2179 2348 βαλλόντων

512 2376 599 2438 εἰς
623 2374 731 2427 τὸν
754 2372 919 2440 ἀέρα,
945 2370 1272 2425 ἐκέλευσεν
1306 2374 1337 2423 ὀ
1361 2373 1671 2439 χιλίαρχος
1694 2370 2038 2439 εἰσάγεσθαι
2065 2374 2175 2425 αὐ-

512 2460 621 2512 τὸν
652 2461 740 2525 είς
768 2458 883 2525 τὴν
935 2458 1343 2525 παρεμϐολὴν,
1400 2457 1584 2510 εἰπὼν
1632 2457 1919 2525 μάστιξιν
1970 2457 2178 2511 ἀνετά-

511 2545 709 2604 ζεσθαι
734 2543 939 2607 αὑτὸν,
963 2544 1063 2595 ἵνα
1099 2542 1236 2609 γνῷ,
1269 2543 1344 2595 δι’
1384 2542 1463 2610 ἢν
1485 2544 1681 2598 αἰτίαν
1709 2544 1863 2597 οὕτω
1883 2544 2178 2597 κατεϐόων

507 2632 718 2688 αὐτοῦ.
751 2632 862 2684 Kal
894 2630 984 2682 τὸν
1026 2629 1301 2700 χιλίαρχον
1329 2630 1447 2683 δέον
1472 2631 1746 2696 ἐξετάσαι,
1793 2632 1842 2683 εί
1878 2631 2054 2684 ταῦτα
2082 2632 2175 2684 οῦ-

514 2738 623 2784 τως
653 2719 785 2791 ἐχοι,
828 2719 861 2789 ἢ
902 2718 997 2771 καὶ
1056 2718 1256 2781 αὑτοὺς
1308 2718 1574 2782 ἐκείνους·
1634 2721 1661 2772 6
1692 2719 1747 2772 δέ
1797 2719 1960 2790 μηδὲν
2016 2719 2177 2773 πλέον

512 2812 780 2877 ποιήσας,
852 2805 1102 2877 μάστιξιν
1175 2805 1458 2869 ἀνετάζειν
1523 2806 1688 2861 αὑτὸν
1756 2807 2172 2876 ἐπαγγέλλεται.

523 2895 837 2951 Ἐκέλευσε
877 2894 987 2965 γάρ
1017 2893 1225 2956 αὑτὸν,
1284 2895 1467 2963 φησιν.
1519 2894 1869 2963 είσάγεσθαι
1924 2897 2012 2962 εἰς
2062 2896 2176 2963 τὴν

509 2982 918 3053 παρεμϐολὴν,
957 2981 1143 3035 εἰπὼν
1193 2982 1482 3051 μάστιξιν
1533 2982 1916 3042 ἀνετάζεσθαι
1963 2984 2172 3047 αὐτὸν,

508 3071 613 3125 ἵνα
639 3068 778 3140 γνῷ,
808 3070 883 3122 δι’
934 3067 1014 3135 ἣν
1033 3069 1230 3123 αἰτίαν
1270 3068 1421 3122 οὕτω
1450 3078 1473 3106 ο
1501 3070 1796 3122 κατεϐόων
1823 3069 2028 3123 αὑτοῦ.
2066 3070 2175 3123 Καὶ

512 3159 621 3231 μὴν
651 3159 783 3229 παρ’
803 3157 1025 3210 ἐκείνων
1053 3155 1160 3209 ἔδει
1209 3155 1404 3226 μαθεῖν
1455 3154 1564 3207 τῶν
1625 3154 2041 3220 καταϐοώντων,
2079 3158 2175 3211 καὶ

509 3245 783 3318 ἐρωτῆσαι
803 3246 856 3297 εῐ
875 3261 1019 3306 τινος
1052 3242 1159 3295 τῶν
1212 3242 1518 3313 εἰρημένων
1563 3242 2021 3313 ἐπελαμϐάνοντο·
2058 3245 2173 3298 ἀλλ’

510 3332 700 3395 ἁπλῶς
726 3334 794 3403 τῇ
816 3329 1033 3401 ἐξουσίᾳ
1053 3332 1269 3402 χρᾶται,
1291 3330 1384 3381 καὶ
1407 3329 1636 3391 ἐκείνοις
1664 3330 1800 3401 πρὸς
1816 3331 1975 3401 χάριν
2004 3335 2171 3385 ποιεῖ·

508 3421 570 3474 οὑ
611 3418 720 3490 γάρ
751 3419 909 3472 τοῦτο
932 3417 1137 3489 ἐζήτει,
1179 3419 1327 3482 ὅπως
1356 3417 1581 3481 δικαίως
1627 3436 1679 3471 τι
1728 3418 2008 3489 πράξειεν,
2057 3420 2172 3474 ἀλλ’

505 3510 658 3572 ὅπως
680 3506 908 3563 παύσειε
956 3506 1048 3558 τὸν
1090 3506 1313 3559 ἐκείνων
1356 3505 1526 3575 θυμὸν
1580 3505 1767 3559 ἄδικον
1817 3508 1947 3561 ὄντα
1996 3507 2169 3581 [559].

519 3598 618 3661 Ὠς
642 3595 710 3648 δὲ
737 3594 1125 3662 προσέτεινον
1139 3594 1325 3647 αὑτὸν
1345 3594 1465 3659 τοῖς
1486 3592 1714 3662 ἱμᾶσιν,
1736 3591 1867 3649 εἷπε
1886 3598 2034 3665 πρὸς
2067 3597 2175 3651 τὸν

506 3681 738 3739 ἑστῶτα
793 3682 1253 3750 ἑκατόνταρχον·
1297 3684 1366 3735 Εἰ
1415 3682 1727 3749 ἄνθρωπον
1768 3683 2046 3752 Ῥωμαῖον
2072 3685 2171 3739 καί

506 3772 903 3841 ἀκατάκριτον
931 3772 1175 3837 ἔξεστιν
1207 3769 1349 3839 ὑμῖν
1363 3770 1712 3839 μαστίζειν;
1751 3772 1865 3825 Οὐκ
1904 3772 2172 3841 ἐψεύσατο

506 3860 742 3924 Παῦλος,
772 3859 847 3931 μὴ
877 3860 1109 3929 γένοιτο,
1163 3858 1429 3928 Ῥωμαῖον
1454 3858 1643 3911 ἐαυτὸν
1666 3857 1857 3913 εἰπών·
1902 3859 2172 3931 Ῥωμαῖος

506 3947 616 4019 γὰρ
635 3943 721 4019 ἦν·
756 3946 837 4006 διὸ
863 3948 957 4005 καὶ
974 3948 1001 4001 6
1021 3946 1293 4017 χιλίαρχος
1316 3944 1553 4008 ἀκούσας
1587 3945 1851 4014 φοϐεῖται.
1877 3948 1988 4000 Καὶ
2002 3947 2167 4012 τίνος,

506 4038 693 4109 φησιν,
719 4036 903 4089 ἕνεκεν
922 4033 1165 4104 ἐφοϐήθη
1187 4051 1201 4099 ;
1222 4036 1289 4087 El
1306 4033 1548 4097 ἔξεστιν
1574 4033 1715 4102 ὑμῖν
1739 4033 1945 4104 ἕτερον,
1966 4034 2170 4088 ἔδεισεν

506 4126 596 4188 ἂν,
624 4124 701 4197 μὴ
733 4122 844 4193 άλῷ
876 4123 969 4175 καὶ
996 4120 1215 4191 μείζονα
1251 4119 1407 4185 δίκην
1443 4118 1537 4188 δῷ.
1585 4119 1696 4172 Καὶ
1728 4120 1959 4191 ϐρα,οὑχ
1983 4120 2169 4185 ἁπλῶς

505 4198 854 4283 φησιν,’ἀλλ⁴,
888 4210 951 4266 El
981 4208 1192 4272 ἔξεστιν
1214 4208 1243 4259 ὑ
1253 4209 1377 4277 μῖν;
1405 4206 1508 4258 Δύο
1526 4206 1596 4259 τὰ
1625 4206 1967 4276 ἐγκλήματα,
1995 4209 2168 4262 καὶτὸ

506 4302 632 4358 ἄνευ
661 4298 843 4366 λόγου,
878 4297 972 4349 καὶ
1005 4295 1065 4347 τὸ
1079 4294 1350 4364 Ῥωμαῖον
1363 4294 1511 4346 ὄντα.
1534 4292 1791 4362 Μεγάλην
1804 4289 1948 4362 εἶχον
1962 4294 2167 4366 ταύτην

504 4386 626 4443 τότε.
680 4383 980 4457 προνομίαν
1019 4383 1069 4433 οί
1110 4380 1419 4450 ἀξιούμενοι
1471 4378 1612 4432 οὕτω
1647 4378 1947 4433 καλεῖσθαι·
1972 4383 2066 4434 καὶ
2102 4384 2164 4436 οὐ

506 4471 707 4533 πάντες
754 4472 940 4523 τούτου
992 4469 1310 4538 ἐτύγχανον*
1362 4469 1470 4522 ἀπὸ
1524 4469 1632 4538 γὰρ
1696 4468 1977 4539 Ἀδριανοῦ
2033 4486 2164 4537 φασι

506 4560 716 4621 πάντας
765 4557 1070 4627 Ῥωμαίους
1134 4555 1523 4626 ὀνομασθῆναι,
1584 4556 1644 4608 τὸ
1688 4554 1745 4608 δὲ
1794 4556 2021 4610 παλαιὸν
2064 4559 2163 4629 οὑχ

503 4646 675 4710 οὕτως
706 4642 793 4717 ἦν.
830 4646 900 4698 Ἢ
928 4646 1022 4700 καὶ
1059 4644 1326 4713 Ῥωμαῖον
1367 4644 1560 4697 ἐαυτὸν
1596 4640 1770 4707 εἶπεν,
1809 4644 1896 4697 ἵνα
1927 4644 2162 4717 διαφύγῃ

500 4735 601 4805 τὴν
628 4734 915 4805 τιμωρίαν·
949 4732 1422 4802 εὐκαταφρόνητος
1453 4732 1559 4802 γάρ
1592 4731 1658 4785 ἂν
1716 4731 1931 4801 ἐγένετο
1966 4750 2163 4802 μαστι-

503 4822 651 4893 χθείς
674 4839 685 4852 ·
719 4820 813 4875 νῦν
835 4820 892 4873 δὲ
915 4819 1077 4879 τοῦτο
1112 4817 1302 4881 εἰπὼν,
1328 4820 1407 4881 είς
1431 4819 1652 4871 πλείονα
1680 4818 1878 4882 αὑτοὺς
1902 4820 2161 4889 ἐμϐάλλει

501 4909 686 4977 φόϐον.
714 4910 775 4963 El
808 4909 865 4965 δὲ
891 4908 1207 4979 ἐμάστιξαν,
1226 4908 1319 4961 καὶ
1350 4906 1698 4978 παρέτρεψαν
1727 4905 1794 4959 ἂν
1822 4905 1882 4959 τὸ
1910 4909 2158 4977 πρᾶγμα,

500 4999 533 5067 ἦ
559 4999 652 5051 καὶ
675 4997 1003 5052 ἀπέκτειναν
1032 4996 1212 5052 αὑτόν·
1245 4995 1339 5047 νῦν
1372 4995 1429 5047 δέ
1457 4995 1555 5063 οὑχ
1588 4992 1731 5047 οὑτω
1755 4994 1984 5062 γίνεται.
2019 4997 2161 5068 Ὅρα

502 5087 619 5151 πῶς
641 5089 670 5139 6
694 5088 829 5151 Θεὸς
869 5091 1144 5159 συγχωρεῖ
1175 5085 1271 5141 καὶ
1307 5085 1659 5155 ἀνθρωπίνως
1686 5084 1855 5138 πολλὰ
1885 5085 2158 5153 γενέσθαι,

501 5174 595 5226 καὶ
627 5174 713 5227 ἐπ’
738 5175 917 5231 αὐτῶν
944 5174 1164 5229 καὶτῶν
1185 5173 1408 5227 λοιπῶν.
1454 5172 1512 5225 Ὀ
1534 5171 1590 5224 δέ
1624 5172 1904 5243 χιλίαρχος
1930 5175 2161 5243 ἀποκρι-

501 5260 634 5323 θεὶς,
658 5260 741 5318 δτι
770 5261 1011 5318 Πολλοῦ
1044 5262 1375 5329 κεφαλαίου
1429 5259 1542 5326 τὴν
1601 5261 1910 5313 πολιτείαν
1936 5262 2162 5327 ταύτην

497 5345 873 5413 ἐκτησάμην,
904 5347 1177 5400 δείκνυσιν
1212 5346 1551 5405 ὑποπτεῦσαι
1589 5346 1861 5417 πρόφασιν
1906 5344 2047 5401 εἶναι
2098 5351 2161 5403 τὸ

500 5437 674 5496 εἰπεῖν
706 5433 899 5494 ἑαυτὸν
954 5433 1221 5504 Ῥωμαῖον
1269 5434 1360 5490 τὸν
1400 5434 1631 5488 Παῦλον·
1682 5436 1777 5489 καὶ
1824 5436 1957 5500 ἴσως
2004 5436 2159 5490 τοῦτο

500 5520 769 5576 ὑπέλαϐεν
803 5521 911 5575 ἀπὸ
963 5522 1060 5595 τῆς
1092 5520 1369 5592 λιτότητος
1402 5522 1615 5576 Παύλου
1664 5523 1764 5593 τῆς
1808 5525 2154 5595 φαινομένης.

511 5611 806 5675 Ἀκούσας
844 5608 913 5663 δὲ
964 5611 997 5663 ό
1050 5609 1499 5679 ἑκατόνταρχος,
1545 5609 1897 5677 προσελθὼν
1936 5610 2016 5678 τῷ
2072 5630 2158 5682 χι-

561 5776 589 5805 ⁸
612 5776 706 5823 Καὶ
725 5775 812 5823 οὑκ
846 5775 1050 5824 ἐλαύνων
1102 5775 1245 5824 deest
1274 5776 1323 5824 in
1371 5774 1675 5836 quibusdam.
1743 5776 1771 5815 ι)
1795 5775 1949 5833 Unus,
1974 5777 2153 5836 ἐμπλη-

500 5838 734 5949 σθέντρς.ι
769 5842 791 5869 ε
819 5837 911 5889 Hic
947 5838 1167 5903 quaedam
1206 5838 1413 5889 deerant
1435 5836 1484 5887 in
1510 5836 1705 5898 Morel.,
1738 5852 1849 5902 quae
1871 5851 1932 5886 ex
1959 5842 2154 5889 caeteris

502 5912 626 5966 supp
649 5912 711 5953 en
740 5912 812 5950 ur.

1288 336 1345 394 S.
1375 336 1661 395 JOANNIS
1692 335 2187 393 CHRYSOSTOMI
2224 334 2543 392 ARCHIEP.
2572 331 3123 393 CONSTANTINOP.

3854 333 3987 389 33-6

2282 450 2508 521 λιάρκφ
2538 450 2885 521 ἀπήγγειλε.
2920 451 3134 521 λέγων·
3171 448 3319 517 Ὅρα
3344 447 3403 501 τί
3446 445 3698 516 μέλλεις
3725 447 3976 503 ποιεῖν·

2280 541 2315 593 ό
2344 540 2450 608 γὰρ
2479 539 2788 606 ἄνθρωπος
2840 534 3018 604 οὗτος
3061 535 3339 605 Ῥωμαῖός
3370 534 3522 589 ἐστι.
3581 536 3978 603 Προσελθὼν

2276 625 2346 679 δὲ
2376 629 2408 680 ό
2428 627 2740 696 χιλίαρχος
2754 622 2925 680 εἶπεν
2960 624 3141 689 αὐτῷ·
3163 622 3309 693 Λέγε
3316 640 3439 693 μοι,
3464 626 3517 676 εἰ
3545 622 3627 677 σὺ
3663 623 3970 692 Ῥωμαῖος

2276 709 2365 777 εἷ;
2409 714 2472 767 '0
2534 712 2600 766 δὲ
2650 714 2786 782 ἔφη·
2833 712 2968 767 Ναί.
3010 709 3372 778 Ἀπεκρίθηό
3406 709 3740 779 χιλίαρχος·
3805 710 3965 780 Ἐγὼ

2277 802 2511 856 πολλοῦ
2550 802 2879 871 κεφαλαίου
2909 800 3025 867 τὴν
3048 798 3361 852 πολιτείαν
3414 799 3643 860 ταύτην
3684 797 3957 865 ἐκτησά-

2272 903 2417 954 μην.
2462 886 2515 938 '0
2550 885 2617 938 δέ
2634 885 2874 951 Παῦλός
2901 899 3110 955 φησιν·
3170 883 3318 951 Ἐγὼ
3342 880 3411 936 δὲ
3437 883 3534 936 καί
3561 882 3948 952 τετένντυιαι.

2277 971 2513 1039 Εὐθέως
2539 972 2607 1026 δὲ
2632 971 2991 1037 ἀπέστησαν
3033 971 3136 1025 ἀπ’
3158 969 3346 1026 αὐτοῦ
3375 972 3429 1023 οί
3464 969 3800 1039 μέλλοντες
3841 973 3950 1025 ἀν-

2276 1059 2501 1121 ετάζειν
2524 1061 2730 1115 αὐτόν.
2752 1060 2862 1115 Kal
2884 1063 2916 1115 ό
2935 1061 3246 1129 χιλίαρχος
3272 1057 3608 1127 δὲέφοϐήθη
3633 1059 3945 1128 ἐπιγνοὺς,

2278 1147 2369 1201 ὅτι
2402 1148 2684 1217 Ῥωμαῖός
2708 1149 2860 1213 ἐστι,
2884 1148 2982 1201 καί
3029 1147 3118 1201 ὅτι
3145 1144 3223 1217 ἦν
3248 1147 3435 1202 αὐτὸν
3480 1145 3761 1213 δεδεκώς.
3800 1148 3949 1218 Ἐγὼ

2278 1236 2637 1307 δὲ,φησὶ,καί
2660 1238 3190 1309 γετέννημαι.”Αρα
3210 1238 3305 1291 καὶ
3332 1236 3538 1308 πατρὸς
3563 1232 3945 1309 ἦνῬωμαίου.

2278 1324 2345 1377 Τί
2386 1319 2480 1377 οῦν
2534 1324 2642 1377 ἀπὸ
2687 1324 2881 1377 τούτου
2925 1324 3169 1393 γίνεται;
3208 1323 3391 1387 Λύσας
3427 1325 3744 1394 κατήγαγεν
3785 1325 3951 1379 αὑτὸν

2278 1412 2416 1483 πρὸς
2438 1412 2564 1475 τοὺς
2598 1412 2904 1476 Ἰουδαίους.
2960 1411 3151 1476 Οὕτως
3186 1412 3287 1465 οὑκ
3318 1406 3386 1483 ἦν
3428 1410 3623 1482 ψεῦδος
3666 1412 3729 1466 τὸ
3772 1414 3949 1467 είπεῖν

2278 1499 2467 1552 ἑαυτὸν
2504 1499 2794 1571 Ῥωμαῖον,
2818 1500 2899 1553 ὅτι
2929 1500 3022 1555 καὶ
3049 1498 3307 1554 ἀπώνατο
3334 1500 3428 1553 ἀπ’
3457 1499 3624 1553 αὐτοῦ
3647 1499 3837 1565 λυθεὶς
3857 1502 3947 1555 τοῦ

2277 1585 2497 1658 δεσμοῦ·
2533 1588 2628 1642 καὶ
2658 1588 2795 1653 πῶς,
2826 1587 3013 1642 ἄκουε·
3066 1585 3145 1655 Τῇ
3171 1586 3239 1640 δὲ
3266 1586 3551 1654 ἐπαύριον
3563 1588 3947 1658 ,βουλόμενος

2278 1675 2500 1747 γνῶναι
2545 1674 2612 1730 τὸ
2659 1677 2956 1747 ἀσφαλὲς,
3012 1675 3079 1730 τὸ
3132 1675 3190 1728 τί
3231 1676 3641 1745 κατηγορεῖται
3675 1678 3801 1730 ὑπὸ
3832 1676 3943 1731 τῶν

2291 1762 2613 1830 Ἰουδαίων,
2645 1764 2873 1819 ἔλυσεν
2898 1761 3104 1829 αὑτὸν,
3150 1762 3247 1817 καί
3293 1762 3580 1819 ἐκέλευσε
3617 1765 3941 1820 συνελθεῖν

2279 1849 2420 1916 τοὺς
2445 1852 2735 1919 ἀρχιερεῖς
2773 1851 2872 1905 καί
2918 1849 3041 1905 πᾶν
3073 1850 3137 1904 τὸ
3164 1851 3504 1919 συνέδριον·
3549 1852 3651 1905 καὶ
3694 1870 3943 1922 ratura-

2278 1931 2400 2001 τὼν
2434 1935 2540 1987 τὸν
2567 1934 2831 1999 Παῦλον,
2859 1935 3123 1999 ἔστησεν
3155 1937 3240 2001 είς
3260 1936 3497 2001 αὐτούς.
3542 1936 3863 2003 Ἀτενίσας
3884 1937 3948 1990 δὲ

2279 2020 2518 2086 Παῦλος
2556 2019 2636 2087 τῷ
2663 2020 2956 2089 συνεδρίῳ
2983 2017 3169 2075 εἶπεν.
3208 2022 3407 2075 Οὐκέτι
3434 2023 3569 2093 πρὸς
3605 2024 3702 2076 τὸν
3733 2024 3948 2097 χιλίαρ-

2279 2125 2392 2178 χον,
2428 2108 2564 2162 ἀλλά
2614 2109 2749 2181 πρὸς
2792 2110 2853 2162 τὸ
2882 2109 3081 2180 πλῆθος
3113 2109 3207 2162 καὶ¹
3237 2110 3326 2162 τὸν
3355 2110 3526 2182 δῆμον
3558 2110 3741 2164 πάντα
3771 2112 3945 2165 διαλέο

2277 2214 2449 2266 γεται.
2476 2198 2586 2252 Kal
2600 2198 2651 2250 τί
2680 2214 2875 2267 φησιν;
2908 2198 3146 2264 Ἄνδρες
3167 2197 3437 2266 ἀδελφοί,
3461 2198 3765 2269 ἐτὼπάσῃ
3801 2216 3946 2254 συν-

2277 2286 2508 2353 ειδήσει
2578 2285 2772 2357 ἀγαθῇ
2801 2283 3327 2353 πεπολίτευμαιτῷ
3355 2283 3475 2349 Θεῷ
3532 2284 3673 2353 ἀχρι
3723 2288 3946 2353 ταύτης

2278 2373 2388 2442 τῆς
2420 2374 2662 2444 ἡμέρας.
2705 2377 2768 2428 Ὃ
2798 2373 2966 2441 λέγει,
2990 2373 3148 2426 τοῦτό
3178 2374 3345 2426 ἐστιν·
3366 2374 3440 2426 Οὑ
3466 2371 3687 2427 σύνοιδα
3719 2374 3948 2446 ἐμαυτῷ

2278 2479 2329 2515 τι
2365 2460 2642 2531 ἠδικηκὼς
2668 2462 2832 2531 ὑμᾶς,
2857 2460 2977 2513 οὑδέ
3001 2459 3150 2524 ἀξιον
3172 2461 3279 2512 τῶν
3301 2460 3516 2531 δεσμῶν
3534 2461 3746 2516 τούτων
3784 2465 3947 2535 πράτ·

2277 2566 2403 2602 των.
2440 2549 2507 2602 Τί
2537 2544 2629 2602 οὖν
2658 2551 2686 2601 6
2717 2549 3045 2619 ἀρχιερεύς;
3076 2550 3203 2601 Δέον
3231 2548 3597 2619 κατανυγῆναι
3636 2550 3726 2619 ἐφ’
3757 2546 3847 2615 οἷς
3872 2554 3945 2615 είς

2277 2638 2436 2707 χάριν
2472 2636 2649 2689 αὑτῶν
2678 2636 2877 2699 ἀδίκως
2902 2636 3135 2698 ἐδέδετο,
3179 2638 3208 2689 6
3256 2636 3312 2689 δὲ
3354 2638 3449 2689 καὶ
3495 2639 3941 2710 προσεπιτίθησι,

2278 2725 2370 2777 καὶ
2390 2722 2601 2777 κελεύει
2634 2722 2930 2775 τύπτεσθαι
2952 2722 3133 2776 αὑτόν·
3162 2723 3190 2776 6
3213 2726 3307 2777 καὶ
3328 2724 3481 2793 δῆλον
3504 2724 3564 2788 ἐξ
3593 2718 3669 2777 ὧν
3718 2726 3946 2797 ὑπήγα-

2276 2824 2390 2879 γεν.
2436 2810 2497 2864 '0
2533 2809 2602 2863 δὲ
2658 2810 2969 2878 ἀρχιερεὺς
3044 2810 3322 2877 Ἀνανίας
3375 2811 3497 2878 τοῖς
3548 2813 3947 2880 παρεστῶσιν

2275 2898 2464 2953 αὐτὸν
2495 2898 2747 2962 ἐπέταξε
2793 2898 3040 2952 τύπτειν
3077 2899 3263 2951 αὑτοῦ
3308 2897 3373 2951 τὸ
3422 2899 3635 2968 στόμα.
3665 2900 3833 2954 Καλὰ
3862 2919 3945 2970 γε·

2275 2984 2522 3055 ἐπιεικὴς
2553 2988 2581 3038 6
2600 2986 2904 3057 ἀρχιερεύς.
2938 2986 3075 3038 Τότε
3100 2988 3132 3038 ό
3150 2985 3389 3051 Παῦλος
3404 2988 3554 3055 πρὸς
3576 2990 3771 3043 αὑτὸν
3789 2985 3945 3043 εἷπε·

2218 3134 2225 3141 _
2279 3072 2428 3146 [560]
2461 3075 2712 3128 Τύπτειν
2733 3090 2806 3125 σε
2831 3072 3041 3141 μέλλει
3062 3076 3094 3129 ό
3126 3076 3290 3141 Θεὸς,
3326 3075 3489 3145 τοῖχε
3526 3078 3943 3145 κεκονιαμένε.

2274 3160 2384 3214 Kal
2410 3160 2490 3214 σὺ
2524 3158 2675 3226 κάθῃ
2702 3159 2919 3226 κρίνων
2951 3176 3022 3227 με
3043 3162 3194 3214 κατὰ
3231 3162 3338 3216 τὸν
3365 3164 3573 3232 νόμον,
3617 3164 3715 3217 καί
3744 3182 3946 3233 παρα-
3970 3206 3983 3221 .

2273 3242 2475 3313 νομῶν
2505 3247 2767 3311 κελεύεις
2818 3262 2895 3314 με
2945 3248 3302 3313 τύπτεσθαι;
3352 3253 3415 3303 Ol
3458 3250 3525 3302 δὲ
3552 3251 3945 3319 παρεστῶτες

2274 3330 2467 3388 εἷπον·
2502 3335 2610 3387 Τὸν
2627 3331 2899 3401 ἀρχιερέα
2929 3333 3034 3387 τοῦ
3065 3334 3212 3389 Θεοῦ
3269 3336 3588 3403 λοιδορεῖς;
3615 3338 3771 3406 Ἔφη
3812 3354 3883 3392 τε
3907 3342 3945 3393 ό

2272 3422 2531 3487 Παῦλος·
2565 3422 2684 3473 Οὐκ
2720 3419 2913 3488 ᾔδειν,
2945 3420 3217 3490 ἀδελφοί,
3270 3423 3361 3477 ὅτι
3391 3424 3555 3479 ἐστίν
3596 3424 3939 3494 ἀρχιερεύς·

2272 3509 2596 3580 γέγραπται
2631 3506 2763 3577 γάρ·
2802 3508 3098 3575 ’Λρχοντα
3138 3510 3245 3565 τοῦ
3273 3511 3425 3565 λαοῦ
3469 3527 3584 3565 σου
3633 3514 3748 3565 οὐκ
3785 3513 3944 3581 ἐρεῖς

2273 3595 2485 3661 κακῶς.

2348 3685 2413 3755 β’.
2436 3685 2596 3749 Τινὲς
2617 3685 2715 3756 μὲν
2744 3682 2836 3741 οῦν
2856 3705 3037 3757 φασιν,
3069 3687 3150 3741 ὅτι
3170 3685 3325 3751 εἰδὼς
3344 3688 3714 3758 εἰρωνεύεται·
3737 3688 3865 3759 ἐμοὶ
3883 3688 3940 3741 δὲ

2270 3769 2434 3833 δοκεῖ,
2450 3770 2530 3822 ὅτι
2547 3770 2667 3823 οὑδέ
2683 3770 2816 3836 ὅλως
2837 3772 2971 3843 ᾔδει,
2986 3773 3066 3825 ὅτι
3082 3773 3230 3825 ἐστὶν
3247 3774 3558 3845 ἀρχιερεύς·
3575 3771 3612 3846 ἦ
3632 3774 3740 3845 γὰρ
3759 3776 3826 3828 ἂν
3848 3774 3939 3827 καὶ

2270 3857 2519 3929 ἐτίμησε·
2552 3858 2633 3911 διὸ
2657 3860 2747 3913 καὶ
2774 3860 3117 3929 ἀπολογεῖται
3145 3861 3219 3924 ὡς
3244 3864 3581 3934 κατηγορίας
3609 3863 3781 3935 οῦσης
3802 3904 3818 3928 ,
3849 3863 3938 3917 καὶ

2270 3945 2485 4013 ἐπάγει·
2495 3946 2561 3999 Ἀ
2562 3963 2602 4013 ρ
2605 3963 2790 4014 χοντα
2808 3947 2911 4001 τοῦ
2923 3948 3075 4001 λαοῦ
3087 3964 3204 4001 σου
3214 3950 3323 4002 οὐκ
3338 3949 3492 4017 ἐρεῖς
3502 3951 3719 4017 κακῶς.
3736 3952 3805 4004 Τί
3825 3946 3933 4017 05v;

2270 4032 2436 4101 φησίν
2458 4050 2470 4062 ·
2496 4033 2545 4085 εί
2572 4032 2681 4103 γὰρ
2715 4033 2789 4103 μὴ
2815 4033 2995 4104 ἄρχων
3020 4031 3109 4106 ἦν,
3131 4033 3290 4089 ἀλλον
3320 4036 3505 4100 ἁπλῶς
3533 4037 3782 4107 ὑϐρίζειν
3810 4038 3932 4098 ἔδεις

2270 4117 2555 4187 Οὐδαμῶς,
2579 4118 2715 4172 ἀλλά
2738 4121 2831 4172 καὶ
2854 4120 3207 4190 ὑϐριζόμενον
3230 4122 3429 4191 μᾶλλον
3455 4124 3719 4191 ἐνεγκεῖν.
3753 4123 3934 4189 Ἀξιον

2266 4204 2323 4257 δὲ
2345 4205 2597 4275 ζητῆσαι,
2624 4206 2740 4269 πῶς
2771 4207 3003 4277 ἀλλαχοῦ
3029 4210 3057 4260 6
3084 4208 3243 4271 αὑτὸς
3263 4208 3458 4276 λέγων,
3482 4210 3935 4280 Λοιδορούμενοι

2265 4293 2651 4362 εὐλογοῦμεν,
2687 4293 3030 4364 διωκόμενοι
3061 4296 3412 4365 ἀνεχόμεθα,
3447 4296 3681 4351 ἐνταῦθα
3709 4299 3933 4351 τούναν-

2265 4380 2378 4433 τίον
2407 4383 2550 4433 ποιεῖ
2568 4380 2617 4446 ἀ,
2648 4382 2743 4434 καὶ
2773 4383 2833 4436 οὑ
2861 4382 3179 4453 λοιδορεῖται
3207 4384 3385 4453 μόνον,
3420 4382 3557 4436 ἀλλά
3592 4384 3689 4437 καὶ
3724 4386 3932 4455 ἐπαρᾶ·

2264 4485 2387 4533 ται;
2423 4469 2635 4536 Ἀπαγε
2659 4509 2676 4535 ,
2726 4469 3004 4540 οὐδέτερον
3038 4469 3241 4523 τούτων
3289 4469 3537 4539 φαίνεται
3576 4472 3929 4540 πεποιηκώς·

2264 4555 2400 4608 ἀλλὰ
2419 4554 2497 4624 τῷ
2527 4556 2768 4623 ἀκριϐῶς
2807 4556 3094 4609 σκοποῦντι
3138 4556 3448 4628 παρρησίας
3481 4556 3688 4628 μᾶλλόν
3717 4559 3842 4612 ἐστι
3869 4558 3929 4611 τά

2266 4643 2489 4713 ῥήματα
2509 4644 2541 4712 ἦ
2563 4644 2757 4713 θυμοῦ·
2782 4643 2956 4706 ἄλλως
2977 4643 3032 4695 δέ
3060 4645 3158 4696 οὑκ
3182 4644 3431 4696 ἐϐούλετο
3450 4644 3929 4718 εὐκαταφρόνητος

2265 4730 2497 4800 φανῆναι
2539 4730 2616 4800 τῷ
2640 4731 2923 4802 χιλιάρχῳ.
2957 4732 3018 4783 Εί
3048 4731 3155 4800 γάρ
3185 4730 3346 4794 αὑτὸς
3377 4730 3476 4801 μὲν
3527 4732 3794 4800 ἐφείσατο
3828 4751 3925 4804 μαο

2265 4816 2441 4883 στίξαι
2470 4817 2545 4880 ὼς
2565 4817 2629 4888 δὴ
2650 4821 2760 4881 τοῖς
2800 4818 3074 4881 Ἰουδαίοις
3098 4818 3396 4871 ἐκδίδοσθαι
3423 4818 3713 4889 μέλλοντα,
3734 4821 3802 4875 τὸ
3828 4821 3925 4874 ὑπὸ

2263 4904 2369 4961 τῶν
2392 4905 2616 4958 οίκετῶν
2648 4904 2974 4969 τύπτεσθαι,
3011 4905 3207 4973 μᾶλλον
3240 4904 3306 4957 ἂν
3343 4905 3549 4959 ἐκεῖνον
3587 4905 3923 4976 θρασύτερον

2263 4992 2589 5061 εἰργάσατο·
2620 4992 2706 5044 διὰ
2740 4992 2898 5044 τοῦτο
2930 4992 3049 5044 οὑδὲ
3080 4992 3213 5063 πρὸς
3244 4990 3336 5044 τὸν
3370 4991 3534 5045 παῖδα
3557 4993 3917 5054 ἀποτείνεται,

2261 5077 2398 5131 ἀλλά
2426 5078 2561 5153 πρὸς
2588 5077 2749 5130 αὐτὸν
2776 5077 2865 5129 τὸν
2899 5077 3248 5141 ἐπιτάξαντα,
3282 5076 3440 5130 τοῦτο
3474 5079 3915 5143 κατασκευάζων.

2261 5166 2335 5218 Τὸ
2384 5165 2461 5232 δὲ,
2514 5164 2678 5232 Τοῖχε
2710 5164 3113 5234 κεκονιαμένε,
3159 5164 3258 5218 καί
3296 5164 3378 5218 σὺ
3410 5163 3561 5233 κάθῃ
3596 5166 3824 5233 κρίνων
3847 5183 3920 5237 με

2260 5253 2409 5308 κατὰ
2437 5253 2543 5307 τὸν
2580 5257 2788 5321 νόμον,
2822 5245 2965 5315 εἷπε,
3016 5252 3295 5323 μονονουχὶ
3339 5250 3497 5307 τοῦτο
3529 5252 3681 5323 αὑτῷ
3727 5254 3916 5323 λέγων·

2269 5342 2599 5405 ’Υπεύθυνος
2626 5341 2702 5394 ῶν
2749 5341 2841 5393 καὶ
2889 5342 3098 5412 μυρίων
3138 5338 3361 5410 πληγῶν
3400 5338 3568 5408 ἄξιος.
3608 5342 3757 5412 Ὅρα
3796 5342 3921 5405 γοῦν

2259 5430 2377 5494 πῶς
2399 5428 2563 5486 αὑτοῦ
2592 5429 3012 5497 κατεπλάγησαν
3041 5428 3140 5499 τὴν
3170 5426 3482 5498 παρρησίαν
3505 5428 3534 5479 6
3562 5426 3758 5497 δῆμος.
3792 5429 3921 5481 Δέον

2258 5519 2366 5589 γὰρ
2398 5516 2694 5588 ἀνατρέψαι
2733 5516 2794 5569 τὸ
2830 5518 2958 5579 πᾶν,
3005 5514 3320 5585 παροινοῦσι
3348 5525 3372 5552 ε
3403 5513 3622 5584 μᾶλλον.
3655 5515 3835 5579 Αὐτὸς
3863 5516 3919 5569 δέ

2258 5608 2352 5661 καὶ
2387 5605 2478 5658 τὸν
2503 5604 2665 5674 νόμον
2705 5604 3175 5670 ὑπαναγινώσκει,
3203 5602 3390 5672 ἐπειδὴ
3430 5600 3681 5671 βούλεται
3724 5602 3916 5669 δεῖξαι,

2255 5696 2335 5748 ὅτι
2361 5694 2420 5746 οὑ
2444 5692 2531 5747 διὰ
2548 5692 2608 5746 τὸ
2630 5692 2951 5763 φοϐηθῆναι,
2976 5691 3096 5744 οὑδὲ
3119 5690 3208 5746 διὰ
3230 5690 3291 5745 τὸ
3318 5690 3393 5761 μὴ
3411 5689 3561 5753 ἀξιον
3582 5682 3728 5743 εἷναι
3754 5689 3917 5743 ἀκοῦο

2311 5837 2499 5909 films?
2535 5837 2680 5888 deest
2713 5838 2763 5887 in
2822 5850 2918 5886 uno
2951 5836 3057 5886 cod.
3146 5848 3169 5876 ο
3195 5835 3345 5885 Savil.
3372 5839 3423 5884 el
3452 5847 3579 5884 unus
3610 5834 3723 5885 cod.
3745 5849 3871 5897 παρα
3898 5858 3910 5873 ο

2256 5917 2404 5950 νονισι.
