4002 6224
281 347 387 404 335

276 460 575 519 ctatiouem
619 461 767 512 erant
796 449 1187 522 prophetizans,
1213 462 1311 502 nec
1342 462 1405 502 ea
1437 460 1557 515 quae
1600 455 1726 498 tunc
1765 439 1857 495 lic—

1230 332 1293 387 IN
1332 331 1512 388 ACTA
1550 330 2068 393 APOSTOLORUM.
2103 327 2333 385 HOMIL.
2376 330 2602 387 XLVIII.

3429 344 3533 401 ω

1968 442 2076 498 bat.
2105 442 2195 498 26.
2240 442 2356 509 Quo
2384 445 2558 500 audito
2589 451 2833 516 centurio,
2882 453 3119 507 accedens
3163 455 3231 507 ad
3280 455 3531 512 tribunum

277 558 408 612 bam
428 550 745 622 respiciens,
769 546 862 603 sed
879 545 1051 601 futura
1071 541 1389 614 prmvidens.
1407 537 1684 607 Quomodo
1703 535 1861 607 igitur
1963 533 2207 587 nuntiavit
2230 534 2326 600 illi,
2360 537 2530 591 dicens
2560 554 2578 591 :
2614 538 2737 594 Vide
2761 541 2885 611 quid
2916 546 3142 613 facturus
3169 562 3220 600 es
3247 561 3266 598 :
3294 547 3374 600 hic
3399 552 3537 601 enim

276 648 426 712 dicit,
464 642 654 700 Coram
676 640 902 712 gentibus
928 646 974 692 et
1002 636 1202 706 regibus
1222 644 1269 687 et
1296 634 1417 703 filiis
1445 630 1609 686 Israel
1641 627 1858 701 portabit

277 754 458 795 nomen
486 734 695 790 nucum?
723 730 975 795 Portabit,
1007 728 1196 797 inquit,
1242 741 1342 781 nec
1382 723 1599 779 omnino
1636 733 1858 791 persua-

274 829 421 885 debit
459 846 476 882 :
521 823 759 893 alioquin
808 835 937 876 vero
986 817 1153 874 Judaei
1196 815 1331 893 alibi
1380 811 1854 884 persuadebantur,

278 923 363 976 hic
392 933 528 975 vero
555 916 794 971 minime.
837 912 967 967 Cum
1003 908 1325 979 oportuisset
1363 904 1593 959 maxime
1634 914 1856 972 persua-

282 1011 416 1077 deri,
463 1009 711 1064 videntes
753 1004 870 1074 ejus
903 1000 1183 1073 pristinum
1222 999 1513 1063 fervorem,
1568 1005 1695 1051 tunc
1743 1009 1849 1048 non

281 1100 763 1175 persuadebantur.
792 1094 864 1149 Et
900 1110 1015 1149 cum
1052 1092 1350 1162 funderetur
1375 1088 1579 1159 sanguis
1606 1085 1855 1157 Stephani

281 1196 410 1250 testis
454 1192 554 1256 tui,
603 1204 696 1261 ego
737 1186 1021 1250 adstabam,
1064 1193 1110 1238 et
1153 1180 1519 1237 consentiebam
1566 1178 1675 1232 neci
1722 1180 1851 1247 ejus.

281 1286 406 1342 Vide
457 1296 676 1339 rursum
720 1293 827 1347 quo
869 1291 1048 1332 sermo
1095 1274 1324 1339 desinat,
1372 1286 1564 1341 nempe
1621 1270 1674 1324 in
1718 1270 1854 1323 vali-

272 1380 395 1433 dum
438 1384 625 1445 caput.
672 1371 792 1442 lpse
817 1370 961 1426 enim
991 1378 1107 1423 erat
1152 1367 1243 1436 qui
1293 1363 1729 1436 persequebatur,
1758 1376 1858 1416 nee

275 1467 695 1540 persequebatur
722 1462 904 1529 modo,
938 1460 1031 1515 sed
1053 1468 1108 1514 et
1131 1457 1281 1513 mille
1309 1457 1554 1511 manibus
1578 1453 1856 1509 occidebat

273 1560 627 1632 Stephanum.
668 1555 895 1612 Gravem
944 1552 1146 1607 caedem
1193 1550 1301 1605 illis
1328 1550 1381 1604 in
1421 1548 1731 1603 memoriam
1768 1562 1857 1601 rc-

272 1662 440 1708 vocat.
473 1651 632 1705 Tunc
667 1661 797 1703 vero
823 1644 1041 1699 minime
1068 1642 1329 1708 ferebant,
1385 1640 1509 1710 quia
1540 1639 1642 1694 hoc
1668 1638 1852 1694 redar-

273 1744 465 1812 guebat
491 1741 658 1805 illos;
689 1748 744 1793 et
767 1738 878 1808 jam
908 1734 1184 1805 prophetia
1215 1732 1558 1804 implebatur.
1583 1731 1736 1786 Zelus
1758 1732 1856 1802 igi-

272 1842 355 1888 tur
397 1845 651 1903 magnus,
698 1840 753 1884 et
790 1828 1062 1883 accusatio
1102 1823 1394 1879 vehemens
1441 1831 1577 1888 erat,
1601 1831 1656 1877 et
1689 1831 1853 1877 testes

272 1924 507 1980 veritatis
536 1920 744 1980 Christi
770 1919 995 1974 fidenter
1015 1916 1386 1986 loquebantur.
1415 1913 1519 1969 Sed
1547 1914 1713 1969 Judaei
1746 1929 1851 1968 rion

275 2017 507 2072 tulerunt
527 2014 792 2083 deinceps
822 2020 985 2065 totam
1015 2008 1198 2063 audire
1222 2007 1555 2071 concionem,
1585 2023 1648 2062 ac
1672 2007 1851 2063 furore

272 2108 503 2166 succensi
535 2106 866 2163 clamabant.
886 2104 976 2159 21.
1006 2102 1072 2157 Et
1113 2102 1240 2157 dixit
1270 2102 1336 2155 ad
1371 2117 1449 2155 me
1476 2119 1495 2155 :
1534 2100 1690 2170 Vade,
1734 2102 1853 2171 quia

270 2220 355 2273 rgo
389 2202 459 2255 ad
500 2208 681 2270 gentes
706 2196 883 2268 procul
912 2196 1105 2249 mittam
1130 2204 1195 2248 te.
1222 2193 1313 2248 22.
1360 2192 1640 2247 Audiebant
1685 2202 1853 2246 autem

270 2309 376 2346 cum
397 2308 563 2360 usque
585 2289 658 2343 ad
679 2289 812 2342 hunc
835 2302 1130 2347 sermonem,
1147 2293 1194 2339 et
1215 2284 1497 2339 levaverunt
1516 2299 1683 2338 vocem
1708 2300 1853 2338 suam

272 2385 488 2438 dicentes
514 2398 534 2436 :
561 2379 716 2435 Tolle
742 2378 806 2432 de
831 2387 965 2432 terra
993 2375 1286 2447 hujusmodi
1314 2390 1333 2429 :
1361 2391 1461 2428 non
1493 2375 1624 2428 enim
1662 2378 1741 2445 fas
1779 2384 1853 2428 est

271 2493 374 2529 eum
402 2476 593 2529 vivere.
616 2471 709 2527 25.
745 2468 1087 2525 Clamantibus
1109 2476 1279 2521 autem
1313 2465 1437 2531 illis,
1466 2473 1513 2518 et
1539 2465 1854 2535 projicienti-

272 2567 353 2620 bus
390 2566 692 2619 vestimenta
726 2577 838 2622 sua,
883 2568 931 2613 et
955 2558 1208 2625 pulverem
1227 2555 1538 2626 jactantibus
1566 2556 1620 2610 in
1663 2572 1849 2619 aerem,

270 2656 351 2712 24.
385 2656 547 2727 jussit
597 2652 828 2707 tribunus
863 2649 1034 2704 induci
1075 2665 1188 2703 eum
1228 2648 1282 2701 in
1319 2656 1520 2714 castra,
1551 2657 1598 2702 et
1636 2649 1853 2718 ﬂagellis

270 2750 411 2816 caedi,
440 2758 486 2802 et
511 2744 737 2816 torqueri
765 2759 898 2806 eum,
932 2752 985 2795 ut
1020 2742 1166 2796 sciret
1212 2750 1417 2811 propter
1463 2756 1614 2810 quam
1649 2756 1854 2793 causam

270 2845 335 2897 sic
348 2852 524 2896 contra
548 2839 701 2893 illum
722 2837 1015 2891 clamarent.
1036 2832 1166 2888 Cum
1188 2832 1511 2902 oportuisset
1532 2840 1590 2885 ut
1611 2831 1853 2887 tribunus

271 2934 624 2994 examinaret,
664 2943 731 2982 an
760 2941 850 2982 res
873 2941 934 2981 se
955 2926 1024 2979 ita
1050 2923 1294 2986 haberet,
1343 2922 1567 2992 illosque
1595 2922 1741 2991 ipsos
1765 2922 1851 2978 in-

272 3032 567 3095 terrogaret
603 3038 617 3075 :
650 3021 697 3074 is
724 3018 858 3073 nihil
880 3017 1069 3071 horum
1098 3013 1323 3077 faciens,
1362 3013 1514 3082 jubet
1562 3013 1708 3067 illum
1755 3012 1850 3069 lla-

270 3118 417 3188 gellis
456 3114 623 3171 aedi.
655 3110 841 3177 Iussit,
884 3108 1076 3179 inquit,
1125 3106 1273 3161 illum
1319 3105 1494 3159 induci
1520 3106 1575 3159 in
1603 3114 1768 3159 castra
1798 3114 1847 3160 et

274 3210 481 3282 ﬂagellis
506 3206 668 3272 caedi,
696 3214 752 3258 ut
778 3202 929 3259 sciret
957 3210 1160 3271 prapter
1182 3214 1333 3268 quam
1352 3214 1557 3252 causam
1577 3199 1649 3252 sic
1675 3207 1852 3253 contra

271 3301 406 3355 illum
436 3300 748 3354 clamarent.
791 3291 954 3364 Atqui
991 3291 1060 3345 ab
1099 3289 1205 3344 illis
1245 3287 1589 3344 ediscendum
1611 3299 1728 3343 erat
1755 3288 1847 3359 qui

271 3392 663 3454 occlamabant,
695 3396 749 3441 et
774 3381 1231 3453 interrogandum,
1279 3395 1405 3434 num
1436 3379 1632 3450 aliquid
1649 3396 1715 3435 ex
1734 3379 1852 3449 ejus

272 3482 416 3539 dictis
442 3476 799 3537 incusandum
822 3474 1097 3529 haberent.
1131 3471 1323 3527 Verum
1354 3471 1443 3526 ille
1468 3480 1667 3527 temere
1694 3480 1850 3541 pote-

270 3586 398 3632 state
417 3591 513 3629 sua
546 3573 742 3635 utitur,
768 3578 823 3624 et
842 3568 1052 3623 illorum
1083 3564 1306 3635 gratiam
1327 3572 1505 3633 captat
1535 3581 1548 3617 :
1576 3579 1680 3617 non
1706 3564 1848 3619 enim

271 3667 483 3722 curabat
508 3674 575 3720 ut
596 3662 739 3733 justo
760 3667 962 3731 ageret,
990 3657 1085 3712 sed
1111 3666 1169 3711 ut
1198 3656 1411 3710 illorum
1437 3654 1690 3723 injustum
1714 3654 1851 3710 furo-

270 3771 375 3811 rem
404 3755 668 3825 placaret.
707 3750 798 3805 25.
830 3747 897 3803 Et
918 3764 1032 3802 cum
1053 3746 1437 3800 adstrinrtssent
1464 3760 1576 3797 eum
1599 3744 1740 3807 loris,
1772 3745 1851 3799 di-

271 3848 339 3901 xit
362 3845 594 3902 adstanti
621 3844 716 3899 sibi
746 3840 1025 3896 centurioni
1059 3855 1078 3893 :
1111 3838 1172 3894 Si
1193 3837 1445 3892 hominem
1481 3835 1770 3890 Romanum
1804 3844 1849 3890 et

271 3938 615 3994 indemnatum
645 3934 758 3989 licet
799 3932 935 3987 vobis
963 3929 1269 4002 ﬂagellare?
1315 3927 1430 3983 Non
1472 3936 1555 3982 est
1596 3927 1851 3982 mentitus

272 4032 484 4097 Paulus,
528 4045 595 4085 se
619 4028 807 4083 dicens
832 4026 1129 4081 Romanum
1173 4022 1482 4085 hominem;
1523 4020 1697 4084 absit;
1745 4018 1851 4073 Bo-

273 4140 455 4179 manus
478 4122 632 4180 enim
657 4129 772 4175 erat
802 4135 816 4171 :
849 4116 967 4171 ideo
997 4114 1241 4170 tribunus
1270 4128 1328 4168 re
1352 4111 1529 4167 audita
1561 4110 1755 4166 timuit.
1786 4110 1851 4166 Et

274 4230 383 4281 cur,
414 4213 652 4284 inquies,
672 4209 884 4265 timuit?
908 4207 1019 4262 Etsi
1047 4204 1190 4260 nulla
1219 4204 1320 4257 alia
1346 4203 1413 4258 de
1440 4218 1621 4269 causa,
1648 4201 1849 4267 timuit,

276 4321 338 4359 ne
365 4301 869 4376 deprehenderetur
910 4306 966 4354 et
1001 4295 1259 4366 majorem
1302 4294 1454 4349 daret
1496 4309 1726 4364 poenam.
1785 4293 1851 4348 Et

274 4398 425 4454 vide:
454 4412 567 4452 non
607 4393 918 4464 simpliciter
943 4390 1213 4456 loquitur;
1264 4389 1379 4455 sed,
1404 4388 1481 4469 .Si
1534 4389 1648 4442 licet
1695 4387 1849 4443 vobis.

279 4488 391 4545 Duo
410 4487 663 4551 crimina,
693 4494 748 4540 et
783 4482 924 4554 quod
950 4482 1067 4537 sine
1091 4494 1272 4545 causa,
1305 4488 1360 4533 et
1402 4478 1544 4549 quod
1575 4478 1853 4534 Romanus

278 4580 363 4635 ille
386 4587 555 4635 esset.
601 4575 843 4647 Magnam
893 4571 1164 4628 habebant
1203 4569 1608 4640 praerogativam
1647 4569 1738 4640 qui
1775 4571 1854 4625 sic

280 4670 636 4743 dignabautur
658 4667 949 4739 appellari;
980 4680 1151 4735 neque
1177 4663 1416 4719 omnium
1455 4664 1557 4718 hoc
1593 4672 1709 4717 erat
1748 4664 1855 4732 pri-

283 4762 571 4832 vilegium;
600 4760 667 4815 ab
697 4758 967 4814 Hadriano
991 4757 1133 4823 enim
1163 4755 1348 4809 dicunt
1374 4768 1560 4808 omnes
1585 4753 1855 4807 Romanos

281 4870 397 4911 esse
426 4855 649 4918 dictos;
682 4852 855 4922 prisce
891 4858 1069 4904 autem
1101 4863 1206 4902 non
1244 4848 1314 4901 ita
1348 4846 1534 4901 fuerat.
1568 4844 1665 4901 νει
1695 4845 1853 4900 etiam

282 4949 583 5003 Romanum
636 4961 696 5001 se
740 4943 894 5011 dixit,
936 4956 995 4998 ut
1037 4956 1249 5012 poenam
1291 4938 1582 5009 effugeret:
1613 4949 1855 4993 contem-

283 5043 421 5113 ptior
442 5041 588 5095 enim
624 5037 835 5091 futurus
869 5044 1006 5095 erat.
1037 5033 1083 5088 si
1127 5032 1425 5101 ﬂagellatus
1456 5029 1683 5095 fuisset;
1716 5046 1856 5086 nunc

283 5143 457 5188 autem
480 5131 584 5186 hoc
609 5128 755 5184 dicto
780 5125 1036 5195 majorem
1062 5124 1166 5177 illis
1194 5121 1382 5176 incutit
1403 5128 1623 5175 metum.
1646 5119 1700 5175 Si
1728 5135 1856 5175 vero

285 5222 657 5294 flagellassent,
683 5233 795 5273 rem
823 5224 985 5271 totam
1009 5214 1147 5268 forte
1174 5211 1579 5274 subvertissent,
1599 5209 1679 5264 vel
1695 5213 1854 5265 etiam

284 5316 603 5371 occidissent
640 5311 820 5374 illum;
854 5324 993 5362 nunc
1027 5315 1204 5360 autem
1237 5319 1341 5358 non
1384 5303 1455 5355 ita
1479 5302 1676 5355 evenit.
1724 5302 1856 5359 Vide

285 5406 550 5477 quomodo
577 5406 721 5460 Deus
750 5401 1008 5457 concedat
1030 5399 1194 5454 multa
1223 5398 1457 5451 humano
1485 5410 1634 5451 more
1662 5396 1856 5463 fieri,et

288 5498 339 5553 in
383 5498 469 5554 his
499 5506 554 5552 et
592 5498 646 5551 in
672 5494 809 5548 aliis.
850 5492 1116 5548 Tribunus
1161 5505 1290 5546 vero
1326 5488 1691 5560 respondens,
1745 5492 1855 5563 Ego

290 5590 445 5645 multa
479 5606 681 5644 summa
707 5587 1002 5645 civilitatem
1022 5594 1354 5656 consequutus
1378 5602 1519 5650 sum,
1548 5585 1775 5639 ostendit
1798 5601 1856 5641 se

291 5682 546 5752 suspicari
570 5724 585 5747 ,
620 5679 844 5735 Paulum
879 5692 937 5732 se
975 5677 1271 5731 Romanum
1321 5677 1640 5741 simulasse;
1683 5684 1739 5731 et
1778 5677 1847 5732 ita

298 5776 430 5832 torte
456 5771 831 5848 suspicabatur
857 5783 921 5826 ex
948 5767 1167 5833 vilitate,
1199 5785 1314 5840 qua:
1343 5768 1395 5825 in
1434 5768 1601 5827 Paulo
1629 5783 1849 5839 appara.

1963 623 2111 678 homo
2132 623 2391 681 Romanus
2420 638 2512 683 est.
2539 628 2629 683 27.
2660 630 2911 687 Accedens
2938 645 3101 689 autem
3129 638 3376 702 tribunus,
3403 641 3531 694 dixit

1960 718 2039 771 illi
2070 733 2089 771 :
2118 717 2213 772 Dic
2242 721 2384 785 mihi,
2417 738 2536 774 num
2567 732 2620 776 tu
2649 722 2909 780 Romanus
2933 728 3022 781 es?
3042 728 3185 784 Dixit
3202 732 3307 797 ille,
3336 731 3526 787 Etiam.

1960 808 2050 864 28.
2081 808 2358 880 Respondit
2387 812 2612 868 tribunus
2642 830 2660 868 :
2691 816 2802 886 Ego
2830 819 2989 872 multa
3012 837 3210 877 summa
3247 826 3531 878 civilitatem

1960 900 2093 955 hanc
2120 914 2454 970 consequutus
2478 922 2609 959 sum.
2644 905 2840 963 Paulus
2865 924 2979 964 vero
3006 912 3077 965 ait
3107 929 3126 964 :
3154 912 3266 985 Ego
3292 926 3457 969 autem
3487 927 3532 970 et

1960 1003 2108 1048 natus
2126 1011 2258 1049 sum.
2284 995 2373 1051 29.
2406 997 2651 1054 Protinus
2670 1010 2835 1055 autem
2866 1001 3199 1058 discesserunt
3227 1007 3417 1073 abillo,
3446 1011 3533 1079 qui

1958 1102 2069 1140 eum
2099 1088 2278 1143 torturi
2306 1100 2468 1145 erant.
2518 1090 2774 1149 Tribunus
2809 1111 3006 1167 quoque
3047 1098 3233 1165 timuit,
3268 1110 3531 1170 postquam

1957 1179 2152 1234 rescivit
2197 1182 2315 1252 quia
2350 1180 2611 1238 Romans
2654 1195 2798 1253 esset,
2846 1196 2893 1241 et
2928 1189 3063 1255 quod
3087 1187 3233 1243 illum
3253 1190 3531 1262 alligasset.

1960 1270 2070 1343 Ego
2107 1282 2294 1339 autem,
2327 1274 2526 1344 inquit,
2554 1284 2601 1330 et
2626 1287 2775 1331 natus
2797 1293 2929 1332 sum.
2962 1279 3124 1351 Igitur
3149 1298 3215 1336 ex
3244 1293 3393 1352 patre
3424 1284 3532 1337 lto-

1957 1379 2116 1420 mano
2156 1375 2291 1421 erat.
2339 1365 2477 1434 Quid
2508 1383 2636 1439 ergo
2664 1382 2848 1440 postea
2894 1370 3089 1428 factum
3126 1374 3246 1429 est?
3287 1375 3535 1430 Solutum

1957 1455 2107 1512 duxit
2131 1459 2196 1512 ad
2214 1458 2445 1514 Iudaeos.
2475 1461 2616 1533 Ergo
2640 1478 2744 1517 non
2770 1462 2906 1519 falso
2924 1464 3130 1519 dixerat
3152 1482 3212 1520 se
3233 1466 3531 1521 Romanum

1957 1564 2098 1612 esse.
2131 1551 2271 1607 unde
2302 1553 2537 1609 lucratus
2564 1564 2663 1621 est,
2709 1565 2766 1610 ut
2791 1572 2819 1610 a
2844 1557 3070 1628 vinculis
3100 1560 3431 1628 solveretur;
3476 1568 3536 1615 et

1955 1642 2224 1709 quomodo
2252 1643 2373 1698 audi
2409 1645 2533 1701 :50.
2561 1644 2772 1701 Postera
2794 1658 2961 1703 autem
2994 1649 3075 1703 die
3101 1650 3269 1705 volens
3295 1649 3424 1706 scire
3450 1650 3533 1704 di-

1955 1732 2190 1803 ligentius
2206 1750 2306 1805 qua
2326 1736 2388 1789 de
2405 1751 2560 1789 causa
2583 1748 2904 1793 accusaretur
2924 1756 2955 1792 a
2979 1738 3197 1806 Iudaeis,
3225 1740 3370 1795 solvit
3392 1757 3530 1808 eum,

1955 1831 2003 1875 et
2013 1823 2166 1893 jussit
2191 1824 2475 1879 sacerdotes
2500 1829 2761 1882 convenire
2782 1838 2828 1882 et
2853 1845 2999 1883 omne
3024 1831 3313 1897 concilium,
3345 1842 3393 1886 et
3420 1849 3533 1899 pro-

1954 1915 2141 1969 ducens
2164 1915 2385 1971 Paulum
2406 1919 2579 1972 statuit
2608 1920 2737 1974 inter
2764 1920 2900 1975 illos.
2928 1919 3078 1994 (Cap.
3103 1915 3226 1987 25.)
3268 1923 3316 1976 I.
3349 1920 3526 1975 Inten-

1955 2009 2079 2063 dens
2103 2018 2269 2063 autem
2292 2011 2345 2064 in
2369 2012 2638 2066 concilium
2668 2012 2888 2079 Paulus,
2912 2014 3059 2071 dixit.
3088 2014 3202 2069 Non
3223 2014 3332 2083 jam
3354 2015 3494 2069 tribu
3515 2046 3526 2054 -

1955 2115 2103 2165 num,
2134 2100 2227 2155 sed
2256 2109 2418 2155 totam
2451 2102 2845 2159 multitudinem
2877 2113 2929 2158 et
2956 2105 3204 2175 populum
3222 2105 3524 2175 alloquitur.

1957 2192 2022 2246 Et
2044 2192 2167 2262 quid
2198 2192 2364 2249 dicit?
2397 2192 2505 2248 Viri
2530 2195 2732 2265 fratres,
2772 2212 2863 2268 ego
2896 2198 3035 2252 omni
3058 2198 3360 2253 conscientia
3388 2200 3521 2253 bona

1954 2295 2272 2339 conversatus
2307 2302 2416 2340 sum
2445 2296 2561 2341 ante
2593 2286 2757 2341 Deum
2790 2304 2943 2359 usque
2970 2289 3023 2342 in
3050 2289 3342 2343 hodiernum
3372 2290 3524 2343 diem.

1956 2375 2012 2430 ld
2039 2385 2141 2440 est,
2198 2376 2313 2432 Non
2358 2377 2488 2432 mihi
2536 2380 2781 2435 conscius
2818 2396 2935 2436 sum
2970 2382 3108 2452 quod
3154 2397 3248 2436 vos
3277 2382 3526 2449 lzeserim,

1954 2467 2036 2522 vel
2066 2467 2194 2538 quid
2220 2468 2304 2524 his
2327 2469 2554 2524 vinculis
2582 2470 2800 2541 dignum
2822 2471 3059 2527 fecerim.
3084 2472 3220 2542 Quid
3241 2484 3367 2543 ergo
3383 2474 3529 2543 prin-

1955 2574 2081 2630 ceps
2120 2560 2492 2617 sacerdotum?
2520 2563 2652 2617 Cum
2683 2565 3009 2634 oportuisset
3035 2565 3342 2635 compungi,
3383 2565 3527 2633 quod

1957 2648 2008 2703 in
2040 2651 2273 2719 ipsorum
2301 2653 2524 2723 gratiam
2569 2654 2765 2725 injuste
2814 2655 3005 2726 ligatus
3029 2655 3237 2718 fuisset.
3270 2656 3360 2711 ille
3384 2656 3527 2710 aliud

1956 2741 2153 2811 adjicit,
2184 2750 2239 2798 et
2267 2743 2419 2813 jubet
2442 2759 2564 2801 eum
2601 2746 2891 2811 verberari,
2923 2747 3063 2817 quod
3088 2746 3164 2802 sic
3192 2746 3524 2802 declaratur:

1954 2831 2009 2885 2.
2042 2831 2286 2903 Princeps
2326 2844 2493 2889 autem
2538 2837 2855 2891 sacerdotum
2886 2837 3110 2892 Ananias
3151 2834 3389 2907 prteccpit
3426 2835 3523 2888 ad-

1954 2923 2206 2979 stantibus
2237 2924 2331 2980 sibi
2372 2934 2627 2996 percutere
2670 2943 2726 2982 os
2765 2928 2894 2998 ejus.
2919 2928 3098 2983 Bonus
3125 2938 3273 2983 certe
3300 2938 3354 2981 et
3382 2927 3523 2981 mitis

1956 3016 2203 3085 princeps
2230 3006 2670 3075 sacerdotums'i.
2700 3018 2841 3073 Tunc
2878 3018 3076 3073 Paulus
3115 3019 3242 3072 dixit
3279 3017 3346 3071 ad
3371 3034 3481 3071 eum
3505 3032 3525 3070 :

1954 3107 2210 3163 Pereutiet
2239 3117 2287 3163 te
2315 3107 2471 3177 Deus,
2498 3110 2663 3179 paries
2689 3109 2933 3165 dealbate.
2964 3108 3031 3163 Et
3055 3118 3109 3163 tu
3134 3110 3309 3164 sedens
3319 3108 3523 3178 judicas

1954 3216 2033 3253 me
2060 3199 2333 3254 secundum
2362 3200 2540 3272 legem,
2568 3209 2616 3254 et
2641 3210 2813 3254 contra
2841 3200 2999 3272 legem
3015 3199 3165 3271 jubes
3191 3216 3269 3253 me
3294 3197 3527 3270 percuti?

1954 3293 2008 3346 4.
2040 3291 2140 3359 Qui
2171 3302 2338 3346 autem
2360 3292 2628 3346 adstabant
2653 3293 2886 3346 dixerunt
2928 3292 2974 3346 ei
3004 3308 3027 3348 .°
3056 3290 3327 3348 Summum
3354 3307 3523 3345 sacer-

1954 3382 2119 3437 dotem
2145 3381 2239 3437 Dei
2261 3382 2557 3437 maledicis?
2578 3383 2632 3441 5.
2672 3381 2817 3437 Dixit
2844 3392 3011 3437 autem
3036 3381 3235 3437 Paulus
3264 3400 3283 3438 :
3313 3382 3519 3437 Nescie-

1953 3474 2087 3539 bam,
2118 3478 2320 3546 fratres,
2344 3475 2478 3545 quod
2516 3475 2745 3545 princeps
2778 3477 2842 3530 sit
2873 3475 3188 3530 sacerdotum
3227 3490 3247 3529 :
3282 3475 3526 3545 scriptum

1954 3576 2026 3621 est
2048 3567 2181 3622 enim
2204 3583 2224 3622 :
2247 3566 2538 3637 Principem
2564 3567 2743 3639 populi
2780 3567 2856 3622 tui
2888 3584 2989 3623 non
3016 3567 3281 3623 maledica
3325 3564 3518 3637 (Exod.

1952 3658 2044 3712 es.
2074 3658 2191 3729 es).

2023 3748 2078 3802 2.
2119 3748 2349 3816 Quidam
2375 3749 2557 3805 dicunt
2583 3749 2731 3805 illum
2770 3750 3027 3806 scientem
3065 3766 3160 3821 per
3188 3750 3410 3805 ironiam
3442 3749 3522 3805 lo-

1954 3848 2175 3907 quntum
2220 3853 2341 3894 esse
2386 3858 2400 3893 :
2444 3839 2574 3894 mihi
2604 3848 2785 3895 autem
2816 3842 3026 3896 videtur
3076 3842 3249 3911 ipsum
3300 3841 3521 3896 omnino

1956 3929 2246 3984 nescivisse
2269 3929 2410 3999 quod
2439 3939 2581 3985 esset
2605 3932 2850 4002 princeps
2878 3931 3212 3987 sacerdotum
3245 3947 3259 3986 :
3282 3931 3517 4002 alioquin

1956 4020 2101 4074 illum
2134 4022 2463 4075 honorasset.
2493 4021 2614 4076 Ideo
2642 4037 2762 4080 sese
2787 4030 2985 4092 purgat
3010 4032 3309 4088 accusatus,
3338 4033 3395 4079 et
3422 4022 3520 4077 ad-

1955 4113 2035 4170 dit
2061 4132 2074 4167 :
2108 4112 2398 4184 Principem
2424 4114 2597 4185 populi
2628 4114 2701 4167 tui
2730 4130 2830 4168 non
2857 4114 3146 4170 maledices.
3196 4114 3332 4181 Quid
3368 4128 3519 4184 ergo,

1956 4204 2200 4275 inquies?
2242 4204 2288 4258 si
2319 4205 2461 4259 enim
2500 4204 2745 4273 princeps
2769 4219 2875 4259 non
2908 4214 3088 4271 esset,
3132 4205 3294 4260 alium
3330 4212 3520 4259 contu-

1956 4296 2111 4351 melia
2140 4294 2357 4351 afﬁcere
2384 4296 2706 4367 oportebat?
2751 4295 3005 4364 Minime;
3056 4298 3164 4352 imo
3200 4297 3522 4353 contumelia

1955 4389 2268 4444 alﬁcientem
2307 4387 2447 4443 ferre
2475 4403 2571 4457 par
2597 4396 2733 4444 erat.
2778 4388 2907 4445 Jure
2947 4388 3034 4446 hic
3065 4400 3352 4461 quaeratur,
3391 4405 3524 4460 quo-

1955 4479 2115 4534 modo
2162 4479 2229 4545 is,
2255 4480 2346 4550 qui
2382 4479 2508 4534 alibi
2544 4479 2692 4547 dicit,
2736 4478 2863 4535 Cum
2883 4480 3249 4547 maledicimur,
3276 4481 3525 4536 benedici-

1958 4587 2097 4633 mus;
2127 4586 2240 4625 cum
2269 4571 2697 4641 persequutionem
2722 4575 2961 4642 patimur,
2987 4582 3286 4628 sustinemus
3302 4572 3380 4643 (l.
3400 4572 3519 4627 Cor.

1957 4665 2007 4717 4.
2042 4662 2162 4731 l2);
2192 4662 2280 4717 hic
2312 4664 2634 4718 contrarium
2662 4662 2808 4731 facit,
2851 4680 2950 4720 nec
2979 4665 3138 4721 modo
3171 4665 3521 4732 conviciator,

1956 4754 2050 4809 sed
2078 4756 2236 4810 etiam
2266 4756 2576 4811 maledicit?
2614 4758 2768 4813 Absit
2794 4775 2809 4813 :
2839 4769 3084 4815 neutrum
3114 4760 3305 4815 horum
3329 4758 3540 4826 fecisse

1956 4846 2405 4916 deprehenditur;
2450 4848 2543 4903 sed
2585 4849 2629 4902 si
2659 4850 2777 4919 quis
2814 4860 3058 4904 accurate
3081 4851 3404 4915 consideret,
3454 4849 3523 4903 li-

1959 4939 2085 4993 bere
2126 4939 2391 5008 loquentis
2425 4941 2595 5011 magis
2618 4951 2743 4996 sunt
2771 4943 2953 5008 verba,
2997 4959 3154 5012 quam
3190 4943 3308 4997 irati
3338 4960 3353 4999 :
3383 4944 3522 4999 alio-

1959 5030 2083 5099 quin
2124 5044 2252 5084 vero
2286 5030 2502 5085 nolebat
2539 5031 2749 5086 tribuno
2780 5032 3193 5102 contemptibilis
3235 5033 3420 5089 videri.
3464 5034 3522 5090 Si

1958 5124 2098 5179 enim
2124 5123 2213 5178 ille
2238 5137 2268 5185 a
2290 5122 2606 5193 llagellando
2628 5124 2901 5190 abstinuit,
2931 5134 3114 5195 utpote
3135 5125 3306 5197 ipsum
3326 5126 3529 5186 Judzeis

1961 5215 2266 5279 traditurus,
2316 5215 2459 5285 quod
2505 5230 2535 5270 a
2584 5214 2799 5271 famulis
2837 5215 3153 5284 caederetur,
3183 5218 3351 5289 magis
3378 5219 3541 5276 illum»

1957 5307 2211 5363 audacem
2232 5306 2551 5363 reddidisset
2578 5324 2592 5362 :
2624 5305 2744 5361 ideo
2769 5322 2876 5362 non
2899 5307 3219 5376 ministrum,
3236 5310 3331 5366 sed
3351 5310 3525 5384 ipsum

1953 5401 2226 5472 jubentem
2253 5398 2580 5469 aggreditur.
2610 5396 2739 5452 Illud
2766 5413 2911 5467 vero,
2958 5398 3135 5455 Parics
3159 5401 3405 5470 dealbate,
3442 5405 3524 5459 in-

1958 5498 2090 5565 quit,
2122 5504 2174 5547 tu
2193 5494 2371 5547 sedens
2384 5493 2591 5564 judicas
2620 5509 2699 5547 me
2719 5494 2994 5548 secundum
3022 5494 3198 5566 legem,
3226 5511 3288 5550 ae
3318 5497 3360 5549 si
3383 5494 3526 5550 dice-

1958 5596 2041 5643 ret
2074 5604 2088 5641 :
2121 5585 2266 5641 Reus
2308 5600 2428 5639 cum
2457 5586 2552 5651 sis,
2597 5596 2653 5640 et
2694 5585 2874 5641 multis
2922 5586 3090 5657 plagis
3127 5586 3335 5657 dignus.
3389 5583 3525 5639 Vide

1959 5693 2109 5748 ergo,
2136 5676 2403 5748 quomodo
2424 5692 2487 5732 ex
2511 5677 2626 5748 ejus
2653 5677 2862 5733 dicendi
2883 5678 3127 5734 libertate
3149 5676 3369 5747 populus
3400 5687 3519 5742 per-

1963 5771 2143 5827 culsus
2172 5769 2348 5827 fuerit.
2382 5769 2514 5828 Cum
2542 5772 2682 5828 enim
2711 5771 3034 5845 oportuisset
3087 5778 3251 5826 totum
3300 5767 3516 5823 διώκειν
