4002 6224
524 273 626 331 335

521 400 658 455 tere,
703 391 880 461 potius
922 391 1338 451 debacchantur.
1394 397 1488 454 ille
1530 416 1660 458 vero
1710 404 1878 475 legem
1918 407 2084 477 ipsam

522 474 670 548 legit,
703 490 760 533 ut
786 481 1029 536 ostendat
1056 498 1115 538 se
1147 500 1251 539 non
1273 502 1338 541 ex
1365 500 1529 557 metu,
1555 508 1655 547 nec
1678 474 1816 562 quod
1844 474 2088 569 indiguus

520 581 664 628 esset
709 573 798 642 qui
837 574 1067 643 audiret,
1116 576 1231 634 haec
1266 581 1485 650 dixisse,
1535 587 1630 641 sed
1672 588 1775 658 legi
1816 592 2089 664 obtempe-

517 676 683 717 rasse.
744 663 812 718 Et
852 667 1070 723 omnino
1110 684 1392 739 persuasus
1435 690 1553 730 sum
1596 682 1885 738 nescit-isse
1912 684 2083 751 illum,

511 752 652 823 quod
681 756 927 827 princeps
956 762 1292 847 sacerdotum
1322 775 1486 835 esset,
1528 776 1671 840 quod
1715 784 1835 843 post
1873 776 2085 847 longum

513 854 723 915 tempus
750 849 1014 915 rediisset,
1043 869 1141 911 nec
1163 844 1465 925 frequenter
1483 860 1697 918 Judzeos
1724 844 2082 936 convenisset,

509 935 823 1009 videretque
864 957 985 997 eum
1031 944 1084 998 in
1127 947 1302 1002 medio
1340 949 1564 1006 aliorum
1622 957 1946 1016 umltorum:
1977 976 2081 1016 non

511 1028 656 1083 cnim
679 1031 992 1089 manifestus
1012 1045 1125 1091 erat
1144 1039 1391 1110 princeps
1415 1044 1751 1102 sacerdotum
1782 1048 1921 1105 inter
1948 1052 2085 1106 mul-

512 1130 593 1172 tos
618 1131 672 1177 et
697 1121 935 1179 diversos
963 1126 1198 1185 adstans.
1229 1131 1301 1186 lta
1324 1134 1454 1189 mihi
1473 1134 1679 1192 videtur
1705 1140 1828 1195 illos
1856 1142 2077 1213 alloqui,

511 1210 799 1267 ostendens
826 1229 885 1270 se
915 1215 1015 1287 legi
1042 1218 1414 1290 obtemperare
1438 1242 1452 1290 ;
1485 1226 1706 1297 ideoque
1726 1244 1845 1286 sese
1872 1210 2079 1304 purgat.

509 1299 613 1355 Sed
640 1303 887 1372 superius
911 1307 1051 1361 dicta
1075 1320 1400 1380 repetamus.
1437 1314 1615 1372 Oranti
1644 1321 1768 1375 mihi
1791 1324 1846 1377 in
1873 1299 2077 1395 templo,

511 1390 700 1462 inquit,
725 1396 908 1449 accidit
953 1407 1006 1451 ut
1039 1401 1093 1453 in
1134 1406 1321 1458 εχειαεὶ
1362 1406 1553 1475 ﬁerem.
1582 1410 1651 1465 Ut
1691 1415 1937 1470 ostendat
1972 1390 2078 1473 non

508 1484 838 1551 phantasiam
878 1486 1061 1555 fuisse,
1118 1491 1239 1548 ideo
1286 1496 1491 1553 addidit
1528 1500 1675 1568 illud,
1718 1502 1897 1559 Oranti
1930 1509 2075 1562 milii.

507 1574 716 1631 Festina
752 1588 800 1633 et
838 1582 919 1635 exi
950 1583 1070 1650 cito,
1103 1586 1290 1657 inQuit,
1317 1591 1435 1660 quia
1457 1595 1791 1651 testimonium
1813 1609 1954 1655 tuum
1975 1619 2077 1658 non

504 1669 761 1741 recipient.
812 1673 910 1730 Hic
932 1679 1185 1747 ostendit,
1208 1696 1267 1736 se
1288 1699 1391 1738 non
1424 1688 1780 1755 periculorum
1822 1704 1966 1749 metu
2008 1696 2077 1751 ab

504 1760 613 1815 illis
633 1762 902 1835 effugisse,
938 1767 1030 1823 sed
1056 1770 1180 1840 quia
1211 1788 1315 1827 non
1346 1781 1643 1847 suscepturi
1671 1792 1823 1837 erant
1846 1785 2076 1840 testimo-

503 1851 649 1907 nium
673 1868 850 1910 suum.
874 1856 982 1913 Cur
1002 1875 1130 1917 vero
1150 1862 1303 1929 dixit,
1323 1864 1351 1919 1
1356 1868 1433 1937 psi
1455 1870 1638 1935 sciunt,
1661 1874 1797 1943 quod
1822 1891 1912 1946 ego
1938 1893 2074 1932 eram

500 1942 719 2015 alligans
740 1948 766 2001 .9
793 1948 908 2005 Non
929 1949 1141 2010 Christo
1161 1958 1554 2029 contradicens,
1582 1942 1748 2032 absit;
1775 1942 1869 2023 sed
1890 1970 2073 2026 volens

500 2033 710 2092 discere
731 2048 835 2093 tam
866 2041 1109 2101 mirabile
1134 2060 1291 2116 opus.
1344 2048 1502 2116 Vade,
1532 2054 1720 2123 inquit,
1747 2059 1868 2126 quia
1890 2076 1980 2130 ego
2005 2061 2074 2114 ad

500 2137 671 2199 gentes
697 2134 875 2200 procul
891 2135 1301 2195 mittamte.Vide
1322 2157 1335 2193 :
1354 2157 1456 2197 non
1478 2142 1656 2200 dOClﬂl
1673 2162 1793 2202 eum
1810 2148 2068 2217 Christus,

498 2219 625 2289 quid
652 2233 925 2291 oporteret
941 2228 1145 2297 facere;
1171 2232 1263 2288 sed
1286 2234 1421 2290 dixit
1441 2246 1642 2293 tantum
1663 2250 1719 2295 ut
1734 2241 1923 2310 abiret,
1950 2245 2070 2301 ille-

500 2326 605 2379 que
624 2314 935 2387 obsequitur
968 2341 982 2377 :
1012 2322 1146 2378 adeo
1194 2327 1488 2398 morigerus
1530 2341 1663 2387 erat.
1696 2334 1762 2388 Et
1790 2336 2071 2395 levaverunt

500 2417 666 2456 uocem
692 2422 858 2475 suam,
887 2410 1077 2480 inquit,
1108 2415 1325 2471 dicentes
1355 2434 1374 2472 :
1400 2416 1540 2474 Tolle
1585 2439 1738 2488 eum;
1791 2444 1892 2482 non
1939 2433 2071 2485 enim

506 2495 733 2548 convenit
755 2507 811 2550 ut
837 2500 986 2555 vivat.
1013 2500 1057 2557 Ο
1083 2505 1358 2563 audaciam
1385 2515 1399 2563 !
1453 2511 1608 2567 Certe
1634 2530 1729 2569 vos
1755 2518 1933 2574 vivere
1962 2538 2069 2577 non

501 2587 770 2652 convenit,
813 2604 916 2643 non
951 2593 1078 2647 item
1125 2595 1192 2650 de
1221 2597 1323 2655 hoc
1350 2600 1577 2671 dicatur,
1608 2608 1696 2676 qui
1739 2609 1792 2663 in
1822 2613 2069 2671 omnibus

497 2674 608 2727 Deo
633 2676 960 2748 obsequitur.
987 2683 1031 2736 υ
1053 2686 1262 2742 scelesti
1297 2699 1349 2744 et
1370 2674 1681 2751 homicidae!
1715 2698 1782 2754 Et
1810 2694 2067 2759 essetim-

497 2775 571 2821 tes
610 2778 781 2834 vestes,
829 2771 1017 2842 inquit,
1048 2777 1300 2846 pulverem
1346 2784 1621 2842 mittebant.
1673 2788 1739 2844 Ut
1768 2795 2065 2861 graviorem

497 2859 793 2916 excitarent
842 2864 1179 2935 seditionem,
1213 2870 1313 2927 hoc
1362 2873 1646 2946 faciebant,
1692 2859 1793 2937 aut
1822 2894 1879 2939 ut
1916 2887 2065 2956 prin-

497 2950 671 3020 cipem
717 2965 996 3014 terrerent.
1025 2960 1093 3017 Et
1118 2964 1235 3020 vide
1266 2984 1278 3021 :
1316 2983 1421 3022 non
1470 2970 1652 3026 dicunt
1679 2990 1913 3042 causam,
1942 2983 2064 3050 quia

500 3044 630 3100 nihil
686 3046 968 3107 dicendum
1035 3055 1333 3125 habebant,
1382 3063 1477 3117 sed
1518 3064 1754 3121 clamore
1796 3083 1856 3126 se
1898 3082 2066 3127 terro-

495 3150 610 3192 rem
641 3139 878 3200 incutere
909 3154 1123 3215 putant:
1142 3152 1286 3221 atqui
1314 3153 1382 3208 ab
1405 3160 1801 3218 accusatoribus
1820 3164 2064 3221 ediscen-

499 3230 623 3285 dum
646 3244 778 3288 erat.
807 3235 876 3290 Et
901 3239 1130 3295 tribunus
1158 3244 1342 3311 timuit,
1387 3247 1576 3317 inquit,
1608 3267 1907 3323 cognoscens
1932 3262 2065 3328 quod

496 3324 757 3382 Romanus
782 3339 925 3384 esset.
950 3330 1067 3387 Non
1093 3345 1207 3389 erat
1230 3352 1356 3408 ergo
1382 3342 1737 3412 mendacium,
1764 3349 1902 3417 quod
1927 3324 2061 3404 ῥευ-

503 3417 586 3473 lus
608 3420 810 3476 diceret
829 3437 887 3477 se
899 3423 1194 3482 Romanum
1217 3444 1354 3484 esse.
1383 3431 1453 3486 Et
1469 3433 1616 3489 solvit
1638 3452 1750 3491 eum
1772 3456 1805 3492 a
1831 3441 2059 3510 vinculis,

500 3508 687 3580 inquit,
737 3522 784 3567 et
837 3516 1089 3572 adducens
1138 3523 1312 3575 statuit
1360 3539 1472 3579 eum
1520 3527 1573 3581 in
1615 3531 1900 3586 concilium.
1951 3534 2062 3591 Hoc

496 3602 775 3668 oportebat
824 3604 1033 3674 facere,
1085 3624 1258 3680 neque
1305 3612 1442 3669 velle
1491 3614 1776 3687 flagellare,
1831 3624 1927 3678 sed
1972 3642 2061 3681 re-

495 3691 736 3763 linquere
789 3712 908 3752 eum
941 3740 958 3766 ,
1015 3701 1105 3771 qui
1163 3703 1293 3758 nihil
1347 3706 1573 3763 vinculis
1627 3710 1843 3781 dignum
1898 3715 2059 3771 fecis-

495 3798 598 3844 set.
649 3788 718 3842 Et
762 3792 908 3846 solvit
940 3810 1075 3859 eum,
1123 3796 1308 3866 inquit,
1339 3810 1385 3853 et
1412 3802 1479 3855 ad
1507 3803 1621 3857 illos
1661 3806 1893 3862 adduxit.
1948 3811 2061 3867 Hoc

495 3878 725 3936 maxime
755 3881 772 3912 ¹
797 3884 983 3939 anxios
1006 3886 1235 3944 reddidit
1285 3890 1519 3948 Judteos.
1572 3894 1846 3954 Intendens
1891 3912 2060 3957 autent

493 3969 693 4035 Paulus
733 3977 789 4032 in
825 3979 1112 4045 concilium,
1142 3983 1329 4052 inquit,
1371 3987 1540 4041 dixit:
1578 3987 1684 4042 Viri
1711 3995 1915 4057 fratres.
1961 3995 2059 4050 llic

490 4080 551 4120 se
602 4066 848 4125 lidentem
896 4075 1147 4142 ostendit,
1191 4087 1246 4132 et
1300 4079 1732 4147 imperterritum.
1782 4083 1886 4139 Sed
1939 4087 2058 4143 vide

490 4158 703 4216 illorum
740 4166 1123 4235 petulantiam;
1164 4169 1434 4239 subjunxit
1459 4174 1599 4227 enim
1631 4193 1644 4229 :
1674 4174 1920 4247 Princeps
1963 4198 2057 4233 au-

488 4262 585 4305 tem
628 4255 944 4311 sacerdotum
974 4260 1199 4314 Ananias
1250 4265 1486 4332 prcecepit
1513 4274 1568 4317 ut
1619 4279 1959 4335 percuteretur
2000 4291 2057 4329 os

494 4343 621 4407 ejus.
650 4342 758 4397 Cur
801 4349 1066 4413 percutis?
1102 4350 1225 4418 quid
1255 4352 1394 4406 enim
1421 4359 1860 4415 contumeliosum
1880 4364 2054 4419 dixit?

490 4430 533 4480 0
563 4430 974 4498 impudentiam!
1010 4453 1043 4490 ο
1068 4438 1369 4495 audaciam!
1401 4443 1539 4498 Tunc
1560 4445 1751 4502 Paulus
1776 4452 1902 4505 dixit
1924 4454 2001 4508 illi
2035 4472 2054 4510 :

493 4518 747 4576 Percutiet
788 4532 836 4577 te
856 4524 1014 4594 Deus,
1041 4530 1205 4598 paries
1235 4531 1480 4589 dealbate.
1511 4536 1687 4607 Papaz,
1716 4541 2047 4602 libertatem!

488 4611 568 4666 0b
614 4611 919 4684 hypocrisin
958 4630 1011 4674 et
1064 4620 1392 4691 iniquitatem
1434 4627 1582 4682 illum
1633 4632 1897 4689 traducit:
1931 4637 2052 4693 ideo

484 4702 643 4757 etiam
690 4706 1016 4775 reprimitur.
1044 4710 1162 4781 Ipse
1188 4729 1314 4768 vero
1337 4714 1528 4774 dubius
1556 4736 1621 4776 ne
1650 4724 1810 4779 audet
1836 4729 2047 4795 quidem

484 4794 662 4866 loqui;
710 4798 805 4854 sed
849 4801 939 4871 qui
986 4804 1135 4872 juxta
1191 4806 1339 4861 illum
1368 4820 1551 4876 erant,
1594 4816 1709 4885 ejus
1751 4794 2045 4879 libertatem

484 4903 589 4943 non
620 4888 869 4948 tulerunt.
922 4894 995 4949 ita
1039 4894 1289 4954 videbant
1335 4902 1606 4961 hominem
1661 4922 1884 4967 mortem
1939 4933 2044 4973 non

482 4994 779 5053 curantem,
826 4998 1013 5044 etnon
1039 4994 1422 5050 sustinuerunt.
1471 4998 1791 5070 Nesciebam,
1844 5007 2040 5079 inquit,

482 5074 616 5140 quod
642 5093 865 5133 summus
903 5082 1135 5139 sacerdos
1159 5086 1241 5139 sit.
1290 5087 1430 5160 Ergo
1449 5106 1515 5146 ex
1546 5093 1837 5163 ignorantia
1868 5074 2042 5160 iocre;

478 5165 622 5228 patio
647 5166 743 5221 fuit
769 5186 783 5223 :
816 5172 913 5226 nisi
941 5175 1081 5229 enim
1106 5178 1205 5235 hoc
1230 5192 1392 5247 esset,
1422 5184 1512 5239 illo
1549 5200 1768 5258 accepto
1803 5194 2039 5264 abiissct,

476 5267 575 5309 nec
603 5257 868 5326 tacuisset,
908 5273 1066 5336 atque
1095 5270 1266 5337 ipsum
1293 5273 1396 5329 illis
1433 5257 1687 5335 tribunus
1716 5284 2037 5343 tradidisset.

545 5346 599 5401 3.
629 5346 727 5449 llic
752 5364 913 5420 porro
935 5360 1167 5414 ostendit
1194 5378 1253 5418 se
1281 5365 1508 5423 libenter
1541 5372 1656 5427 hinc
1687 5376 1793 5443 pati
1824 5393 1838 5430 :
1872 5387 2032 5449 atque

474 5436 547 5491 ita
574 5438 832 5495 rationem
858 5445 1033 5503 reddit
1059 5465 1180 5507 cum
1220 5456 1324 5511 illis
1352 5500 1367 5523 ,
1409 5460 1513 5529 legi
1537 5479 1596 5519 se
1625 5436 1843 5538 obsequi
1869 5514 1885 5539 ,
1933 5436 2036 5528 non

474 5528 581 5584 illis
622 5528 1023 5607 demonstrans;
1060 5557 1180 5597 nam
1226 5546 1347 5603 illos
1392 5528 1678 5611 admodum
1729 5528 2031 5619 damnabat.

502 5670 560 5754 an‘
584 5662 832 5754 39-53%???
849 5668 996 5754 (⁵9ίῖίέ
1035 5678 1216 5754 legi“)?
1241 5665 1382 5754 {3'00
1402 5690 1642 5749 θρονιεὺαι
1673 5695 1833 5754 facere
1855 5698 1915 5749 ab
1938 5700 2031 5753 ini-

476 5729 561 5774 tio.
580 5750 604 5780 ι
617 5730 823 5786 solutum
845 5748 908 5790 aa
932 5739 1040 5793 illos
1078 5729 1854 5815 audiuiifi'tib'é'uiiiiulé'f

1241 281 1296 337 S.
1333 281 1606 343 JOANNIS
1640 287 2105 352 CHRYSOSTOMI
2143 298 2453 357 ARCHIEP.
2494 305 3022 371 CONSTANTINUP.

2197 413 2422 486 Propter
2460 419 2629 489 legem
2676 425 2835 494 igitur
2872 431 3132 487 rationem
3158 436 3357 505 reddit,
3406 458 3514 498 non
3554 460 3766 516 propter

2194 508 2484 577 populum;
2512 522 2566 567 et
2588 513 2710 583 jure
2737 519 2951 587 quidem
2982 538 2997 574 :
3031 539 3151 579 nam
3182 542 3301 582 eum
3322 572 3338 596 ,
3387 534 3476 602 qui
3634 508 3763 594 nihil

2192 598 2427 668 laeserat,
2457 615 2511 660 ct
2536 607 2872 666 innocentem
2902 615 3147 672 occidere
3177 598 3420 690 iniquum
3439 635 3578 680 erat.
3608 628 3766 699 Igitur

2190 693 2331 761 quod
2357 695 2425 749 ab
2455 697 2544 751 illo
2568 699 2767 756 dictum
2797 714 2919 770 est,
2963 722 3070 762 non
3111 715 3433 770 contumelia
3473 728 3597 773 erat
3615 693 3762 785 {nisi

2191 783 2310 851 quis
2332 785 2475 841 dicat
2499 788 2768 847 Christum
2798 799 3174 854 contumeliam
3209 804 3467 872 proferre,
3492 783 3626 863 curn
3648 812 3721 866 ait
3746 829 3762 867 :

2199 873 2288 930 Va:
2305 878 2440 933 vobis
2462 882 2637 937 scribis
2662 894 2709 938 et
2734 885 3033 956 Pltaristzis,
3062 894 3180 962 quia
3203 895 3391 950 similes
3416 900 3538 953 estis
3562 903 3763 970 parieti-

2188 967 2279 1023 bus
2305 970 2551 1028 dealbatis
2589 975 2800 1048 (Matth.
2828 980 2917 1036 εδ.
2954 983 3070 1053 27).
3104 986 3296 1054 Etiam,
3325 967 3572 1059 inquies;
3600 996 3694 1049 sed
3721 998 3762 1049 si

2186 1071 2471 1133 antequam
2496 1068 2870 1127 verberaretur
2894 1074 2996 1131 hoc
3015 1077 3258 1146 dixisset,
3292 1097 3397 1136 non
3431 1083 3624 1140 fuisset
3651 1088 3761 1149 iraa.

2186 1153 2278 1208 sed
2309 1154 2537 1213 fiduciae.
2565 1159 2763 1218 Verum
2803 1180 3013 1222 causam
3051 1170 3183 1236 dixi,
3214 1173 3355 1242 quod
3382 1175 3552 1232 nollet
3576 1177 3764 1249 despe-

2186 1248 2292 1301 ctui
2327 1248 2532 1307 haberi.
2567 1255 2724 1325 Atqui
2768 1274 2909 1329 saepe
2930 1262 3174 1319 Christus
3201 1265 3415 1323 Judteos
3440 1248 3759 1327 contumelia

2184 1338 2361 1395 all‘ecit
2380 1382 2396 1409 ,
2424 1344 2539 1412 ipse
2573 1350 2894 1406 contumelia
2936 1353 3161 1411 atl‘ectus
3184 1397 3199 1423 ,
3230 1368 3287 1413 ut
3312 1374 3436 1415 cum
3464 1362 3598 1418 dicit
3628 1380 3643 1417 :
3685 1365 3762 1419 Ne

2185 1433 2369 1499 putetis
2410 1437 2545 1504 quod
2568 1453 2659 1509 ego
2699 1456 2927 1497 accusem
2954 1461 3040 1499 vos
3086 1445 3267 1518 (Joau.
3315 1450 3370 1505 5.
3398 1451 3515 1521 45).
3564 1456 3636 1508 At
3662 1454 3760 1509 hoc

2184 1526 2505 1582 contumelia
2527 1543 2631 1584 non
2648 1540 2749 1596 est,
2773 1533 2930 1589 absit.
2950 1535 3084 1591 Vide
3100 1552 3227 1607 ergo
3249 1554 3368 1595 cum
3395 1554 3595 1612 quanta
3616 1560 3760 1600 man-

2180 1616 2464 1672 suetudine
2492 1619 2612 1676 illos
2637 1622 2959 1693 alloquatur.
3006 1625 3302 1682 Nesciebam
3322 1672 3338 1697 ,
3370 1632 3579 1702 inquit,
3625 1636 3759 1704 quod

2178 1721 2403 1762 summus
2420 1712 2654 1767 sacerdos
2678 1713 2771 1768 Dei
2794 1727 2942 1773 esset.
2965 1717 3080 1774 Hoc
3098 1719 3250 1788 dixit,
3281 1737 3455 1793 neque
3477 1725 3566 1780 hic
3591 1727 3755 1794 stetit;

2178 1796 2273 1852 sed
2299 1800 2588 1858 ostendens
2610 1818 2671 1859 se
2694 1820 2801 1860 non
2832 1808 3034 1888 ironice
3062 1811 3226 1882 loqui,
3252 1813 3435 1869 addit:
3462 1814 3759 1888 Principem

2178 1889 2356 1958 populi
2378 1894 2452 1945 tui
2478 1911 2580 1950 non
2602 1858 3400 1975 ntaledicesjﬁdenrquomodo
3427 1908 3583 1965 illum
3614 1858 3759 1982 prin-

2176 1978 2347 2050 cipem
2371 1984 2545 2040 adhuc
2568 1988 2888 2045 conﬁtetur?

2248 2074 2591 2135 Mansuetudo
2614 2084 3012 2141 commendatur.
3028 2117 3099 2127 —
3118 2087 3395 2145 Discamus
3423 2107 3556 2164 ergo
3576 2103 3633 2149 et
3658 2111 3755 2150 nos

2175 2169 2656 2238 mansuetudinem,
2688 2183 2746 2227 ut
2768 2174 2820 2229 in
2844 2177 3084 2247 utrisque
3110 2179 3278 2235 simus
3306 2182 3553 2251 perfecti.
3586 2185 3745 2241 Multa

2174 2258 2316 2313 enim
2342 2263 2682 2319 accuratione
2700 2279 2835 2336 opus
2857 2276 2966 2333 εει,
2993 2277 3052 2323 ut
3071 2268 3305 2326 discatur
3322 2273 3451 2342 quid
3478 2274 3604 2339 hoc.
3626 2278 3751 2346 quid

2174 2350 2305 2405 illud
2332 2352 2401 2406 sit
2441 2357 2822 2413 :accuratione
2867 2369 3045 2415 autem
3086 2376 3222 2431 opus
3261 2373 3373 2431 est,
3403 2367 3531 2436 quia
3579 2369 3750 2424 vicina

2172 2453 2299 2496 sunt
2324 2444 2605 2501 virtutibus
2632 2448 2758 2503 vitia
2780 2489 2796 2515 ,
2826 2448 3038 2506 dicendi
3068 2452 3299 2509 libertati
3325 2456 3571 2527 audacia,
3601 2476 3750 2515 man-

2170 2535 2435 2590 suetudini
2450 2537 2672 2606 ignavia.
2689 2540 2995 2597 Cavendum
3015 2553 3191 2600 autem
3213 2556 3315 2614 est,
3336 2564 3403 2603 ne
3418 2551 3540 2619 quis
3561 2553 3744 2606 vitium

2174 2634 2359 2681 tenens
2382 2628 2632 2683 virtutem
2655 2646 2714 2686 se
2744 2642 2892 2701 putet
2922 2632 3122 2690 habere
3147 2653 3160 2701 ;
3194 2647 3251 2691 ut
3273 2639 3317 2693 si
3347 2641 3466 2709 quis
3495 2642 3746 2710 Opinetur

2170 2717 2395 2788 sejungi
2412 2719 2663 2788 dominae,
2691 2721 2817 2776 dum
2838 2724 3077 2796 jungitur
3104 2728 3329 2782 ancillae.
3352 2730 3486 2797 Quid
3512 2743 3595 2787 est
3615 2750 3745 2803 ergo

2171 2811 2521 2866 mansuetudo
2543 2851 2561 2879 ,
2601 2822 2656 2867 et
2682 2814 2805 2884 quid
2846 2824 2928 2870 est
2959 2817 3208 2887 ignavia?
3232 2818 3367 2875 Cum
3410 2822 3544 2875 alios
3583 2824 3743 2881 lzestis

2170 2916 2278 2955 non
2316 2900 2685 2970 defendimus,
2728 2905 2821 2960 sed
2864 2914 3136 2975 tacemus,
3180 2909 3312 2964 illud
3357 2920 3439 2966 est
3470 2913 3683 2985 ignavia
3720 2930 3741 2972 :

2168 2992 2383 3061 quando
2408 3001 2584 3048 autem
2611 2996 2750 3051 male
2774 2996 2950 3052 affecti
2975 2998 3262 3055 toleramus
3282 3043 3296 3067 ,
3330 3003 3457 3057 illud
3490 3016 3575 3060 est
3595 3024 3745 3061 man-

2167 3085 2413 3140 suetudo.
2455 3087 2592 3154 Quid
2631 3098 2716 3143 est
2758 3090 3008 3161 loquendi
3051 3094 3310 3150 libertas?
3351 3096 3485 3152 Illud
3528 3100 3736 3168 ipsum,

2166 3190 2285 3229 cum
2312 3192 2410 3246 pro
2434 3178 2555 3233 aliis
2579 3180 2936 3238 decertamus.
2956 3184 3091 3252 Quid
3113 3187 3374 3243 audacia?
3400 3190 3629 3256 Quando
3646 3208 3735 3246 nos

2168 3268 2317 3337 ipsos
2357 3269 2537 3325 ulcisci
2567 3272 2830 3330 volumus.
2876 3274 3058 3346 Itaque
3105 3278 3266 3334 simul
3301 3280 3597 3352 junguntur
3621 3300 3728 3337 ma-

2164 3363 2482 3430 gnanimitas
2521 3373 2574 3420 et
2616 3366 2827 3423 dicendi
2867 3369 3114 3437 libertas;
3146 3372 3383 3443 itemque
3438 3375 3650 3429 audacia
3680 3387 3730 3429 et

2166 3455 2392 3525 ignavia.
2424 3459 2524 3525 Qui
2552 3461 2692 3517 enim
2721 3478 2819 3533 pro
2845 3466 3022 3536 seipso
3052 3483 3157 3523 non
3186 3468 3351 3535 dolet,
3384 3473 3469 3526 vix
3495 3487 3589 3542 pro
3619 3474 3734 3527 aliis

2163 3547 2400 3617 dolebit;
2433 3553 2523 3622 qui
2563 3569 2691 3610 vero
2725 3557 2959 3627 seipsum
2993 3574 3098 3613 non
3144 3561 3421 3617 ulciscitur
3444 3606 3458 3630 ,
3492 3566 3581 3619 vix
3607 3565 3736 3619 alios

2164 3656 2268 3694 non
2299 3642 2605 3700 ulciscetur.
2651 3646 2781 3701 Cum
2812 3650 2955 3704 enim
2982 3665 3159 3707 mores
3197 3663 3322 3707 sunt
3345 3670 3374 3707 a
3404 3657 3737 3724 passionihus

2165 3732 2311 3799 puri,
2340 3734 2587 3791 virtutem
2615 3737 2919 3794 admittunt.
2948 3739 3017 3796 Ut
3045 3756 3239 3811 corpus
3280 3760 3309 3797 a
3351 3745 3489 3800 febri
3515 3748 3736 3804 liberum

2162 3824 2324 3880 robur
2362 3828 2580 3897 accipit,
2613 3830 2689 3884 sic
2736 3832 2911 3887 anima
2941 3834 3276 3902 passionihus
3304 3852 3413 3891 non
3445 3850 3698 3909 corrupta
3719 3881 3734 3903 ,

2163 3915 2523 3974 fortitudinem
2543 3920 2754 3990 accipit.
2782 3921 2981 3994 Magna:
3007 3924 3333 3983 fortitudinis
3363 3929 3625 3985 indicium
3658 3940 3736 3986 est

2162 4011 2551 4066 mansuetudo:
2579 4028 2839 4081 generosa
2878 4024 2933 4071 et
2956 4017 3091 4072 virili
3121 4020 3299 4074 anima
3340 4020 3737 4093 admodumque

2160 4100 2371 4155 sublimi
2388 4116 2523 4171 Opus
2540 4104 2700 4159 habet
2725 4108 3092 4163 mansuetudo.
3108 4110 3189 4164 An
3205 4126 3386 4180 parum
3409 4128 3533 4169 esse
3545 4123 3702 4184 putas
3716 4157 3731 4181 ,

2160 4191 2297 4245 male
2323 4190 2463 4247 afﬁci
2492 4203 2546 4247 et
2576 4197 2680 4263 pati
2708 4237 2723 4261 ,
2764 4204 2819 4252 et
2847 4213 2954 4253 non
2993 4202 3339 4270 exasperari?
3375 4203 3490 4259 Nec
3514 4206 3735 4261 aberra-

2157 4284 2327 4349 verit,
2356 4284 2447 4352 qui
2472 4299 2653 4339 curam
2672 4289 2898 4357 proximi
2918 4293 3000 4345 sui
3026 4291 3386 4349 fortitudinem
3419 4300 3732 4353 vocaverit:

2157 4372 2246 4442 qui
2273 4376 2415 4429 enim
2447 4384 2648 4432 tantum
2675 4378 2875 4445 valuit,
2906 4394 2964 4437 ut
2993 4392 3190 4438 tantam
3220 4388 3533 4454 passionem.
3556 4389 3734 4444 vince-

2156 4475 2274 4531 ret,
2317 4467 2473 4522 aliam
2502 4484 2713 4539 quoque
2741 4475 2952 4543 aggredi
2978 4477 3210 4532 audebit.
3244 4479 3487 4550 Exempli
3526 4498 3687 4536 causa
3714 4526 3729 4548 ,

2154 4558 2274 4613 dum
2304 4562 2576 4630 passiones
2603 4574 2728 4619 sunt
2753 4568 2911 4623 timor
2938 4578 2992 4624 et
3016 4570 3091 4624 ira
3123 4589 3138 4625 :
3164 4573 3207 4626 si
3232 4573 3361 4627 iram
3387 4590 3730 4647 compescue-

2155 4653 2260 4719 ris,
2304 4654 2548 4711 timorem
2597 4669 2744 4715 certe
2779 4662 2993 4727 vinces;
3026 4663 3159 4718 iram
3196 4676 3371 4721 autem
3422 4668 3596 4724 vincis
3620 4711 3635 4733 ,
3683 4670 3727 4724 si

2153 4755 2462 4802 mansuetus
2504 4749 2577 4802 sis
2622 4767 2635 4803 :
2668 4752 2825 4821 igitur
2855 4763 2909 4808 ει
2948 4754 3189 4811 timorem
3219 4758 3404 4813 vinces
3427 4802 3441 4825 ,
3484 4762 3530 4815 si
3573 4761 3727 4816 fortis

2152 4836 2333 4891 fueris.
2366 4837 2571 4894 Rursus
2614 4842 2657 4895 si
2696 4844 2829 4897 iram
2878 4861 2981 4899 non
3014 4848 3232 4913 viceris,
3275 4851 3444 4904 audax
3489 4854 3639 4918 eris;
3682 4857 3726 4908 si

2150 4940 2327 4985 autem
2359 4932 2460 4987 hoc
2490 4934 2671 4989 vitium
2718 4950 2822 4991 non
2850 4943 3214 5007 superaveris,
3263 4959 3435 5014 neque
3477 4947 3725 5001 timorem

2150 5038 2402 5092 superare
2427 5029 2624 5095 poteris
2656 5047 2670 5083 :
2699 5028 2875 5101 itaque
2898 5032 3273 5092 formidolosus
3300 5039 3440 5103 eris;
3465 5039 3725 5110 idipsum-

2148 5129 2250 5183 que
2277 5117 2499 5186 accidit,
2548 5135 2612 5175 ac
2653 5122 2696 5175 si
2737 5138 2930 5193 corpus
2960 5126 3027 5179 ita
3067 5128 3242 5183 debile
3282 5129 3441 5186 fuerit
3484 5143 3539 5187 et
3581 5135 3723 5189 male

2150 5217 2495 5276 temperatum
2517 5252 2532 5276 ,
2560 5220 2619 5267 ut
2638 5214 2840 5269 nullum
2869 5218 3037 5285 possit
3065 5216 3206 5274 ferre
3227 5220 3465 5276 laborem
3496 5241 3509 5277 :
3539 5226 3718 5280 statim

2148 5299 2231 5353 vel
2260 5315 2289 5353 a
2319 5301 2513 5372 frigore
2540 5306 2625 5360 vel
2651 5321 2680 5358 a
2711 5307 2888 5362 calore
2914 5310 3173 5381 abripitur
3202 5331 3218 5367 :
3248 5314 3351 5368 tale
3376 5330 3608 5386 namque
3636 5329 3719 5373 est

2145 5390 2199 5444 id
2241 5433 2255 5456 ,
2285 5394 2424 5463 quod
2466 5406 2549 5451 est
2583 5399 2717 5453 male
2771 5408 3151 5471 temperatum;
3180 5407 3321 5475 quod
3364 5421 3545 5464 autem
3578 5411 3717 5467 bene

2146 5492 2497 5553 temperatum
2524 5500 2635 5557 est,
2661 5495 2837 5545 omnia
2866 5496 3110 5551 sustinet.
3155 5497 3385 5553 Rursum
3431 5503 3713 5572 magnani-

2144 5578 2298 5631 mitas
2316 5580 2484 5636 virtus
2507 5594 2588 5638 εει
2606 5624 2620 5648 ,
2643 5584 2823 5653 illique
2848 5586 3016 5643 vicina
3040 5599 3121 5644 est
3149 5592 3495 5663 prodigalitas
3524 5614 3537 5648 :
3564 5611 3709 5652 meo.

2144 5672 2318 5723 nomia
2363 5672 2534 5726 virtus
2575 5684 2689 5739 est,
2729 5676 2933 5747 ipsique
2959 5680 3128 5734 vicina
3156 5691 3239 5736 est
3277 5686 3612 5753 parcimonia
3654 5700 3705 5743 et

2144 5760 2409 5819 sordities.
2441 5766 2551 5835 Age
2579 5780 2946 5835 ergo,rursum
2974 5772 3191 5828 virtutes
3221 5774 3558 5847 colligamus.
