4002 6224
167 360 253 415 δδδ

170 493 258 541 σαι,
278 472 433 525 ταῦτα
455 470 629 533 οὕτως
647 469 813 532 εἶπεν,
838 466 971 520 ἀλλά
997 467 1074 537 τῷ
1097 468 1246 538 νόμῳ
1274 467 1366 520 καὶ
1391 464 1622 518 ἐνταῦθα
1646 479 1766 514 πει-

169 564 374 630 θόμενος.
421 558 528 611 Καὶ
569 557 767 628 σφόδρα
812 555 1063 624 πείθομαι
1100 553 1172 624 μὴ
1206 553 1398 606 εἰδέναι
1439 551 1632 612 αὑτὸν,
1681 549 1764 601 ὅτι

168 647 414 721 ἀρχιερεύς
433 648 564 706 ἐστι,
589 644 674 697 διὰ
701 643 910 715 μακροῦ
944 644 1038 713 μὲν
1067 641 1422 696 ἐπανελθόντα
1453 639 1665 709 χρόνου,
1691 635 1764 706 μὴ

167 735 508 804 συγγινόμενον
557 731 613 784 δὲ
669 731 904 800 συνεχῶς
967 729 1256 793 Ἰουδαίοις,
1307 729 1517 797 ὁρῶντα
1561 727 1618 779 δὲ
1671 726 1766 779 καὶ

167 826 336 876 ἐκεῖνον
363 823 414 873 ἐν
431 819 507 889 τῷ
531 819 681 888 μέσῳ
701 818 836 887 μετά
859 816 1069 869 πολλῶν
1093 817 1185 869 καὶ
1207 816 1428 887 ἐτέρων⁶
1454 815 1634 868 οὐκέτι
1656 814 1765 883 γὰρ

163 910 292 979 δῆλος
309 904 370 978 ἦν
394 908 420 958 6
441 907 727 975 ἀρχιερεὺς
756 903 962 956 πολλῶν
983 903 1150 956 ὄντων
1174 903 1270 956 καὶ
1292 903 1580 972 διαφόρων.
1611 901 1766 954 Οὕτω

168 1013 241 1067 μοι
261 992 506 1047 καὶτοῦτο
535 991 671 1061 πρὸς
707 991 902 1053 αὑτοὺς
926 989 1306 1043 ἀποτείνασθαι
1337 988 1501 1048 δοκεῖ,
1531 987 1764 1048 δεικνὺς.

163 1087 229 1138 ὃτι
251 1084 382 1151 νόμῳ
415 1080 684 1139 πείθεται,
711 1079 803 1131 καὶ
828 1079 915 1132 διά
949 1077 1104 1130 τοῦτο
1131 1077 1497 1144 ἀπολογεῖται.
1540 1075 1768 1142 Ἴδωμεν

163 1171 210 1224 δὲ
239 1169 418 1224 ἀνωθεν
451 1166 520 1220 τὰ
558 1166 843 1238 εἰρημένα.
874 1163 1369 1233 Προσευχομένου
1402 1181 1542 1230 μου,
1582 1162 1766 1230 φησὶν,

162 1258 218 1311 ἐν
242 1255 311 1321 τῷ
337 1253 491 1324 ἱερῷ,
527 1253 764 1322 ἐγένετο
794 1252 1073 1320 γενέσθαι
1097 1267 1172 1319 με
1209 1249 1279 1302 ἐν
1307 1248 1611 1303 ἐκστάσει.
1654 1248 1771 1299 Ἵνα

162 1343 473 1413 δηλώσῃ,ὃτι
498 1342 596 1412 οὑχ
627 1340 812 1402 ἁπλῶς
853 1337 1120 1408 φαντασία
1155 1333 1242 1407 ἦν,
1277 1335 1368 1388 διά
1407 1335 1567 1388 τοῦτο
1601 1350 1770 1405 προσ-

163 1429 298 1498 έθηκε
332 1427 405 1488 τὸ,
435 1423 926 1494 Προσευχομένου
952 1439 1090 1490 μου.
1122 1419 1402 1474 Σπεῦσον
1430 1418 1528 1472 καί
1565 1417 1771 1482 ἔξελθε

161 1514 398 1580 ἐντάλίει,
424 1515 576 1582 φησὶ,
605 1512 753 1564 διότι
782 1512 853 1564 οὐ
882 1507 1317 1576 παραδέξονταί
1345 1521 1460 1560 σου
1488 1505 1602 1572 τὴν
1623 1520 1772 1572 μαρ-

162 1603 357 1669 τυρίαν.
393 1599 653 1654 Ἐνταῦθα
677 1598 965 1656 δείκνυσιν,
988 1597 1072 1649 ὅτι
1103 1596 1222 1664 οὑχὶ
1246 1593 1576 1662 φοϐούμενος
1597 1589 1774 1646 αὑτῶν

159 1691 264 1752 τοὺς
286 1688 545 1751 κινδύνους
572 1687 794 1754 ἔφυγεν,
816 1683 928 1737 ἀλλ’
949 1685 1032 1736 ὃτι
1053 1683 1152 1736 οὑκ
1179 1681 1417 1750 ἐδέχοντο
1444 1679 1540 1748 τὴν
1567 1695 1776 1748 μαρτυ-

164 1776 264 1846 ρίαν
285 1774 455 1828 αὑτοῦ.
481 1774 584 1827 Διά
608 1773 661 1828 τί
686 1773 743 1826 δὲ
771 1767 942 1834 εἶπεν,
977 1771 1060 1824 ὅτι
1086 1769 1264 1823 Αὐτοὶ
1293 1767 1661 1830 ἐπίστανται,
1689 1765 1777 1818 ὅτι

160 1862 254 1932 ἐγὼ
275 1863 422 1931 ἤμην
451 1861 798 1930 δεσμεύων;
834 1858 948 1912 Οὐκ
976 1856 1282 1924 ἀντιλέγων
1304 1854 1382 1924 τῷ
1418 1851 1656 1924 Χριστῷ,
1702 1853 1776 1922 μὴ

162 1950 370 2015 γένοιτο’
409 1947 541 2005 ἀλλά
580 1945 896 2018 βουλόμενος
942 1943 1134 2015 μαθεῖν
1174 1943 1235 1995 τὸ
1276 1941 1418 1994 οὕτω
1453 1938 1776 2011 παράδοξον.

161 2037 408 2105 Πορεύου,
424 2035 610 2106 φησὶν,
635 2033 724 2086 ὅτι
741 2031 855 2101 ἐγὼ
873 2033 960 2097 εἰς
980 2031 1122 2096 ἔθνη
1141 2029 1376 2098 μακρὰν
1393 2023 1780 2092 ἐξαποστελῶ

163 2140 237 2176 σε.
264 2126 410 2196 Ὀραο
439 2125 541 2178 οὑκ
580 2119 818 2186 ἐδίδαξεν
851 2119 1012 2174 αὑτὸν
1039 2120 1068 2172 ὁ
1104 2116 1357 2188 Χριστὸς,
1390 2115 1442 2168 τί
1466 2114 1544 2167 δεῖ
1573 2116 1777 2196 ποιεῖν,

163 2211 255 2264 ἀλλ’
297 2195 406 2265 εἷπε
441 2211 605 2282 μόνον
651 2207 927 2272 ἀπελθεῖν,
970 2205 1063 2259 καί
1107 2204 1383 2257 πείθεται·
1417 2200 1670 2254 τοσοῦτον
1713 2195 1782 2269 ῆν

164 2296 492 2366 καταπειθήςί
535 2294 649 2350 Καὶ
694 2293 928 2361 ἐπῆραν
968 2291 1083 2359 τὴν
1121 2289 1268 2362 [561]
1317 2287 1524 2358 φωνὴν
1563 2283 1779 2350 αὐτῶν,

166 2385 292 2453 φησὶ,
323 2384 624 2453 λέγοντες·
650 2378 788 2449 Alps
818 2382 1025 2435 αὐτόν·
1056 2381 1127 2432 οὐ
1163 2379 1275 2447 γὰρ
1307 2374 1569 2442 καθῆκεν
1597 2372 1782 2426 αὐτὸν

165 2471 265 2540 (rjr.
292 2475 349 2526 Ὢ
370 2475 464 2543 τῆς
497 2470 858 2543 θρασύτητοςί
887 2469 983 2522 καὶ
1013 2467 1118 2539 μὴν
1147 2467 1291 2537 ὑμᾶς
1314 2464 1374 2516 οὑ
1403 2462 1633 2532 καθήκει
1662 2458 1781 2530 ζῇν,

166 2561 263 2628 οὐχὶ
294 2559 470 2612 τοῦτον
495 2559 592 2612 τὸν
622 2557 802 2611 πάντα
831 2555 1148 2625 πειθόμενον
1188 2552 1266 2622 τῷ
1307 2551 1447 2621 Θεῷ.
1485 2544 1557 2601 Ὠ
1601 2547 1786 2619 μιαροὶ

167 2650 242 2700 καὶ
263 2647 584 2718 ἀνδροφόνοι.
625 2645 731 2699 Καί
762 2643 833 2697 τὰ
869 2642 1062 2712 ἱμάτια
1103 2637 1600 2702 ἐκτινάσσοντες,
1632 2635 1785 2706 φησὶ,

168 2733 436 2802 κονιορτὸν
471 2733 716 2787 ἔϐαλον.
771 2730 929 2782 Ὥστε
967 2726 1349 2798 χαλεπωτέραν
1395 2722 1648 2792 γενέσθαι
1691 2720 1788 2791 τὴν

168 2821 322 2874 στάσιν
351 2820 506 2874 τοῦτο
537 2817 809 2879 ποιοῦσιν,
841 2817 874 2887 ἢ
913 2817 1009 2869 καὶ
1042 2814 1276 2884 φοϐῆσαι
1308 2811 1615 2881 βουλόμενοι
1637 2821 1664 2848 ι
1697 2808 1788 2861 τὸν

166 2906 383 2975 ἄρχοντα.
418 2908 526 2960 Καὶ
561 2907 687 2976 ὃρα·
723 2904 783 2956 οὕ
817 2903 1034 2970 λέγουσι
1053 2900 1151 2972 τὴν
1184 2898 1384 2960 αἰτίαν,
1411 2895 1598 2965 ἐπειδὴ
1626 2893 1790 2965 μηδὲν

166 2990 287 3064 εἶχον
303 2997 491 3061 εἰπεῖν,
525 2994 670 3049 ἀλλά
699 2995 766 3063 τῇ
797 2991 891 3062 βοῇ
915 2988 1282 3058 καταπλήξειν
1300 2987 1519 3039 οἴονταιο
1547 2985 1644 3037 καὶ⁸
1685 2983 1792 3054 μὴν

167 3083 293 3150 παρά
314 3083 414 3135 τῶν
447 3080 778 3152 κατηγόρων
803 3079 968 3148 ἐχρῆν
1013 3074 1224 3146 μαθεῖν.
1259 3071 1369 3128 Καὶ
1412 3074 1444 3126 ὁ
1481 3071 1793 3140 χιλίαρχος

167 3168 413 3237 ἐφοϐήθη,
443 3171 636 3240 φησὶν,
680 3164 980 3235 ἐπιγνοὺς,
1016 3161 1104 3216 ὅτι
1138 3158 1418 3229 Ῥωμαῖός
1449 3158 1638 3212 ἐστιν.
1680 3156 1793 3209 οὑκ

169 3255 256 3325 ἀρα
285 3257 465 3326 ψεῦδος
502 3253 578 3326 ἦν
617 3254 678 3306 τὸ
731 3253 1000 3321 Ῥωμαῖον
1044 3249 1234 3303 ἐαυτὸν
1276 3242 1414 3300 εἶναι
1451 3245 1541 3299 τὸν
1583 3243 1794 3298 Παυλον

172 3345 332 3397 εἰπεῖν.
363 3345 474 3398 Καὶ
517 3344 756 3397 ἔλυσεν
796 3339 980 3393 αὐτὸν
1021 3337 1139 3391 ἀπὸ
1180 3334 1297 3388 τῶν
1331 3333 1600 3402 δεσμῶν,
1641 3330 1792 3402 φησὶ,

172 3431 252 3482 καί
287 3431 635 3501 καταγαγὼν
689 3428 954 3495 ἔστησεν
996 3427 1083 3491 είς
1128 3423 1193 3476 τὸ
1243 3421 1581 3488 συνέδριον.
1627 3416 1797 3471 Τοῦτο

174 3516 257 3569 ἔδει
292 3519 502 3589 ποιῆσαι
552 3515 708 3586 παρά
746 3515 843 3585 τὴν
883 3513 1075 3583 ἀρχὴν,
1119 3510 1212 3563 καὶ
1259 3510 1395 3579 μήτε
1438 3508 1619 3576 δῆσαι,
1659 3507 1796 3576 μήτε

175 3603 462 3674 βουληθῆναι
510 3600 809 3676 μαστίξαι,
851 3598 987 3652 ἀλλά
1029 3596 1344 3650 καταλιπεῖν
1396 3594 1559 3664 μηδὲν
1590 3590 1799 3645 τοιοῦτό

171 3706 214 3741 τι
236 3695 538 3762 ποιήσαντα,
567 3690 710 3743 ὥστε
739 3688 830 3740 καὶ
857 3684 1192 3756 δεσμεῖσθαι.
1216 3682 1322 3736 Καὶ
1347 3681 1573 3734 ἔλυσεν
1593 3677 1797 3741 αὐτὸν,

174 3780 310 3847 φησὶ,
339 3781 431 3833 καί
462 3774 823 3846 καταγαγὼν
856 3775 940 3838 είς
969 3770 1187 3836 αὐτοὺς
1215 3769 1457 3835 ἔστησε.
1492 3763 1664 3818 Τοῦτο
1695 3764 1801 3833 μά-

172 3862 347 3918 λισται»
389 3868 686 3938 ἠπόρησαν
711 3863 760 3915 οί
803 3860 1064 3914 Ἰουδαῖοι.
1122 3857 1420 3920 Ἀτενίσας
1461 3851 1528 3904 δὲ
1566 3851 1803 3938 Παῦλος

172 3947 238 4013 τῷ
271 3935 584 4021 συνεδρίω,
635 3949 819 4020 φησὶν,
861 3943 1047 4000 εἶπεν·
1093 3943 1338 4010 Ἀνδρες
1381 3937 1650 4006 ἀδελφοί.
1692 3935 1806 3987 Ἐν-

172 4035 319 4090 ταῦθα
357 4041 452 4107 τὴν
498 4035 821 4106 παρρησίαν
860 4032 1021 4086 αὑτοῦ
1054 4031 1353 4091 δείκνυσιν,
1389 4025 1450 4078 τὸ
1487 4022 1805 4092 ἀκατάπλη-

175 4137 278 4175 κτον
301 4137 345 4179 ε.
388 4125 530 4178 Ἀλλ’
563 4125 672 4193 ὅρα
697 4122 788 4175 κοιλ⁵
821 4121 1043 4174 ἐκείνων
1066 4119 1127 4171 τὸ
1161 4118 1370 4186 ἰταμόν·
1401 4115 1647 4184 ἐπήγαγε
1673 4112 1802 4180 γάρ’

182 4211 233 4262 '0
259 4213 322 4265 δὲ
349 4212 672 4283 ἀρχιερεὺς
716 4211 986 4273 Ἀνανίας
1017 4208 1260 4260 τύπτειν
1288 4203 1473 4257 αὑτοῦ
1518 4200 1583 4254 τὸ
1616 4202 1809 4267 στόμα

172 4297 413 4365 ἐπέταξε.
447 4303 547 4355 Διά
585 4299 640 4353 τί
675 4299 932 4360 τύπτεις;
961 4295 1013 4348 τί
1040 4295 1147 4365 γὰρ
1173 4291 1324 4346 εἶπεν
1359 4288 1700 4361 ὑϐριστικόν;
1745 4287 1809 4338 Ὢ

170 4385 252 4453 τῆς
275 4388 693 4459 ἀναισχυντίαςί
727 4385 773 4438 ῶ
809 4385 909 4454 τῆς
939 4381 1306 4452 θρασύτητοςί
1343 4378 1482 4431 Τότε
1507 4380 1540 4430 ό
1572 4373 1810 4438 Παῦλος

172 4474 302 4539 πρὸς
329 4479 537 4544 αὐτὸν,
573 4476 768 4543 φησὶν,
796 4469 943 4526 εἷπε·
981 4471 1226 4524 Τύπτειν
1248 4484 1322 4521 σε
1348 4466 1557 4535 μέλλει
1582 4468 1613 4518 ό
1645 4462 1808 4526 Θεὸς,

171 4559 310 4628 τοῖχε
334 4562 747 4631 κεκονιαμένε.
776 4559 948 4612 Βαϐαὶ
962 4559 1060 4627 τῆς
1077 4554 1410 4626 παῤῥησίαςῑ
1432 4555 1510 4615 εἰς
1530 4552 1812 4619 ὑπόκρισιν

173 4647 312 4700 αὐτὸν
354 4653 447 4703 καὶ
495 4649 850 4718 παρανομίαν
903 4645 1176 4716 διασύρει·
1222 4642 1310 4696 διὰ
1350 4641 1507 4694 τοῦτο
1550 4638 1678 4707 γοῦν
1723 4636 1814 4687 καὶ¹

174 4739 600 4791 καταστέλλεται.
636 4737 747 4788 Καὶ
777 4733 938 4796 αὑτὸς
973 4732 1070 4802 μὲν
1111 4729 1330 4800 ἀπορῶν
1358 4728 1509 4781 οὐδὲν
1538 4725 1711 4795 τολμᾷ
1741 4724 1816 4775 εί-

175 4825 310 4887 πεῖν,
358 4826 472 4878 ἀλλ’
516 4827 572 4878 οί
619 4823 748 4892 παρ’
792 4821 985 4884 αὑτὸν,
1025 4820 1124 4872 οὑκ
1169 4815 1479 4884 ἐνεγκόντες
1510 4813 1673 4866 αὑτοῦ
1717 4810 1816 4881 τὴν

176 4915 488 4984 παρρησίαν.
523 4913 715 4975 Οὕτως
752 4907 892 4964 εἶδον
923 4908 1208 4978 ἄνθρωπον
1236 4905 1570 4968 θανατῶντα,
1600 4901 1694 4955 καὶ
1719 4901 1817 4968 οὑχ

174 4997 472 5068 ὑπέμειναν.
527 5003 652 5054 Οὐκ
693 4999 896 5067 ᾔδειν,
933 4997 1129 5067 φησὶν,
1166 4993 1254 5047 ὅτι
1287 4991 1593 5061 ἀρχιερεύς
1629 4989 1815 5041 ἐστιν.

179 5083 305 5155 Ἄρα
339 5088 565 5155 ἀγνοίας
599 5089 634 5157 ἡ
679 5085 994 5153 ἐπιτίμησις
1040 5077 1140 5152 ἦν’
1184 5081 1234 5132 εί
1264 5079 1368 5149 γὰρ
1419 5077 1492 5148 μὴ
1532 5075 1688 5127 τοῦτο
1728 5069 1818 5141 ἦν,
1854 5079 1858 5082 “

175 5171 265 5224 κᾶν
290 5173 468 5227 λαϐὼν
501 5175 670 5228 αὑτὸν
697 5171 930 5240 ἀπῆλθε,
961 5170 1054 5223 καὶ
1084 5169 1183 5221 οὑκ
1215 5166 1458 5235 ἐσίγησε,
1489 5162 1592 5214 κᾶν
1626 5159 1820 5224 ἐξέδω-

177 5273 258 5311 κεν
281 5262 460 5326 αὐτοῖς
494 5263 662 5315 αὑτὸν
686 5261 715 5311 6
744 5260 1043 5330 χιλίαρχος.

1152 350 1216 405 IN
1255 349 1437 406 ACTA
1469 343 1996 404 APOSTOLORUM.
2035 343 2268 401 HOMIL.
2305 345 2537 404 XLVIII.

3397 349 3502 407 356

1868 460 1986 530 ούχί
2018 463 2198 526 αὐτοῖς
2244 463 2570 530 ἐνδείξασθαι
2617 465 2963 536 βουλόμενος⁶
3006 467 3128 520 ἐπεὶ
3170 467 3389 523 ἐκείνων
3417 472 3510 527 καὶ

1870 543 2200 612 κατεγνώκει
2232 547 2454 617 σφόδρα.
2488 549 2585 600 Διά
2617 549 2704 601 τὸν
2741 551 2901 619 νόμον
2933 550 3109 602 τοίνυν
3148 552 3510 622 ἀπολογεῖται,

1870 629 1983 682 ἀλλ’
2012 632 2072 684 οὑ
2102 632 2190 684 διὰ
2211 632 2300 685 τὸν
2324 635 2490 703 δῆμον
2507 651 2520 667 ο
2551 635 2772 698 εἰκότως
2793 654 2805 666 ·
2832 637 2892 689 τὸ
2909 637 3016 707 γὰρ
3045 639 3133 691 τδν
3156 641 3306 692 οὐδὲν
3327 642 3516 713 ὴδικη-

1871 717 2000 770 κότα
2034 721 2275 788 ἀναιρεῖν
2293 762 2308 784 ,
2337 722 2430 774 καὶ
2460 722 2632 774 ταῦτα
2674 723 2847 774 ἀθῶον
2877 724 3002 776 ὄντα
3020 764 3035 787 ,
3076 728 3388 797 παράνομον
3424 725 3514 800 ἦν,

1873 805 2080 858 Οὑκοῦν
2116 807 2234 859 οὑδὲ
2263 807 2416 877 ὕϐρις
2453 808 2513 860 τὸ
2543 811 2671 877 παρ’
2700 809 2862 862 αὑτοῦ
2893 811 3177 880 εἰρημένον
3196 853 3211 877 ,
3242 817 3288 867 εἰ
3321 816 3394 886 μὴ
3424 817 3517 869 καὶ

1871 893 1940 945 τὰ
1983 893 2076 946 τοῦ
2114 896 2348 965 Χριστοῦ
2395 897 2548 968 ὕϐριν
2585 899 2722 951 εἴποι
2757 916 2835 961 τις
2878 900 2964 965 ἂν,
3014 902 3140 954 ὃταν
3179 903 3334 977 λέγῃ·
3374 908 3518 960 Οὐαί

1873 981 2036 1051 ὑμῖν,
2061 985 2433 1052 Γραμματεῖς
2459 988 2556 1038 καὶ
2601 987 2927 1054 Φαρισαῖοι,
2981 988 3068 1041 ὅτι
3111 992 3521 1058 παρομοιάζετε

1872 1070 2094 1139 τοίχοις
2125 1074 2584 1143 κεκονιαμένοις.
2626 1075 2767 1138 Ναὶ,
2805 1076 2998 1146 φησίν·
3033 1076 3146 1129 ἀλλ’
3185 1081 3232 1129 εί
3281 1079 3385 1150 πρὸ
3427 1081 3521 1135 τοῦ

1872 1160 2209 1232 τυπτηθῆναι
2231 1159 2402 1226 εἶπεν,
2423 1164 2521 1216 οὑκ
2546 1160 2611 1232 ἦν
2637 1163 2832 1233 θυμοῦ,
2858 1165 2994 1217 ἀλλὰ
3019 1166 3347 1236 παρρησίας.
3383 1169 3523 1222 Ἀλλ’

1875 1241 2024 1299 είπον
2067 1247 2166 1318 τὴν
2207 1249 2418 1315 αἰτίαν,
2471 1251 2551 1302 ὅτι
2589 1251 2687 1302 οὑκ
2734 1251 2981 1304 ἐϐούλετο
3027 1255 3522 1324 καταφρονηθῆναι.

1876 1333 1986 1385 Καὶ
2022 1334 2127 1404 μὴν
2157 1336 2186 1388 6
2219 1337 2448 1406 Χριστὸς
2479 1336 2744 1406 πολλαχοῦ
2781 1337 2998 1407 ὕϐρισεν
3047 1339 3328 1404 Ἰουδαίους
3365 1342 3528 1406 αὑτὸς

1879 1420 2156 1490 ὑϐρισθεὶς
2180 1463 2194 1485 ,
2225 1423 2300 1486 ὼς
2344 1425 2471 1476 ὅταν
2501 1424 2632 1495 λέγῃ
2657 1442 2672 1456 ο
2701 1425 2796 1493 Μὴ
2830 1425 3076 1487 δοκεῖτε,
3111 1426 3197 1480 ὅτι
3237 1427 3350 1496 ἐγὼ
3391 1445 3530 1482 κατ-

1878 1507 2153 1576 ηγορήσω
2170 1509 2352 1579 ὑμῶν.
2390 1511 2525 1564 Ἀλλ’
2553 1513 2652 1564 οὑκ
2679 1512 2790 1564 ἔστι
2814 1512 2969 1565 τοῦτο
2999 1512 3171 1584 ὕϐρις,
3200 1515 3272 1585 μὴ
3299 1517 3525 1583 γένοιτο.

1881 1597 2022 1667 Ὅρα
2053 1596 2203 1664 γοῦν,
2235 1597 2370 1669 πρὸς
2400 1600 2638 1664 ἐκείνους
2668 1601 2785 1671 μεθ’
2808 1601 2938 1670 ὅσης
2969 1602 3268 1665 ἐπιεικείας
3289 1603 3530 1671 διαλέγε-

1879 1700 1990 1738 ται.
2031 1683 2154 1738 Οὐκ
2187 1686 2377 1753 ᾔδειν,
2406 1687 2493 1738 ὅτι
2527 1686 2675 1759 [562]
2717 1688 3025 1756 ἀρχιερεύς
3058 1689 3217 1752 ἐστι,
3244 1690 3396 1759 φησὶ,
3423 1690 3530 1744 τοῦ

1885 1768 2052 1823 Θεοῦ.
2084 1770 2254 1824 Τοῦτο
2280 1767 2434 1834 εἶπε,
2466 1775 2560 1827 καὶ
2592 1776 2691 1827 οὑκ
2714 1775 2876 1845 ἔστη,
2907 1774 3040 1828 ἀλλά
3062 1774 3291 1844 δεικνὺς,
3323 1775 3404 1827 δτι
3430 1775 3533 1828 οὑκ

1883 1856 2248 1926 είρωνεύεται,
2270 1860 2483 1928 ἐπάγει⁸
2508 1863 2792 1930 Ἄρχοντα
2807 1862 2914 1916 τοῦ
2933 1863 3086 1916 λαοῦ
3109 1879 3224 1916 σου
3246 1864 3356 1916 οὐκ
3380 1862 3534 1930 ἐρεῖς

1885 1943 2097 2009 κακῶς.
2134 1945 2377 2011 Βλέπεις,
2420 1947 2534 2011 πῶς
2567 1949 2661 2002 καὶ
2688 1949 2920 2018 ἄρχοντα
2948 1948 3109 2002 αὑτὸν
3140 1949 3218 2001 ἐτι
3251 1949 3531 2020 ὁμολογεῖς

1955 2031 2232 2101 Μὰθωμεν
2276 2035 2456 2087 τοίνυν
2498 2033 2593 2087 καὶ
2635 2037 2797 2104 ἡμεῖς
2841 2035 2939 2105 τὴν
2985 2035 3305 2098 ἐπιείκειαν,
3347 2037 3433 2088 ἵνα
3475 2037 3536 2090 ἐν

1887 2117 2166 2188 ἑκατέροις
2207 2114 2359 2189 ὦμεν
2400 2121 2815 2193 ἀπηρτισμένοι.
2868 2122 3073 2191 Πολλῆς
3110 2123 3218 2194 γάρ
3252 2121 3536 2192 ἀκριϐείας

1886 2203 1986 2268 δεῖ,
2014 2204 2152 2258 ὥστε
2189 2206 2374 2276 μαθεῖν
2406 2207 2458 2258 τί
2497 2207 2595 2277 μὲν
2625 2205 2814 2270 τοῦτο,
2855 2209 2909 2260 τί
2947 2208 3003 2261 δὲ
3031 2210 3224 2262 ἐκεῖνοο
3255 2208 3537 2280 ἀκριϐείας

1888 2291 1946 2344 δὲ
1971 2293 2072 2357 δεῖ,
2097 2293 2178 2346 ὅτι
2205 2295 2612 2365 παρυφεστᾶσιν
2639 2294 2829 2357 αὑταῖς
2857 2297 2911 2348 αί
2939 2298 3147 2356 κακίαι,
3172 2297 3238 2367 τῇ
3273 2297 3370 2366 μὲν
3396 2299 3540 2368 παρ-

1892 2378 2058 2450 ρησίᾳ
2102 2379 2395 2450 θρασύτης,
2441 2383 2506 2451 τῇ
2553 2380 2610 2433 δέ
2651 2382 2920 2453 ἐπιεικείᾳ
2972 2383 3247 2454 ἀνανδρία·
3284 2383 3379 2437 καὶ
3423 2383 3540 2438 δέον

1891 2468 2261 2535 περισκοπεῖν,
2291 2466 2365 2538 μὴ
2384 2467 2480 2537 τὴν
2502 2467 2698 2520 κακίαν
2727 2485 2810 2530 τις
2839 2469 3106 2539 κατέχων,
3134 2469 3261 2544 δόξῃ
3287 2472 3387 2542 τὴν
3413 2463 3565 2543 ape?

1891 2551 1991 2621 τὴν
2029 2550 2200 2621 ἔχειν·
2231 2552 2416 2624 ὥσπερ
2446 2553 2513 2606 ἂν
2539 2553 2594 2605 εί
2616 2571 2698 2616 τις
2725 2554 2898 2608 δοκῶν
2925 2559 2990 2627 τῇ
3015 2556 3268 2629 δεσποίνῃ
3297 2559 3545 2628 συγγίνε-

1895 2640 2038 2705 σθαι,
2065 2641 2281 2712 ἀγνοοίη
2307 2645 2372 2713 τῇ
2401 2641 2739 2713 θεραπαινίδι
2770 2642 2960 2698 συνών.
2988 2645 3052 2698 Τί
3081 2641 3173 2699 οὖν
3199 2647 3345 2700 ἐστιν
3375 2648 3547 2700 ἐπιεί-

1894 2745 2035 2794 κεια,
2065 2729 2155 2782 καὶ
2186 2728 2237 2782 τί
2265 2729 2557 2801 ἀνανδρία;
2602 2732 2768 2783 Ὅταν
2805 2732 3011 2802 ἑτέροις
3043 2733 3141 2802 μὲν
3175 2733 3547 2804 ἀδικουμένοις

1899 2815 1974 2887 μὴ
2016 2816 2341 2886 ἀμύνωμεν,
2380 2816 2515 2869 ἀλλά
2549 2818 2788 2888 σιγῶμεν
2825 2819 2977 2871 αὑτοὶ
3000 2859 3015 2883 ,
3057 2818 3214 2873 τοῦτο
3259 2805 3549 2890 ἀνανδρίας

1897 2901 2075 2954 ἐστίν’
2106 2902 2233 2955 ὅταν
2265 2901 2319 2954 δὲ
2348 2903 2503 2955 αὑτοὶ
2537 2904 2722 2966 κακῶς
2753 2904 3049 2974 πάσχοντες
3076 2905 3328 2976 φέρωμεν
3351 2948 3366 2972 ,
3391 2907 3549 2962 τοῦτο

1899 2988 2184 3043 ἐπιείκεια.
2232 2988 2297 3040 Τί
2341 2989 2655 3060 παρῤησία;
2714 2989 2882 3042 Πάλιν
2925 2990 2987 3042 τὸ
3037 2992 3197 3055 αὐτὸ,
3236 2993 3364 3044 ὅταν
3409 2991 3550 3062 ὑπὲρ

1899 3075 2098 3145 ἐτέρων
2139 3075 2552 3146 ἀγωνιζώμεθα.
2605 3076 2670 3128 Τί
2725 3076 2811 3130 δαὶ
2859 3076 3160 3146 θρασύτης;
3214 3079 3380 3132 Ὅταν
3412 3078 3552 3148 ὑπὲρ

1899 3162 2053 3232 ήμῶν
2084 3162 2264 3216 αὐτῶν
2293 3161 2590 3232 ἀμύνεσθαι
2619 3162 2955 3233 βουλώμεθα.
2990 3165 3150 3217 Ὥστε
3182 3165 3554 3235 μεγαλοψυχία

1899 3247 2034 3318 ὁμοῦ
2072 3249 2168 3301 καὶ
2191 3250 2491 3320 παρρησία,
2524 3250 2619 3302 καὶ
2651 3249 2926 3321 θρασύτης
2959 3251 3118 3305 πάλιν
3150 3252 3244 3304 καί⁸
3273 3253 3551 3322 ἀνανδρία.

1913 3336 1972 3388 ’0
2000 3334 2107 3406 γὰρ
2137 3336 2276 3406 ὑπὲρ
2301 3335 2502 3390 ’ἑαυτοῦ
2536 3338 2608 3407 μὴ
2641 3337 2842 3405 ἀλγῶν,
2877 3338 3147 3402 δυσκόλως
3185 3339 3324 3408 ὑπὲρ
3355 3340 3555 3410 ἐτέρων

1903 3424 2148 3494 ἀλγήσει·
2175 3427 2203 3477 6
2230 3425 2286 3476 δέ
2315 3425 2492 3495 ἐαυτῷ
2530 3425 2603 3495 μὴ
2643 3427 2862 3494 ἀμύνων
2881 3467 2892 3483 ,
2923 3425 3190 3489 δυσκόλως
3219 3427 3421 3494 ἑτέροις
3457 3429 3556 3480 οὑκ

1904 3513 2207 3582 ἀμυνεῖται.
2236 3513 2408 3566 Ὅταν
2431 3514 2541 3585 γὰρ
2569 3514 2805 3583 καθαρὸν
2898 3515 2958 3566 τὸ
2998 3510 3130 3584 ἦθος
3156 3517 3286 3584 ἡμῖν
3328 3515 3554 3581 πάθους,

1904 3599 2117 3668 δέχεται
2161 3601 2253 3652 καὶ
2293 3601 2514 3670 ἀρετήν.
2555 3600 2820 3670 Καθάπερ
2848 3601 3086 3673 καθαρὸν
3117 3602 3277 3672 σῶμα
3321 3601 3558 3672 πυρετοῦ

1905 3685 2115 3756 δέχεται
2149 3687 2298 3756 ἰσχῦν
2317 3727 2333 3750 ,
2361 3687 2503 3741 οὕτω
2533 3688 2597 3758 δὴ
2634 3689 2728 3741 καὶ
2750 3690 2784 3758 ἡ
2815 3687 2981 3758 ψυχὴ,
3015 3690 3080 3741 ἂν
3113 3691 3187 3760 μὴ
3221 3693 3332 3751 τοῖς
3362 3691 3560 3744 πάθεσι

1909 3773 2338 3844 προσδιαφθαρῇ,
2355 3775 2570 3844 δέχεται
2598 3776 2770 3844 ίσχύν.
2795 3776 3050 3846 Μεγάλης
3076 3776 3253 3845 ἰσχύος
3273 3777 3563 3848 γνώρισμά

1909 3861 2056 3914 ἐστιν
2097 3861 2362 3914 ἐπιείκεια
2383 3876 2398 3890 ⁸
2440 3863 2694 3929 γενναίας
2727 3864 2822 3915 καὶ
2854 3864 3106 3931 νεανικῆς
3143 3865 3223 3916 δεῖ
3259 3865 3434 3936 ψυχῆς
3466 3865 3564 3920 κα)⁸

1913 3947 2122 4018 ὑψηλῆς
2149 3948 2351 4018 σφόδρα
2374 3950 2439 4019 τῇ
2464 3948 2731 4018 ἐπιεικείᾳ
2755 3947 2803 4000 ά.
2840 3951 2910 4001 Ἢ
2945 3953 3136 4020 μικρὸν
3160 3951 3259 4002 οἴει
3282 3951 3342 4002 τὺ
3371 3952 3564 4004 παθεῖν

1911 4035 2118 4098 κακῶς,
2142 4035 2234 4088 καὶ
2266 4035 2340 4105 μὴ
2369 4035 2704 4105 ἀγριαίνεινς
2739 4035 2850 4088 Καὶ
2882 4037 2980 4088 οὑκ
3014 4037 3078 4090 ἄν
3104 4054 3187 4099 τις
3211 4039 3444 4107 ἁμάρτοι
3465 4039 3563 4108 τὴν

1914 4109 2234 4192 κηδεμονίαν
2262 4120 2527 4192 τῆν’ὑπὲρ
2569 4119 2678 4173 τῶν
2718 4119 2940 4190 πλησίον
2981 4121 3228 4192 ἀνδρείαν
3260 4122 3430 4174 εἰπών
3455 4134 3501 4161 θ’
3535 4127 3566 4177 6

1915 4210 2021 4280 γὰρ
2055 4208 2305 4263 τοσοῦτον
2340 4209 2579 4280 ἰσχύσας,
2607 4207 2681 4271 ὼς
2701 4208 2988 4280 δυνηθῆναι
3015 4209 3267 4262 τοσούτου
3288 4211 3566 4281 περιγενὲ-

1917 4297 2040 4350 σθαι
2081 4297 2316 4362 πάθους,
2363 4296 2569 4367 ἰσχύσει
2598 4296 2692 4349 καὶ
2733 4295 2920 4366 ἐτέρου
2959 4296 3386 4366 κατατολμῆσαι.
3419 4295 3565 4364 Οίον,

1915 4384 2008 4438 δύο
2037 4384 2182 4454 πάθη
2225 4385 2340 4436 ἐστὶ
2379 4383 2573 4448 ταῦτα,
2603 4382 2769 4436 δειλία
2811 4383 2904 4436 καὶ
2941 4381 3135 4453 θυμόςο
3172 4383 3237 4438 ἂν
3265 4382 3360 4435 τοῦ
3395 4383 3571 4454 θυμοῦ

1918 4475 2226 4544 κατάσχῃς,
2262 4471 2480 4541 εὕδηλον
2511 4473 2591 4524 ὅτι
2633 4471 2728 4524 καὶ
2756 4471 2984 4534 δειλίας·
3017 4469 3109 4524 τοῦ
3149 4471 3318 4542 θυμοῦ
3350 4471 3407 4524 δέ
3438 4489 3572 4542 κρα-

1919 4563 2046 4624 τεῖς,
2079 4560 2322 4630 ἐπιεικὴς
2352 4558 2459 4610 ῶνο
2484 4558 2676 4612 οὐκοῦν
2708 4559 2802 4613 καὶ
2826 4560 2922 4628 τῆς
2940 4558 3140 4621 δειλίας
3172 4559 3235 4612 ἂν
3268 4559 3569 4632 κρατήσῃς,

1920 4645 2020 4718 ἔσῃ
2046 4646 2304 4714 ἀνδρεῖος.
2331 4644 2517 4708 Πάλιν,
2539 4643 2604 4696 ἂν
2637 4645 2712 4714 μὴ
2733 4647 2992 4716 περιγένῃ
3013 4643 3107 4697 τοῦ
3131 4645 3322 4714 θυμοῦ,
3342 4647 3570 4714 γέγονας

1922 4731 2156 4804 θρασύς·
2191 4731 2377 4784 τούτου
2407 4731 2462 4782 δέ
2497 4730 2570 4802 μὴ
2602 4733 3037 4802 περιγενόμενος,
3067 4731 3186 4784 οὑδὲ
3214 4733 3376 4800 φόϐου
3416 4750 3570 4802 περι-

1923 4819 2174 4888 γενέσθαι
2219 4817 2439 4870 δύνασαι
2464 4834 2477 4846 ·
2519 4818 2712 4871 οὐκοῦν
2744 4820 2837 4872 καὶ
2871 4818 3044 4881 δειλὸς
3079 4819 3176 4889 ἔσῃ
3200 4835 3213 4848 ⁸
3258 4822 3348 4872 καὶ
3377 4821 3570 4872 ταυτὸν

1924 4907 2151 4976 γίνεται,
2179 4899 2288 4959 οἷον
2317 4904 2382 4959 ἂν
2407 4905 2456 4957 εἰ
2486 4905 2640 4974 σῶμα
2671 4905 2892 4968 ἀσθενὲς
2915 4904 3087 4969 οὕτως
3114 4907 3196 4976 εἴη
3221 4905 3315 4957 καὶ
3341 4904 3574 4976 δύσκρα-

1923 5013 2036 5057 τον,
2064 4995 2138 5058 ὡς
2171 4993 2308 5064 πρὸς
2345 4993 2532 5046 οὐδένα
2567 4992 2727 5044 πόνον
2755 4992 2995 5061 ἀντέχειν
3013 5007 3027 5020 ⁸
3055 4990 3208 5043 τοῦτο
3247 4991 3448 5061 ταχέως
3478 4994 3572 5047 καὶ

1927 5081 2031 5134 ὑπὸ
2060 5079 2265 5151 ψυχροῦ
2301 5080 2579 5133 ἁλίσκεται
2604 5079 2698 5131 καὶ
2724 5077 2828 5130 ὑπὸ
2861 5075 3082 5147 θερμοῦ·
3110 5077 3170 5129 τὸ
3199 5077 3305 5146 γὰρ
3339 5077 3574 5150 δύσκρα.

1926 5187 2017 5223 τον
2057 5168 2296 5222 τοιοῦτον
2317 5209 2332 5232 ,
2374 5169 2436 5221 τὸ
2459 5168 2514 5220 δέ
2540 5165 2802 5238 εὕκρατον
2843 5166 3017 5218 πάντα
3048 5164 3353 5233 ὑφίσταται.
3380 5166 3572 5232 Πάλιν,
3617 5214 3620 5218 .

1927 5259 2043 5311 ἔστι
2062 5255 2430 5328 μεγαλοψυχία
2447 5255 2635 5324 ἀρετὴ,
2650 5253 2742 5306 καὶ
2759 5252 3174 5324 παρυφέστηκεν
3195 5254 3328 5324 αὑτῇ
3342 5254 3570 5308 ἀσωτίαν

247 5347 510 5402 Ἐνταῦθα
539 5349 812 5401 δείκνυσιν
831 5387 846 5410 ,
879 5347 963 5398 ὅτι
1002 5344 1142 5396 ἑκὼν
1173 5341 1369 5410 πάσχει
1396 5337 1432 5391 ἃ
1461 5336 1658 5404 πάσχει
1680 5347 1694 5361 '
1731 5333 1826 5386 καὶ
1930 5346 2074 5398 ἐστιν
2095 5342 2371 5412 οἰκονομία
2403 5341 2571 5412 ἀρετὴ
2593 5341 2686 5394 καὶ
2730 5340 2791 5394 τὸ
2813 5341 3150 5410 οἰκονομικὸν
3174 5341 3332 5395 εἶναι·
3365 5360 3576 5414 παρυφ-

177 5429 330 5497 οὖτως
367 5436 726 5504 ἀπολογεῖται
769 5432 902 5504 πρὸς
949 5432 1142 5493 αὐτοὺς
1183 5429 1260 5499 τῷ
1312 5426 1460 5496 νόμῳ
1506 5421 1825 5491 πειθόμενος

231 5643 368 5703 ξτὴν
389 5644 569 5692 στάσιν
610 5644 816 5703 φοϐῆσαι
860 5633 1158 5703 βουλόμενοι,
1199 5639 1269 5686 sic
1311 5651 1438 5703 unus
1482 5635 1599 5703 g0d._
1650 5632 1825 5703 Στῖρι]

177 5702 302 5750 «κω.
334 5697 641 5764 compendii)
665 5723 675 5748 ε
705 5697 872 5764 Τοῦτοῖ
891 5702 982 5749 ἐδτι
1011 5697 1216 5764 ’ποιῆσαι
1233 5698 1649 5764 παρατὴνῂἀρχήν.
1675 5697 1826 5764 ᾼελυ-

178 5766 300 5825 υέοον
321 5758 596 5825 (mh-a1“.
634 5763 789 5812 Τοῦτο
814 5762 1020 5825 μάλιστα
1057 5758 1321 5822 ἠπόρησαν.
1357 5758 1550 5825 -Υοτίιίι,
1591 5758 1720 5820 παρὰ
1742 5759 1826 5825 την

179 5824 333 5883 ἀρχὴν,
368 5817 451 5874 κάξ
504 5817 629 5886 μήτε
676 5817 855 5886 δῆσαί,
883 5822 1059 5886 quibus
1104 5817 1273 5886 εει-ειη
1311 5820 1450 5886 editi,
1493 5835 1555 5872 ex
1576 5817 1674 5868 und
1717 5817 1822 5868 cod.

179 5881 389 5935 réSiiluta
412 5881 553 5936 sun't.
581 5881 730 5935 limr.’
786 5887 808 5914 °
833 5881 986 5933 smn.
1007 5881 1062 5928 τὸ
1103 5881 1408 5943 ἐντρεπτικόν.

1933 5434 2158 5503 έστηκεν
2173 5433 2207 5501 ἡ
2235 5430 2487 5499 φειδωλία
2512 5431 2605 5482 καὶ
2623 5431 2656 5501 ἡ
2673 5429 3013 5502 μικρολογία.
3035 5429 3166 5502 Φέρε
3190 5425 3281 5484 οῦν
3302 5431 3460 5486 πάλιν
3476 5429 3574 5495 τὰς

1863 5601 1868 5604 .
1935 5519 2134 5592 ἀρετὰς
2164 5517 2573 5587 συναγάγωμεν.

2000 5744 2027 5784 δ
2051 5743 2284 5806 (Ζοιηωει.
2332 5747 2385 5792 et
2417 5742 2606 5806 Μοηιΐ..
2647 5743 2767 5806 γένν.
2810 5761 2860 5806 κ.
2883 5759 3022 5806 ςσεαν.
3045 5745 3219 5806 Αψυχῇς
3242 5755 3295 5806 ,κε
3327 5738 3407 5798 ὕψι
3432 5732 3570 5806 ειητή

1941 5793 2167 5860 ἐπιείκεια
2209 5805 2296 5864 δεῖ,
2336 5819 2446 5867 quae
2478 5821 2538 5854 ex
2565 5793 2754 5855 dho'bus
2775 5804 2916 5855 codd.
2953 5793 3380 5854 sanidré'fébimusl
3434 5793 3568 5844 Εοιτ.

1947 5884 1970 5913 ο
1997 5869 2133 5922 Unus
2161 5867 2313 5918 codex
2337 5867 2546 5930 ἀνδρείαν
2567 5868 2852 5932 προσειπών.
