3920 6224
522 304 626 361 337

596 415 805 471 Οὐκοῦν
831 416 891 471 οὐ
920 414 1293 488 μεγαλόψυχος
1319 418 1347 470 δ
1371 417 1600 480 ἄσωτος.
1634 417 1786 486 Πῶς;
1826 419 1885 472 'U
1922 419 2031 491 7&9
2070 419 2176 473 ὑπὸ

526 504 737 575 μυρίων
762 503 1112 574 ἁλισκόμενος
1146 502 1353 568 παθῶν,
1386 503 1506 567 πῶς
1536 504 1602 557 ἂν
1627 505 1709 575 εἴη
1746 505 1919 574 μέγας
1952 506 2050 576 τὴν
2079 507 2176 576 ψυ-

525 594 661 661 χήν;
706 591 779 643 Οὐ
814 590 920 660 γάρ
947 590 1245 660 χρημάτων
1281 591 1397 642 ἐστὶ
1437 590 1594 643 τοῦτο
1633 593 2016 661 καταφρονεῖν.
2059 592 2174 646 ἀλλ’

525 678 618 747 ὑφ’
646 676 847 748 ἐτέρων
875 678 1255 732 ἐπιτάττεσθαι
1284 677 1473 731 παθῶν
1494 693 1510 710 ο
1542 676 1730 750 ὥσπερ
1765 678 1831 731 ἀν
1861 678 1914 730 ετ
1946 696 2029 743 τις
2071 680 2175 733 ὑπὸ

522 761 736 833 λῃστῶν
767 762 1105 816 ἐπιτάττοιτο
1131 764 1356 827 ἐκείνοις
1378 763 1687 826 ὑπακούειν,
1712 764 1811 817 οὐκ
1830 764 1895 817 ἂν
1919 766 2003 835 εἴη
2025 765 2176 819 ἐλεύ-

524 848 703 919 θερος·
740 850 802 901 οὐ
831 849 939 921 7&9
963 851 1027 903 ἐκ
1056 849 1149 903 τοῦ
1180 850 1473 921 χρημάτων
1502 854 1860 921 καταφρονεῖν
1885 852 2091 919 γίνεται
2114 852 2175 905 τὸ

523 934 866 1001 ἀναλίσκειν,
916 937 1029 991 ἀλλ’
1064 938 1127 990 ἐκ
1164 936 1256 990 τοῦ
1307 936 1382 1008 μὴ
1420 937 1648 1001 δεόντως
1689 938 1884 991 είδέναι
1919 939 2171 992 διοικεῖν·

523 1024 648 1076 ἐπεὶ
672 1022 726 1076 εῐ
753 1040 816 1092 γε
846 1023 974 1093 ἐνῆν
999 1026 1093 1077 καὶ
1121 1024 1261 1093 ἐχειν
1301 1024 1393 1077 καὶ⁵
1422 1023 1570 1096 [365]
1606 1024 1899 1079 ἀπολαύειν
1929 1025 2171 1090 ἐκείνων,

521 1108 695 1174 οὕτως
727 1110 793 1163 ἂν
832 1110 1115 1181 ἠθέλησεν.
1154 1112 1213 1164 '0
1243 1111 1300 1165 δέ
1335 1114 1415 1175 είς
1450 1112 1567 1165 δέον
1595 1112 1900 1166 ἀναλίσκων
1937 1112 2007 1165 τά
2044 1114 2176 1183 χρή-

526 1215 692 1268 ματα,
718 1192 871 1261 οὗτός
899 1199 1017 1251 ἐστι
1044 1198 1415 1270 μεγαλόψυχος
1434 1216 1448 1231 ο
1475 1200 1684 1270 μεγάλη
1707 1200 1813 1271 γὰρ
1836 1200 2003 1264 ὅντως
2028 1198 2173 1272 qu'h

521 1286 557 1356 ἠ
592 1286 666 1357 μὴ
698 1287 857 1340 πάθει
890 1286 1232 1349 δουλεύουσα,
1264 1289 1297 1357 ἠ
1333 1288 1496 1358 μηδὲν
1523 1288 1802 1359 ἡγουμένη
1829 1288 1897 1343 τά
1918 1289 2175 1360 χρήματα

520 1367 680 1428 εἷναι.
719 1373 906 1437 Πάλιν,
940 1375 972 1444 ἡ
1006 1372 1285 1444 οίκονομία
1320 1374 1481 1427 καλόν
1501 1390 1514 1404 ·
1549 1374 1690 1429 οὕτω
1728 1377 1823 1429 καὶ
1853 1377 1882 1429 ό
1914 1378 2177 1447 οἰκονομι-

521 1460 617 1524 κὸς
646 1461 712 1515 ἀν
738 1462 824 1541 εἰη
850 1462 1069 1533 ἀριστος
1092 1464 1120 1515 ό
1146 1464 1224 1526 είς
1256 1462 1376 1516 δέον
1409 1462 1734 1530 ἀναλίσκων,
1762 1464 1856 1518 καὶ
1886 1463 1963 1535 μὴ
1990 1463 2177 1528 ἀπλῶς

520 1550 975 1620 ἀνοικονομήτως.
1019 1548 1083 1602 Ἠ
1108 1549 1166 1603 δέ
1199 1549 1454 1618 φειδωλία
1480 1550 1579 1604 οὐκ
1603 1550 1717 1603 ἐστι
1745 1551 1960 1606 ταυτόν.
2004 1551 2176 1604 Ἐκεῖ-

520 1652 612 1699 νος
637 1634 736 1705 μὲν
764 1634 872 1705 7&9
900 1634 1076 1687 πάντα
1113 1635 1192 1698 είς
1214 1634 1275 1687 τὸ
1300 1634 1419 1688 δέον
1459 1636 1754 1690 ἀναλίσκει·
1786 1631 1937 1701 οὗτος
1953 1636 2030 1701 δὲ,
2055 1636 2174 1689 οὐδὲ

519 1723 821 1793 ἀναγκαίας
852 1721 1186 1793 ἀπαιτούσης
1217 1722 1424 1794 χρείας,
1461 1724 1558 1794 τῆς
1584 1723 1770 1788 οὐσίας
1807 1725 2035 1779 ἅπτεται
2065 1723 2173 1779 τῶν

519 1811 836 1883 χρημάτων.
905 1809 964 1865 '0
1025 1810 1365 1880 οἰκονομικός
1409 1811 1584 1864 τοίνυν
1646 1811 1740 1865 τοῦ
1799 1810 2171 1883 μεγαλοψύχου

518 1898 730 1967 γένοιτο
766 1897 832 1952 ἀν
859 1896 1101 1966 ἀδελφός.
1134 1896 1343 1951 Οὐκοῦν
1382 1897 1516 1968 ὁμοῦ
1542 1898 1633 1951 τὸν
1661 1898 2034 1969 μεγαλόψυχον
2072 1898 2172 1969 θή-

521 2003 687 2059 σομεν
715 1987 808 2041 καὶ
838 1986 930 2039 τὸν
955 1987 1293 2057 οίκονομικδν
1310 2025 1327 2050 ,
1356 1987 1450 2040 καὶ
1476 1986 1567 2040 τὸν
1599 1986 1804 2040 ἄσωτον
1830 1988 1925 2040 καὶ
1948 1987 2039 2040 τὸν
2079 2003 2173 2057 μι-

516 2075 810 2148 κρολόγον·
846 2075 1141 2146 ἀμφότεροι
1169 2074 1278 2147 7&9
1336 2075 1444 2129 ἀπὸ
1482 2074 1845 2145 μικροψυχίας
1877 2074 2033 2129 τοῦτο
2069 2074 2175 2130 πά-

520 2179 761 2235 σχουσιν,
803 2162 992 2233 ῶσπερ
1018 2160 1112 2216 οὐν
1136 2163 1374 2216 κάκεῖνοι
1403 2162 1512 2216 ἀπὸ
1534 2163 1956 2234 μεγαλοψυχίας.
1993 2164 2083 2234 Μὴ
2106 2162 2171 2235 δὴ

521 2249 897 2320 μεγαλόψυχον
934 2249 1190 2320 καλῶμεν
1227 2248 1318 2302 τὸν
1365 2249 1724 2303 ἀναλίσκοντα
1768 2249 1954 2313 ἁπλῶς
1973 2289 1989 2315 ,
2038 2250 2176 2305 ἀλλὰ

517 2336 611 2391 τὸν
633 2340 711 2402 είς
737 2338 855 2391 δέον
876 2337 1230 2392 ἀναλίσκοντα
1248 2354 1261 2366 ·
1295 2336 1430 2408 μηδὲ
1455 2336 1544 2389 τὸν
1566 2339 1905 2408 οίκονομικδν
1932 2338 2175 2409 μικρολό·

519 2439 618 2492 γον
658 2422 753 2476 καὶ
790 2422 1066 2492 φειδωλὸν,
1110 2423 1247 2477 ἀλλά
1291 2422 1380 2475 τὸν
1424 2422 1670 2493 ἀκαίρως
1709 2423 2019 2494 φειδόμενον
2063 2423 2172 2477 τῶν

518 2510 836 2581 χρημάτων.
885 2510 1033 2562 Πόσα
1076 2509 1105 2561 ό
1153 2508 1403 2572 πλούσιος
1449 2512 1655 2572 ἐκεῖνος
1701 2510 1995 2577 ἀνάλωσεν,
2037 2511 2171 2564 ἐνδι-

515 2594 842 2665 δυσκόμενος
878 2595 1161 2667 πορφύραν
1193 2596 1287 2648 καὶ
1324 2594 1519 2664 βύσσον
1546 2613 1561 2661 ;
1614 2596 1754 2649 Ἀλλ’
1776 2597 1877 2649 οὐκ
1899 2592 1968 2667 ἦν
2000 2613 2170 2667 μεγα-

515 2680 767 2753 λόψυχος·
808 2683 914 2736 ὑπὸ
949 2684 1058 2753 γὰρ
1091 2682 1368 2753 ὠμότητος
1411 2683 1691 2754 κατείχετο
1730 2684 1764 2754 ἡ
1802 2683 1945 2754 ψυχὴ
1984 2683 2167 2750 αὐτοῦ,

515 2770 613 2826 καὶ
631 2770 739 2825 ὐπὸ
762 2772 971 2844 μυρίων
992 2771 1214 2842 ὴδονῶψ
1234 2772 1267 2842 ή
1284 2771 1340 2824 δέ
1360 2773 1582 2841 τοιαύτη
1602 2771 1719 2836 πῶς
1736 2773 1802 2826 ἂν
1822 2774 1905 2841 είη
1929 2772 2166 2843 μεγάλης

515 2858 908 2929 Μιγαλόιικυχος
942 2855 1011 2931 ἦν
1042 2860 1071 2912 ό
1112 2858 1385 2929 Ἀδραάμ,
1430 2860 1508 2922 είς
1552 2858 1820 2929 ὑποδοχὴν
1864 2859 2168 2914 ἀναλίσκων

511 2944 623 2998 τῶν
647 2944 836 3012 ξένων,
862 2945 953 2999 τὸν
977 2945 1173 3017 μόσχον
1194 2945 1606 3015 κατασφάττων,
1628 2946 1722 3000 καὶ
1744 2945 1871 2999 ἔνθα
1893 2947 2076 3017 ἐχρῆν,
2106 2946 2167 2999 οὐ

517 3032 677 3103 μόνον
702 3034 998 3105 χρημάτων
1017 3074 1031 3098 ,
1061 3033 1174 3087 ἀλλ’
1211 3034 1328 3087 οὐδέ
1351 3034 1451 3102 τῆς
1482 3033 1660 3105 ψυχῆς
1685 3037 1785 3105 τῆς
1810 3034 1972 3089 αὐτοῦ
2006 3034 2171 3103 φειδό-

518 3136 698 3189 μενος.
744 3122 841 3173 "Av
879 3121 1058 3175 τοίνυν
1090 3121 1287 3191 ἴδωμέν
1329 3137 1450 3174 τινα
1485 3121 1764 3191 τράπεζαν
1806 3120 2169 3191 παρατιθέντα

513 3208 783 3278 πολυτελῆ
796 3221 846 3272 ι,
867 3210 1071 3279 πόρνας
1086 3208 1273 3279 ἔχοντα
1293 3209 1386 3261 καὶ
1403 3208 1753 3280 παρασίτους,
1777 3209 1850 3280 μὴ
1872 3208 2165 3278 μεγαλόψυ-

511 3312 609 3366 χον
652 3294 969 3365 καλέσωμεν
996 3294 1184 3348 τοῦτον
1201 3336 1217 3359 ,
1245 3294 1379 3348 ἀλλά
1406 3296 1609 3366 σφόδρα
1644 3294 1996 3366 μικρόψυχον.
2022 3295 2164 3365 Ὅρα

511 3383 623 3454 7&9
650 3383 795 3445 ὅσοις
818 3381 1058 3435 δουλεύει
1079 3384 1171 3436 καὶ
1189 3382 1471 3436 ὑπόκειται
1494 3382 1710 3449 πάθεσι,
1729 3382 2162 3454 γαστριμαργίᾳ,

512 3466 678 3539 ἡδονῇ
710 3467 896 3537 ἀτόπῳ
918 3508 933 3532 ,
962 3467 1247 3539 κολακείαο
1285 3468 1376 3520 τὸν
1404 3466 1461 3521 δέ
1491 3468 1767 3531 τοσούτοις
1805 3467 2167 3538 κατεχόμενον

513 3554 613 3609 καὶ
653 3554 788 3625 μηδὲ
833 3554 892 3608 ἐν
920 3554 1140 3607 τούτων.
1156 3554 1451 3625 δυνάμενον
1491 3555 1773 3625 διαφυγεῖν
1794 3594 1810 3621 ,
1839 3555 1958 3621 πῶς
1982 3556 2048 3610 ἀν
2084 3572 2167 3621 τις

575 3645 601 3672 ⁸
620 3640 745 3693 Tres
764 3655 902 3704 ωσι,
941 3644 1170 3706 τράπεζαν
1188 3643 1357 3706 ἔχοντα
1393 3644 1615 3703 παντελῆ.

1277 305 1337 361 S.
1374 302 1657 363 JOANNIS
1692 305 2173 365 CHRYSOSTOMI
2208 308 2535 367 ARCHIEP.
2573 303 3115 367 CONSTANTINOP.

2277 421 2653 493 μεγαλόψυχον
2682 420 2902 491 καλοίη;
2948 418 3111 470 Ὥστε
3142 412 3302 469 αὐτὸν
3338 412 3456 465 τότε
3490 411 3722 483 μάλιστα
3762 432 3820 467 κα

2276 527 2437 580 σομεν
2473 509 2823 581 μικρόψυχον,
2854 508 2982 560 ὅταν
3011 504 3243 575 μάλιστα
3270 501 3548 572 άναλίσκῃ·
3573 502 3680 572 ὅσῳ
3714 501 3819 572 7&9

2278 599 2535 669 μειζόνως
2568 597 2851 667 ἀναλίσκῃ,
2891 593 3127 662 τοσούτῳ
3162 590 3311 659 δηλοῖ
3341 591 3439 659 τὴν
3482 589 3767 658 τυραννίδα
3809 607 3820 621 ·

2275 683 2461 738 παθῶν
2490 683 2728 737 ἐκείνων·
2757 685 2805 735 εί
2830 680 2939 752 7&9
2971 679 3045 752 μὴ
3070 677 3275 747 σφόδρα
3308 674 3471 728 αὐτοῦ
3506 676 3765 744 ἐκράτουν
3784 717 3799 739 ,

2276 773 2341 825 ἂν
2381 770 2587 842 σφόδρα
2621 769 2883 823 ἀνάλωσε.

2343 857 2510 911 Πάλιν
2538 856 2604 911 ἀν
2634 856 2833 926 ἴδωμέν
2859 872 2981 908 τινα
3009 852 3215 907 τούτων
3248 851 3344 922 μὲν
3370 849 3557 921 μηδενὶ
3589 849 3752 919 μηδὲν
3779 867 3819 900 π

2221 946 2227 950 ⁷
2274 944 2485 1014 έχοντα,
2511 944 2747 1014 πένητας
2778 943 2835 995 δέ
2862 943 3129 1013 τρέφοντα
3159 942 3250 994 καὶ
3272 942 3382 1002 τοῖς
3408 938 3679 1007 δεομένοις
3705 940 3820 989 tm:

2276 1032 2492 1104 ροῦντα,
2516 1032 2680 1085 αὐτὸν
2694 1031 2750 1084 δέ
2769 1030 3047 1103 τράπεζαν
3072 1029 3262 1099 έχοντα
3281 1026 3495 1096 εὐτελῆ,
3512 1024 3696 1078 τοῦτον
3721 1026 3819 1092 σφό

2274 1120 2523 1191 καλῶμεν
2549 1119 2920 1191 μεγαλόψυχον
2948 1136 2963 1151 ·
2998 1118 3243 1189 μεγάλης
3266 1115 3374 1187 7&9
3406 1114 3574 1177 δντως
3602 1113 3799 1182 ψυχῆς.

2277 1210 2376 1280 μὲν
2408 1209 2613 1273 οίκείας
2652 1209 3012 1279 καταφρονεῖν
3049 1205 3439 1267 ἀναπαύσεως,
3482 1204 3581 1272 τῆς
3621 1203 3681 1255 δέ
3723 1202 3819 1269 ἐτέι

2275 1296 2600 1369 φροντίζειν.
2625 1296 2759 1350 Εἱπέ
2782 1295 2890 1366 γάρ
2918 1312 3028 1365 μοι,
3061 1292 3115 1346 εῖ
3137 1310 3259 1347 τινα
3287 1292 3435 1355 ῐδοις,
3464 1290 3571 1343 τῶν
3599 1289 3699 1359 μέν
3725 1306 3820 1357 τυρ

2274 1401 2379 1436 νων
2431 1382 2872 1454 καταφρονοῦντα
2902 1382 3119 1436 πάντων
3137 1422 3152 1448 ,
3192 1382 3287 1434 καὶ
3326 1379 3478 1433 οὐδὲν
3521 1376 3820 1447 ἡγούμενον

2274 1470 2495 1523 ἐκείνων
2527 1470 2899 1542 ἐπιτάγματα,
2928 1470 3055 1533 τούς
3087 1468 3144 1521 δέ
3174 1468 3265 1521 ὑπ’
3298 1465 3520 1520 ἐκείνων
3556 1480 3819 1533 τυραννου

2274 1573 2397 1621 νους
2425 1557 2709 1622 ἐξέλκοντα
2734 1559 2828 1611 καὶ
2852 1557 2976 1620 τοὺς
3007 1555 3192 1618 κακῶς
3224 1554 3528 1624 πάσχοντας
3548 1567 3563 1583 ⁸
3602 1546 3717 1621 ἀρα
3741 1551 3820 1602 οὐ)

2278 1644 2420 1715 μέγα
2451 1646 2687 1715 ἡγήσαιο
2730 1644 2926 1711 τοῦτο;
2957 1643 3128 1698 Τοῦτο
3153 1642 3217 1712 δὴ
3252 1638 3528 1695 κάνταῦθα
3559 1636 3820 1706 λογιζώμε

2271 1732 2538 1803 Τύραννός
2563 1735 2677 1786 ἐστι
2699 1733 2766 1785 τά
2788 1732 2953 1803 πάθη·
2977 1732 3072 1786 ἐὰν
3090 1727 3185 1785 οὐν
3206 1727 3707 1800 καταφρονήσωμεν
3730 1725 3820 1777 αὐτ

2274 1820 2497 1891 μεγάλοι
2538 1821 2811 1892 ἐσόμεθαο
2858 1821 2925 1876 ἂν
2972 1821 3030 1874 δέ
3092 1820 3185 1873 καὶ
3242 1819 3461 1890 ἐτέρους
3515 1814 3820 1882 ἐξελκύσωμ

2269 1910 2449 1983 πολλῷ
2484 1911 2699 1981 μείζους
2719 1931 2734 1946 ο
2760 1911 3001 1975 είκότως.
3035 1910 3098 1965 Οί
3129 1908 3237 1980 7&9
3265 1908 3364 1978 οὐχ
3393 1906 3600 1969 ἐαυτοῖς
3626 1903 3819 1973 ἀρκοῦη

2273 1998 2453 2068 μόνον,
2502 1998 2637 2051 ἀλλά
2678 1998 2773 2052 καὶ
2809 1998 3032 2070 ἐτέροις,
3078 1994 3295 2068 μείζους
3322 1994 3430 2047 τῶν
3470 1992 3769 2063 μηδέτερον
3804 2008 3820 2041 ι

2269 2085 2491 2140 ούντων.
2525 2088 2621 2139 Ἂν
2648 2086 2705 2140 δέ
2733 2084 3146 2155 ἐπιταττόμενός
3171 2100 3255 2146 τις
3278 2083 3381 2135 ὐπὺ
3408 2079 3675 2151 τυράννου
3701 2078 3794 2131 τὸν

2270 2172 2377 2226 τῶν
2408 2174 2667 2243 ὑπηκόων
2696 2172 2893 2246 τύπτῃ,
2920 2171 3010 2225 τὸν
3041 2171 3098 2225 δέ
3123 2170 3275 2241 ἕλκῃ,
3304 2168 3461 2223 ἀλλον
3485 2166 3541 2220 δὲ
3570 2164 3790 2236 ὐὸρίζῃ,

2270 2259 2428 2313 τοῦτο
2478 2259 2878 2332 μεγαλοψυχίας
2916 2257 3180 2331 ἐροῦμεν;
3220 2257 3293 2310 Οὐ
3320 2255 3471 2326 δῆτα·
3505 2251 3657 2324 [564]
3690 2254 3820 2304 καῖ’

2269 2349 2412 2419 ούτῳ
2440 2349 2622 2413 πλέον,
2648 2348 2758 2419 ὅσῳ
2784 2348 2851 2401 ἂν
2879 2347 3055 2417 μέγας
3170 2342 3326 2398 Οῦτω
3360 2342 3452 2397 καὶ
3491 2341 3577 2410 ἐφ’
3613 2339 3799 2411 ἡμῶν

2273 2441 2371 2512 μὲν
2412 2440 2518 2512 7&9
2544 2438 2827 2512 πρόκειται
2861 2439 2896 2507 ἡ
2924 2436 3069 2509 ψυχὴ
3103 2434 3327 2504 εὐγενής
3353 2449 3439 2496 τις
3478 2426 3611 2483 οὐσα
3649 2430 3746 2482 καὶ
3774 2428 3820 2480 ἐ)

2269 2528 2421 2599 θέραο
2472 2526 2726 2597 ταύτηνδ
2760 2526 2817 2579 δὲ
2859 2526 2888 2578 ὁ
2928 2524 3137 2587 ἀσωτος
3167 2520 3460 2577 τύπτεσθαι
3502 2517 3787 2572 ἐκέλευσεν

2268 2614 2378 2668 τῶν
2402 2613 2609 2667 παθῶνο
2636 2614 2724 2667 τὸν
2755 2608 2849 2667 οὖν
2876 2612 3064 2666 ἐαυτὸν
3089 2610 3377 2671 τύπτοντα,
3402 2606 3588 2661 τοῦτον
3616 2605 3819 2674 μεγαλό

2269 2719 2362 2773 χον
2408 2703 2685 2773 φήσομεν;
2732 2699 3015 2771 Οὐδαμῶς.
3070 2698 3276 2752 Οὐκοῦν
3332 2695 3584 2766 μάθωμεν
3628 2692 3711 2755 τίς
3750 2692 3819 2761 μὲ

2271 2788 2665 2861 μεγαλοψυχία,
2692 2788 2776 2851 τίς
2817 2786 2872 2840 δὲ
2903 2789 2936 2859 ἡ
2969 2786 3206 2850 ἀσωτία,
3238 2784 3319 2847 τίς
3349 2784 3382 2855 ἡ
3411 2780 3689 2851 οίκονομία
3714 2779 3814 2832 καὶ

2266 2880 2299 2948 η
2340 2876 2677 2947 μικρολογία,
2706 2876 2791 2939 τίς
2818 2877 2852 2947 ὴ
2880 2874 3147 2927 ἐπιείκεια
3178 2872 3271 2925 καὶ
3300 2869 3571 2942 ἀνανδρία,
3589 2868 3674 2932 τίς
3702 2870 3820 2939 παῤ

2271 2965 2361 3018 σία
2390 2966 2484 3018 καὶ
2514 2964 2599 3027 τίς
2622 2963 2912 3034 θρασύτης·
2943 2962 3029 3015 ἵνα
3047 2959 3221 3014 ταῦτα
3246 2961 3339 3014 ἀπ’
3364 2958 3603 3028 ἀλλήλων
3628 2956 3820 3010 διελόν·

2267 3053 2582 3125 δυνηθῶμεν
2617 3052 2923 3121 εὐαρέστως
2951 3050 3028 3121 τῷ
3060 3050 3246 3120 Κυρίῳ
3277 3050 3368 3103 τὸν
3415 3046 3655 3115 παρόντα
3707 3044 3820 3115 βίον

2268 3145 2517 3211 αγαγεῖν,
2551 3142 2781 3195 καὶτῶν
2822 3140 3121 3211 μελλόντων
3148 3139 3423 3208 ἐπιτυχεῖν
3468 3133 3711 3202 ἀγαθῶν,
3744 3134 3817 3202 χά

2268 3230 2361 3282 καὶ
2408 3226 2786 3299 φιλανθρωπίᾳ
2830 3226 2925 3280 τοῦ
2968 3225 3300 3294 Μονογενοῦς
3338 3222 3536 3287 αὐτοῦ,
3586 3220 3706 3292 μεθ’
3736 3212 3798 3271 οὗ

2270 3317 2444 3389 Πατρὶ
2474 3318 2591 3389 ἅμα
2622 3315 2698 3388 τῷ
2730 3316 2870 3387 ἁγίῳ
2901 3315 3195 3385 Πνεύματι,
3221 3312 3369 3377 δόξα,
3392 3311 3607 3382 κράτος,
3633 3308 3793 3377 τιμὴ,

2267 3406 2363 3461 καὶ
2389 3406 2497 3470 ἀεὶ,
2525 3404 2617 3458 καὶ
2643 3407 2721 3469 είς
2751 3405 2876 3468 τοὺς
2906 3404 3103 3466 αίῶνας
3128 3401 3233 3456 τῶν
3262 3400 3491 3455 αἰώνων.
3531 3399 3724 3469 Ἀμήν.

2272 3575 2385 3689 Emh
2419 3576 2502 3626 Sic
2552 3575 2704 3627 Savil.
2740 3582 2795 3626 et
2832 3582 2935 3625 tres
2981 3587 3130 3634 mss.;
3185 3573 3374 3634 Mount,
3429 3573 3594 3633 ταύτῃ.
3639 3580 3816 3631 ρεψθι

2364 3654 2412 3688 τ.

2364 3654 2412 3688 ‘l'.

614 3772 3814 3802 Μ

1972 3952 2216 4006 ΟΜΙΛΙΑ
2241 3950 2379 4008 ΜΘ’.

510 4076 710 4145 Γνοὺς
734 4075 803 4130 δὲ
823 4074 1143 4148 ό-Παῦλος,
1176 4073 1265 4127 ὅτι
1292 4072 1359 4148 τό
1401 4072 1471 4127 ἒν
1518 4072 1699 4148 μέρος
1716 4070 2157 4148 ῌέστίμΣαοδους

579 4141 781 4203 καίων·
812 4146 879 4200 τὸ
926 4146 994 4198 δὲ
1051 4145 1256 4211 ἕτερον
1311 4141 1664 4212 Φαρισαίων,
1707 4141 1961 4212 ἔκραξεν
1981 4141 2157 4212 ἐνΑτῴ

575 4217 874 4285 συνεδρίῳ
907 4233 923 4247 ’
967 4208 1204 4282 Ἄνδρες
1223 4208 1512 4285 άδελεροὶ,
1525 4211 1639 4278 ἐγὼ
1676 4208 2000 4285 φαρισαῖός
2017 4210 2154 4277 ειμι,

575 4288 707 4353 υίὸς
750 4278 1075 4354 ὀαρισαίου
1100 4278 1118 4315 ³
1149 4278 1285 4350 περὶ
1341 4278 1595 4354 ἐλπίδος
1630 4281 1727 4354 καὶ
1769 4278 2157 4354 ἀναστάσεως

574 4347 813 4428 νεκρῶν-
837 4347 955 4423 ἐγὼ
990 4347 1306 4428 κρίνομαι.-
1321 4350 1517 4428 Ταῦτα
1530 4349 1603 4428 δὲ
1634 4348 1820 4428 αὑτοῦ
1852 4347 2157 4428 λαλήσαν-

573 4418 697 4488 τος,
717 4418 953 4493 ἐγένετο
970 4418 1196 4493 ,στάσις
1236 4419 1354 4493 τῶν
1396 4418 1813 4493 Σαδδουκαίων
1853 4419 1968 4493 καὶΔ
1981 4421 2154 4493 Φαρι-

572 4486 789 4558 σαίων,
818 4493 918 4545 καί
956 4491 1213 4559 ἐσχίσρη
1246 4488 1312 4541 τὸ
1340 4486 1594 4559 πτλῆθος.
1634 4487 2021 4559 Σαδδουκαῖοι
2039 4489 2156 4555 μὲν

575 4564 685 4634 γάρ
704 4555 974 4634 λέγουσι,
1114 4555 1263 4613 εῖναι
1279 4557 1645 4634 άνάστασιν,
1678 4558 1833 4634 μηδὲ
1872 4557 2150 4634 ἄγγελον,

566 4627 720 4703 μήτε
753 4627 988 4701 πνεῦμα
1007 4627 1024 4661 λ
1049 4628 1353 4697 Φαρισαῖοι
1377 4627 1445 4681 δὲ
1468 4629 1830 4698 ὁμολογοῦσι
1865 4629 1936 4682 τὰ
1965 4629 2152 4697 άμφδ-

572 4719 734 4771 τερα.

572 4824 641 4873 α’.
660 4815 829 4870 Πάλιν
848 4813 1200 4886 ἀνθρωπίνως
1226 4812 1551 4881 διαλέγεται,
1570 4811 1664 4863 καὶ
1678 4810 1739 4864 οὐ
1758 4810 2029 4881 πανταχοῦ
2055 4812 2151 4881 τῆς

502 4905 721 4977 χάριτος
749 4902 1032 4964 ἀπολαύει,
1067 4900 1200 4955 ἀλλά
1230 4901 1324 4953 καὶ
1353 4898 1484 4970 παρ’
1518 4895 1712 4950 ἐαυτοῦ
1750 4914 1800 4949 τι
1848 4900 2148 4966 συγχωρεῖ-

500 5010 593 5047 ται
622 4991 899 5061 εἰσφέρειν
922 5006 937 5023 ·
964 4990 993 5043 ὃ
1010 4988 1075 5060 δὴ
1102 4989 1195 5042 καὶ
1242 4989 1407 5050 ποιεῖ,
1450 4985 1545 5038 καὶ
1596 4986 1654 5037 ἐν
1682 4982 1857 5053 τούτῳ
1879 4984 1971 5035 καὶ
1992 4986 2049 5036 ἐν
2074 4984 2150 5054 τῷ

502 5080 641 5151 μετὰ
668 5079 842 5133 ταῦτα
872 5076 1235 5145 ἀπολογεῖται,
1286 5074 1603 5144 βουλόμενος
1652 5072 1832 5143 σχίσαι
1857 5071 1918 5123 τὸ
1950 5070 2149 5141 πλῆθος

496 5166 561 5219 τὸ
588 5166 774 5228 κακῶς
794 5163 1051 5234 όμονοοῦν
1078 5162 1197 5216 κατ’
1223 5162 1405 5215 αὐτοῦ.
1435 5162 1542 5214 Καὶ
1558 5160 1617 5212 οὐ
1641 5159 1895 5229 ψεύδεται
1914 5158 2035 5211 οὐδὲ
2060 5160 2147 5211 ἐν-

497 5252 692 5317 ταῦθα,
722 5253 1011 5322 Φαρισαῖον
1041 5249 1231 5302 ἐαυτὸν
1259 5248 1428 5316 λέγων
1457 5257 1477 5277 '
1503 5264 1517 5278 υ
1546 5248 1837 5318 Φαρισαῖος
1861 5245 1967 5317 γὰρ
1990 5241 2055 5315 ἧν
2083 5247 2147 5298 ἐκ

497 5339 801 5408 προγόνων.
853 5337 950 5389 Διὰ
998 5334 1155 5389 τοῦτο
1201 5336 1294 5387 καὶ
1337 5334 1508 5399 οὕτως
1548 5334 1892 5402 ἀπολογεῖται
1923 5349 1939 5364 ο
1974 5335 2146 5400 Φαρι-

495 5423 669 5490 σαῖος
698 5421 812 5493 ἐγώ
858 5424 996 5491 ειμι,
1030 5421 1159 5487 υίὸς
1214 5422 1557 5489 Φαρισαίου,
1605 5420 1704 5474 καὶ
1737 5419 1867 5488 περὶ
1901 5417 2147 5483 ἐλπίδος

497 5511 597 5569 καί
620 5508 1009 5574 ἀναστάσεως
1036 5505 1265 5575 νεκρῶν
1295 5508 1408 5578 ἐγὼ
1451 5510 1741 5578 κρίνομαι.
1782 5504 2000 5575 Ἐπειδὴ
2037 5505 2145 5575 γάρ

495 5604 693 5658 ἐκεῖνοι
745 5600 845 5654 οὐκ
885 5596 1167 5651 ἐϐούλοντο
1217 5598 1391 5650 εἰπεῖν
1434 5596 1521 5649 διά
1554 5597 1605 5649 τί
1643 5597 1917 5667 κρίνουσιν
1958 5592 2139 5655 αὐτὸν,

495 5688 861 5760 ἀναγκάζεται
887 5685 1071 5739 λοιπὸν
1103 5684 1264 5748 αὐτὸς
1301 5683 1554 5748 ἐξειπεῖν.
1586 5682 1889 5752 Φαρισαῖοι
1911 5681 1999 5747 δὲ,
2037 5698 2140 5751 φη-

580 5780 606 5809 ⁸
631 5778 772 5835 Ηεο,
795 5774 1057 5837 Φαρισαῖον
1078 5772 1244 5824 ἑαυτὸν
1267 5772 1434 5835 λέγων,
1460 5776 1515 5821 ει
1536 5770 1678 5831 Infra,
1718 5774 1781 5834 μὴ
1807 5770 2133 5833 θεομαῖῶμεν,

495 5839 691 5904 quidam
717 5851 815 5890 non
837 5837 1039 5891 habent.

2265 4070 2370 4136 σὶν,
2407 4068 2769 4139 ὁμολογοῦσι
2792 4067 2865 4121 τὰ
2900 4066 3217 4137 ἀμφότερα.
3272 4064 3383 4119 Καὶ
3434 4064 3541 4136 μὴν
3586 4066 3727 4136 τρία
3753 4068 3812 4120 ἐσ

2262 4158 2379 4221 πῶς
2410 4156 2504 4211 οὐν
2532 4157 2681 4225 λέγει
2710 4156 3056 4224 Ἀμφότερω
3085 4155 3155 4206 Ἥ
3180 4153 3260 4206 ὅτι
3298 4151 3515 4221 πνεῦμα
3551 4155 3655 4206 καὶ
3701 4154 3811 4221 ἇγγ

2261 4246 2318 4299 ἐν
2342 4247 2509 4311 ἐστιν,
2535 4244 2568 4316 ἥ
2602 4244 2762 4298 ὅτιού
2796 4243 2953 4314 μόνον
2982 4243 3014 4313 ἠ
3043 4242 3185 4305 λέξις
3214 4241 3341 4312 περὶ
3362 4238 3475 4305 δύο,
3509 4238 3653 4294 ἀλλά
3678 4242 3777 4293 καὶ
3804 4258 3812 4289 τ

2261 4334 2435 4403 τριῶν
2466 4332 2823 4403 λαμϐάνεται.
2853 4328 3322 4400 Καταχρηστικῶς
3346 4322 3438 4381 οὖν
3458 4326 3637 4389 οὕτως
3668 4325 3810 4390 εἰη,

2258 4421 2317 4473 οὐ
2341 4420 2688 4491 κυριολογῶν.
2714 4420 2822 4472 Καὶ
2844 4418 2945 4488 ὅρα
2966 4434 2980 4448 ·
3002 4419 3089 4470 ὅτε
3119 4417 3234 4484 μετ’
3253 4416 3430 4468 αὐτῶν
3454 4414 3579 4481 ἔστη
3594 4456 3611 4473 .
3640 4417 3770 4468 τότε
3796 4420 3810 4468 ι

2258 4507 2538 4576 λογοῦνται
2566 4507 2709 4578 ὐπέρ
2748 4505 2934 4560 αὐτοῦ.
2992 4502 3259 4572 Ἐγένετο
3297 4501 3428 4571 7&9,
3476 4503 3639 4570 φησὶ,
3697 4520 3810 4570 κρα

2252 4596 2486 4667 μεγάλη
2513 4610 2525 4623 ⁸
2556 4596 2653 4648 καὶ
2685 4593 3059 4656 ἀναστάντες
3105 4589 3222 4644 τῶν
3260 4588 3662 4660 γραμματέων
3686 4589 3800 4643 τοῦ

2249 4702 2399 4752 ρους
2436 4683 2555 4736 τῶν
2594 4682 2952 4751 Φαρισαίων,
2987 4678 3339 4748 διεμάχοντο
3369 4675 3659 4745 λέγοντες
3684 4693 3701 4708 ·
3740 4677 3808 4730 01'

2256 4772 2444 4825 κακόν
2480 4771 2838 4839 εὑρίσκομεν
2876 4768 2949 4822 ἐν
3000 4765 3081 4831 τῷ
3130 4764 3416 4831 ἀνθρώπῳ
3468 4763 3692 4829 τούτῳ.
3769 4763 3808 4815 Ε

2256 4858 2489 4927 πνεῦμα
2524 4858 2828 4926 ἐλάλησεν
2848 4854 3007 4919 αὐτῷ
3039 4853 3074 4923 ἢ
3103 4853 3373 4921 ἅγγελος,
3396 4849 3481 4919 μὴ
3502 4848 3808 4919 θεομαχὴ

2256 4947 2367 5000 Καὶ
2385 4946 2471 4999 διὰ
2494 4947 2545 4998 τί
2573 4946 2648 5016 μὴ
2696 4945 2801 5016 πρὸ
2852 4942 3038 4997 τούτου
3085 4941 3226 5008 ὐπέρ
3275 4937 3438 4991 αὐτοῦ
3464 4937 3806 5007 ἀιιιελογήσα⁸

2256 5032 2379 5085 Ὀτι
2434 5032 2613 5095 αὐτοῖς
2657 5032 2809 5085 οὐπω
2864 5028 3238 5099 συνεμίγνυτο,
3294 5024 3415 5077 οὐδὲ
3466 5023 3632 5093 δῆλον
3663 5020 3760 5094 ἦν,
3799 5042 3806 5073 τ

2253 5118 2667 5189 ἀπολογήσεται,
2730 5118 3017 5187 Φαρισαῖος
3055 5113 3259 5167 ἀνωθεν
3305 5111 3400 5166 ὧν.
3440 5111 3636 5181 Ὁρᾷ-ς,
3699 5113 3806 5163 δτα*

2252 5206 2399 5278 πάθη
2436 5208 2764 5277 ὐποχωρήσῃ
2786 5248 2800 5271 ,
2827 5204 2941 5267 πῶς
2970 5206 3003 5274 ἡ
3030 5202 3255 5273 ἀλήθεια
3278 5200 3630 5270 εὐρίσκεταις
3662 5200 3731 5251 Ὃ
3757 5198 3806 5250 Si

2251 5312 2430 5363 γουσι,
2463 5294 2622 5349 τοῦτό
2638 5297 2771 5347 ἐστι·
2801 5291 2953 5365 [565]
2972 5295 3118 5345 ποῖον
3146 5288 3413 5359 ἔγκλημα,
3435 5288 3483 5340 εἰ
3503 5286 3747 5355 ἄγγελος
3775 5301 3804 5338 α

2250 5384 2530 5453 ἐλάλησεν,
2561 5384 2609 5436 εί
2649 5381 2884 5451 πνεῦμα,
2921 5380 3016 5433 καὶ
3047 5378 3149 5431 ὐπ’
3182 5376 3345 5430 αὐτοῦ
3385 5373 3752 5444 κατηχηθεὶς,
3777 5389 3804 5423 ο

2249 5472 2316 5525 τά
2346 5473 2473 5543 περὶ
2492 5470 2838 5533 ἀναστάσεως
2864 5468 3197 5533 ἐκδιδάσκει;
3224 5465 3431 5519 Οὐκοῦν
3460 5462 3631 5516 αὐτοῦ
3667 5464 3804 5515 ἀποσ

2253 5576 2373 5628 μεν,
2404 5559 2479 5630 μὴ
2511 5556 2657 5628 αὐτῷ
2707 5546 3066 5627 πολεμοῦντες
3115 5554 3210 5607 κα)⁸
3254 5552 3512 5623 θεομάχοι
3566 5547 3802 5618 εὐρεθῶλ

2251 5645 2387 5718 Ὀρα
2409 5645 2641 5709 συνετῶς
2667 5645 2862 5709 αὐτοὺς
2887 5646 2987 5697 ὐπε
2994 5643 3291 5715 ραπολογου
3299 5641 3507 5713 μένους,
3538 5639 3635 5693 καὶ
3658 5637 3754 5690 τὸν
3772 5635 3802 5687 Ι]

2243 5733 2334 5786 λον
2362 5733 2615 5804 οὐδεμίαν
2639 5733 2821 5796 αὐτοῖς
2845 5732 3052 5785 διδόντα
3090 5730 3278 5803 λαϐήν.
3304 5728 3545 5795 Πολλῆς
3571 5725 3647 5778 δὲ
3670 5739 3802 5794 Terr

2242 5834 2350 5887 νης
2368 5816 2656 5884 στάσεως,
2683 5814 2956 5886 φοϐηθεὶς
2981 5817 3014 5871 ὁ
3036 5816 3363 5886 χιλίαρχος,
3369 5810 3455 5882 μὴ
3480 5807 3802 5863 διασπασθ
