3920 6224
259 367 364 428 33⁸1

331 483 461 552 Quis
480 481 545 536 sit
572 496 686 536 uere
703 479 1073 550 magnanimus.
1091 507 1160 518 —-
1175 476 1289 532 Non
1318 492 1447 547 ergo
1469 479 1834 546 magnanimus

255 586 338 632 est
360 573 638 645 prodigus.
656 570 974 640 Quomodo?
1000 569 1099 636 Qui
1122 569 1265 624 mille
1288 571 1494 638 capitur
1512 568 1672 622 animi
1695 582 1834 621 mor-

257 667 370 732 bis,
403 663 674 736 quomodo
704 662 880 733 magni
915 659 1075 716 fuerit
1103 661 1308 716 animi?
1350 660 1534 731 Neque
1573 661 1713 715 enim
1746 658 1834 714 ille

257 758 512 830 pecunias
540 765 865 821 contemnet,
897 754 991 810 sed
1019 755 1177 810 etiam
1204 755 1321 808 aliis
1344 754 1652 824 subjicietur
1672 752 1833 808 animi

257 850 493 908 morbis:
527 857 586 904 ut
625 849 669 902 si
704 849 824 918 quis
856 847 1152 902 latronibus
1180 863 1366 917 parere
1394 857 1650 917 cogatur.
1697 847 1835 901 liber

256 959 362 998 non
392 944 497 998 erit
521 959 538 997 :
567 955 672 996 non
699 941 840 996 enim
862 955 924 994 ex
948 939 1248 994 divitiarum
1269 947 1572 1008 contemptu
1597 937 1652 992 fit
1672 953 1832 1008 pecu-

254 1035 462 1088 niarum
487 1032 746 1102 profusio,
774 1030 866 1086 sed
887 1031 1026 1101 quod
1052 1031 1325 1100 ignoretur
1344 1071 1358 1092 ,
1381 1044 1486 1098 quo
1513 1039 1666 1098 pacto
1691 1040 1835 1084 recte

252 1122 674 1192 dispensandum
702 1123 774 1176 sit
801 1139 814 1175 :
848 1136 968 1175 nam
997 1121 1042 1174 si
1072 1121 1255 1176 liceret
1279 1130 1333 1174 et
1371 1121 1490 1174 illas
1517 1121 1746 1175 retinere
1781 1129 1836 1175 et

255 1215 360 1269 illis
382 1213 510 1280 frui,
543 1213 594 1268 id
621 1214 800 1283 utique
828 1213 1006 1268 vellet.
1035 1211 1136 1280 Qui
1163 1227 1309 1276 vero,
1335 1221 1393 1265 ut
1417 1220 1644 1281 oportet,
1675 1227 1836 1281 pecu-

254 1307 370 1361 nias
397 1305 641 1372 insumit,
669 1306 713 1360 is
734 1310 1101 1375 magnanimus
1131 1313 1214 1359 est
1242 1321 1254 1358 :
1297 1319 1518 1373 magnus
1544 1304 1683 1359 enim
1711 1319 1835 1358 vere

253 1407 335 1453 est
382 1397 474 1452 ille
515 1395 763 1462 animus,
796 1395 886 1465 qui
934 1393 1146 1450 affectui
1182 1410 1290 1448 non
1326 1395 1530 1459 servit,
1572 1395 1662 1464 qui
1704 1394 1834 1448 nihil

255 1497 406 1556 putat
441 1500 565 1541 esse
596 1485 869 1556 pecunias.
904 1485 1109 1539 Rursus
1137 1485 1433 1540 oeconomia
1467 1485 1662 1540 bonum
1701 1495 1784 1540 est
1818 1503 1831 1539 :

253 1591 644 1636 etmconomus
684 1579 772 1632 ille
814 1578 1046 1648 optimus
1072 1576 1267 1641 fuerit,
1312 1577 1401 1646 qui
1425 1585 1485 1631 ut
1517 1585 1729 1646 Oportet
1754 1579 1836 1631 in-

255 1673 450 1738 sumit,
494 1672 584 1742 qui
615 1686 720 1726 non
748 1679 949 1725 temere
977 1671 1196 1740 spargit.
1225 1671 1294 1724 At
1321 1671 1388 1725 de
1423 1671 1743 1740 parcimonia
1783 1679 1837 1724 et

258 1764 545 1818 tenacitate
571 1777 679 1816 non
709 1761 848 1816 idem
875 1760 1182 1816 dicendum.
1227 1759 1321 1815 Ille
1359 1776 1589 1830 namque
1617 1761 1790 1814 omnia
1817 1803 1832 1828 ,

261 1866 318 1908 ut
353 1863 564 1922 oportet
591 1854 850 1917 insumit;
883 1853 969 1906 hic
994 1867 1123 1907 vero
1156 1867 1223 1908 ne
1253 1852 1482 1908 instante
1507 1851 1720 1923 quidem
1744 1868 1837 1907 ne-

258 1945 509 2000 cessitate
552 1944 806 2014 pecunias
835 1944 1053 2013 profert.
1089 1943 1428 1999 (Economus
1454 1960 1581 2015 ergo
1621 1960 1838 2015 magna-

255 2038 381 2091 nimi
409 2038 577 2092 frater
603 2036 778 2092 fuerit.
803 2035 964 2108 Igitur
984 2037 1140 2091 simul
1163 2052 1422 2107 ponemus
1444 2039 1836 2108 magnanimum

251 2142 304 2186 et
329 2147 712 2196 (nummum;
743 2131 900 2186 simul
931 2130 1207 2201 prodigum
1233 2141 1285 2186 et
1314 2141 1555 2188 tenacem
1588 2149 1601 2185 :
1629 2133 1836 2202 utrique

249 2223 395 2276 enim
443 2237 514 2276 ex
569 2221 858 2291 pusillitate
892 2222 1056 2276 animi
1094 2221 1197 2277 hoc
1237 2224 1546 2292 patiuntur;
1598 2225 1734 2278 sicut
1780 2233 1835 2279 et

251 2313 327 2366 illi
354 2329 424 2366 ex
453 2311 912 2379 magnanimitate.
940 2311 1018 2366 Ne
1045 2313 1202 2382 igitur
1228 2315 1626 2383 magnanimum
1652 2315 1837 2385 appel-

251 2405 427 2457 lemus
485 2418 648 2471 eum,
687 2403 775 2474 qui
817 2412 1018 2459 temere
1059 2403 1348 2474 impendit,
1404 2405 1498 2460 sed
1545 2421 1666 2460 eum
1691 2447 1706 2472 ,
1746 2407 1836 2476 qui

248 2502 444 2564 erogat
468 2502 528 2546 ut
545 2502 785 2562 oportet;
816 2510 985 2565 neque
1007 2509 1343 2550 (nconomum
1364 2496 1600 2551 dicamus
1621 2513 1836 2566 parcum

248 2599 303 2642 et
334 2597 580 2642 tenacem
600 2627 614 2652 ,
644 2589 737 2643 sed
764 2603 908 2654 eum,
940 2591 1027 2658 qui
1061 2589 1428 2659 intempestive
1453 2591 1688 2660 pecuniis
1709 2606 1834 2662 par-

247 2679 349 2734 cit.
381 2680 588 2745 Quanta
618 2678 768 2734 dives
793 2680 884 2735 ille
909 2681 1209 2748 insnmpsit,
1233 2682 1323 2751 qui
1353 2681 1665 2736 induebatur
1699 2699 1839 2752 pur—

254 2787 390 2841 pura
424 2781 478 2825 et
502 2771 707 2840 bysso(
743 2770 970 2826 Luc.l6.
1002 2771 1067 2826 I9
1094 2771 1289 2842 )?Sed
1328 2788 1432 2826 non
1475 2781 1590 2827 erat
1614 2790 1834 2844 magna-

251 2866 438 2917 nimus
470 2879 485 2916 :
517 2863 692 2916 anima
735 2877 964 2932 namque
997 2863 1112 2932 ejus
1157 2873 1210 2918 et
1253 2863 1565 2918 crudelitate
1600 2873 1653 2919 et
1694 2866 1837 2920 mille

251 2953 624 3024 voluptatibus
644 2954 1006 3020 detinebatur;
1034 2955 1148 3009 hzec
1167 2965 1341 3010 autem
1361 2955 1627 3025 quomodo
1649 2972 1835 3027 magna

253 3047 457 3102 fuerit?
484 3045 851 3116 Magnanimus
879 3055 996 3102 erat
1022 3047 1315 3112 Abraham,
1342 3047 1432 3118 qui
1462 3047 1527 3102 ad
1555 3047 1828 3118 hospitali-

253 3151 422 3194 tatem
459 3141 713 3208 pecunias
740 3139 1071 3206 insumebat,
1100 3140 1320 3195 vitulum
1352 3141 1635 3207 mactabat,
1665 3151 1719 3197 et
1749 3143 1836 3197 ubi

252 3250 388 3303 opus
420 3243 540 3287 erat
559 3274 573 3296 ,
602 3248 706 3288 non
738 3233 896 3288 modo
926 3234 1184 3303 pecuniis,
1215 3234 1309 3290 sed
1330 3236 1488 3290 etiam
1511 3236 1700 3290 anima:
1726 3250 1838 3291 suae

251 3341 360 3379 non
393 3325 672 3394 parcebat.
711 3324 767 3380 Si
796 3341 924 3396 ergo
965 3326 1254 3381 viderimus
1293 3328 1595 3398 quempiam
1641 3329 1835 3382 lautam

252 3433 507 3473 mensam
541 3428 915 3488 apponentem,
944 3421 1258 3475 meretrices
1287 3431 1339 3475 et
1364 3422 1622 3490 parasitos
1646 3421 1842 3477 baben-

253 3518 358 3563 tem
384 3549 403 3572 ,
439 3524 506 3562 ne
528 3509 921 3578 magnanimum
950 3509 1097 3584 illum
1124 3526 1406 3573 vocemus.
1434 3512 1528 3567 sed
1552 3513 1838 3568 admodum

249 3601 566 3657 sordidum.
593 3601 726 3658 Vide
757 3618 1015 3672 namque,
1050 3615 1177 3674 quot
1199 3606 1398 3660 morbis
1428 3605 1590 3660 animi
1617 3607 1836 3673 serviat,

250 3695 396 3765 gula:
426 3733 446 3757 ,
493 3692 739 3748 absurdae
779 3693 1069 3762 voluptati,
1101 3695 1388 3750 adulationi
1423 3713 1436 3749 :
1467 3698 1556 3766 qui
1603 3713 1728 3752 vero
1758 3698 1840 3753 his

1211 359 1278 417 IN
1315 361 1492 418 ACTA
1530 358 2045 417 APOSTOLORUM.
2086 359 2311 416 lIOMIL.
2356 359 2537 418 XLIX.

3396 366 3502 423 358

1938 472 2178 529 addictus
2219 484 2338 539 est,
2384 485 2440 530 ut
2482 489 2549 530 ne
2589 491 2750 530 unum
2799 476 3011 546 quidem
3046 493 3230 536 eorum
3270 481 3502 556 effugere

1939 569 2139 636 possit,
2177 569 2446 639 quomodo
2483 570 2603 639 quis
2652 572 3048 641 magnanimum
3091 577 3284 632 vocet?
3324 577 3502 649 Itaque

1938 659 2084 712 illum
2134 659 2254 714 hinc
2304 661 2474 728 potius
2501 661 2891 729 pusillanimum
2921 665 3224 722 vocabimus
3261 681 3274 728 ;
3302 677 3503 735 quanto

1939 750 2088 819 plura
2110 751 2248 806 enim
2273 753 2586 821 profuderit,
2610 764 2754 809 tanto
2784 757 2948 826 magis
2988 757 3218 813 ostendit
3256 760 3500 815 vitiorum

1938 844 2146 898 illorum
2191 845 2519 916 tyrannidem
2569 863 2582 898 :
2628 848 2727 902 nisi
2767 850 2908 904 enim
2947 850 3020 904 illi
3066 849 3219 907 valde
3269 851 3506 922 impera-

1937 946 2088 1000 rent,
2119 955 2221 992 non
2255 947 2395 993 tanta
2428 939 2734 994 insumeret.

2009 1029 2338 1100 Eleentosyna
2365 1033 2757 1085 commendatur.
2781 1061 2851 1072 —
2878 1032 3102 1088 Rursum
3134 1034 3177 1088 si
3215 1034 3505 1092 [deﬁnitis

1940 1120 2240 1190 quempiam
2270 1121 2395 1175 nihil
2424 1121 2612 1175 horum
2639 1123 2830 1176 talibus
2859 1134 3164 1194 erogantem
3186 1167 3201 1190 ,
3231 1125 3324 1182 sed
3361 1141 3500 1195 pau-

1939 1225 2092 1279 peres
2130 1223 2466 1280 pascentem,
2505 1228 2699 1282 egenos
2735 1213 3043 1281 juvantem,
3085 1230 3206 1270 cum
3249 1215 3505 1288 frugalem

1938 1300 2038 1355 sibi
2081 1310 2232 1370 paret
2287 1317 2557 1365 mensam,
2606 1302 2743 1357 hunc
2781 1303 3066 1360 admodum
3112 1307 3504 1376 magnanimum

1938 1391 2175 1447 dicamus
2217 1411 2230 1448 :
2275 1395 2448 1464 magni
2497 1395 2693 1464 quippe
2736 1406 2818 1450 est
2846 1397 3006 1451 animi
3037 1414 3183 1452 suam
3231 1399 3509 1469 despicere

1939 1487 2167 1556 quietem
2194 1531 2208 1553 ,
2241 1498 2294 1543 et
2320 1489 2547 1543 alienam
2573 1504 2780 1543 curare.
2813 1490 2906 1545 Dic
2931 1492 3071 1546 enim
3100 1491 3251 1557 mitti,
3280 1494 3323 1547 si
3349 1508 3507 1562 quem

1938 1577 2148 1632 videres
2207 1587 2461 1649 tyrannos
2496 1594 2682 1634 omnes
2722 1580 3138 1648 despicientem,
3189 1583 3510 1654 illorumque

1933 1667 2077 1738 jussa
2105 1669 2250 1723 nihili
2282 1670 2561 1725 facientem
2585 1713 2598 1736 ,
2635 1686 2729 1725 eos
2757 1683 2933 1727 autem
2964 1673 3054 1742 qui
3089 1674 3154 1729 ab
3194 1674 3296 1729 illis
3324 1676 3508 1746 oppri-

1939 1774 2154 1817 muntur
2196 1765 2507 1832 eripientem
2560 1782 2575 1820 :
2623 1781 2798 1820 annon
2841 1767 2941 1821 hoc
2973 1783 3218 1837 maguum
3250 1770 3509 1837 putares?

1939 1853 2050 1908 Hoc
2075 1863 2129 1908 et
2155 1855 2239 1908 hic
2265 1857 2577 1922 cogitemus.
2611 1858 2785 1910 Animi
2812 1857 3032 1913 affectus
3055 1868 3110 1914 et
3136 1861 3304 1914 morbi
3329 1867 3510 1932 tyran?

1941 1945 1991 1999 ni
2020 1954 2178 2009 sunt;
2211 1945 2255 1999 si
2280 1946 2397 1999 illos
2425 1946 2846 2015 despexerimus,
2880 1949 3052 2017 magni
3085 1951 3312 2015 erimus;
3344 1951 3388 2005 si
3410 1967 3508 2005 au-

1942 2045 2046 2090 tem
2077 2035 2210 2090 alios
2239 2037 2555 2107 eripiamus,
2595 2037 2751 2108 longe
2791 2040 3022 2108 majores
3052 2057 3065 2096 :
3094 2051 3148 2096 et
3171 2042 3362 2096 merito
3386 2042 3511 2112 qui-

1940 2126 2084 2181 dem.
2133 2126 2263 2180 Nam
2305 2128 2392 2196 qui
2439 2145 2542 2180 non
2571 2129 2731 2182 modo
2759 2129 2857 2183 sibi
2890 2131 3196 2197 sufficiunt,
3226 2131 3318 2186 sed
3348 2133 3508 2188 etiam

1941 2218 2078 2283 aliis,
2111 2217 2340 2286 majores
2368 2228 2491 2274 sunt
2513 2220 2634 2282 illis,
2666 2222 2756 2290 qui
2789 2232 3033 2276 neutrum
3064 2223 3278 2277 faciunt.
3303 2225 3358 2280 Si
3381 2240 3508 2282 vero

1941 2310 2059 2378 quis
2104 2325 2131 2361 a
2174 2319 2398 2380 tyranno
2431 2310 2610 2380 jussus
2646 2327 2710 2366 ex
2752 2313 2976 2367 subditis
3021 2315 3180 2367 alium
3211 2315 3501 2384 verberet,

1940 2403 2100 2457 alium
2133 2403 2336 2468 trahat,
2367 2404 2526 2458 alium
2555 2407 2875 2461 contumelia
2904 2406 3099 2462 afficiat
3118 2448 3134 2474 ,
3163 2425 3229 2463 an
3262 2411 3362 2464 hoc
3390 2426 3506 2464 nta-

1941 2495 2176 2563 gnanimi
2217 2509 2337 2550 esse
2363 2496 2638 2550 dicamus?
2666 2497 3113 2568 Haudquaquam.
3145 2511 3199 2555 et
3227 2509 3376 2554 tanto
3409 2501 3511 2555 mi-

1944 2600 2074 2651 nus,
2117 2594 2318 2654 quanto
2358 2587 2527 2655 major
2571 2587 2660 2642 ille
2711 2589 2890 2644 fuerit.
2933 2589 3006 2643 Ita
3051 2605 3137 2644 res
3175 2591 3224 2644 in
3260 2591 3510 2660 praesenti

1941 2685 2025 2730 est
2065 2698 2078 2731 :
2127 2691 2268 2730 nunc
2303 2677 2444 2730 enim
2474 2679 2784 2748 proponitur
2803 2680 2978 2734 anima
3008 2682 3200 2735 nobilis
3229 2693 3281 2736 et
3309 2683 3508 2750 libera;

1942 2767 2080 2822 hanc
2129 2767 2382 2839 prodigus
2419 2770 2576 2838 jussit
2627 2771 2827 2841 percuti
2875 2789 2904 2826 a
2949 2775 3123 2843 pravis
3169 2775 3447 2830 affectibus
3493 2794 3507 2830 :

1940 2873 2132 2912 eumue
2152 2860 2242 2928 qui
2267 2861 2500 2928 seipsum
2533 2863 2758 2929 percutit
2782 2905 2796 2929 ,
2826 2869 3214 2933 magnanimum
3236 2865 3471 2921 dicemus
3487 2869 3513 2921 τ

1940 2947 2304 3018 Nequaquam.
2338 2950 2475 3020 Ergo
2498 2951 2764 3008 discamus
2787 2995 2802 3020 ,
2831 2955 2958 3022 quid
2987 2955 3058 3009 sit
3081 2959 3505 3026 magnanimitas,

1941 3039 2068 3109 quid
2110 3041 2485 3110 prodigalitas;
2532 3044 2656 3114 quid
2703 3046 3085 3110 mansuetudo,
3117 3047 3240 3116 quid
3267 3049 3506 3118 ignavia;

1941 3132 2068 3201 quid
2092 3132 2300 3188 dicendi
2327 3133 2578 3201 libertas,
2607 3136 2733 3205 quid
2763 3136 2981 3192 audacia
3018 3160 3030 3192 ς
3065 3146 3120 3192 ut
3141 3138 3255 3194 ha:c
3285 3141 3425 3195 inter
3449 3157 3512 3198 se

1941 3225 2346 3297 distinguentes,
2365 3243 2628 3298 possmus
2651 3229 2874 3286 Domino
2899 3231 3166 3299 placentes
3193 3243 3508 3302 praesentem

1941 3321 2102 3374 vitam
2135 3321 2427 3391 transigere
2446 3363 2461 3386 ,
2491 3331 2546 3377 et
2571 3321 2746 3376 futura
2771 3324 3023 3392 consequi
3053 3323 3190 3378 bona
3212 3365 3226 3387 ,
3260 3326 3427 3396 gratia
3454 3335 3508 3380 et

1941 3411 2267 3482 benignitate
2305 3412 2570 3483 Unigeniti
2607 3414 2722 3483 ejus
2747 3455 2762 3480 ,
2795 3415 3006 3483 quicum
3036 3415 3178 3470 Patri
3216 3425 3270 3471 et
3292 3417 3512 3486 Spiritui

1942 3514 2130 3558 sancto
2177 3504 2343 3573 gloria
2366 3545 2380 3567 ,
2418 3505 2694 3574 imperium
2717 3547 2731 3569 ,
2763 3505 2936 3560 honor
2956 3547 2970 3572 ,
3003 3521 3143 3562 nunc
3181 3517 3236 3563 et
3264 3523 3506 3580 semper,

1941 3605 1995 3649 et
2021 3595 2073 3650 in
2099 3597 2289 3651 szecula
2322 3597 2660 3652 saeculorum.
2691 3599 2883 3654 Amen.

249 3816 3499 3843 Μ

1583 3910 1924 3972 ΗΟΜΠᾸΑ
1967 3911 2200 3972 XLIX.

249 4040 385 4096 Cn.
439 4038 531 4093 23.
579 4052 632 4090 v.
689 4036 743 4091 6.
793 4036 972 4092 Sciens
1030 4047 1196 4091 autem
1244 4036 1441 4092 Paulus
1471 4079 1486 4104 ,
1534 4039 1668 4108 quod
1741 4056 1842 4092 una

327 4147 468 4202 pars
515 4139 642 4183 esset
674 4127 1110 4194 Sadducaeorum,
1159 4139 1203 4182 et
1239 4130 1398 4182 altera
1443 4127 1839 4194 Pltaristcorum,

322 4223 640 4279 exclamauit
678 4222 730 4274 in
757 4222 1008 4274 concilio:
1045 4219 1152 4273 Viri
1193 4222 1396 4289 fratres,
1425 4237 1515 4290 ego
1553 4221 1842 4274 Pltariwus

321 4331 475 4377 um,
499 4312 752 4367 Pharisazi
789 4313 968 4377 ﬁlius;
1017 4312 1080 4364 de
1111 4327 1198 4381 spe
1226 4323 1272 4365 et
1307 4313 1666 4365 resurrectione
1704 4329 1843 4365 mor-

325 4421 552 4462 tuarum
571 4421 662 4475 ego
697 4405 925 4474 judicor.
969 4405 1021 4458 7.
1073 4404 1139 4457 Et
1173 4421 1286 4456 cum
1315 4406 1410 4458 hoc
1437 4405 1665 4468 dixisset,
1711 4409 1846 4474 facta

322 4510 404 4555 est
437 4498 682 4552 dissensio
705 4499 833 4550 inter
862 4495 1149 4550 Pltaristcos
1171 4506 1215 4550 et
1241 4495 1552 4550 Sadducreos
1569 4505 1613 4548 et
1635 4495 1846 4549 discissa

325 4605 404 4649 est
462 4591 750 4645 multitudo.
779 4590 830 4645 8.
860 4589 1133 4645 Sadducari
1178 4591 1311 4643 enint
1355 4590 1550 4654 dicunt,
1595 4605 1693 4642 non
1743 4604 1848 4642 esse

327 4682 793 4746 resurrectionem,
848 4697 1005 4750 neque
1045 4681 1318 4750 angelum,
1367 4697 1524 4749 neque
1569 4681 1846 4750 spiritum:

330 4777 604 4833 Pharisa'i
627 4785 796 4828 autem
827 4785 1038 4841 utraque
1061 4774 1386 4842 conﬁtentur.

332 4873 387 4925 I.
426 4869 664 4923 Rursum
712 4865 944 4920 humano
997 4880 1147 4919 more
1193 4863 1447 4929 disserit,
1497 4879 1597 4918 nec
1634 4878 1850 4932 semper

255 4961 440 5028 gratia
472 4958 671 5012 fruitur
695 4973 710 5020 ;
749 4956 843 5011 sed
867 4954 1030 5011 etiam
1057 4956 1257 5025 aliquid
1279 4972 1306 5008 a
1331 4957 1510 5026 seipso
1531 4957 1850 5025 permittitur

256 5052 512 5113 aﬂ'erre;
545 5048 594 5103 id
621 5048 763 5119 quod
795 5063 924 5102 sane
952 5047 1073 5102 facit
1098 5064 1112 5100 :
1144 5058 1198 5102 et
1224 5049 1273 5101 in
1304 5047 1408 5102 hoc
1433 5057 1488 5102 et
1516 5049 1567 5102 in
1605 5047 1851 5117 sequenti

260 5144 543 5196 rationem
572 5139 784 5204 reddit,
813 5149 870 5192 ut
910 5139 1116 5193 scindat
1151 5139 1538 5194 multitudinem
1569 5149 1752 5193 contra
1793 5153 1852 5193 se

258 5236 411 5289 male
433 5233 798 5302 conjunctam.
822 5231 1004 5303 Neque
1033 5232 1308 5298 mentitur,
1330 5246 1448 5286 cum
1478 5247 1536 5286 se
1563 5231 1693 5286 dicit
1715 5230 1851 5285 Pha-

259 5331 534 5383 risa-um:
580 5325 881 5380 Pharismus
935 5325 1078 5380 enim
1118 5334 1232 5379 erat
1289 5340 1357 5379 ex
1404 5323 1849 5394 progenitoribus.

263 5421 398 5475 Ideo
422 5420 500 5473 ita
527 5433 644 5472 sese
691 5416 959 5473 defendit:
984 5415 1280 5472 Phariscus
1309 5433 1400 5488 ego
1428 5433 1539 5470 sunt
1560 5457 1575 5481 ,
1605 5414 1855 5470 Phariswi

261 5512 442 5580 ﬁlius,
477 5517 525 5560 et
551 5509 614 5562 de
636 5524 726 5578 spe
753 5525 813 5562 ac
846 5509 1210 5562 resurrectione
1256 5517 1570 5562 mortuorum
1599 5523 1689 5578 ego
1706 5507 1856 5574 judi-

261 5621 380 5656 cor.
413 5600 554 5668 Quia
583 5602 724 5656 enim
756 5600 828 5654 illi
860 5599 1110 5654 nolebant
1139 5600 1318 5656 dicere
1343 5615 1440 5654 cur
1471 5599 1616 5652 illum
1642 5598 1850 5668 judica-

266 5707 423 5759 rent,
457 5696 667 5762 cogitur
687 5695 796 5763 jam
827 5693 916 5747 ille
955 5691 1006 5746 id
1041 5695 1338 5749 enuntiare.
1385 5692 1636 5746 Pharisari
1663 5700 1852 5756 autem,

268 5791 486 5858 inquit,
515 5795 718 5854 utraque
745 5783 1070 5851 conﬁtentur.
1109 5785 1269 5859 Atqui
1307 5786 1406 5843 tria
1429 5792 1581 5842 sunt:
1611 5798 1706 5840 cur
1725 5796 1856 5852 ergo

1946 4039 2072 4094 dicit
2103 4039 2370 4111 Utraque?
2411 4039 2505 4096 Vel
2548 4041 2687 4111 quod
2735 4042 2952 4112 spiritus
2993 4052 3044 4098 et
3079 4044 3299 4114 angelus
3346 4060 3507 4105 unum

1946 4131 2089 4195 sint;
2123 4132 2202 4186 vel
2232 4133 2351 4201 quia
2375 4132 2537 4188 dictio
2580 4135 2663 4187 illa
2698 4150 2801 4189 non
2844 4135 3016 4189 solum
3048 4135 3114 4190 de
3139 4134 3345 4190 duobus
3368 4176 3384 4201 ,
3418 4135 3512 4190 sed

1947 4222 2105 4274 etiam
2133 4221 2199 4276 de
2240 4222 2408 4277 tribus
2450 4224 2728 4292 accipitur.
2773 4224 2952 4292 Itaque
2977 4225 3166 4279 latiore
3187 4240 3284 4279 usu
3320 4233 3374 4280 et
3403 4240 3508 4280 non

1949 4314 2162 4383 proprie
2203 4314 2282 4368 sic
2305 4313 2554 4384 loquutus
2587 4326 2690 4370 est.
2730 4315 2796 4369 Et
2823 4314 2981 4369 vide:
3009 4315 3222 4385 quando
3263 4331 3386 4370 cum
3408 4317 3511 4371 illis

1949 4403 2067 4469 fuit,
2117 4413 2239 4459 tunc
2273 4406 2388 4474 ejus
2435 4421 2648 4461 causam
2689 4405 3078 4462 defendendam
3121 4408 3434 4477 suscipiunt.
3459 4408 3501 4467 9.

1957 4513 1974 4547 ι
2013 4494 2202 4549 Factus
2227 4505 2328 4556 est.
2363 4496 2553 4566 inquit,
2597 4498 2801 4552 clamor
2837 4513 3098 4568 magnus;
3137 4507 3192 4553 et
3225 4509 3508 4570 surgentes

1951 4587 2139 4640 scriba:
2174 4603 2238 4641 ex
2269 4596 2417 4656 parte
2445 4587 2856 4654 Pltaristeorum,
2888 4591 3192 4660 pugnabant
3233 4591 3508 4647 dicentes:

1951 4676 2089 4731 Nihil
2123 4678 2246 4732 mali
2291 4680 2589 4734 invenimus
2616 4681 2666 4734 in
2706 4680 2923 4736 homine
2952 4684 3073 4737 hoc.
3102 4681 3252 4750 Quod
3276 4685 3318 4737 si
3353 4684 3516 4754 spiri-

1953 4777 2037 4824 tus
2082 4770 2332 4839 loquutus
2371 4781 2454 4827 est
2500 4773 2548 4826 ei
2604 4773 2685 4828 vel
2739 4774 2998 4843 angelus,
3049 4790 3117 4830 ne
3163 4791 3521 4845 repugnemus

1953 4861 2082 4916 Deo.
2118 4881 2136 4914 ›
2167 4863 2232 4917 Et
2260 4877 2356 4918 cur
2387 4879 2495 4919 non
2530 4866 2755 4919 antehac
2778 4865 2925 4919 illum
2957 4865 3353 4922 defenderunt?
3381 4866 3514 4934 Quia

1955 4952 2058 5006 illis
2079 4953 2315 5008 nondum
2344 4956 2666 5009 commixtus
2692 4964 2828 5021 erat,
2877 4971 3070 5026 neque,
3095 4967 3378 5026 antequam
3400 4973 3522 5014 sese

1953 5042 2277 5108 defenderet,
2315 5055 2497 5100 notum
2528 5055 2643 5101 erat
2664 5046 2838 5115 ipsum
2867 5061 2897 5101 a
2923 5046 3214 5116 majoribus
3240 5062 3362 5103 esse
3383 5049 3520 5105 Pha-

1955 5135 2188 5189 riscum.
2217 5136 2408 5203 Vides,
2466 5138 2678 5208 quando
2723 5137 2884 5192 animi
2928 5137 3149 5193 affectus
3186 5139 3521 5210 abscedunt,

1955 5226 2222 5295 quomodo
2264 5229 2462 5283 veritas
2502 5228 2839 5299 reperiatur?
2898 5227 3012 5284 Hoc
3058 5244 3185 5285 vero
3222 5232 3526 5302 significant

1957 5319 2032 5374 illi
2063 5319 2247 5386 :Quod
2271 5320 2474 5374 crimen
2496 5359 2512 5384 ,
2543 5321 2586 5373 si
2615 5319 2838 5390 angelus
2858 5320 3110 5390 loquutus
3149 5333 3232 5378 est
3259 5322 3332 5391 ei,
3363 5334 3454 5379 aut
3478 5325 3525 5380 si

1958 5413 2270 5483 spiritus,et
2296 5413 2363 5468 ab
2385 5412 2474 5469 illo
2504 5413 2774 5468 institutus
2800 5413 2879 5469 sic
2901 5413 2969 5469 de
2995 5416 3394 5473 resurrectione
3418 5416 3521 5471 do-

1957 5507 2116 5561 ceat?
2159 5505 2297 5576 Ergo
2337 5505 2686 5561 abscedamus
2708 5505 2914 5573 abillo,
2948 5523 3038 5569 ne.
3087 5509 3134 5565 si
3161 5525 3280 5566 cum
3303 5510 3395 5564 illo
3425 5524 3524 5575 pu-

1958 5613 2202 5668 gnemus,
2221 5600 2382 5655 Deum
2411 5601 2570 5656 etiam
2591 5601 2979 5672 impugnemus.
2995 5585 3130 5658 Vide
3149 5602 3271 5657 illos
3295 5599 3527 5670 pruden-

1961 5700 2043 5746 ter
2065 5689 2428 5748 defensionem
2454 5699 2723 5763 parantes,
2753 5691 2918 5749 Paulo
2956 5691 3155 5747 nullam
3185 5692 3312 5761 ipsis
3331 5702 3519 5744 ansam

1960 5783 2257 5855 praebente.
2285 5786 2369 5844 to.
2399 5803 2420 5841 ι
2457 5787 2526 5844 At
2549 5801 2671 5844 cum
2697 5799 2888 5859 magna
2912 5783 3178 5841 dissensio
3205 5784 3341 5839 facta
3360 5789 3529 5852 esset,
