4002 6224
425 320 527 374 339

423 437 617 490 timens
645 435 905 501 tribunus,
936 447 1004 487 ne
1029 430 1421 501 discerperetur
1449 429 1642 483 Paulus
1669 427 1736 481 ab
1762 424 1991 495 eis,jus-

422 527 489 580 sit
514 527 803 582 exercituum
830 522 1189 585 descendere;
1217 536 1506 591 rapereque
1526 520 1696 588 ipsum
1723 517 1790 572 de
1814 518 1992 572 medio

420 633 605 674 eorum
634 632 696 671 ac
726 616 993 672 deducere
1016 616 1067 668 in
1098 624 1293 668 castra.
1333 630 1352 664 ι
1381 611 1786 665 Timetdemum
1819 609 1991 663 tribu-

419 724 540 775 nus,
570 725 634 764 ne
663 708 1017 777 discerpatur,
1049 709 1168 777 quia
1198 708 1406 762 dixerat
1425 720 1484 760 se
1511 705 1809 758 Romanum
1842 717 1987 757 esse:

419 798 562 853 unde
588 814 692 854 non
728 801 845 857 sine
893 799 1131 868 periculo
1170 812 1257 852 res
1285 805 1419 852 erat.
1470 794 1657 849 Viden’
1684 794 1834 847 illum
1870 793 1991 863 jure

419 890 617 946 fassum
642 907 762 947 esse
785 907 845 947 se
874 906 993 946 esse
1021 892 1314 945 Romanum
1337 892 1359 944 ?
1381 890 1611 959 alioquin
1642 904 1814 959 neque
1849 902 1991 943 nunc

420 996 564 1040 metu
594 995 836 1041 retentus
862 985 1070 1041 fuisset.
1116 987 1393 1040 Exercitus
1424 1000 1552 1038 vero
1603 983 1817 1038 demum
1848 982 1990 1037 abri-

419 1078 498 1146 pit
521 1092 665 1133 eutn.
698 1076 768 1133 Ut
810 1088 989 1133 autem
1033 1077 1279 1132 viderunt
1324 1078 1530 1132 scelesti
1553 1092 1738 1132 omnes
1770 1087 1991 1131 conatus

420 1185 547 1224 suos
594 1170 775 1224 irritos
814 1185 954 1235 esse,
1002 1186 1099 1239 per
1140 1184 1199 1224 se
1245 1170 1423 1223 omnia
1468 1170 1710 1223 faciunt:
1743 1167 1995 1225 volebant

421 1262 636 1331 quidem
673 1272 727 1318 et
755 1262 982 1316 antehac
1007 1303 1021 1328 ,
1067 1261 1161 1317 sed
1191 1261 1411 1316 cohibiti
1457 1263 1665 1315 fuerant
1694 1277 1707 1313 :
1735 1262 1803 1315 ita
1832 1274 1988 1313 num-

421 1369 578 1423 quam
606 1354 843 1408 subsistit
866 1354 1095 1422 nequitia
1124 1393 1140 1418 ,
1182 1361 1259 1407 tot
1300 1353 1458 1407 rebus
1486 1352 1775 1421 impedita:
1808 1366 1993 1421 quam-

422 1446 501 1499 vis
528 1462 646 1517 qure
686 1463 791 1499 non
833 1446 1135 1516 dispensata
1180 1456 1363 1511 erant,
1397 1454 1452 1499 ut
1485 1453 1538 1499 et
1578 1444 1806 1499 furorem
1834 1442 1991 1497 seda-

421 1545 560 1603 rent,
591 1545 645 1591 et
673 1552 733 1590 ea
764 1536 1052 1599 discerent,
1082 1551 1177 1606 per
1205 1553 1322 1605 quae
1363 1534 1763 1604 resipiscerent!
1791 1533 1992 1588 Nihilo-

421 1627 594 1682 minus
617 1628 835 1682 instant.
879 1628 1062 1697 Magna
1107 1636 1255 1682 certe
1300 1636 1382 1681 est
1421 1626 1662 1681 defensio
1710 1626 1823 1689 illa,
1849 1624 1988 1695 quod

422 1720 603 1786 homo,
633 1737 793 1790 quem
826 1737 950 1775 mox
973 1720 1293 1790 discerpturi
1319 1730 1491 1785 erant,
1522 1727 1703 1788 raptus
1733 1729 1873 1772 tanta
1900 1733 1991 1787 pe-

420 1811 584 1865 ricula
615 1810 876 1881 effugerit.
911 1829 929 1862 ί
957 1812 1044 1866 11.
1078 1810 1329 1880 Sequenti
1360 1821 1535 1863 autem
1568 1818 1721 1863 nocte
1736 1809 1992 1862 assistens

418 1904 468 1957 ei
490 1904 764 1970 Dominus,
788 1904 899 1957 ait:
928 1903 1193 1959 Constans
1219 1914 1335 1957 esto
1360 1922 1373 1958 :
1401 1902 1539 1957 sicut
1568 1902 1708 1956 enim
1738 1902 1989 1957 testiﬁca-

423 2002 505 2047 tus
526 1990 589 2047 es‘
622 1992 688 2048 de
717 2008 804 2048 me
842 1994 894 2048 in
934 1992 1230 2049 Jerusalem
1251 2035 1266 2060 ,
1298 1994 1374 2047 sic
1397 2003 1449 2047 te
1472 2001 1683 2063 oportet
1711 2002 1767 2048 et
1804 1992 1990 2047 Roma:

422 2082 713 2138 testiﬁcari.
734 2082 819 2137 12.
844 2082 1005 2139 Facta
1035 2094 1210 2139 autem
1239 2084 1327 2139 die
1350 2085 1677 2156 collegerunt
1695 2101 1755 2140 se
1774 2085 1991 2156 quidam

418 2186 482 2226 ex
508 2172 735 2239 Judaeis,
771 2183 825 2229 et
850 2174 1183 2230 devoverunt
1204 2190 1263 2230 se
1284 2176 1538 2240 dicentes,
1572 2192 1743 2247 neque
1771 2177 1993 2232 mandu-

419 2275 637 2321 caturos
670 2281 843 2337 neque
887 2268 1172 2334 bibituros,
1201 2268 1373 2324 donec
1417 2268 1724 2325 occiderent
1744 2270 1987 2326 Paulum.

421 2355 511 2410 15.
564 2356 726 2411 Erant
770 2366 946 2413 autem
1000 2359 1119 2428 plus
1162 2375 1320 2428 quam
1363 2360 1710 2430 quadraginta
1754 2362 1873 2429 viri,
1902 2362 1993 2431 qui

422 2444 562 2501 hanc
588 2448 1010 2515 coujurationem
1040 2449 1302 2505 fecerunt.
1336 2452 1675 2507 Devoverunt
1696 2453 1921 2522 seipsos,
1964 2472 1984 2506 ι

421 2537 613 2609 inquit.
639 2538 829 2594 Viden'
853 2556 1011 2610 quam
1035 2542 1142 2596 sint
1167 2542 1385 2597 violenti
1415 2553 1469 2598 et
1495 2544 1783 2600 ulciscendi
1814 2545 1993 2613 cupidi

421 2630 475 2685 in
502 2631 753 2702 nequitia.
785 2632 921 2700 Quid
942 2642 1043 2699 est,
1073 2633 1144 2689 Se
1158 2635 1457 2690 devoverant
1479 2636 1505 2689 .9
1529 2636 1585 2691 ld
1610 2646 1713 2703 est,
1738 2638 1999 2707 Dixerunt

425 2736 487 2778 se
506 2737 626 2779 esse
649 2733 798 2778 extra
821 2724 979 2779 ﬁdem
1007 2726 1058 2781 in
1094 2726 1280 2793 Deum,
1310 2727 1413 2783 nisi
1436 2727 1578 2798 quod
1604 2728 1991 2798 decreverant,

422 2827 608 2873 contra
635 2815 856 2871 Paulum
904 2818 1211 2889 implerent.
1257 2820 1398 2890 Ergo
1441 2836 1656 2889 semper
1694 2830 1818 2877 sunt
1866 2837 1995 2878 ana-

436 2907 762 2961 thematizati
785 2908 858 2963 illi
885 2926 897 2961 :
930 2924 1104 2980 neque
1127 2911 1269 2966 enim
1310 2911 1619 2968 occiderunt
1652 2912 1896 2970 Paulum.
1928 2915 1995 2971 Et

422 2996 770 3068 quadraginta
795 2998 956 3054 simul
975 3003 1317 3056 conveniunt.
1348 3002 1493 3057 Talis
1518 3013 1697 3060 autem
1713 3020 1844 3076 gens
1869 3015 1953 3062 est
1976 3023 1990 3060 :

422 3089 634 3160 quando
661 3090 715 3144 in
748 3091 945 3146 bonum
974 3094 1396 3149 conveniendum
1418 3102 1519 3162 est,
1551 3111 1724 3165 neque
1748 3096 1854 3151 duo
1872 3112 1997 3153 con-

422 3189 671 3248 currunt;
703 3182 914 3253 quando
934 3194 1113 3238 autem
1144 3185 1195 3239 in
1224 3185 1444 3249 malum,
1479 3186 1705 3255 populus
1735 3194 1900 3244 totus.
1925 3188 1997 3243 Et

428 3274 606 3330 socios
633 3285 912 3331 assumunt
961 3278 1121 3333 etiam
1164 3278 1431 3348 principes
1462 3295 1478 3335 :
1504 3278 1627 3334 ideo
1663 3278 1765 3335 hoc
1790 3280 1995 3350 signiﬁo

423 3381 553 3421 cans
580 3366 731 3422 addit
764 3369 896 3424 :14.
934 3386 955 3421 ‹
986 3368 1086 3437 Qui
1117 3380 1460 3425 accesserunt
1499 3372 1567 3425 ad
1608 3372 1874 3443 principes
1910 3389 1997 3429 sa-

424 3456 701 3513 cerdotum
732 3467 787 3514 et
806 3460 1047 3515 seniores
1069 3502 1084 3526 ,
1107 3470 1163 3515 et
1187 3459 1438 3515 dixerunt
1463 3480 1477 3516 :
1503 3462 1794 3518 Devotione
1824 3463 1994 3519 devo-

426 3552 603 3607 vimus
644 3566 744 3607 nos
778 3552 913 3608 nihil
942 3562 1267 3623 gustaturos,
1306 3553 1478 3609 donec
1528 3555 1833 3611 occidamus
1859 3557 1991 3612 Pan.

427 3643 561 3699 lum.
594 3645 685 3700 15.
707 3645 859 3700 Nunc
905 3662 1033 3717 ergo
1083 3662 1176 3702 vos
1211 3655 1396 3703 notum
1434 3647 1593 3705 facite
1614 3650 1828 3705 tribuno
1874 3667 1995 3706 cum

427 3737 678 3805 concilio,
710 3748 767 3792 ut
791 3738 1047 3808 producat
1075 3740 1221 3795 illum
1251 3740 1316 3796 ad
1345 3755 1473 3809 vos,
1506 3752 1772 3813 tamquam
1799 3743 1997 3813 aliquid

425 3827 627 3881 certius
654 3828 962 3898 cognituros
1008 3829 1077 3885 de
1100 3846 1166 3886 eo
1210 3847 1225 3886 :
1264 3847 1361 3887 nos
1409 3848 1536 3887 vero
1563 3834 1869 3904 priusquam
1899 3851 1997 3906 ap-

428 3919 768 3989 propinquet,
792 3922 964 3990 parati
991 3937 1175 3978 sumus
1214 3923 1515 3981 interﬁcere
1543 3926 1712 3982 illum.
1743 3928 1830 3983 16.
1862 3927 1997 3983 Cum

428 4010 670 4067 audisset
721 4024 901 4069 autem
953 4015 1096 4071 ﬁlius
1143 4018 1344 4072 sororis
1394 4017 1543 4073 Pauli
1574 4020 2001 4085 insidias,venit

429 4112 485 4158 et
515 4105 735 4161 intravit
782 4107 834 4163 in
887 4117 1059 4163 castra
1082 4150 1098 4174 ,
1133 4110 1498 4181 nuntiavitque
1541 4112 1726 4167 Paulo.
1778 4113 1866 4167 17.
1898 4114 1999 4169 Vo-

427 4209 558 4250 cans
588 4207 766 4253 autem
819 4198 1017 4254 Paulus
1046 4200 1113 4254 ad
1157 4215 1216 4255 se
1250 4217 1410 4255 unum
1465 4218 1530 4257 ex
1574 4205 1994 4270 centurionibus,

425 4286 501 4340 ait
531 4302 548 4339 :
573 4287 983 4345 Adolescentem
1016 4290 1157 4344 hunc
1188 4292 1386 4359 perduc
1412 4292 1477 4347 ad
1503 4293 1769 4349 tribunum
1794 4313 1808 4349 :
1838 4296 1998 4352 habet

429 4377 572 4432 enim
601 4380 799 4449 aliquid
826 4382 903 4435 illi
947 4381 1307 4437 indicandum.
1338 4384 1427 4439 18.
1461 4384 1529 4439 Ει
1553 4386 1643 4442 ille
1668 4387 1880 4457 quidem
1911 4405 1999 4445 as-

436 4484 654 4524 sumens
670 4487 816 4539 eum,
850 4472 999 4526 duxit
1026 4473 1091 4528 ad
1117 4474 1408 4530 tribunum.
1445 4494 1465 4528 »
1509 4476 1737 4533 Rursum
1768 4479 1995 4536 humana

429 4570 675 4619 servatur
720 4564 1074 4634 providentia.
1103 4565 1171 4620 Et
1198 4566 1353 4622 vide:
1387 4569 1587 4623 nullum
1629 4570 1821 4625 Paulus
1873 4572 1997 4629 sinit

432 4656 535 4711 hoc
561 4656 803 4724 discere,
834 4672 1011 4727 neque
1054 4658 1422 4713 centurionem
1443 4700 1459 4725 ,
1493 4676 1560 4715 ne
1605 4677 1693 4717 res
1722 4664 1997 4721 manifesta

439 4748 610 4802 ﬁeret.
650 4766 669 4801 ι
704 4747 771 4803 Et
805 4748 1027 4805 veniens
1052 4751 1297 4805 centurio
1326 4752 1589 4805 nuntiavit
1633 4753 1881 4819 tribuno,
1914 4756 1996 4811 die

431 4853 561 4894 cens
592 4856 607 4893 :
637 4840 859 4898 Vinctus
909 4841 1105 4898 Paulus
1144 4844 1351 4914 rogavit
1379 4860 1466 4899 me
1498 4844 1636 4900 hunc
1683 4847 1998 4903 adolescen-

432 4942 541 4989 tem
574 4935 872 5005 perducere
898 4936 965 4992 ad
1008 4946 1082 5004 te,
1135 4936 1420 4992 habentem
1458 4938 1655 5007 aliquid
1681 4938 1827 5008 loqui
1881 4941 1993 4995 tibi.

432 5026 521 5080 19.
543 5026 963 5097 Apprehendens
991 5039 1169 5085 autem
1196 5028 1440 5084 tribunus
1471 5045 1682 5084 manum
1712 5031 1875 5099 illius,
1907 5048 1997 5088 se-

432 5117 595 5172 cessit
635 5134 754 5174 cum
781 5136 847 5175 eo
871 5137 1115 5177 seorsum
1138 5163 1152 5187 ,
1183 5132 1239 5177 et
1263 5121 1611 5193 interrogavit
1653 5139 1774 5178 eum
1809 5141 1823 5178 :
1860 5125 1998 5193 Quid

433 5219 547 5272 est,
575 5212 719 5279 quod
768 5213 931 5269 habes
968 5214 1311 5270 indicandum
1358 5215 1527 5270 mihi?
1550 5215 1640 5270 20.
1693 5216 1784 5271 Ille
1819 5226 1995 5272 autem

435 5300 598 5354 dixit:
630 5301 800 5359 Judzei
840 5307 1213 5374 conspirarent
1243 5315 1301 5361 ut
1345 5316 1597 5379 rogarent
1637 5317 1714 5375 te,
1766 5318 1825 5363 ut
1876 5326 1996 5365 cra-

435 5392 576 5447 stina
602 5393 688 5449 die
717 5395 979 5464 producas
1020 5398 1240 5453 Paulum
1286 5400 1337 5453 in
1367 5402 1649 5456 concilium
1672 5443 1686 5462 ,
1720 5404 1869 5473 quasi
1897 5405 1996 5459 ali-

433 5486 559 5555 quid
585 5489 881 5543 accuratius
907 5490 1223 5545 sciscitatnri
1251 5493 1318 5545 ab
1365 5493 1479 5547 illo.
1526 5493 1617 5548 2f.
1648 5494 1725 5548 Tu
1765 5510 1892 5551 vero
1928 5512 1997 5552 ne

435 5593 640 5633 tnorem
686 5580 913 5649 gesseris
956 5580 1060 5638 illis
1092 5599 1106 5635 :
1136 5582 1453 5637 insidiantur
1488 5584 1631 5639 enim
1676 5599 1742 5639 ex
1790 5586 1855 5640 iis
1898 5588 1996 5643 viri

432 5668 614 5739 plures
655 5671 1035 5743 quadraginta,
1085 5674 1174 5744 qni
1218 5673 1423 5742 seipsos
1472 5674 1835 5744 devoverent,
1890 5695 1994 5735 non

436 5764 760 5824 manducare
797 5766 880 5824 vel
909 5766 1126 5836 bibere,
1176 5767 1347 5824 donec
1388 5769 1709 5827 interﬁciant
1746 5788 1867 5828 eum
1893 5792 1907 5830 :
1938 5784 1993 5830 et

1119 317 1172 371 S.
1212 314 1487 371 JOANNES
1521 310 1989 369 (IllliYSOSTOMI
2027 310 2337 367 ARCIIIEP.
2378 309 2905 367 CONSTANTINOP.

3564 320 3667 376 540

2103 438 2243 478 nunc
2280 424 2445 495 parati
2473 432 2598 478 sunt
2626 433 3001 493 exspectantes
3027 428 3340 495 promissum
3370 439 3543 487 tuum.
3574 432 3665 487 22.

2105 517 2374 572 Tribunus
2420 518 2579 587 igitur
2621 518 2823 574 dimisit
2865 519 3293 586 adolescentem,
3327 524 3667 594 praecipiens,

2098 608 2308 665 Nemini
2330 609 2548 676 dixeris,
2580 611 2721 680 quod
2752 612 2866 667 haec
2890 612 2956 667 ad
2987 628 3071 667 me
3100 615 3361 670 retuleris.
3400 636 3419 668 ι

2169 700 2224 754 2.
2265 701 2407 757 Bene
2438 702 2681 757 tribunus
2728 704 2879 772 jubet
2904 705 3179 771 occultari,
3228 722 3295 762 ne
3349 708 3436 761 cui
3483 716 3665 763 notum

2100 792 2211 845 fiat.
2273 793 2339 847 Et
2396 802 2518 847 tunc
2568 793 2696 849 dicit
2752 798 3192 863 centurionibus,
3242 800 3368 868 quid
3426 812 3668 870 oporteat

2103 882 2247 949 ﬁeri;
2280 893 2334 937 et
2374 884 2600 938 mittitur
2639 884 2938 941 Caesaream
2964 927 2979 954 ,
3006 897 3065 942 ut
3100 889 3211 943 illic
3240 876 3451 945 theatro
3478 893 3528 945 in
3559 909 3669 946 ma-

2094 974 2213 1044 jore
2275 975 2536 1043 disserat,
2576 986 2628 1031 et
2681 979 2733 1032 in
2779 979 3074 1050 frequentia
3135 984 3496 1052 splendidiore
3543 1004 3557 1040 :
3601 1004 3666 1042 ne

2099 1078 2316 1137 possent
2343 1069 2522 1125 dicere
2546 1069 2713 1125 Judaei
2738 1088 2751 1123 :
2783 1072 2839 1127 Si
2862 1072 3178 1129 vidissemus
3205 1076 3427 1132 Paulum
3446 1119 3461 1142 ,
3493 1080 3667 1134 credi-

2098 1158 2381 1224 dissemns,
2432 1163 2477 1216 si
2508 1162 2840 1218 audissemus
2882 1165 3184 1221 docentem.
3244 1168 3369 1223 lla-c
3415 1186 3543 1240 ergo
3572 1173 3671 1225 illis

2098 1253 2372 1306 excusatio
2401 1253 2607 1307 sublata
2636 1264 2739 1309 est.
2794 1254 2860 1309 Et
2906 1257 3131 1324 adstans,
3183 1261 3374 1330 inquit,
3424 1261 3671 1317 Dominus

2099 1342 2228 1395 dixit
2252 1344 2296 1395 ei
2321 1360 2339 1397 :
2371 1343 2620 1399 Constans
2642 1330 2746 1400 esto
2770 1362 2789 1409 ,'
2828 1348 2956 1401 sicut
2986 1350 3118 1402 enim
3144 1352 3444 1419 testiﬁcatus
3478 1370 3530 1406 es
3552 1356 3671 1407 mihi

2105 1434 2159 1486 in
2182 1434 2492 1501 Jerusalem,
2540 1438 2609 1490 ita
2655 1448 2848 1507 oportet
2900 1450 2947 1494 te
2997 1441 3144 1494 etiam
3167 1442 3344 1496 Roma:
3392 1446 3669 1512 testiﬁcari.

2098 1523 2251 1591 Vide,
2282 1526 2439 1580 etiam
2491 1536 2766 1598 postquam
2814 1532 3057 1599 apparuit
3099 1534 3167 1597 ei,
3219 1534 3409 1587 iterum
3456 1536 3672 1605 permit-

2103 1615 2165 1669 tit
2191 1632 2311 1670 eum
2360 1616 2593 1672 humano
2633 1606 2782 1674 more
2822 1622 3044 1675 servari.
3078 1622 3146 1676 Et
3171 1624 3289 1691 jure
3323 1625 3546 1679 Paulum
3582 1628 3659 1682 ad-

2097 1708 2371 1775 miremur,
2404 1711 2678 1780 qnomodo
2704 1696 2806 1767 non
2832 1713 3074 1769 turbatus
3102 1716 3292 1782 fuerit,
3322 1732 3498 1785 neque
3520 1719 3673 1775 dixe-

2096 1798 2165 1852 rit
2197 1818 2210 1853 :
2241 1799 2377 1865 Quid
2421 1803 2523 1855 hoc
2562 1801 2688 1856 est?
2724 1819 2848 1857 num
2894 1803 3151 1876 deceptus
3192 1822 3312 1861 sum
3355 1823 3385 1860 a
3414 1808 3674 1863 Christo?

2097 1889 2200 1945 Sed
2224 1891 2349 1945 nihil
2380 1892 2679 1963 hujusmodi
2705 1896 2994 1966 cogitavit,
3025 1899 3108 1953 vel
3138 1899 3333 1953 accidit
3362 1900 3438 1966 ei,
3467 1901 3562 1956 sed
3590 1917 3676 1956 so-

2096 1982 2203 2035 lum
2230 1983 2498 2050 credidit;
2540 2000 2713 2057 neque
2755 1997 2932 2043 tamen
2958 1990 3082 2059 quia
3110 1990 3368 2058 credidit,
3419 1995 3676 2048 dormita-

2096 2072 2193 2139 vit,
2224 2074 2317 2128 sed
2344 2090 2462 2145 qua:
2494 2076 2724 2131 humana
2763 2080 3025 2148 sapientia
3079 2082 3346 2151 provideri
3390 2093 3672 2153 poterant,

2096 2177 2200 2217 non
2231 2166 2590 2234 praetermisit.
2620 2167 2689 2221 Et
2716 2169 3004 2238 perpende,
3049 2172 3314 2241 quomodo
3335 2173 3411 2227 illi
3436 2176 3671 2230 necessi-

2098 2262 2257 2309 tatem
2279 2255 2563 2324 quamdam
2583 2257 2683 2311 sibi
2712 2258 3081 2328 imposuerint,
3124 2276 3246 2316 cum
3285 2277 3409 2318 sese
3435 2264 3673 2321 devove-

2098 2352 2241 2399 runt.
2270 2345 2408 2402 Ecce
2430 2347 2691 2417 jejunium
2723 2350 2995 2406 homicidii
3033 2362 3223 2409 mater.
3256 2353 3405 2410 Sicut
3432 2356 3677 2413 Herodes

2068 2470 2071 2473 ν
2100 2451 2195 2505 per
2218 2437 2581 2508 juramentum
2638 2442 3014 2499 necessitatem
3040 2444 3167 2521 sibi
3194 2446 3479 2515 imposuit,
3522 2449 3602 2504 sic
3622 2459 3678 2504 et

2099 2527 2205 2583 isti.
2228 2528 2387 2584 Tales
2407 2531 2552 2585 enim
2579 2542 2706 2587 sunt
2732 2533 2932 2588 diaboli
2964 2535 3193 2591 venandi
3235 2546 3416 2604 artes;
3460 2540 3675 2609 pietatis

2098 2622 2347 2678 nimirum
2368 2625 2547 2694 specie
2571 2625 2791 2696 laqueos
2831 2628 3021 2682 tendit.
3066 2630 3226 2698 Atqui
3262 2633 3500 2699 oportuit
3523 2648 3673 2687 acce-

2098 2713 2245 2781 dere,
2273 2715 2515 2771 incusare
2537 2758 2551 2782 ,
2582 2717 2793 2787 jndices
2843 2734 3074 2791 cogere:
3108 2720 3223 2777 haec
3247 2722 3391 2776 enim
3418 2738 3525 2777 non
3551 2733 3673 2779 sunt

2099 2804 2457 2873 sacerdotum,
2483 2807 2580 2862 sed
2610 2808 2874 2864 latronum
2902 2826 2917 2876 ;
2950 2811 3065 2866 hate
3092 2827 3195 2866 non
3231 2813 3552 2884 principum,
3577 2815 3671 2869 sed

2100 2894 2541 2952 facinorosorum.
2568 2898 2634 2953 Et
2654 2900 2774 2955 vide
2804 2902 3092 2971 nequitiam
3116 2903 3389 2975 ingentem
3414 2922 3427 2957 :
3450 2922 3556 2960 non
3585 2922 3675 2961 sa-

2102 2986 2167 3042 tis
2194 2987 2406 3055 habent,
2431 2990 2574 3060 quod
2596 3005 2716 3047 sese
2743 3003 2926 3047 mutuo
2971 3005 3339 3065 Corrumpant,
3381 2996 3476 3052 sed
3510 3001 3673 3054 etiam

2100 3080 2387 3151 principem
2418 3097 2520 3136 una
2546 3098 2896 3154 corrumpere
2925 3095 3178 3157 satagunt
3202 3104 3217 3141 :
3243 3088 3471 3159 ideoque
3501 3092 3679 3159 provi-

2100 3185 2217 3226 sum
2244 3182 2347 3238 est,
2381 3182 2439 3228 ut
2460 3174 2548 3229 ille
2569 3178 2728 3230 etiam
2759 3177 2994 3233 disceret
3034 3178 3269 3249 ipsorum
3297 3181 3542 3237 insidias.
3570 3184 3673 3254 lpsi

2101 3280 2231 3320 vero
2254 3281 2360 3321 non
2410 3268 2583 3323 solum
2604 3284 2669 3324 ex
2712 3286 2798 3338 eo,
2848 3272 2987 3341 quod
3017 3273 3151 3328 nihil
3180 3273 3466 3349 dicendum
3514 3277 3675 3333 habe-

2101 3369 2239 3424 rent,
2273 3361 2365 3415 sed
2396 3363 2553 3416 etiam
2575 3379 2641 3418 ex
2668 3380 2755 3431 eo,
2787 3367 2931 3436 quod
2953 3368 3087 3422 clam
3111 3368 3447 3434 molirentur,
3480 3387 3669 3442 argue-

2100 3462 2225 3510 runt
2250 3469 2309 3509 se
2335 3456 2487 3510 nihili
2518 3471 2659 3513 esse.
2692 3444 2993 3515 Verisimile
3022 3471 3199 3517 autem
3242 3472 3325 3517 est
3356 3464 3499 3529 illos,
3530 3475 3672 3535 post-

2103 3561 2265 3615 quam
2297 3547 2495 3603 Paulus
2546 3550 2862 3606 amandatus
2902 3561 3022 3619 est,
3073 3568 3314 3610 summos
3369 3558 3674 3613 sacerdotes

2102 3637 2317 3706 adiisse,
2366 3648 2419 3694 et
2464 3655 2524 3695 re
2570 3640 2767 3696 infecta
2817 3642 3019 3713 pudore
3059 3643 3290 3700 suffusos
3330 3648 3677 3703 abscessisse.

2102 3727 2232 3783 Jure
2275 3739 2455 3785 autem
2507 3729 2611 3786 hoc
2654 3732 2781 3787 facit
2828 3733 3112 3789 tribunus:
3146 3736 3361 3791 nolebat
3408 3739 3554 3794 enim
3596 3741 3671 3795 vel

2101 3822 2387 3891 gratiﬁcari
2418 3823 2503 3879 vel
2532 3839 2788 3881 annuere.
2829 3825 2896 3879 Et
2920 3828 3207 3896 quomodo,
3242 3829 3484 3899 inquies,
3508 3832 3675 3887 credi-

2101 3911 2181 3967 dit
2205 3928 2327 3968 vera
2350 3928 2490 3981 esse,
2522 3931 2643 3986 quae
2670 3916 2737 3971 ab
2761 3916 3107 3974 adolescente
3148 3922 3575 3978 nuntiabantur?
3601 3926 3677 3980 Ex

2102 4004 2191 4069 iis,
2218 4020 2337 4075 qua:
2357 4006 2467 4075 jam
2497 4019 2810 4075 evenerant,
2837 4010 3195 4078 conjectabat,
3223 4014 3346 4083 quia
3372 4025 3428 4069 et
3450 4016 3552 4071 hoc
3573 4018 3679 4073 fac—

2106 4107 2257 4152 turos
2284 4099 2405 4153 illos
2421 4113 2541 4154 esse
2579 4101 2872 4157 verisimile
2913 4112 3049 4157 erat.
3074 4104 3140 4159 Et
3172 4105 3293 4160 vide
3344 4110 3689 4178 nequitiam:

2103 4192 2253 4260 quasi
2298 4194 2671 4248 necessitatem
2726 4195 2949 4251 summis
2975 4197 3678 4257 sacerdotibnsintuleruut.

2105 4282 2171 4337 Et
2200 4298 2267 4337 ne
2297 4282 2507 4337 mireris
2536 4300 2548 4335 :
2585 4299 2705 4338 nam
2734 4286 2778 4339 si
2806 4294 3006 4342 tantum
3035 4288 3086 4342 in
3117 4304 3175 4344 se
3196 4304 3551 4360 susceperunt
3580 4294 3676 4359 illi,

2103 4383 2157 4429 et
2184 4390 2345 4429 omne
2386 4375 2677 4443 periculum
2735 4388 3112 4447 acceptarunt,
3145 4381 3312 4435 nmlto
3364 4385 3535 4453 magis
3562 4385 3679 4439 illos

2106 4466 2335 4535 idipsum
2357 4467 2591 4522 facturos
2618 4483 2740 4524 esse
2781 4472 3077 4528 verisimile
3097 4484 3232 4529 erat.
3284 4474 3495 4541 Viden’,
3538 4494 3677 4547 quo-

2102 4557 2263 4613 modo
2303 4567 2651 4614 externorum
2692 4563 2957 4617 sententia
3002 4564 3259 4620 innocens
3299 4577 3417 4621 erat
3459 4568 3675 4634 Paulus,

2105 4659 2163 4703 ut
2189 4660 2243 4705 et
2267 4649 2518 4705 Christus
2555 4652 2693 4720 apud
2727 4653 2992 4709 Pilatum?
3038 4655 3141 4711 Sed
3160 4658 3279 4710 vide
3326 4659 3620 4729 nequitiam
3650 4679 3677 4713 a

2104 4742 2276 4812 seipsa
2317 4754 2669 4813 expugnatam
2696 4763 2710 4799 :
2739 4762 2860 4801 nam
2886 4748 3216 4804 tradiderunt
3244 4751 3414 4816 illmn,
3446 4762 3501 4805 ut
3522 4753 3657 4806 dam

2105 4848 2295 4893 narent
2340 4838 2793 4910 occiderentque:
2834 4852 2891 4897 et
2935 4844 3263 4897 contrarium
3305 4847 3514 4911 evenit;
3566 4848 3675 4914 ipse

2105 4944 2332 4999 namque
2372 4928 2548 4985 salvus
2595 4930 2788 4991 evadit.
2827 4941 2883 4987 et
2925 4926 3181 4988 innocens
3222 4936 3507 5004 reperitur.
3566 4937 3676 4992 Nisi

2104 5020 2246 5074 enim
2295 5020 2364 5074 ita
2409 5019 2728 5086 accidisset,
2760 5022 3061 5093 discerptus
3102 5024 3396 5081 fuisset:si
3438 5044 3542 5082 non
3584 5029 3673 5092 ita,

2105 5111 2352 5181 periisset
2377 5120 2433 5167 et
2454 5112 2737 5168 damnatus
2787 5115 2994 5169 fuisset.
3044 5115 3371 5171 Nonsolum
3403 5130 3583 5173 autem
3612 5120 3677 5173 ab

2105 5203 2206 5257 hoc
2231 5203 2432 5273 impetu
2453 5204 2644 5260 liberat
2667 5206 2836 5275 ipsum
2862 5207 3135 5273 tribunus;
3165 5210 3257 5264 sed
3288 5210 3451 5265 etiam
3478 5212 3669 5281 juvat,

2105 5305 2163 5351 ut
2204 5297 2320 5352 sine
2341 5298 2580 5367 periculo
2628 5313 2748 5353 cum
2791 5308 2934 5354 tanta
2975 5300 3201 5355 militum
3245 5312 3417 5357 turma
3460 5306 3668 5359 evadat.

2104 5387 2174 5443 Et
2196 5388 2482 5457 quomodo,
2510 5389 2635 5444 audi
2670 5389 3001 5460 :subjungit
3025 5393 3170 5447 enim
3196 5392 3299 5449 :25
3332 5412 3351 5444 ι
3391 5395 3458 5448 Et
3485 5411 3666 5451 accer-

2103 5481 2220 5534 sitis
2251 5480 2458 5535 duobus
2482 5482 2795 5552 quibusdam
2837 5486 3241 5541 centurionibus
3264 5527 3279 5553 ,
3308 5486 3445 5542 dixit
3478 5508 3492 5544 :
3518 5489 3669 5544 .Prze-

2102 5581 2289 5641 parate
2339 5573 2467 5627 mihi
2539 5574 2735 5628 milites
2786 5574 3079 5639 ducentos,
3139 5587 3197 5631 ut
3267 5579 3668 5647 proﬁciscantur

2103 5663 2398 5719 Caesaream
2422 5705 2437 5729 ,
2468 5673 2523 5719 et
2551 5664 2757 5734 equites
2782 5668 3135 5737 septuaginta,
3167 5678 3220 5723 et
3245 5668 3545 5727 lancearios
3570 5672 3662 5725 dn-

2104 5766 2311 5821 centos,
2341 5771 2372 5809 a
2404 5757 2557 5813 tertia
2578 5755 2709 5810 hora
2738 5756 2908 5812 noetis
2938 5777 2951 5812 :
2991 5758 3079 5814 2t.
3106 5770 3155 5815 et
3182 5761 3426 5830 jumenta
3454 5780 3661 5837 praepa-
