3920 6224
248 276 332 337 559

242 391 440 455 Παῦλος
459 390 561 445 ὑπ’
584 390 802 453 αὐτῶν,
827 390 1111 447 ἐκέλευσε
1136 390 1204 444 τὸ
1226 391 1565 460 στράτευμα
1593 390 1856 445 καταϐὰν

240 482 461 546 αρπάσαι
516 478 703 531 αὐτὸν
754 478 823 532 ἐκ
868 474 1063 545 μέσου
1118 478 1337 545 αὐτῶν,
1386 478 1630 548 ἀγαγεῖν
1666 496 1733 533 τε
1764 481 1851 544 είς

240 566 330 630 τὴν
349 565 743 634 παρεμϐολήν.
796 565 1041 618 Φοὸεῖται
1096 566 1279 619 λοιπὸν
1341 568 1369 620 ὁ
1428 566 1726 636 χιλίαρχος,
1780 567 1855 637 μὴ

238 653 521 723 διασπασθῇ,
564 653 751 724 ἐπειδὴ
772 650 946 719 εἶπεν,
969 656 1051 707 ὅτι
1090 655 1356 724 Ῥωμαῖός
1388 655 1535 708 ἐστιν
1564 672 1577 685 ’
1607 656 1729 708 ὅθεν
1761 658 1856 708 καὶ

240 742 316 793 οὐκ
339 740 604 793 ἀκίνδυνον
642 736 711 811 ἦν
748 741 807 794 τὸ
832 743 1082 811 πρᾶγμα.
1128 742 1311 812 Ὁρᾷς,
1341 742 1423 794 ὅτι
1451 741 1672 804 δικαίως
1708 741 1854 812 ὡμο-

238 830 421 896 λὸγησεν
471 829 663 881 ἑαυτὸν
697 831 965 899 Ῥωμαῖον
1016 826 1184 896 εἶναι;
1235 826 1270 899 ἦ
1317 829 1424 900 γὰρ
1471 829 1537 883 ἂν
1592 830 1709 881 ούδέ
1763 828 1857 881 νῦν

240 916 458 986 ἐφοϐήθη.
486 916 596 969 Kal
623 917 685 969 τὸ
718 917 817 986 μὲν
842 917 1157 989 στράτευμα
1183 918 1368 971 λοιπὸν
1395 917 1632 986 ἁρπάζει
1674 918 1853 970 αὐτόν.

247 998 547 1066 Ὧςδὲεῐδον
592 1004 643 1056 οἱ
693 1005 877 1073 μιαροὶ
931 1006 1108 1058 πάντα
1160 1007 1417 1076 ἀνήνυτα,
1463 1005 1769 1058 δι’ἐαυτῶν
1797 1005 1858 1057 τὸ

240 1096 323 1147 πᾶν
349 1095 577 1153 ποιοῦσι,
604 1092 958 1162 βουληθέντες
995 1094 1095 1165 μὲν
1154 1095 1247 1148 καὶ
1303 1095 1409 1165 πρὸ
1435 1094 1647 1155 τούτου,
1679 1094 1858 1147 κωλυ⁶

238 1183 383 1246 θέντες
402 1182 458 1235 δέ
492 1198 505 1210 ⁸
541 1180 715 1244 οὕτως
770 1182 1006 1252 οὐδαμοῦ
1064 1182 1275 1235 ἵσταται
1304 1183 1337 1252 ἡ
1368 1183 1535 1235 κακία
1584 1182 1860 1243 τοσούτοις

239 1268 579 1339 ἐγκοπτομένη
607 1286 621 1299 ’
657 1268 832 1322 καίτοι
884 1270 1026 1322 πόσα
1076 1269 1417 1340 ᾠκονομήθη,
1476 1268 1615 1321 ὥστε
1648 1268 1858 1321 καὶτοῦ

236 1356 373 1427 θυμοῦ
402 1355 744 1424 καθυφεῖναι,
792 1357 886 1410 καὶ
918 1358 1108 1427 μαθεῖν
1152 1357 1230 1410 δι’
1268 1351 1342 1410 ὧν
1374 1356 1621 1409 ἐδύναντο
1643 1356 1863 1423 ἀνενεγ-

237 1448 345 1498 κεῖν.
380 1444 691 1497 Ἀλλ-ὀὐδὲν
715 1439 876 1516 ἧττον
920 1446 1259 1513 ἐφίστανται.
1304 1445 1480 1515 ἰκανὴ
1521 1443 1649 1511 γοῦν
1678 1442 1857 1513 ἐκείνη

237 1533 549 1602 ἠάπολογία,
579 1533 641 1585 τὸ
672 1533 933 1601 μέλλοντα
958 1532 1288 1585 διασπᾶσθαι
1326 1532 1417 1584 τὸν
1450 1531 1731 1600 ἄνθρωπον
1759 1531 1860 1599 ἀρ-

236 1624 489 1687 πάζεσθαι,
526 1625 619 1676 καὶ
657 1623 943 1686 τοσούτους
980 1634 998 1654 ·
1030 1623 1303 1686 κινδύνους
1325 1624 1604 1692 διαφυγεῖν
1640 1638 1654 1652 ⁸
1694 1621 1773 1689 Τῇ
1796 1622 1864 1674 δὲ

236 1711 449 1778 ἐπιούσῃ
480 1712 657 1765 νυκτὶ
678 1713 929 1777 ἐπιστὰς
952 1710 1108 1777 αύτῷ
1134 1715 1165 1765 d
1188 1713 1417 1779 Κύριος,
1440 1708 1589 1765 εἶπε·
1618 1709 1860 1778 Θάρσει·

237 1798 303 1861 ὡς
330 1798 423 1864 γὰρ
466 1798 836 1866 διεμαρτύρω
868 1800 942 1851 τὰ
983 1799 1115 1866 περὶ
1144 1798 1291 1867 ἐμοῦ
1323 1802 1410 1864 είς
1447 1797 1861 1867 Ἰερουσαλὴμ,

239 1886 367 1937 οὕτω
385 1901 447 1939 σε
476 1885 575 1938 δεῖ
625 1887 722 1941 καὶ
756 1889 841 1951 εις
878 1886 1110 1955 Ῥώμην
1152 1887 1549 1955 μαρτυρῆσαι.
1606 1886 1866 1954 Γενομέ-

234 1990 329 2039 νης
352 1973 407 2025 δὲ
431 1972 685 2041 ἡμέρας,
716 1974 1077 2040 ποιήσαντες
1110 1976 1163 2028 οῖ
1198 1974 1461 2028 Ἰουδαῖοι
1487 1973 1865 2043 συστροφὴν,

233 2059 648 2128 ἀνεθεμάτισαν
676 2059 928 2125 ἑαυτοὺς
956 2060 1042 2129 μὴ
1089 2061 1302 2130 ςραγεῖν
1337 2061 1494 2131 μηδὲ
1528 2062 1687 2115 πιεῖν
1707 2103 1722 2127 ,
1758 2062 1869 2128 ἓως

231 2145 566 2204 ούάνέλωσι
598 2146 706 2200 τὸν
736 2147 1000 2203 Παῦλον.
1036 2144 1239 2202 τΗσαν
1254 2148 1322 2201 δὲ
1369 2149 1617 2214 πλείους
1649 2163 1871 2202 τεσσα-

225 2234 463 2303 prima
498 2240 559 2291 οι
590 2237 819 2302 ταύτην
855 2234 970 2303 τὴν
1020 2236 1411 2305 συνωμοσίαν
1457 2236 1866 2302 πεποιηκότες.

234 2324 682 2393 Ἀνεθεμάτισαν
729 2323 1003 2390 ἑαυτοὺς,
1042 2325 1228 2393 φησιν.
1271 2325 1431 2396 Ὁρᾷς
1454 2324 1568 2388 πῶς
1598 2325 1701 2377 είσι
1749 2340 1873 2392 σφο-

228 2413 328 2482 δροὶ
384 2416 478 2467 καὶ
519 2413 810 2483 ἁμυντικοὶ
836 2414 863 2453 ιι
892 2413 1018 2484 περὶ
1046 2412 1144 2484 τὴν
1174 2413 1407 2477 κακίαν;
1443 2414 1507 2466 Τί
1544 2414 1710 2474 ἐστιν,
1751 2413 1873 2466 Ἀν-

230 2501 607 2569 εθεμάτισαν;
632 2501 780 2553 ’Δντὶ
806 2499 1075 2564 τοῦ,”Εξω
1104 2496 1241 2553 εἷναι
1262 2502 1360 2571 τῆς
1381 2503 1459 2563 εἰς
1486 2500 1615 2553 Θεὸν
1640 2502 1874 2563 πίστεως

228 2581 387 2651 εἷπον,
427 2590 477 2642 εί
525 2588 601 2659 μὴ
651 2588 713 2641 τὸ
764 2587 919 2652 δόξαν
971 2588 1112 2642 κατά
1152 2587 1365 2641 Παύλου
1394 2590 1692 2658 ποιήσαιεν.
1735 2590 1875 2657 Ἀρα

228 2676 510 2739 διαπαντός
562 2679 696 2729 εἰσιν
744 2675 1301 2745 ἀνατεθεματισμὲνοι
1361 2678 1557 2729 ἐκεῖνοι
1592 2691 1607 2706 ο
1652 2675 1712 2729 οὐ
1770 2675 1877 2747 γὰρ

224 2763 545 2817 ἀπέκτειναν
573 2764 661 2816 τὸν
686 2764 917 2817 Παῦλον.
958 2764 1070 2817 Kal
1098 2763 1503 2832 τεσσαράκοντα
1525 2761 1659 2833 όμοῦ
1687 2763 1878 2832 συνέρ-

227 2868 399 2917 χονται
428 2863 476 2907 ε.
498 2851 757 2905 Τοιοῦτον
791 2852 900 2921 γὰρ
934 2851 994 2904 τὸ
1035 2851 1205 2917 ἔθνος,
1251 2852 1379 2904 ὅταν
1429 2849 1526 2921 μὲν
1558 2853 1651 2903 ἐπὶ
1693 2850 1879 2921 ἀγαθῷ

224 2936 307 3009 δέῃ
340 2940 732 3010 συμφωνῆσαι,
771 2938 890 2992 οὐδέ
930 2938 1023 2991 δύο
1064 2938 1445 3009 συντρέχουσιν
1475 2955 1489 2970 ·
1522 2939 1649 2992 ὅταν
1687 2938 1744 2992 δὲ
1790 2939 1881 2991 ἐπὶ

228 3027 390 3097 κακῷ,
418 3028 604 3098 δῆμος
626 3026 933 3097 ὁλόκληρος.
968 3026 1078 3079 Kal
1114 3025 1179 3078 λα
1190 3025 1449 3095 μδάνουσι
1478 3025 1764 3089 κοινωνοὺς
1790 3027 1884 3078 καὶ

227 3114 340 3177 τοὺς
357 3117 640 3186 ἄρχοντας
667 3130 681 3144 ’
711 3114 791 3168 διὸ
810 3114 904 3167 καὶ
936 3114 1092 3167 τοῦτο
1117 3112 1291 3182 δηλῶν
1321 3114 1622 3182 ἐπήγαγεν⁹
1657 3115 1887 3178 Οῖτινες

227 3206 668 3268 προσελθόντες
704 3201 829 3267 τοῖς
861 3200 1199 3271 ἀρχιερεῦσι
1242 3200 1339 3255 καῖ
1394 3201 1519 3267 τοῖς
1564 3200 1888 3269 πρεσϐυτέ-

226 3306 342 3356 ροις
390 3287 582 3344 εἷπον
622 3306 640 3321 ·
690 3288 1033 3357 Ἀναθέματι
1086 3288 1594 3357 ἀνεθεματίσαμεν
1638 3286 1888 3354 ἑαυτοὺς

223 3378 478 3445 μηδενὸς
507 3379 871 3449 γεύσασθαι,
892 3377 1003 3443 ἕως
1030 3372 1101 3432 οὗ
1128 3376 1573 3445 ἀποκτείνωμεν
1605 3374 1713 3429 τόν
1734 3375 1890 3429 Παῦ-

228 3467 346 3519 λον.
380 3468 521 3521 Νῦν
554 3462 673 3521 οὖν
687 3464 857 3534 ὑμεῖς
883 3464 1252 3533 ἐμφανίσατε
1274 3462 1526 3529 ἑαυτοὺς
1552 3461 1633 3528 τῷ
1671 3461 1893 3531 χιλιάρ-

226 3568 301 3618 χῳ
325 3554 397 3607 ὲν
425 3552 513 3619 τῷ
564 3552 884 3619 συνεδρίῳ,
940 3551 1100 3616 ὅπως
1157 3550 1344 3604 αὐτὸν
1402 3549 1705 3620 καταγάγῃ
1743 3551 1894 3619 πρὸς

224 3638 391 3707 ὑμᾶς,
419 3642 507 3706 ὡς
538 3638 888 3709 μέλλοντας
925 3638 1339 3708 διαγινώσκειν
1368 3638 1788 3707 ἀκριϐέστερον
1824 3640 1894 3692 τὰ

232 3730 345 3797 τερι
376 3728 591 3783 αὑτοῦ
609 3745 623 3758 ·
666 3727 838 3796 ἡμεῖς
859 3726 946 3789 δὲ,
969 3725 1081 3794 πρὸ
1113 3725 1222 3780 τοῦ
1250 3726 1486 3796 ἐγγίσαι
1514 3728 1718 3790 αὐτὸν,
1749 3727 1897 3781 ἕτοι-

224 3817 313 3879 μοί
341 3816 549 3885 ἐσμεν
594 3814 701 3868 τοῦ
750 3813 991 3868 ἀνελεῖν
1025 3813 1229 3868 αὐτόν.
1271 3815 1557 3881 Ἀκούσας
1594 3814 1663 3868 δὲ
1708 3818 1741 3869 ό
1766 3816 1896 3881 υίὸς

224 3902 327 3972 τῆς
364 3902 666 3973 ἀδελφῆς
708 3903 952 3957 Παύλου
999 3902 1067 3955 τὸ
1108 3901 1375 3970 ἐνεδρον,
1419 3903 1900 3972 παραγενόμενος

225 3992 316 4043 καὶ
338 3990 659 4046 εἰσελθὼν
698 3992 785 4057 είς
842 3990 958 4057 τὴν
1003 3989 1420 4059 παρεμϐολὴν,
1458 3991 1785 4060 ἀπήγγειλε
1820 3990 1899 4055 τῷ

226 4074 463 4146 Παύλῳ.
512 4077 1106 4147 Προσκαλεσάμενος
1160 4078 1229 4130 δὲ
1284 4081 1316 4131 ό
1368 4078 1606 4144 Παῦλος
1634 4079 1740 4132 ἕνα
1782 4078 1901 4133 τῶν

220 4167 718 4236 ἑκατοντάρχων,
746 4167 894 4235 ἔφη·
942 4166 1053 4219 Τὸν
1090 4166 1340 4219 νεανίαν
1380 4166 1597 4220 τοῦτον
1636 4166 1903 4236 ἀπάγαγε

224 4252 370 4318 πρὸς
403 4255 519 4306 τὸν
568 4252 887 4320 χιλίαρχον
915 4267 929 4281 ·
960 4251 1085 4320 ἔχει
1119 4251 1229 4320 γάρ
1250 4268 1303 4305 τι
1337 4251 1690 4322 ἀπαγγεῖλαι
1723 4251 1901 4318 αὐτῷ.

229 4339 289 4391 Ὀ
306 4341 431 4407 μὲν
453 4335 587 4394 οὖν
626 4337 989 4405 παραλαϐὼν
1018 4338 1223 4400 αὑτὸν,
1255 4337 1440 4407 ἤγαγε
1492 4340 1641 4407 πρὸς
1686 4339 1793 4393 τὸν
1818 4358 1906 4409 χι-

220 4429 507 4495 λίαρχον.
546 4427 723 4480 Πάλιν
771 4426 850 4478 δι’
891 4426 1234 4496 ἀνθρωπίνης
1270 4426 1497 4492 σώζεται
1545 4428 1901 4498 προμηθείας.

220 4514 325 4569 Καὶ
370 4519 486 4582 δρα
520 4533 537 4546 ·
586 4517 616 4566 ὁ
650 4512 859 4576 Παῦλος
912 4515 1102 4567 οὐδένα
1148 4515 1337 4585 ἀφίησι
1393 4516 1603 4585 μαθεῖν,
1667 4516 1789 4569 οὑδέ
1816 4516 1906 4571 τὸν

219 4603 490 4656 ἐκατδντα
500 4620 663 4674 ρχον,
678 4601 814 4654 ὥστε
841 4602 913 4671 μὴ
942 4602 1000 4654 τὸ
1018 4602 1246 4671 πρᾶγμα
1266 4602 1512 4669 γενέσθαι
1530 4603 1905 4673 διάδηλον.Καὶ

212 4691 413 4745 ἐλθὼν
435 4698 474 4746 ό
506 4688 669 4763 [566]
690 4689 1137 4758 ἑκατόνταρχος,
1169 4688 1479 4757 ἀνήγγειλε
1503 4690 1581 4755 τῷ
1602 4691 1906 4759 χιλιάρχῳ,

216 4782 420 4847 λέγων
446 4796 463 4809 ’
535 4780 609 4831 Ὃ
645 4778 888 4844 δέσμιος
922 4779 1157 4844 Παῦλος
1194 4780 1766 4849 προσκαλεσάμενός
1808 4798 1907 4849 με,

216 4865 512 4934 ἠρώτησε
582 4864 799 4918 τοῦτον
856 4865 959 4917 τὸν
1026 4866 1274 4918 νεανίαν
1322 4866 1566 4935 ἀγαγεῖν
1622 4867 1771 4935 πρὸς
1816 4868 1908 4931 σὲ,

1257 276 1325 333 ΙΝ
1360 278 1538 335 ACTA
1579 275 2108 336 APOSTOLORUM.
2147 277 2383 336 HOMIL.
2422 278 2610 336 XLlX.

3497 286 3603 342 340

1958 409 2163 457 κοντα,
2198 394 2416 459 οἵτινες
2456 392 2893 462 ἀνεθεμάτισαν
2935 391 3186 460 ἑαυτοὺς
3208 395 3361 465 μήτε
3396 406 3607 472 φαγεῖν

1951 481 2105 549 μήτε
2130 481 2307 545 πιεῖν,
2337 481 2446 547 ἓως
2492 476 2564 535 οὗ
2616 481 2875 534 ἀνέλωσι
2907 480 3015 534 τὸν
3043 482 3287 537 Παῦλον
3310 499 3326 515 °
3349 489 3447 542 καὶ
3489 490 3605 545 νῦν

1954 568 2175 637 ἕτοιμοί
2197 571 2317 622 εἱσι
2356 568 2820 637 προσδεχόμενοι
2874 568 2988 634 τὴν
3026 572 3185 637 παρὰ
3206 572 3324 625 σοῦ
3358 575 3608 647 ἐπαγγε-

1954 657 2114 712 λίαν.
2160 656 2221 709 '0
2240 656 2357 725 μὲν
2391 652 2503 710 οὖν
2541 658 2848 725 χιλίαρχος
2886 656 3159 711 ἀπέλυσε
3206 660 3313 713 τὸν
3337 666 3607 728 νεανίαν,

1957 745 2353 814 παραγγείλας
2414 744 2626 813 μηδενὶ
2698 745 3051 812 ἐκλαλῆσαι,
3107 747 3196 801 ὅτι
3250 749 3613 820 ἐνεφάνισας

1956 835 2141 887 ταῦτα
2168 835 2314 901 πρός
2331 850 2425 901 με.

2028 924 2091 993 β’.
2128 922 2319 985 Καλῶς
2347 923 2373 973 ὁ
2397 921 2669 991 χιλίαρχος
2710 920 2919 973 κελεύει
2960 923 3197 993 κρύψαι,
3237 926 3376 980 ὥστε
3420 928 3492 998 μὴ
3522 945 3612 997 γε-

1958 1009 2139 1063 νέσθαι
2161 1010 2337 1078 δῆλον.
2364 1009 2473 1061 Καὶ
2505 1009 2625 1061 τότε
2646 1009 2791 1076 λέγει
2816 1013 2927 1072 τοῖς
2949 1012 3385 1085 ἑκατοντάρχοις,
3403 1017 3489 1068 ὅτε
3519 1017 3614 1068 καὶ

1957 1098 2209 1167 γενέσθαι
2238 1097 2422 1167 ἐχρῆν·
2455 1098 2548 1148 καὶ
2576 1095 3050 1165 πέμπεταιλοιπὸν
3082 1100 3136 1152 ἐν
3168 1102 3488 1172 Καισαρείᾳ,
3527 1104 3616 1156 ἵνα

1959 1186 2119 1238 κάκεῖ
2148 1183 2396 1253 διαλεχθῇ
2429 1184 2519 1235 ἐπὶ
2561 1182 2801 1252 μείζονος
2838 1182 3064 1253 θεάτρου
3098 1186 3191 1237 καὶ
3235 1186 3615 1259 λαμπροτέρου

1959 1272 2053 1326 τοῦ
2093 1272 2456 1343 ἀκροατηρίου
2482 1286 2495 1297 ’
2538 1272 2623 1323 ἴνα
2654 1270 2727 1340 μὴ
2762 1270 2923 1340 ἔχωσι
2962 1272 3141 1339 λέγειν
3166 1274 3215 1325 οί
3251 1275 3508 1337 Ἰουδαῖοι,
3535 1277 3618 1330 ὅτι

1960 1362 2009 1412 εί
2033 1360 2243 1427 εἴδομεν
2270 1358 2499 1421 Παῦλον,
2543 1357 2938 1427 ἐπιστεύσαμεν
2960 1359 3044 1423 ἂν,
3078 1361 3125 1411 εί
3180 1361 3493 1431 ἠκούσαμεν
3525 1364 3621 1414 αύ-

1960 1449 2053 1501 τοῦ
2082 1449 2437 1511 διδάσκοντος.
2473 1449 2579 1500 Kal
2606 1446 2743 1517 αὕτη
2793 1443 2883 1500 οὖν
2917 1448 3098 1511 αὐτοῖς
3138 1449 3385 1501 ἐντεῦθεν
3419 1452 3451 1519 η
3484 1452 3620 1504 ἀπο-

1961 1538 2114 1604 λογία
2149 1538 2491 1591 ἐκκόπτεται.
2515 1536 2623 1589 Καὶ
2644 1537 2914 1600 ἐπιστὰς,
2939 1536 3125 1605 φησὶν,
3160 1540 3191 1590 ό
3219 1540 3432 1605 Κύριος
3453 1533 3623 1590 εἶπεν

1964 1625 2122 1690 αὐτῷ
2147 1643 2160 1655 ·
2193 1626 2407 1693 Θάρσει
2433 1641 2446 1655 ·
2478 1627 2557 1689 ὡς
2586 1625 2693 1693 γὰρ
2728 1624 3088 1693 διεμαρτύρω
3115 1625 3185 1677 τὰ
3212 1626 3344 1694 περὶ
3369 1627 3514 1696 ἐμοῦ
3535 1630 3622 1693 είς

1975 1712 2389 1781 Ἰερουσαλὴμ,
2420 1712 2573 1765 οὕτω
2606 1727 2678 1764 σε
2703 1712 2914 1765 δεῖκαὶ
2956 1716 3041 1777 εὶς
3072 1714 3303 1782 Ῥώμην
3322 1715 3625 1784 μαρτυρῆ-

1966 1818 2088 1855 σαι.
2130 1802 2290 1871 Ὄρα,
2326 1801 2420 1852 καὶ
2458 1800 2595 1869 μετά
2635 1799 2695 1852 τὸ
2732 1801 2995 1869 φανῆναι,
3028 1801 3190 1853 πᾶλιν
3216 1802 3438 1871 ἀφίησιν
3467 1803 3625 1855 αὑτὸν

1966 1888 2316 1959 ἀνθρωπίνως
2341 1888 2597 1955 σωθῆναι.
2621 1888 2730 1939 Kal
2750 1886 2895 1951 ἀξιον
2912 1888 3246 1957 ἐκπλαγῆναι
3274 1889 3363 1941 τὸν
3394 1888 3625 1952 Παῦλον,

1967 1974 2081 2036 πῶς
2106 1975 2203 2027 οὐκ
2226 1973 2544 2044 ἐθορυϐήθη,
2581 1974 2698 2026 ούδέ
2723 1969 2859 2025 εἷπε
2879 1974 2941 2025 Τί
2962 1974 3025 2042 δὴ
3053 1974 3207 2028 τοῦτό
3236 1976 3400 2039 ἐστιν;
3421 1971 3527 2047 ἆρα
3552 1975 3627 2046 μὴ

1967 2060 2251 2129 ἠπάτημαι
2275 2060 2423 2128 παρά
2444 2058 2535 2111 τοῦ
2557 2059 2598 2110 Χ
2607 2058 2811 2129 ριστοῦ;
2830 2058 2950 2110 Ἀλλ
2967 2059 3141 2112 ὀὐδὲν
3153 2060 3390 2113 τοιοῦτον
3413 2061 3628 2131 ἐνενόη-

1970 2166 2080 2211 σεν,
2098 2150 2217 2202 οὐδὲ
2230 2148 2445 2211 ἔπαθεν,
2461 2148 2594 2201 ἀλλὰ
2610 2148 2762 2216 μόνον
2776 2148 3175 2202 ἐπίστευσενοού
3191 2149 3295 2219 μὴν
3311 2147 3495 2218 ἐπειδὴ
3508 2147 3631 2200 ἐπί-

1972 2254 2190 2290 στευσεν
2206 2279 2220 2301 ,
2256 2235 2499 2289 ὕπνωσεν
2522 2278 2536 2301 ,
2568 2236 2700 2288 ἀλλὰ
2715 2236 2782 2289 τὰ
2799 2236 2982 2289 ἐνόντα
2998 2235 3056 2299 ἐξ
3080 2235 3422 2306 ἀνθρωπίνης
3441 2234 3631 2303 σοφίας

1973 2323 2199 2377 συνιδεῖν
2240 2324 2303 2375 οὐ
2350 2323 2579 2393 προῆκε.
2629 2323 2737 2374 Kal
2786 2322 2977 2374 σκόπει
3034 2321 3149 2386 πῶς
3179 2322 3425 2393 ἀνάγκην
3454 2320 3575 2374 τινὰ
3601 2320 3630 2360 ά

1973 2414 2182 2474 ἑαυτοῖς
2206 2413 2401 2465 ἐκεῖνοι
2429 2410 2761 2481 περιέθηκαν
2786 2410 2873 2464 διὰ
2893 2409 2987 2463 τοῦ
3014 2408 3479 2480 ἀναθεματισμοῦ.
3498 2409 3633 2462 Ἰδοὺ

1974 2500 2197 2571 νηστεία
2228 2500 2578 2569 ἀνδροφονίας
2613 2500 2810 2570 μήτηρ.
2836 2496 3099 2567 Καθάπερ
3131 2498 3159 2549 ὁ
3190 2495 3436 2568 Ἡρώδης
3464 2495 3626 2564 ἀνάγ-

1975 2606 2078 2659 κην
2101 2590 2201 2658 τὴν
2245 2588 2351 2640 ἀπὸ
2389 2587 2480 2640 τοῦ
2517 2588 2680 2659 ὅρκου
2722 2585 2899 2654 ἐαυτῷ
2941 2585 3207 2655 ἐπέθηκεν
3234 2599 3248 2614 ³
3289 2583 3432 2637 οὓτω
3455 2583 3520 2655 δὴ
3546 2584 3638 2637 καὶ

1979 2671 2148 2730 οῦτοι.
2174 2674 2414 2728 Τοιαῦτα
2441 2676 2548 2744 γὰρ
2568 2674 2636 2727 τὰ
2663 2673 2944 2727 διαϐολικά
2974 2673 3221 2743 θήρατρα
3241 2688 3256 2702 ·
3290 2674 3643 2743 προσχήματι

1978 2768 2136 2839 δῆθεν
2166 2768 2448 2829 εὐλαϐείας
2506 2766 2604 2829 τάς
2656 2765 2889 2832 παγίδας
2940 2764 3142 2834 τίθησι.
3186 2760 3296 2815 Kal
3334 2761 3440 2831 μὴν
3470 2761 3639 2831 ἐχρῆν

1981 2855 2320 2927 προσελθεῖν,
2353 2854 2518 2927 ἐχρῆν
2558 2852 2901 2906 αἰτιάσασθαι
2921 2890 2936 2915 ,
2966 2851 3311 2919 δικαστήριον
3338 2847 3641 2918 συγκροτῆ-

1984 2961 2111 2998 σαιο
2143 2944 2315 2997 ταῦτα
2365 2942 2473 3013 γὰρ
2529 2942 2626 3010 οὐχ
2673 2940 2884 3011 ἱερέων,
2934 2937 3069 2991 ἀλλά
3099 2937 3438 3007 λῃστάρχων,
3468 2933 3643 2988 ταῦτα

1982 3034 2083 3087 οὒκ
2106 3032 2400 3101 ἀρχόντων,
2424 3028 2560 3082 ἀλλά
2602 3025 2913 3097 λυμεώνων.
2964 3026 3075 3077 Kal
3107 3025 3207 3095 ὅρα
3246 3022 3442 3085 κακίας
3469 3021 3643 3092 ὕπερ-

1985 3121 2165 3192 6ολήν.
2217 3119 2292 3171 Ού
2341 3117 2497 3188 μόνον
2548 3114 2806 3185 ἀλλήλους
2870 3110 3280 3182 διαφθείραντες
3321 3107 3637 3180 ἀρκοῦνται,

1986 3209 2125 3263 ἀλλά
2154 3207 2248 3260 καὶ
2276 3202 2366 3259 τὸν
2410 3205 2648 3275 ἄρχοντα
2693 3199 3100 3269 συνδιαφθεῖραι
3146 3194 3475 3266 ἐπιχειροῦσι
3506 3210 3521 3226 ·
3548 3193 3636 3247 διὰ

1986 3298 2145 3352 τοῦτο
2165 3293 2489 3367 ᾠκονομήθη
2521 3292 2660 3345 ὥστε
2687 3292 2934 3343 κάκεῖνον
2976 3288 3166 3358 μαθεῖν
3192 3284 3371 3337 αὐτῶν
3398 3282 3493 3354 τὴν
3519 3283 3643 3335 ἐπι-

1989 3385 2203 3457 ϐουλήν.
2232 3381 2394 3436 Δὺτοὶ
2429 3380 2484 3433 δέ
2517 3380 2578 3433 ού
2620 3378 2777 3449 μόνον
2822 3379 2885 3429 ἐκ
2911 3373 3005 3428 τοῦ
3051 3374 3214 3444 μηδὲν
3261 3372 3403 3442 ἔχειν
3446 3372 3640 3435 εἰπεῖν,

1992 3472 2128 3527 ἀλλά
2158 3472 2255 3525 καὶ
2276 3471 2340 3523 ἐκ
2365 3468 2457 3522 τοῦ
2484 3466 2657 3539 λάθρα
2694 3466 2990 3535 ἐπιχειρεῖν
3032 3461 3263 3533 ήλεγξαν
3297 3459 3524 3521 ἑαυτοὺς
3555 3457 3651 3510 οῦ-

1993 3562 2078 3614 δὲν
2116 3560 2293 3621 ὄντας.
2317 3556 2477 3619 Εἰκὸς
2516 3554 2572 3607 δὲ
2618 3554 2712 3607 καὶ
2746 3552 2885 3622 μετά
2943 3549 3003 3603 τὸ
3043 3548 3412 3618 ἀποσταλῆναι
3469 3544 3651 3611 αὐτὸν,

1996 3646 2308 3720 προσελθεῖν
2339 3644 2464 3706 τοὺς
2489 3642 2760 3713 ἀρχιερεῖς
2798 3636 3102 3701 αἰτοῦντας,
3134 3636 3228 3689 καὶ
3258 3631 3655 3703 καταισχυνθῆ-

1996 3754 2082 3788 ναι
2114 3734 2429 3804 ἀπράκτους
2475 3728 2865 3790 ἀπολυθέντας.
2912 3726 3148 3792 Εἰκότως
3175 3724 3232 3778 δὲ
3261 3722 3418 3777 τοῦτο
3456 3722 3600 3775 ποιεῖ
3625 3720 3657 3773 ὁ

1998 3822 2271 3893 χιλίαρχος
2304 3836 2317 3848 ·
2359 3819 2419 3870 ού
2468 3817 2574 3885 γὰρ
2613 3815 2678 3885 δὴ
2716 3813 2965 3866 ἐϐούλετο
3011 3812 3133 3865 οὔτε
3178 3810 3505 3881 χαρίσασθαι
3534 3806 3655 3861 οὕτε

2000 3892 2297 3963 ἐπινεῦσαι.
2328 3905 2438 3958 Kal
2464 3904 2600 3967 πῶς,
2630 3902 2825 3970 φησίν,
2873 3901 3191 3953 ἐπίστευσεν
3226 3898 3398 3968 ἀληθῆ
3429 3892 3564 3950 εἶναι
3589 3894 3659 3947 τά

2002 3994 2402 4064 ἐπαγγελθέντα
2424 3991 2574 4060 παρὰ
2594 3988 2685 4041 τοῦ
2726 3988 2974 4050 νεανίου;
3017 3987 3111 4038 Ἐκ
3149 3984 3256 4037 τῶν
3295 3984 3396 4054 ήδη
3433 3982 3660 4052 γενομέ-

2001 4101 2106 4136 νων
2131 4080 2477 4149 ἐστοχάσατο,
2505 4078 2585 4129 ὄτι
2618 4075 2712 4127 xal
2739 4072 2895 4126 τοῦτο
2927 4072 3073 4133 εἰκὸς
3092 4065 3159 4141 ῆν
3193 4070 3389 4132 αὐτοὺς
3410 4068 3656 4137 ποιῆσαι.

2003 4172 2111 4225 Kal
2138 4171 2237 4239 ὅρα
2264 4167 2361 4237 τὴν
2396 4162 2741 4236 κακουργίαν⁸
2779 4159 2927 4232 [367]
2948 4159 3134 4227 ὥσπερ
3165 4157 3408 4225 ἀνάγκην
3433 4156 3527 4208 καὶ
3549 4156 3661 4217 τοῖς

2005 4256 2345 4331 ἀρχιερεῦσιν
2396 4254 2717 4322 ἐπέστησαν.
2759 4249 2868 4303 Kal
2931 4247 3005 4317 μὴ
3036 4244 3318 4315 θαυμάσῃς
3342 4254 3370 4331 θλ
3390 4258 3403 4270 ·
3434 4243 3532 4331 είψ
3552 4240 3663 4311 γὰρ

2006 4327 2253 4400 τοσοῦτον
2303 4341 2503 4394 εἵλοντο
2533 4337 2706 4399 αὐτοὶ,
2758 4336 2850 4388 καὶ
2906 4335 2995 4386 τὸν
3052 4332 3289 4385 κίνδυνον
3351 4327 3666 4392 ἀνεδέξαντο

2008 4436 2207 4496 πάντα,
2245 4429 2425 4499 πολλῷ
2456 4427 2653 4498 μᾶλλον
2688 4425 2781 4478 καὶ
2807 4423 3043 4484 ἐκείνους
3077 4419 3234 4472 τοῦτο
3268 4417 3489 4487 ποιῆσαι
3519 4415 3662 4477 εἰκὸς

2006 4518 2094 4592 ἦν.
2142 4520 2322 4589 Ὁρᾷς,
2381 4515 2495 4577 πῶς
2522 4512 2609 4566 διὰ
2642 4513 2740 4581 τῆς
2761 4511 2942 4581 ψήφου
2984 4507 3092 4560 τῶν
3127 4506 3200 4571 ἑξι
3218 4524 3231 4551 ι
3256 4505 3429 4567 ἀθὼος
3455 4503 3669 4592 χίνεᾼται

2009 4589 2293 4668 όΠαῦλος,
2320 4604 2393 4666 ὡς
2420 4603 2512 4656 καὶ
2542 4604 2569 4655 ό
2606 4598 2838 4669 Χριστὸς
2885 4596 3034 4664 παρά
3073 4593 3345 4655 Πιλάτου;
3392 4589 3526 4643 Ἀλλ’
3566 4589 3668 4657 δρα

2010 4696 2103 4748 καί
2151 4693 2246 4763 τὴν
2284 4691 2481 4744 κακίαν
2527 4686 2614 4755 ὑφ’
2658 4687 2852 4755 ἐαυτῆς
2880 4682 3296 4752 ἁναιρουμένην.
3338 4676 3670 4763 Παρέδωκαν

2016 4783 2113 4853 μὲν
2136 4760 2243 4850 γάνρ
2267 4778 2448 4843 αὐτὸν,
2476 4776 2614 4828 ὥστε
2671 4774 2764 4826 καὶ
2799 4772 3005 4825 ἀνελεῖν
3038 4770 3128 4821 καὶ
3158 4766 3513 4819 καταδικάσαι
3539 4779 3552 4792 ·
3583 4760 3667 4829 γί-

2013 4847 2158 4924 νεται
2180 4847 2234 4920 δέ
2250 4864 2572 4925 τούναντίον,
2590 4862 2679 4914 καὶ
2697 4858 2946 4922 σώζεται,
2961 4859 3052 4908 καὶ
3070 4853 3240 4915 ἀθῶος
3256 4852 3583 4921 εὑρίσκεται.
3606 4847 3669 4899 Εἰ

136 5862 143 5869 .
219 5820 243 5848 ⁸
266 5822 627 5885 Σκηίρχονται
663 5818 711 5867 in
752 5821 1041 5882 quibusdam
1078 5821 1233 5874 deest.

2015 4959 2121 5029 γὰρ
2159 4956 2231 5026 μὴ
2258 4954 2418 5015 οὓτω,
2443 4951 2544 5004 κᾶν
2564 4947 2861 5015 διεσπάσθη
2889 4960 2899 4971 ·
2923 4946 2969 4994 εί
2989 4942 3062 5013 μὴ
3080 4940 3240 5029 οῦτ-ω,
3400 4934 3666 5029 ἀπώλετο,

2016 5023 2117 5099 κᾶν
2132 5023 2507 5106 κατεδικάσθη.
2524 5038 2596 5090 Οὐ
2614 5036 2767 5106 μόνον
2778 5034 2833 5087 δὲ
2849 5031 3057 5099 ἐκείνης
3070 5027 3226 5081 αὐτὸν
3241 5027 3335 5095 τῆς
3348 5023 3521 5095 ὁρμῆς
3536 5024 3673 5087 ἐξαι-

2021 5137 2189 5204 ρεῖται
2208 5134 2235 5184 ό
2254 5132 2524 5203 χιλίαρχος
2543 5168 2556 5185 .
2575 5124 2709 5176 ἀλλὰ
2740 5122 2830 5174 καὶ
2846 5118 3117 5187 ὑπηρέτης
3135 5114 3279 5184 αὐτῷ
3292 5112 3515 5208 γίνεται,
3533 5111 3671 5208 ὥστε

3580 5216 3674 5252 και

213 4952 443 5019 ἔχοντά
480 4971 545 5006 τι
573 4951 847 5017 λαλῆσαί
878 4968 994 5005 σοι.
1044 4953 1504 5021 Ἔπιλαϐόμενος
1552 4954 1621 5007 δὲ
1659 4953 1766 5023 τῆς
1794 4972 1914 5023 χει-

210 5042 319 5107 ρὲς
342 5041 562 5094 αὐτοῦ
598 5043 631 5092 ό
671 5040 976 5107 χιλίαρχος
1004 5040 1100 5093 καὶ
1148 5040 1543 5108 ἀναχωρήσας
1573 5042 1698 5095 κατ’
1735 5043 1910 5105 ἰδίαν,

210 5131 626 5181 ἐπυνθάνετο
661 5142 677 5158 ·
725 5128 785 5179 Τί
835 5115 1023 5190 ἐστιν,
1080 5127 1111 5179 δ
1166 5128 1323 5195 ἔχεις
1376 5129 1731 5198 ἀπαγγεῖλαί
1781 5148 1912 5199 μοις

218 5213 365 5269 εἶπε
392 5216 493 5273 δὲ.
526 5215 567 5268 ὅ
576 5232 629 5267 τι
665 5214 935 5268 Ἰουδαῖοι
968 5215 1293 5269 συνέθεντο
1346 5218 1452 5269 τοῦ
1499 5216 1792 5284 ἐρωτῆσαί
1822 5206 1914 5279 σε,

212 5314 378 5379 ὅπως
407 5314 653 5379 αὔριον
686 5312 790 5364 τὸν
834 5312 1078 5366 Παῦλον
1127 5313 1465 5381 καταγάγῃς
1522 5317 1607 5378 είς
1654 5312 1719 5365 τὸ
1774 5331 1918 5368 συν-

212 5398 424 5465 έδριον
460 5402 560 5464 ὡς
600 5402 946 5465 μελλόντων
965 5418 1016 5455 τι
1056 5400 1474 5469 ἀκριϐέστερον
1516 5402 1919 5455 πυνθάνεσθαι

210 5490 351 5557 παρ’
432 5486 672 5542 αὑτοῦ.
735 5488 819 5541 Σὺ
874 5488 987 5541 οὖν
1054 5488 1139 5557 μὴ
1200 5487 1453 5555 πεισθῇς
1506 5489 1706 5555 αὐτοῖς
1757 5507 1771 5521 ’
1827 5492 1921 5543 ἑν-

211 5576 571 5643 εἰρεύουσι
634 5575 736 5641 γὰρ
764 5574 832 5638 ἐξ
868 5572 1065 5629 αὐτῶν
1091 5574 1304 5643 ἄνδρες
1351 5576 1599 5639 πλείους
1634 5579 1924 5653 τεσσαρά-

2017 5220 2307 5280 ἀκινδύνως
2332 5212 2653 5281 διασωθῆναι
2689 5207 2824 5277 μετὰ
2847 5205 3112 5274 τοσαύτης
3143 5199 3492 5273 παρατάξεως
3510 5216 3522 5229 ·

2019 5309 2181 5367 ὅπως,
2204 5306 2384 5359 ἄκουε⁸
2402 5301 2732 5366 ἐπάγειγάρ·
2752 5294 2798 5348 Κ
2804 5294 2861 5347 αὶ
2884 5291 3449 5361 προσκαλεσάμενος
3461 5287 3566 5340 δύο
3589 5304 3673 5337 τι-

2020 5396 2125 5459 νὰς
2147 5392 2262 5446 τῶν
2288 5386 2752 5454 ἑκατοντάρχων,
2770 5379 2897 5437 εἷπε
2924 5397 2935 5409 ·
2974 5377 3357 5446 Ἑτοιμάσατέ
3372 5394 3470 5446 μοι
3494 5389 3671 5441 στρα-

2023 5481 2227 5544 τιώτας
2242 5476 2605 5539 διακοσίους,
2626 5473 2782 5537 ὅπως
2796 5467 3164 5537 πορευθῶσιν
3193 5471 3277 5531 sic
3296 5463 3669 5528 Καισάρειαν,

2024 5569 2121 5624 καὶ
2160 5564 2357 5629 ἱππεῖς
2408 5560 2834 5630 ἑϐδομήκοντα,
2884 5558 2983 5611 καὶ
3035 5552 3411 5617 δεξιολάϐους
3472 5547 3667 5599 διακο-

279 5702 301 5726 "
323 5698 486 5748 Unus
512 5695 726 5761 ςορ..τὸ
738 5699 1024 5761 διασωθῆναι
1048 5699 1273 5761 μέλλοντα
1297 5700 1584 5749 διασπᾶσθαι
1594 5698 1673 5746 τὸν
1686 5700 1925 5761 ἄνθρωπον

216 5762 295 5822 καὶ
320 5742 483 5813 ξςέἰξῗ
522 5742 537 5745 ’
554 5742 587 5796 ι»
604 5742 691 5822 είς
706 5742 814 5805 ιτΕέ
828 5742 967 5822 ςὲἱοάξ
981 5742 1210 5809 ῐιᾝέιῖίῇξ
1224 5742 1856 5822 ’ξιὶὸῖιιίῗξηῖῖίώὲιγῷὶξτὲιὲ

2110 5762 2136 5802 ιι
2159 5761 2379 5821 Quidam,
2403 5758 2586 5822 σοφίας,
2628 5756 2681 5803 οὐ
2721 5754 2995 5822 προέδωκαν
3031 5747 3235 5808 ἀνάγκην
3258 5744 3374 5793 τινά.
3445 5753 3468 5782 ε
3491 5743 3585 5793 Καὶ
3610 5742 3675 5805 μὴ

2033 5818 2274 5880 ean-auiam
2316 5818 2530 5872 decsl'iu
2554 5829 2651 5869 uno
2691 5818 2873 5865 codice.
