4028 6218
270 271 366 326 ειι

267 385 460 450 σίους,
485 383 604 438 ἀπὸ
622 383 822 453 τρίτης
843 383 998 452 ὥρας
1027 385 1138 453 τῆς
1179 384 1419 449 νυκτὸς,
1466 382 1653 452 κτήνη
1703 400 1769 436 τε
1799 397 1911 437 πα-

265 469 590 539 ραστῆσαι,
627 472 726 525 ἵνα
755 469 1206 537 ἐπιϐιϐάσαντες
1229 479 1336 524 τον
1363 471 1625 532 Παῦλον,
1651 469 1913 539 ἀγάγωσι

268 559 416 625 πρὸς
440 560 668 626 Φήλικα
702 559 809 613 τὸν
844 558 1106 628 ἡγεμόνα
1129 575 1142 590 ⁸
1183 558 1415 628 γράψας
1443 557 1798 624 ἐπιστολὴν,
1823 572 1918 610 πε-

267 644 594 714 ριέχουσαν
627 647 732 700 τὸν
757 647 950 699 τύπον
985 647 1218 700 τοῦτον⁸
1262 645 1559 711 Κλαύδιος
1588 646 1815 710 Λυσίας
1839 645 1918 710 τῷ

271 733 562 798 κρατίστῳ
581 734 823 801 ἡγεμόνι
841 733 1051 801 Φήλικι
1075 735 1323 803 χαίρειν.
1362 733 1473 787 Τὸν
1497 733 1683 800 ἄνδρα
1706 733 1919 786 τοῦτον

270 821 697 886 συλληφθέντα
742 821 858 873 ὑπὸ
910 819 1028 873 τῶν
1077 820 1404 882 Ἰουδαίων,
1455 818 1554 871 καί
1621 817 1921 888 μέλλοντα

271 902 637 970 ἀναιρεῖσθαι
683 907 796 959 ὑπ’
826 906 1044 969 αὐτῶν,
1082 908 1332 974 ἐπιστὰς
1365 910 1487 962 σὺν
1531 908 1608 973 τῷ
1635 908 1920 976 στρατεύ-

268 1005 405 1056 ματι
428 989 743 1057 ἐξειλόμην
762 994 986 1060 μαθὼν,
1017 995 1104 1046 ὅτι
1139 995 1410 1062 Ῥωμαῖός
1429 998 1560 1051 ἐστι
1587 1014 1599 1026 ⁸
1618 998 1917 1062 ,ϐουλόμε-

271 1093 379 1140 νος
401 1076 468 1129 δέ
493 1077 712 1144 γνῶναι
755 1079 867 1145 τὴν
897 1083 1110 1144 αἰτίαν,
1160 1083 1232 1134 δι’
1259 1083 1338 1151 ἢν
1375 1085 1705 1139 ἐνεκάλουν
1735 1079 1918 1145 αὐτῷ,

274 1162 613 1231 κατήγαγον
671 1165 857 1218 αὐτὸν
923 1170 1008 1232 εἰς
1066 1168 1129 1220 τὸ
1174 1171 1490 1238 συνέδριον
1531 1171 1747 1226 αὐτῶν.
1810 1172 1920 1222 Ὃν

273 1245 452 1316 εὗρον
502 1251 942 1320 ἐγκαλούμενον
1004 1255 1135 1322 περί
1192 1253 1528 1324 ζητημάτων
1577 1257 1681 1310 τοῦ
1732 1257 1919 1324 νόμου

274 1334 489 1397 αὐτῶν,
521 1338 715 1404 μηδὲν
760 1339 931 1399 ἄξιον
971 1341 1225 1395 θανάτου
1275 1343 1313 1410 ἣ
1373 1343 1610 1412 δεσμῶν
1655 1344 1921 1411 ἔγκλημα

275 1422 510 1490 ἔχοντα.
583 1427 965 1492 Μηνυθείσης
1026 1426 1093 1480 δέ
1148 1445 1250 1496 μοι
1299 1430 1622 1497 ἐπιϐουλῆς
1672 1429 1921 1498 μέλλειν

276 1508 522 1562 ἔσεσθαι
544 1513 628 1575 εἰς
648 1512 753 1564 τὸν
774 1513 960 1580 ἄνδρα
984 1514 1102 1568 ὑπὸ
1133 1514 1248 1567 τῶν
1292 1518 1596 1571 Ἰουδαίων
1617 1517 1684 1580 ἐξ
1703 1515 1918 1584 αὐτῶν,

277 1593 514 1663 ἔπεμψα
530 1599 677 1663 πρὸς
704 1602 798 1661 σε,
832 1602 1229 1669 παραγγείλας
1265 1603 1363 1655 καὶ
1400 1603 1523 1668 τοῖς
1571 1604 1917 1671 κατηγόροις

276 1684 475 1748 λέγειν
502 1683 571 1737 τὰ
608 1686 754 1751 πρὸς
783 1687 967 1739 αὑτὸν
988 1688 1084 1740 ἐπί
1127 1689 1262 1742 σοῦ.
1289 1691 1547 1758 Ἔρῤωσο
1585 1705 1630 1731 α·
1661 1691 1801 1759 Ὅρα
1828 1690 1921 1742 καὶ

277 1768 375 1838 τὴν
420 1771 703 1841 ἐπιστολὴν
756 1772 1048 1840 ἀπολογίαν
1113 1774 1337 1844 ἔχουσαν
1403 1777 1499 1844 μὲν
1557 1777 1695 1846 ὑπὲρ
1753 1776 1918 1829 αὐτοῦ

279 1855 496 1922 (Οὐδὲν
518 1857 644 1927 γάρ,
688 1859 872 1928 φησὶν,
915 1857 1097 1927 εὖρον
1130 1863 1301 1926 ἀξιον
1348 1862 1605 1918 θανάτου
1653 1864 1920 1932 ἔγκλημα

277 1941 538 2013 ἔχοντα),
583 1948 910 2016 κατηγορίαν
948 1948 1004 2000 δὲ
1044 1949 1162 2002 κατ’
1193 1948 1473 2020 ἐκείνωνῆ
1507 1949 1645 2002 κατὰ
1688 1950 1875 2002 τούτου
1900 1965 1918 1980 ⁸

276 2029 451 2094 οὕτως
477 2031 765 2088 ἐθανάτων.
792 2037 898 2088 Καὶ
935 2036 1150 2106 πρῶτον
1173 2037 1269 2106 μέν
1294 2055 1477 2109 φησιν,
1499 2039 1579 2090 ὃτι
1607 2037 1922 2092 Μέλλοντα

277 2115 643 2184 ἀναιρεῖσθαι
692 2116 810 2173 ὑπὸ
859 2120 976 2175 τῶν
1029 2123 1330 2177 Ἰουδαίων
1383 2125 1700 2192 ἐξειλόμην
1737 2141 1752 2155 ⁸
1803 2120 1920 2177 εἶτα

280 2205 647 2276 προστίθησιν,
681 2208 762 2260 δτι
793 2210 897 2262 Καὶ
925 2210 1262 2279 κατήγαγον
1287 2212 1473 2265 αὐτὸν
1496 2212 1644 2279 πρὸς
1667 2213 1886 2276 αὐτούς
1903 2227 1918 2244 ⁸

278 2293 372 2345 καὶ
396 2293 503 2345 οὐδ’
541 2294 712 2359 οῦτως
745 2290 902 2366 εὗρόν
946 2315 996 2350 τι
1051 2298 1347 2364 ἐγκαλέσαι
1400 2300 1629 2352 ἐκεῖνον
1677 2300 1770 2352 καὶ
1806 2299 1923 2352 δέον

279 2377 418 2448 ὑπὲρ
443 2378 536 2431 τοῦ
562 2383 827 2452 προτέρου
865 2385 1282 2454 καταπλαγῆναι
1309 2387 1402 2438 καὶ
1446 2386 1921 2456 καταισχυνθῆναι,

279 2465 439 2517 πάλιν
464 2468 827 2537 ἐπιχειροῦσιν
853 2471 1081 2534 ἀνελεῖν,
1110 2472 1246 2525 ὥστε
1269 2472 1426 2525 πάλιν
1449 2473 1820 2544 λαμπρότερον
1836 2490 1926 2541 γεο

280 2551 462 2606 νέσθαι
494 2554 583 2606 τὸν
607 2554 745 2624 ὐπέρ
773 2556 935 2608 αὐτοῦ
974 2558 1146 2624 λόγον.
1196 2560 1304 2611 Καὶ
1332 2559 1384 2611 τί
1414 2559 1610 2629 δήποτε
1647 2561 1772 2623 τοὺς
1802 2577 1928 2613 κατ⁹

279 2640 512 2712 ηγόρους
556 2641 795 2710 πέμπει;
829 2643 945 2696 Ἵνα
990 2645 1046 2696 ἐν
1072 2644 1149 2714 τῷ
1188 2645 1547 2716 δικαστηρίῳ,
1595 2645 1722 2700 ἔνθα
1754 2647 1926 2701 ταῦτα

279 2727 666 2799 ἀκριϐέστερον
733 2731 1108 2800 γυμνάζεται,
1164 2731 1338 2796 ἀθῶος
1391 2733 1636 2804 γένηται.
1700 2736 1925 2804 Ἴδωμεν

279 2817 458 2870 τοίνυν
503 2817 708 2870 ἀνωθεν
767 2819 835 2871 τὰ
886 2821 1168 2889 εἰρημένα.
1212 2822 1378 2890 Ἐγὼ,
1424 2823 1577 2894 φησὶ,
1612 2824 1928 2891 Φαρισαῖός

280 2905 415 2972 ειμι.
457 2903 623 2957 Τοῦτο
645 2902 815 2969 εἶπεν,
839 2906 977 2959 ὥστε
1012 2909 1207 2972 αὐτοὺς
1229 2910 1654 2965 ἐπισπάσασθαι.
1689 2909 1822 2966 Εἶτα
1840 2914 1926 2967 ἵνα

283 2991 358 3062 μὴ
388 2991 511 3062 δόξῃ
539 2992 868 3054 κολακεύειν,
889 2994 1099 3063 ἐπάγει·
1126 2996 1264 3064 Περί
1287 2997 1532 3064 ἐλπίδος
1553 2998 1649 3052 καί
1676 2999 1928 3054 ἀναστά-

281 3092 434 3144 σεως
458 3078 682 3147 νεκρῶν
709 3081 822 3150 ἐγὼ
853 3083 1142 3151 κρίνομαι.
1197 3084 1328 3136 Ἀπὸ
1353 3085 1451 3154 τῆς
1477 3087 1807 3155 κατηγορίας
1833 3087 1928 3141 αὐο

279 3166 389 3219 τῶν
415 3167 507 3219 καὶ
549 3169 646 3237 τῆς
684 3168 936 3237 διαϐολῆς
983 3171 1288 3239 συνίστησιν
1328 3173 1516 3225 ἐαυτόν
1544 3189 1559 3203 ⁸
1588 3174 1926 3227 Σαδδουκαῖοι

285 3254 383 3322 μὲν
404 3253 510 3324 γὰρ
539 3254 753 3320 λέγουσι
787 3257 860 3326 μὴ
889 3251 1025 3308 εἶναι
1048 3256 1297 3325 ἄγγελον,
1329 3259 1463 3328 μήτε
1491 3259 1726 3329 πνεῦμα.
1763 3260 1927 3313 Οὐδὲν

282 3337 569 3409 ἀσώματον
615 3341 760 3393 ίσασι
802 3342 1159 3404 Σαδδουκαῖοι,
1208 3344 1345 3413 τάχα
1369 3345 1487 3398 οὐδέ
1519 3345 1607 3398 τὸν
1644 3346 1793 3408 Θεὸν,
1825 3365 1928 3400 πα-

281 3424 396 3490 χεῖς
422 3439 563 3485 τινες
593 3423 739 3486 ὄντες
764 3440 777 3454 ⁸
804 3424 926 3478 ὅθεν
982 3426 1101 3479 οὐδὲ
1149 3427 1442 3481 ἀνάστασιν
1485 3427 1759 3498 βούλονται
1790 3427 1927 3485 εἶναι

283 3509 576 3563 πιστεύειν.
629 3511 740 3564 Καὶ
794 3513 1186 3578 ἀναστάντες,
1233 3519 1386 3584 φησὶ,
1444 3518 1795 3586 γραμματεῖς
1821 3519 1926 3573 τοῦ

276 3595 497 3664 μέρους
521 3597 639 3649 τῶν
659 3599 1012 3665 Φαρισαίων,
1035 3599 1384 3669 διεμάχοντο
1409 3601 1687 3672 λέγοντες
1703 3621 1714 3632 ⁸
1741 3604 1930 3660 Οὐδὲν

282 3682 472 3735 κακὸν
496 3684 852 3752 εὑρίσκομεν
885 3684 954 3737 ἐν
973 3683 1051 3749 τῷ
1072 3685 1358 3752 ἀνθρώπῳ
1390 3689 1594 3751 τούτῳ.

354 3767 506 3841 [568]
529 3776 598 3837 γ’.
628 3771 787 3840 ’Ὀραο
803 3770 989 3824 ἀκούει
1005 3771 1098 3824 καὶ
1121 3774 1150 3826 6
1173 3772 1466 3844 χιλίαρχος,
1485 3775 1564 3828 ὅτι
1588 3775 1746 3830 αὐτὸν
1761 3778 1932 3849 ἀπήλ-

282 3856 446 3922 λαξαν
478 3858 835 3928 ἐγκλημάτων
872 3860 921 3912 οἰ
963 3861 1275 3930 Φαρισαῖοι,
1311 3862 1403 3914 καὶ
1441 3862 1741 3932 ἐψηφίσατο
1789 3867 1929 3938 ὑπὲρ

283 3943 468 4009 αὐτοῦ,
491 3944 584 3998 καὶ
611 3944 746 4015 μετά
775 3946 1012 4010 πλείονος
1032 3947 1342 4019 παρρησίας
1369 3950 1601 4019 ἁρπάζει
1622 3953 1800 4006 αὐτόν.
1820 3955 1932 4007 Καὶ

282 4034 484 4089 αὐτάδέ
497 4035 756 4105 εἰρημένα
770 4035 964 4106 Παύλῳ
981 4037 1291 4108 φιλοσοφίας
1304 4038 1393 4107 ἐγε
1400 4057 1488 4108 με.
1509 4039 1584 4108 Τῇ
1599 4041 1666 4093 δέ
1677 4042 1929 4111 ἐπιούσῃ

281 4121 452 4176 νυκτί
481 4122 729 4191 ἐπιστὰς
756 4122 962 4189 αύτῷό
996 4125 1209 4193 Κύριος
1235 4121 1364 4178 εἷπε
1396 4143 1408 4156 ⁸
1442 4125 1676 4193 Θάρσει,
1705 4129 1926 4182 Παῦλε⁸

281 4210 361 4276 ὡς
389 4211 498 4279 γὰρ
545 4209 903 4279 διεμαρτύρω
928 4211 998 4264 τὰ
1045 4211 1177 4279 περὶ
1214 4212 1358 4279 ἐμοῦ
1397 4214 1484 4277 εἰς
1517 4213 1928 4283 Ἰερουσαλὴμ,

283 4298 434 4352 οὕτω
452 4314 525 4351 σε
546 4297 636 4350 δεῖ
679 4299 778 4350 καί
818 4300 905 4362 εἰς
949 4297 1175 4364 Ῥώμην
1193 4296 1589 4365 μαρτυρῆσαι.
1623 4300 1765 4370 Ὅρα
1789 4302 1928 4372 πόση

283 4386 317 4453 ὴ
355 4382 693 4454 παράκλησις
717 4400 730 4413 ⁸
757 4383 972 4452 πρῶτον
1001 4383 1161 4434 αὐτὸν
1183 4385 1413 4448 ἐπαινεῖ,
1438 4379 1555 4437 εἶτα
1576 4386 1674 4439 οὐκ
1709 4386 1930 4456 ἀφίησιν

282 4469 401 4523 οὐδὲ
429 4470 488 4522 τὸ
509 4469 697 4538 ἄδηλον
732 4469 831 4538 τῆς
868 4469 1174 4538 ἀποδημίας
1215 4471 1514 4542 φοϐηθῆναι
1540 4474 1639 4544 τῆς
1672 4475 1764 4526 ἐπ)⁸
1798 4473 1930 4527 Ῥώ-

287 4573 395 4628 μην
429 4571 443 4585 ⁸
480 4554 554 4619 ὡς
597 4557 645 4608 εἰ
686 4555 867 4622 ἔλεγεν
896 4570 910 4585 ⁸
951 4555 1064 4608 Οὐκ
1095 4556 1369 4629 ἀπελεύσῃ
1399 4558 1558 4627 μόνον
1593 4563 1771 4624 κακεῖ,
1797 4561 1930 4615 ἀλλά

285 4643 378 4696 καὶ
397 4642 630 4714 τοσαύτη
659 4643 833 4714 χρήσῃ
865 4644 1164 4713 παρρησίᾳ.
1216 4643 1487 4700 Ἐντεῦθεν
1507 4648 1602 4717 οὐχ
1635 4650 1716 4701 ὅτι
1753 4649 1927 4720 σωθή‹

287 4747 439 4783 σεται
460 4730 730 4801 ἐδηλοῦτο,
753 4731 868 4782 ἀλλ’
890 4731 970 4783 ὅτι
1001 4735 1094 4784 καὶ
1131 4732 1223 4784 ἐπὶ
1247 4732 1502 4802 μεγάλοις
1535 4737 1870 4804 μαρτυρήσει
1903 4737 1930 4775 ι»

287 4817 566 4887 στεφάνοις
603 4819 661 4871 ἐν
695 4819 760 4887 τῇ
824 4817 1035 4891 μεγάλῃ
1087 4819 1256 4872 πόλει.
1298 4820 1397 4872 Διά
1435 4820 1488 4872 τί
1532 4820 1587 4872 δὲ
1632 4821 1692 4873 οὐ
1737 4822 1927 4894 πρὶνῆ

285 4906 541 4974 ἐμπεσεῖν
563 4905 641 4968 εἰς
662 4904 754 4957 τὸν
778 4904 1040 4967 κίνδυνον,
1064 4905 1236 4977 ἐφάνη
1257 4906 1403 4977 αὐτῷ
1425 4924 1438 4973 ;
1472 4908 1592 4960 Ὅτι
1622 4909 1708 4961 ἀεὶ
1731 4909 1789 4960 ἐν
1813 4913 1932 4974 ταῖς

287 4992 493 5062 θλίψεσι
527 4992 827 5063 παρακαλεῖ
858 4995 885 5045 6
917 4992 1047 5056 Θεὸς
1079 4993 1219 5060 (τότε
1265 4995 1370 5064 γάρ
1412 4995 1778 5067 ποθεινότερος
1803 4998 1929 5065 φαί-

286 5079 478 5146 νεται),
500 5080 593 5131 καὶ
631 5080 689 5132 ἐν
724 5084 833 5142 τοῖς
866 5079 1127 5144 κινδύνοις
1163 5081 1492 5151 ἐγγυμνάζει
1531 5084 1696 5153 ἡμᾶς.
1723 5083 1930 5149 ’Ἄλλως

286 5167 343 5220 δὲ
367 5167 486 5218 τότε
520 5167 617 5235 μέν
640 5169 695 5220 ἐν
727 5167 903 5220 ἀνέσει
935 5163 1036 5238 ἦν,
1071 5170 1290 5239 ἀφεθεὶς
1323 5170 1428 5223 τῶν
1458 5171 1668 5240 δεσμῶν
1699 5189 1710 5202 ⁸
1746 5173 1840 5227 νῦν
1873 5174 1930 5227 δέ

288 5253 508 5322 εμελλεν
540 5254 698 5305 αὐτὸν
720 5255 1052 5324 διαδέχεσθαι
1077 5257 1238 5311 δεινά.
1269 5259 1387 5311 Ὅτι
1423 5261 1929 5330 ἀνεθεματίσαμεν

289 5336 557 5401 ἑαυτοὺς.
585 5339 735 5406 φησὶ,
767 5341 851 5407 μὴ
895 5342 1104 5409 φαγεῖν
1129 5345 1282 5411 μηδὲ
1349 5347 1522 5400 πιεῖν.
1571 5349 1761 5413 Βαϐαῖ,
1792 5350 1928 5420 πόση

296 5426 456 5498 μανία
484 5427 496 5478 ι
525 5425 744 5487 ἐαυτούς
770 5425 845 5494 τῷ
871 5427 1169 5496 ἀναθέματι
1189 5431 1574 5487 ὑποϐάλλουσιν
1610 5436 1923 5504 ἀλογίστως.

293 5516 489 5578 Ὅπως
510 5510 805 5580 καταγάγῃ
834 5513 1038 5576 αὐτὸν,
1076 5517 1227 5586 φησὶ,
1267 5518 1416 5585 πρὸς
1455 5521 1630 5590 ὑμᾶς,
1675 5523 1755 5589 ὼς
1784 5523 1930 5592 μέλ-

289 5603 509 5664 λοντας
551 5597 969 5666 ἀκριϐέστερον
1011 5599 1423 5669 διαγινώσκειν
1463 5606 1536 5658 τὰ
1561 5609 1694 5676 περὶ
1719 5611 1925 5664 αὐτοῦ.

291 5688 355 5739 Τί
392 5687 601 5754 λέγεις;
634 5686 752 5755 οὐχ).
795 5684 1043 5756 δεύτερον
1097 5688 1231 5759 πρὸς
1284 5691 1428 5760 ὑμᾶς
1483 5693 1927 5768 ἐδημηγόρησεν;

353 5783 379 5812 ⁸
403 5782 571 5833 Morel.
597 5784 812 5848 ἐῤῥωσθε.
879 5782 903 5824 b
929 5783 978 5833 In
998 5797 1093 5834 uno
1114 5801 1394 5850 μαρτυρησει
1418 5789 1579 5838 deest.

1058 269 1118 326 S.
1157 266 1436 324 JOANNIS
1471 263 1952 324 CHRYSOS'I’OMI
1989 264 2309 324 ARCHIEP.
2348 260 2893 324 CONSTANTINOP.

3564 247 3676 307 3ιί

2016 383 2136 452 οὐχὶ
2163 382 2449 454 Φαρισαῖον
2474 379 2660 434 ἐαυτὸν
2695 373 2846 443 etc-ce;
2871 375 2925 430 τί
2961 367 3054 428 οῦν
3079 371 3140 426 τὸ
3164 367 3411 442 περιττόν
3428 409 3444 433 ,
3483 366 3675 428 Οὖτως

2015 470 2169 521 οὐδὲν
2194 469 2500 538 ἐφοϐοῦντο,
2527 467 2585 521 οὐ
2608 465 2952 536 δικαστήρια,
2977 463 3038 515 οὐ
3064 461 3257 531 νόμους
3283 474 3297 490 ⁸
3325 456 3498 519 οὕτως
3520 454 3677 508 οὐδὲν

2015 557 2200 620 αὐτοῖς
2226 557 2530 627 ἀτόλμητον
2557 551 2644 625 ἦν.
2679 554 2789 608 Καὶ
2815 556 2913 624 τὴν
2935 550 3160 620 γνώμην
3187 545 3554 618 εἰσηγοῦνται,
3577 543 3678 597 καί⁵

2012 645 2110 714 τὴν
2158 646 2354 716 πρᾶξιν
2394 643 2840 712 ἐπαγγέλλονται.
2887 640 3172 703 Ἀκούσας
3212 636 3279 688 δὲ
3327 637 3360 688 ό
3403 632 3532 697 υίὸς
3564 628 3678 696 τῆς

2015 730 2281 800 ἀδελφῆς
2297 732 2535 785 Παύλου
2563 730 2627 783 τὸ
2661 729 2924 796 ἐνεδρον.
2950 725 3118 778 Τοῦτο
3140 723 3238 792 τῆς
3266 719 3359 774 τοῦ
3379 718 3513 772 Θεοῦ
3533 719 3679 770 οἰκο-

2017 819 2202 887 νομίας
2229 814 2296 889 ἦν
2314 818 2513 880 λοιπὸν,
2547 816 2608 869 τὸ
2649 815 2722 886 μὴ
2769 812 2998 865 συνιδεῖν
3023 810 3217 872 αὐτοὺς
3250 808 3332 861 ὅτι
3356 806 3674 889 ἀκούσεται.

2085 905 2149 957 Τί
2163 888 2295 958 οὖνὸ
2313 904 2538 967 Παῦλος;
2558 903 2670 956 Οὐκ
2684 900 3005 972 ἐθορυϐήθη.
3023 897 3156 951 ἀλλά
3175 895 3425 958 συνεῖδεν,
3439 895 3522 946 ὅτι
3536 888 3679 944 Θεοῦ

2019 992 2165 1044 ἐστιν
2189 991 2344 1062 ἔργον
2367 991 2543 1045 τοῦτο·
2569 992 2663 1044 καὶ
2689 989 2750 1042 τὸ
2783 991 2889 1041 πᾶν
2927 985 3013 1038 ἐπ’
3038 984 3199 1038 αὐτὸν
3237 981 3418 1052 ῥίψας,
3449 976 3596 1049 εἶχεν
3617 977 3682 1043 ἐξ

2016 1077 2176 1149 ἔργου
2207 1078 2303 1147 τὴν
2323 1077 2610 1145 σωτηρίαν.
2637 1077 2746 1128 Καὶ
2767 1075 2958 1127 σκόπει
2985 1072 3100 1133 πῶς
3121 1072 3201 1134 εἰς
3220 1069 3419 1137 ἀγαθὸν
3448 1068 3626 1121 πάντα
3649 1067 3682 1118 ὁ

2016 1164 2147 1228 Θεὸς
2173 1165 2535 1236 ᾠκονόμησεν.
2562 1159 2727 1215 Εἶπεν
2753 1165 2781 1215 ό
2805 1162 3020 1223 νεανίας
3065 1160 3163 1229 τὴν
3195 1155 3504 1225 ἐπιϐουλὴν,
3557 1155 3683 1206 ἐπι-

2019 1251 2213 1322 στεύθη
2224 1292 2237 1312 ,
2253 1252 2346 1304 καὶ
2356 1251 2494 1304 οὕτω
2509 1250 2692 1302 λοιπὸν
2708 1248 3026 1312 διασώζεται
3044 1245 3272 1308 Παῦλος.
3291 1243 3402 1296 Καὶ
3415 1240 3681 1309 εἰάφέθη,

2017 1342 2168 1410 φησὶ,
2195 1341 2294 1408 τῆς
2321 1339 2520 1401 αἰτίας,
2536 1337 2624 1390 διά
2645 1338 2697 1390 τί
2721 1338 2844 1398 τοὺς
2867 1335 3198 1406 κατηγόρους
3213 1332 3489 1402 ἐπεμψανς
3509 1331 3682 1382 Ὥστε

2017 1427 2406 1499 ἀκριϐεστέραν
2425 1426 2670 1492 γενέσθαι
2695 1424 2786 1494 τὴν
2816 1425 3075 1489 ἐξέτασιν·
3096 1423 3234 1475 ὥστε
3251 1419 3446 1491 μᾶλλον
3473 1418 3686 1499 καθαρ-

2017 1497 2173 1584 θῆναι
2195 1525 2216 1554 α
2240 1514 2329 1566 τὸν
2344 1514 2528 1584 ἀνδρα.
2547 1513 2796 1566 Τοιαῦται
2817 1514 2871 1566 αἰ
2888 1511 2980 1564 τοῦ
2992 1510 3122 1563 Θεοῦ
3143 1508 3461 1578 οἰκονομίαι·
3499 1506 3550 1558 δι
3566 1506 3580 1525 ‘
3603 1497 3687 1557 ὧν

2020 1601 2369 1673 βλαπόμεθα
2390 1641 2403 1664 ,
2437 1601 2524 1653 διά
2551 1600 2756 1654 τούτων
2782 1598 3154 1668 ὠφελούμεθα.
3182 1596 3337 1650 Οῦτω
3367 1592 3685 1662 καὶΊωσὴφ

2018 1688 2400 1742 ἐπεϐουλεύετο
2467 1689 2572 1740 ὐπὸ
2629 1691 2728 1757 τῆς
2807 1686 3090 1756 δεσποίνης
3120 1700 3137 1718 ’
3203 1681 3293 1736 καὶ
3351 1681 3523 1734 ἐδόκει
3581 1681 3690 1751 μὲν

2020 1776 2406 1841 ἐπιϐουλεύειν,
2440 1775 2855 1829 ἐπιϐουλεύουσα
2875 1775 2930 1827 δὲ
2964 1775 3020 1825 ἐν
3049 1770 3316 1840 ἀσφαλείᾳ
3346 1769 3690 1838 κατέστησεν

2017 1863 2178 1917 αὐτόν
2203 1880 2216 1894 ⁸
2265 1863 2368 1931 τῆς
2403 1863 2511 1931 γὰρ
2561 1863 2755 1924 οἰκίας,
2807 1861 2933 1914 ἔνθα
2971 1860 3030 1912 τὸ
3068 1858 3251 1928 θηρίον
3291 1857 3464 1909 ἐκεῖνο
3520 1857 3690 1924 ἐτρέ-

2019 1970 2168 2021 φετο,
2203 1951 2378 2021 πολλῷ
2409 1952 2471 2004 τὸ
2509 1951 2876 2020 δεσμωτήριον
2903 1947 3246 2018 ἡμερώτερον
3281 1940 3370 2014 ἦν.
3400 1946 3547 1999 Ἐκεῖ
3582 1945 3690 2016 μὲν

2017 2038 2124 2108 γὰρ
2151 2037 2244 2102 ὢν,
2268 2039 2314 2090 εἰ
2337 2038 2428 2090 καὶ
2451 2038 2508 2089 ἐν
2533 2031 2888 2108 θεραπείᾳῆν,
2911 2034 3034 2088 ἀλλ’
3061 2036 3116 2086 ἐν
3139 2033 3286 2103 φόϐῳ
3313 2033 3566 2101 διηνεκεῖ,
3605 2030 3689 2103 μή

2018 2142 2146 2178 ποτε
2173 2124 2426 2194 ἐπίθηται
2453 2127 2485 2194 ή
2508 2124 2783 2188 δέσποινα,
2830 2123 2921 2175 καὶ
2965 2121 3336 2190 δεσμωτηρίου
3366 2119 3651 2190 χαλεπὼτε
3668 2148 3689 2158 -

2024 2227 2114 2280 ρον
2138 2212 2166 2262 6
2197 2210 2358 2279 φόϐος
2379 2209 2524 2280 αὐτῷ
2558 2209 2804 2264 ἐπέκειτο
2829 2224 2842 2238 ⁸
2875 2207 3010 2278 μετά
3041 2207 3097 2261 δέ
3136 2206 3234 2276 τὴν
3265 2205 3598 2276 κατηγορίαν
3622 2205 3690 2256 ἐν

2021 2297 2173 2368 ἀδείᾳ.
2199 2297 2385 2350 λοιπὸν
2415 2299 2508 2351 καὶ
2544 2297 2743 2367 ἡσυχία
2765 2292 2851 2366 ἦν,
2880 2293 3210 2362 ἀπαλλαγεὶς
3236 2293 3442 2345 ἐκείνου
3467 2291 3563 2344 τοῦ
3591 2290 3691 2360 θη-

2021 2385 2132 2455 ρίου
2170 2385 2262 2438 καὶ
2290 2384 2388 2454 τῆς
2413 2382 2801 2453 ἀσχημοσύνης
2832 2382 2926 2434 καῖ¹
2965 2380 3065 2450 τῆς
3089 2378 3380 2448 ἐπιϐουλῆς
3415 2395 3429 2408 ⁸
3467 2376 3688 2446 βέλτιον

2020 2472 2129 2542 γάρ
2152 2471 2296 2541 αὐτῷ
2322 2468 2390 2542 ἦν
2423 2467 2988 2539 τεταλαιπωρημένοις
3018 2466 3327 2534 ἀνθρώποις
3358 2468 3618 2527 συνεῖναι,
3647 2465 3687 2535 ἢ

2026 2561 2322 2632 μαινομένη
2379 2559 2653 2629 δεσποίνῃ.
2701 2558 2965 2612 Ἐνταῦθα
3026 2559 3122 2627 μὲν
3173 2554 3266 2610 οῦν
3314 2555 3688 2624 παρεμυθεῖτο

2022 2646 2234 2709 ἐαυτὸν,
2267 2647 2345 2699 ὅτι
2374 2646 2458 2698 διὰ
2482 2645 2835 2715 σωφροσύνην
2859 2645 3112 2697 ἐνέπεσεν
3131 2659 3145 2674 ⁸
3179 2642 3368 2696 ἐκεῖδέ
3399 2641 3679 2703 ἐδεδοίκει,

2027 2734 2100 2804 μὴ
2127 2734 2254 2805 περὶ
2280 2733 2376 2804 τὴν
2401 2732 2576 2803 ψυχὴν
2603 2730 2737 2802 λάϐῃ
2757 2732 2853 2802 τὴν
2879 2732 3112 2802 πληγήν⁸
3141 2731 3290 2784 οὐδὲν
3317 2729 3422 2799 γὰρ
3439 2728 3682 2798 ἐπαχθέ-

2026 2838 2212 2890 στερον
2246 2819 2522 2891 ἐρωμένης
2555 2819 2706 2890 [569]
2725 2819 2829 2889 νέῳ
2861 2820 2933 2889 μὴ
2968 2817 3291 2888 βουλομένῳ,
3309 2817 3454 2870 οὐδὲν
3488 2815 3686 2883 ἐναγέ-

2026 2923 2237 2978 στερον,
2261 2907 2413 2959 οὐδὲν
2447 2907 2742 2978 βαρύτερον
2767 2923 2779 2936 ⁸
2820 2905 3035 2958 πάντων
3073 2905 3286 2975 δεσμῶν
3331 2903 3484 2956 τοῦτο
3510 2902 3685 2972 χαλε-

2025 2994 2286 3064 πώτερον.
2318 2995 2477 3046 Ὥστε
2521 2996 2622 3047 οὐκ
2685 2995 2765 3056 εἰς
2810 2994 3183 3065 δεσμωτήριον
3223 2992 3495 3054 ἐνέπεσεν,
3544 2989 3688 3044 ἀλλά

2024 3081 2390 3151 δεσμωτηρίου
2413 3081 2700 3152 ἀπηλλάγη
2723 3101 2736 3114 υ
2765 3080 3168 3150 ἐξεπολέμωσεν
3190 3079 3338 3149 αὐτῷ
3368 3079 3461 3132 τὸν
3482 3079 3686 3132 δεσπό-

2023 3185 2141 3237 την,
2173 3167 2309 3221 ἀλλά
2341 3167 2636 3236 κατήλλαξε
2673 3171 2762 3221 τὸν
2796 3168 2944 3232 Θεὸν,
3003 3168 3326 3238 οἰκειότερον
3352 3167 3514 3219 αὐτὸν
3545 3183 3684 3219 κατ-

2026 3255 2221 3325 έστησε
2277 3255 2354 3325 τῷ
2382 3256 2549 3318 ὅντως
2613 3257 2859 3328 Δεσπότῃ
2911 3255 2988 3324 τῷ
3022 3254 3256 3325 ἀληθινῷ
3285 3269 3298 3282 ⁸
3328 3253 3551 3318 ἐξέϐαλε
3580 3253 3682 3322 τῆς

2023 3345 2341 3407 ἐπιστασίας
2362 3344 2459 3414 τῆς
2487 3345 2543 3397 ἐν
2569 3347 2633 3416 τῇ
2663 3345 2828 3415 οἰκία,
2871 3345 2998 3398 ἀλλ’
3026 3345 3268 3415 ᾠκείωσε
3297 3343 3376 3413 τῷ
3408 3342 3674 3413 Δεσπότῃ·

2023 3431 2188 3485 Πάλιν
2217 3433 2263 3484 οἰ
2291 3431 2503 3501 ἀδελφοὶ
2529 3433 2832 3502 ἐπώλησαν,
2849 3433 2974 3486 ἀλλ’
2998 3431 3310 3503 ἀπήλλαξαν
3347 3429 3506 3484 αὐτὸν
3545 3447 3679 3482 συν-

2027 3518 2312 3572 οικούντων
2356 3519 2587 3590 ἐχθρῶν,
2634 3521 2829 3586 φθόνου
2861 3519 2954 3573 καὶ
2993 3519 3288 3589 βασκανίας
3311 3517 3530 3586 πολλῆς,
3558 3516 3686 3568 ἐπι-

2026 3603 2221 3670 ϐουλῆς
2276 3602 2668 3673 καθημερινῆς,
2728 3603 2946 3673 μακρὰν
2998 3602 3339 3671 κατέστησαν
3386 3599 3548 3654 αὐτὸν
3570 3600 3686 3652 τῶν

2028 3689 2341 3761 μισούντων.
2371 3688 2432 3742 Τί
2477 3689 2584 3760 γὰρ
2633 3689 2823 3742 τούτου
2877 3693 3075 3759 χεῖρον,
3125 3689 3252 3742 ὅταν
3297 3705 3382 3749 τις
3430 3686 3687 3756 ἀδελφοῖς

2030 3779 2283 3849 φθονοῦσι
2308 3782 2570 3832 συνοικεῖν
2626 3778 3014 3847 ἀναγκάζηται,
3073 3777 3200 3830 ὅταν
3243 3775 3320 3829 δι’
3348 3775 3587 3844 ὑποψίας
3618 3771 3683 3846 ᾗ,

2025 3867 2151 3920 ὃταν
2177 3866 2622 3936 ἐπιϐουλεύηται;
2656 3867 2818 3918 Ὥστε
2846 3865 3013 3935 ἕτερα
3039 3864 3136 3934 μὲν
3167 3863 3384 3916 ἐποίουν
3417 3863 3513 3915 καὶ
3533 3856 3689 3914 οῦτοι

2026 3954 2270 4024 κάκείνη,
2299 3954 2459 4022 ἔτερα
2491 3953 2546 4005 δέ
2581 3953 2913 4024 ᾠκονομεῖτο
2947 3951 3090 4022 ὑπὲρ
3137 3951 3232 4004 τοῦ
3269 3950 3477 4004 δικαίου
3507 3950 3687 4019 μεγάρ

2025 4042 2111 4095 λα.
2141 4042 2266 4094 Ὅτε
2298 4037 2365 4110 ἦν
2391 4044 2447 4093 ἐν
2462 4044 2612 4111 τιμῇ,
2647 4041 2766 4093 τότε
2809 4036 2876 4110 ἦν
2893 4041 2948 4091 ἐν
2968 4039 3193 4110 κινδύνῳ
3228 4055 3241 4068 ⁸
3274 4040 3361 4091 ὅτε
3380 4034 3447 4109 ἦν
3483 4040 3540 4091 ἐν
3559 4038 3688 4090 ἀτι-

2029 4130 2126 4200 μίᾳ
2156 4128 2208 4192 ἀ,
2237 4130 2358 4182 τότε
2382 4125 2448 4196 ἦν
2471 4130 2527 4180 ἐν
2571 4128 2837 4198 ἀσφαλείᾳ
2864 4143 2877 4158 ⁸
2918 4127 3016 4179 οὐκ
3045 4125 3407 4196 ἐμνημόνευον
3437 4123 3600 4177 αὐτοῦ
3628 4125 3690 4178 οἱ

2036 4214 2277 4284 εὐνοῦχοι
2313 4231 2326 4245 ⁸
2374 4215 2467 4266 καὶ
2512 4213 2706 4278 καλῶς,
2770 4213 2855 4266 ἵνα
2905 4213 3260 4282 λαμπροτέρα
3309 4211 3531 4279 γένηται
3579 4210 3690 4278 τῆς

2026 4301 2208 4365 ἐξόδου
2258 4302 2291 4370 ή
2337 4299 2588 4362 ὑπόθεσις
2618 4316 2632 4329 ⁸
2670 4301 2754 4351 ἵνα
2803 4299 2875 4369 μὴ
2929 4299 3110 4370 χάριτι
3169 4298 3501 4368 ἀνθρωπίνῃ,
3549 4296 3694 4349 ἀλλ’

2026 4387 2302 4458 οἰκονομίᾳ
2347 4387 2466 4457 θεία
2512 4387 2571 4438 τὸ
2615 4388 2720 4439 πᾶν
2765 4386 3041 4455 λογίζηται
3083 4401 3096 4415 ⁸
3134 4387 3222 4439 ἵνα
3271 4385 3540 4454 εὐκαίρως
3597 4383 3690 4446 εις

2026 4476 2214 4546 χρείαν
2236 4474 2510 4538 καταστὰς
2551 4474 2790 4545 ἐξαγάγῃ
2829 4491 2842 4504 ⁸
2899 4475 2986 4528 ἵνα
3052 4472 3126 4544 μὴ
3179 4471 3503 4542 εὐεργετῶν,
3544 4469 3690 4523 ἀλλ’

2025 4563 2476 4631 εὐεργετούμενος
2518 4561 2678 4613 αὐτὸν
2728 4561 2932 4631 ἐκϐάλῃ
2984 4559 3076 4614 τοῦ
3121 4559 3546 4629 δεσμωτηρίουό
3572 4559 3694 4610 Φα-

2031 4649 2161 4721 ραώ.
2203 4649 2315 4702 Οὐκ
2372 4648 2476 4701 ἔδει
2521 4648 2703 4700 δοῦλον
2759 4647 3012 4715 γενέσθαι
3070 4647 3132 4699 τὸ
3191 4647 3380 4717 δῶρον,
3441 4645 3688 4709 ἀλλἐἰς

2026 4738 2268 4804 ἀνάγκην
2299 4736 2633 4800 καταστῆναι
2671 4736 2759 4788 τὸν
2795 4735 3016 4804 βασιλέα
3051 4751 3064 4764 ⁸
3097 4735 3205 4788 ἔδει
3249 4732 3486 4802 φανερὰν
3509 4731 3690 4786 αὐτοῦ

2027 4823 2273 4892 γενέσθαι
2300 4826 2396 4891 τὴν
2421 4825 2629 4892 σοφίαν.
2689 4823 2785 4875 Διά
2832 4822 2988 4874 τοῦτο
3042 4820 3352 4873 λανθάνειὸ
3402 4818 3686 4888 εὐνοῦχος,

2031 4914 2114 4964 ἵνα
2145 4911 2378 4983 μὴλάοῃ
2416 4911 2705 4979 Αἴγυπτος,
2740 4911 2823 4963 ἵνα
2877 4911 2951 4981 μὴ
2989 4910 3233 4980 ἀγνοήσῃ
3271 4907 3430 4961 αὐτὸν
3455 4906 3483 4956 6
3531 4907 3688 4974 βασι-

2027 4999 2168 5062 λεύς.
2199 5001 2259 5052 Εἰ
2288 4999 2408 5051 τότε
2433 4999 2715 5069 ἐξηνέχθη,
2748 4998 2874 5060 ἴσως
2912 4997 2977 5051 ἂν
3005 4997 3099 5051 καὶ
3148 4995 3488 5065 ἐπεθύμησεν
3515 4993 3689 5046 ἀπελο

2029 5086 2140 5139 θεῖν
2184 5089 2263 5149 εἰς
2285 5086 2380 5157 τὴν
2416 5086 2577 5140 αὐτοῦ
2611 5102 2626 5118 ⁸
2660 5085 2746 5138 διά
2791 5083 2947 5138 τοῦτο
2985 5084 3207 5155 μυρίαις
3247 5084 3511 5151 ἀνάγκαις
3541 5098 3685 5134 κατ-

2028 5178 2230 5247 ἐχεται,
2259 5177 2471 5246 πρῶτον
2495 5179 2558 5246 τῇ
2586 5174 2891 5246 δεσποτεία,
2913 5175 3165 5245 δεύτερον
3192 5173 3269 5244 τῷ
3294 5171 3679 5242 δεσμωτηρίῳ,

2025 5263 2206 5334 τρίτον
2229 5264 2285 5315 ἐν
2307 5265 2372 5333 τῇ
2411 5263 2674 5333 βασιλεία,
2706 5262 2792 5315 ἴνα
2813 5261 2986 5314 ταῦτα
3018 5259 3368 5329 οἰκονομηθῇ.
3407 5257 3682 5327 Καθάπερ

2027 5347 2116 5403 οὖν
2145 5367 2262 5403 τινα
2317 5352 2556 5418 γενναῖον
2598 5349 2772 5402 πῶλον
2814 5349 3118 5419 ἐκπηδῆσαι
3169 5347 3484 5416 βουλόμενον
3537 5344 3680 5416 πρὸς

2029 5438 2152 5500 τούς
2177 5436 2360 5501 αὐτοῦ,
2391 5439 2637 5506 κατεῖχεν
2669 5436 2696 5486 ὁ
2740 5436 2869 5500 Θεὸς
2919 5437 3036 5488 ἐκεῖ
3096 5436 3174 5488 δι’
3203 5434 3392 5487 αἰτιῶν
3423 5431 3676 5496 ἐνδόξων.

2030 5524 2151 5575 Ὀτι
2180 5525 2285 5592 γάρ
2324 5522 2582 5592 ἐπεθύμει
2606 5523 2694 5574 τὸν
2725 5523 2936 5593 πατέρα
2971 5523 3098 5575 ἰδεῖν
3123 5524 3216 5574 καὶ
3253 5520 3555 5584 ἀπαλλάξαι
3578 5521 3679 5591 τῆς

2027 5610 2235 5679 ὀδύνης,
2267 5610 2422 5679 δῆλον
2450 5611 2512 5662 ἐκ
2542 5610 2634 5662 τοῦ
2663 5610 2882 5664 καλέσαι
2909 5610 3070 5662 αὐτὸν
3093 5611 3225 5662 ἐκεῖ.

2097 5696 2156 5750 δ’.
2188 5695 2447 5748 Βούλεσθε
2477 5697 2569 5748 καὶ
2599 5697 2785 5767 ἐτέρας
2821 5696 3015 5767 ἴδωμεν
3054 5695 3373 5760 ἐπιϐουλὰς,
3422 5695 3503 5748 ὅτι
3537 5693 3682 5766 ὑπὲρ

2088 5791 2108 5815 ⁸
2134 5790 2304 5840 ﬂorel.
2323 5827 2336 5852 ,
2357 5792 2635 5856 καθαρῆναι,
2658 5793 2806 5843 male.
2887 5793 2916 5834 ιι
2935 5791 3131 5852 MOI-eL,
3155 5791 3202 5840 ἐν
3221 5790 3410 5854 ἀθυμίᾳ,
