  <div class='ocr_page' id='page_1' title='image "/cluster/home/n/w/nwhite01/storage/ocr_20150623/60/hvd.32044073501942/348.png"; bbox 0 0 4002 6224; ppageno 0'>
   <div class='ocr_carea' id='block_1_1' title="bbox 262 274 2532 343">
    <p class='ocr_par' dir='ltr' id='par_1_1' title="bbox 262 274 2532 343">
     <span class='ocr_line' id='line_1_1' title="bbox 262 274 2532 343; baseline 0.01 -22"><span class='ocrx_word' id='word_1_1' title='bbox 262 280 348 338; x_wconf 68' lang='lat'><strong>3“</strong></span> <span class='ocrx_word' id='word_1_2' title='bbox 1214 274 1279 330; x_wconf 84' lang='lat' dir='ltr'><strong>IN</strong></span> <span class='ocrx_word' id='word_1_3' title='bbox 1314 275 1492 332; x_wconf 79' lang='lat' dir='ltr'><strong>ACTA</strong></span> <span class='ocrx_word' id='word_1_4' title='bbox 1529 275 2042 336; x_wconf 77' lang='lat' dir='ltr'><strong>APOSTOLORUM.</strong></span> <span class='ocrx_word' id='word_1_5' title='bbox 2081 280 2306 339; x_wconf 78' lang='lat' dir='ltr'><strong>IIOMIL.</strong></span> <span class='ocrx_word' id='word_1_6' title='bbox 2344 283 2532 343; x_wconf 74' lang='lat' dir='ltr'><strong>XLIX.</strong></span> 
     </span>
    </p>
   </div>
   <div class='ocr_carea' id='block_1_2' title="bbox 260 383 1794 458">
    <p class='ocr_par' dir='ltr' id='par_1_2' title="bbox 260 383 1794 458">
     <span class='ocr_line' id='line_1_2' title="bbox 260 383 1794 458; baseline -0.003 -11"><span class='ocrx_word' id='word_1_7' title='bbox 260 401 384 456; x_wconf 90' lang='lat' dir='ltr'><strong>rate,</strong></span> <span class='ocrx_word' id='word_1_8' title='bbox 409 397 463 444; x_wconf 93' lang='lat' dir='ltr'><strong>ut</strong></span> <span class='ocrx_word' id='word_1_9' title='bbox 501 387 826 458; x_wconf 88' lang='lat' dir='ltr'><strong>imponentcs</strong></span> <span class='ocrx_word' id='word_1_10' title='bbox 866 383 1106 450; x_wconf 84' lang='lat' dir='ltr'><strong>Paulum,</strong></span> <span class='ocrx_word' id='word_1_11' title='bbox 1148 387 1360 441; x_wconf 89' lang='lat' dir='ltr'><strong>salvum</strong></span> <span class='ocrx_word' id='word_1_12' title='bbox 1409 387 1702 456; x_wconf 92' lang='lat' dir='ltr'><strong>perducant</strong></span> <span class='ocrx_word' id='word_1_13' title='bbox 1728 388 1794 443; x_wconf 89' lang='lat' dir='ltr'><strong>ad</strong></span> 
     </span>
    </p>
   </div>
   <div class='ocr_carea' id='block_1_3' title="bbox 259 476 1800 549">
    <p class='ocr_par' dir='ltr' id='par_1_3' title="bbox 259 476 1800 549">
     <span class='ocr_line' id='line_1_3' title="bbox 259 476 1800 549; baseline -0.001 -12"><span class='ocrx_word' id='word_1_14' title='bbox 259 482 474 537; x_wconf 83' lang='lat' dir='ltr'><strong>Felicem</strong></span> <span class='ocrx_word' id='word_1_15' title='bbox 515 478 796 549; x_wconf 61' lang='lat' dir='ltr'><strong>praesidem</strong></span> <span class='ocrx_word' id='word_1_16' title='bbox 837 476 967 531; x_wconf 74' lang='lat'><strong>:26.</strong></span> <span class='ocrx_word' id='word_1_17' title='bbox 1019 477 1261 532; x_wconf 90' lang='lat' dir='ltr'><strong>scribens</strong></span> <span class='ocrx_word' id='word_1_18' title='bbox 1305 479 1585 548; x_wconf 80' lang='lat' dir='ltr'><strong>epistolam</strong></span> <span class='ocrx_word' id='word_1_19' title='bbox 1623 481 1800 536; x_wconf 74' lang='lat' dir='ltr'><strong>conti-</strong></span> 
     </span>
    </p>
   </div>
   <div class='ocr_carea' id='block_1_4' title="bbox 258 569 1794 641">
    <p class='ocr_par' dir='ltr' id='par_1_4' title="bbox 258 569 1794 641">
     <span class='ocr_line' id='line_1_4' title="bbox 258 569 1794 641; baseline -0.001 -11"><span class='ocrx_word' id='word_1_20' title='bbox 258 582 456 630; x_wconf 90' lang='lat' dir='ltr'><strong>nentem</strong></span> <span class='ocrx_word' id='word_1_21' title='bbox 493 571 605 626; x_wconf 69' lang='lat' dir='ltr'><strong>haec</strong></span> <span class='ocrx_word' id='word_1_22' title='bbox 633 587 649 630; x_wconf 86' lang='lat'><strong>:</strong></span> <span class='ocrx_word' id='word_1_23' title='bbox 677 569 926 625; x_wconf 89' lang='lat' dir='ltr'><strong>Claudius</strong></span> <span class='ocrx_word' id='word_1_24' title='bbox 950 569 1136 641; x_wconf 82' lang='lat' dir='ltr'><strong>Lysias</strong></span> <span class='ocrx_word' id='word_1_25' title='bbox 1159 570 1361 640; x_wconf 89' lang='lat' dir='ltr'><strong>optimo</strong></span> <span class='ocrx_word' id='word_1_26' title='bbox 1386 572 1598 641; x_wconf 61' lang='lat' dir='ltr'><strong>praesidi</strong></span> <span class='ocrx_word' id='word_1_27' title='bbox 1629 571 1794 629; x_wconf 84' lang='lat' dir='ltr'><strong>Felici</strong></span> 
     </span>
    </p>
   </div>
   <div class='ocr_carea' id='block_1_5' title="bbox 255 660 1792 734">
    <p class='ocr_par' dir='ltr' id='par_1_5' title="bbox 255 660 1792 734">
     <span class='ocr_line' id='line_1_5' title="bbox 255 660 1792 734; baseline 0 -14"><span class='ocrx_word' id='word_1_28' title='bbox 255 665 481 720; x_wconf 76' lang='lat' dir='ltr'><strong>salutem.</strong></span> <span class='ocrx_word' id='word_1_29' title='bbox 509 662 601 716; x_wconf 73' lang='lat'><strong>27.</strong></span> <span class='ocrx_word' id='word_1_30' title='bbox 631 660 810 716; x_wconf 85' lang='lat' dir='ltr'><strong>Virum</strong></span> <span class='ocrx_word' id='word_1_31' title='bbox 856 661 995 717; x_wconf 92' lang='lat' dir='ltr'><strong>hunc</strong></span> <span class='ocrx_word' id='word_1_32' title='bbox 1043 663 1486 732; x_wconf 88' lang='lat' dir='ltr'><strong>comprehensum</strong></span> <span class='ocrx_word' id='word_1_33' title='bbox 1513 679 1544 719; x_wconf 90' lang='lat' dir='ltr'><strong>a</strong></span> <span class='ocrx_word' id='word_1_34' title='bbox 1571 664 1792 734; x_wconf 72' lang='lat' dir='ltr'><strong>Iudaeis,</strong></span> 
     </span>
    </p>
   </div>
   <div class='ocr_carea' id='block_1_6' title="bbox 255 753 1792 827">
    <p class='ocr_par' dir='ltr' id='par_1_6' title="bbox 255 753 1792 827">
     <span class='ocr_line' id='line_1_6' title="bbox 255 753 1792 827; baseline 0.001 -14"><span class='ocrx_word' id='word_1_35' title='bbox 255 768 303 813; x_wconf 89' lang='lat' dir='ltr'><strong>et</strong></span> <span class='ocrx_word' id='word_1_36' title='bbox 341 756 666 825; x_wconf 71' lang='lat' dir='ltr'><strong>incipientem</strong></span> <span class='ocrx_word' id='word_1_37' title='bbox 715 753 940 809; x_wconf 88' lang='lat' dir='ltr'><strong>interfici</strong></span> <span class='ocrx_word' id='word_1_38' title='bbox 992 755 1060 810; x_wconf 90' lang='lat' dir='ltr'><strong>ab</strong></span> <span class='ocrx_word' id='word_1_39' title='bbox 1112 756 1212 821; x_wconf 91' lang='lat' dir='ltr'><strong>eis,</strong></span> <span class='ocrx_word' id='word_1_40' title='bbox 1261 757 1642 827; x_wconf 79' lang='lat' dir='ltr'><strong>superveniens</strong></span> <span class='ocrx_word' id='word_1_41' title='bbox 1671 774 1792 814; x_wconf 91' lang='lat' dir='ltr'><strong>cum</strong></span> 
     </span>
    </p>
   </div>
   <div class='ocr_carea' id='block_1_7' title="bbox 254 847 1791 919">
    <p class='ocr_par' dir='ltr' id='par_1_7' title="bbox 254 847 1791 919">
     <span class='ocr_line' id='line_1_7' title="bbox 254 847 1791 919; baseline 0.001 -14"><span class='ocrx_word' id='word_1_42' title='bbox 254 851 475 905; x_wconf 81' lang='lat' dir='ltr'><strong>exercitu</strong></span> <span class='ocrx_word' id='word_1_43' title='bbox 528 847 726 918; x_wconf 88' lang='lat' dir='ltr'><strong>eripui,</strong></span> <span class='ocrx_word' id='word_1_44' title='bbox 768 849 982 919; x_wconf 88' lang='lat' dir='ltr'><strong>cognito</strong></span> <span class='ocrx_word' id='word_1_45' title='bbox 1001 849 1143 919; x_wconf 91' lang='lat' dir='ltr'><strong>quod</strong></span> <span class='ocrx_word' id='word_1_46' title='bbox 1183 849 1457 906; x_wconf 79' lang='lat' dir='ltr'><strong>Romanus</strong></span> <span class='ocrx_word' id='word_1_47' title='bbox 1483 861 1662 914; x_wconf 86' lang='lat' dir='ltr'><strong>esset;</strong></span> <span class='ocrx_word' id='word_1_48' title='bbox 1700 852 1791 908; x_wconf 74' lang='lat'><strong>28.</strong></span> 
     </span>
    </p>
   </div>
   <div class='ocr_carea' id='block_1_8' title="bbox 255 940 1792 1011">
    <p class='ocr_par' dir='ltr' id='par_1_8' title="bbox 255 940 1792 1011">
     <span class='ocr_line' id='line_1_8' title="bbox 255 940 1792 1011; baseline 0.004 -18"><span class='ocrx_word' id='word_1_49' title='bbox 255 943 517 1010; x_wconf 76' lang='lat' dir='ltr'><strong>volensque</strong></span> <span class='ocrx_word' id='word_1_50' title='bbox 537 940 675 995; x_wconf 88' lang='lat' dir='ltr'><strong>scire</strong></span> <span class='ocrx_word' id='word_1_51' title='bbox 702 955 939 1005; x_wconf 83' lang='lat' dir='ltr'><strong>causam,</strong></span> <span class='ocrx_word' id='word_1_52' title='bbox 963 956 1119 1011; x_wconf 87' lang='lat' dir='ltr'><strong>quam</strong></span> <span class='ocrx_word' id='word_1_53' title='bbox 1140 941 1461 1011; x_wconf 88' lang='lat' dir='ltr'><strong>objiciebant</strong></span> <span class='ocrx_word' id='word_1_54' title='bbox 1481 943 1579 1009; x_wconf 91' lang='lat' dir='ltr'><strong>illi,</strong></span> <span class='ocrx_word' id='word_1_55' title='bbox 1599 943 1792 999; x_wconf 86' lang='lat' dir='ltr'><strong>deduxi</strong></span> 
     </span>
    </p>
   </div>
   <div class='ocr_carea' id='block_1_9' title="bbox 253 1032 1790 1105">
    <p class='ocr_par' dir='ltr' id='par_1_9' title="bbox 253 1032 1790 1105">
     <span class='ocr_line' id='line_1_9' title="bbox 253 1032 1790 1105; baseline 0.001 -17"><span class='ocrx_word' id='word_1_56' title='bbox 253 1051 360 1090; x_wconf 87' lang='lat' dir='ltr'><strong>cum</strong></span> <span class='ocrx_word' id='word_1_57' title='bbox 385 1034 435 1088; x_wconf 95' lang='lat' dir='ltr'><strong>in</strong></span> <span class='ocrx_word' id='word_1_58' title='bbox 461 1032 744 1088; x_wconf 91' lang='lat' dir='ltr'><strong>concilium</strong></span> <span class='ocrx_word' id='word_1_59' title='bbox 774 1048 982 1088; x_wconf 90' lang='lat' dir='ltr'><strong>eorum.</strong></span> <span class='ocrx_word' id='word_1_60' title='bbox 1021 1034 1112 1088; x_wconf 74' lang='lat'><strong>29.</strong></span> <span class='ocrx_word' id='word_1_61' title='bbox 1147 1034 1315 1103; x_wconf 88' lang='lat' dir='ltr'><strong>Quem</strong></span> <span class='ocrx_word' id='word_1_62' title='bbox 1359 1036 1601 1105; x_wconf 88' lang='lat' dir='ltr'><strong>comperi</strong></span> <span class='ocrx_word' id='word_1_63' title='bbox 1631 1051 1790 1090; x_wconf 86' lang='lat' dir='ltr'><strong>accu-</strong></span> 
     </span>
    </p>
   </div>
   <div class='ocr_carea' id='block_1_10' title="bbox 252 1125 1788 1195">
    <p class='ocr_par' dir='ltr' id='par_1_10' title="bbox 252 1125 1788 1195">
     <span class='ocr_line' id='line_1_10' title="bbox 252 1125 1788 1195; baseline 0 -15"><span class='ocrx_word' id='word_1_64' title='bbox 252 1127 345 1180; x_wconf 90' lang='lat' dir='ltr'><strong>sari</strong></span> <span class='ocrx_word' id='word_1_65' title='bbox 382 1126 444 1180; x_wconf 90' lang='lat' dir='ltr'><strong>de</strong></span> <span class='ocrx_word' id='word_1_66' title='bbox 475 1125 854 1195; x_wconf 66' lang='lat' dir='ltr'><strong>quaestionibus</strong></span> <span class='ocrx_word' id='word_1_67' title='bbox 891 1125 1021 1194; x_wconf 87' lang='lat' dir='ltr'><strong>legis</strong></span> <span class='ocrx_word' id='word_1_68' title='bbox 1066 1126 1300 1194; x_wconf 89' lang='lat' dir='ltr'><strong>ipsorum</strong></span> <span class='ocrx_word' id='word_1_69' title='bbox 1325 1167 1341 1192; x_wconf 95' lang='lat'><strong>,</strong></span> <span class='ocrx_word' id='word_1_70' title='bbox 1370 1127 1499 1180; x_wconf 92' lang='lat' dir='ltr'><strong>nihil</strong></span> <span class='ocrx_word' id='word_1_71' title='bbox 1545 1142 1671 1182; x_wconf 90' lang='lat' dir='ltr'><strong>vero</strong></span> <span class='ocrx_word' id='word_1_72' title='bbox 1708 1127 1788 1181; x_wconf 87' lang='lat' dir='ltr'><strong>di-</strong></span> 
     </span>
    </p>
   </div>
   <div class='ocr_carea' id='block_1_11' title="bbox 251 1217 1795 1287">
    <p class='ocr_par' dir='ltr' id='par_1_11' title="bbox 251 1217 1795 1287">
     <span class='ocr_line' id='line_1_11' title="bbox 251 1217 1795 1287; baseline -0.001 -15"><span class='ocrx_word' id='word_1_73' title='bbox 251 1234 394 1287; x_wconf 89' lang='lat' dir='ltr'><strong>gnum</strong></span> <span class='ocrx_word' id='word_1_74' title='bbox 422 1226 595 1271; x_wconf 92' lang='lat' dir='ltr'><strong>morte</strong></span> <span class='ocrx_word' id='word_1_75' title='bbox 622 1225 715 1270; x_wconf 90' lang='lat' dir='ltr'><strong>aut</strong></span> <span class='ocrx_word' id='word_1_76' title='bbox 740 1217 966 1270; x_wconf 83' lang='lat' dir='ltr'><strong>vinculis</strong></span> <span class='ocrx_word' id='word_1_77' title='bbox 998 1217 1278 1272; x_wconf 80' lang='lat' dir='ltr'><strong>habentem</strong></span> <span class='ocrx_word' id='word_1_78' title='bbox 1309 1218 1572 1273; x_wconf 87' lang='lat' dir='ltr'><strong>criminis.</strong></span> <span class='ocrx_word' id='word_1_79' title='bbox 1608 1219 1696 1274; x_wconf 78' lang='lat'><strong>50.</strong></span> <span class='ocrx_word' id='word_1_80' title='bbox 1728 1219 1795 1272; x_wconf 87' lang='lat' dir='ltr'><strong>Et</strong></span> 
     </span>
    </p>
   </div>
   <div class='ocr_carea' id='block_1_12' title="bbox 251 1309 1786 1381">
    <p class='ocr_par' dir='ltr' id='par_1_12' title="bbox 251 1309 1786 1381">
     <span class='ocr_line' id='line_1_12' title="bbox 251 1309 1786 1381; baseline 0.003 -19"><span class='ocrx_word' id='word_1_81' title='bbox 251 1325 354 1362; x_wconf 86' lang='lat' dir='ltr'><strong>cum</strong></span> <span class='ocrx_word' id='word_1_82' title='bbox 380 1309 500 1362; x_wconf 84' lang='lat' dir='ltr'><strong>mihi</strong></span> <span class='ocrx_word' id='word_1_83' title='bbox 551 1309 816 1378; x_wconf 87' lang='lat' dir='ltr'><strong>perlatum</strong></span> <span class='ocrx_word' id='word_1_84' title='bbox 863 1318 1008 1364; x_wconf 87' lang='lat' dir='ltr'><strong>esset</strong></span> <span class='ocrx_word' id='word_1_85' title='bbox 1035 1309 1103 1364; x_wconf 90' lang='lat' dir='ltr'><strong>de</strong></span> <span class='ocrx_word' id='word_1_86' title='bbox 1135 1310 1342 1364; x_wconf 83' lang='lat' dir='ltr'><strong>insidiis</strong></span> <span class='ocrx_word' id='word_1_87' title='bbox 1362 1351 1377 1376; x_wconf 93' lang='lat'><strong>,</strong></span> <span class='ocrx_word' id='word_1_88' title='bbox 1410 1326 1542 1380; x_wconf 89' lang='lat' dir='ltr'><strong>quas</strong></span> <span class='ocrx_word' id='word_1_89' title='bbox 1566 1327 1786 1381; x_wconf 79' lang='lat' dir='ltr'><strong>parave-</strong></span> 
     </span>
    </p>
   </div>
   <div class='ocr_carea' id='block_1_13' title="bbox 251 1399 1792 1469">
    <p class='ocr_par' dir='ltr' id='par_1_13' title="bbox 251 1399 1792 1469">
     <span class='ocr_line' id='line_1_13' title="bbox 251 1399 1792 1469; baseline 0.003 -18"><span class='ocrx_word' id='word_1_90' title='bbox 251 1409 354 1454; x_wconf 87' lang='lat' dir='ltr'><strong>rant</strong></span> <span class='ocrx_word' id='word_1_91' title='bbox 377 1399 445 1453; x_wconf 89' lang='lat' dir='ltr'><strong>illi</strong></span> <span class='ocrx_word' id='word_1_92' title='bbox 472 1399 663 1465; x_wconf 64' lang='lat' dir='ltr'><strong>Judwi,</strong></span> <span class='ocrx_word' id='word_1_93' title='bbox 711 1399 829 1453; x_wconf 89' lang='lat' dir='ltr'><strong>misi</strong></span> <span class='ocrx_word' id='word_1_94' title='bbox 858 1415 980 1454; x_wconf 90' lang='lat' dir='ltr'><strong>eum</strong></span> <span class='ocrx_word' id='word_1_95' title='bbox 1001 1399 1068 1453; x_wconf 88' lang='lat' dir='ltr'><strong>ad</strong></span> <span class='ocrx_word' id='word_1_96' title='bbox 1096 1409 1169 1463; x_wconf 90' lang='lat' dir='ltr'><strong>te,</strong></span> <span class='ocrx_word' id='word_1_97' title='bbox 1210 1400 1522 1469; x_wconf 61' lang='lat' dir='ltr'><strong>praecipiens</strong></span> <span class='ocrx_word' id='word_1_98' title='bbox 1569 1417 1792 1456; x_wconf 88' lang='lat' dir='ltr'><strong>accusa-</strong></span> 
     </span>
    </p>
   </div>
   <div class='ocr_carea' id='block_1_14' title="bbox 249 1489 1789 1561">
    <p class='ocr_par' dir='ltr' id='par_1_14' title="bbox 249 1489 1789 1561">
     <span class='ocr_line' id='line_1_14' title="bbox 249 1489 1789 1561; baseline 0.001 -17"><span class='ocrx_word' id='word_1_99' title='bbox 249 1492 449 1553; x_wconf 87' lang='lat' dir='ltr'><strong>toribus,</strong></span> <span class='ocrx_word' id='word_1_100' title='bbox 476 1501 531 1544; x_wconf 93' lang='lat' dir='ltr'><strong>ut</strong></span> <span class='ocrx_word' id='word_1_101' title='bbox 549 1506 670 1560; x_wconf 60' lang='lat' dir='ltr'><strong>qua;</strong></span> <span class='ocrx_word' id='word_1_102' title='bbox 695 1503 878 1544; x_wconf 89' lang='lat' dir='ltr'><strong>contra</strong></span> <span class='ocrx_word' id='word_1_103' title='bbox 911 1491 1057 1544; x_wconf 93' lang='lat' dir='ltr'><strong>illum</strong></span> <span class='ocrx_word' id='word_1_104' title='bbox 1085 1489 1300 1554; x_wconf 87' lang='lat' dir='ltr'><strong>habent,</strong></span> <span class='ocrx_word' id='word_1_105' title='bbox 1325 1491 1504 1545; x_wconf 85' lang='lat' dir='ltr'><strong>dicant</strong></span> <span class='ocrx_word' id='word_1_106' title='bbox 1531 1491 1668 1561; x_wconf 90' lang='lat' dir='ltr'><strong>apud</strong></span> <span class='ocrx_word' id='word_1_107' title='bbox 1699 1501 1749 1546; x_wconf 91' lang='lat' dir='ltr'><strong>te</strong></span> <span class='ocrx_word' id='word_1_108' title='bbox 1775 1508 1789 1546; x_wconf 91' lang='lat'><strong>:</strong></span> 
     </span>
    </p>
   </div>
   <div class='ocr_carea' id='block_1_15' title="bbox 254 1582 1794 1656">
    <p class='ocr_par' dir='ltr' id='par_1_15' title="bbox 254 1582 1794 1656">
     <span class='ocr_line' id='line_1_15' title="bbox 254 1582 1794 1656; baseline 0.003 -22"><span class='ocrx_word' id='word_1_109' title='bbox 254 1583 383 1639; x_wconf 85' lang='lat' dir='ltr'><strong>Vale.</strong></span> <span class='ocrx_word' id='word_1_110' title='bbox 417 1601 434 1635; x_wconf 78' lang='grc' dir='ltr'><strong>ι</strong></span> <span class='ocrx_word' id='word_1_111' title='bbox 469 1583 596 1637; x_wconf 88' lang='lat' dir='ltr'><strong>Vide</strong></span> <span class='ocrx_word' id='word_1_112' title='bbox 641 1582 918 1652; x_wconf 77' lang='lat' dir='ltr'><strong>epistolam</strong></span> <span class='ocrx_word' id='word_1_113' title='bbox 967 1599 1068 1651; x_wconf 89' lang='lat' dir='ltr'><strong>qua</strong></span> <span class='ocrx_word' id='word_1_114' title='bbox 1119 1585 1231 1648; x_wconf 88' lang='lat' dir='ltr'><strong>ipse</strong></span> <span class='ocrx_word' id='word_1_115' title='bbox 1266 1584 1588 1639; x_wconf 79' lang='lat' dir='ltr'><strong>defenditur.</strong></span> <span class='ocrx_word' id='word_1_116' title='bbox 1620 1584 1794 1656; x_wconf 82' lang='lat' dir='ltr'><strong>(Nihil</strong></span> 
     </span>
    </p>
   </div>
   <div class='ocr_carea' id='block_1_16' title="bbox 247 1674 1790 1746">
    <p class='ocr_par' dir='ltr' id='par_1_16' title="bbox 247 1674 1790 1746">
     <span class='ocr_line' id='line_1_16' title="bbox 247 1674 1790 1746; baseline 0.002 -17"><span class='ocrx_word' id='word_1_117' title='bbox 247 1677 390 1737; x_wconf 85' lang='lat' dir='ltr'><strong>enim,</strong></span> <span class='ocrx_word' id='word_1_118' title='bbox 429 1675 613 1744; x_wconf 81' lang='lat' dir='ltr'><strong>inquit,</strong></span> <span class='ocrx_word' id='word_1_119' title='bbox 648 1674 815 1727; x_wconf 84' lang='lat' dir='ltr'><strong>inveni</strong></span> <span class='ocrx_word' id='word_1_120' title='bbox 860 1674 1067 1744; x_wconf 78' lang='lat' dir='ltr'><strong>dignum</strong></span> <span class='ocrx_word' id='word_1_121' title='bbox 1106 1684 1263 1728; x_wconf 90' lang='lat' dir='ltr'><strong>morte</strong></span> <span class='ocrx_word' id='word_1_122' title='bbox 1307 1674 1648 1746; x_wconf 82' lang='lat' dir='ltr'><strong>habentem);</strong></span> <span class='ocrx_word' id='word_1_123' title='bbox 1697 1691 1790 1732; x_wconf 84' lang='lat' dir='ltr'><strong>ac-</strong></span> 
     </span>
    </p>
   </div>
   <div class='ocr_carea' id='block_1_17' title="bbox 246 1765 1788 1834">
    <p class='ocr_par' dir='ltr' id='par_1_17' title="bbox 246 1765 1788 1834">
     <span class='ocr_line' id='line_1_17' title="bbox 246 1765 1788 1834; baseline 0.001 -15"><span class='ocrx_word' id='word_1_124' title='bbox 246 1767 544 1820; x_wconf 90' lang='lat' dir='ltr'><strong>cusationem</strong></span> <span class='ocrx_word' id='word_1_125' title='bbox 587 1773 770 1818; x_wconf 90' lang='lat' dir='ltr'><strong>autem</strong></span> <span class='ocrx_word' id='word_1_126' title='bbox 816 1766 989 1834; x_wconf 89' lang='lat' dir='ltr'><strong>potius</strong></span> <span class='ocrx_word' id='word_1_127' title='bbox 1033 1774 1216 1819; x_wconf 89' lang='lat' dir='ltr'><strong>contra</strong></span> <span class='ocrx_word' id='word_1_128' title='bbox 1242 1765 1382 1832; x_wconf 91' lang='lat' dir='ltr'><strong>illos,</strong></span> <span class='ocrx_word' id='word_1_129' title='bbox 1413 1781 1570 1834; x_wconf 89' lang='lat' dir='ltr'><strong>quam</strong></span> <span class='ocrx_word' id='word_1_130' title='bbox 1601 1775 1788 1821; x_wconf 89' lang='lat' dir='ltr'><strong>contra</strong></span> 
     </span>
    </p>
   </div>
   <div class='ocr_carea' id='block_1_18' title="bbox 247 1855 1788 1927">
    <p class='ocr_par' dir='ltr' id='par_1_18' title="bbox 247 1855 1788 1927">
     <span class='ocr_line' id='line_1_18' title="bbox 247 1855 1788 1927; baseline 0.001 -19"><span class='ocrx_word' id='word_1_131' title='bbox 247 1857 386 1918; x_wconf 81' lang='lat' dir='ltr'><strong>hunc,</strong></span> <span class='ocrx_word' id='word_1_132' title='bbox 430 1855 516 1910; x_wconf 90' lang='lat' dir='ltr'><strong>Sic</strong></span> <span class='ocrx_word' id='word_1_133' title='bbox 537 1855 692 1909; x_wconf 92' lang='lat' dir='ltr'><strong>illum</strong></span> <span class='ocrx_word' id='word_1_134' title='bbox 720 1855 1030 1909; x_wconf 90' lang='lat' dir='ltr'><strong>occidebant</strong></span> <span class='ocrx_word' id='word_1_135' title='bbox 1049 1896 1066 1923; x_wconf 94' lang='lat'><strong>,</strong></span> <span class='ocrx_word' id='word_1_136' title='bbox 1089 1855 1182 1909; x_wconf 91' lang='lat' dir='ltr'><strong>sed</strong></span> <span class='ocrx_word' id='word_1_137' title='bbox 1223 1856 1426 1925; x_wconf 91' lang='lat' dir='ltr'><strong>primo,</strong></span> <span class='ocrx_word' id='word_1_138' title='bbox 1453 1856 1656 1927; x_wconf 92' lang='lat' dir='ltr'><strong>inquit,</strong></span> <span class='ocrx_word' id='word_1_139' title='bbox 1679 1857 1788 1911; x_wconf 88' lang='lat' dir='ltr'><strong>eri--</strong></span> 
     </span>
    </p>
   </div>
   <div class='ocr_carea' id='block_1_19' title="bbox 246 1946 1786 2017">
    <p class='ocr_par' dir='ltr' id='par_1_19' title="bbox 246 1946 1786 2017">
     <span class='ocr_line' id='line_1_19' title="bbox 246 1946 1786 2017; baseline 0.001 -16"><span class='ocrx_word' id='word_1_140' title='bbox 246 1948 320 2017; x_wconf 87' lang='lat' dir='ltr'><strong>pui</strong></span> <span class='ocrx_word' id='word_1_141' title='bbox 347 1948 481 2002; x_wconf 91' lang='lat' dir='ltr'><strong>illum</strong></span> <span class='ocrx_word' id='word_1_142' title='bbox 518 1963 643 2001; x_wconf 87' lang='lat' dir='ltr'><strong>mox</strong></span> <span class='ocrx_word' id='word_1_143' title='bbox 675 1946 1094 2002; x_wconf 71' lang='lat' dir='ltr'><strong>interficiendum</strong></span> <span class='ocrx_word' id='word_1_144' title='bbox 1129 1963 1158 2001; x_wconf 92' lang='lat' dir='ltr'><strong>a</strong></span> <span class='ocrx_word' id='word_1_145' title='bbox 1192 1947 1406 2002; x_wconf 65' lang='lat' dir='ltr'><strong>Iudaeis.</strong></span> <span class='ocrx_word' id='word_1_146' title='bbox 1439 1948 1639 2004; x_wconf 89' lang='lat' dir='ltr'><strong>Deinde</strong></span> <span class='ocrx_word' id='word_1_147' title='bbox 1689 1949 1786 2003; x_wconf 83' lang='lat' dir='ltr'><strong>ad-</strong></span> 
     </span>
    </p>
   </div>
   <div class='ocr_carea' id='block_1_20' title="bbox 246 2036 1788 2110">
    <p class='ocr_par' dir='ltr' id='par_1_20' title="bbox 246 2036 1788 2110">
     <span class='ocr_line' id='line_1_20' title="bbox 246 2036 1788 2110; baseline 0.002 -20"><span class='ocrx_word' id='word_1_148' title='bbox 246 2037 349 2092; x_wconf 87' lang='lat' dir='ltr'><strong>dit:</strong></span> <span class='ocrx_word' id='word_1_149' title='bbox 377 2037 569 2091; x_wconf 70' lang='lat' dir='ltr'><strong>Deduxi</strong></span> <span class='ocrx_word' id='word_1_150' title='bbox 597 2053 715 2091; x_wconf 87' lang='lat' dir='ltr'><strong>eum</strong></span> <span class='ocrx_word' id='word_1_151' title='bbox 743 2037 810 2089; x_wconf 86' lang='lat' dir='ltr'><strong>ad</strong></span> <span class='ocrx_word' id='word_1_152' title='bbox 859 2036 1005 2102; x_wconf 85' lang='lat' dir='ltr'><strong>illos;</strong></span> <span class='ocrx_word' id='word_1_153' title='bbox 1037 2045 1093 2092; x_wconf 92' lang='lat' dir='ltr'><strong>et</strong></span> <span class='ocrx_word' id='word_1_154' title='bbox 1133 2052 1305 2107; x_wconf 88' lang='lat' dir='ltr'><strong>neque</strong></span> <span class='ocrx_word' id='word_1_155' title='bbox 1350 2038 1428 2093; x_wconf 62' lang='lat' dir='ltr'><strong>sic</strong></span> <span class='ocrx_word' id='word_1_156' title='bbox 1471 2039 1545 2093; x_wconf 90' lang='lat' dir='ltr'><strong>illi</strong></span> <span class='ocrx_word' id='word_1_157' title='bbox 1589 2039 1788 2110; x_wconf 89' lang='lat' dir='ltr'><strong>aliquid</strong></span> 
     </span>
    </p>
   </div>
   <div class='ocr_carea' id='block_1_21' title="bbox 243 2131 1788 2201">
    <p class='ocr_par' dir='ltr' id='par_1_21' title="bbox 243 2131 1788 2201">
     <span class='ocr_line' id='line_1_21' title="bbox 243 2131 1788 2201; baseline 0.003 -17"><span class='ocrx_word' id='word_1_158' title='bbox 243 2131 568 2185; x_wconf 89' lang='lat' dir='ltr'><strong>accusandum</strong></span> <span class='ocrx_word' id='word_1_159' title='bbox 620 2131 976 2186; x_wconf 82' lang='lat' dir='ltr'><strong>habuerezet</strong></span> <span class='ocrx_word' id='word_1_160' title='bbox 1023 2146 1142 2185; x_wconf 92' lang='lat' dir='ltr'><strong>cum</strong></span> <span class='ocrx_word' id='word_1_161' title='bbox 1184 2132 1507 2201; x_wconf 88' lang='lat' dir='ltr'><strong>oportuisset</strong></span> <span class='ocrx_word' id='word_1_162' title='bbox 1559 2132 1680 2187; x_wconf 90' lang='lat' dir='ltr'><strong>illos</strong></span> <span class='ocrx_word' id='word_1_163' title='bbox 1721 2148 1788 2188; x_wconf 86' lang='lat' dir='ltr'><strong>ex</strong></span> 
     </span>
    </p>
   </div>
   <div class='ocr_carea' id='block_1_22' title="bbox 244 2222 1786 2290">
    <p class='ocr_par' dir='ltr' id='par_1_22' title="bbox 244 2222 1786 2290">
     <span class='ocr_line' id='line_1_22' title="bbox 244 2222 1786 2290; baseline 0.001 -15"><span class='ocrx_word' id='word_1_164' title='bbox 244 2222 387 2290; x_wconf 82' lang='lat' dir='ltr'><strong>priori</strong></span> <span class='ocrx_word' id='word_1_165' title='bbox 414 2231 600 2276; x_wconf 91' lang='lat' dir='ltr'><strong>conatu</strong></span> <span class='ocrx_word' id='word_1_166' title='bbox 659 2222 919 2276; x_wconf 88' lang='lat' dir='ltr'><strong>deterreri</strong></span> <span class='ocrx_word' id='word_1_167' title='bbox 951 2231 1004 2276; x_wconf 91' lang='lat' dir='ltr'><strong>et</strong></span> <span class='ocrx_word' id='word_1_168' title='bbox 1033 2222 1372 2286; x_wconf 89' lang='lat' dir='ltr'><strong>erubescere,</strong></span> <span class='ocrx_word' id='word_1_169' title='bbox 1418 2238 1602 2277; x_wconf 90' lang='lat' dir='ltr'><strong>rursus</strong></span> <span class='ocrx_word' id='word_1_170' title='bbox 1639 2224 1786 2277; x_wconf 89' lang='lat' dir='ltr'><strong>occi-</strong></span> 
     </span>
    </p>
   </div>
   <div class='ocr_carea' id='block_1_23' title="bbox 241 2312 1786 2378">
    <p class='ocr_par' dir='ltr' id='par_1_23' title="bbox 241 2312 1786 2378">
     <span class='ocr_line' id='line_1_23' title="bbox 241 2312 1786 2378; baseline 0.003 -13"><span class='ocrx_word' id='word_1_171' title='bbox 241 2312 352 2366; x_wconf 78' lang='lat' dir='ltr'><strong>dere</strong></span> <span class='ocrx_word' id='word_1_172' title='bbox 378 2321 611 2378; x_wconf 83' lang='lat' dir='ltr'><strong>tentant,</strong></span> <span class='ocrx_word' id='word_1_173' title='bbox 658 2323 716 2366; x_wconf 91' lang='lat' dir='ltr'><strong>ut</strong></span> <span class='ocrx_word' id='word_1_174' title='bbox 756 2313 950 2368; x_wconf 92' lang='lat' dir='ltr'><strong>clarior</strong></span> <span class='ocrx_word' id='word_1_175' title='bbox 992 2327 1153 2368; x_wconf 89' lang='lat' dir='ltr'><strong>causa</strong></span> <span class='ocrx_word' id='word_1_176' title='bbox 1197 2313 1338 2368; x_wconf 91' lang='lat' dir='ltr'><strong>illius</strong></span> <span class='ocrx_word' id='word_1_177' title='bbox 1363 2315 1573 2369; x_wconf 83' lang='lat' dir='ltr'><strong>evadat.</strong></span> <span class='ocrx_word' id='word_1_178' title='bbox 1603 2315 1668 2368; x_wconf 80' lang='lat' dir='ltr'><strong>Et</strong></span> <span class='ocrx_word' id='word_1_179' title='bbox 1691 2329 1786 2369; x_wconf 91' lang='lat' dir='ltr'><strong>cur</strong></span> 
     </span>
    </p>
   </div>
   <div class='ocr_carea' id='block_1_24' title="bbox 241 2405 1786 2470">
    <p class='ocr_par' dir='ltr' id='par_1_24' title="bbox 241 2405 1786 2470">
     <span class='ocr_line' id='line_1_24' title="bbox 241 2405 1786 2470; baseline 0 -12"><span class='ocrx_word' id='word_1_180' title='bbox 241 2415 546 2460; x_wconf 77' lang='lat' dir='ltr'><strong>accusatores</strong></span> <span class='ocrx_word' id='word_1_181' title='bbox 574 2405 787 2460; x_wconf 81' lang='lat' dir='ltr'><strong>mittit?</strong></span> <span class='ocrx_word' id='word_1_182' title='bbox 817 2405 885 2461; x_wconf 90' lang='lat' dir='ltr'><strong>Ut</strong></span> <span class='ocrx_word' id='word_1_183' title='bbox 921 2406 971 2459; x_wconf 92' lang='lat' dir='ltr'><strong>in</strong></span> <span class='ocrx_word' id='word_1_184' title='bbox 1003 2405 1274 2470; x_wconf 87' lang='lat' dir='ltr'><strong>tribunali,</strong></span> <span class='ocrx_word' id='word_1_185' title='bbox 1307 2405 1392 2460; x_wconf 89' lang='lat' dir='ltr'><strong>ubi</strong></span> <span class='ocrx_word' id='word_1_186' title='bbox 1419 2405 1534 2460; x_wconf 59' lang='lat' dir='ltr'><strong>haec</strong></span> <span class='ocrx_word' id='word_1_187' title='bbox 1571 2421 1786 2461; x_wconf 84' lang='lat' dir='ltr'><strong>accura-</strong></span> 
     </span>
    </p>
   </div>
   <div class='ocr_carea' id='block_1_25' title="bbox 242 2496 1782 2568">
    <p class='ocr_par' dir='ltr' id='par_1_25' title="bbox 242 2496 1782 2568">
     <span class='ocr_line' id='line_1_25' title="bbox 242 2496 1782 2568; baseline 0.003 -20"><span class='ocrx_word' id='word_1_188' title='bbox 242 2496 329 2550; x_wconf 86' lang='lat' dir='ltr'><strong>tius</strong></span> <span class='ocrx_word' id='word_1_189' title='bbox 346 2499 805 2562; x_wconf 84' lang='lat' dir='ltr'><strong>examinabantur,</strong></span> <span class='ocrx_word' id='word_1_190' title='bbox 855 2498 1036 2552; x_wconf 91' lang='lat' dir='ltr'><strong>insons</strong></span> <span class='ocrx_word' id='word_1_191' title='bbox 1062 2497 1445 2552; x_wconf 87' lang='lat' dir='ltr'><strong>declararetur.</strong></span> <span class='ocrx_word' id='word_1_192' title='bbox 1479 2497 1583 2553; x_wconf 88' lang='lat' dir='ltr'><strong>Sed</strong></span> <span class='ocrx_word' id='word_1_193' title='bbox 1611 2513 1782 2568; x_wconf 90' lang='lat' dir='ltr'><strong>supe—</strong></span> 
     </span>
    </p>
   </div>
   <div class='ocr_carea' id='block_1_26' title="bbox 240 2589 1773 2661">
    <p class='ocr_par' dir='ltr' id='par_1_26' title="bbox 240 2589 1773 2661">
     <span class='ocr_line' id='line_1_26' title="bbox 240 2589 1773 2661; baseline 0.002 -20"><span class='ocrx_word' id='word_1_194' title='bbox 240 2590 333 2644; x_wconf 90' lang='lat' dir='ltr'><strong>rius</strong></span> <span class='ocrx_word' id='word_1_195' title='bbox 359 2591 491 2645; x_wconf 89' lang='lat' dir='ltr'><strong>dicta</strong></span> <span class='ocrx_word' id='word_1_196' title='bbox 519 2601 844 2660; x_wconf 86' lang='lat' dir='ltr'><strong>repetamus.</strong></span> <span class='ocrx_word' id='word_1_197' title='bbox 887 2590 1018 2661; x_wconf 85' lang='lat' dir='ltr'><strong>Ego,</strong></span> <span class='ocrx_word' id='word_1_198' title='bbox 1063 2590 1253 2660; x_wconf 89' lang='lat' dir='ltr'><strong>inquit,</strong></span> <span class='ocrx_word' id='word_1_199' title='bbox 1305 2589 1597 2645; x_wconf 78' lang='lat' dir='ltr'><strong>Pharisteus</strong></span> <span class='ocrx_word' id='word_1_200' title='bbox 1642 2607 1773 2644; x_wconf 88' lang='lat' dir='ltr'><strong>sum.</strong></span> 
     </span>
    </p>
   </div>
   <div class='ocr_carea' id='block_1_27' title="bbox 243 2683 1780 2751">
    <p class='ocr_par' dir='ltr' id='par_1_27' title="bbox 243 2683 1780 2751">
     <span class='ocr_line' id='line_1_27' title="bbox 243 2683 1780 2751; baseline 0.003 -18"><span class='ocrx_word' id='word_1_201' title='bbox 243 2683 335 2737; x_wconf 92' lang='lat' dir='ltr'><strong>Iloc</strong></span> <span class='ocrx_word' id='word_1_202' title='bbox 370 2684 519 2746; x_wconf 79' lang='lat' dir='ltr'><strong>dixit,</strong></span> <span class='ocrx_word' id='word_1_203' title='bbox 544 2697 597 2739; x_wconf 89' lang='lat' dir='ltr'><strong>ut</strong></span> <span class='ocrx_word' id='word_1_204' title='bbox 629 2685 749 2738; x_wconf 91' lang='lat' dir='ltr'><strong>illos</strong></span> <span class='ocrx_word' id='word_1_205' title='bbox 796 2683 1104 2740; x_wconf 88' lang='lat' dir='ltr'><strong>attraheret.</strong></span> <span class='ocrx_word' id='word_1_206' title='bbox 1135 2684 1336 2740; x_wconf 87' lang='lat' dir='ltr'><strong>Deinde</strong></span> <span class='ocrx_word' id='word_1_207' title='bbox 1356 2726 1370 2751; x_wconf 98' lang='lat'><strong>,</strong></span> <span class='ocrx_word' id='word_1_208' title='bbox 1416 2701 1482 2740; x_wconf 91' lang='lat' dir='ltr'><strong>ne</strong></span> <span class='ocrx_word' id='word_1_209' title='bbox 1512 2686 1780 2740; x_wconf 84' lang='lat' dir='ltr'><strong>videretur</strong></span> 
     </span>
    </p>
   </div>
   <div class='ocr_carea' id='block_1_28' title="bbox 239 2777 1787 2845">
    <p class='ocr_par' dir='ltr' id='par_1_28' title="bbox 239 2777 1787 2845">
     <span class='ocr_line' id='line_1_28' title="bbox 239 2777 1787 2845; baseline 0.001 -17"><span class='ocrx_word' id='word_1_210' title='bbox 239 2777 458 2842; x_wconf 82' lang='lat' dir='ltr'><strong>adulari,</strong></span> <span class='ocrx_word' id='word_1_211' title='bbox 499 2777 679 2832; x_wconf 87' lang='lat' dir='ltr'><strong>subdit</strong></span> <span class='ocrx_word' id='word_1_212' title='bbox 710 2794 723 2830; x_wconf 94' lang='lat'><strong>:</strong></span> <span class='ocrx_word' id='word_1_213' title='bbox 749 2777 825 2830; x_wconf 88' lang='lat' dir='ltr'><strong>De</strong></span> <span class='ocrx_word' id='word_1_214' title='bbox 869 2793 959 2845; x_wconf 87' lang='lat' dir='ltr'><strong>spe</strong></span> <span class='ocrx_word' id='word_1_215' title='bbox 1009 2787 1055 2831; x_wconf 86' lang='lat' dir='ltr'><strong>et</strong></span> <span class='ocrx_word' id='word_1_216' title='bbox 1075 2777 1434 2831; x_wconf 87' lang='lat' dir='ltr'><strong>resurrectione</strong></span> <span class='ocrx_word' id='word_1_217' title='bbox 1475 2786 1787 2831; x_wconf 79' lang='lat' dir='ltr'><strong>mortuorum</strong></span> 
     </span>
    </p>
   </div>
   <div class='ocr_carea' id='block_1_29' title="bbox 240 2867 1785 2937">
    <p class='ocr_par' dir='ltr' id='par_1_29' title="bbox 240 2867 1785 2937">
     <span class='ocr_line' id='line_1_29' title="bbox 240 2867 1785 2937; baseline 0.003 -19"><span class='ocrx_word' id='word_1_218' title='bbox 240 2883 316 2937; x_wconf 81' lang='lat' dir='ltr'><strong>ego</strong></span> <span class='ocrx_word' id='word_1_219' title='bbox 341 2870 549 2933; x_wconf 77' lang='lat' dir='ltr'><strong>iudicor.</strong></span> <span class='ocrx_word' id='word_1_220' title='bbox 580 2868 669 2922; x_wconf 82' lang='lat' dir='ltr'><strong>Ab</strong></span> <span class='ocrx_word' id='word_1_221' title='bbox 691 2869 1027 2922; x_wconf 85' lang='lat' dir='ltr'><strong>accusatione</strong></span> <span class='ocrx_word' id='word_1_222' title='bbox 1069 2877 1124 2922; x_wconf 90' lang='lat' dir='ltr'><strong>et</strong></span> <span class='ocrx_word' id='word_1_223' title='bbox 1150 2867 1414 2922; x_wconf 88' lang='lat' dir='ltr'><strong>calumnia</strong></span> <span class='ocrx_word' id='word_1_224' title='bbox 1455 2883 1641 2922; x_wconf 90' lang='lat' dir='ltr'><strong>eorum</strong></span> <span class='ocrx_word' id='word_1_225' title='bbox 1665 2882 1785 2922; x_wconf 89' lang='lat' dir='ltr'><strong>sese</strong></span> 
     </span>
    </p>
   </div>
   <div class='ocr_carea' id='block_1_30' title="bbox 236 2961 1773 3030">
    <p class='ocr_par' dir='ltr' id='par_1_30' title="bbox 236 2961 1773 3030">
     <span class='ocr_line' id='line_1_30' title="bbox 236 2961 1773 3030; baseline -0.002 -15"><span class='ocrx_word' id='word_1_226' title='bbox 236 2963 576 3027; x_wconf 87' lang='lat' dir='ltr'><strong>commendat;</strong></span> <span class='ocrx_word' id='word_1_227' title='bbox 611 2961 891 3017; x_wconf 69' lang='lat' dir='ltr'><strong>Sadducaei</strong></span> <span class='ocrx_word' id='word_1_228' title='bbox 941 2975 1166 3030; x_wconf 87' lang='lat' dir='ltr'><strong>namque</strong></span> <span class='ocrx_word' id='word_1_229' title='bbox 1191 2961 1372 3015; x_wconf 88' lang='lat' dir='ltr'><strong>dicunt</strong></span> <span class='ocrx_word' id='word_1_230' title='bbox 1400 2975 1506 3014; x_wconf 93' lang='lat' dir='ltr'><strong>non</strong></span> <span class='ocrx_word' id='word_1_231' title='bbox 1529 2975 1649 3015; x_wconf 85' lang='lat' dir='ltr'><strong>esse</strong></span> <span class='ocrx_word' id='word_1_232' title='bbox 1675 2976 1773 3013; x_wconf 88' lang='lat' dir='ltr'><strong>au-</strong></span> 
     </span>
    </p>
   </div>
   <div class='ocr_carea' id='block_1_31' title="bbox 237 3051 1786 3124">
    <p class='ocr_par' dir='ltr' id='par_1_31' title="bbox 237 3051 1786 3124">
     <span class='ocr_line' id='line_1_31' title="bbox 237 3051 1786 3124; baseline -0.002 -16"><span class='ocrx_word' id='word_1_233' title='bbox 237 3055 637 3122; x_wconf 80' lang='lat' dir='ltr'><strong>gelum,neque</strong></span> <span class='ocrx_word' id='word_1_234' title='bbox 680 3055 944 3124; x_wconf 87' lang='lat' dir='ltr'><strong>spiritum.</strong></span> <span class='ocrx_word' id='word_1_235' title='bbox 997 3051 1138 3107; x_wconf 89' lang='lat' dir='ltr'><strong>Nihil</strong></span> <span class='ocrx_word' id='word_1_236' title='bbox 1203 3053 1571 3122; x_wconf 85' lang='lat' dir='ltr'><strong>incorporeum</strong></span> <span class='ocrx_word' id='word_1_237' title='bbox 1624 3068 1786 3122; x_wconf 90' lang='lat' dir='ltr'><strong>agno-</strong></span> 
     </span>
    </p>
   </div>
   <div class='ocr_carea' id='block_1_32' title="bbox 236 3143 1779 3215">
    <p class='ocr_par' dir='ltr' id='par_1_32' title="bbox 236 3143 1779 3215">
     <span class='ocr_line' id='line_1_32' title="bbox 236 3143 1779 3215; baseline -0.001 -16"><span class='ocrx_word' id='word_1_238' title='bbox 236 3157 372 3200; x_wconf 88' lang='lat' dir='ltr'><strong>scunt</strong></span> <span class='ocrx_word' id='word_1_239' title='bbox 421 3146 720 3211; x_wconf 68' lang='lat' dir='ltr'><strong>Sadducmi,</strong></span> <span class='ocrx_word' id='word_1_240' title='bbox 751 3143 889 3200; x_wconf 91' lang='lat' dir='ltr'><strong>forte</strong></span> <span class='ocrx_word' id='word_1_241' title='bbox 942 3160 1114 3215; x_wconf 89' lang='lat' dir='ltr'><strong>neque</strong></span> <span class='ocrx_word' id='word_1_242' title='bbox 1170 3145 1370 3209; x_wconf 91' lang='lat' dir='ltr'><strong>Deum;</strong></span> <span class='ocrx_word' id='word_1_243' title='bbox 1416 3144 1552 3198; x_wconf 90' lang='lat' dir='ltr'><strong>adeo</strong></span> <span class='ocrx_word' id='word_1_244' title='bbox 1606 3145 1779 3199; x_wconf 91' lang='lat' dir='ltr'><strong>crassi</strong></span> 
     </span>
    </p>
   </div>
   <div class='ocr_carea' id='block_1_33' title="bbox 238 3236 1782 3309">
    <p class='ocr_par' dir='ltr' id='par_1_33' title="bbox 238 3236 1782 3309">
     <span class='ocr_line' id='line_1_33' title="bbox 238 3236 1782 3309; baseline -0.003 -15"><span class='ocrx_word' id='word_1_245' title='bbox 238 3250 371 3295; x_wconf 83' lang='lat' dir='ltr'><strong>erant</strong></span> <span class='ocrx_word' id='word_1_246' title='bbox 396 3258 410 3296; x_wconf 91' lang='lat'><strong>:</strong></span> <span class='ocrx_word' id='word_1_247' title='bbox 439 3241 576 3296; x_wconf 90' lang='lat' dir='ltr'><strong>unde</strong></span> <span class='ocrx_word' id='word_1_248' title='bbox 616 3254 793 3309; x_wconf 88' lang='lat' dir='ltr'><strong>neque</strong></span> <span class='ocrx_word' id='word_1_249' title='bbox 835 3238 1279 3293; x_wconf 91' lang='lat' dir='ltr'><strong>resurrectionem</strong></span> <span class='ocrx_word' id='word_1_250' title='bbox 1325 3236 1546 3292; x_wconf 89' lang='lat' dir='ltr'><strong>credere</strong></span> <span class='ocrx_word' id='word_1_251' title='bbox 1573 3238 1782 3292; x_wconf 91' lang='lat' dir='ltr'><strong>volunt.</strong></span> 
     </span>
    </p>
   </div>
   <div class='ocr_carea' id='block_1_34' title="bbox 244 3327 1782 3404">
    <p class='ocr_par' dir='ltr' id='par_1_34' title="bbox 244 3327 1782 3404">
     <span class='ocr_line' id='line_1_34' title="bbox 244 3327 1782 3404; baseline -0.003 -19"><span class='ocrx_word' id='word_1_252' title='bbox 244 3332 296 3386; x_wconf 79' lang='lat' dir='ltr'><strong>Et</strong></span> <span class='ocrx_word' id='word_1_253' title='bbox 319 3341 584 3404; x_wconf 75' lang='lat' dir='ltr'><strong>surgentes,</strong></span> <span class='ocrx_word' id='word_1_254' title='bbox 631 3331 820 3400; x_wconf 87' lang='lat' dir='ltr'><strong>inquit,</strong></span> <span class='ocrx_word' id='word_1_255' title='bbox 867 3331 1042 3384; x_wconf 71' lang='lat' dir='ltr'><strong>scriba:</strong></span> <span class='ocrx_word' id='word_1_256' title='bbox 1081 3345 1143 3384; x_wconf 82' lang='lat' dir='ltr'><strong>ea:</strong></span> <span class='ocrx_word' id='word_1_257' title='bbox 1177 3340 1318 3398; x_wconf 85' lang='lat' dir='ltr'><strong>parte</strong></span> <span class='ocrx_word' id='word_1_258' title='bbox 1361 3327 1742 3383; x_wconf 72' lang='lat' dir='ltr'><strong>Pharisworum</strong></span> <span class='ocrx_word' id='word_1_259' title='bbox 1764 3369 1782 3394; x_wconf 95' lang='lat'><strong>,</strong></span> 
     </span>
    </p>
   </div>
   <div class='ocr_carea' id='block_1_35' title="bbox 241 3420 1783 3490">
    <p class='ocr_par' dir='ltr' id='par_1_35' title="bbox 241 3420 1783 3490">
     <span class='ocr_line' id='line_1_35' title="bbox 241 3420 1783 3490; baseline -0.002 -14"><span class='ocrx_word' id='word_1_260' title='bbox 241 3425 504 3490; x_wconf 50' lang='lat' dir='ltr'><strong>pu,,nabant</strong></span> <span class='ocrx_word' id='word_1_261' title='bbox 531 3424 756 3477; x_wconf 73' lang='lat' dir='ltr'><strong>dicentes</strong></span> <span class='ocrx_word' id='word_1_262' title='bbox 781 3439 792 3474; x_wconf 93' lang='lat'><strong>:</strong></span> <span class='ocrx_word' id='word_1_263' title='bbox 826 3420 973 3475; x_wconf 78' lang='lat' dir='ltr'><strong>Nihil</strong></span> <span class='ocrx_word' id='word_1_264' title='bbox 996 3422 1184 3473; x_wconf 83' lang='lat' dir='ltr'><strong>malum</strong></span> <span class='ocrx_word' id='word_1_265' title='bbox 1207 3420 1487 3474; x_wconf 81' lang='lat' dir='ltr'><strong>invenimus</strong></span> <span class='ocrx_word' id='word_1_266' title='bbox 1508 3421 1560 3472; x_wconf 88' lang='lat' dir='ltr'><strong>in</strong></span> <span class='ocrx_word' id='word_1_267' title='bbox 1582 3420 1783 3473; x_wconf 80' lang='lat' dir='ltr'><strong>homine</strong></span> 
     </span>
    </p>
   </div>
   <div class='ocr_carea' id='block_1_36' title="bbox 239 3516 336 3570">
    <p class='ocr_par' dir='ltr' id='par_1_36' title="bbox 239 3516 336 3570">
     <span class='ocr_line' id='line_1_36' title="bbox 239 3516 336 3570; baseline 0.031 -3"><span class='ocrx_word' id='word_1_268' title='bbox 239 3516 336 3570; x_wconf 83' lang='lat' dir='ltr'><strong>isto.</strong></span> 
     </span>
    </p>
   </div>
   <div class='ocr_carea' id='block_1_37' title="bbox 296 3605 1788 3678">
    <p class='ocr_par' dir='ltr' id='par_1_37' title="bbox 296 3605 1788 3678">
     <span class='ocr_line' id='line_1_37' title="bbox 296 3605 1788 3678; baseline -0.003 -14"><span class='ocrx_word' id='word_1_269' title='bbox 296 3610 344 3664; x_wconf 73' lang='grc' dir='ltr'><strong>ὅ.</strong></span> <span class='ocrx_word' id='word_1_270' title='bbox 365 3610 493 3666; x_wconf 89' lang='lat' dir='ltr'><strong>Vide</strong></span> <span class='ocrx_word' id='word_1_271' title='bbox 520 3629 534 3666; x_wconf 92' lang='lat'><strong>:</strong></span> <span class='ocrx_word' id='word_1_272' title='bbox 558 3610 708 3664; x_wconf 85' lang='lat' dir='ltr'><strong>audit</strong></span> <span class='ocrx_word' id='word_1_273' title='bbox 730 3609 992 3676; x_wconf 91' lang='lat' dir='ltr'><strong>tribunus,</strong></span> <span class='ocrx_word' id='word_1_274' title='bbox 1015 3607 1155 3678; x_wconf 89' lang='lat' dir='ltr'><strong>quod</strong></span> <span class='ocrx_word' id='word_1_275' title='bbox 1186 3606 1437 3662; x_wconf 61' lang='lat' dir='ltr'><strong>Pharisari</strong></span> <span class='ocrx_word' id='word_1_276' title='bbox 1469 3605 1612 3660; x_wconf 89' lang='lat' dir='ltr'><strong>illum</strong></span> <span class='ocrx_word' id='word_1_277' title='bbox 1634 3620 1662 3659; x_wconf 88' lang='lat' dir='ltr'><strong>a</strong></span> <span class='ocrx_word' id='word_1_278' title='bbox 1684 3605 1788 3660; x_wconf 92' lang='lat' dir='ltr'><strong>cri-</strong></span> 
     </span>
    </p>
   </div>
   <div class='ocr_carea' id='block_1_38' title="bbox 239 3699 1785 3771">
    <p class='ocr_par' dir='ltr' id='par_1_38' title="bbox 239 3699 1785 3771">
     <span class='ocr_line' id='line_1_38' title="bbox 239 3699 1785 3771; baseline -0.001 -18"><span class='ocrx_word' id='word_1_279' title='bbox 239 3702 362 3758; x_wconf 86' lang='lat' dir='ltr'><strong>mine</strong></span> <span class='ocrx_word' id='word_1_280' title='bbox 399 3703 645 3769; x_wconf 90' lang='lat' dir='ltr'><strong>liberent,</strong></span> <span class='ocrx_word' id='word_1_281' title='bbox 677 3712 734 3758; x_wconf 86' lang='lat' dir='ltr'><strong>et</strong></span> <span class='ocrx_word' id='word_1_282' title='bbox 765 3718 857 3771; x_wconf 91' lang='lat' dir='ltr'><strong>pro</strong></span> <span class='ocrx_word' id='word_1_283' title='bbox 884 3702 977 3756; x_wconf 90' lang='lat' dir='ltr'><strong>illo</strong></span> <span class='ocrx_word' id='word_1_284' title='bbox 1005 3701 1320 3756; x_wconf 88' lang='lat' dir='ltr'><strong>sententiam</strong></span> <span class='ocrx_word' id='word_1_285' title='bbox 1368 3699 1526 3764; x_wconf 83' lang='lat' dir='ltr'><strong>tulit,</strong></span> <span class='ocrx_word' id='word_1_286' title='bbox 1555 3714 1617 3753; x_wconf 91' lang='lat' dir='ltr'><strong>ac</strong></span> <span class='ocrx_word' id='word_1_287' title='bbox 1664 3714 1785 3753; x_wconf 90' lang='lat' dir='ltr'><strong>cum</strong></span> 
     </span>
    </p>
   </div>
   <div class='ocr_carea' id='block_1_39' title="bbox 239 3789 1787 3863">
    <p class='ocr_par' dir='ltr' id='par_1_39' title="bbox 239 3789 1787 3863">
     <span class='ocr_line' id='line_1_39' title="bbox 239 3789 1787 3863; baseline -0.001 -19"><span class='ocrx_word' id='word_1_288' title='bbox 239 3793 418 3861; x_wconf 81' lang='lat' dir='ltr'><strong>majore</strong></span> <span class='ocrx_word' id='word_1_289' title='bbox 463 3795 654 3849; x_wconf 88' lang='lat' dir='ltr'><strong>fiducia</strong></span> <span class='ocrx_word' id='word_1_290' title='bbox 700 3793 913 3863; x_wconf 89' lang='lat' dir='ltr'><strong>abripit.</strong></span> <span class='ocrx_word' id='word_1_291' title='bbox 969 3793 1043 3846; x_wconf 86' lang='lat' dir='ltr'><strong>Ea</strong></span> <span class='ocrx_word' id='word_1_292' title='bbox 1092 3806 1251 3854; x_wconf 89' lang='lat' dir='ltr'><strong>vero,</strong></span> <span class='ocrx_word' id='word_1_293' title='bbox 1283 3804 1402 3861; x_wconf 65' lang='lat' dir='ltr'><strong>quae</strong></span> <span class='ocrx_word' id='word_1_294' title='bbox 1444 3789 1580 3844; x_wconf 89' lang='lat' dir='ltr'><strong>dicta</strong></span> <span class='ocrx_word' id='word_1_295' title='bbox 1608 3799 1731 3843; x_wconf 90' lang='lat' dir='ltr'><strong>sunt</strong></span> <span class='ocrx_word' id='word_1_296' title='bbox 1757 3804 1787 3842; x_wconf 85' lang='lat' dir='ltr'><strong>a</strong></span> 
     </span>
    </p>
   </div>
   <div class='ocr_carea' id='block_1_40' title="bbox 238 3881 1790 3956">
    <p class='ocr_par' dir='ltr' id='par_1_40' title="bbox 238 3881 1790 3956">
     <span class='ocr_line' id='line_1_40' title="bbox 238 3881 1790 3956; baseline -0.003 -19"><span class='ocrx_word' id='word_1_297' title='bbox 238 3884 411 3950; x_wconf 80' lang='lat' dir='ltr'><strong>Paulo,</strong></span> <span class='ocrx_word' id='word_1_298' title='bbox 441 3885 788 3956; x_wconf 70' lang='lat' dir='ltr'><strong>philosophia:</strong></span> <span class='ocrx_word' id='word_1_299' title='bbox 811 3886 962 3956; x_wconf 89' lang='lat' dir='ltr'><strong>plena</strong></span> <span class='ocrx_word' id='word_1_300' title='bbox 1007 3891 1177 3938; x_wconf 88' lang='lat' dir='ltr'><strong>erant.</strong></span> <span class='ocrx_word' id='word_1_301' title='bbox 1227 3881 1464 3952; x_wconf 81' lang='lat' dir='ltr'><strong>Sequenti</strong></span> <span class='ocrx_word' id='word_1_302' title='bbox 1489 3897 1602 3934; x_wconf 86' lang='lat' dir='ltr'><strong>vero</strong></span> <span class='ocrx_word' id='word_1_303' title='bbox 1648 3890 1790 3933; x_wconf 88' lang='lat' dir='ltr'><strong>nocte</strong></span> 
     </span>
    </p>
   </div>
   <div class='ocr_carea' id='block_1_41' title="bbox 236 3970 1787 4038">
    <p class='ocr_par' dir='ltr' id='par_1_41' title="bbox 236 3970 1787 4038">
     <span class='ocr_line' id='line_1_41' title="bbox 236 3970 1787 4038; baseline -0.002 -12"><span class='ocrx_word' id='word_1_304' title='bbox 236 3975 420 4030; x_wconf 75' lang='lat' dir='ltr'><strong>adstans</strong></span> <span class='ocrx_word' id='word_1_305' title='bbox 447 3979 522 4032; x_wconf 89' lang='lat' dir='ltr'><strong>illi</strong></span> <span class='ocrx_word' id='word_1_306' title='bbox 550 3977 801 4032; x_wconf 79' lang='lat' dir='ltr'><strong>Dominus</strong></span> <span class='ocrx_word' id='word_1_307' title='bbox 827 3977 952 4031; x_wconf 74' lang='lat' dir='ltr'><strong>dixit</strong></span> <span class='ocrx_word' id='word_1_308' title='bbox 979 3993 997 4030; x_wconf 90' lang='lat'><strong>:</strong></span> <span class='ocrx_word' id='word_1_309' title='bbox 1025 3975 1163 4028; x_wconf 85' lang='lat' dir='ltr'><strong>Bono</strong></span> <span class='ocrx_word' id='word_1_310' title='bbox 1187 3975 1356 4027; x_wconf 83' lang='lat' dir='ltr'><strong>animo</strong></span> <span class='ocrx_word' id='word_1_311' title='bbox 1400 3981 1503 4026; x_wconf 83' lang='lat' dir='ltr'><strong>esto</strong></span> <span class='ocrx_word' id='word_1_312' title='bbox 1527 4013 1542 4038; x_wconf 96' lang='lat'><strong>,</strong></span> <span class='ocrx_word' id='word_1_313' title='bbox 1576 3970 1740 4024; x_wconf 85' lang='lat' dir='ltr'><strong>Paule</strong></span> <span class='ocrx_word' id='word_1_314' title='bbox 1769 3987 1787 4024; x_wconf 92' lang='lat'><strong>:</strong></span> 
     </span>
    </p>
   </div>
   <div class='ocr_carea' id='block_1_42' title="bbox 238 4064 1790 4136">
    <p class='ocr_par' dir='ltr' id='par_1_42' title="bbox 238 4064 1790 4136">
     <span class='ocr_line' id='line_1_42' title="bbox 238 4064 1790 4136; baseline -0.001 -20"><span class='ocrx_word' id='word_1_315' title='bbox 238 4073 286 4116; x_wconf 85' lang='lat' dir='ltr'><strong>ut</strong></span> <span class='ocrx_word' id='word_1_316' title='bbox 311 4067 434 4119; x_wconf 87' lang='lat' dir='ltr'><strong>enim</strong></span> <span class='ocrx_word' id='word_1_317' title='bbox 462 4069 754 4136; x_wconf 86' lang='lat' dir='ltr'><strong>testiﬁcatus</strong></span> <span class='ocrx_word' id='word_1_318' title='bbox 782 4083 834 4122; x_wconf 90' lang='lat' dir='ltr'><strong>es</strong></span> <span class='ocrx_word' id='word_1_319' title='bbox 860 4067 982 4120; x_wconf 82' lang='lat' dir='ltr'><strong>mihi</strong></span> <span class='ocrx_word' id='word_1_320' title='bbox 1005 4067 1058 4120; x_wconf 87' lang='lat' dir='ltr'><strong>in</strong></span> <span class='ocrx_word' id='word_1_321' title='bbox 1085 4064 1369 4119; x_wconf 86' lang='lat' dir='ltr'><strong>Jerusalem</strong></span> <span class='ocrx_word' id='word_1_322' title='bbox 1387 4106 1402 4130; x_wconf 93' lang='lat'><strong>,</strong></span> <span class='ocrx_word' id='word_1_323' title='bbox 1434 4065 1506 4117; x_wconf 88' lang='lat' dir='ltr'><strong>ita</strong></span> <span class='ocrx_word' id='word_1_324' title='bbox 1525 4073 1717 4132; x_wconf 85' lang='lat' dir='ltr'><strong>oportet</strong></span> <span class='ocrx_word' id='word_1_325' title='bbox 1742 4074 1790 4114; x_wconf 87' lang='lat' dir='ltr'><strong>te</strong></span> 
     </span>
    </p>
   </div>
   <div class='ocr_carea' id='block_1_43' title="bbox 235 4154 1789 4228">
    <p class='ocr_par' dir='ltr' id='par_1_43' title="bbox 235 4154 1789 4228">
     <span class='ocr_line' id='line_1_43' title="bbox 235 4154 1789 4228; baseline 0.001 -22"><span class='ocrx_word' id='word_1_326' title='bbox 235 4155 768 4228; x_wconf 81' lang='lat' dir='ltr'><strong>etRomtetestiﬁcari.</strong></span> <span class='ocrx_word' id='word_1_327' title='bbox 823 4157 955 4212; x_wconf 86' lang='lat' dir='ltr'><strong>Vide</strong></span> <span class='ocrx_word' id='word_1_328' title='bbox 1001 4167 1193 4226; x_wconf 88' lang='lat' dir='ltr'><strong>quanta</strong></span> <span class='ocrx_word' id='word_1_329' title='bbox 1247 4155 1583 4210; x_wconf 87' lang='lat' dir='ltr'><strong>consolatio:</strong></span> <span class='ocrx_word' id='word_1_330' title='bbox 1619 4154 1789 4224; x_wconf 91' lang='lat' dir='ltr'><strong>primo</strong></span> 
     </span>
    </p>
   </div>
   <div class='ocr_carea' id='block_1_44' title="bbox 236 4245 1790 4314">
    <p class='ocr_par' dir='ltr' id='par_1_44' title="bbox 236 4245 1790 4314">
     <span class='ocr_line' id='line_1_44' title="bbox 236 4245 1790 4314; baseline 0.001 -15"><span class='ocrx_word' id='word_1_331' title='bbox 236 4245 393 4302; x_wconf 85' lang='lat' dir='ltr'><strong>laudat</strong></span> <span class='ocrx_word' id='word_1_332' title='bbox 413 4251 581 4314; x_wconf 87' lang='lat' dir='ltr'><strong>illum;</strong></span> <span class='ocrx_word' id='word_1_333' title='bbox 604 4250 799 4306; x_wconf 92' lang='lat' dir='ltr'><strong>deinde</strong></span> <span class='ocrx_word' id='word_1_334' title='bbox 821 4265 924 4304; x_wconf 93' lang='lat' dir='ltr'><strong>non</strong></span> <span class='ocrx_word' id='word_1_335' title='bbox 943 4249 1064 4304; x_wconf 87' lang='lat' dir='ltr'><strong>sinit</strong></span> <span class='ocrx_word' id='word_1_336' title='bbox 1081 4263 1200 4303; x_wconf 90' lang='lat' dir='ltr'><strong>eum</strong></span> <span class='ocrx_word' id='word_1_337' title='bbox 1221 4247 1480 4303; x_wconf 88' lang='lat' dir='ltr'><strong>occultam</strong></span> <span class='ocrx_word' id='word_1_338' title='bbox 1498 4245 1597 4300; x_wconf 88' lang='lat' dir='ltr'><strong>sibi</strong></span> <span class='ocrx_word' id='word_1_339' title='bbox 1617 4245 1790 4300; x_wconf 90' lang='lat' dir='ltr'><strong>adhuc</strong></span> 
     </span>
    </p>
   </div>
   <div class='ocr_carea' id='block_1_45' title="bbox 237 4337 1786 4413">
    <p class='ocr_par' dir='ltr' id='par_1_45' title="bbox 237 4337 1786 4413">
     <span class='ocr_line' id='line_1_45' title="bbox 237 4337 1786 4413; baseline 0.003 -24"><span class='ocrx_word' id='word_1_340' title='bbox 237 4337 440 4395; x_wconf 77' lang='lat' dir='ltr'><strong>Romam</strong></span> <span class='ocrx_word' id='word_1_341' title='bbox 469 4341 858 4413; x_wconf 77' lang='lat' dir='ltr'><strong>profectionem</strong></span> <span class='ocrx_word' id='word_1_342' title='bbox 885 4340 1172 4396; x_wconf 81' lang='lat' dir='ltr'><strong>formidare</strong></span> <span class='ocrx_word' id='word_1_343' title='bbox 1197 4356 1214 4394; x_wconf 91' lang='lat'><strong>:</strong></span> <span class='ocrx_word' id='word_1_344' title='bbox 1240 4355 1304 4394; x_wconf 87' lang='lat' dir='ltr'><strong>ac</strong></span> <span class='ocrx_word' id='word_1_345' title='bbox 1330 4341 1374 4394; x_wconf 90' lang='lat' dir='ltr'><strong>si</strong></span> <span class='ocrx_word' id='word_1_346' title='bbox 1403 4339 1604 4395; x_wconf 89' lang='lat' dir='ltr'><strong>diceret</strong></span> <span class='ocrx_word' id='word_1_347' title='bbox 1632 4357 1644 4393; x_wconf 96' lang='lat'><strong>:</strong></span> <span class='ocrx_word' id='word_1_348' title='bbox 1672 4338 1786 4393; x_wconf 85' lang='lat' dir='ltr'><strong>Non</strong></span> 
     </span>
    </p>
   </div>
   <div class='ocr_carea' id='block_1_46' title="bbox 236 4429 1788 4500">
    <p class='ocr_par' dir='ltr' id='par_1_46' title="bbox 236 4429 1788 4500">
     <span class='ocr_line' id='line_1_46' title="bbox 236 4429 1788 4500; baseline 0.001 -19"><span class='ocrx_word' id='word_1_349' title='bbox 236 4429 377 4484; x_wconf 87' lang='lat' dir='ltr'><strong>modo</strong></span> <span class='ocrx_word' id='word_1_350' title='bbox 406 4431 526 4486; x_wconf 89' lang='lat' dir='ltr'><strong>illuc</strong></span> <span class='ocrx_word' id='word_1_351' title='bbox 553 4433 677 4497; x_wconf 90' lang='lat' dir='ltr'><strong>ibis,</strong></span> <span class='ocrx_word' id='word_1_352' title='bbox 706 4432 800 4489; x_wconf 89' lang='lat' dir='ltr'><strong>sed</strong></span> <span class='ocrx_word' id='word_1_353' title='bbox 828 4433 986 4487; x_wconf 88' lang='lat' dir='ltr'><strong>etiam</strong></span> <span class='ocrx_word' id='word_1_354' title='bbox 1015 4439 1160 4486; x_wconf 88' lang='lat' dir='ltr'><strong>tanta</strong></span> <span class='ocrx_word' id='word_1_355' title='bbox 1184 4431 1346 4485; x_wconf 88' lang='lat' dir='ltr'><strong>uteris</strong></span> <span class='ocrx_word' id='word_1_356' title='bbox 1372 4429 1620 4500; x_wconf 91' lang='lat' dir='ltr'><strong>loquendi</strong></span> <span class='ocrx_word' id='word_1_357' title='bbox 1651 4429 1788 4483; x_wconf 87' lang='lat' dir='ltr'><strong>fidu-</strong></span> 
     </span>
    </p>
   </div>
   <div class='ocr_carea' id='block_1_47' title="bbox 232 4521 1790 4600">
    <p class='ocr_par' dir='ltr' id='par_1_47' title="bbox 232 4521 1790 4600">
     <span class='ocr_line' id='line_1_47' title="bbox 232 4521 1790 4600; baseline 0.003 -29"><span class='ocrx_word' id='word_1_358' title='bbox 232 4521 321 4600; x_wconf 82' lang='lat' dir='ltr'><strong>cia.</strong></span> <span class='ocrx_word' id='word_1_359' title='bbox 351 4523 480 4578; x_wconf 85' lang='lat' dir='ltr'><strong>Hinc</strong></span> <span class='ocrx_word' id='word_1_360' title='bbox 508 4539 641 4580; x_wconf 90' lang='lat' dir='ltr'><strong>vero</strong></span> <span class='ocrx_word' id='word_1_361' title='bbox 665 4540 767 4580; x_wconf 94' lang='lat' dir='ltr'><strong>non</strong></span> <span class='ocrx_word' id='word_1_362' title='bbox 788 4524 1086 4580; x_wconf 89' lang='lat' dir='ltr'><strong>declaratur</strong></span> <span class='ocrx_word' id='word_1_363' title='bbox 1105 4524 1176 4590; x_wconf 92' lang='lat' dir='ltr'><strong>ei,</strong></span> <span class='ocrx_word' id='word_1_364' title='bbox 1203 4522 1344 4594; x_wconf 92' lang='lat' dir='ltr'><strong>quod</strong></span> <span class='ocrx_word' id='word_1_365' title='bbox 1373 4523 1550 4578; x_wconf 90' lang='lat' dir='ltr'><strong>salvus</strong></span> <span class='ocrx_word' id='word_1_366' title='bbox 1581 4521 1790 4576; x_wconf 82' lang='lat' dir='ltr'><strong>futurus</strong></span> 
     </span>
    </p>
   </div>
   <div class='ocr_carea' id='block_1_48' title="bbox 234 4613 1790 4688">
    <p class='ocr_par' dir='ltr' id='par_1_48' title="bbox 234 4613 1790 4688">
     <span class='ocr_line' id='line_1_48' title="bbox 234 4613 1790 4688; baseline 0.003 -24"><span class='ocrx_word' id='word_1_367' title='bbox 234 4613 311 4678; x_wconf 84' lang='lat' dir='ltr'><strong>sit,</strong></span> <span class='ocrx_word' id='word_1_368' title='bbox 336 4615 420 4670; x_wconf 87' lang='lat' dir='ltr'><strong>sed</strong></span> <span class='ocrx_word' id='word_1_369' title='bbox 447 4617 590 4687; x_wconf 82' lang='lat' dir='ltr'><strong>quod</strong></span> <span class='ocrx_word' id='word_1_370' title='bbox 632 4619 683 4671; x_wconf 92' lang='lat' dir='ltr'><strong>in</strong></span> <span class='ocrx_word' id='word_1_371' title='bbox 718 4632 906 4688; x_wconf 87' lang='lat' dir='ltr'><strong>magna</strong></span> <span class='ocrx_word' id='word_1_372' title='bbox 929 4617 1059 4672; x_wconf 90' lang='lat' dir='ltr'><strong>urbe</strong></span> <span class='ocrx_word' id='word_1_373' title='bbox 1087 4632 1182 4687; x_wconf 91' lang='lat' dir='ltr'><strong>pro</strong></span> <span class='ocrx_word' id='word_1_374' title='bbox 1208 4630 1394 4687; x_wconf 87' lang='lat' dir='ltr'><strong>magna</strong></span> <span class='ocrx_word' id='word_1_375' title='bbox 1421 4629 1615 4670; x_wconf 91' lang='lat' dir='ltr'><strong>corona</strong></span> <span class='ocrx_word' id='word_1_376' title='bbox 1642 4615 1790 4670; x_wconf 87' lang='lat' dir='ltr'><strong>testi—</strong></span> 
     </span>
    </p>
   </div>
   <div class='ocr_carea' id='block_1_49' title="bbox 235 4701 1786 4778">
    <p class='ocr_par' dir='ltr' id='par_1_49' title="bbox 235 4701 1786 4778">
     <span class='ocr_line' id='line_1_49' title="bbox 235 4701 1786 4778; baseline 0.004 -24"><span class='ocrx_word' id='word_1_377' title='bbox 235 4701 463 4761; x_wconf 85' lang='lat' dir='ltr'><strong>ficaturus</strong></span> <span class='ocrx_word' id='word_1_378' title='bbox 498 4708 589 4764; x_wconf 89' lang='lat' dir='ltr'><strong>sit.</strong></span> <span class='ocrx_word' id='word_1_379' title='bbox 621 4704 727 4762; x_wconf 89' lang='lat' dir='ltr'><strong>Cur</strong></span> <span class='ocrx_word' id='word_1_380' title='bbox 752 4719 926 4762; x_wconf 86' lang='lat' dir='ltr'><strong>autem</strong></span> <span class='ocrx_word' id='word_1_381' title='bbox 956 4723 1083 4774; x_wconf 93' lang='lat' dir='ltr'><strong>non,</strong></span> <span class='ocrx_word' id='word_1_382' title='bbox 1110 4707 1416 4778; x_wconf 87' lang='lat' dir='ltr'><strong>priusquam</strong></span> <span class='ocrx_word' id='word_1_383' title='bbox 1449 4708 1706 4761; x_wconf 89' lang='lat' dir='ltr'><strong>incideret</strong></span> <span class='ocrx_word' id='word_1_384' title='bbox 1734 4707 1786 4760; x_wconf 92' lang='lat' dir='ltr'><strong>in</strong></span> 
     </span>
    </p>
   </div>
   <div class='ocr_carea' id='block_1_50' title="bbox 237 4797 1791 4870">
    <p class='ocr_par' dir='ltr' id='par_1_50' title="bbox 237 4797 1791 4870">
     <span class='ocr_line' id='line_1_50' title="bbox 237 4797 1791 4870; baseline 0.003 -23"><span class='ocrx_word' id='word_1_385' title='bbox 237 4797 529 4866; x_wconf 81' lang='lat' dir='ltr'><strong>periculum,</strong></span> <span class='ocrx_word' id='word_1_386' title='bbox 552 4801 794 4869; x_wconf 89' lang='lat' dir='ltr'><strong>apparuit</strong></span> <span class='ocrx_word' id='word_1_387' title='bbox 821 4801 929 4855; x_wconf 87' lang='lat' dir='ltr'><strong>illi?</strong></span> <span class='ocrx_word' id='word_1_388' title='bbox 948 4801 1079 4868; x_wconf 84' lang='lat' dir='ltr'><strong>Quia</strong></span> <span class='ocrx_word' id='word_1_389' title='bbox 1101 4801 1240 4854; x_wconf 89' lang='lat' dir='ltr'><strong>Deus</strong></span> <span class='ocrx_word' id='word_1_390' title='bbox 1259 4814 1470 4870; x_wconf 88' lang='lat' dir='ltr'><strong>semper</strong></span> <span class='ocrx_word' id='word_1_391' title='bbox 1496 4801 1549 4854; x_wconf 90' lang='lat' dir='ltr'><strong>in</strong></span> <span class='ocrx_word' id='word_1_392' title='bbox 1573 4799 1791 4854; x_wconf 89' lang='lat' dir='ltr'><strong>tribula-</strong></span> 
     </span>
    </p>
   </div>
   <div class='ocr_carea' id='block_1_51' title="bbox 235 4887 1790 4961">
    <p class='ocr_par' dir='ltr' id='par_1_51' title="bbox 235 4887 1790 4961">
     <span class='ocr_line' id='line_1_51' title="bbox 235 4887 1790 4961; baseline 0.004 -24"><span class='ocrx_word' id='word_1_393' title='bbox 235 4887 446 4943; x_wconf 89' lang='lat' dir='ltr'><strong>tionibus</strong></span> <span class='ocrx_word' id='word_1_394' title='bbox 474 4890 967 4961; x_wconf 88' lang='lat' dir='ltr'><strong>consolatur(tunc</strong></span> <span class='ocrx_word' id='word_1_395' title='bbox 1009 4891 1151 4945; x_wconf 90' lang='lat' dir='ltr'><strong>enim</strong></span> <span class='ocrx_word' id='word_1_396' title='bbox 1187 4889 1588 4946; x_wconf 86' lang='lat' dir='ltr'><strong>desiderabilior</strong></span> <span class='ocrx_word' id='word_1_397' title='bbox 1624 4905 1790 4960; x_wconf 90' lang='lat' dir='ltr'><strong>appa-</strong></span> 
     </span>
    </p>
   </div>
   <div class='ocr_carea' id='block_1_52' title="bbox 236 4981 1790 5053">
    <p class='ocr_par' dir='ltr' id='par_1_52' title="bbox 236 4981 1790 5053">
     <span class='ocr_line' id='line_1_52' title="bbox 236 4981 1790 5053; baseline 0.005 -25"><span class='ocrx_word' id='word_1_398' title='bbox 236 4981 357 5047; x_wconf 87' lang='lat' dir='ltr'><strong>ret),</strong></span> <span class='ocrx_word' id='word_1_399' title='bbox 381 4991 434 5035; x_wconf 91' lang='lat' dir='ltr'><strong>et</strong></span> <span class='ocrx_word' id='word_1_400' title='bbox 462 4983 514 5036; x_wconf 90' lang='lat' dir='ltr'><strong>in</strong></span> <span class='ocrx_word' id='word_1_401' title='bbox 541 4982 792 5052; x_wconf 84' lang='lat' dir='ltr'><strong>periculis</strong></span> <span class='ocrx_word' id='word_1_402' title='bbox 811 4999 909 5038; x_wconf 91' lang='lat' dir='ltr'><strong>nos</strong></span> <span class='ocrx_word' id='word_1_403' title='bbox 928 4992 1158 5038; x_wconf 82' lang='lat' dir='ltr'><strong>exercet.</strong></span> <span class='ocrx_word' id='word_1_404' title='bbox 1185 4984 1432 5053; x_wconf 86' lang='lat' dir='ltr'><strong>Alioquin</strong></span> <span class='ocrx_word' id='word_1_405' title='bbox 1459 4993 1634 5038; x_wconf 92' lang='lat' dir='ltr'><strong>autem</strong></span> <span class='ocrx_word' id='word_1_406' title='bbox 1665 4993 1790 5037; x_wconf 90' lang='lat' dir='ltr'><strong>tunc</strong></span> 
     </span>
    </p>
   </div>
   <div class='ocr_carea' id='block_1_53' title="bbox 235 5068 1788 5140">
    <p class='ocr_par' dir='ltr' id='par_1_53' title="bbox 235 5068 1788 5140">
     <span class='ocr_line' id='line_1_53' title="bbox 235 5068 1788 5140; baseline 0.006 -22"><span class='ocrx_word' id='word_1_407' title='bbox 235 5068 280 5120; x_wconf 92' lang='lat' dir='ltr'><strong>in</strong></span> <span class='ocrx_word' id='word_1_408' title='bbox 307 5073 480 5140; x_wconf 90' lang='lat' dir='ltr'><strong>quiete</strong></span> <span class='ocrx_word' id='word_1_409' title='bbox 527 5083 650 5130; x_wconf 89' lang='lat' dir='ltr'><strong>erat</strong></span> <span class='ocrx_word' id='word_1_410' title='bbox 702 5075 836 5130; x_wconf 89' lang='lat' dir='ltr'><strong>liber</strong></span> <span class='ocrx_word' id='word_1_411' title='bbox 864 5091 892 5128; x_wconf 91' lang='lat' dir='ltr'><strong>a</strong></span> <span class='ocrx_word' id='word_1_412' title='bbox 924 5075 1192 5128; x_wconf 90' lang='lat' dir='ltr'><strong>vinculis:</strong></span> <span class='ocrx_word' id='word_1_413' title='bbox 1227 5090 1365 5129; x_wconf 93' lang='lat' dir='ltr'><strong>nunc</strong></span> <span class='ocrx_word' id='word_1_414' title='bbox 1417 5084 1594 5130; x_wconf 88' lang='lat' dir='ltr'><strong>autem</strong></span> <span class='ocrx_word' id='word_1_415' title='bbox 1644 5075 1788 5129; x_wconf 92' lang='lat' dir='ltr'><strong>illum</strong></span> 
     </span>
    </p>
   </div>
   <div class='ocr_carea' id='block_1_54' title="bbox 235 5165 1788 5234">
    <p class='ocr_par' dir='ltr' id='par_1_54' title="bbox 235 5165 1788 5234">
     <span class='ocr_line' id='line_1_54' title="bbox 235 5165 1788 5234; baseline 0.005 -24"><span class='ocrx_word' id='word_1_416' title='bbox 235 5173 394 5226; x_wconf 75' lang='lat' dir='ltr'><strong>gravia</strong></span> <span class='ocrx_word' id='word_1_417' title='bbox 416 5175 705 5234; x_wconf 82' lang='lat' dir='ltr'><strong>exceptura</strong></span> <span class='ocrx_word' id='word_1_418' title='bbox 731 5174 902 5220; x_wconf 87' lang='lat' dir='ltr'><strong>erant.</strong></span> <span class='ocrx_word' id='word_1_419' title='bbox 929 5166 1060 5232; x_wconf 85' lang='lat' dir='ltr'><strong>Quia</strong></span> <span class='ocrx_word' id='word_1_420' title='bbox 1081 5166 1362 5219; x_wconf 76' lang='lat' dir='ltr'><strong>devenimus</strong></span> <span class='ocrx_word' id='word_1_421' title='bbox 1387 5181 1497 5228; x_wconf 88' lang='lat' dir='ltr'><strong>nos,</strong></span> <span class='ocrx_word' id='word_1_422' title='bbox 1525 5165 1788 5234; x_wconf 88' lang='lat' dir='ltr'><strong>inquiunt,</strong></span> 
     </span>
    </p>
   </div>
   <div class='ocr_carea' id='block_1_55' title="bbox 232 5255 1788 5326">
    <p class='ocr_par' dir='ltr' id='par_1_55' title="bbox 232 5255 1788 5326">
     <span class='ocr_line' id='line_1_55' title="bbox 232 5255 1788 5326; baseline 0.004 -24"><span class='ocrx_word' id='word_1_423' title='bbox 232 5266 322 5303; x_wconf 82' lang='lat' dir='ltr'><strong>non</strong></span> <span class='ocrx_word' id='word_1_424' title='bbox 364 5255 673 5309; x_wconf 82' lang='lat' dir='ltr'><strong>manducare</strong></span> <span class='ocrx_word' id='word_1_425' title='bbox 704 5273 860 5326; x_wconf 87' lang='lat' dir='ltr'><strong>neque</strong></span> <span class='ocrx_word' id='word_1_426' title='bbox 900 5257 1080 5310; x_wconf 86' lang='lat' dir='ltr'><strong>bibere.</strong></span> <span class='ocrx_word' id='word_1_427' title='bbox 1108 5257 1284 5324; x_wconf 68' lang='lat' dir='ltr'><strong>Papm,</strong></span> <span class='ocrx_word' id='word_1_428' title='bbox 1317 5266 1510 5325; x_wconf 87' lang='lat' dir='ltr'><strong>quanta</strong></span> <span class='ocrx_word' id='word_1_429' title='bbox 1556 5257 1788 5308; x_wconf 86' lang='lat' dir='ltr'><strong>insania!</strong></span> 
     </span>
    </p>
   </div>
   <div class='ocr_carea' id='block_1_56' title="bbox 233 5341 1790 5402">
    <p class='ocr_par' dir='ltr' id='par_1_56' title="bbox 233 5341 1790 5402">
     <span class='ocr_line' id='line_1_56' title="bbox 233 5341 1790 5402; baseline 0.004 -8"><span class='ocrx_word' id='word_1_430' title='bbox 233 5341 349 5399; x_wconf 85' lang='lat' dir='ltr'><strong>Sese</strong></span> <span class='ocrx_word' id='word_1_431' title='bbox 377 5347 702 5401; x_wconf 84' lang='lat' dir='ltr'><strong>anathemati</strong></span> <span class='ocrx_word' id='word_1_432' title='bbox 729 5349 843 5402; x_wconf 89' lang='lat' dir='ltr'><strong>sine</strong></span> <span class='ocrx_word' id='word_1_433' title='bbox 868 5349 1072 5402; x_wconf 88' lang='lat' dir='ltr'><strong>ratione</strong></span> <span class='ocrx_word' id='word_1_434' title='bbox 1116 5347 1376 5401; x_wconf 86' lang='lat' dir='ltr'><strong>obnoxios</strong></span> <span class='ocrx_word' id='word_1_435' title='bbox 1419 5345 1667 5400; x_wconf 90' lang='lat' dir='ltr'><strong>reddunt.</strong></span> <span class='ocrx_word' id='word_1_436' title='bbox 1724 5346 1790 5400; x_wconf 90' lang='lat' dir='ltr'><strong>Ut</strong></span> 
     </span>
    </p>
   </div>
   <div class='ocr_carea' id='block_1_57' title="bbox 235 5432 1791 5506">
    <p class='ocr_par' dir='ltr' id='par_1_57' title="bbox 235 5432 1791 5506">
     <span class='ocr_line' id='line_1_57' title="bbox 235 5432 1791 5506; baseline 0.004 -24"><span class='ocrx_word' id='word_1_437' title='bbox 235 5432 458 5501; x_wconf 83' lang='lat' dir='ltr'><strong>deducat,</strong></span> <span class='ocrx_word' id='word_1_438' title='bbox 488 5439 751 5506; x_wconf 88' lang='lat' dir='ltr'><strong>inquiunt,</strong></span> <span class='ocrx_word' id='word_1_439' title='bbox 783 5439 926 5490; x_wconf 89' lang='lat' dir='ltr'><strong>illum</strong></span> <span class='ocrx_word' id='word_1_440' title='bbox 955 5438 1021 5490; x_wconf 86' lang='lat' dir='ltr'><strong>ad</strong></span> <span class='ocrx_word' id='word_1_441' title='bbox 1044 5454 1146 5500; x_wconf 84' lang='lat' dir='ltr'><strong>vos,</strong></span> <span class='ocrx_word' id='word_1_442' title='bbox 1178 5446 1232 5489; x_wconf 92' lang='lat' dir='ltr'><strong>ut</strong></span> <span class='ocrx_word' id='word_1_443' title='bbox 1253 5438 1538 5490; x_wconf 86' lang='lat' dir='ltr'><strong>accuratius</strong></span> <span class='ocrx_word' id='word_1_444' title='bbox 1559 5437 1791 5505; x_wconf 86' lang='lat' dir='ltr'><strong>cognitu-</strong></span> 
     </span>
    </p>
   </div>
   <div class='ocr_carea' id='block_1_58' title="bbox 237 5527 1792 5597">
    <p class='ocr_par' dir='ltr' id='par_1_58' title="bbox 237 5527 1792 5597">
     <span class='ocr_line' id='line_1_58' title="bbox 237 5527 1792 5597; baseline 0.005 -22"><span class='ocrx_word' id='word_1_445' title='bbox 237 5537 309 5575; x_wconf 79' lang='lat' dir='ltr'><strong>ros</strong></span> <span class='ocrx_word' id='word_1_446' title='bbox 332 5543 535 5580; x_wconf 87' lang='lat' dir='ltr'><strong>causam</strong></span> <span class='ocrx_word' id='word_1_447' title='bbox 562 5530 692 5597; x_wconf 87' lang='lat' dir='ltr'><strong>ejus.</strong></span> <span class='ocrx_word' id='word_1_448' title='bbox 735 5528 868 5594; x_wconf 85' lang='lat' dir='ltr'><strong>Quid</strong></span> <span class='ocrx_word' id='word_1_449' title='bbox 894 5529 1060 5582; x_wconf 85' lang='lat' dir='ltr'><strong>dicis?</strong></span> <span class='ocrx_word' id='word_1_450' title='bbox 1088 5543 1264 5582; x_wconf 87' lang='lat' dir='ltr'><strong>annon</strong></span> <span class='ocrx_word' id='word_1_451' title='bbox 1291 5527 1373 5581; x_wconf 85' lang='lat' dir='ltr'><strong>bis</strong></span> <span class='ocrx_word' id='word_1_452' title='bbox 1401 5527 1548 5581; x_wconf 81' lang='lat' dir='ltr'><strong>vobis</strong></span> <span class='ocrx_word' id='word_1_453' title='bbox 1576 5532 1792 5583; x_wconf 78' lang='lat' dir='ltr'><strong>concio-</strong></span> 
     </span>
    </p>
   </div>
   <div class='ocr_carea' id='block_1_59' title="bbox 239 5616 1794 5673">
    <p class='ocr_par' dir='ltr' id='par_1_59' title="bbox 239 5616 1794 5673">
     <span class='ocr_line' id='line_1_59' title="bbox 239 5616 1794 5673; baseline 0.006 -9"><span class='ocrx_word' id='word_1_454' title='bbox 239 5622 378 5670; x_wconf 86' lang='lat' dir='ltr'><strong>natus</strong></span> <span class='ocrx_word' id='word_1_455' title='bbox 417 5617 535 5672; x_wconf 88' lang='lat' dir='ltr'><strong>est?</strong></span> <span class='ocrx_word' id='word_1_456' title='bbox 587 5632 766 5670; x_wconf 86' lang='lat' dir='ltr'><strong>annon</strong></span> <span class='ocrx_word' id='word_1_457' title='bbox 815 5617 1137 5670; x_wconf 80' lang='lat' dir='ltr'><strong>Pharisaan</strong></span> <span class='ocrx_word' id='word_1_458' title='bbox 1184 5633 1241 5672; x_wconf 88' lang='lat' dir='ltr'><strong>se</strong></span> <span class='ocrx_word' id='word_1_459' title='bbox 1284 5616 1455 5672; x_wconf 81' lang='lat' dir='ltr'><strong>dixit?</strong></span> <span class='ocrx_word' id='word_1_460' title='bbox 1508 5633 1602 5672; x_wconf 87' lang='lat' dir='ltr'><strong>cur</strong></span> <span class='ocrx_word' id='word_1_461' title='bbox 1652 5618 1794 5673; x_wconf 90' lang='lat' dir='ltr'><strong>aliud</strong></span> 
     </span>
    </p>
   </div>
   <div class='ocr_carea' id='block_1_60' title="bbox 237 5705 1790 5778">
    <p class='ocr_par' dir='ltr' id='par_1_60' title="bbox 237 5705 1790 5778">
     <span class='ocr_line' id='line_1_60' title="bbox 237 5705 1790 5778; baseline 0.001 -18"><span class='ocrx_word' id='word_1_462' title='bbox 237 5708 486 5775; x_wconf 81' lang='lat' dir='ltr'><strong>superﬂue</strong></span> <span class='ocrx_word' id='word_1_463' title='bbox 506 5706 781 5778; x_wconf 71' lang='lat' dir='ltr'><strong>quwritis?</strong></span> <span class='ocrx_word' id='word_1_464' title='bbox 811 5705 883 5761; x_wconf 89' lang='lat' dir='ltr'><strong>Ita</strong></span> <span class='ocrx_word' id='word_1_465' title='bbox 913 5706 1042 5762; x_wconf 88' lang='lat' dir='ltr'><strong>nihil</strong></span> <span class='ocrx_word' id='word_1_466' title='bbox 1075 5707 1397 5778; x_wconf 83' lang='lat' dir='ltr'><strong>metuebant,</strong></span> <span class='ocrx_word' id='word_1_467' title='bbox 1426 5725 1532 5764; x_wconf 89' lang='lat' dir='ltr'><strong>non</strong></span> <span class='ocrx_word' id='word_1_468' title='bbox 1557 5710 1790 5764; x_wconf 83' lang='lat' dir='ltr'><strong>tribuna-</strong></span> 
     </span>
    </p>
   </div>
   <div class='ocr_carea' id='block_1_61' title="bbox 3365 297 3474 355">
    <p class='ocr_par' dir='ltr' id='par_1_61' title="bbox 3365 297 3474 355">
     <span class='ocr_line' id='line_1_61' title="bbox 3365 297 3474 355; baseline 0 0"><span class='ocrx_word' id='word_1_469' title='bbox 3365 297 3474 355; x_wconf 71' lang='grc'><strong>542</strong></span> 
     </span>
    </p>
   </div>
   <div class='ocr_carea' id='block_1_62' title="bbox 1905 391 3473 472">
    <p class='ocr_par' dir='ltr' id='par_1_62' title="bbox 1905 391 3473 472">
     <span class='ocr_line' id='line_1_62' title="bbox 1905 391 3473 472; baseline 0.017 -27"><span class='ocrx_word' id='word_1_470' title='bbox 1905 391 1994 458; x_wconf 86' lang='lat' dir='ltr'><strong>lia,</strong></span> <span class='ocrx_word' id='word_1_471' title='bbox 2017 407 2120 447; x_wconf 85' lang='lat' dir='ltr'><strong>non</strong></span> <span class='ocrx_word' id='word_1_472' title='bbox 2141 394 2284 466; x_wconf 89' lang='lat' dir='ltr'><strong>leges</strong></span> <span class='ocrx_word' id='word_1_473' title='bbox 2308 415 2322 451; x_wconf 95' lang='lat'><strong>:</strong></span> <span class='ocrx_word' id='word_1_474' title='bbox 2349 398 2419 452; x_wconf 91' lang='lat' dir='ltr'><strong>ita</strong></span> <span class='ocrx_word' id='word_1_475' title='bbox 2439 400 2570 455; x_wconf 88' lang='lat' dir='ltr'><strong>nihil</strong></span> <span class='ocrx_word' id='word_1_476' title='bbox 2590 403 2729 472; x_wconf 81' lang='lat' dir='ltr'><strong>apud</strong></span> <span class='ocrx_word' id='word_1_477' title='bbox 2755 403 2876 462; x_wconf 82' lang='lat' dir='ltr'><strong>illos</strong></span> <span class='ocrx_word' id='word_1_478' title='bbox 2902 404 3215 465; x_wconf 75' lang='lat' dir='ltr'><strong>intentatum</strong></span> <span class='ocrx_word' id='word_1_479' title='bbox 3242 419 3376 468; x_wconf 85' lang='lat' dir='ltr'><strong>erat.</strong></span> <span class='ocrx_word' id='word_1_480' title='bbox 3402 413 3473 471; x_wconf 81' lang='lat' dir='ltr'><strong>Et</strong></span> 
     </span>
    </p>
   </div>
   <div class='ocr_carea' id='block_1_63' title="bbox 1898 486 3470 560">
    <p class='ocr_par' dir='ltr' id='par_1_63' title="bbox 1898 486 3470 560">
     <span class='ocr_line' id='line_1_63' title="bbox 1898 486 3470 560; baseline 0.014 -22"><span class='ocrx_word' id='word_1_481' title='bbox 1898 486 2214 542; x_wconf 88' lang='lat' dir='ltr'><strong>sententiam</strong></span> <span class='ocrx_word' id='word_1_482' title='bbox 2261 489 2531 558; x_wconf 92' lang='lat' dir='ltr'><strong>inducunt,</strong></span> <span class='ocrx_word' id='word_1_483' title='bbox 2561 502 2616 548; x_wconf 92' lang='lat' dir='ltr'><strong>et</strong></span> <span class='ocrx_word' id='word_1_484' title='bbox 2642 496 2908 554; x_wconf 87' lang='lat' dir='ltr'><strong>actionem</strong></span> <span class='ocrx_word' id='word_1_485' title='bbox 2954 499 3290 558; x_wconf 88' lang='lat' dir='ltr'><strong>denuntiant.</strong></span> <span class='ocrx_word' id='word_1_486' title='bbox 3341 503 3470 560; x_wconf 87' lang='lat' dir='ltr'><strong>Cum</strong></span> 
     </span>
    </p>
   </div>
   <div class='ocr_carea' id='block_1_64' title="bbox 1898 577 3467 652">
    <p class='ocr_par' dir='ltr' id='par_1_64' title="bbox 1898 577 3467 652">
     <span class='ocr_line' id='line_1_64' title="bbox 1898 577 3467 652; baseline 0.014 -22"><span class='ocrx_word' id='word_1_487' title='bbox 1898 577 2119 632; x_wconf 84' lang='lat' dir='ltr'><strong>audisset</strong></span> <span class='ocrx_word' id='word_1_488' title='bbox 2137 589 2304 634; x_wconf 84' lang='lat' dir='ltr'><strong>autent</strong></span> <span class='ocrx_word' id='word_1_489' title='bbox 2327 582 2466 651; x_wconf 88' lang='lat' dir='ltr'><strong>ﬁlius</strong></span> <span class='ocrx_word' id='word_1_490' title='bbox 2487 587 2674 640; x_wconf 88' lang='lat' dir='ltr'><strong>sororis</strong></span> <span class='ocrx_word' id='word_1_491' title='bbox 2697 586 2850 643; x_wconf 78' lang='lat' dir='ltr'><strong>Pauli</strong></span> <span class='ocrx_word' id='word_1_492' title='bbox 2873 590 3102 648; x_wconf 82' lang='lat' dir='ltr'><strong>insidias.</strong></span> <span class='ocrx_word' id='word_1_493' title='bbox 3149 594 3259 650; x_wconf 82' lang='lat' dir='ltr'><strong>Hoc</strong></span> <span class='ocrx_word' id='word_1_494' title='bbox 3286 611 3354 651; x_wconf 88' lang='lat' dir='ltr'><strong>ex</strong></span> <span class='ocrx_word' id='word_1_495' title='bbox 3381 597 3467 652; x_wconf 92' lang='lat' dir='ltr'><strong>di--</strong></span> 
     </span>
    </p>
   </div>
   <div class='ocr_carea' id='block_1_65' title="bbox 1897 667 3466 743">
    <p class='ocr_par' dir='ltr' id='par_1_65' title="bbox 1897 667 3466 743">
     <span class='ocr_line' id='line_1_65' title="bbox 1897 667 3466 743; baseline 0.015 -24"><span class='ocrx_word' id='word_1_496' title='bbox 1897 667 2020 721; x_wconf 85' lang='lat' dir='ltr'><strong>vina</strong></span> <span class='ocrx_word' id='word_1_497' title='bbox 2043 667 2457 739; x_wconf 89' lang='lat' dir='ltr'><strong>dispensatione,</strong></span> <span class='ocrx_word' id='word_1_498' title='bbox 2483 675 2622 743; x_wconf 90' lang='lat' dir='ltr'><strong>quod</strong></span> <span class='ocrx_word' id='word_1_499' title='bbox 2641 679 2904 734; x_wconf 88' lang='lat' dir='ltr'><strong>nescirent</strong></span> <span class='ocrx_word' id='word_1_500' title='bbox 2919 681 2970 736; x_wconf 94' lang='lat' dir='ltr'><strong>id</strong></span> <span class='ocrx_word' id='word_1_501' title='bbox 2986 684 3306 740; x_wconf 88' lang='lat' dir='ltr'><strong>audiendum</strong></span> <span class='ocrx_word' id='word_1_502' title='bbox 3324 701 3466 743; x_wconf 89' lang='lat' dir='ltr'><strong>esse.</strong></span> 
     </span>
    </p>
   </div>
   <div class='ocr_carea' id='block_1_66' title="bbox 1967 757 3465 836">
    <p class='ocr_par' dir='ltr' id='par_1_66' title="bbox 1967 757 3465 836">
     <span class='ocr_line' id='line_1_66' title="bbox 1967 757 3465 836; baseline 0.013 -25"><span class='ocrx_word' id='word_1_503' title='bbox 1967 757 2123 813; x_wconf 87' lang='lat' dir='ltr'><strong>Pauli</strong></span> <span class='ocrx_word' id='word_1_504' title='bbox 2159 760 2392 828; x_wconf 84' lang='lat' dir='ltr'><strong>ﬁrmitas.</strong></span> <span class='ocrx_word' id='word_1_505' title='bbox 2414 793 2486 802; x_wconf 90' lang='lat'><strong>—</strong></span> <span class='ocrx_word' id='word_1_506' title='bbox 2503 764 2636 831; x_wconf 85' lang='lat' dir='ltr'><strong>Quid</strong></span> <span class='ocrx_word' id='word_1_507' title='bbox 2667 781 2794 836; x_wconf 88' lang='lat' dir='ltr'><strong>ergo</strong></span> <span class='ocrx_word' id='word_1_508' title='bbox 2820 769 3053 826; x_wconf 80' lang='lat' dir='ltr'><strong>Paulus?</strong></span> <span class='ocrx_word' id='word_1_509' title='bbox 3080 772 3194 827; x_wconf 84' lang='lat' dir='ltr'><strong>Non</strong></span> <span class='ocrx_word' id='word_1_510' title='bbox 3222 776 3465 830; x_wconf 89' lang='lat' dir='ltr'><strong>turbatus</strong></span> 
     </span>
    </p>
   </div>
   <div class='ocr_carea' id='block_1_67' title="bbox 1897 849 3466 927">
    <p class='ocr_par' dir='ltr' id='par_1_67' title="bbox 1897 849 3466 927">
     <span class='ocr_line' id='line_1_67' title="bbox 1897 849 3466 927; baseline 0.011 -23"><span class='ocrx_word' id='word_1_511' title='bbox 1897 858 1998 913; x_wconf 90' lang='lat' dir='ltr'><strong>est,</strong></span> <span class='ocrx_word' id='word_1_512' title='bbox 2030 849 2125 905; x_wconf 88' lang='lat' dir='ltr'><strong>sed</strong></span> <span class='ocrx_word' id='word_1_513' title='bbox 2151 851 2410 908; x_wconf 80' lang='lat' dir='ltr'><strong>intellexit</strong></span> <span class='ocrx_word' id='word_1_514' title='bbox 2435 854 2670 910; x_wconf 88' lang='lat' dir='ltr'><strong>divinum</strong></span> <span class='ocrx_word' id='word_1_515' title='bbox 2701 872 2834 927; x_wconf 90' lang='lat' dir='ltr'><strong>opus</strong></span> <span class='ocrx_word' id='word_1_516' title='bbox 2855 875 2973 916; x_wconf 88' lang='lat' dir='ltr'><strong>esse</strong></span> <span class='ocrx_word' id='word_1_517' title='bbox 2997 879 3011 914; x_wconf 91' lang='lat'><strong>:</strong></span> <span class='ocrx_word' id='word_1_518' title='bbox 3039 872 3094 917; x_wconf 90' lang='lat' dir='ltr'><strong>et</strong></span> <span class='ocrx_word' id='word_1_519' title='bbox 3121 872 3288 919; x_wconf 91' lang='lat' dir='ltr'><strong>totum</strong></span> <span class='ocrx_word' id='word_1_520' title='bbox 3320 866 3374 920; x_wconf 89' lang='lat' dir='ltr'><strong>in</strong></span> <span class='ocrx_word' id='word_1_521' title='bbox 3400 867 3466 922; x_wconf 84' lang='lat' dir='ltr'><strong>il-</strong></span> 
     </span>
    </p>
   </div>
   <div class='ocr_carea' id='block_1_68' title="bbox 1897 939 3463 1021">
    <p class='ocr_par' dir='ltr' id='par_1_68' title="bbox 1897 939 3463 1021">
     <span class='ocr_line' id='line_1_68' title="bbox 1897 939 3463 1021; baseline 0.011 -27"><span class='ocrx_word' id='word_1_522' title='bbox 1897 939 2004 995; x_wconf 91' lang='lat' dir='ltr'><strong>lum</strong></span> <span class='ocrx_word' id='word_1_523' title='bbox 2032 943 2340 1012; x_wconf 87' lang='lat' dir='ltr'><strong>conjiciens,</strong></span> <span class='ocrx_word' id='word_1_524' title='bbox 2371 961 2436 1000; x_wconf 88' lang='lat' dir='ltr'><strong>ex</strong></span> <span class='ocrx_word' id='word_1_525' title='bbox 2463 962 2524 1001; x_wconf 88' lang='lat' dir='ltr'><strong>ea</strong></span> <span class='ocrx_word' id='word_1_526' title='bbox 2557 965 2618 1005; x_wconf 90' lang='lat' dir='ltr'><strong>re</strong></span> <span class='ocrx_word' id='word_1_527' title='bbox 2636 949 2859 1005; x_wconf 89' lang='lat' dir='ltr'><strong>salutem</strong></span> <span class='ocrx_word' id='word_1_528' title='bbox 2886 963 3072 1007; x_wconf 91' lang='lat' dir='ltr'><strong>nactus</strong></span> <span class='ocrx_word' id='word_1_529' title='bbox 3098 965 3200 1009; x_wconf 91' lang='lat' dir='ltr'><strong>est.</strong></span> <span class='ocrx_word' id='word_1_530' title='bbox 3232 957 3298 1009; x_wconf 90' lang='lat' dir='ltr'><strong>Et</strong></span> <span class='ocrx_word' id='word_1_531' title='bbox 3324 958 3463 1021; x_wconf 87' lang='lat' dir='ltr'><strong>vide.</strong></span> 
     </span>
    </p>
   </div>
   <div class='ocr_carea' id='block_1_69' title="bbox 1897 1033 3469 1112">
    <p class='ocr_par' dir='ltr' id='par_1_69' title="bbox 1897 1033 3469 1112">
     <span class='ocr_line' id='line_1_69' title="bbox 1897 1033 3469 1112; baseline 0.011 -28"><span class='ocrx_word' id='word_1_532' title='bbox 1897 1033 2163 1102; x_wconf 91' lang='lat' dir='ltr'><strong>quomodo</strong></span> <span class='ocrx_word' id='word_1_533' title='bbox 2202 1036 2340 1091; x_wconf 85' lang='lat' dir='ltr'><strong>Deus</strong></span> <span class='ocrx_word' id='word_1_534' title='bbox 2386 1038 2561 1092; x_wconf 89' lang='lat' dir='ltr'><strong>omnia</strong></span> <span class='ocrx_word' id='word_1_535' title='bbox 2589 1040 2641 1092; x_wconf 91' lang='lat' dir='ltr'><strong>in</strong></span> <span class='ocrx_word' id='word_1_536' title='bbox 2666 1040 2862 1094; x_wconf 91' lang='lat' dir='ltr'><strong>bonum</strong></span> <span class='ocrx_word' id='word_1_537' title='bbox 2917 1043 3211 1112; x_wconf 86' lang='lat' dir='ltr'><strong>provideat.</strong></span> <span class='ocrx_word' id='word_1_538' title='bbox 3245 1046 3469 1101; x_wconf 89' lang='lat' dir='ltr'><strong>Insidias</strong></span> 
     </span>
    </p>
   </div>
   <div class='ocr_carea' id='block_1_70' title="bbox 1898 1125 3469 1206">
    <p class='ocr_par' dir='ltr' id='par_1_70' title="bbox 1898 1125 3469 1206">
     <span class='ocr_line' id='line_1_70' title="bbox 1898 1125 3469 1206; baseline 0.011 -31"><span class='ocrx_word' id='word_1_539' title='bbox 1898 1125 2102 1178; x_wconf 89' lang='lat' dir='ltr'><strong>nuntiat</strong></span> <span class='ocrx_word' id='word_1_540' title='bbox 2127 1126 2454 1192; x_wconf 88' lang='lat' dir='ltr'><strong>adolescens,</strong></span> <span class='ocrx_word' id='word_1_541' title='bbox 2489 1130 2746 1185; x_wconf 91' lang='lat' dir='ltr'><strong>creditum</strong></span> <span class='ocrx_word' id='word_1_542' title='bbox 2771 1143 2853 1187; x_wconf 91' lang='lat' dir='ltr'><strong>est</strong></span> <span class='ocrx_word' id='word_1_543' title='bbox 2877 1134 2946 1197; x_wconf 88' lang='lat' dir='ltr'><strong>ei,</strong></span> <span class='ocrx_word' id='word_1_544' title='bbox 2972 1144 3026 1188; x_wconf 89' lang='lat' dir='ltr'><strong>et</strong></span> <span class='ocrx_word' id='word_1_545' title='bbox 3050 1136 3126 1190; x_wconf 92' lang='lat' dir='ltr'><strong>sic</strong></span> <span class='ocrx_word' id='word_1_546' title='bbox 3152 1145 3331 1206; x_wconf 89' lang='lat' dir='ltr'><strong>postea</strong></span> <span class='ocrx_word' id='word_1_547' title='bbox 3357 1153 3469 1192; x_wconf 86' lang='lat' dir='ltr'><strong>ser-</strong></span> 
     </span>
    </p>
   </div>
   <div class='ocr_carea' id='block_1_71' title="bbox 1897 1219 3468 1297">
    <p class='ocr_par' dir='ltr' id='par_1_71' title="bbox 1897 1219 3468 1297">
     <span class='ocr_line' id='line_1_71' title="bbox 1897 1219 3468 1297; baseline 0.01 -28"><span class='ocrx_word' id='word_1_548' title='bbox 1897 1226 2052 1272; x_wconf 87' lang='lat' dir='ltr'><strong>vatur</strong></span> <span class='ocrx_word' id='word_1_549' title='bbox 2094 1219 2306 1275; x_wconf 88' lang='lat' dir='ltr'><strong>Paulus.</strong></span> <span class='ocrx_word' id='word_1_550' title='bbox 2346 1221 2414 1275; x_wconf 91' lang='lat' dir='ltr'><strong>Et</strong></span> <span class='ocrx_word' id='word_1_551' title='bbox 2447 1223 2490 1276; x_wconf 89' lang='lat' dir='ltr'><strong>si</strong></span> <span class='ocrx_word' id='word_1_552' title='bbox 2529 1238 2556 1274; x_wconf 88' lang='lat' dir='ltr'><strong>a</strong></span> <span class='ocrx_word' id='word_1_553' title='bbox 2597 1238 2753 1277; x_wconf 89' lang='lat' dir='ltr'><strong>causa</strong></span> <span class='ocrx_word' id='word_1_554' title='bbox 2783 1226 2900 1292; x_wconf 91' lang='lat' dir='ltr'><strong>illa,</strong></span> <span class='ocrx_word' id='word_1_555' title='bbox 2932 1227 3161 1297; x_wconf 90' lang='lat' dir='ltr'><strong>inquies,</strong></span> <span class='ocrx_word' id='word_1_556' title='bbox 3192 1229 3468 1284; x_wconf 90' lang='lat' dir='ltr'><strong>absolutus</strong></span> 
     </span>
    </p>
   </div>
   <div class='ocr_carea' id='block_1_72' title="bbox 1897 1312 3466 1376">
    <p class='ocr_par' dir='ltr' id='par_1_72' title="bbox 1897 1312 3466 1376">
     <span class='ocr_line' id='line_1_72' title="bbox 1897 1312 3466 1376; baseline 0.009 -15"><span class='ocrx_word' id='word_1_557' title='bbox 1897 1318 1996 1374; x_wconf 90' lang='lat' dir='ltr'><strong>est,</strong></span> <span class='ocrx_word' id='word_1_558' title='bbox 2024 1324 2120 1363; x_wconf 91' lang='lat' dir='ltr'><strong>cur</strong></span> <span class='ocrx_word' id='word_1_559' title='bbox 2145 1312 2404 1366; x_wconf 89' lang='lat' dir='ltr'><strong>miserunt</strong></span> <span class='ocrx_word' id='word_1_560' title='bbox 2428 1317 2804 1369; x_wconf 81' lang='lat' dir='ltr'><strong>accusatores?</strong></span> <span class='ocrx_word' id='word_1_561' title='bbox 2826 1315 2896 1371; x_wconf 89' lang='lat' dir='ltr'><strong>Ut</strong></span> <span class='ocrx_word' id='word_1_562' title='bbox 2919 1321 3214 1374; x_wconf 90' lang='lat' dir='ltr'><strong>accuratius</strong></span> <span class='ocrx_word' id='word_1_563' title='bbox 3244 1334 3466 1376; x_wconf 81' lang='lat' dir='ltr'><strong>examen</strong></span> 
     </span>
    </p>
   </div>
   <div class='ocr_carea' id='block_1_73' title="bbox 1898 1399 3465 1475">
    <p class='ocr_par' dir='ltr' id='par_1_73' title="bbox 1898 1399 3465 1475">
     <span class='ocr_line' id='line_1_73' title="bbox 1898 1399 3465 1475; baseline 0.008 -23"><span class='ocrx_word' id='word_1_564' title='bbox 1898 1399 2087 1466; x_wconf 91' lang='lat' dir='ltr'><strong>fieret;</strong></span> <span class='ocrx_word' id='word_1_565' title='bbox 2142 1412 2199 1455; x_wconf 92' lang='lat' dir='ltr'><strong>ut</strong></span> <span class='ocrx_word' id='word_1_566' title='bbox 2249 1403 2416 1474; x_wconf 89' lang='lat' dir='ltr'><strong>magis</strong></span> <span class='ocrx_word' id='word_1_567' title='bbox 2472 1404 2562 1460; x_wconf 88' lang='lat' dir='ltr'><strong>ille</strong></span> <span class='ocrx_word' id='word_1_568' title='bbox 2618 1417 2949 1475; x_wconf 89' lang='lat' dir='ltr'><strong>purgaretur.</strong></span> <span class='ocrx_word' id='word_1_569' title='bbox 2997 1408 3152 1464; x_wconf 89' lang='lat' dir='ltr'><strong>Tales</strong></span> <span class='ocrx_word' id='word_1_570' title='bbox 3197 1421 3321 1464; x_wconf 92' lang='lat' dir='ltr'><strong>sunt</strong></span> <span class='ocrx_word' id='word_1_571' title='bbox 3369 1411 3465 1466; x_wconf 92' lang='lat' dir='ltr'><strong>Dei</strong></span> 
     </span>
    </p>
   </div>
   <div class='ocr_carea' id='block_1_74' title="bbox 1895 1492 3457 1572">
    <p class='ocr_par' dir='ltr' id='par_1_74' title="bbox 1895 1492 3457 1572">
     <span class='ocr_line' id='line_1_74' title="bbox 1895 1492 3457 1572; baseline 0.009 -27"><span class='ocrx_word' id='word_1_572' title='bbox 1895 1492 2315 1561; x_wconf 86' lang='lat' dir='ltr'><strong>dispensationes</strong></span> <span class='ocrx_word' id='word_1_573' title='bbox 2345 1513 2358 1550; x_wconf 95' lang='lat'><strong>:</strong></span> <span class='ocrx_word' id='word_1_574' title='bbox 2392 1512 2454 1551; x_wconf 83' lang='lat' dir='ltr'><strong>ex</strong></span> <span class='ocrx_word' id='word_1_575' title='bbox 2485 1499 2674 1568; x_wconf 88' lang='lat' dir='ltr'><strong>quibus</strong></span> <span class='ocrx_word' id='word_1_576' title='bbox 2702 1499 2970 1568; x_wconf 70' lang='lat' dir='ltr'><strong>laedimur,</strong></span> <span class='ocrx_word' id='word_1_577' title='bbox 2997 1516 3062 1556; x_wconf 84' lang='lat' dir='ltr'><strong>ex</strong></span> <span class='ocrx_word' id='word_1_578' title='bbox 3097 1504 3161 1557; x_wconf 93' lang='lat' dir='ltr'><strong>iis</strong></span> <span class='ocrx_word' id='word_1_579' title='bbox 3189 1505 3457 1572; x_wconf 84' lang='lat' dir='ltr'><strong>juvamur.</strong></span> 
     </span>
    </p>
   </div>
   <div class='ocr_carea' id='block_1_75' title="bbox 1894 1585 3455 1661">
    <p class='ocr_par' dir='ltr' id='par_1_75' title="bbox 1894 1585 3455 1661">
     <span class='ocr_line' id='line_1_75' title="bbox 1894 1585 3455 1661; baseline 0.009 -23"><span class='ocrx_word' id='word_1_580' title='bbox 1894 1585 1972 1639; x_wconf 91' lang='lat' dir='ltr'><strong>sic</strong></span> <span class='ocrx_word' id='word_1_581' title='bbox 1998 1596 2052 1640; x_wconf 91' lang='lat' dir='ltr'><strong>et</strong></span> <span class='ocrx_word' id='word_1_582' title='bbox 2077 1585 2272 1657; x_wconf 81' lang='lat' dir='ltr'><strong>Ioseph</strong></span> <span class='ocrx_word' id='word_1_583' title='bbox 2299 1589 2503 1643; x_wconf 90' lang='lat' dir='ltr'><strong>insidiis</strong></span> <span class='ocrx_word' id='word_1_584' title='bbox 2533 1591 2887 1660; x_wconf 90' lang='lat' dir='ltr'><strong>impetebatur</strong></span> <span class='ocrx_word' id='word_1_585' title='bbox 2917 1609 2944 1645; x_wconf 91' lang='lat' dir='ltr'><strong>a</strong></span> <span class='ocrx_word' id='word_1_586' title='bbox 2976 1593 3219 1661; x_wconf 89' lang='lat' dir='ltr'><strong>domina;</strong></span> <span class='ocrx_word' id='word_1_587' title='bbox 3253 1605 3309 1651; x_wconf 92' lang='lat' dir='ltr'><strong>et</strong></span> <span class='ocrx_word' id='word_1_588' title='bbox 3329 1596 3455 1652; x_wconf 91' lang='lat' dir='ltr'><strong>dum</strong></span> 
     </span>
    </p>
   </div>
   <div class='ocr_carea' id='block_1_76' title="bbox 1894 1676 3464 1749">
    <p class='ocr_par' dir='ltr' id='par_1_76' title="bbox 1894 1676 3464 1749">
     <span class='ocr_line' id='line_1_76' title="bbox 1894 1676 3464 1749; baseline 0.008 -18"><span class='ocrx_word' id='word_1_589' title='bbox 1894 1676 1985 1731; x_wconf 89' lang='lat' dir='ltr'><strong>illa</strong></span> <span class='ocrx_word' id='word_1_590' title='bbox 2040 1677 2310 1734; x_wconf 85' lang='lat' dir='ltr'><strong>videretur</strong></span> <span class='ocrx_word' id='word_1_591' title='bbox 2336 1681 2412 1734; x_wconf 91' lang='lat' dir='ltr'><strong>illi</strong></span> <span class='ocrx_word' id='word_1_592' title='bbox 2445 1681 2704 1749; x_wconf 91' lang='lat' dir='ltr'><strong>insidiari,</strong></span> <span class='ocrx_word' id='word_1_593' title='bbox 2734 1684 2784 1737; x_wconf 92' lang='lat' dir='ltr'><strong>in</strong></span> <span class='ocrx_word' id='word_1_594' title='bbox 2815 1685 3100 1741; x_wconf 85' lang='lat' dir='ltr'><strong>securitate</strong></span> <span class='ocrx_word' id='word_1_595' title='bbox 3146 1689 3418 1742; x_wconf 88' lang='lat' dir='ltr'><strong>constituit</strong></span> <span class='ocrx_word' id='word_1_596' title='bbox 3445 1708 3464 1744; x_wconf 91' lang='lat'><strong>:</strong></span> 
     </span>
    </p>
   </div>
   <div class='ocr_carea' id='block_1_77' title="bbox 1892 1770 3460 1850">
    <p class='ocr_par' dir='ltr' id='par_1_77' title="bbox 1892 1770 3460 1850">
     <span class='ocr_line' id='line_1_77' title="bbox 1892 1770 3460 1850; baseline 0.01 -29"><span class='ocrx_word' id='word_1_597' title='bbox 1892 1782 2078 1824; x_wconf 90' lang='lat' dir='ltr'><strong>carcer</strong></span> <span class='ocrx_word' id='word_1_598' title='bbox 2105 1770 2244 1826; x_wconf 91' lang='lat' dir='ltr'><strong>enim</strong></span> <span class='ocrx_word' id='word_1_599' title='bbox 2277 1771 2433 1842; x_wconf 90' lang='lat' dir='ltr'><strong>longe</strong></span> <span class='ocrx_word' id='word_1_600' title='bbox 2462 1774 2641 1828; x_wconf 90' lang='lat' dir='ltr'><strong>mitior</strong></span> <span class='ocrx_word' id='word_1_601' title='bbox 2666 1785 2781 1829; x_wconf 91' lang='lat' dir='ltr'><strong>erat</strong></span> <span class='ocrx_word' id='word_1_602' title='bbox 2807 1775 2969 1831; x_wconf 93' lang='lat' dir='ltr'><strong>domo</strong></span> <span class='ocrx_word' id='word_1_603' title='bbox 2991 1778 3010 1850; x_wconf 94' lang='lat'><strong>(</strong></span> <span class='ocrx_word' id='word_1_604' title='bbox 3029 1777 3156 1834; x_wconf 86' lang='lat' dir='ltr'><strong>Gen.</strong></span> <span class='ocrx_word' id='word_1_605' title='bbox 3209 1779 3315 1850; x_wconf 76' lang='lat'><strong>39)</strong></span> <span class='ocrx_word' id='word_1_606' title='bbox 3338 1822 3355 1847; x_wconf 95' lang='lat'><strong>,</strong></span> <span class='ocrx_word' id='word_1_607' title='bbox 3408 1782 3460 1835; x_wconf 94' lang='lat' dir='ltr'><strong>in</strong></span> 
     </span>
    </p>
   </div>
   <div class='ocr_carea' id='block_1_78' title="bbox 1892 1859 3462 1938">
    <p class='ocr_par' dir='ltr' id='par_1_78' title="bbox 1892 1859 3462 1938">
     <span class='ocr_line' id='line_1_78' title="bbox 1892 1859 3462 1938; baseline 0.01 -26"><span class='ocrx_word' id='word_1_608' title='bbox 1892 1874 1995 1928; x_wconf 89' lang='lat' dir='ltr'><strong>qua</strong></span> <span class='ocrx_word' id='word_1_609' title='bbox 2034 1859 2148 1915; x_wconf 88' lang='lat' dir='ltr'><strong>fera</strong></span> <span class='ocrx_word' id='word_1_610' title='bbox 2197 1862 2285 1917; x_wconf 90' lang='lat' dir='ltr'><strong>illa</strong></span> <span class='ocrx_word' id='word_1_611' title='bbox 2315 1865 2668 1920; x_wconf 87' lang='lat' dir='ltr'><strong>nutriebatur.</strong></span> <span class='ocrx_word' id='word_1_612' title='bbox 2720 1866 2832 1922; x_wconf 91' lang='lat' dir='ltr'><strong>Illic</strong></span> <span class='ocrx_word' id='word_1_613' title='bbox 2856 1869 2995 1922; x_wconf 89' lang='lat' dir='ltr'><strong>enim</strong></span> <span class='ocrx_word' id='word_1_614' title='bbox 3025 1884 3144 1923; x_wconf 90' lang='lat' dir='ltr'><strong>cum</strong></span> <span class='ocrx_word' id='word_1_615' title='bbox 3172 1879 3332 1938; x_wconf 88' lang='lat' dir='ltr'><strong>esset,</strong></span> <span class='ocrx_word' id='word_1_616' title='bbox 3362 1873 3462 1927; x_wconf 83' lang='lat' dir='ltr'><strong>etsi</strong></span> 
     </span>
    </p>
   </div>
   <div class='ocr_carea' id='block_1_79' title="bbox 1894 1952 3461 2028">
    <p class='ocr_par' dir='ltr' id='par_1_79' title="bbox 1894 1952 3461 2028">
     <span class='ocr_line' id='line_1_79' title="bbox 1894 1952 3461 2028; baseline 0.009 -25"><span class='ocrx_word' id='word_1_617' title='bbox 1894 1952 2282 2008; x_wconf 88' lang='lat' dir='ltr'><strong>ministraretur</strong></span> <span class='ocrx_word' id='word_1_618' title='bbox 2302 1955 2422 2024; x_wconf 89' lang='lat' dir='ltr'><strong>ipsi,</strong></span> <span class='ocrx_word' id='word_1_619' title='bbox 2445 1964 2500 2010; x_wconf 91' lang='lat' dir='ltr'><strong>at</strong></span> <span class='ocrx_word' id='word_1_620' title='bbox 2527 1957 2577 2009; x_wconf 93' lang='lat' dir='ltr'><strong>in</strong></span> <span class='ocrx_word' id='word_1_621' title='bbox 2603 1966 2748 2011; x_wconf 91' lang='lat' dir='ltr'><strong>metu</strong></span> <span class='ocrx_word' id='word_1_622' title='bbox 2770 1971 2980 2028; x_wconf 88' lang='lat' dir='ltr'><strong>semper</strong></span> <span class='ocrx_word' id='word_1_623' title='bbox 2999 1970 3134 2026; x_wconf 91' lang='lat' dir='ltr'><strong>erat,</strong></span> <span class='ocrx_word' id='word_1_624' title='bbox 3159 1975 3227 2015; x_wconf 92' lang='lat' dir='ltr'><strong>ne</strong></span> <span class='ocrx_word' id='word_1_625' title='bbox 3247 1961 3461 2017; x_wconf 90' lang='lat' dir='ltr'><strong>domina</strong></span> 
     </span>
    </p>
   </div>
   <div class='ocr_carea' id='block_1_80' title="bbox 1891 2043 3461 2117">
    <p class='ocr_par' dir='ltr' id='par_1_80' title="bbox 1891 2043 3461 2117">
     <span class='ocr_line' id='line_1_80' title="bbox 1891 2043 3461 2117; baseline 0.008 -23"><span class='ocrx_word' id='word_1_626' title='bbox 1891 2055 1951 2094; x_wconf 91' lang='lat' dir='ltr'><strong>se</strong></span> <span class='ocrx_word' id='word_1_627' title='bbox 1975 2043 2351 2113; x_wconf 76' lang='lat' dir='ltr'><strong>aggrederetur</strong></span> <span class='ocrx_word' id='word_1_628' title='bbox 2373 2087 2388 2111; x_wconf 95' lang='lat'><strong>,</strong></span> <span class='ocrx_word' id='word_1_629' title='bbox 2421 2055 2474 2100; x_wconf 91' lang='lat' dir='ltr'><strong>et</strong></span> <span class='ocrx_word' id='word_1_630' title='bbox 2499 2061 2718 2102; x_wconf 88' lang='lat' dir='ltr'><strong>carcere</strong></span> <span class='ocrx_word' id='word_1_631' title='bbox 2746 2050 2961 2117; x_wconf 78' lang='lat' dir='ltr'><strong>gravior</strong></span> <span class='ocrx_word' id='word_1_632' title='bbox 2988 2050 3063 2104; x_wconf 91' lang='lat' dir='ltr'><strong>illi</strong></span> <span class='ocrx_word' id='word_1_633' title='bbox 3094 2061 3266 2107; x_wconf 89' lang='lat' dir='ltr'><strong>metus</strong></span> <span class='ocrx_word' id='word_1_634' title='bbox 3294 2053 3461 2107; x_wconf 90' lang='lat' dir='ltr'><strong>insta-</strong></span> 
     </span>
    </p>
   </div>
   <div class='ocr_carea' id='block_1_81' title="bbox 1890 2133 3460 2203">
    <p class='ocr_par' dir='ltr' id='par_1_81' title="bbox 1890 2133 3460 2203">
     <span class='ocr_line' id='line_1_81' title="bbox 1890 2133 3460 2203; baseline 0.007 -16"><span class='ocrx_word' id='word_1_635' title='bbox 1890 2133 1980 2187; x_wconf 89' lang='lat' dir='ltr'><strong>bat</strong></span> <span class='ocrx_word' id='word_1_636' title='bbox 2006 2153 2018 2188; x_wconf 90' lang='lat'><strong>:</strong></span> <span class='ocrx_word' id='word_1_637' title='bbox 2049 2145 2170 2203; x_wconf 90' lang='lat' dir='ltr'><strong>post</strong></span> <span class='ocrx_word' id='word_1_638' title='bbox 2195 2137 2588 2191; x_wconf 88' lang='lat' dir='ltr'><strong>accusationem</strong></span> <span class='ocrx_word' id='word_1_639' title='bbox 2614 2147 2790 2192; x_wconf 88' lang='lat' dir='ltr'><strong>autem</strong></span> <span class='ocrx_word' id='word_1_640' title='bbox 2823 2140 2873 2194; x_wconf 88' lang='lat' dir='ltr'><strong>in</strong></span> <span class='ocrx_word' id='word_1_641' title='bbox 2905 2143 3193 2197; x_wconf 86' lang='lat' dir='ltr'><strong>securitate</strong></span> <span class='ocrx_word' id='word_1_642' title='bbox 3245 2143 3460 2199; x_wconf 91' lang='lat' dir='ltr'><strong>demum</strong></span> 
     </span>
    </p>
   </div>
   <div class='ocr_carea' id='block_1_82' title="bbox 1891 2225 3462 2302">
    <p class='ocr_par' dir='ltr' id='par_1_82' title="bbox 1891 2225 3462 2302">
     <span class='ocr_line' id='line_1_82' title="bbox 1891 2225 3462 2302; baseline 0.009 -25"><span class='ocrx_word' id='word_1_643' title='bbox 1891 2234 1945 2278; x_wconf 89' lang='lat' dir='ltr'><strong>et</strong></span> <span class='ocrx_word' id='word_1_644' title='bbox 1993 2225 2175 2294; x_wconf 90' lang='lat' dir='ltr'><strong>quiete</strong></span> <span class='ocrx_word' id='word_1_645' title='bbox 2217 2226 2464 2296; x_wconf 75' lang='lat' dir='ltr'><strong>degebat,</strong></span> <span class='ocrx_word' id='word_1_646' title='bbox 2495 2227 2564 2282; x_wconf 90' lang='lat' dir='ltr'><strong>ab</strong></span> <span class='ocrx_word' id='word_1_647' title='bbox 2605 2228 2747 2283; x_wconf 91' lang='lat' dir='ltr'><strong>illius</strong></span> <span class='ocrx_word' id='word_1_648' title='bbox 2785 2230 2913 2284; x_wconf 69' lang='lat' dir='ltr'><strong>ferae</strong></span> <span class='ocrx_word' id='word_1_649' title='bbox 2955 2240 3009 2286; x_wconf 92' lang='lat' dir='ltr'><strong>et</strong></span> <span class='ocrx_word' id='word_1_650' title='bbox 3058 2233 3382 2302; x_wconf 90' lang='lat' dir='ltr'><strong>turpitudine</strong></span> <span class='ocrx_word' id='word_1_651' title='bbox 3406 2247 3462 2291; x_wconf 91' lang='lat' dir='ltr'><strong>et</strong></span> 
     </span>
    </p>
   </div>
   <div class='ocr_carea' id='block_1_83' title="bbox 1891 2315 3461 2392">
    <p class='ocr_par' dir='ltr' id='par_1_83' title="bbox 1891 2315 3461 2392">
     <span class='ocr_line' id='line_1_83' title="bbox 1891 2315 3461 2392; baseline 0.008 -23"><span class='ocrx_word' id='word_1_652' title='bbox 1891 2315 2094 2370; x_wconf 90' lang='lat' dir='ltr'><strong>insidiis</strong></span> <span class='ocrx_word' id='word_1_653' title='bbox 2151 2317 2403 2372; x_wconf 90' lang='lat' dir='ltr'><strong>liberatus</strong></span> <span class='ocrx_word' id='word_1_654' title='bbox 2438 2340 2450 2374; x_wconf 95' lang='lat'><strong>:</strong></span> <span class='ocrx_word' id='word_1_655' title='bbox 2477 2319 2764 2388; x_wconf 89' lang='lat' dir='ltr'><strong>jucundius</strong></span> <span class='ocrx_word' id='word_1_656' title='bbox 2813 2322 2954 2376; x_wconf 92' lang='lat' dir='ltr'><strong>cnim</strong></span> <span class='ocrx_word' id='word_1_657' title='bbox 3007 2322 3109 2392; x_wconf 85' lang='lat' dir='ltr'><strong>ipsi</strong></span> <span class='ocrx_word' id='word_1_658' title='bbox 3165 2333 3282 2378; x_wconf 90' lang='lat' dir='ltr'><strong>erat</strong></span> <span class='ocrx_word' id='word_1_659' title='bbox 3337 2341 3461 2381; x_wconf 89' lang='lat' dir='ltr'><strong>cum</strong></span> 
     </span>
    </p>
   </div>
   <div class='ocr_carea' id='block_1_84' title="bbox 1890 2407 3463 2481">
    <p class='ocr_par' dir='ltr' id='par_1_84' title="bbox 1890 2407 3463 2481">
     <span class='ocr_line' id='line_1_84' title="bbox 1890 2407 3463 2481; baseline 0.01 -23"><span class='ocrx_word' id='word_1_660' title='bbox 1890 2409 2206 2462; x_wconf 72' lang='lat' dir='ltr'><strong>mrumnosis</strong></span> <span class='ocrx_word' id='word_1_661' title='bbox 2235 2407 2535 2464; x_wconf 88' lang='lat' dir='ltr'><strong>hominibus</strong></span> <span class='ocrx_word' id='word_1_662' title='bbox 2562 2410 2776 2480; x_wconf 86' lang='lat' dir='ltr'><strong>degere,</strong></span> <span class='ocrx_word' id='word_1_663' title='bbox 2808 2427 2965 2481; x_wconf 88' lang='lat' dir='ltr'><strong>quam</strong></span> <span class='ocrx_word' id='word_1_664' title='bbox 2988 2428 3107 2469; x_wconf 92' lang='lat' dir='ltr'><strong>cum</strong></span> <span class='ocrx_word' id='word_1_665' title='bbox 3135 2414 3340 2471; x_wconf 89' lang='lat' dir='ltr'><strong>furente</strong></span> <span class='ocrx_word' id='word_1_666' title='bbox 3367 2417 3463 2472; x_wconf 86' lang='lat' dir='ltr'><strong>do—</strong></span> 
     </span>
    </p>
   </div>
   <div class='ocr_carea' id='block_1_85' title="bbox 1890 2495 3463 2577">
    <p class='ocr_par' dir='ltr' id='par_1_85' title="bbox 1890 2495 3463 2577">
     <span class='ocr_line' id='line_1_85' title="bbox 1890 2495 3463 2577; baseline 0.009 -30"><span class='ocrx_word' id='word_1_667' title='bbox 1890 2496 2050 2550; x_wconf 90' lang='lat' dir='ltr'><strong>mina.</strong></span> <span class='ocrx_word' id='word_1_668' title='bbox 2076 2495 2235 2551; x_wconf 89' lang='lat' dir='ltr'><strong>Isthic</strong></span> <span class='ocrx_word' id='word_1_669' title='bbox 2254 2513 2380 2567; x_wconf 89' lang='lat' dir='ltr'><strong>ergo</strong></span> <span class='ocrx_word' id='word_1_670' title='bbox 2405 2500 2639 2569; x_wconf 89' lang='lat' dir='ltr'><strong>seipsum</strong></span> <span class='ocrx_word' id='word_1_671' title='bbox 2668 2503 3060 2570; x_wconf 89' lang='lat' dir='ltr'><strong>consolabatur,</strong></span> <span class='ocrx_word' id='word_1_672' title='bbox 3086 2505 3224 2573; x_wconf 87' lang='lat' dir='ltr'><strong>quod</strong></span> <span class='ocrx_word' id='word_1_673' title='bbox 3248 2516 3463 2577; x_wconf 90' lang='lat' dir='ltr'><strong>pr0ptcr</strong></span> 
     </span>
    </p>
   </div>
   <div class='ocr_carea' id='block_1_86' title="bbox 1889 2587 3460 2663">
    <p class='ocr_par' dir='ltr' id='par_1_86' title="bbox 1889 2587 3460 2663">
     <span class='ocr_line' id='line_1_86' title="bbox 1889 2587 3460 2663; baseline 0.01 -25"><span class='ocrx_word' id='word_1_674' title='bbox 1889 2587 2181 2642; x_wconf 91' lang='lat' dir='ltr'><strong>castitatem</strong></span> <span class='ocrx_word' id='word_1_675' title='bbox 2231 2603 2296 2643; x_wconf 92' lang='lat' dir='ltr'><strong>eo</strong></span> <span class='ocrx_word' id='word_1_676' title='bbox 2344 2589 2645 2657; x_wconf 88' lang='lat' dir='ltr'><strong>incidisset;</strong></span> <span class='ocrx_word' id='word_1_677' title='bbox 2693 2592 2802 2648; x_wconf 92' lang='lat' dir='ltr'><strong>illic</strong></span> <span class='ocrx_word' id='word_1_678' title='bbox 2850 2610 2976 2648; x_wconf 89' lang='lat' dir='ltr'><strong>vero</strong></span> <span class='ocrx_word' id='word_1_679' title='bbox 3023 2595 3280 2663; x_wconf 89' lang='lat' dir='ltr'><strong>timebat,</strong></span> <span class='ocrx_word' id='word_1_680' title='bbox 3312 2614 3378 2653; x_wconf 92' lang='lat' dir='ltr'><strong>ne</strong></span> <span class='ocrx_word' id='word_1_681' title='bbox 3408 2599 3460 2653; x_wconf 94' lang='lat' dir='ltr'><strong>in</strong></span> 
     </span>
    </p>
   </div>
   <div class='ocr_carea' id='block_1_87' title="bbox 1888 2680 3462 2757">
    <p class='ocr_par' dir='ltr' id='par_1_87' title="bbox 1888 2680 3462 2757">
     <span class='ocr_line' id='line_1_87' title="bbox 1888 2680 3462 2757; baseline 0.008 -25"><span class='ocrx_word' id='word_1_682' title='bbox 1888 2680 2064 2733; x_wconf 90' lang='lat' dir='ltr'><strong>anima</strong></span> <span class='ocrx_word' id='word_1_683' title='bbox 2089 2681 2292 2750; x_wconf 87' lang='lat' dir='ltr'><strong>plagam</strong></span> <span class='ocrx_word' id='word_1_684' title='bbox 2316 2683 2620 2749; x_wconf 86' lang='lat' dir='ltr'><strong>acciperet:</strong></span> <span class='ocrx_word' id='word_1_685' title='bbox 2648 2687 2868 2741; x_wconf 89' lang='lat' dir='ltr'><strong>muliere</strong></span> <span class='ocrx_word' id='word_1_686' title='bbox 2888 2687 3080 2757; x_wconf 88' lang='lat' dir='ltr'><strong>quippe</strong></span> <span class='ocrx_word' id='word_1_687' title='bbox 3100 2699 3310 2745; x_wconf 90' lang='lat' dir='ltr'><strong>amante</strong></span> <span class='ocrx_word' id='word_1_688' title='bbox 3331 2691 3462 2746; x_wconf 91' lang='lat' dir='ltr'><strong>nihil</strong></span> 
     </span>
    </p>
   </div>
   <div class='ocr_carea' id='block_1_88' title="bbox 1889 2773 3459 2851">
    <p class='ocr_par' dir='ltr' id='par_1_88' title="bbox 1889 2773 3459 2851">
     <span class='ocr_line' id='line_1_88' title="bbox 1889 2773 3459 2851; baseline 0.006 -25"><span class='ocrx_word' id='word_1_689' title='bbox 1889 2773 2089 2827; x_wconf 91' lang='lat' dir='ltr'><strong>nolenti</strong></span> <span class='ocrx_word' id='word_1_690' title='bbox 2113 2773 2294 2842; x_wconf 85' lang='lat' dir='ltr'><strong>juveni</strong></span> <span class='ocrx_word' id='word_1_691' title='bbox 2324 2775 2628 2841; x_wconf 89' lang='lat' dir='ltr'><strong>molestius,</strong></span> <span class='ocrx_word' id='word_1_692' title='bbox 2656 2777 2783 2830; x_wconf 90' lang='lat' dir='ltr'><strong>nihil</strong></span> <span class='ocrx_word' id='word_1_693' title='bbox 2831 2778 3129 2846; x_wconf 91' lang='lat' dir='ltr'><strong>scelestius,</strong></span> <span class='ocrx_word' id='word_1_694' title='bbox 3162 2780 3290 2834; x_wconf 91' lang='lat' dir='ltr'><strong>nihil</strong></span> <span class='ocrx_word' id='word_1_695' title='bbox 3336 2797 3459 2851; x_wconf 88' lang='lat' dir='ltr'><strong>gra-</strong></span> 
     </span>
    </p>
   </div>
   <div class='ocr_carea' id='block_1_89' title="bbox 1887 2862 3464 2943">
    <p class='ocr_par' dir='ltr' id='par_1_89' title="bbox 1887 2862 3464 2943">
     <span class='ocr_line' id='line_1_89' title="bbox 1887 2862 3464 2943; baseline 0.007 -28"><span class='ocrx_word' id='word_1_696' title='bbox 1887 2862 2037 2917; x_wconf 86' lang='lat' dir='ltr'><strong>vius:</strong></span> <span class='ocrx_word' id='word_1_697' title='bbox 2066 2865 2310 2919; x_wconf 90' lang='lat' dir='ltr'><strong>omnibus</strong></span> <span class='ocrx_word' id='word_1_698' title='bbox 2336 2864 2438 2919; x_wconf 89' lang='lat' dir='ltr'><strong>hoc</strong></span> <span class='ocrx_word' id='word_1_699' title='bbox 2463 2867 2687 2921; x_wconf 89' lang='lat' dir='ltr'><strong>vinculis</strong></span> <span class='ocrx_word' id='word_1_700' title='bbox 2707 2869 3143 2924; x_wconf 90' lang='lat' dir='ltr'><strong>onerosissimum</strong></span> <span class='ocrx_word' id='word_1_701' title='bbox 3161 2882 3261 2925; x_wconf 89' lang='lat' dir='ltr'><strong>est.</strong></span> <span class='ocrx_word' id='word_1_702' title='bbox 3283 2871 3464 2943; x_wconf 84' lang='lat' dir='ltr'><strong>Itaque</strong></span> 
     </span>
    </p>
   </div>
   <div class='ocr_carea' id='block_1_90' title="bbox 1888 2953 3460 3021">
    <p class='ocr_par' dir='ltr' id='par_1_90' title="bbox 1888 2953 3460 3021">
     <span class='ocr_line' id='line_1_90' title="bbox 1888 2953 3460 3021; baseline 0.008 -15"><span class='ocrx_word' id='word_1_703' title='bbox 1888 2968 1994 3007; x_wconf 89' lang='lat' dir='ltr'><strong>non</strong></span> <span class='ocrx_word' id='word_1_704' title='bbox 2024 2953 2074 3006; x_wconf 91' lang='lat' dir='ltr'><strong>in</strong></span> <span class='ocrx_word' id='word_1_705' title='bbox 2102 2968 2370 3010; x_wconf 86' lang='lat' dir='ltr'><strong>carcerem</strong></span> <span class='ocrx_word' id='word_1_706' title='bbox 2402 2954 2620 3021; x_wconf 90' lang='lat' dir='ltr'><strong>incidit,</strong></span> <span class='ocrx_word' id='word_1_707' title='bbox 2649 2957 2742 3011; x_wconf 89' lang='lat' dir='ltr'><strong>sed</strong></span> <span class='ocrx_word' id='word_1_708' title='bbox 2764 2973 2791 3010; x_wconf 90' lang='lat' dir='ltr'><strong>a</strong></span> <span class='ocrx_word' id='word_1_709' title='bbox 2819 2973 3034 3013; x_wconf 91' lang='lat' dir='ltr'><strong>carcere</strong></span> <span class='ocrx_word' id='word_1_710' title='bbox 3056 2960 3307 3015; x_wconf 89' lang='lat' dir='ltr'><strong>liberatus</strong></span> <span class='ocrx_word' id='word_1_711' title='bbox 3337 2973 3417 3017; x_wconf 90' lang='lat' dir='ltr'><strong>est</strong></span> <span class='ocrx_word' id='word_1_712' title='bbox 3446 2981 3460 3017; x_wconf 94' lang='lat'><strong>:</strong></span> 
     </span>
    </p>
   </div>
   <div class='ocr_carea' id='block_1_91' title="bbox 1889 3046 3458 3114">
    <p class='ocr_par' dir='ltr' id='par_1_91' title="bbox 1889 3046 3458 3114">
     <span class='ocr_line' id='line_1_91' title="bbox 1889 3046 3458 3114; baseline 0.006 -15"><span class='ocrx_word' id='word_1_713' title='bbox 1889 3046 2157 3100; x_wconf 90' lang='lat' dir='ltr'><strong>inimicum</strong></span> <span class='ocrx_word' id='word_1_714' title='bbox 2189 3047 2262 3100; x_wconf 90' lang='lat' dir='ltr'><strong>illi</strong></span> <span class='ocrx_word' id='word_1_715' title='bbox 2295 3047 2526 3102; x_wconf 90' lang='lat' dir='ltr'><strong>reddidit</strong></span> <span class='ocrx_word' id='word_1_716' title='bbox 2558 3049 2766 3114; x_wconf 92' lang='lat' dir='ltr'><strong>herum,</strong></span> <span class='ocrx_word' id='word_1_717' title='bbox 2800 3051 2895 3105; x_wconf 90' lang='lat' dir='ltr'><strong>sed</strong></span> <span class='ocrx_word' id='word_1_718' title='bbox 2922 3051 3226 3107; x_wconf 87' lang='lat' dir='ltr'><strong>conciliavit</strong></span> <span class='ocrx_word' id='word_1_719' title='bbox 3253 3055 3417 3108; x_wconf 89' lang='lat' dir='ltr'><strong>Deum</strong></span> <span class='ocrx_word' id='word_1_720' title='bbox 3445 3073 3458 3109; x_wconf 94' lang='lat'><strong>:</strong></span> 
     </span>
    </p>
   </div>
   <div class='ocr_carea' id='block_1_92' title="bbox 1888 3140 3461 3215">
    <p class='ocr_par' dir='ltr' id='par_1_92' title="bbox 1888 3140 3461 3215">
     <span class='ocr_line' id='line_1_92' title="bbox 1888 3140 3461 3215; baseline 0.004 -21"><span class='ocrx_word' id='word_1_721' title='bbox 1888 3140 2279 3196; x_wconf 87' lang='lat' dir='ltr'><strong>familiariorem</strong></span> <span class='ocrx_word' id='word_1_722' title='bbox 2299 3143 2468 3212; x_wconf 91' lang='lat' dir='ltr'><strong>ipsum</strong></span> <span class='ocrx_word' id='word_1_723' title='bbox 2489 3143 2718 3199; x_wconf 91' lang='lat' dir='ltr'><strong>reddidit</strong></span> <span class='ocrx_word' id='word_1_724' title='bbox 2733 3159 2861 3199; x_wconf 89' lang='lat' dir='ltr'><strong>vero</strong></span> <span class='ocrx_word' id='word_1_725' title='bbox 2881 3145 3120 3210; x_wconf 87' lang='lat' dir='ltr'><strong>domino,</strong></span> <span class='ocrx_word' id='word_1_726' title='bbox 3139 3145 3293 3215; x_wconf 88' lang='lat' dir='ltr'><strong>ejeeit</strong></span> <span class='ocrx_word' id='word_1_727' title='bbox 3314 3146 3461 3202; x_wconf 89' lang='lat' dir='ltr'><strong>illum</strong></span> 
     </span>
    </p>
   </div>
   <div class='ocr_carea' id='block_1_93' title="bbox 1888 3233 3464 3301">
    <p class='ocr_par' dir='ltr' id='par_1_93' title="bbox 1888 3233 3464 3301">
     <span class='ocr_line' id='line_1_93' title="bbox 1888 3233 3464 3301; baseline 0.004 -15"><span class='ocrx_word' id='word_1_728' title='bbox 1888 3247 1952 3286; x_wconf 87' lang='lat' dir='ltr'><strong>ex</strong></span> <span class='ocrx_word' id='word_1_729' title='bbox 1994 3233 2306 3301; x_wconf 67' lang='lat' dir='ltr'><strong>praefecmra</strong></span> <span class='ocrx_word' id='word_1_730' title='bbox 2359 3234 2551 3288; x_wconf 89' lang='lat' dir='ltr'><strong>domus</strong></span> <span class='ocrx_word' id='word_1_731' title='bbox 2598 3249 2730 3301; x_wconf 80' lang='lat' dir='ltr'><strong>suae,</strong></span> <span class='ocrx_word' id='word_1_732' title='bbox 2758 3235 2848 3289; x_wconf 92' lang='lat' dir='ltr'><strong>sed</strong></span> <span class='ocrx_word' id='word_1_733' title='bbox 2875 3235 3092 3290; x_wconf 91' lang='lat' dir='ltr'><strong>domino</strong></span> <span class='ocrx_word' id='word_1_734' title='bbox 3114 3236 3464 3294; x_wconf 89' lang='lat' dir='ltr'><strong>domesticum</strong></span> 
     </span>
    </p>
   </div>
   <div class='ocr_carea' id='block_1_94' title="bbox 1887 3323 3462 3393">
    <p class='ocr_par' dir='ltr' id='par_1_94' title="bbox 1887 3323 3462 3393">
     <span class='ocr_line' id='line_1_94' title="bbox 1887 3323 3462 3393; baseline 0.003 -13"><span class='ocrx_word' id='word_1_735' title='bbox 1887 3323 2410 3380; x_wconf 80' lang='lat' dir='ltr'><strong>reddidit.~Bursum</strong></span> <span class='ocrx_word' id='word_1_736' title='bbox 2435 3325 2624 3381; x_wconf 80' lang='lat' dir='ltr'><strong>fratres</strong></span> <span class='ocrx_word' id='word_1_737' title='bbox 2653 3327 3021 3393; x_wconf 89' lang='lat' dir='ltr'><strong>vendiderunt,</strong></span> <span class='ocrx_word' id='word_1_738' title='bbox 3048 3327 3142 3382; x_wconf 88' lang='lat' dir='ltr'><strong>sed</strong></span> <span class='ocrx_word' id='word_1_739' title='bbox 3171 3328 3462 3384; x_wconf 90' lang='lat' dir='ltr'><strong>liberarunt</strong></span> 
     </span>
    </p>
   </div>
   <div class='ocr_carea' id='block_1_95' title="bbox 1888 3418 3466 3480">
    <p class='ocr_par' dir='ltr' id='par_1_95' title="bbox 1888 3418 3466 3480">
     <span class='ocr_line' id='line_1_95' title="bbox 1888 3418 3466 3480; baseline 0.004 -8"><span class='ocrx_word' id='word_1_740' title='bbox 1888 3433 2009 3472; x_wconf 88' lang='lat' dir='ltr'><strong>eum</strong></span> <span class='ocrx_word' id='word_1_741' title='bbox 2039 3432 2070 3472; x_wconf 88' lang='lat' dir='ltr'><strong>a</strong></span> <span class='ocrx_word' id='word_1_742' title='bbox 2095 3418 2566 3474; x_wconf 89' lang='lat' dir='ltr'><strong>contubernalibus</strong></span> <span class='ocrx_word' id='word_1_743' title='bbox 2609 3419 2854 3479; x_wconf 87' lang='lat' dir='ltr'><strong>inimicis.</strong></span> <span class='ocrx_word' id='word_1_744' title='bbox 2905 3419 2972 3473; x_wconf 89' lang='lat' dir='ltr'><strong>ab</strong></span> <span class='ocrx_word' id='word_1_745' title='bbox 2993 3420 3188 3475; x_wconf 89' lang='lat' dir='ltr'><strong>invidia</strong></span> <span class='ocrx_word' id='word_1_746' title='bbox 3215 3431 3266 3476; x_wconf 91' lang='lat' dir='ltr'><strong>et</strong></span> <span class='ocrx_word' id='word_1_747' title='bbox 3298 3422 3466 3480; x_wconf 79' lang='lat' dir='ltr'><strong>livore</strong></span> 
     </span>
    </p>
   </div>
   <div class='ocr_carea' id='block_1_96' title="bbox 1889 3512 3467 3585">
    <p class='ocr_par' dir='ltr' id='par_1_96' title="bbox 1889 3512 3467 3585">
     <span class='ocr_line' id='line_1_96' title="bbox 1889 3512 3467 3585; baseline 0.004 -19"><span class='ocrx_word' id='word_1_748' title='bbox 1889 3512 2077 3579; x_wconf 91' lang='lat' dir='ltr'><strong>multo,</strong></span> <span class='ocrx_word' id='word_1_749' title='bbox 2103 3529 2133 3567; x_wconf 93' lang='lat' dir='ltr'><strong>a</strong></span> <span class='ocrx_word' id='word_1_750' title='bbox 2163 3514 2485 3584; x_wconf 88' lang='lat' dir='ltr'><strong>quotidianis</strong></span> <span class='ocrx_word' id='word_1_751' title='bbox 2510 3515 2751 3581; x_wconf 91' lang='lat' dir='ltr'><strong>insidiis;</strong></span> <span class='ocrx_word' id='word_1_752' title='bbox 2803 3516 2948 3570; x_wconf 91' lang='lat' dir='ltr'><strong>illum</strong></span> <span class='ocrx_word' id='word_1_753' title='bbox 2981 3517 3163 3585; x_wconf 91' lang='lat' dir='ltr'><strong>procul</strong></span> <span class='ocrx_word' id='word_1_754' title='bbox 3189 3517 3257 3572; x_wconf 89' lang='lat' dir='ltr'><strong>ab</strong></span> <span class='ocrx_word' id='word_1_755' title='bbox 3282 3518 3467 3573; x_wconf 87' lang='lat' dir='ltr'><strong>odien-</strong></span> 
     </span>
    </p>
   </div>
   <div class='ocr_carea' id='block_1_97' title="bbox 1893 3605 3464 3679">
    <p class='ocr_par' dir='ltr' id='par_1_97' title="bbox 1893 3605 3464 3679">
     <span class='ocr_line' id='line_1_97' title="bbox 1893 3605 3464 3679; baseline 0.004 -21"><span class='ocrx_word' id='word_1_756' title='bbox 1893 3605 2029 3658; x_wconf 90' lang='lat' dir='ltr'><strong>tibus</strong></span> <span class='ocrx_word' id='word_1_757' title='bbox 2063 3620 2120 3660; x_wconf 88' lang='lat' dir='ltr'><strong>se</strong></span> <span class='ocrx_word' id='word_1_758' title='bbox 2146 3605 2514 3660; x_wconf 89' lang='lat' dir='ltr'><strong>amandarunt.</strong></span> <span class='ocrx_word' id='word_1_759' title='bbox 2573 3606 2708 3673; x_wconf 91' lang='lat' dir='ltr'><strong>Quid</strong></span> <span class='ocrx_word' id='word_1_760' title='bbox 2755 3608 2896 3661; x_wconf 92' lang='lat' dir='ltr'><strong>enim</strong></span> <span class='ocrx_word' id='word_1_761' title='bbox 2942 3608 3042 3663; x_wconf 91' lang='lat' dir='ltr'><strong>hac</strong></span> <span class='ocrx_word' id='word_1_762' title='bbox 3088 3625 3148 3663; x_wconf 89' lang='lat' dir='ltr'><strong>re</strong></span> <span class='ocrx_word' id='word_1_763' title='bbox 3193 3608 3464 3679; x_wconf 89' lang='lat' dir='ltr'><strong>deterius,</strong></span> 
     </span>
    </p>
   </div>
   <div class='ocr_carea' id='block_1_98' title="bbox 1890 3694 3464 3771">
    <p class='ocr_par' dir='ltr' id='par_1_98' title="bbox 1890 3694 3464 3771">
     <span class='ocr_line' id='line_1_98' title="bbox 1890 3694 3464 3771; baseline 0.005 -24"><span class='ocrx_word' id='word_1_764' title='bbox 1890 3694 2102 3765; x_wconf 88' lang='lat' dir='ltr'><strong>quando</strong></span> <span class='ocrx_word' id='word_1_765' title='bbox 2127 3696 2244 3765; x_wconf 89' lang='lat' dir='ltr'><strong>quis</strong></span> <span class='ocrx_word' id='word_1_766' title='bbox 2273 3711 2393 3750; x_wconf 91' lang='lat' dir='ltr'><strong>cum</strong></span> <span class='ocrx_word' id='word_1_767' title='bbox 2425 3697 2673 3752; x_wconf 81' lang='lat' dir='ltr'><strong>fratribus</strong></span> <span class='ocrx_word' id='word_1_768' title='bbox 2730 3697 2924 3752; x_wconf 83' lang='lat' dir='ltr'><strong>invidis</strong></span> <span class='ocrx_word' id='word_1_769' title='bbox 2956 3698 3192 3754; x_wconf 90' lang='lat' dir='ltr'><strong>habitare</strong></span> <span class='ocrx_word' id='word_1_770' title='bbox 3219 3701 3425 3771; x_wconf 85' lang='lat' dir='ltr'><strong>cogitur</strong></span> <span class='ocrx_word' id='word_1_771' title='bbox 3448 3743 3464 3768; x_wconf 94' lang='lat'><strong>,</strong></span> 
     </span>
    </p>
   </div>
   <div class='ocr_carea' id='block_1_99' title="bbox 1890 3784 3464 3861">
    <p class='ocr_par' dir='ltr' id='par_1_99' title="bbox 1890 3784 3464 3861">
     <span class='ocr_line' id='line_1_99' title="bbox 1890 3784 3464 3861; baseline 0.005 -24"><span class='ocrx_word' id='word_1_772' title='bbox 1890 3784 2104 3854; x_wconf 91' lang='lat' dir='ltr'><strong>quando</strong></span> <span class='ocrx_word' id='word_1_773' title='bbox 2147 3794 2423 3854; x_wconf 87' lang='lat' dir='ltr'><strong>suspectus</strong></span> <span class='ocrx_word' id='word_1_774' title='bbox 2461 3797 2580 3848; x_wconf 90' lang='lat' dir='ltr'><strong>est,</strong></span> <span class='ocrx_word' id='word_1_775' title='bbox 2611 3797 2666 3841; x_wconf 91' lang='lat' dir='ltr'><strong>et</strong></span> <span class='ocrx_word' id='word_1_776' title='bbox 2692 3787 2896 3841; x_wconf 89' lang='lat' dir='ltr'><strong>insidiis</strong></span> <span class='ocrx_word' id='word_1_777' title='bbox 2943 3788 3246 3859; x_wconf 86' lang='lat' dir='ltr'><strong>appetitur?</strong></span> <span class='ocrx_word' id='word_1_778' title='bbox 3286 3791 3464 3861; x_wconf 86' lang='lat' dir='ltr'><strong>Itaque</strong></span> 
     </span>
    </p>
   </div>
   <div class='ocr_carea' id='block_1_100' title="bbox 1891 3873 3466 3950">
    <p class='ocr_par' dir='ltr' id='par_1_100' title="bbox 1891 3873 3466 3950">
     <span class='ocr_line' id='line_1_100' title="bbox 1891 3873 3466 3950; baseline 0.006 -23"><span class='ocrx_word' id='word_1_779' title='bbox 1891 3874 1992 3928; x_wconf 90' lang='lat' dir='ltr'><strong>alia</strong></span> <span class='ocrx_word' id='word_1_780' title='bbox 2041 3873 2300 3929; x_wconf 89' lang='lat' dir='ltr'><strong>faciebant</strong></span> <span class='ocrx_word' id='word_1_781' title='bbox 2329 3884 2383 3930; x_wconf 90' lang='lat' dir='ltr'><strong>et</strong></span> <span class='ocrx_word' id='word_1_782' title='bbox 2413 3875 2486 3929; x_wconf 90' lang='lat' dir='ltr'><strong>illi</strong></span> <span class='ocrx_word' id='word_1_783' title='bbox 2517 3885 2570 3929; x_wconf 91' lang='lat' dir='ltr'><strong>et</strong></span> <span class='ocrx_word' id='word_1_784' title='bbox 2599 3876 2708 3941; x_wconf 91' lang='lat' dir='ltr'><strong>illa,</strong></span> <span class='ocrx_word' id='word_1_785' title='bbox 2741 3877 2843 3929; x_wconf 89' lang='lat' dir='ltr'><strong>alia</strong></span> <span class='ocrx_word' id='word_1_786' title='bbox 2895 3886 2950 3931; x_wconf 87' lang='lat' dir='ltr'><strong>et</strong></span> <span class='ocrx_word' id='word_1_787' title='bbox 2992 3894 3181 3948; x_wconf 83' lang='lat' dir='ltr'><strong>magna</strong></span> <span class='ocrx_word' id='word_1_788' title='bbox 3211 3881 3466 3950; x_wconf 90' lang='lat' dir='ltr'><strong>projusto</strong></span> 
     </span>
    </p>
   </div>
   <div class='ocr_carea' id='block_1_101' title="bbox 1891 3968 3469 4042">
    <p class='ocr_par' dir='ltr' id='par_1_101' title="bbox 1891 3968 3469 4042">
     <span class='ocr_line' id='line_1_101' title="bbox 1891 3968 3469 4042; baseline 0.004 -21"><span class='ocrx_word' id='word_1_789' title='bbox 1891 3968 2302 4039; x_wconf 88' lang='lat' dir='ltr'><strong>apparabantur.</strong></span> <span class='ocrx_word' id='word_1_790' title='bbox 2358 3968 2489 4023; x_wconf 92' lang='lat' dir='ltr'><strong>Cum</strong></span> <span class='ocrx_word' id='word_1_791' title='bbox 2515 3969 2566 4023; x_wconf 89' lang='lat' dir='ltr'><strong>in</strong></span> <span class='ocrx_word' id='word_1_792' title='bbox 2595 3969 2795 4025; x_wconf 91' lang='lat' dir='ltr'><strong>honore</strong></span> <span class='ocrx_word' id='word_1_793' title='bbox 2820 3971 3067 4041; x_wconf 87' lang='lat' dir='ltr'><strong>degebat,</strong></span> <span class='ocrx_word' id='word_1_794' title='bbox 3099 3984 3223 4027; x_wconf 88' lang='lat' dir='ltr'><strong>tunc</strong></span> <span class='ocrx_word' id='word_1_795' title='bbox 3245 3974 3295 4027; x_wconf 90' lang='lat' dir='ltr'><strong>in</strong></span> <span class='ocrx_word' id='word_1_796' title='bbox 3327 3975 3469 4042; x_wconf 87' lang='lat' dir='ltr'><strong>peri-</strong></span> 
     </span>
    </p>
   </div>
   <div class='ocr_carea' id='block_1_102' title="bbox 1892 4060 3463 4130">
    <p class='ocr_par' dir='ltr' id='par_1_102' title="bbox 1892 4060 3463 4130">
     <span class='ocr_line' id='line_1_102' title="bbox 1892 4060 3463 4130; baseline 0.002 -17"><span class='ocrx_word' id='word_1_797' title='bbox 1892 4060 2014 4114; x_wconf 92' lang='lat' dir='ltr'><strong>culo</strong></span> <span class='ocrx_word' id='word_1_798' title='bbox 2060 4069 2203 4128; x_wconf 89' lang='lat' dir='ltr'><strong>erat;</strong></span> <span class='ocrx_word' id='word_1_799' title='bbox 2249 4075 2372 4113; x_wconf 89' lang='lat' dir='ltr'><strong>cum</strong></span> <span class='ocrx_word' id='word_1_800' title='bbox 2416 4061 2466 4112; x_wconf 92' lang='lat' dir='ltr'><strong>in</strong></span> <span class='ocrx_word' id='word_1_801' title='bbox 2517 4060 2825 4130; x_wconf 88' lang='lat' dir='ltr'><strong>ignominia,</strong></span> <span class='ocrx_word' id='word_1_802' title='bbox 2872 4071 2995 4117; x_wconf 91' lang='lat' dir='ltr'><strong>tunc</strong></span> <span class='ocrx_word' id='word_1_803' title='bbox 3037 4063 3089 4116; x_wconf 90' lang='lat' dir='ltr'><strong>in</strong></span> <span class='ocrx_word' id='word_1_804' title='bbox 3134 4065 3463 4118; x_wconf 88' lang='lat' dir='ltr'><strong>securitate:</strong></span> 
     </span>
    </p>
   </div>
   <div class='ocr_carea' id='block_1_103' title="bbox 1892 4152 3465 4225">
    <p class='ocr_par' dir='ltr' id='par_1_103' title="bbox 1892 4152 3465 4225">
     <span class='ocr_line' id='line_1_103' title="bbox 1892 4152 3465 4225; baseline 0.003 -19"><span class='ocrx_word' id='word_1_805' title='bbox 1892 4167 1997 4207; x_wconf 92' lang='lat' dir='ltr'><strong>non</strong></span> <span class='ocrx_word' id='word_1_806' title='bbox 2028 4168 2290 4208; x_wconf 89' lang='lat' dir='ltr'><strong>memores</strong></span> <span class='ocrx_word' id='word_1_807' title='bbox 2315 4152 2430 4222; x_wconf 87' lang='lat' dir='ltr'><strong>ejus</strong></span> <span class='ocrx_word' id='word_1_808' title='bbox 2458 4162 2609 4208; x_wconf 90' lang='lat' dir='ltr'><strong>erant</strong></span> <span class='ocrx_word' id='word_1_809' title='bbox 2632 4153 2896 4219; x_wconf 90' lang='lat' dir='ltr'><strong>eunuchi;</strong></span> <span class='ocrx_word' id='word_1_810' title='bbox 2920 4165 2974 4209; x_wconf 92' lang='lat' dir='ltr'><strong>et</strong></span> <span class='ocrx_word' id='word_1_811' title='bbox 2998 4156 3133 4211; x_wconf 91' lang='lat' dir='ltr'><strong>bene</strong></span> <span class='ocrx_word' id='word_1_812' title='bbox 3160 4174 3174 4210; x_wconf 91' lang='lat'><strong>:</strong></span> <span class='ocrx_word' id='word_1_813' title='bbox 3205 4168 3262 4209; x_wconf 90' lang='lat' dir='ltr'><strong>ut</strong></span> <span class='ocrx_word' id='word_1_814' title='bbox 3288 4156 3465 4225; x_wconf 90' lang='lat' dir='ltr'><strong>splen-</strong></span> 
     </span>
    </p>
   </div>
   <div class='ocr_carea' id='block_1_104' title="bbox 1892 4245 3463 4318">
    <p class='ocr_par' dir='ltr' id='par_1_104' title="bbox 1892 4245 3463 4318">
     <span class='ocr_line' id='line_1_104' title="bbox 1892 4245 3463 4318; baseline 0.001 -17"><span class='ocrx_word' id='word_1_815' title='bbox 1892 4245 2064 4301; x_wconf 92' lang='lat' dir='ltr'><strong>didior</strong></span> <span class='ocrx_word' id='word_1_816' title='bbox 2084 4246 2232 4301; x_wconf 90' lang='lat' dir='ltr'><strong>fieret</strong></span> <span class='ocrx_word' id='word_1_817' title='bbox 2255 4247 2428 4301; x_wconf 83' lang='lat' dir='ltr'><strong>exitus</strong></span> <span class='ocrx_word' id='word_1_818' title='bbox 2452 4261 2630 4312; x_wconf 89' lang='lat' dir='ltr'><strong>causa,</strong></span> <span class='ocrx_word' id='word_1_819' title='bbox 2663 4254 2826 4316; x_wconf 86' lang='lat' dir='ltr'><strong>utque</strong></span> <span class='ocrx_word' id='word_1_820' title='bbox 2850 4262 2956 4302; x_wconf 92' lang='lat' dir='ltr'><strong>non</strong></span> <span class='ocrx_word' id='word_1_821' title='bbox 2987 4247 3231 4302; x_wconf 75' lang='lat' dir='ltr'><strong>humana:</strong></span> <span class='ocrx_word' id='word_1_822' title='bbox 3260 4249 3463 4318; x_wconf 70' lang='lat' dir='ltr'><strong>gratim,</strong></span> 
     </span>
    </p>
   </div>
   <div class='ocr_carea' id='block_1_105' title="bbox 1894 4337 3468 4409">
    <p class='ocr_par' dir='ltr' id='par_1_105' title="bbox 1894 4337 3468 4409">
     <span class='ocr_line' id='line_1_105' title="bbox 1894 4337 3468 4409; baseline 0.001 -16"><span class='ocrx_word' id='word_1_823' title='bbox 1894 4337 1986 4393; x_wconf 85' lang='lat' dir='ltr'><strong>sed</strong></span> <span class='ocrx_word' id='word_1_824' title='bbox 2007 4338 2198 4393; x_wconf 75' lang='lat' dir='ltr'><strong>divina:</strong></span> <span class='ocrx_word' id='word_1_825' title='bbox 2220 4338 2566 4409; x_wconf 68' lang='lat' dir='ltr'><strong>providentia:</strong></span> <span class='ocrx_word' id='word_1_826' title='bbox 2594 4347 2762 4393; x_wconf 91' lang='lat' dir='ltr'><strong>totum</strong></span> <span class='ocrx_word' id='word_1_827' title='bbox 2792 4339 3217 4394; x_wconf 89' lang='lat' dir='ltr'><strong>adscriberetur:</strong></span> <span class='ocrx_word' id='word_1_828' title='bbox 3249 4350 3305 4394; x_wconf 93' lang='lat' dir='ltr'><strong>ut</strong></span> <span class='ocrx_word' id='word_1_829' title='bbox 3334 4349 3468 4395; x_wconf 77' lang='lat' dir='ltr'><strong>tem-</strong></span> 
     </span>
    </p>
   </div>
   <div class='ocr_carea' id='block_1_106' title="bbox 1893 4431 3468 4501">
    <p class='ocr_par' dir='ltr' id='par_1_106' title="bbox 1893 4431 3468 4501">
     <span class='ocr_line' id='line_1_106' title="bbox 1893 4431 3468 4501; baseline 0.001 -15"><span class='ocrx_word' id='word_1_830' title='bbox 1893 4432 2094 4501; x_wconf 89' lang='lat' dir='ltr'><strong>pestive</strong></span> <span class='ocrx_word' id='word_1_831' title='bbox 2118 4431 2263 4486; x_wconf 90' lang='lat' dir='ltr'><strong>illum</strong></span> <span class='ocrx_word' id='word_1_832' title='bbox 2283 4431 2347 4485; x_wconf 91' lang='lat' dir='ltr'><strong>ad</strong></span> <span class='ocrx_word' id='word_1_833' title='bbox 2371 4446 2521 4485; x_wconf 90' lang='lat' dir='ltr'><strong>usum</strong></span> <span class='ocrx_word' id='word_1_834' title='bbox 2541 4431 2871 4487; x_wconf 89' lang='lat' dir='ltr'><strong>constituens</strong></span> <span class='ocrx_word' id='word_1_835' title='bbox 2890 4432 3169 4498; x_wconf 88' lang='lat' dir='ltr'><strong>educeret;</strong></span> <span class='ocrx_word' id='word_1_836' title='bbox 3189 4442 3244 4486; x_wconf 93' lang='lat' dir='ltr'><strong>ut</strong></span> <span class='ocrx_word' id='word_1_837' title='bbox 3263 4431 3468 4488; x_wconf 88' lang='lat' dir='ltr'><strong>Pharao</strong></span> 
     </span>
    </p>
   </div>
   <div class='ocr_carea' id='block_1_107' title="bbox 1894 4521 3467 4594">
    <p class='ocr_par' dir='ltr' id='par_1_107' title="bbox 1894 4521 3467 4594">
     <span class='ocr_line' id='line_1_107' title="bbox 1894 4521 3467 4594; baseline 0.001 -18"><span class='ocrx_word' id='word_1_838' title='bbox 1894 4536 2002 4576; x_wconf 92' lang='lat' dir='ltr'><strong>non</strong></span> <span class='ocrx_word' id='word_1_839' title='bbox 2027 4521 2344 4577; x_wconf 86' lang='lat' dir='ltr'><strong>beneficium</strong></span> <span class='ocrx_word' id='word_1_840' title='bbox 2375 4522 2508 4577; x_wconf 91' lang='lat' dir='ltr'><strong>dans</strong></span> <span class='ocrx_word' id='word_1_841' title='bbox 2527 4563 2542 4588; x_wconf 94' lang='lat'><strong>,</strong></span> <span class='ocrx_word' id='word_1_842' title='bbox 2570 4522 2662 4578; x_wconf 82' lang='lat' dir='ltr'><strong>sed</strong></span> <span class='ocrx_word' id='word_1_843' title='bbox 2691 4523 2759 4577; x_wconf 91' lang='lat' dir='ltr'><strong>ab</strong></span> <span class='ocrx_word' id='word_1_844' title='bbox 2785 4538 2850 4578; x_wconf 91' lang='lat' dir='ltr'><strong>eo</strong></span> <span class='ocrx_word' id='word_1_845' title='bbox 2876 4525 3141 4593; x_wconf 88' lang='lat' dir='ltr'><strong>accipiens</strong></span> <span class='ocrx_word' id='word_1_846' title='bbox 3158 4563 3173 4589; x_wconf 93' lang='lat'><strong>,</strong></span> <span class='ocrx_word' id='word_1_847' title='bbox 3205 4525 3378 4594; x_wconf 90' lang='lat' dir='ltr'><strong>ipsum</strong></span> <span class='ocrx_word' id='word_1_848' title='bbox 3399 4539 3467 4578; x_wconf 89' lang='lat' dir='ltr'><strong>ex</strong></span> 
     </span>
    </p>
   </div>
   <div class='ocr_carea' id='block_1_108' title="bbox 1893 4611 3464 4682">
    <p class='ocr_par' dir='ltr' id='par_1_108' title="bbox 1893 4611 3464 4682">
     <span class='ocr_line' id='line_1_108' title="bbox 1893 4611 3464 4682; baseline 0.001 -16"><span class='ocrx_word' id='word_1_849' title='bbox 1893 4627 2108 4667; x_wconf 90' lang='lat' dir='ltr'><strong>carcere</strong></span> <span class='ocrx_word' id='word_1_850' title='bbox 2136 4611 2374 4680; x_wconf 90' lang='lat' dir='ltr'><strong>ejiceret.</strong></span> <span class='ocrx_word' id='word_1_851' title='bbox 2423 4612 2538 4667; x_wconf 83' lang='lat' dir='ltr'><strong>Non</strong></span> <span class='ocrx_word' id='word_1_852' title='bbox 2570 4614 2849 4682; x_wconf 88' lang='lat' dir='ltr'><strong>oportebat</strong></span> <span class='ocrx_word' id='word_1_853' title='bbox 2875 4614 3068 4669; x_wconf 89' lang='lat' dir='ltr'><strong>servile</strong></span> <span class='ocrx_word' id='word_1_854' title='bbox 3092 4615 3289 4670; x_wconf 91' lang='lat' dir='ltr'><strong>donum</strong></span> <span class='ocrx_word' id='word_1_855' title='bbox 3324 4630 3464 4679; x_wconf 85' lang='lat' dir='ltr'><strong>esse,</strong></span> 
     </span>
    </p>
   </div>
   <div class='ocr_carea' id='block_1_109' title="bbox 1894 4702 3467 4774">
    <p class='ocr_par' dir='ltr' id='par_1_109' title="bbox 1894 4702 3467 4774">
     <span class='ocr_line' id='line_1_109' title="bbox 1894 4702 3467 4774; baseline 0.001 -17"><span class='ocrx_word' id='word_1_856' title='bbox 1894 4702 1988 4757; x_wconf 88' lang='lat' dir='ltr'><strong>sed</strong></span> <span class='ocrx_word' id='word_1_857' title='bbox 2017 4717 2195 4772; x_wconf 85' lang='lat' dir='ltr'><strong>regem</strong></span> <span class='ocrx_word' id='word_1_858' title='bbox 2223 4703 2540 4757; x_wconf 89' lang='lat' dir='ltr'><strong>necessitate</strong></span> <span class='ocrx_word' id='word_1_859' title='bbox 2570 4704 2686 4772; x_wconf 90' lang='lat' dir='ltr'><strong>cogi</strong></span> <span class='ocrx_word' id='word_1_860' title='bbox 2711 4721 2725 4756; x_wconf 91' lang='lat'><strong>:</strong></span> <span class='ocrx_word' id='word_1_861' title='bbox 2753 4705 3031 4773; x_wconf 86' lang='lat' dir='ltr'><strong>oportebat</strong></span> <span class='ocrx_word' id='word_1_862' title='bbox 3072 4705 3211 4760; x_wconf 88' lang='lat' dir='ltr'><strong>illius</strong></span> <span class='ocrx_word' id='word_1_863' title='bbox 3252 4706 3467 4774; x_wconf 81' lang='lat' dir='ltr'><strong>sapien-</strong></span> 
     </span>
    </p>
   </div>
   <div class='ocr_carea' id='block_1_110' title="bbox 1897 4794 3469 4858">
    <p class='ocr_par' dir='ltr' id='par_1_110' title="bbox 1897 4794 3469 4858">
     <span class='ocr_line' id='line_1_110' title="bbox 1897 4794 3469 4858; baseline -0.001 -9"><span class='ocrx_word' id='word_1_864' title='bbox 1897 4795 2019 4849; x_wconf 88' lang='lat' dir='ltr'><strong>tiam</strong></span> <span class='ocrx_word' id='word_1_865' title='bbox 2048 4794 2382 4849; x_wconf 89' lang='lat' dir='ltr'><strong>manifestam</strong></span> <span class='ocrx_word' id='word_1_866' title='bbox 2411 4809 2550 4850; x_wconf 87' lang='lat' dir='ltr'><strong>esse.</strong></span> <span class='ocrx_word' id='word_1_867' title='bbox 2583 4795 2709 4850; x_wconf 89' lang='lat' dir='ltr'><strong>Ideo</strong></span> <span class='ocrx_word' id='word_1_868' title='bbox 2730 4796 3061 4851; x_wconf 90' lang='lat' dir='ltr'><strong>obliviscitur</strong></span> <span class='ocrx_word' id='word_1_869' title='bbox 3088 4796 3381 4858; x_wconf 85' lang='lat' dir='ltr'><strong>eunuchus,</strong></span> <span class='ocrx_word' id='word_1_870' title='bbox 3413 4805 3469 4849; x_wconf 94' lang='lat' dir='ltr'><strong>ut</strong></span> 
     </span>
    </p>
   </div>
   <div class='ocr_carea' id='block_1_111' title="bbox 1895 4885 3468 4958">
    <p class='ocr_par' dir='ltr' id='par_1_111' title="bbox 1895 4885 3468 4958">
     <span class='ocr_line' id='line_1_111' title="bbox 1895 4885 3468 4958; baseline -0.002 -18"><span class='ocrx_word' id='word_1_871' title='bbox 1895 4902 1962 4941; x_wconf 89' lang='lat' dir='ltr'><strong>ne</strong></span> <span class='ocrx_word' id='word_1_872' title='bbox 1983 4887 2142 4942; x_wconf 89' lang='lat' dir='ltr'><strong>lateat</strong></span> <span class='ocrx_word' id='word_1_873' title='bbox 2166 4886 2471 4958; x_wconf 62' lang='lat' dir='ltr'><strong>Egyptum,</strong></span> <span class='ocrx_word' id='word_1_874' title='bbox 2505 4896 2561 4941; x_wconf 93' lang='lat' dir='ltr'><strong>ut</strong></span> <span class='ocrx_word' id='word_1_875' title='bbox 2588 4903 2656 4942; x_wconf 91' lang='lat' dir='ltr'><strong>ne</strong></span> <span class='ocrx_word' id='word_1_876' title='bbox 2681 4886 2826 4940; x_wconf 87' lang='lat' dir='ltr'><strong>illum</strong></span> <span class='ocrx_word' id='word_1_877' title='bbox 2855 4902 2948 4941; x_wconf 88' lang='lat' dir='ltr'><strong>rex</strong></span> <span class='ocrx_word' id='word_1_878' title='bbox 2977 4887 3206 4955; x_wconf 88' lang='lat' dir='ltr'><strong>ignoret.</strong></span> <span class='ocrx_word' id='word_1_879' title='bbox 3259 4885 3314 4940; x_wconf 88' lang='lat' dir='ltr'><strong>Si</strong></span> <span class='ocrx_word' id='word_1_880' title='bbox 3344 4895 3468 4940; x_wconf 89' lang='lat' dir='ltr'><strong>tunc</strong></span> 
     </span>
    </p>
   </div>
   <div class='ocr_carea' id='block_1_112' title="bbox 1895 4977 3468 5042">
    <p class='ocr_par' dir='ltr' id='par_1_112' title="bbox 1895 4977 3468 5042">
     <span class='ocr_line' id='line_1_112' title="bbox 1895 4977 3468 5042; baseline -0.003 -11"><span class='ocrx_word' id='word_1_881' title='bbox 1895 4978 2116 5032; x_wconf 86' lang='lat' dir='ltr'><strong>eductus</strong></span> <span class='ocrx_word' id='word_1_882' title='bbox 2157 4977 2360 5042; x_wconf 90' lang='lat' dir='ltr'><strong>fuisset,</strong></span> <span class='ocrx_word' id='word_1_883' title='bbox 2385 4977 2521 5032; x_wconf 91' lang='lat' dir='ltr'><strong>forte</strong></span> <span class='ocrx_word' id='word_1_884' title='bbox 2553 4977 2808 5031; x_wconf 88' lang='lat' dir='ltr'><strong>voluisset</strong></span> <span class='ocrx_word' id='word_1_885' title='bbox 2847 4978 2902 5030; x_wconf 91' lang='lat' dir='ltr'><strong>in</strong></span> <span class='ocrx_word' id='word_1_886' title='bbox 2942 4985 3136 5029; x_wconf 90' lang='lat' dir='ltr'><strong>terram</strong></span> <span class='ocrx_word' id='word_1_887' title='bbox 3180 4990 3328 5029; x_wconf 90' lang='lat' dir='ltr'><strong>suam</strong></span> <span class='ocrx_word' id='word_1_888' title='bbox 3381 4991 3468 5028; x_wconf 86' lang='lat' dir='ltr'><strong>re-</strong></span> 
     </span>
    </p>
   </div>
   <div class='ocr_carea' id='block_1_113' title="bbox 1894 5067 3463 5136">
    <p class='ocr_par' dir='ltr' id='par_1_113' title="bbox 1894 5067 3463 5136">
     <span class='ocr_line' id='line_1_113' title="bbox 1894 5067 3463 5136; baseline -0.003 -12"><span class='ocrx_word' id='word_1_889' title='bbox 1894 5068 2056 5124; x_wconf 87' lang='lat' dir='ltr'><strong>verti:</strong></span> <span class='ocrx_word' id='word_1_890' title='bbox 2083 5067 2304 5136; x_wconf 88' lang='lat' dir='ltr'><strong>ideoque</strong></span> <span class='ocrx_word' id='word_1_891' title='bbox 2322 5068 2463 5122; x_wconf 89' lang='lat' dir='ltr'><strong>mille</strong></span> <span class='ocrx_word' id='word_1_892' title='bbox 2491 5067 2894 5122; x_wconf 90' lang='lat' dir='ltr'><strong>necessitatibus</strong></span> <span class='ocrx_word' id='word_1_893' title='bbox 2923 5067 3176 5120; x_wconf 89' lang='lat' dir='ltr'><strong>retinetur</strong></span> <span class='ocrx_word' id='word_1_894' title='bbox 3199 5084 3211 5120; x_wconf 89' lang='lat'><strong>:</strong></span> <span class='ocrx_word' id='word_1_895' title='bbox 3236 5067 3463 5136; x_wconf 89' lang='lat' dir='ltr'><strong>primum</strong></span> 
     </span>
    </p>
   </div>
   <div class='ocr_carea' id='block_1_114' title="bbox 1896 5154 3471 5227">
    <p class='ocr_par' dir='ltr' id='par_1_114' title="bbox 1896 5154 3471 5227">
     <span class='ocr_line' id='line_1_114' title="bbox 1896 5154 3471 5227; baseline 0 -14"><span class='ocrx_word' id='word_1_896' title='bbox 1896 5159 2152 5224; x_wconf 90' lang='lat' dir='ltr'><strong>dominio,</strong></span> <span class='ocrx_word' id='word_1_897' title='bbox 2198 5158 2393 5213; x_wconf 90' lang='lat' dir='ltr'><strong>deinde</strong></span> <span class='ocrx_word' id='word_1_898' title='bbox 2443 5172 2694 5222; x_wconf 89' lang='lat' dir='ltr'><strong>carcere,</strong></span> <span class='ocrx_word' id='word_1_899' title='bbox 2723 5157 2880 5212; x_wconf 91' lang='lat' dir='ltr'><strong>tertio</strong></span> <span class='ocrx_word' id='word_1_900' title='bbox 2927 5158 2978 5211; x_wconf 93' lang='lat' dir='ltr'><strong>in</strong></span> <span class='ocrx_word' id='word_1_901' title='bbox 3024 5171 3227 5227; x_wconf 88' lang='lat' dir='ltr'><strong>regno,</strong></span> <span class='ocrx_word' id='word_1_902' title='bbox 3260 5167 3318 5211; x_wconf 92' lang='lat' dir='ltr'><strong>ut</strong></span> <span class='ocrx_word' id='word_1_903' title='bbox 3357 5154 3471 5213; x_wconf 57' lang='lat' dir='ltr'><strong>haec</strong></span> 
     </span>
    </p>
   </div>
   <div class='ocr_carea' id='block_1_115' title="bbox 1897 5251 3470 5322">
    <p class='ocr_par' dir='ltr' id='par_1_115' title="bbox 1897 5251 3470 5322">
     <span class='ocr_line' id='line_1_115' title="bbox 1897 5251 3470 5322; baseline -0.003 -14"><span class='ocrx_word' id='word_1_904' title='bbox 1897 5253 2348 5322; x_wconf 87' lang='lat' dir='ltr'><strong>dispensarentur.</strong></span> <span class='ocrx_word' id='word_1_905' title='bbox 2377 5252 2526 5308; x_wconf 88' lang='lat' dir='ltr'><strong>Sicut</strong></span> <span class='ocrx_word' id='word_1_906' title='bbox 2545 5265 2671 5322; x_wconf 84' lang='lat' dir='ltr'><strong>ergo</strong></span> <span class='ocrx_word' id='word_1_907' title='bbox 2697 5264 3014 5319; x_wconf 88' lang='lat' dir='ltr'><strong>generosum</strong></span> <span class='ocrx_word' id='word_1_908' title='bbox 3037 5265 3228 5318; x_wconf 90' lang='lat' dir='ltr'><strong>equum</strong></span> <span class='ocrx_word' id='word_1_909' title='bbox 3251 5251 3318 5304; x_wconf 91' lang='lat' dir='ltr'><strong>ad</strong></span> <span class='ocrx_word' id='word_1_910' title='bbox 3345 5264 3470 5304; x_wconf 86' lang='lat' dir='ltr'><strong>suos</strong></span> 
     </span>
    </p>
   </div>
   <div class='ocr_carea' id='block_1_116' title="bbox 1898 5341 3472 5412">
    <p class='ocr_par' dir='ltr' id='par_1_116' title="bbox 1898 5341 3472 5412">
     <span class='ocr_line' id='line_1_116' title="bbox 1898 5341 3472 5412; baseline -0.004 -11"><span class='ocrx_word' id='word_1_911' title='bbox 1898 5346 2109 5401; x_wconf 83' lang='lat' dir='ltr'><strong>exsilire</strong></span> <span class='ocrx_word' id='word_1_912' title='bbox 2129 5343 2414 5407; x_wconf 88' lang='lat' dir='ltr'><strong>volentem,</strong></span> <span class='ocrx_word' id='word_1_913' title='bbox 2443 5345 2579 5400; x_wconf 82' lang='lat' dir='ltr'><strong>Deus</strong></span> <span class='ocrx_word' id='word_1_914' title='bbox 2624 5359 2744 5398; x_wconf 89' lang='lat' dir='ltr'><strong>eum</strong></span> <span class='ocrx_word' id='word_1_915' title='bbox 2791 5343 2945 5397; x_wconf 90' lang='lat' dir='ltr'><strong>isthic</strong></span> <span class='ocrx_word' id='word_1_916' title='bbox 2971 5342 3228 5412; x_wconf 82' lang='lat' dir='ltr'><strong>gloriosas</strong></span> <span class='ocrx_word' id='word_1_917' title='bbox 3253 5341 3323 5396; x_wconf 88' lang='lat' dir='ltr'><strong>ob</strong></span> <span class='ocrx_word' id='word_1_918' title='bbox 3346 5357 3472 5396; x_wconf 85' lang='lat' dir='ltr'><strong>cau-</strong></span> 
     </span>
    </p>
   </div>
   <div class='ocr_carea' id='block_1_117' title="bbox 1897 5433 3470 5505">
    <p class='ocr_par' dir='ltr' id='par_1_117' title="bbox 1897 5433 3470 5505">
     <span class='ocr_line' id='line_1_117' title="bbox 1897 5433 3470 5505; baseline -0.003 -14"><span class='ocrx_word' id='word_1_919' title='bbox 1897 5451 1986 5491; x_wconf 89' lang='lat' dir='ltr'><strong>sas</strong></span> <span class='ocrx_word' id='word_1_920' title='bbox 2011 5435 2247 5489; x_wconf 89' lang='lat' dir='ltr'><strong>retinuit.</strong></span> <span class='ocrx_word' id='word_1_921' title='bbox 2294 5434 2446 5502; x_wconf 90' lang='lat' dir='ltr'><strong>Quod</strong></span> <span class='ocrx_word' id='word_1_922' title='bbox 2473 5434 2612 5489; x_wconf 90' lang='lat' dir='ltr'><strong>enim</strong></span> <span class='ocrx_word' id='word_1_923' title='bbox 2643 5443 2846 5505; x_wconf 85' lang='lat' dir='ltr'><strong>patrem</strong></span> <span class='ocrx_word' id='word_1_924' title='bbox 2876 5433 3058 5488; x_wconf 89' lang='lat' dir='ltr'><strong>videre</strong></span> <span class='ocrx_word' id='word_1_925' title='bbox 3104 5443 3331 5504; x_wconf 85' lang='lat' dir='ltr'><strong>optaret,</strong></span> <span class='ocrx_word' id='word_1_926' title='bbox 3362 5443 3416 5487; x_wconf 89' lang='lat' dir='ltr'><strong>et</strong></span> <span class='ocrx_word' id='word_1_927' title='bbox 3441 5449 3470 5486; x_wconf 89' lang='lat' dir='ltr'><strong>a</strong></span> 
     </span>
    </p>
   </div>
   <div class='ocr_carea' id='block_1_118' title="bbox 1900 5524 3470 5597">
    <p class='ocr_par' dir='ltr' id='par_1_118' title="bbox 1900 5524 3470 5597">
     <span class='ocr_line' id='line_1_118' title="bbox 1900 5524 3470 5597; baseline -0.002 -16"><span class='ocrx_word' id='word_1_928' title='bbox 1900 5527 2084 5582; x_wconf 85' lang='lat' dir='ltr'><strong>dolore</strong></span> <span class='ocrx_word' id='word_1_929' title='bbox 2113 5525 2349 5590; x_wconf 89' lang='lat' dir='ltr'><strong>liberari,</strong></span> <span class='ocrx_word' id='word_1_930' title='bbox 2399 5526 2572 5596; x_wconf 86' lang='lat' dir='ltr'><strong>palam</strong></span> <span class='ocrx_word' id='word_1_931' title='bbox 2601 5538 2683 5581; x_wconf 90' lang='lat' dir='ltr'><strong>est</strong></span> <span class='ocrx_word' id='word_1_932' title='bbox 2702 5542 2769 5582; x_wconf 85' lang='lat' dir='ltr'><strong>ex</strong></span> <span class='ocrx_word' id='word_1_933' title='bbox 2797 5542 2863 5580; x_wconf 90' lang='lat' dir='ltr'><strong>co</strong></span> <span class='ocrx_word' id='word_1_934' title='bbox 2883 5567 2898 5594; x_wconf 95' lang='lat'><strong>,</strong></span> <span class='ocrx_word' id='word_1_935' title='bbox 2929 5525 3068 5597; x_wconf 89' lang='lat' dir='ltr'><strong>quod</strong></span> <span class='ocrx_word' id='word_1_936' title='bbox 3094 5526 3265 5596; x_wconf 89' lang='lat' dir='ltr'><strong>ipsum</strong></span> <span class='ocrx_word' id='word_1_937' title='bbox 3297 5524 3470 5580; x_wconf 87' lang='lat' dir='ltr'><strong>isthuc</strong></span> 
     </span>
    </p>
   </div>
   <div class='ocr_carea' id='block_1_119' title="bbox 1899 5618 2168 5674">
    <p class='ocr_par' dir='ltr' id='par_1_119' title="bbox 1899 5618 2168 5674">
     <span class='ocr_line' id='line_1_119' title="bbox 1899 5618 2168 5674; baseline -0.004 -2"><span class='ocrx_word' id='word_1_938' title='bbox 1899 5618 2168 5674; x_wconf 82' lang='lat' dir='ltr'><strong>acciverit.</strong></span> 
     </span>
    </p>
   </div>
   <div class='ocr_carea' id='block_1_120' title="bbox 1973 5706 3470 5782">
    <p class='ocr_par' dir='ltr' id='par_1_120' title="bbox 1973 5706 3470 5782">
     <span class='ocr_line' id='line_1_120' title="bbox 1973 5706 3470 5782; baseline -0.005 -16"><span class='ocrx_word' id='word_1_939' title='bbox 1973 5714 2026 5766; x_wconf 74' lang='grc'><strong>4.</strong></span> <span class='ocrx_word' id='word_1_940' title='bbox 2059 5711 2228 5766; x_wconf 85' lang='lat' dir='ltr'><strong>Vultis</strong></span> <span class='ocrx_word' id='word_1_941' title='bbox 2254 5711 2383 5766; x_wconf 86' lang='lat' dir='ltr'><strong>alias</strong></span> <span class='ocrx_word' id='word_1_942' title='bbox 2412 5727 2620 5782; x_wconf 87' lang='lat' dir='ltr'><strong>quoque</strong></span> <span class='ocrx_word' id='word_1_943' title='bbox 2640 5712 2916 5768; x_wconf 87' lang='lat' dir='ltr'><strong>videamus</strong></span> <span class='ocrx_word' id='word_1_944' title='bbox 2945 5710 3181 5774; x_wconf 87' lang='lat' dir='ltr'><strong>insidias,</strong></span> <span class='ocrx_word' id='word_1_945' title='bbox 3207 5706 3344 5778; x_wconf 88' lang='lat' dir='ltr'><strong>quod</strong></span> <span class='ocrx_word' id='word_1_946' title='bbox 3371 5718 3470 5774; x_wconf 90' lang='lat' dir='ltr'><strong>pro</strong></span> 
     </span>
    </p>
   </div>
  </div>
