4002 6224
528 276 634 334 343

528 388 684 443 nobis
714 384 841 441 ﬁant
861 425 874 448 ,
904 397 1008 439 non
1038 378 1195 435 modo
1221 379 1361 449 quod
1391 378 1690 434 mercedem
1721 378 1969 442 habeant,
2000 377 2093 432 sed

529 480 687 535 etiam
722 478 772 531 in
808 476 925 544 ipso
950 484 1187 541 tempore
1218 486 1312 542 pro
1340 472 1491 527 nobis
1517 471 1744 526 faciant?
1771 471 1934 541 Hujus
1961 472 2095 541 patri

532 582 748 641 patruus
777 569 939 638 ipsius
963 567 1237 621 insidiatus
1256 573 1359 629 est,
1389 574 1444 620 et
1462 580 1582 619 eum
1610 580 1638 617 a
1668 564 1835 632 patria
1862 562 2094 632 expulit:

527 664 653 733 quid
683 664 845 732 ergo?
866 661 1037 729 Ipsum
1060 674 1268 728 quoque
1283 658 1465 728 procul
1489 672 1518 711 a
1538 656 1773 727 periculo
1792 656 2094 719 constituit;

528 769 650 807 nam
692 754 743 807 in
787 762 899 807 tuto
930 752 1018 808 ille
1061 752 1197 806 fuit:
1228 750 1461 807 reddidit
1504 765 1625 804 eum
1664 750 1830 819 magis
1866 748 2098 819 philoso-

529 842 716 911 phum,
740 842 865 897 fecit
884 852 943 896 ut
962 837 1165 895 videret
1184 841 1468 895 somnium.
1490 840 1596 895 Sed
1619 840 1835 895 servivit
1852 840 1901 892 in
1927 840 2097 893 aliena

530 934 711 989 terra?
745 934 936 988 Verum
964 934 1031 987 ad
1058 948 1184 987 suos
1209 930 1475 1002 profectus
1500 947 1749 1001 sponsam
1776 932 1967 999 accipit
1986 931 2096 996 ille,

530 1032 585 1078 et
612 1024 802 1094 dignus
832 1024 1039 1077 videtur
1068 1038 1273 1078 socero.
1301 1022 1404 1077 Sed
1433 1022 1641 1091 decepit
1665 1030 1719 1076 et
1744 1021 1867 1076 ille?
1897 1020 2001 1075 Sed
2030 1021 2099 1074 il-

530 1116 621 1170 lud
652 1118 700 1169 in
731 1117 925 1170 bonum
952 1117 1142 1179 cessit,
1174 1124 1231 1169 ut
1260 1116 1542 1169 nmltornm
1572 1115 1795 1169 ﬁliorum
1829 1123 1977 1183 pater
2003 1114 2099 1168 lie-

532 1218 636 1263 ret.
664 1208 765 1263 Sed
790 1210 954 1263 voluit
979 1209 1253 1262 insidiari?
1282 1210 1349 1261 At
1387 1208 1487 1261 hoc
1516 1208 1675 1262 etiam
1709 1207 1759 1260 in
1786 1206 1980 1261 bonum
2013 1222 2101 1260 ce-

534 1299 631 1362 dit,
664 1310 720 1353 ut
748 1300 960 1355 demum
984 1300 1048 1352 ad
1074 1308 1265 1353 terram
1302 1314 1450 1353 suam
1482 1299 1711 1353 rediret:
1739 1314 1859 1352 nam
1887 1300 1929 1353 si
1965 1299 2015 1352 iu
2042 1313 2101 1352 re

535 1405 789 1459 prosliera
821 1392 1038 1455 fuisset,
1073 1406 1175 1443 non
1215 1391 1283 1443 ita
1322 1390 1542 1458 patriam
1585 1388 1956 1443 desiderasset.
1996 1388 2100 1443 Sed

537 1480 835 1535 mercedem
864 1482 934 1535 illi
966 1481 1215 1534 abstulit?
1236 1483 1304 1535 At
1325 1480 1494 1549 major
1519 1480 1709 1535 deinde
1735 1479 1851 1533 fuit.
1877 1479 1964 1534 Sic
1989 1479 2105 1533 ubi-

533 1588 635 1641 que
665 1582 863 1642 quanto
890 1575 1057 1643 magis
1084 1573 1289 1627 insidiis
1327 1574 1733 1642 impetebantur,
1762 1580 1907 1625 tanto
1937 1572 2103 1639 magis

537 1678 625 1716 res
662 1664 894 1732 ipsorum
923 1664 1203 1719 ﬂorebant.
1238 1664 1347 1718 Nisi
1382 1664 1636 1733 majorem
1681 1663 1949 1728 duxisset,
1996 1679 2100 1717 non

535 1757 643 1808 cito
672 1754 858 1809 fuisset
889 1763 965 1809 tot
998 1754 1224 1810 ﬁliorum
1254 1763 1434 1825 pater;
1464 1756 1559 1810 sed
1590 1754 1640 1808 in
1670 1754 1897 1809 orbitate
1922 1755 1939 1785 ¹
1970 1755 2106 1808 mul-

536 1854 648 1899 tum
676 1846 931 1915 temporis
961 1847 1255 1915 exegisset,
1286 1854 1341 1899 et
1371 1846 1597 1900 lusisset
1622 1857 1681 1899 ut
1709 1860 1847 1900 uxor
1870 1860 1983 1899 sua.
2012 1844 2103 1898 llla

537 1956 765 2010 namque
810 1940 998 1995 merito
1035 1940 1279 2009 lugebat,
1311 1953 1376 1993 eo
1404 1938 1544 2008 quod
1580 1953 1687 1993 non
1724 1947 1865 1994 esset
1901 1947 2101 2003 mater;

536 2032 652 2098 ipse
681 2046 807 2084 vero
838 2031 1258 2085 consolationem
1296 2030 1454 2085 habet
1486 2046 1499 2081 :
1529 2030 1649 2085 ideo
1683 2031 1848 2099 ipsam
1875 2031 2101 2099 repellit.

538 2122 738 2176 Rursus
768 2121 813 2176 si
851 2138 955 2175 non
987 2122 1131 2175 illum
1158 2137 1188 2175 a
1219 2121 1466 2176 mercede
1493 2121 1771 2190 privasset,
1802 2136 1905 2175 nou
1929 2130 2109 2191 optas-

537 2224 618 2269 set
642 2214 825 2270 videre
847 2222 1040 2269 terram
1070 2228 1242 2293 suam,
1266 2229 1439 2283 neque
1466 2214 1793 2283 philosophia
1817 2215 1911 2268 viri
1941 2230 2105 2283 appa-

540 2306 764 2369 ruisset,
799 2321 897 2360 nec
924 2307 1091 2376 magis
1121 2306 1195 2360 illi
1232 2305 1519 2361 familiares
1548 2305 1668 2360 facti
1699 2305 1942 2360 fuissent.
1977 2305 2108 2361 Vide

538 2413 766 2467 namque
803 2399 927 2467 quid
961 2399 1139 2453 dicant
1166 2416 1179 2450 :
1212 2398 1512 2453 Devorando
1540 2400 1791 2453 devoravit
1815 2416 1908 2452 nos
1942 2409 1989 2453 et
2023 2416 2109 2452 ar-

537 2498 740 2557 gentum
762 2500 984 2542 nostrum
1003 2489 1157 2559 (Gen.
1176 2492 1264 2545 51.
1286 2492 1399 2561 l5).
1420 2491 1599 2560 Itaque
1618 2493 1717 2545 hoc
1735 2492 1930 2545 amoris
1950 2507 2109 2548 causa

540 2578 657 2632 fuit.
690 2579 921 2633 Ancillas
948 2580 1161 2634 demum
1191 2578 1375 2634 habuit
1400 2596 1494 2649 pro
1520 2582 1772 2636 uxoribus
1790 2622 1806 2647 ,
1843 2592 1895 2637 et
1920 2582 2108 2653 dilige-

538 2670 693 2724 batur
721 2672 788 2724 ab
813 2672 945 2737 illis,
976 2673 1059 2727 cui
1087 2674 1408 2742 possessioni
1438 2674 1579 2727 nulla
1608 2675 1838 2730 conferri
1875 2677 2107 2744 poterit:

541 2760 670 2814 nihil
697 2762 837 2815 enim
862 2764 1143 2831 pretiosius
1170 2779 1324 2833 quam
1352 2766 1513 2819 amari
1539 2765 1607 2819 ab
1636 2781 1820 2831 uxore,
1850 2777 1902 2821 et
1931 2782 2112 2822 amare

541 2850 705 2904 illam.
732 2850 797 2903 Et
828 2868 977 2918 uxor,
1002 2853 1191 2923 inquit,
1219 2855 1324 2909 viro
1350 2858 1665 2911 consentiens
1694 2856 1884 2926 (Eccli.
1910 2858 1999 2912 25.
2026 2856 2107 2927 2).

542 2943 687 2997 llanc
719 2959 878 2998 unam
916 2945 1053 3001 inter
1079 2946 1431 3002 heatitudiues
1457 2949 1603 3018 ponit
1637 2948 1858 3018 Sapiens
1883 2966 1898 3004 :
1926 2954 1978 3004 in
2008 2948 2111 3005 hoc

540 3035 682 3087 enim
721 3051 907 3091 omnes
937 3037 1133 3092 divitia:
1152 3077 1169 3103 ,
1212 3040 1386 3094 omnis
1414 3037 1637 3094 felicitas
1667 3041 1947 3095 consistit:
1976 3041 2114 3095 sicut

541 3126 584 3180 si
614 3127 737 3181 illud
767 3144 870 3183 non
901 3129 990 3194 sit,
1020 3130 1118 3183 alia
1148 3130 1279 3184 nihil
1304 3131 1523 3199 juvant,
1553 3131 1645 3184 sed
1676 3132 1927 3187 subversa
1954 3141 2107 3198 sunt,

541 3228 598 3272 et
636 3221 949 3276 insuavitate
978 3220 1393 3291 confusioneque
1424 3222 1599 3291 plena.
1626 3221 1786 3293 Igitur
1806 3232 1860 3277 et
1885 3238 1983 3278 nos
2012 3223 2115 3278 hoc

544 3326 655 3381 pra:
679 3313 926 3367 omnibus
961 3328 1282 3382 quteramus.
1320 3314 1418 3380 Qui
1455 3315 1706 3384 pecunias
1740 3315 1965 3385 quaerit,
2007 3330 2114 3371 non

543 3406 645 3460 hoc
672 3405 882 3474 quierit.
912 3404 1036 3460 Hac
1059 3419 1380 3475 quaeramus,
1409 3421 1528 3476 qua:
1550 3407 1699 3460 ﬁrma
1724 3420 1844 3462 esse
1868 3418 2112 3476 possunt.

545 3560 825 3670 “latera.
850 3567 902 3611 et
922 3560 1116 3624 quidam
1138 3559 1219 3611 alii
1244 3559 1435 3625 legunt,
1470 3562 1851 3627 peregrinatione
1867 3599 1882 3626 ,
1901 3577 2009 3628 pro,
2033 3578 2113 3616 or-

1248 265 1303 323 S.
1343 264 1618 322 JOANNlS
1654 262 2121 321 CHRYSOSTOMI
2159 261 2472 320 ARCHIEP.
2508 261 3028 320 CONSTANTINOP.

3666 264 3773 323 ω

2276 376 2417 431 Uxor
2442 392 2671 446 quamam
2690 376 2941 431 ducenda.
2964 407 3033 417 —
3049 376 3125 432 Ne
3142 392 3442 448 quaeramus
3463 381 3675 448 nuptias
3703 397 3774 436 ex

2202 468 2467 537 opulentis
2481 509 2495 531 ,
2527 482 2595 522 ne
2615 483 2746 538 opes
2769 469 2949 522 nimim
2968 470 3117 523 uxori
3144 470 3397 525 suadeant
3415 478 3476 525 ut
3497 472 3664 525 altum
3690 487 3777 525 sa-

2202 561 2331 629 piat,
2362 574 2430 614 ne
2457 573 2646 614 sensus
2672 560 2762 614 ille
2790 574 2949 613 causa
2979 562 3049 614 sit
3076 562 3449 631 corruptionis.
3478 561 3595 616 Non
3624 563 3777 619 vides

2203 654 2328 723 quid
2374 653 2561 709 fecerit
2598 654 2777 708 Deus?
2805 653 3072 722 quomodo
3113 654 3258 707 illam
3296 654 3594 709 subdiderit
3620 656 3645 709 ‘t
3668 655 3779 711 Cur

2205 746 2443 815 ingratus
2462 746 2557 800 es?
2579 760 2675 800 cur
2697 746 2813 801 sine
2834 747 3027 801 sensu?
3053 745 3204 814 Quod
3231 746 3321 799 tibi
3347 761 3411 799 ex
3439 756 3626 800 natura
3647 761 3779 801 con-

2204 838 2397 901 cessit,
2428 836 2529 892 hoc
2569 845 2623 890 tu
2663 853 2730 891 ne
2768 852 3075 906 corrumpas
3103 837 3375 891 auxilium.
3411 836 3527 891 Non
3560 848 3619 891 ut
3644 854 3778 907 opu.

2205 929 2400 983 lentam
2432 943 2671 997 quaerere
2699 938 2929 999 oportet,
2959 928 3052 982 sed
3078 937 3135 981 ut
3152 929 3275 982 vitae
3294 940 3598 983 consortem
3626 929 3695 983 ad
3716 927 3780 983 li-

2206 1024 2362 1076 heros
2391 1022 2767 1091 procreandos.
2800 1022 2911 1076 Non
2946 1022 3065 1076 ideo
3096 1037 3315 1076 uxorem
3345 1020 3492 1075 dedit
3522 1022 3691 1084 Deus,
3722 1030 3784 1075 ιιι

2206 1114 2455 1182 pecunias
2481 1113 2713 1177 aﬁ‘erret,
2744 1114 2839 1169 sed
2866 1123 2921 1167 ut
2944 1113 3173 1183 adjutrix
3194 1123 3357 1168 esset.
3388 1115 3517 1181 Qua:
3538 1128 3668 1169 vero
3690 1124 3784 1183 pc~

2205 1206 2387 1259 cunias
2412 1204 2580 1270 affert,
2601 1206 2759 1261 etiam
2776 1206 3053 1259 insidiatur
3069 1205 3086 1236 ¹
3111 1205 3186 1277 [et
3208 1205 3418 1259 domina
3442 1206 3497 1259 ﬁt
3523 1220 3622 1275 pro
3645 1220 3749 1259 con

2202 1295 2359 1366 juge;
2394 1297 2500 1351 imo
2522 1297 2688 1353 bestia
2719 1312 2814 1366 pro
2834 1298 3053 1351 muliere
3079 1296 3129 1369 ],
3160 1298 3432 1367 altumque
3457 1312 3649 1367 sapere
3670 1298 3786 1353 vult

2207 1388 2274 1441 ob
2301 1387 2531 1442 divitias.
2561 1386 2701 1441 Nihil
2726 1389 2928 1458 turpius
2957 1388 3092 1453 viro,
3120 1388 3210 1457 qui
3238 1389 3307 1441 ita
3338 1389 3605 1443 ditescere
3632 1391 3779 1444 velit.

2206 1478 2336 1534 Nam
2368 1481 2411 1534 si
2435 1481 2543 1548 ipsa
2568 1480 2909 1549 pecuniarum
2940 1478 3200 1549 cupiditas
3222 1480 3604 1535 tentationibus
3628 1482 3783 1550 plena

2207 1578 2311 1632 est,
2341 1569 2406 1623 de
2430 1569 2727 1638 hujusmodi
2753 1568 2951 1623 divitiis
2975 1569 3098 1638 quid
3124 1569 3400 1624 dicemus?
3430 1569 3508 1625 Ne
3533 1572 3677 1625 enim
3708 1583 3789 1625 at-

2211 1662 2414 1727 tendas,
2446 1663 2489 1716 si
2520 1677 2640 1716 raro
2660 1662 2898 1728 accidat,
2932 1663 2977 1717 si
2998 1678 3146 1729 casu,
3183 1663 3225 1716 si
3255 1672 3451 1732 praeter
3476 1666 3785 1721 rationem:

2208 1768 2381 1822 neque
2401 1753 2541 1807 enim
2571 1754 2691 1809 aliis
2717 1754 2896 1818 rebus,
2921 1755 3113 1824 quibus
3140 1754 3385 1809 fruuntur
3406 1755 3591 1825 aliqui,
3616 1765 3672 1811 et
3701 1757 3789 1810 in-

2209 1855 2420 1916 sperato
2443 1845 2714 1913 obtinent,
2748 1846 3133 1901 attendendum
3161 1856 3271 1911 est;
3303 1846 3397 1901 sed
3427 1847 3554 1918 quid
3590 1862 3789 1903 secun-

2208 1936 2331 1991 dum
2356 1938 2611 1992 rationem
2632 1938 2703 1992 sit
2727 1936 3022 2005 videamus,
3049 1953 3225 1992 annon
3248 1938 3391 1992 mille
3417 1938 3681 1993 molestiis
3700 1954 3790 1994 res

2211 2030 2365 2098 plena
2396 2031 2483 2084 sit.
2511 2030 2625 2084 Non
2659 2030 2804 2085 solus
2832 2031 2943 2099 ipse
2965 2030 3017 2084 in
3045 2031 3331 2100 ignominia
3351 2031 3480 2096 eris,
3504 2031 3599 2085 sed
3624 2032 3787 2085 etiam

2212 2120 2351 2175 ﬁlios
2384 2121 2666 2192 deturpas,
2702 2135 2960 2191 pauperes
2989 2121 3324 2191 relinquens,
3358 2121 3401 2175 si
3426 2123 3715 2192 contigerit
3738 2133 3790 2178 te

2213 2213 2443 2282 priorem
2472 2214 2639 2278 mori;
2672 2213 2900 2283 hincque
2928 2213 3122 2267 multas
3146 2212 3242 2267 das
3269 2212 3421 2266 uxori
3449 2214 3784 2275 occasiones,

2214 2316 2271 2359 ut
2292 2307 2517 2360 alterum
2541 2315 2741 2375 quaerat
2764 2306 3032 2359 maritum.
3054 2306 3244 2359 Annon
3270 2303 3439 2366 vides,
3464 2304 3605 2359 hanc
3627 2304 3791 2359 fuisse

2213 2398 2393 2452 multis
2420 2397 2774 2453 secundarum
2806 2396 3107 2465 nuptiarum
3140 2410 3353 2451 causam
3374 2438 3389 2461 ,
3427 2403 3488 2450 ut
3519 2411 3625 2450 non
3655 2411 3791 2450 con-

2214 2496 2594 2553 temnerentur,
2627 2496 2680 2543 et
2703 2498 2762 2541 ut
2780 2497 3084 2557 quaererent
3102 2488 3236 2543 alios
3260 2488 3347 2557 qui
3377 2502 3492 2542 rem
3522 2502 3674 2542 suam
3696 2502 3792 2543 cn-

2214 2583 2428 2635 rarent‘!
2452 2578 2527 2634 Ne
2553 2579 2731 2649 igitur,
2759 2594 2960 2649 quaeso,
2993 2588 3210 2649 propter
3246 2593 3375 2648 opes
3412 2586 3555 2632 tanta
3586 2593 3786 2647 opere-

2216 2688 2395 2729 remur
2431 2673 2605 2737 mala;
2650 2672 2745 2727 sed
2794 2672 2970 2726 omnia
3015 2672 3415 2741 relinquamus,
3455 2679 3513 2724 et
3554 2670 3788 2724 animam

2214 2780 2516 2837 quzeramus
2544 2765 2735 2820 bonam
2756 2806 2770 2831 ,
2802 2773 2861 2818 ut
2898 2772 2953 2819 et
2987 2764 3260 2818 caritatem
3296 2776 3661 2832 assequamur.
3692 2761 3792 2816 Ha:

2215 2867 2342 2913 sunt
2367 2873 2570 2929 magna:
2593 2856 2809 2922 divitiae,
2841 2855 2928 2910 hic
2961 2870 3184 2926 magnus
3212 2854 3522 2917 thesaurus,
3558 2853 3674 2908 hare
3704 2854 3792 2907 in-

2217 2964 2439 3003 numera
2473 2949 2610 3003 bona
2635 2965 2649 3001 :
2682 2948 2872 3017 quibus
2902 2946 3101 3001 utinam
3130 2960 3227 3000 nos
3261 2960 3447 3000 omnes
3475 2944 3717 2999 fruamur
3739 2953 3794 2999 et

2217 3040 2506 3094 secundum
2534 3039 2678 3109 leges
2702 3038 2795 3093 Dei
2818 3040 3079 3101 vivamus,
3106 3046 3164 3091 ut
3182 3045 3236 3090 et
3259 3036 3436 3091 futura
3461 3036 3602 3091 bona
3626 3038 3795 3107 possi-

2217 3146 2336 3186 mus
2357 3130 2600 3201 adipisci,
2627 3131 2795 3201 gratia
2817 3140 2870 3184 et
2896 3130 3218 3199 benignitate
3240 3130 3448 3184 Domini
3476 3130 3646 3185 nostri
3665 3130 3792 3185 Jesu

2217 3223 2433 3289 Christi,
2464 3222 2676 3291 quicum
2709 3221 2850 3276 Patri
2868 3230 2922 3276 et
2946 3221 3164 3292 Spiritui
3192 3230 3380 3276 sancto
3398 3221 3591 3291 gloria,
3624 3221 3793 3291 impe-

2218 3317 2355 3372 rium
2374 3357 2389 3379 ,
2421 3314 2613 3379 honor,
2646 3327 2788 3369 nunc
2821 3321 2877 3369 et
2914 3328 3145 3384 semper,
3167 3321 3222 3368 et
3252 3313 3306 3368 in
3340 3312 3534 3368 sarcula
3559 3311 3789 3367 saeculo-

2219 3422 2359 3462 rum.
2382 3407 2572 3461 Amen.

2285 3566 2302 3598 ί
2327 3572 2440 3623 Qua:
2471 3562 2661 3613 uncinis
2680 3559 2982 3623 clauduntur,
3005 3559 3186 3610 desunt
3206 3558 3257 3609 in
3289 3557 3475 3621 llontf.,
3498 3565 3553 3612 et
3574 3571 3606 3609 e
3645 3557 3791 3611 Codd.

2220 3632 2443 3692 suppleta
2465 3632 2594 3675 sunt.

1943 3827 2289 3892 HOMILIA
2342 3825 2416 3886 L.

544 3968 670 4023 Car.
695 3967 785 4022 23.
814 3982 866 4019 v.
893 3967 981 4021 ⁸51.
1018 3966 1204 4021 Milites
1241 3984 1381 4039 ergo,
1428 3976 1483 4022 ut
1508 3980 1812 4040 praceptum
1847 3980 1956 4025 erat
1997 3972 2112 4037 sibi,

614 4068 920 4113 assumentes
947 4058 1190 4122 Paulum,
1218 4059 1468 4115 dua-erunt
1494 4078 1581 4130 per
1614 4072 1808 4116 noctem
1835 4062 2115 4133 Antipatri-

614 4152 746 4207 dem.
778 4150 867 4206 32.
896 4150 959 4204 Et
987 4162 1185 4219 postera
1225 4154 1308 4205 die
1348 4153 1535 4207 relictis
1572 4155 1813 4223 equitibus
1842 4164 1895 4207 ut
1919 4171 2031 4208 cum
2056 4172 2115 4209 eo

614 4243 761 4307 irent,
792 4243 974 4295 reversi
989 4252 1106 4295 sunt
1133 4243 1203 4295 ad
1212 4253 1397 4296 castra.
1429 4244 1515 4297 55.
1546 4244 1609 4296 At
1627 4244 1704 4298 illi
1731 4261 1843 4297 cum
1872 4246 2116 4299 venissent

613 4333 897 4387 Ctesaream
915 4374 927 4389 .
952 4343 1000 4385 et
1026 4332 1350 4386 tradidissent
1376 4334 1638 4402 epistolam
1666 4336 1905 4406 prasidi,
1928 4344 2117 4390 statue-

616 4433 733 4475 runt
758 4432 871 4474 ante
901 4422 1044 4473 illum
1060 4431 1107 4474 et
1125 4419 1366 4474 Paulum.

617 4516 667 4568 l.
710 4512 871 4581 Quasi
928 4526 1108 4581 regem
1148 4512 1430 4580 quemdam
1477 4514 1792 4569 satellitibus
1839 4515 2111 4584 stipatum,

547 4604 910 4660 transmittunt
971 4618 1089 4656 eum
1142 4610 1286 4657 tanta
1332 4603 1669 4658 multitudine
1723 4614 1777 4659 ct
1831 4605 1882 4659 in
1934 4614 2109 4669 nocte,

548 4697 795 4751 timentes
844 4696 975 4748 iram
1014 4704 1069 4748 et
1096 4694 1350 4763 impetum
1382 4695 1583 4763 pepuli.
1625 4696 1909 4765 Postquam
1954 4697 2114 4767 igitur

543 4789 817 4858 eiecerunt
858 4786 1004 4839 illum
1049 4800 1113 4840 ex
1169 4785 1401 4850 civitate,
1453 4794 1577 4840 tunc
1622 4786 1902 4841 desistunt.
1932 4788 2113 4858 Neque

545 4882 789 4935 tribunus
817 4895 938 4934 cum
971 4888 1111 4933 tanta
1136 4878 1283 4932 illum
1326 4878 1558 4933 misisset
1601 4881 1906 4946 securitate,
1937 4882 2034 4935 nisi
2062 4890 2116 4937 et

547 4976 717 5044 ipsum
757 4973 1030 5027 innoxium
1070 4978 1308 5041 putasset
1332 5011 1347 5037 ,
1382 4978 1437 5024 et
1466 4970 1675 5024 illorum
1718 4973 2111 5040 sanguinarium

544 5068 777 5120 animum
805 5065 1057 5119 novisset.
1087 5082 1107 5115 ‹
1137 5064 1224 5118 54.
1244 5064 1373 5118 Cum
1404 5071 1578 5117 autem
1607 5064 1839 5133 legisset,
1867 5074 1920 5119 et
1946 5066 2114 5120 inter-

546 5166 786 5226 rogasset
810 5158 876 5211 de
903 5173 1003 5227 qua
1036 5157 1302 5225 provincia
1333 5165 1494 5222 esset,
1520 5154 1859 5225 audissetque
1881 5156 2020 5225 quod
2047 5174 2111 5211 ex

545 5247 725 5301 Cilicia
759 5266 771 5299 ε
802 5249 888 5305 55.
923 5248 1147 5301 Audiam
1176 5259 1242 5313 te,
1284 5249 1471 5317 inquit,
1503 5262 1622 5301 cum
1671 5257 2009 5302 accusatores
2039 5250 2108 5302 tui

544 5340 789 5395 venerint
819 5358 833 5394 :
859 5340 1121 5409 jnssitque
1144 5342 1290 5395 illum
1319 5344 1368 5395 in
1406 5340 1653 5410 praetorio
1682 5341 1909 5396 Herodis
1931 5351 2109 5396 custo-

543 5431 668 5490 diri.
700 5448 717 5480 ι
740 5430 855 5484 Jam
885 5432 1086 5499 proillo
1108 5434 1364 5486 rationem
1386 5434 1605 5488 dederat
1625 5433 1846 5505 Lysias;
1877 5444 2108 5489 attamen

547 5521 719 5575 adhuc
753 5520 859 5575 illic
886 5522 1033 5575 illum
1063 5521 1229 5576 Judaei
1261 5523 1575 5579 adoriuntur
1596 5566 1611 5591 ,
1657 5537 1710 5579 et
1738 5537 2111 5596 prmoccupant

546 5616 862 5681 auditorem,
905 5624 960 5670 et
1000 5614 1189 5669 iterum
1236 5615 1289 5669 in
1334 5616 1543 5670 vincula
1589 5617 1871 5687 conjicitur
1925 5637 1940 5673 ε
1986 5619 2106 5672 audi

548 5707 852 5776 quomodo:
887 5705 1039 5777 (Cap.
1066 5706 1188 5774 21.)
1244 5706 1294 5759 l.
1351 5704 1473 5760 Post
1527 5710 1744 5778 quinque
1796 5724 1958 5763 autem
1998 5711 2104 5765 dies

2210 3938 2469 4021 descendit
2503 3962 2734 4033 princeps
2760 3958 3073 4013 sacerdotum
3098 3957 3323 4012 Ananias
3362 3973 3477 4011 cum
3518 3959 3796 4014 senioribus

2216 4067 2263 4112 et
2312 4056 2536 4110 Tertullo
2581 4054 2798 4124 quadam
2840 4061 3038 4106 oratore
3060 4093 3075 4117 ,
3122 4053 3208 4123 qui
3248 4052 3484 4105 adierunt
3533 4054 3797 4121 praidem

2217 4149 2452 4202 adversus
2492 4145 2735 4198 Paulum.
2759 4143 2893 4199 Vide
2932 4142 3198 4213 quomodo
3246 4158 3420 4213 neque
3460 4144 3532 4198 ita
3572 4144 3796 4199 destite-

2216 4250 2362 4306 runt,
2407 4238 2499 4293 sed
2548 4238 2789 4302 veniunt,
2831 4236 2957 4291 licet
3007 4237 3151 4291 mille
3195 4244 3482 4291 occurrant
3506 4236 3709 4304 obices,
3739 4245 3795 4291 nt

2217 4336 2326 4390 illic
2373 4332 2781 4388 confundantur.
2827 4350 2846 4383 ι
2878 4332 2933 4385 2.
2985 4332 3050 4387 Et
3079 4333 3245 4387 citato
3289 4332 3384 4386 illo
3430 4334 3598 4409 coepit
3636 4349 3797 4389 accu-

2217 4440 2338 4481 sare
2363 4424 2649 4486 Tertullus,
2678 4422 2862 4478 dicens
2895 4441 2909 4477 :
2941 4425 3073 4478 Cum
3106 4425 3158 4478 in
3208 4424 3371 4477 multa
3402 4439 3531 4492 pace
3576 4440 3796 4495 agamus

2217 4533 2314 4588 per
2339 4518 2411 4582 te,
2434 4525 2488 4571 et
2535 4516 2696 4570 multa
2748 4516 2887 4571 bona
2925 4530 3084 4583 Opera
3127 4516 3256 4570 ﬁant
3285 4517 3337 4571 in
3373 4516 3473 4572 hac
3512 4528 3674 4583 gente
3702 4533 3797 4588 per

2218 4619 2359 4663 tuam
2389 4607 2798 4678 providentiam,
2829 4610 2881 4663 ὃ.
2908 4622 3119 4677 semper
3146 4618 3200 4663 et
3225 4609 3421 4679 ubique
3441 4610 3792 4680 suscipimus,

2216 4701 2418 4771 Optime
2450 4700 2620 4768 Felix,
2652 4717 2772 4756 cum
2814 4702 2957 4755 omni
3001 4702 3290 4771 gratiarum
3332 4702 3564 4757 actione.
3612 4704 3666 4758 4.
3715 4702 3796 4757 Ne

2217 4792 2413 4846 diutius
2439 4802 2613 4846 autem
2644 4801 2696 4846 te
2723 4791 3047 4860 protraham,
3080 4806 3197 4858 oro,
3223 4792 3456 4847 breviter
3477 4793 3666 4848 audias
3694 4807 3794 4848 nos

2217 4899 2314 4953 pro
2364 4894 2448 4937 tua
2498 4885 2804 4939 clementia.
2845 4902 2865 4936 ι
2909 4885 3064 4954 Atqui
3094 4900 3189 4939 vos
3230 4884 3331 4939 hoc
3384 4884 3587 4940 fecistis
3622 4904 3635 4940 :
3669 4886 3793 4957 quid

2218 4978 2376 5047 igitur
2404 4993 2539 5045 opus
2566 4986 2682 5030 erat
2705 4977 2954 5031 oratore?
2984 4975 3116 5030 Vide
3142 4976 3411 5045 quomodo
3460 4977 3549 5032 hic
3580 4993 3793 5048 quoque

2216 5068 2391 5122 statim
2421 5068 2488 5120 ab
2514 5069 2733 5122 exordio
2760 5069 2906 5122 illum
2927 5078 2984 5121 ut
3006 5078 3311 5122 uovatorem
3341 5068 3656 5125 seditiosum
3682 5072 3791 5125 vult

2218 5162 2512 5226 traducere,
2534 5161 2771 5214 laudibus
2787 5176 2915 5215 vero
2938 5161 3167 5229 judicem
3193 5171 3546 5231 praeoccupat.
3568 5162 3785 5226 Deinde,

2214 5254 2361 5322 quasi
2416 5253 2579 5306 multa
2622 5251 2845 5306 dicenda
2894 5250 3103 5316 habeat,
3154 5254 3537 5322 prmtercnrrit,
3592 5264 3649 5309 et
3690 5254 3788 5308 hoc

2215 5360 2374 5398 unum
2419 5344 2546 5399 dicit
2576 5361 2590 5396 :
2619 5342 2700 5396 Ne
2750 5344 2939 5397 diutius
2986 5353 3156 5397 autem
3204 5354 3250 5397 te
3296 5346 3616 5411 protrahunt.
3657 5345 3788 5400 Vide

2213 5436 2480 5505 quomodo
2511 5435 2760 5504 puniendi
2787 5434 3111 5489 desiderium
3132 5435 3295 5503 judici
3320 5436 3597 5501 immittat,
3632 5437 3785 5508 quasi

2212 5524 2667 5595 comprehensum
2717 5539 2836 5579 eum
2862 5566 2876 5589 ,
2934 5525 3023 5592 qui
3074 5525 3258 5579 orbem
3311 5525 3692 5591 subverteret,
3735 5535 3783 5581 et

2213 5618 2367 5686 quasi
2411 5615 2480 5670 de
2527 5615 2783 5685 praeclaro
2823 5630 2986 5683 opere
3028 5616 3283 5669 sentiunt.
3333 5633 3356 5668 ι
3394 5618 3449 5672 5.
3484 5617 3785 5674 Invenimus

2214 5713 2353 5767 hunc
2384 5710 2651 5765 hominem
2680 5706 3008 5777 pestiferum,
3038 5717 3088 5763 et
3113 5710 3468 5765 concitantem
3494 5712 3781 5768 seditiones
