3920 6224
230 287 318 343 345

227 392 440 449 munibus
466 388 670 447 ludatis
696 389 749 445 in
775 387 1028 445 universo
1053 388 1208 455 orbe,
1240 398 1295 443 et
1324 397 1598 445 auctorem
1628 387 1773 443 sedi-

228 486 362 541 tionis
397 493 558 538 sectae
605 481 1025 547 Nazarenorum,
1067 480 1128 537 6.
1179 481 1270 551 qui
1317 481 1479 535 etiam
1522 479 1777 547 templum

224 575 396 630 violare
414 580 640 629 conatus
663 581 786 627 est:
816 586 977 643 quem
1002 580 1059 625 et
1092 570 1485 641 apprehensum
1512 570 1778 624 voluimus

227 666 491 719 secundum
522 663 694 733 legem
722 671 963 717 nostram
1007 647 1271 730 judicare.
1302 661 1355 715 7.
1384 660 1778 730 Superveniens

223 764 371 811 autem
412 754 662 809 tribunus
707 754 916 824 Lysias,
963 768 1083 807 cum
1114 753 1163 805 vi
1201 765 1391 822 magna
1432 750 1627 820 eripuit
1653 764 1774 805 eum

224 848 277 900 de
301 846 534 899 inanibus
564 845 786 909 nostris,
814 844 867 898 8.
896 842 1099 913 jubens
1126 850 1469 897 accusatores
1496 840 1611 909 ejus
1632 839 1695 892 ad
1726 847 1778 893 te

228 936 414 1001 venire;
442 950 475 988 a
508 950 614 1005 quo
639 935 842 1003 poteris
872 934 990 1002 ipse
1009 932 1262 1003 judicans
1305 932 1375 986 de
1402 931 1650 985 omnibus
1671 928 1779 982 illis

222 1040 537 1094 cognoscere,
580 1024 647 1079 de
682 1024 876 1093 quibus
921 1039 1020 1078 nos
1049 1036 1364 1077 accusamus
1391 1037 1536 1076 eum.
1579 1019 1777 1075 Conci-

223 1129 407 1177 tantem,
445 1135 467 1169 s
526 1117 734 1185 inquit,
789 1134 809 1168 s
842 1114 1138 1170 seditiones
1175 1113 1424 1167 omnibus
1462 1111 1663 1167 ludatis
1722 1113 1777 1164 in

220 1210 436 1261 universo
460 1205 616 1261 orbe.
655 1223 674 1257 ι
716 1204 776 1259 Ut
808 1203 1122 1274 pestiferum
1150 1211 1205 1258 et
1235 1217 1574 1257 communem
1601 1199 1776 1269 gentis

221 1302 396 1354 hostem
421 1296 577 1353 illum
619 1298 1050 1361 calumniantur,
1082 1310 1145 1350 ac
1174 1304 1338 1350 secta:
1380 1293 1773 1348 Nazarenurum

218 1394 592 1466 principem=(a)
614 1393 752 1465 [lloc
777 1392 1066 1447 maximum
1094 1390 1299 1445 crimen
1326 1386 1607 1443 videbatur
1634 1384 1775 1455 quod

216 1496 338 1542 esset
360 1479 720 1553 Nazarenus.]
781 1483 901 1538 ideo
930 1482 1032 1537 hoc
1053 1481 1437 1551 produxerunt,
1458 1486 1513 1533 et
1537 1492 1599 1531 ea
1627 1476 1694 1529 de
1718 1490 1777 1529 re

215 1579 380 1631 iterum
406 1574 875 1631 calumniabautur
893 1589 1048 1636 eum;
1077 1572 1302 1628 Nazaret
1327 1571 1468 1625 enim
1491 1569 1609 1623 vilis
1641 1578 1774 1623 erat.

217 1666 272 1719 Et
295 1669 619 1731 insatiatus,
652 1666 844 1735 inquit.
879 1664 1012 1719 Vide
1034 1704 1050 1727 ,
1081 1678 1242 1732 quam
1283 1670 1501 1717 versute
1542 1659 1689 1714 illum
1719 1667 1778 1712 ut

215 1755 475 1826 profugum
530 1756 948 1819 calumnientur,
982 1753 1067 1807 vix
1115 1752 1262 1807 illum
1313 1749 1607 1820 assequuti,
1654 1762 1774 1803 cum

211 1857 390 1915 septem
418 1846 615 1901 diebus
642 1846 694 1899 in
725 1845 923 1916 templo
947 1844 1126 1899 fuerit.
1150 1843 1313 1911 Quem
1332 1850 1378 1895 et
1406 1841 1777 1911 apprehensum

211 1941 433 1992 voluimus
463 1939 746 1991 secundum
773 1937 932 2006 legem
958 1945 1179 1988 nostram
1198 1933 1457 2004 judicare.
1482 1930 1615 1985 Vide
1642 1944 1778 1999 quo-

212 2031 353 2083 modo
375 2040 428 2085 et
455 2029 634 2099 legem
652 2029 977 2083 contumelia
1006 2026 1241 2080 afﬁciant
1274 2043 1288 2079 :
1316 2025 1418 2079 nisi
1438 2024 1671 2083 fortasse
1692 2037 1779 2076 se-

209 2120 419 2174 cundum
470 2120 647 2189 legem
696 2130 835 2182 erat,
866 2118 1174 2182 verberare,
1214 2114 1483 2179 occidere,
1515 2112 1773 2168 insidiari.

208 2210 437 2281 Sequitur
465 2210 646 2281 Lysiae
672 2209 961 2265 accusatio.
1011 2208 1380 2278 Superveniens
1404 2215 1571 2258 autem
1597 2202 1779 2273 Lysias

207 2303 416 2352 tribunus
434 2317 558 2352 cum
582 2300 632 2352 vi
661 2315 849 2369 magna
868 2299 1051 2367 eripuit
1078 2314 1190 2351 eum
1217 2312 1281 2350 ea:
1305 2294 1534 2349 manibus
1571 2294 1774 2349 nostris.

206 2392 306 2447 Non
332 2392 694 2447 conveniebat
723 2391 821 2456 illi,
856 2390 1048 2460 inquit,
1080 2406 1195 2444 rem
1223 2389 1361 2442 hanc
1387 2387 1586 2451 facere,
1618 2402 1777 2457 quam

210 2492 369 2536 tamen
397 2481 553 2537 fecit.
592 2481 672 2534 Ea:
696 2498 796 2549 quo
823 2481 1009 2549 poteris
1030 2480 1273 2551 judicans
1307 2480 1380 2532 de
1425 2478 1505 2531 his
1548 2478 1780 2531 omnibus

205 2590 517 2643 cognoscere,
548 2576 611 2626 de
637 2572 817 2639 quibus
846 2588 937 2625 nos
970 2586 1268 2624 accusamus
1284 2570 1452 2622 illum.
1479 2568 1532 2622 9.
1565 2568 1781 2637 Adjece-

204 2675 308 2718 runt
334 2678 509 2718 autem
544 2676 589 2717 et
615 2663 819 2724 .lndtei.
852 2664 1070 2716 dicentes
1096 2663 1203 2717 lucc
1232 2661 1301 2713 ita
1334 2676 1389 2714 se
1415 2658 1615 2714 habere.
1644 2658 1780 2724 Quid

203 2772 319 2824 ergo
350 2754 589 2808 Paulus?
619 2770 743 2807 num
766 2754 831 2807 ad
861 2753 974 2807 haec
1019 2751 1197 2806 tacet?
1226 2750 1465 2814 Minime,
1490 2749 1585 2804 sed
1614 2748 1782 2802 libere

203 2848 426 2917 lquitur
454 2848 654 2901 iterum
682 2854 736 2900 et
764 2844 1076 2915 respondet,
1106 2842 1265 2913 idque
1288 2842 1503 2896 volente
1528 2840 1776 2909 praeside;

201 2938 427 2992 subdidit
454 2938 607 2993 enim
641 2954 655 2990 :
689 2955 709 2988 ι
748 2937 837 2991 10.
868 2935 1165 3004 Respondit
1208 2943 1387 2988 autem
1419 2932 1651 2997 Paulus,
1681 2946 1782 2984 an-

204 3041 391 3085 nuente
417 3030 528 3083 sibi
571 3028 795 3097 praeside
834 3037 889 3081 ut
931 3027 1173 3082 diceret:
1207 3025 1283 3078 Ex
1331 3024 1510 3077 multis
1548 3023 1700 3076 annis
1731 3030 1783 3075 te

198 3136 309 3175 esse
328 3122 543 3190 justum
562 3120 795 3189 judicem
823 3116 968 3188 genti
998 3115 1123 3171 huic
1159 3116 1337 3189 sciens
1363 3154 1377 3177 ,
1426 3113 1567 3167 bono
1602 3112 1784 3166 animo

200 3227 287 3279 pre
314 3228 399 3265 me
430 3208 786 3264 satisfaciam.
819 3209 906 3261 tl.
938 3206 1095 3261 Potes
1116 3205 1259 3260 enim
1281 3217 1627 3273 cognoscere,
1660 3202 1782 3271 quia

199 3315 296 3361 non
354 3301 480 3370 plus
535 3307 660 3353 sunt
720 3298 847 3351 mihi
896 3296 1052 3361 dies,
1129 3310 1288 3364 quam
1332 3294 1652 3358 duodecim,
1718 3306 1785 3346 ex

197 3407 294 3462 quo
319 3391 553 3446 ascendi
576 3390 800 3443 adorare
846 3388 898 3442 in
937 3387 1235 3443 Jerusalem
1271 3404 1285 3441 :
1319 3387 1404 3442 12.
1437 3396 1493 3443 et
1525 3401 1698 3458 neque
1729 3388 1781 3441 in

200 3482 391 3552 templo
445 3482 774 3536 invenerunt
802 3493 889 3537 me
922 3492 1043 3539 cum
1083 3478 1263 3547 aliquo
1305 3476 1665 3547 disputantem
1694 3487 1787 3532 aut

196 3588 523 3628 concursum
558 3568 837 3625 facientem
865 3568 1056 3632 turba,
1079 3583 1254 3639 neque
1276 3568 1327 3622 in
1358 3567 1663 3638 synagogis,
1695 3569 1782 3623 15.

200 3679 362 3732 neque
406 3664 462 3717 in
511 3662 772 3717 civitate:
811 3675 982 3730 neque
1022 3660 1248 3729 probare
1287 3669 1512 3729 possunt
1568 3676 1666 3723 ea,
1718 3660 1787 3716 de

195 3757 380 3823 quibus
413 3768 571 3808 nunc
595 3768 681 3806 me
705 3759 976 3806 accusant.
1012 3770 1030 3801 ι
1074 3750 1188 3803 Non
1220 3761 1344 3805 sunt
1375 3751 1490 3805 haec
1520 3751 1787 3805 adulatio-

200 3850 275 3902 uis
302 3849 496 3912 verba,
537 3846 812 3901 testiﬁcari
836 3844 995 3914 judici
1018 3844 1320 3913 justitiam;
1351 3844 1447 3899 sed
1478 3845 1564 3899 illa
1589 3844 1787 3913 potius,

194 3941 314 3993 Cum
343 3942 399 3992 in
448 3938 622 3991 ntulta
665 3953 787 4008 pace
823 3953 1032 4006 agamus
1076 3951 1165 4005 per
1206 3945 1272 3989 te.
1305 3934 1412 3989 Cur
1438 3951 1568 4005 ergo
1597 3937 1791 4005 injuste

197 4030 498 4081 sulitiuues
528 4026 729 4095 agitis?
760 4024 1037 4094 Perpende
1058 4033 1261 4090 autem,
1297 4025 1456 4079 illiad
1476 4026 1789 4094 iujustitiam

198 4119 501 4186 pellebant,
544 4116 630 4168 hic
671 4115 931 4183 justitiam
979 4115 1253 4179 qumrebat
1295 4132 1309 4167 :
1359 4114 1481 4170 ideo
1533 4115 1789 4172 dicebat:

199 4208 333 4263 Bono
378 4210 569 4261 animo
614 4223 705 4277 pro
757 4223 836 4260 me
872 4207 1216 4275 satisfaciam;
1256 4205 1449 4261 deinde
1492 4222 1521 4260 a
1554 4219 1795 4278 tempore

194 4302 491 4355 continuat
519 4317 534 4351 :
575 4298 637 4351 Et
668 4299 838 4351 multis
871 4299 1041 4364 annis,
1076 4298 1265 4367 inquit,
1295 4308 1343 4351 te
1368 4299 1588 4356 iudicem
1611 4302 1793 4355 sciens.

198 4392 261 4447 Et
294 4393 430 4463 quid
469 4392 581 4445 hoc
620 4390 686 4444 ad
726 4390 1238 4443 demonstrationem
1268 4390 1643 4445 conducebat?
1666 4391 1797 4446 Mul-

197 4491 302 4534 tum
336 4499 351 4534 :
384 4479 644 4534 ostendit
685 4479 829 4555 enim
857 4478 1031 4548 ipsum
1081 4494 1295 4549 quoque
1338 4480 1511 4544 scire,
1565 4483 1697 4536 nihil
1739 4498 1799 4539 se

194 4587 384 4625 eorum
438 4570 680 4631 fet-isse,
718 4570 787 4622 de
822 4569 1014 4637 quibus
1049 4574 1415 4625 accusabatur.
1465 4573 1520 4627 Si
1562 4589 1691 4628 vero
1716 4590 1801 4628 se.

194 4660 465 4716 ditionem
496 4660 843 4720 concitasset,
872 4660 984 4728 ipse
1008 4660 1172 4728 judex
1202 4670 1419 4729 nosset,
1448 4679 1619 4732 neque
1652 4665 1798 4720 illum

196 4762 339 4805 tanta
368 4768 466 4806 res
500 4752 716 4804 lateret.
750 4750 952 4805 Deinde
980 4752 1400 4819 quiaaccusator
1421 4752 1549 4807 nihil
1571 4754 1789 4823 probare

197 4854 457 4913 potuerat
502 4843 890 4913 Jerosolymis,
921 4844 1040 4897 vide
1070 4845 1194 4913 quid
1227 4845 1367 4900 dicat
1398 4864 1411 4899 :
1449 4847 1692 4903 Omnibus
1717 4852 1803 4919 qui

194 4937 247 4990 in
290 4947 406 4990 toto
435 4935 571 4989 orbe
596 4944 715 4987 sunt
750 4932 971 4999 Judteis,
1009 4937 1341 4990 mendacium
1384 4940 1662 4995 mendacio
1704 4942 1801 4996 ad-

196 5028 330 5083 dcns
356 5030 402 5080 ¹.
433 5027 574 5082 Ideo
603 5027 797 5081 Paulus
823 5026 947 5082 inde
973 5028 1120 5082 illum
1142 5028 1454 5093 deturbatis,
1487 5033 1561 5086 ait
1608 5051 1621 5085 :
1664 5034 1798 5088 Ado-

196 5129 407 5175 rnturus
430 5117 691 5179 ascendi;
719 5119 869 5188 qutun
896 5135 955 5173 se
984 5120 1061 5173 sic
1088 5135 1320 5191 purgans
1346 5121 1602 5178 :Tantum
1632 5127 1805 5186 abest.

198 5217 253 5262 ut
279 5207 606 5263 seditiones
635 5208 862 5262 excitent
890 5224 906 5272 ;
937 5220 987 5264 et
1022 5211 1073 5264 in
1108 5213 1211 5266 hoc
1240 5226 1477 5269 moratur
1505 5217 1808 5284 ratiOciuio,

192 5302 341 5369 quod
366 5308 541 5356 certe
562 5299 792 5354 validum
814 5310 931 5355 erat
955 5318 971 5367 ;
1003 5302 1151 5357 addit
1180 5305 1321 5358 enim
1356 5322 1367 5357 :
1402 5304 1581 5376 Neque
1603 5309 1656 5360 in
1687 5321 1812 5362 tem-

196 5391 302 5459 plo,
334 5408 519 5456 neque
546 5390 595 5443 in
614 5392 833 5459 civitate,
857 5409 1013 5463 neque
1028 5394 1083 5451 in
1112 5397 1381 5467 synagogis
1410 5397 1704 5454 invenerunt
1733 5417 1812 5456 me

261 5529 278 5559 ι
323 5526 490 5583 ωυιι.
518 5526 849 5586 mam,
867 5527 1121 5578 mendacio
1142 5529 1348 5587 addens,
1387 5529 1535 5581 deest
1557 5531 1607 5580 in
1629 5546 1747 5583 uno.

257 5590 491 5658 (0)001}
522 5587 651 5658 inter
674 5589 877 5658 uncinos
897 5587 1057 5658 clausa
1074 5598 1184 5642 sinit
1204 5604 1298 5642 non
1323 5590 1613 5658 legunturin
1632 5596 1810 5657 nuntii,

196 5645 350 5713 tque
380 5661 415 5697 ε
436 5645 625 5696 insilio
638 5650 861 5712 niualem
884 5656 1016 5699 sunt.

1221 276 1289 334 1N
1326 276 1511 333 ACTA
1548 274 2063 332 APOSTOLURUM.
2107 277 2333 334 llOMIL.
2377 279 2437 334 Ι..

3354 291 3459 345 διδ

1882 403 1995 440 cum
2024 389 2195 458 aliquo
2234 391 2596 461 disputantem.
2635 393 2789 462 Quod
2831 398 2994 455 etiam
3024 416 3207 458 verum
3232 412 3367 460 erat.
3401 404 3467 460 Et

1883 478 1972 533 ille
2001 480 2216 548 quidem
2250 483 2397 537 illum
2420 483 2711 555 Principem
2733 488 2885 556 dicit,
2912 493 3063 560 quasi
3092 493 3145 548 in
3168 508 3345 565 pugna
3370 506 3464 549 aut

1882 574 2141 635 tumultu;
2174 575 2260 631 hic
2282 591 2414 631 vero
2449 579 2569 634 vide
2591 595 2751 649 quam
2780 592 3059 640 mansuete
3095 586 3418 655 respondeat
3443 605 3459 642 :

1887 683 1905 717 ι
1948 667 2035 721 lt.
2083 666 2358 724 Conﬁteor
2401 672 2715 727 autemtihi
2759 673 2903 743 quod
2952 676 3245 731 secundum
3296 678 3457 744 viam,

1878 771 2036 826 quam
2067 768 2256 813 vocant
2285 760 2553 829 hmresim,
2581 763 2660 817 sic
2688 767 2860 833 patrio
2883 766 2990 821 Deo
3007 766 3204 828 servio.
3233 769 3461 825 credens

1876 849 2150 913 omnibus,
2181 866 2299 921 qua:
2328 853 2379 906 in
2412 854 2529 923 lege
2557 864 2610 910 et
2631 856 2911 925 prophetis
2940 860 3136 928 scripta
3163 870 3288 915 sunt
3312 878 3328 927 ;
3366 862 3458 921 15.

1881 952 2028 1006 spem
2054 940 2257 996 habens
2279 944 2330 997 in
2363 943 2530 998 Deum
2550 986 2566 1011 ,
2595 962 2755 1015 quam
2798 956 2852 1002 et
2904 949 3001 1017 ipsi
3044 952 3456 1019 amplectuntur,

1880 1028 2110 1085 futuram
2144 1036 2590 1089 resurrectionem
2616 1037 2883 1103 justorum
2912 1049 2963 1093 et
2990 1032 3331 1108 inju'storum.
3363 1062 3384 1095 ι

1948 1121 2001 1174 Ξ.
2042 1121 2209 1177 Vide:
2244 1124 2412 1193 ipsum
2446 1127 2517 1179 illi
2545 1128 2886 1195 separabant.
2912 1130 2997 1183 hic
3023 1145 3150 1185 vero
3176 1146 3233 1184 se
3261 1110 3454 1200 adjun-

1880 1212 1955 1281 git
1994 1212 2091 1282 legi
2136 1229 2257 1267 sese
2288 1216 2579 1284 purgando.
2613 1218 2680 1271 Et
2716 1218 2856 1288 quod
2880 1219 3085 1275 dixerat
3115 1221 3459 1289 confirmans,

1882 1302 2073 1357 iterum
2103 1305 2284 1372 adjicit
2311 1322 2326 1361 :
2356 1306 2443 1361 16.
2477 1306 2540 1360 In
2564 1308 2657 1361 hoc
2685 1319 2727 1362 et
2753 1311 2860 1378 ipse
2887 1312 3065 1364 studeo
3095 1312 3204 1365 sine
3236 1311 3461 1379 aliendi-

1879 1394 1994 1448 culo
2021 1397 2370 1449 conscientiam
2411 1397 2592 1453 habere
2616 1400 2683 1452 ad
2712 1398 2875 1453 Deum
2902 1411 2949 1455 et
2976 1402 3045 1455 ad
3079 1402 3306 1457 homines
3331 1420 3464 1458 sem-

1880 1501 1987 1549 per.
2016 1485 2098 1539 17.
2131 1484 2253 1539 Post
2279 1503 2436 1540 annos
2457 1500 2621 1541 autem
2640 1489 2827 1566 plures.
2847 1493 3187 1562 eleemosynas
3231 1498 3461 1564 facturus

1877 1576 1930 1627 in
1965 1585 2159 1645 gentem
2200 1592 2381 1639 meam,
2435 1578 2563 1638 veni,
2605 1588 2651 1631 et
2698 1579 2992 1635 oblationes.
3037 1582 3125 1637 18.
3172 1581 3237 1636 In
3282 1583 3461 1652 quibus

1876 1676 2169 1718 invenerunt
2204 1682 2281 1719 me
2316 1667 2639 1735 puriﬁcatam
2682 1669 2735 1721 in
2762 1670 2948 1737 templo
2970 1710 2987 1736 ,
3021 1687 3122 1725 non
3151 1688 3267 1725 cum
3291 1674 3453 1734 turba,

1877 1770 2034 1820 neque
2059 1771 2171 1807 cum
2195 1757 2429 1809 tumultu.
2462 1756 2571 1811 Cur
2592 1772 2720 1828 ergo
2747 1760 3033 1815 ascendisti
3053 1761 3076 1815 ’ἒ
3099 1775 3196 1816 cur
3220 1764 3411 1821 venisti
3438 1764 3461 1816 ?

1878 1845 2211 1908 Aderaturus,
2231 1846 2587 1917 eleemosynas,
2609 1850 2795 1918 inquit,
2815 1855 3064 1921 facturus.
3083 1853 3263 1924 Itaque
3284 1854 3335 1909 id
3353 1870 3459 1909 non

1878 1946 1995 1991 erat
2024 1937 2284 1991 seditiosi.
2332 1938 2533 1995 Deinde
2562 1941 2772 1996 illorum
2821 1943 3002 2014 dejicit
3026 1960 3343 2015 personam,
3371 1947 3460 2001 di-

1879 2042 2009 2084 cens
2039 2030 2155 2084 sine
2194 2029 2542 2086 discrimine:
2596 2031 2662 2086 In
2689 2035 2866 2102 quibus
2910 2052 2991 2090 me
3032 2038 3326 2092 invenerunt
3368 2039 3457 2093 19.

1878 2117 2085 2185 quidam
2115 2133 2177 2171 ea:
2220 2118 2342 2172 Asia
2365 2118 2558 2185 Judwi,
2582 2137 2708 2190 quos
2746 2124 3006 2192 oportebat
3029 2126 3170 2195 apud
3198 2136 3245 2179 te
3272 2136 3457 2195 priesto

1880 2223 2011 2271 esse,
2059 2216 2107 2260 et
2151 2223 2389 2262 accusare
2411 2248 2428 2273 ,
2450 2210 2493 2262 si
2512 2210 2637 2277 quid
2664 2210 2902 2264 haberent
2927 2214 3192 2267 adversum
3231 2231 3309 2269 me
3330 2231 3348 2266 :
3367 2214 3459 2272 20.

1880 2305 1966 2348 aut
1996 2297 2047 2347 hi
2077 2296 2175 2364 ipsi
2200 2296 2403 2359 dicant,
2435 2298 2479 2350 si
2501 2298 2623 2365 quid
2646 2298 2938 2354 invenerunt
2970 2302 3023 2354 in
3050 2319 3129 2356 me
3159 2303 3457 2371 iniquitatis,

1879 2405 1993 2441 cum
2015 2398 2137 2441 stem
2156 2389 2208 2441 in
2224 2389 2458 2453 concilio,
2479 2389 2569 2444 2|.
2592 2391 2691 2444 nisi
2719 2392 2783 2444 de
2810 2392 2904 2445 hac
2931 2410 3034 2446 una
3059 2410 3198 2458 voce,
3226 2411 3326 2461 qua
3352 2396 3463 2448 cla-

1881 2480 2013 2530 mavi
2053 2478 2182 2531 inter
2206 2492 2290 2531 eos
2312 2487 2453 2532 stans
2493 2494 2511 2531 :
2542 2480 2605 2532 de
2632 2482 2993 2535 resurrectione
3020 2492 3332 2537 mortuorum
3370 2501 3465 2555 ego

1882 2569 2031 2623 hodie
2041 2570 2070 2639 j
2077 2568 2248 2622 ndicor
2272 2586 2305 2622 a
2324 2570 2481 2624 vobis.
2512 2570 2635 2625 llaec
2656 2582 2738 2627 est
2765 2574 2981 2642 c0piosa
2998 2575 3327 2644 justificatio,
3360 2592 3463 2631 non

1884 2659 2066 2727 fugere
2091 2659 2160 2713 ab
2189 2660 2624 2727 accusatoribus,
2670 2662 2764 2716 sed
2796 2672 3037 2731 paratum
3063 2680 3183 2720 esse
3224 2667 3289 2719 ad
3338 2668 3463 2721 red-

1881 2749 2110 2803 deudam
2137 2750 2382 2803 onmibus
2413 2752 2690 2806 rationem.
2725 2752 2803 2806 De
2834 2756 3197 2810 resurrectione
3239 2766 3465 2808 mortuo-

1881 2856 1996 2892 rum
2037 2853 2148 2909 ego,
2184 2839 2374 2908 inquit,
2410 2840 2560 2894 hodie
2584 2842 2798 2912 judicor
2822 2844 3030 2897 avobis.
3070 2845 3135 2899 Et
3164 2844 3291 2899 nihil
3335 2846 3469 2900 dixit

1882 2941 2090 2991 eorum,
2122 2941 2242 2995 quae
2265 2927 2386 2995 jure
2416 2937 2624 2995 poterat
2643 2929 2823 2986 dicere
2848 2950 2861 2985 :
2888 2932 3029 3001 qttod
3058 2934 3292 2988 insidiati
3319 2947 3467 3002 sunt,

1883 3016 2228 3071 detinuerunt
2271 3018 2463 3086 ipsum,
2506 3018 2727 3074 insidias
2754 3029 3064 3076 struxerunt
3113 3024 3132 3093 (
3154 3023 3268 3078 htec
3320 3025 3467 3080 enim

1884 3108 1952 3161 ab
1982 3108 2114 3176 ipsis
2144 3107 2280 3163 facta
2324 3118 2639 3174 narrantur;
2672 3111 2739 3165 ab
2768 3112 2868 3166 hoc
2896 3123 3072 3169 autem
3094 3156 3107 3179 ,
3138 3116 3261 3171 licet
3286 3117 3336 3171 in
3368 3133 3467 3187 pe-

1884 3201 2052 3255 riculo
2080 3209 2324 3255 versante
2343 3242 2356 3265 ,
2387 3217 2492 3255 non
2519 3202 2668 3273 item)
2692 3245 2707 3266 .
2763 3204 2856 3258 sed
2887 3214 3045 3271 tacet,
3073 3215 3127 3261 et
3151 3207 3322 3262 solum
3350 3224 3471 3264 sese

1887 3300 2097 3360 purgat,
2131 3299 2184 3345 et
2214 3290 2259 3343 si
2286 3290 2563 3345 innumera
2585 3290 2766 3348 dicere
2789 3295 3066 3362 potuisset.
3095 3295 3206 3351 lloc
3237 3298 3384 3351 illum
3416 3300 3469 3352 in

1884 3381 2129 3436 Caesarea
2168 3380 2373 3436 clarum
2403 3381 2692 3446 reddebat,
2723 3385 2865 3455 quod
2896 3400 3019 3441 cum
3062 3394 3210 3442 tanto
3256 3389 3472 3459 agmine

1885 3472 2145 3526 venisset.
2173 3469 2238 3525 In
2258 3472 2439 3539 quibus
2471 3472 2763 3527 invenerunt
2791 3491 2888 3541 me,
2917 3476 3114 3544 inquit,
3149 3478 3474 3547 puriﬁcatam

1885 3565 1940 3616 in
1984 3564 2187 3633 templo.
2239 3562 2517 3631 Quomodo
2545 3580 2674 3635 ergo
2720 3565 2972 3622 violavit?
3009 3584 3112 3623 non
3140 3571 3283 3625 enim
3319 3571 3461 3641 ejus-

1886 3654 2008 3710 dem
2051 3655 2282 3710 hominis
2308 3665 2451 3723 erat,
2511 3657 2802 3727 purillcari,
2830 3658 3088 3725 adorare,
3119 3671 3172 3715 et
3209 3662 3330 3717 ideo
3377 3679 3471 3719 ve-

1889 3748 2039 3813 nire,
2099 3757 2153 3802 et
2224 3749 2446 3802 violare.
2519 3748 2632 3805 Hoc
2686 3761 2864 3805 autem
2915 3753 2979 3805 ad
3042 3754 3475 3822 justiliratiouem

1890 3840 2137 3895 conferre
2182 3840 2447 3901 videatur.
2479 3842 2621 3910 quod
2652 3857 2754 3896 non
2784 3844 2837 3897 in
2869 3844 3086 3914 longum
3130 3848 3329 3903 incidat
3357 3865 3477 3904 ser-

1893 3946 2128 3985 monem.
2170 3931 2236 3985 Et
2271 3929 2604 3998 gratificatur
2646 3931 2835 3999 judici.
2869 3933 2996 3987 Mihi
3043 3946 3220 3989 autem
3270 3937 3479 3991 videtur

1892 4020 2052 4075 etiam
2081 4020 2184 4074 hoc
2227 4018 2595 4073 defensionem
2619 4033 2769 4072 suam
2802 4021 3139 4077 contrahere.
3172 4024 3276 4079 Sed
3315 4040 3477 4093 supe-

1894 4112 2004 4165 rius
2031 4110 2171 4165 dicta
2202 4119 2530 4181 repetamus.
2558 4109 2691 4176 Quia
2722 4112 2953 4166 antehac
2992 4114 3214 4168 multum
3257 4118 3477 4169 concio-

1897 4210 2052 4254 natus
2072 4210 2187 4254 erat
2202 4198 2490 4266 Tertullus,
2515 4201 2804 4255 ostendens
2826 4216 2886 4256 se
2903 4204 3220 4272 compendio
3240 4206 3477 4270 studere.

1897 4309 2001 4347 non
2031 4292 2183 4358 dixit,
2216 4292 2352 4347 Audi
2380 4306 2531 4357 rem;
2564 4292 2680 4357 sed,
2715 4292 2796 4348 Ne
2828 4304 2875 4348 te
2920 4296 3110 4350 diutius
3135 4314 3324 4364 morer,
3359 4315 3482 4368 rego

1899 4384 2077 4436 audias
2102 4399 2194 4437 nos
2218 4399 2311 4453 pro
2337 4392 2425 4436 tua
2454 4384 2783 4438 humanitate.
2832 4385 2993 4441 Forte
3018 4396 3075 4441 ut
3100 4392 3321 4458 gratiam
3367 4391 3485 4459 ejus

1899 4483 2193 4541 aucupetur
2239 4472 2317 4527 sic
2362 4487 2665 4530 sermonem
2704 4486 2929 4545 apparat
2960 4494 2975 4531 :
3009 4479 3090 4532 vel
3134 4480 3294 4533 etiam
3325 4496 3480 4534 mau-

1902 4565 2197 4619 suetudinis
2221 4566 2430 4634 signum
2473 4574 2575 4631 est,
2605 4582 2726 4621 cum
2749 4568 2869 4637 quis
2895 4570 3044 4636 plura
3073 4570 3255 4626 dicere
3282 4572 3487 4635 valens,

1903 4669 2068 4725 pauca
2096 4654 2244 4718 dicit,
2278 4663 2334 4706 ut
2388 4669 2455 4710 nc
2485 4655 2783 4710 molestiam
2817 4659 3007 4725 pariat.
3043 4658 3362 4725 Invenimus,
3406 4663 3491 4714 in~

1904 4747 2037 4815 quit,
2070 4745 2203 4798 hunc
2231 4746 2391 4797 virum
2433 4747 2728 4815 pestiferum
2757 4762 2776 4800 :
2805 4748 2911 4816 qui,
2950 4750 3139 4818 inquit,
3176 4762 3222 4803 et
3245 4752 3488 4819 templum

1908 4838 2100 4892 uolare
2120 4835 2342 4888 tentavit.
2370 4835 2510 4904 Ergo
2528 4850 2632 4889 non
2654 4836 2892 4891 violavit.
2928 4838 3062 4905 Quid
3083 4840 3257 4909 igitur,
3289 4842 3337 4895 si
3365 4841 3491 4895 alibi

1908 4925 2013 4982 hoc
2044 4925 2207 4979 fecit?
2239 4925 2453 4979 Minime
2480 4943 2495 4975 :
2524 4927 2656 4980 alias
2676 4928 2818 4981 enim
2869 4928 3120 4993 dixisset;
3169 4929 3278 4999 jam
3325 4942 3454 4986 vero
3476 4972 3492 4994 .

1910 5012 2160 5081 Tentavit,
2197 5014 2363 5079 dicit;
2392 5029 2499 5085 quo
2519 5024 2698 5069 autem
2726 5015 2906 5081 modo,
2939 5030 3045 5071 non
3075 5017 3243 5071 addit.
3280 5018 3342 5072 Et
3367 5035 3489 5088 qua)

1912 5105 2133 5161 Paulum
2164 5107 2380 5177 quidem
2422 5107 2775 5176 spectabant,
2805 5107 2883 5163 sic
2912 5109 3134 5172 extulit;
3166 5110 3288 5166 vide
3314 5122 3493 5168 autem

1911 5197 2181 5269 quomodo
2205 5213 2325 5267 qua:
2350 5212 2444 5250 sua
2474 5205 2598 5251 sunt
2614 5196 2837 5252 minuat.
2865 5198 3025 5262 Quem
3044 5201 3492 5270 apprehenaunus,

1913 5287 2102 5356 inquit,
2134 5296 2179 5340 et
2210 5288 2455 5340 voluimus
2487 5287 2725 5358 judicare
2750 5292 3026 5343 secundum
3068 5291 3223 5362 legem
3248 5304 3493 5349 nostram.

1915 5378 2283 5448 Superveniens
2310 5389 2481 5431 autent
2509 5377 2691 5449 Lysias
2740 5380 2972 5437 tribunus
3022 5398 3137 5437 cum
3167 5388 3327 5439 multa
3355 5387 3403 5441 vi
3429 5402 3495 5441 ex

1916 5469 2146 5523 manibus
2168 5471 2351 5524 nostris
2390 5470 2630 5542 abripuit.
2669 5470 2765 5527 llic
2784 5472 3053 5541 ostendit,
3082 5475 3183 5531 sibi
3213 5477 3493 5532 molestum

1916 5577 2035 5617 esse
2064 5561 2129 5615 ad
2162 5571 2415 5617 extranea
2464 5564 2746 5619 tribunalia
2774 5569 2979 5630 venire,
3010 5566 3227 5638 etquod
3259 5584 3361 5621 non
3395 5567 3489 5634 ip~i

1920 5652 2128 5708 molesti
2183 5652 2431 5722 fuissent,
2482 5657 2581 5711 nisi
2634 5657 2746 5725 ipso
2795 5660 3084 5728 coegisset,
3115 5656 3358 5725 quodque
3387 5669 3492 5709 non
