3920 6224
475 288 575 346 367

473 402 539 458 ad
584 400 731 454 illum
786 397 1078 468 pertineret
1127 393 1297 447 virum
1347 389 1593 458 abripere
1623 403 1637 441 :
1666 399 1789 439 nam
1844 381 2055 451 injuria:

475 500 659 546 contra
686 504 788 545 nos
810 495 984 552 erant,
1006 495 1063 539 et
1094 483 1353 553 judicium
1385 478 1525 550 apud
1557 491 1654 532 nos
1695 474 1809 530 fieri
1837 481 2056 541 oporte-

477 583 586 637 bat.
615 579 766 647 Quod
781 587 960 633 autem
982 589 1073 631 res
1093 576 1171 630 sic
1202 573 1415 637 habeat,
1444 569 1720 640 sequentia
1746 565 1865 620 vide
1890 582 1905 618 :
1933 563 2063 617 Cum

477 674 640 727 multa
658 673 728 739 vi,
760 670 953 741 inquit.
986 669 1075 725 Vis
1098 668 1243 725 enim
1266 675 1405 720 erat.
1452 663 1489 718 Α
1520 679 1619 733 quo
1665 661 1849 730 poteris
1876 673 2065 728 cogno-

478 782 633 819 scere.
663 744 847 836 Neque
874 776 1129 819 accusare
1158 759 1323 816 audet
1345 776 1358 811 :
1378 767 1493 813 erat
1513 758 1655 811 enim
1682 755 1764 808 vir
1788 753 2059 807 clemens:

481 872 656 926 neque
697 858 815 911 sine
844 869 1003 909 causa
1033 851 1416 923 pratercurrit.
1469 846 1672 902 Deinde
1716 847 1943 907 iterum,
1994 857 2064 897 ne

481 946 696 1000 mentiri
727 944 1026 1006 videretur,
1061 942 1235 1011 ipsum
1277 940 1496 995 Paulum
1540 937 1620 990 sui
1651 936 1819 1005 ipsius
1843 947 2064 987 accusa-

481 1047 650 1089 torem
682 1034 902 1107 inducit.
935 1034 980 1086 Α
1017 1048 1115 1101 quo
1146 1042 1286 1100 potes
1310 1069 1326 1095 ,
1378 1029 1566 1098 inquit,
1616 1027 1679 1080 de
1726 1026 1804 1079 his
1832 1025 2062 1077 omnibus

480 1127 769 1195 dijudicans
812 1139 1133 1195 cognoscere.
1166 1120 1443 1177 Accedunt
1482 1127 1663 1188 postea
1689 1117 1951 1171 dictorum
1982 1125 2063 1170 te-

480 1226 592 1271 stes
626 1235 641 1271 :
672 1216 977 1285 Adjecerunt
1006 1223 1172 1267 autem
1194 1222 1240 1266 et
1265 1210 1458 1274 Juda’i,
1492 1211 1711 1262 dicentes
1756 1208 1863 1260 htcc
1900 1208 1973 1259 ita
2012 1222 2066 1258 se

486 1306 685 1360 habere.
715 1309 1070 1360 Accusatores
1088 1312 1215 1357 sunt
1243 1312 1298 1357 et
1327 1311 1492 1356 testes
1520 1309 1575 1354 et
1600 1308 1960 1353 accusatores.
1995 1296 2066 1350 At

482 1397 680 1453 Paulus
706 1396 996 1466 respondet
1027 1411 1041 1447 :
1073 1395 1251 1449 Sciens
1277 1409 1339 1447 ea:
1367 1392 1540 1445 multis
1563 1391 1709 1443 annis
1750 1400 1796 1442 te
1836 1405 1941 1442 esse
1972 1389 2068 1457 ju-

483 1501 615 1543 stum
632 1490 881 1560 judicent.
910 1488 1025 1543 Non
1057 1501 1197 1556 ergo,
1218 1485 1530 1554 peregrinus
1559 1493 1641 1536 est
1664 1496 1835 1550 neque
1861 1480 2066 1533 alienus

486 1597 659 1651 neque
702 1590 946 1644 novator,
975 1581 1017 1632 si
1047 1594 1076 1631 a
1106 1578 1286 1630 multis
1315 1576 1471 1629 aunis
1516 1573 1666 1628 novit
1690 1572 1945 1640 judicem.
1998 1569 2068 1623 Et

484 1682 631 1728 recte
657 1671 857 1726 addidit
886 1669 1038 1734 illud,
1068 1668 1298 1733 Iustum,
1328 1676 1383 1720 ut
1405 1680 1472 1720 ne
1500 1665 1566 1719 ad
1588 1679 1853 1718 summum
1884 1662 2063 1731 ponti-

486 1764 641 1820 ﬁcem
671 1764 983 1832 respiceret,
1029 1762 1110 1815 vel
1139 1762 1204 1814 ad
1242 1759 1495 1829 populum
1522 1798 1537 1823 ,
1571 1756 1654 1810 vel
1686 1755 1752 1809 ad
1784 1761 2066 1808 accusato-

488 1871 623 1911 rem.
658 1854 814 1919 Vide,
847 1852 1118 1924 quomodo
1143 1866 1249 1905 nou
1283 1850 1545 1921 processit
1568 1847 1634 1901 ad
1663 1844 2063 1904 contumeliam,

487 1947 586 2002 etsi
620 1947 909 2000 necvssitas
936 1953 1101 1999 esset.
1131 1942 1370 2006 Credens,
1404 1941 1594 2010 inquit,
1643 1939 1873 1991 omnibus
1893 1977 1908 2000 ,
1957 1950 2070 2005 qua:

486 2038 539 2090 in
562 2038 667 2106 lege
686 2045 819 2089 sunt.
850 2035 960 2089 Hoc
989 2035 1160 2097 dixit,
1201 2032 1492 2087 ostendens
1522 2030 1726 2084 nullutn
1769 2028 2062 2093 hominem,

488 2127 577 2195 qtti
626 2125 810 2180 credat
849 2124 1300 2179 resurrectionem
1326 2122 1589 2184 futuram,
1634 2120 1755 2173 talia
1807 2118 2068 2173 facturum

490 2229 645 2280 esse;
669 2231 825 2285 quam
857 2225 911 2269 et
948 2214 1021 2268 illi
1047 2222 1377 2282 exspectant.
1410 2212 1524 2266 Non
1544 2212 1676 2265 dixit
1700 2212 1767 2265 de
1797 2209 1898 2273 his,
1928 2208 2069 2279 quod

490 2306 713 2360 credant
756 2306 838 2370 iis,
880 2320 1001 2374 qua:
1031 2306 1083 2358 in
1135 2303 1413 2373 prophetis
1452 2303 1648 2371 scripta
1689 2312 1813 2355 sunt
1860 2307 2072 2369 (neque

493 2398 635 2450 cuitu
662 2396 1018 2466 credebant);
1069 2396 1162 2451 sed
1196 2397 1281 2450 hic
1322 2396 1570 2450 omnibus
1611 2394 1900 2458 credebat,
1966 2409 2071 2446 non

494 2486 914 2554 illi:quomodo
966 2495 1167 2551 autem,
1216 2486 1428 2553 longum
1483 2495 1625 2539 esset
1684 2500 1825 2537 nunc
1870 2484 2068 2538 dicere.

491 2574 662 2629 Tanta
689 2577 842 2641 disit,
883 2586 938 2631 et
962 2592 1220 2647 nusquam
1252 2577 1446 2631 Christi
1476 2576 1737 2633 meminit.
1775 2574 1867 2629 Hic
1896 2586 2071 2630 autem

496 2676 552 2719 ut
576 2667 727 2730 dixit,
753 2668 1000 2734 Credens,
1028 2670 1187 2722 etiam
1211 2684 1293 2731 ea,
1320 2684 1436 2737 qum
1454 2666 1721 2721 Christum
1741 2666 2072 2734 Spectahaut,

494 2759 895 2828 complectitur;
933 2760 1026 2814 sed
1054 2760 1265 2814 interim
1312 2761 1361 2813 itt
1390 2760 1797 2813 resurrectioni~
1826 2774 2077 2813 sermone

496 2859 756 2913 moratur,
786 2851 926 2923 quod
955 2852 1146 2921 dogma
1166 2852 1296 2920 ipsis
1318 2866 1603 2906 commune
1624 2861 1757 2913 erat,
1788 2862 1837 2905 et
1861 2867 2075 2906 omnem

495 2941 773 2997 seditionis
793 2943 1151 3011 suspicionem
1184 2944 1376 2999 aufert.
1414 2943 1613 2997 Deinde
1635 2958 1888 2997 ascensus
1917 2958 2074 2996 causa

494 3034 752 3103 sequitur.
777 3033 1154 3105 Elecmasynns,
1174 3035 1364 3105 inquit,
1391 3044 1439 3089 et
1461 3036 1737 3089 oblationes
1765 3039 1997 3103 [acturus
2024 3035 2078 3088 in

495 3133 691 3192 gentem
731 3140 915 3191 meant,
942 3127 1075 3187 veni,
1101 3124 1251 3193 idque
1274 3142 1364 3194 per
1384 3140 1544 3177 annos
1576 3125 1763 3192 plures.
1798 3123 2078 3190 Quomodo

496 3228 624 3283 ergo
672 3216 938 3268 turbasset
985 3230 1113 3277 eos,
1171 3214 1363 3283 quibus
1405 3214 1802 3283 elecnmsynant
1854 3214 2078 3268 daturus

499 3311 701 3355 tantum
735 3304 835 3357 iter
872 3303 1226 3371 susceperat?
1259 3302 1377 3356 Non
1406 3319 1521 3355 cum
1551 3302 1716 3364 turba,
1748 3303 1956 3370 inquit,
1987 3319 2078 3356 nec

496 3408 612 3444 cum
639 3394 872 3449 tunmltu.
909 3393 1113 3462 Ubique
1141 3392 1457 3447 seditionem
1480 3394 1761 3448 inliciatnr.
1794 3393 1956 3447 Hrcle
1984 3408 2077 3446 att-

500 3493 605 3536 tcm
643 3485 860 3537 advocat
890 3497 1233 3538 accusatores
1259 3486 1347 3553 qui
1373 3486 1442 3538 ab
1472 3486 1594 3539 Asia
1614 3527 1628 3549 ,
1675 3487 1860 3540 dicens
1890 3503 1902 3538 :
1940 3485 2079 3551 Quos

500 3576 757 3643 oportebat
781 3575 919 3643 apud
946 3586 991 3628 te
1014 3592 1271 3639 accusare,
1303 3576 1346 3629 si
1390 3577 1513 3644 quid
1538 3576 1774 3629 haberent
1814 3579 2080 3629 adversum

501 3684 595 3720 me.
632 3665 703 3720 Ita
733 3666 1066 3733 confidebat,
1098 3683 1155 3719 se
1186 3667 1438 3720 mundum
1481 3682 1606 3722 esse
1646 3683 1675 3721 a
1730 3667 1972 3731 crimine,
2024 3677 2080 3721 ut

499 3756 661 3809 etiam
691 3766 942 3825 provocet
976 3773 1089 3811 eos.
1121 3757 1188 3811 Et
1220 3773 1323 3810 non
1353 3772 1446 3811 eos
1477 3759 1682 3820 solum,
1717 3760 1806 3827 qui
1857 3759 1924 3812 ab
1954 3760 2077 3813 Asia

499 3856 673 3911 erant,
706 3862 887 3900 verum
929 3848 1086 3901 etiam
1118 3862 1231 3913 eos,
1256 3850 1341 3917 qui
1372 3849 1771 3914 cherusalcm,
1802 3859 2082 3903 accusato-

499 3951 588 3991 res
608 3953 713 3991 non
738 3939 940 4005 rejicit;
970 3940 1061 3993 sed
1088 3939 1185 3992 hos
1211 3954 1425 4007 quoque
1444 3950 1631 3993 evocat
1653 3941 1910 4009 adjicieus
1934 3958 1948 3993 :
1981 3941 2079 3993 Aut

503 4028 556 4079 hi
582 4027 682 4097 ipsi
724 4028 913 4081 dicant.
951 4028 1159 4083 Etenim
1207 4028 1325 4082 ideo
1364 4029 1432 4082 ab
1458 4029 1608 4082 initio
1637 4044 1778 4097 mgre
1818 4029 2076 4091 ferebant,

500 4120 640 4187 quod
673 4122 1120 4175 resurrecnonem
1161 4121 1498 4189 praedicaret.
1532 4121 1595 4173 Et
1644 4121 1777 4173 bene
1807 4118 1884 4173 sic
1915 4119 2079 4175 facie-

499 4212 589 4266 bat
614 4231 627 4267 :
652 4212 753 4266 hoc
779 4214 920 4267 enim
943 4223 1183 4276 ostenso,
1215 4212 1366 4265 facile
1394 4221 1447 4263 et
1470 4210 1738 4264 Christum
1761 4220 1815 4265 et
1839 4227 2079 4265 resurre-

498 4301 732 4355 ctionem
761 4301 879 4368 ejus
926 4301 1227 4355 inducebat.
1266 4300 1402 4366 Quid
1441 4301 1755 4363 invenerunt,
1791 4302 1993 4369 ittquit,
2026 4303 2078 4356 in

498 4407 578 4444 me
616 4391 896 4460 injustitiae,
932 4405 1047 4441 cum
1072 4400 1256 4442 starem
1278 4390 1330 4442 in
1353 4390 1606 4444 concilio?
1638 4389 1697 4443 In
1725 4392 1959 4458 concilio,
1992 4393 2077 4447 in-

496 4481 610 4548 quit
633 4518 647 4541 ,
678 4478 968 4531 ostendens
997 4480 1113 4531 illus
1146 4476 1277 4531 nihil
1322 4478 1610 4543 invenisse,
1665 4493 1771 4533 non
1830 4482 2074 4549 privatim

498 4568 843 4638 inquisitione
868 4569 1020 4633 facta,
1055 4568 1149 4622 sed
1174 4568 1515 4624 multitudine
1542 4582 1806 4639 pnesente
1834 4583 1887 4626 et
1916 4589 2077 4627 accu-

496 4672 609 4715 rate
638 4660 978 4729 dijudicante.

566 4752 620 4805 5.
660 4751 810 4817 Quod
839 4758 1015 4805 autem
1049 4751 1163 4805 hare
1194 4766 1317 4806 vera
1360 4751 1484 4814 sint,
1518 4754 1866 4809 testificantur
1892 4757 1958 4823 ii,
1989 4758 2079 4827 qui

496 4842 564 4898 de
592 4844 692 4898 hoc
716 4855 986 4898 accusant.
1016 4844 1140 4898 Ideo
1165 4844 1377 4899 dicebat
1401 4862 1415 4899 :
1446 4843 1512 4897 In
1543 4845 1637 4899 hoc
1666 4856 1833 4899 autem
1864 4850 2059 4913 studeo.

500 4945 551 4989 ttt
574 4938 683 4991 sine
705 4935 1012 5003 oll'endiculo
1040 4936 1401 4991 conscientiam
1445 4938 1654 4991 habeam
1683 4954 1805 5011 erga
1837 4938 1999 4993 Deum
2033 4950 2079 4995 et

495 5046 617 5101 erga
654 5030 899 5084 homines.
933 5029 1169 5086 Perfecta
1195 5031 1336 5085 enim
1366 5030 1481 5087 haec
1508 5031 1677 5086 virtus
1706 5043 1785 5086 est
1810 5074 1824 5095 ,
1867 5034 2078 5103 quando

501 5121 802 5176 hominibus
849 5123 1162 5176 occasiones
1208 5138 1313 5177 non
1358 5121 1583 5187 damus,
1630 5132 1685 5177 et
1725 5125 1865 5194 apud
1912 5126 2075 5180 Deum

495 5213 772 5267 studemus
799 5228 919 5268 esse
946 5214 1062 5266 sine
1090 5212 1432 5268 offendiculo.
1461 5214 1574 5279 Qua
1596 5213 1811 5268 cluuiani
1836 5216 1888 5269 in
1912 5218 2079 5270 conci-

499 5306 602 5369 lio,
646 5306 834 5375 inquit.
878 5305 1197 5360 Violentiam
1238 5307 1449 5361 illorum
1489 5308 1723 5363 ostendit
1750 5323 1869 5364 cum
1909 5309 2072 5375 dicit,

500 5395 762 5459 διαπωυὴ
791 5410 853 5449 ac
877 5396 922 5447 si
952 5396 1158 5450 diceret
1184 5413 1197 5449 :
1226 5396 1342 5451 Non
1372 5409 1594 5466 possunt
1620 5399 1801 5454 dicere
1829 5415 1914 5455 me
1940 5401 2079 5455 clee-

497 5498 737 5556 mosyuae
761 5483 982 5538 obtentu
1010 5485 1125 5538 iniec
1158 5485 1348 5541 fecisse
1372 5505 1385 5539 :
1429 5505 1535 5544 non
1562 5490 1704 5543 enim
1733 5505 1855 5544 cum
1884 5492 2033 5545 turba
2059 5532 2075 5557 ,

496 5592 669 5647 neque
705 5592 824 5633 cum
856 5578 1083 5634 tumultu
1112 5577 1213 5634 hoc
1241 5578 1494 5635 faciebam
1524 5598 1537 5634 :
1586 5580 1820 5652 alioquin
1846 5598 1972 5638 vero
2001 5584 2077 5637 itt-

1177 279 1234 335 S.
1273 273 1551 334 JOANNIS
1584 263 2059 329 CHRYSOSTOMI
2097 263 2415 321 ARCHIEP.
2454 265 2986 324 CONSTANTINOP.

2326 112 2350 128 η

3638 268 3734 324 snt

2165 381 2452 449 quisitione
2491 381 2588 437 hac
2629 382 2696 437 de
2726 398 2785 437 re
2813 382 2947 437 facta
2969 423 2984 447 ,
3014 381 3141 436 nihil
3184 381 3304 450 plus
3346 382 3733 437 inveniebatur.

2167 472 2356 526 Vidisti
2394 473 2448 526 in
2477 474 2725 542 periculis
2765 474 3227 529 mansuetudinem
3249 474 3275 526 ἲ
3296 473 3475 527 vidisti
3507 474 3735 542 linguam

2166 562 2391 619 honesta
2422 565 2728 633 loquentem
2749 607 2764 631 ,
2794 576 2848 620 ct
2878 565 3146 633 quomodo
3180 580 3339 617 unum
3372 572 3575 617 tantum
3602 581 3742 632 qum-

2166 666 2289 722 rat,
2342 666 2399 711 ut
2443 657 2546 710 sibi
2589 657 2795 727 objecta
2843 657 3076 722 refutet,
3126 672 3225 709 nec
3271 657 3389 709 illos
3433 656 3742 710 criminibus

2165 749 2394 814 obruat,
2444 749 2542 802 nisi
2573 763 2694 803 cum
2723 749 2787 802 ad
2820 749 3185 803 defensionem
3226 749 3550 818 cogeretur?
3594 758 3649 800 nt
3692 758 3743 802 et

2164 840 2411 894 Christus
2438 840 2650 895 dicrliat
2677 858 2690 894 :
2724 840 2833 910 Ego
2863 841 3166 893 dwmonium
3192 857 3290 894 non
3321 841 3478 892 habeo
3500 882 3514 905 ,
3542 842 3629 893 sed
3658 839 3744 892 ha-

2165 933 2378 998 που-ἱβεο
2409 932 2619 987 Patrem
2647 950 2812 985 meum
2836 973 2847 991 .
2878 944 2922 986 et
2949 949 3034 985 ros
3062 933 3401 985 inhonornstis
3428 950 3506 984 me
3544 936 3560 999 (
3585 930 3740 985 Jotm.

2166 1023 2218 1079 8.
2248 1024 2360 1092 49).
2411 1024 2561 1078 Ilunc
2587 1036 2639 1079 et
2680 1041 2779 1080 nos
2808 1025 3078 1080 imitemur
3105 1044 3117 1079 :
3158 1027 3278 1094 quia
3308 1034 3363 1078 et
3400 1027 3513 1092 ipse
3550 1025 3743 1079 Christi

2169 1114 2409 1168 imitator
2438 1125 2571 1168 erat.
2622 1115 2678 1171 Si
2711 1116 2802 1170 ille
2832 1117 2959 1169 nihil
2993 1118 3057 1169 iis
3081 1157 3097 1180 ,
3142 1118 3229 1184 qui
3257 1116 3323 1168 ad
3352 1116 3553 1169 ca-dcm
3580 1132 3745 1171 vene-

2168 1214 2311 1268 rant,
2343 1221 2592 1274 asperum
2623 1206 2777 1272 dixit,
2807 1222 2907 1275 qua
2937 1223 3034 1259 nos
3061 1208 3209 1259 venia
3236 1206 3378 1276 digni
3408 1208 3611 1260 erimus
3638 1250 3652 1272 ,
3700 1209 3744 1260 in

2168 1297 2426 1351 conviciis
2457 1308 2511 1350 et
2554 1299 2892 1351 contumeliis
2934 1298 3159 1359 cll‘et'ati,
3203 1298 3291 1366 qui
3337 1299 3593 1352 set-lestos
3635 1314 3746 1352 scec

2170 1388 2593 1457 lestissimosqne
2624 1405 2875 1444 vocamus
2904 1390 3145 1443 inimicos
3174 1401 3384 1443 nostros
3408 1390 3430 1442 ?
3470 1407 3627 1458 quam
3662 1392 3749 1444 tic-

2171 1477 2461 1532 ft-nsionem
2482 1478 2814 1538 habebimus.
2835 1481 2923 1548 qtti
2944 1480 3185 1535 inimicos
3201 1482 3416 1535 omnino
3437 1481 3749 1535 habeamus?

2171 1573 2362 1624 Annon
2389 1571 2540 1623 audis
2565 1586 2685 1624 eum
2714 1612 2728 1635 ,
2762 1572 2851 1641 qui
2885 1573 3109 1625 honorat
3133 1612 3147 1633 ,
3176 1572 3407 1639 seipsmn
3440 1571 3751 1625 honorare?

2170 1661 2278 1715 Nos
2304 1671 2483 1715 autem
2514 1676 2611 1716 nos
2643 1663 2784 1731 ipsos
2811 1663 3130 1716 contumelia
3159 1664 3437 1715 allicimus.
3487 1665 3748 1727 Accusas,

2170 1751 2310 1820 quod
2357 1752 2678 1805 contumelia
2708 1752 2930 1806 affectus
2956 1754 3029 1807 sis
3058 1770 3073 1807 :
3120 1769 3215 1806 cur
3243 1752 3399 1821 igitur
3432 1754 3543 1821 ipse
3571 1755 3625 1806 in
3658 1753 3751 1807 hoc

2171 1844 2374 1897 crimen
2403 1844 2591 1897 incidis
2612 1844 2636 1895 ?
2661 1860 2755 1897 cur
2777 1847 3000 1911 teipsum
3028 1844 3305 1897 COIIdeis?
3332 1844 3480 1897 Mane
3511 1846 3751 1912 paSsiune

2174 1949 2395 1999 vacuus,
2426 1950 2583 1989 mane
2610 1935 2974 1989 iuvulneratus
3003 1954 3015 1989 :
3046 1954 3132 1999 ne,
3160 1936 3285 1988 dum
3315 1937 3392 1987 vis
3423 1937 3654 1990 alterum
3687 1941 3751 1991 rc-

2174 2027 2300 2091 rire,
2333 2027 2560 2095 teipsum
2590 2027 2743 2081 malis
2769 2029 3027 2081 involvas.
3071 2028 3186 2081 Non
3217 2029 3412 2081 sullicit
3443 2029 3593 2081 nobis
3621 2030 3754 2082 alius

2173 2116 2333 2168 animi
2352 2116 2628 2179 tumultus,
2654 2118 2865 2172 nemine
2891 2118 3192 2172 concitante
3215 2128 3408 2180 motus,
3436 2127 3491 2171 ut
3510 2118 3754 2171 absurdae

2175 2207 2642 2274 concupiscentim,
2675 2223 2956 2274 maerores,
2990 2209 3218 2263 tristitia:
3246 2220 3301 2264 et
3330 2211 3541 2274 similia,
3571 2222 3629 2263 ut
3658 2212 3753 2263 alia

2177 2299 2330 2353 nobis
2365 2300 2806 2354 accumuletnus?

2249 2390 2577 2445 Contumelia:
2601 2393 2851 2462 quomodo
2880 2392 3120 2460 ferenda.
3148 2423 3219 2432 —
3246 2394 3310 2446 Et
3340 2394 3607 2463 quomodo
3643 2412 3754 2462 pos-

2176 2484 2333 2538 sibile
2372 2493 2454 2538 est
2478 2523 2493 2549 ,
2544 2484 2787 2553 inquies,
2828 2484 3182 2537 contumelias
3215 2484 3393 2538 ferre?
3441 2489 3755 2550 Quomodo,

2177 2587 2394 2640 qumso,
2429 2573 2754 2641 impossibile
2781 2576 2900 2628 est?
2930 2574 3119 2628 vulnus
3150 2575 3303 2627 nobis
3328 2592 3355 2629 a
3388 2578 3559 2628 vcthis
3588 2580 3753 2629 nasci-

2179 2672 2266 2717 tur
2285 2665 2310 2716 ?
2336 2664 2611 2718 cicatrices
2642 2664 2693 2717 in
2724 2665 3036 2733 corporibus
3064 2675 3187 2719 sunt
3206 2667 3230 2718 ?
3250 2668 3402 2735 quale
3429 2670 3582 2733 igitur
3611 2668 3752 2720 nobis

2179 2755 2432 2807 damnum
2464 2755 2655 2808 accidit
2676 2755 2701 2807 τ
2730 2754 2910 2824 Itaque
2939 2758 2981 2809 si
3012 2757 3254 2818 velimus,
3290 2760 3427 2811 ferre
3457 2776 3754 2827 possumus.

2183 2843 2449 2897 Ponamus
2489 2845 2643 2898 nobis
2689 2845 2858 2913 legem
2909 2860 2975 2899 ne
3023 2845 3336 2911 doleamus,
3382 2860 3435 2902 et
3472 2850 3757 2902 διιςιξιιυιιίο

2181 2950 2300 2988 mus
2328 2953 2339 2988 :
2376 2936 2530 2990 nobis
2563 2937 2692 3006 ipsis
2720 2938 2959 2991 dicamus
2984 2957 2995 2988 :
3021 2938 3133 2992 Non
3162 2950 3243 2993 est
3272 2941 3581 3006 inimicitim,
3612 2944 3760 2994 infir-

2181 3026 2381 3078 mitatis
2423 3035 2545 3080 est:
2592 3043 2718 3081 vere
2759 3029 2899 3082 enim
2943 3028 3268 3083 infirmitatis
3299 3041 3398 3083 est.
3445 3030 3578 3085 Nam
3623 3033 3761 3100 quod

2182 3133 2288 3171 non
2317 3116 2386 3172 sit
2411 3134 2475 3172 ex
2508 3119 2783 3172 inimicitia
2817 3120 2900 3174 vel
2933 3122 3277 3189 malignitate,
3310 3124 3654 3176 voluitetiant
3679 3125 3764 3177 ille

2181 3224 2240 3264 se
2278 3210 2563 3272 cohibere,
2612 3213 2855 3281 quamvis
2898 3213 2948 3266 in
2996 3214 3173 3267 multis
3214 3220 3280 3267 sit
3333 3214 3511 3269 laesus.
3566 3217 3618 3270 Si
3666 3216 3763 3269 hoc

2180 3302 2581 3355 Consideremus
2610 3305 2784 3357 Solum
2811 3344 2824 3367 ,
2858 3303 2996 3373 quod
3026 3321 3089 3358 ex
3130 3305 3436 3360 infirmitate
3463 3308 3574 3373 sit,
3623 3307 3764 3363 fere-

2182 3407 2300 3445 Inus
2328 3433 2342 3453 ,
2375 3401 2431 3446 et
2475 3394 2811 3461 ignoscemus
2851 3395 3066 3463 quidem
3100 3396 3210 3459 illi,
3243 3397 3661 3467 ctiuabitnnrqne
3700 3415 3765 3453 ne

2182 3493 2234 3535 et
2265 3483 2361 3550 ipsi
2409 3483 2681 3538 cadatnus.
2724 3485 2851 3538 Nam
2883 3501 3073 3539 oumes
3094 3486 3240 3555 ,‘qui
3273 3499 3564 3555 praisentes
3603 3498 3725 3541 sunt
3748 3530 3767 3555 ,

2184 3573 2528 3639 interrogabo
2559 3594 2570 3627 :
2615 3591 2740 3628 num
2774 3577 2840 3629 ita
2871 3576 3231 3644 pllilOSOpllari
3261 3581 3484 3646 potestis
3504 3621 3517 3641 ,
3552 3591 3608 3632 ιιι
3638 3597 3769 3631 (τμη.-

2186 3665 2435 3719 lumelias
2468 3665 2689 3719 feratis?
2736 3666 2930 3736 Utique
2968 3679 3114 3735 puto.
3162 3668 3300 3737 Ergo
3347 3669 3433 3721 ille
3480 3670 3680 3723 invitus
3722 3682 3774 3725 te

2182 3756 2506 3809 contumelia
2537 3755 2714 3809 affecit
2737 3797 2750 3815 ,
2787 3772 2891 3809 non
2922 3758 3105 3811 volens
3128 3799 3143 3820 ,
3172 3759 3265 3812 st-d
3306 3758 3375 3812 ab
3411 3759 3609 3813 affectu
3650 3777 3771 3813 coa-

2183 3856 2301 3899 ctus
2331 3863 2343 3897 :
2383 3854 2435 3899 te
2464 3847 2699 3899 contine.
2743 3845 2858 3899 Non
2892 3848 3040 3901 vides
3071 3848 3470 3903 diemouiacos?
3502 3852 3656 3903 Sicut
3687 3853 3769 3904 ille

2185 3952 2291 3991 non
2331 3947 2435 3990 tam
2465 3953 2530 3991 ex
2561 3938 2832 3992 inimicitia
2855 3977 2869 4002 ,
2898 3954 3054 4006 quam
3084 3956 3147 3993 ex
3180 3940 3489 3994 inﬁrmitate
3531 3943 3636 3996 hoc
3658 3961 3772 3997 sus—

2185 4028 2318 4083 tinet
2352 4044 2366 4082 :
2396 4028 2474 4082 sic
2498 4036 2553 4081 et
2593 4043 2692 4081 nos
2733 4043 2837 4082 non
2888 4038 2992 4082 tam
3024 4044 3053 4082 a
3088 4032 3536 4086 contuitu-[Earum
3586 4043 3771 4085 natura

2185 4132 2497 4183 movemur,
2529 4133 2689 4187 quam
2715 4134 2743 4171 a
2778 4120 2929 4173 nobis
2958 4121 3105 4189 ipsis.
3137 4121 3346 4175 Etenim
3375 4125 3656 4190 quomodo
3700 4127 3775 4176 ἱη·

2184 4211 2454 4263 sauientes
2484 4210 2701 4264 easdem
2745 4212 3096 4266 contumelias
3123 4212 3406 4265 inferentes
3434 4216 3775 4268 toleraan

2185 4301 2389 4354 Rursus
2418 4301 2462 4355 si
2490 4303 2647 4356 amici
2673 4310 2797 4356 sunt
2828 4302 2882 4366 ii,
2911 4303 3000 4373 qui
3030 4306 3377 4358 contumelias
3404 4304 3667 4371 inferunt,
3698 4309 3778 4360 vel

2183 4394 2227 4447 si
2255 4393 2485 4463 majores
2508 4435 2522 4459 ,
2568 4392 2824 4448 ferimus:
2858 4395 3126 4464 quomodo
3156 4412 3281 4464 ergo
3327 4410 3431 4449 non
3472 4398 3774 4453 absurdum

2182 4482 2375 4548 fuerit,
2408 4499 2527 4537 cum
2560 4495 2670 4538 tres
2698 4486 2803 4538 sint
2827 4528 2842 4550 ,
2874 4501 3064 4553 nempe
3088 4486 3279 4550 amici,
3313 4486 3487 4540 insani
3513 4498 3572 4541 ct
3603 4489 3777 4558 maju.

2183 4590 2292 4641 res,
2323 4575 2463 4630 ferre
2489 4577 2643 4642 illos;
2675 4594 2827 4645 pares
2852 4588 3030 4632 autem
3061 4578 3140 4631 vel
3173 4579 3406 4633 minores
3435 4595 3550 4634 non
3590 4581 3777 4637 ferre?

2183 4668 2338 4737 Saepe
2367 4667 2482 4721 dixi
2510 4686 2523 4722 :
2567 4667 2826 4726 Momenta
2861 4683 2932 4722 .ea
2962 4684 3047 4723 res
3076 4677 3157 4722 est
3186 4678 3239 4723 ct
3278 4670 3445 4723 subita
3475 4671 3733 4742 abreptio
3760 4690 3775 4727 :

2183 4773 2370 4829 parum
2396 4760 2706 4825 toleremus,
2735 4770 2787 4813 et
2808 4770 2976 4813 totum
3004 4760 3339 4829 perfecimus.
3369 4759 3591 4827 Quanto
3610 4766 3778 4832 magis

2181 4849 2556 4905 contumeliam
2583 4849 2761 4915 infert,
2781 4860 2926 4903 tanto
2944 4850 3204 4904 infirmior
3218 4860 3317 4904 est.
3332 4849 3543 4905 Nostitt‘
3558 4854 3773 4922 quando

2181 4953 2426 5013 oporteat
2452 4944 2678 4999 dolere?
2705 4944 2927 5011 Quando
2955 4945 3104 4999 nobis
3126 4947 3501 5001 contumeliam
3537 4950 3776 5005 inferen-

2182 5038 2324 5093 tibus
2352 5037 2439 5091 ille
2471 5037 2699 5103 tacebit;
2746 5045 2870 5092 tunc
2898 5037 3160 5092 enimille
3188 5038 3400 5107 quidem
3430 5038 3591 5093 fortis
3618 5083 3635 5107 ,
3681 5058 3779 5095 nos

2182 5138 2357 5183 autem
2388 5128 2583 5183 infirmi
2612 5145 2795 5184 sumus
2821 5147 2835 5183 :
2880 5131 2921 5182 si
2951 5144 3080 5183 vero
3105 5131 3432 5184 contrarium
3461 5132 3739 5187 efliciatnr
3760 5175 3775 5195 ,

2181 5220 2340 5274 etiam
2384 5219 2617 5289 gaudere
2655 5230 2904 5289 oportet:
2947 5230 3235 5275 coronatus
3270 5237 3361 5284 es,
3409 5223 3776 5290 proclamatns

2181 5325 2278 5373 cs;
2334 5327 2438 5365 non
2478 5312 2528 5364 in
2577 5327 2801 5379 agonem
2846 5311 3037 5366 ductus
3063 5354 3080 5378 ,
3112 5328 3218 5366 non
3246 5314 3376 5368 solis
3446 5315 3730 5369 radiorum
3757 5357 3773 5381 ,

2182 5401 2414 5470 pulveris
2441 5403 2683 5458 molestia
2711 5402 2955 5468 affectus,
2990 5419 3096 5458 non
3121 5405 3387 5460 consertis
3412 5407 3671 5459 manibus
3693 5405 3773 5459 vel

2180 5495 2328 5548 ansis
2376 5495 2557 5562 datis;
2603 5496 2696 5550 sed
2742 5497 3018 5552 voluntate
3063 5506 3267 5551 tantum
3294 5538 3308 5561 ,
3342 5506 3396 5551 et
3441 5497 3653 5552 sedens
3693 5498 3773 5552 vel

2182 5596 2366 5653 Stans,
2410 5602 2653 5656 magnam
2696 5587 2943 5658 accepisti
2977 5602 3267 5655 coronam;
3316 5604 3411 5644 nec
3441 5589 3614 5644 modo
3655 5606 3769 5644 ma-
