4002 6224
352 362 456 417 διο

356 472 537 525 Ἔστω
572 479 703 541 παρ⁹
733 470 861 540 ἡμῖν
903 467 933 518 6
960 463 1058 532 τῆς
1088 461 1257 531 ὀργῆς
1285 457 1541 528 σπινθὴρ,
1572 456 1712 509 ὥστε
1743 452 2012 524 εὐκαίρως

351 565 706 628 ἀνάπτεσθαι,
735 565 809 633 μὴ
834 561 955 615 καθ’
976 560 1131 630 ἡμῶν
1153 556 1355 618 αὐτῶν,
1377 552 1514 623 μηδὲ
1535 551 1601 604 ἶν’
1621 554 1654 620 ή
1664 550 1770 620 μᾶς
1801 547 2012 618 μυρίοις

353 660 619 730 περιϐάλῃ
653 662 865 722 κακοῖς.
887 658 998 728 Οὐχ
1018 657 1182 728 δρᾶτε
1204 654 1261 705 ἐν
1288 653 1409 713 ταῖς
1434 648 1633 710 οἰκίαις
1661 645 1721 699 τὸ
1756 643 1864 714 πῦρ
1885 642 2019 696 ἀπο-

352 754 704 824 τεταγμένον,
733 756 827 808 καὶ
850 754 911 807 οὐ
938 748 1217 821 πανταχοῦ
1252 744 1604 819 ἐρριμμένον,
1638 740 1761 795 οὐτε
1797 741 1857 792 ὲν
1888 737 2017 807 χόρο

353 865 449 917 τῳ,
484 848 606 901 οὐτε
658 851 717 903 ἐν
769 849 1023 919 ἱματίοις,
1057 846 1182 900 οὐτε
1229 843 1436 907 ἀπλῶς;
1488 840 1630 893 ὥστε
1690 836 1766 909 μὴ
1817 834 2019 905 ἀνέμου

354 946 683 1014 ἐμπνέοντος
729 944 1093 1009 ἐξάπτεσθαι·
1136 940 1274 996 ἀλλά
1317 937 1423 993 κᾶν
1468 934 1775 1006 θεράπαινα
1828 929 2021 999 λύχνον

357 1042 477 1113 ἔχῃ,
507 1042 611 1097 κᾶν
654 1045 682 1095 ὁ
729 1044 990 1113 μάγειρος
1023 1040 1283 1111 ἀνακαίῃ,
1332 1033 1679 1107 παραγγελία
1707 1028 1898 1098 πολλὴν
1945 1026 2021 1097 μὴ

358 1138 489 1208 παρ’
510 1137 728 1207 ἄνεμον,
786 1138 918 1209 μηδέ
953 1136 1162 1198 σανίδος
1196 1134 1385 1202 ἐγγὺς,
1415 1130 1550 1201 μηδὲ
1589 1130 1647 1181 ὲν
1675 1125 1830 1180 νυκτὶ
1866 1122 2024 1177 τοῦτο

357 1235 561 1283 ποιεῖν·
612 1232 726 1285 ἀλλ’
761 1233 889 1286 ὅταν
919 1232 1201 1302 καταλάϐῃ
1229 1232 1263 1299 ἡ
1315 1227 1433 1293 νὺξ,
1476 1224 1834 1296 ἐκοιμίσαμεν
1866 1217 2019 1279 αὐτὸ.

356 1324 584 1390 δεδιότες
618 1329 690 1398 μή
727 1346 877 1389 ποτε,
914 1327 1279 1381 καθευδόντων
1316 1322 1474 1395 ἡμῶν
1500 1321 1595 1374 καὶ
1626 1315 1838 1378 οὐδενὸς
1870 1314 2021 1376 ὄντος

356 1421 450 1473 τοῦ
470 1422 905 1493 ἐπικουροῦντος,
927 1424 1164 1492 ἀναφθῇ,
1186 1420 1281 1474 καὶ⁵
1302 1419 1511 1480 πάντας
1530 1414 1822 1486 ἐμπρήσῃς
1853 1408 2024 1462 Τοῦτο

358 1519 449 1569 καὶ
506 1517 598 1569 ἐπὶ
629 1517 724 1571 τοῦ
758 1518 931 1589 θυμοῦ
978 1519 1215 1587 γινέσθω
1235 1533 1249 1548 ·
1290 1516 1366 1587 μὴ
1397 1510 1675 1582 πανταχοῦ
1709 1504 2023 1577 διεσπάρθω

356 1608 463 1660 τῶν
494 1609 776 1681 ἡμετέρων
799 1609 1094 1680 λογισμῶν,
1124 1610 1238 1663 ἀλλ’
1264 1607 1319 1661 ἐν
1341 1624 1448 1660 τινι
1467 1604 1622 1675 βάθει
1639 1602 1742 1672 τῆς
1765 1596 2021 1660 διανοίας,

357 1702 496 1757 ὥστε
543 1704 618 1775 μὴ
648 1705 741 1759 τὸν
761 1706 959 1776 ἄνεμον
979 1706 1071 1759 τὸν
1097 1705 1205 1759 ἀπὸ
1232 1706 1341 1757 τῶν
1373 1701 1634 1773 ῥημάτων
1652 1698 1747 1751 τοῦ
1779 1696 1846 1749 δι’
1868 1696 2025 1747 ἐνανο

356 1798 476 1860 τίας
500 1799 735 1863 εὐκόλως
763 1802 1119 1871 ἐφικνεῖσθαι,
1143 1799 1278 1854 ἀλλά
1316 1797 1444 1870 παρ’
1477 1796 1634 1867 ἡμῶν
1665 1789 1913 1863 δέχεσθαι
1932 1786 2025 1840 τὸν

356 1894 576 1964 ἄνεμον,
619 1895 730 1950 τῶν
762 1898 977 1952 εἰδότων
1003 1897 1335 1968 συμμέτρως
1367 1894 1497 1949 αὐτὸ
1530 1893 1701 1945 κινεῖν
1731 1888 1826 1943 καὶ
1853 1886 2026 1953 ἀσφα-

355 1989 483 2053 λῶς.
520 1992 617 2045 Ἀν
648 1992 845 2057 ἔξωθεν
891 1993 1092 2062 ἀνεμον
1138 1992 1356 2061 δέχηται
1390 1990 1490 2042 οὐκ
1531 1981 1638 2039 οἶδε
1689 1984 1751 2037 τὸ
1805 1981 2023 2052 μέτρον,

354 2085 492 2139 ἀλλά
512 2086 687 2141 πάντα
707 2088 1010 2160 ἐμπρήσει·
1052 2089 1313 2152 πολλάκις
1342 2087 1436 2141 καὶ
1469 2082 1840 2140 καθευδόντων
1868 2074 2025 2147 ἡμῶν

353 2183 384 2234 6
405 2183 602 2254 ἄνεμος
632 2180 787 2250 οὗτος
830 2188 1172 2256 ἐμπεσεῖται,
1216 2187 1308 2240 καὶ
1340 2185 1408 2239 τά
1453 2184 1631 2237 πάντα
1662 2174 2020 2234 κατακαύσει.

358 2279 538 2332 Ἔστω
585 2276 679 2334 οὖν
731 2284 865 2351 ἡμῖν
907 2281 1047 2336 ὥστε
1089 2282 1206 2351 φῶς
1249 2282 1511 2337 ἀνάπτειν
1556 2278 1748 2350 μόνον·
1794 2273 2025 2329 ἀνάπτει

352 2373 461 2446 γὰρ
504 2376 620 2444 φῶς
668 2379 697 2430 6
739 2375 947 2448 θυμὸς,
997 2379 1125 2432 ὅταν
1173 2378 1559 2449 προσηκόντως
1616 2374 1872 2443 γένηται·
1928 2368 2025 2422 καὶ

354 2470 643 2539 λαμπάδας
669 2472 881 2542 ἔχωμεν
920 2474 1062 2527 κατὰ
1099 2474 1209 2526 τῶν
1235 2473 1566 2527 ἀδικούντων
1605 2470 1844 2539 ἐτέρους,
1882 2463 2023 2519 κατά

352 2565 447 2617 τοῦ
502 2565 766 2619 διαϐόλου.
824 2568 916 2637 Μὴ
972 2568 1246 2638 πανταχοῦ
1295 2568 1517 2629 κείσθω,
1582 2564 1717 2636 μηδὲ
1777 2560 2025 2634 ιρῤίφθω

353 2662 610 2733 σπινθὴρ,
648 2663 764 2716 ἀλλ’
786 2665 845 2716 ἐν
875 2663 1053 2736 τέφρᾳ
1083 2665 1474 2733 φυλάττωμεν·
1504 2663 1563 2715 ἐν
1595 2661 1711 2723 τοῖς
1743 2657 2025 2727 λογισμοῖς

351 2761 464 2822 τοῖς
514 2764 788 2827 ταπεινοῖς
821 2762 1158 2832 κοιμίζωμεν
1191 2777 1210 2799 ·
1249 2762 1431 2814 αὐτόν.
1484 2758 1556 2813 Οὐ
1594 2756 1827 2811 πάντοτε
1856 2752 2021 2808 αὐτοῦ

350 2856 604 2926 δεόμεθα.
670 2857 783 2911 ἀλλ’
836 2859 964 2911 ὅταν
1017 2855 1460 2928 κατεργάσασθαί
1506 2873 1559 2908 τι
1597 2855 1712 2926 δέῃ,
1750 2852 1842 2906 καὶ
1872 2849 2023 2922 [577]

351 2952 574 3024 ποιῆσαι
623 2954 862 3008 ἁπαλόν·
914 2955 1041 3007 ὅταν
1091 2953 1349 3022 πώρωσιν
1417 2952 1653 3023 μαλάξαι
1707 2949 1801 3019 δέῃ
1828 2988 1843 3009 ,
1896 2948 2024 3001 ὅταν

348 3049 452 3118 τῆς
508 3048 686 3120 ψυχῆς
749 3050 1115 3118 καταγνῶναι.

416 3148 482 3201 δ’.
518 3148 668 3202 Πόσα
715 3148 877 3218 θυμοὶ
914 3148 1007 3201 καὶ
1034 3148 1195 3219 ὀργαὶ
1233 3147 1382 3201 δεινά
1422 3144 1874 3216 κατειργάσαντοῐ
1914 3142 2025 3196 Καὶ

350 3244 411 3295 τὸ
436 3243 499 3313 δὴ
525 3243 780 3314 χαλεπὸν,
813 3245 942 3297 ὅταν
971 3243 1367 3312 διαναστῶμεν,
1399 3243 1498 3295 οὐκ
1524 3241 1603 3294 ἐτι
1627 3240 1721 3293 τοῦ
1749 3238 2023 3292 συνελθεῖν

351 3342 516 3409 ἔσμεν
535 3339 735 3411 κύριοι,
766 3340 881 3393 ἀλλ’
899 3338 1119 3409 ἐτέρους
1149 3338 1509 3407 ἀναμένομεν·
1532 3337 1758 3398 ἕκαστος
1773 3334 2025 3405 αἰσχύνε-

349 3454 438 3489 ται
456 3436 551 3489 καὶ
569 3436 796 3507 ἐρυθριᾷ
825 3433 1136 3489 ἐπανελθὼν
1166 3432 1497 3498 καταλλάξαι
1512 3433 1603 3486 τὸν
1623 3433 1711 3486 ἐτε
1721 3449 1831 3503 ρον.
1854 3433 2020 3502 Ὅρα,

348 3530 628 3600 διαστῆναι
682 3530 782 3599 μέν
834 3530 928 3583 καὶ
975 3528 1347 3599 διασχισθῆναι
1394 3529 1495 3581 οὐκ
1524 3528 1858 3598 αἰσχύνεται,
1885 3527 2023 3582 ἀλλά

351 3626 443 3680 τοῦ
472 3625 641 3680 κακοῦ
669 3625 878 3693 γίνεται
906 3625 1173 3697 ἀρχηγός·
1229 3626 1545 3696 προσελθεῖν
1573 3625 1628 3678 δὲ
1661 3624 1756 3679 καὶ
1782 3624 1842 3678 τὸ
1875 3626 2022 3696 ἐσχι-

352 3723 549 3794 σμένον
598 3722 765 3792 ῥάψαι
792 3720 1145 3790 αἰσχύνεται·
1205 3723 1297 3775 καὶ
1338 3720 1534 3775 ταυτὸν
1564 3721 1874 3792 συμϐαίνει,
1907 3717 2021 3777 οἷον

348 3818 414 3870 ἂν
445 3816 497 3871 εξ
525 3832 609 3879 τις
652 3814 927 3883 ἀποκόψαι
961 3813 1058 3884 μὲν
1082 3814 1144 3868 τὸ
1170 3815 1330 3885 μέλος
1357 3818 1431 3887 μὴ
1458 3818 1662 3889 ὀκνοίη,
1691 3820 2021 3886 συναγαγεῖν

346 3909 401 3962 δὲ
438 3907 761 3978 αἰσχύνοιτο.
814 3906 878 3959 Τί
933 3906 1079 3977 λέγει
1094 3925 1130 3970 ς,
1173 3906 1461 3980 ἀνθρωπε;
1491 3912 1753 3982 ἠδίκησας
1785 3910 2017 3982 μεγάλα,

348 4002 440 4055 καὶ
466 4001 625 4064 αὐτος
658 4000 826 4063 αἴτιος
863 3999 1048 4069 ἐγένου
1079 4001 1176 4070 τῆς
1208 4002 1421 4074 μ.ἀχης;
1454 4005 1663 4060 Οὐκοῦν
1709 4006 1918 4068 δίκαιος
1952 4006 2019 4059 ἂν

346 4096 462 4162 είης
493 4093 756 4164 πρότερος
780 4091 1034 4146 ἀπελθεῖν
1075 4094 1168 4149 καὶ
1194 4096 1624 4165 καταλλαγῆναι,
1665 4097 1759 4150 ἀτε
1793 4096 1895 4167 τὴν
1927 4099 2015 4150 αίο

343 4186 463 4237 τίαν
484 4184 642 4250 αὐτὸς
681 4186 998 4258 παρασχών.
1042 4186 1181 4239 Ἀλλ’
1206 4186 1471 4257 ἠδίκησαν
1493 4187 1541 4252 δ,
1576 4189 1827 4250 κάκεῖνος
1845 4187 2018 4252 αἴτιός

342 4280 519 4344 ἐστιν,
551 4280 758 4334 Οὐκοῦν
784 4279 877 4332 καὶ
903 4277 991 4331 διὰ
1020 4278 1196 4341 τοῦτο,
1216 4278 1301 4330 ἵνα
1327 4277 1528 4345 μᾶλλον
1558 4295 1616 4330 σε
1639 4278 2012 4349 θαυμάσωσιν,

347 4376 434 4425 In
461 4373 597 4439 πρὸς
625 4369 702 4439 τῷ
738 4369 989 4439 προτέρῳ
1038 4369 1130 4451 καὶ
1179 4369 1238 4421 ἐν
1266 4368 1342 4438 τῷ
1378 4368 1615 4439 δευτέρῳ
1653 4369 1722 4421 τά
1772 4373 2015 4438 πρωτεῖα

344 4464 493 4531 ἔχῃς,
526 4459 716 4529 ὥσπερ
742 4460 801 4511 οὐ
834 4459 927 4511 τοῦ
954 4457 1205 4525 γενέσθαι
1235 4459 1338 4528 τῆς
1381 4458 1579 4529 ἔχθρας
1620 4459 1812 4522 αἴτιος,
1841 4460 2014 4526 οὕτως

340 4552 463 4605 οὐδὲ
512 4549 605 4603 τοῦ
638 4550 930 4618 ἐκταθῆναι
966 4549 1057 4601 ἐπὶ
1096 4549 1257 4601 πλέον
1309 4550 1410 4620 τὴν
1461 4549 1692 4621 ἔχθραν·
1742 4550 1869 4615 ἴσως
1919 4555 2013 4608 καὶ

340 4643 547 4703 ἐκεῖνος
601 4641 771 4711 μυρία
804 4639 1059 4701 συνειδὼς
1087 4639 1264 4709 ἐαυτῷ
1292 4640 1606 4710 αἰσχύνεται
1646 4644 1734 4697 καὶ
1761 4644 2009 4716 ἐρυθριᾷ.

352 4731 492 4786 Ἀλλ’
525 4732 914 4801 ἁπονενόηται;
970 4732 1154 4802 Ταύτῃ
1188 4732 1423 4800 μάλιστα
1460 4732 1534 4803 μὴ
1563 4734 1798 4809 ὀκνήσῃς
1842 4754 2013 4807 προσ-

338 4826 593 4896 δραμεῖν·
626 4826 720 4879 καὶ
741 4823 848 4895 γάρ
874 4824 1091 4877 διπλοῦν
1120 4825 1250 4894 παρ’
1278 4825 1424 4895 αὐτῷ
1453 4826 1511 4878 τὸ
1534 4827 1724 4889 πάθος.
1760 4830 1851 4883 καὶ
1873 4832 2008 4886 ἀπό-

338 4936 458 4972 νοια
484 4919 579 4971 καὶ
602 4918 762 4989 ὀργή.
796 4918 867 4971 Σὺ
893 4917 991 4987 τὴν
1008 4917 1186 4970 αἰτίαν
1214 4911 1392 4979 εἶπας,
1420 4917 1487 4971 δι’
1512 4917 1579 4988 ἦν
1605 4918 1840 4986 ὀφείλεις
1872 4923 2008 4994 πρό-

336 5027 492 5081 τερος
522 5010 794 5072 ἀπελθεῖν,
815 5013 843 5064 6
872 5011 1151 5079 ὑγιαίνων,
1184 5010 1212 5063 6
1241 5008 1543 5079 δυνάμενος
1576 5010 1794 5079 βλέπειν
1816 5030 1829 5043 ·
1864 5015 2006 5068 ἐκεῖ-

337 5116 427 5163 νος
457 5101 563 5171 γάρ
591 5103 648 5153 ἐν
690 5103 865 5171 σκότῳ
894 5104 1007 5155 ἐστί
1026 5122 1039 5132 ·
1074 5099 1311 5154 τοιοῦτον
1337 5100 1495 5170 γάρή
1527 5101 1663 5172 ὀργὴ
1697 5104 1841 5174 καὶή
1876 5106 2007 5158 ἀλα-

340 5190 535 5253 ζονεία.
598 5193 669 5244 Σὺ
722 5193 778 5246 δὲ
828 5195 856 5246 6
896 5194 1099 5247 τούτων
1151 5191 1569 5264 ἀπηλλαγμένος
1610 5195 1700 5245 καὶ
1747 5196 2007 5264 ὑγιαίνων

337 5282 623 5352 πρόσελθε,
656 5283 790 5352 πρὸς
820 5284 910 5334 τὸν
934 5284 1209 5352 κάμνοντα
1228 5286 1256 5337 6
1280 5284 1477 5351 ἰατρός.
1504 5286 1595 5356 Μή
1620 5304 1703 5350 τις
1721 5286 1868 5355 λέγει
1895 5287 2005 5342 τῶν

1141 346 1199 401 s.
1240 342 1527 400 JOANNIS
1568 337 2058 397 camsoswm
2101 332 2425 390 ARCIIIEP.
2464 314 3013 393 coxsnmmor.

3693 332 3807 387 550

2122 466 2227 512 σιν,
2289 450 2363 513 ὡς
2413 453 2474 505 οὐ
2535 455 2831 508 νοσούντων
2891 452 3115 521 σφόδρα,
3158 450 3263 502 τῶν
3296 449 3349 502 δὲ
3380 450 3807 518 κατακειμένων

2121 546 2322 599 οὐκέτι.
2360 551 2428 601 Ἦ
2464 550 2524 602 οὐ
2567 551 2715 603 δοκεῖ
2749 566 2833 602 σοι
2869 547 3177 618 ἀρρωστίας
3226 541 3364 598 εἶναι
3412 544 3803 616 χαλεπώτερον

2122 639 2351 693 ἀπόνοια
2377 644 2474 695 καὶ
2492 643 2687 713 θυμόςς
2716 644 2814 713 οὐχ
2836 646 2864 696 6
2890 642 2988 712 μὲν
3010 639 3228 710 πυρετῷ
3251 658 3359 693 τινι
3383 640 3523 692 ἔοικε
3554 640 3799 710 σφοδρῷ.

2122 735 2156 804 ἡ
2180 735 2237 787 δέ
2263 735 2649 807 φλεγμαίνοντι
2674 738 2884 807 σώματι
2904 738 2995 789 καὶ
3020 737 3332 796 οἰδαίνοντις
3363 734 3647 804 Ἐννόησον
3673 736 3801 787 ὅσον

2123 825 2238 879 ἐστὶ
2270 830 2504 897 πυρετὸν
2520 828 2665 899 ἔχειν
2695 830 2787 883 καὶ
2817 829 3047 899 οἴδημα·
3084 827 3303 889 ἄπελθε,
3341 826 3530 878 σϐέσον
3564 827 3627 879 τὸ
3661 826 3795 896 πῦρ·

2121 919 2347 975 δύνασαι
2373 923 2482 994 γὰρ
2516 927 2581 995 τῇ
2630 925 2812 995 χάριτι
2859 924 2952 977 τοῦ
2989 922 3156 977 Θεοῦ·
3212 921 3400 991 ῶσπερ
3432 920 3585 973 ὕδατι
3628 922 3799 973 κατά-

2125 1012 2331 1066 στειλον
2375 1016 2474 1084 τὴν
2520 1008 2850 1087 φλεγμονὴν.
2901 1017 2967 1068 Τί
2999 1013 3114 1079 οῦν,
3146 1013 3212 1067 ἂν
3252 1012 3399 1082 αὐτῷ
3430 1011 3608 1078 τούτῳ
3637 1012 3797 1064 πλέον

2124 1103 2432 1177 ἐπαίρεται,
2457 1109 2654 1178 φησίν;
2696 1110 2861 1163 Ούδέν
2893 1109 3046 1181 παρὰ
3084 1108 3174 1161 σέ·
3212 1107 3275 1160 σὺ
3310 1105 3408 1177 μὲν
3434 1104 3544 1176 γὰρ
3574 1104 3635 1156 τὸ
3668 1121 3799 1157 σαυ-

2122 1198 2219 1253 τοῦ
2249 1202 2532 1275 ἐποίησας,
2554 1206 2761 1268 ἐκεῖνος
2782 1206 2837 1258 δὲ
2872 1205 3047 1275 ἐαυτῷ
3077 1203 3402 1271 λογιζέσθω·
3462 1203 3538 1272 μὴ
3571 1218 3798 1269 καταῖι⁹

2125 1299 2379 1353 νωσκέτω
2428 1302 2583 1370 ἡμῶν
2610 1303 2671 1355 τὸ
2715 1302 2972 1365 συνειδὸς.
3019 1302 3099 1353 ὅτι
3145 1298 3304 1370 ἡμῶν
3337 1298 3699 1351 ἐλλειπόντων
3741 1314 3795 1349 τι

2123 1388 2230 1443 τῶν
2258 1389 2482 1445 δεόντων
2514 1392 2673 1446 τοῦτο
2712 1393 2942 1461 γίνεται.
2978 1391 3217 1462 Ψώμιξε.
3251 1391 3405 1460 φησὶν
3430 1390 3541 1441 τὸν
3578 1388 3801 1456 ἐχθρόν

2123 1496 2280 1538 σουο
2303 1502 2317 1515 ·
2377 1487 2551 1543 τοῦτο
2597 1487 2708 1556 γὰρ
2745 1485 2933 1540 ποιῶν
2975 1485 3275 1554 ἄνθρακας
3326 1484 3516 1551 πυρὸς
3572 1479 3800 1546 σωρεύ-

2123 1589 2167 1626 σ
2168 1591 2255 1640 εις
2284 1575 2382 1628 ἐπί
2420 1576 2535 1643 τὴν
2584 1577 2863 1646 κεφαλὴν
2891 1578 3098 1631 αὑτοῦ.
3129 1578 3237 1630 Καὶ
3278 1578 3448 1647 ὅμως,
3476 1574 3573 1626 καὶ
3603 1570 3797 1624 τούτου

2123 1666 2295 1730 ὄντος,
2326 1668 2537 1721 κελεύει
2566 1670 2819 1723 ἀπελθεῖν
2860 1670 2953 1722 καὶ
2989 1667 3395 1735 καταλλαγῆναι
3434 1667 3531 1719 καὶ
3574 1665 3799 1732 εὐεργε-

2123 1758 2258 1818 τεῖν,
2307 1758 2405 1827 οὐχ
2456 1759 2541 1811 ἵνα
2596 1759 2874 1831 ἄνθρακας
2925 1758 3096 1827 πυρὸς
3145 1759 3493 1827 σωρεύωμεν,
3554 1755 3671 1809 ἀλλ’
3709 1755 3798 1807 ῖνα

2126 1849 2281 1913 εἰδὼς
2304 1852 2513 1916 ἐκεῖνος
2539 1852 2697 1906 τοῦτο
2741 1851 3193 1922 καταστέλληται,
3224 1850 3312 1904 ῖνα
3338 1849 3543 1922 τρέμῃ,
3577 1850 3667 1901 ῖνα
3701 1864 3798 1915 φο-

2125 1938 2285 2010 ϐῆται
2306 1941 2406 2005 τὰς
2423 1944 2741 2014 εὐεργεσίας
2772 1943 2972 2014 μᾶλλον
3002 1942 3114 1996 τῶν
3133 1939 3343 2012 ἐχθρῶν
3364 1940 3460 1993 καὶ
3487 1938 3591 2001 τὰς
3610 1938 3797 2005 φιλίας

2123 2031 2281 2103 ἢτάς
2319 2034 2630 2098 ἐπιϐουλάς.
2662 2036 2736 2089 Οὐ
2793 2034 2902 2105 γὰρ
2960 2034 3133 2096 οὕτως
3184 2032 3378 2103 ἐχθρὸς
3438 2030 3797 2102 μνησικακῶν

2127 2127 2353 2199 βλάπτει
2387 2131 2477 2185 τὸν
2534 2130 2811 2202 μισοῦντα,
2844 2131 2920 2195 ὡς
2963 2132 2993 2184 6
3029 2129 3256 2197 ὠφελῶν
3312 2129 3407 2182 καὶ
3462 2125 3796 2197 εὐεργετῶν.

2124 2226 2496 2295 Μνησικακῶν
2542 2228 2672 2298 γὰρ,
2733 2229 2827 2281 καὶ
2878 2226 3070 2280 ἑαυτὸν
3102 2227 3354 2280 κάκεῖνον
3402 2223 3632 2293 ἔϐλαψεν
3663 2223 3798 2287 ἴσως

2127 2318 2320 2389 μικρόν
2345 2336 2425 2372 τι·
2449 2319 2753 2389 εὐεργετῶν
2773 2319 2852 2383 δὲ,
2878 2318 3155 2391 ἄνθρακας
3185 2316 3354 2388 πυρὸς
3378 2316 3680 2386 ἐσώρευσεν
3701 2314 3799 2367 ἐπὶ

2122 2408 2222 2478 τὴν
2258 2410 2499 2481 κεφαλὴν
2529 2409 2713 2465 αὐτοῦ.
2747 2410 2954 2464 Οὐκοῦν
2993 2411 3052 2463 οὐ
3086 2409 3166 2463 δεῖ
3190 2408 3339 2480 [578]
3376 2409 3573 2471 ποιεῖν,
3605 2405 3797 2475 φησὶν,

2124 2500 2213 2554 ἵνα
2266 2501 2341 2571 μὴ
2395 2502 2722 2573 σωρεύωμεν
2759 2501 3083 2573 ἀνθρακας;
3128 2500 3265 2554 Ἀλλ’
3312 2500 3513 2569 ἐτέρως
3569 2497 3663 2548 ἐπὶ
3691 2494 3799 2565 τὴν

2124 2593 2364 2664 κεφαλὴν
2396 2594 2493 2664 τὴν
2526 2594 2624 2665 σὴν
2652 2594 2932 2666 ἄνθρακας
2966 2594 3226 2666 σωρεύειν
3282 2590 3494 2655 θέλεις;
3546 2588 3639 2641 καὶ
3680 2587 3802 2656 γὰρ

2121 2684 2281 2738 τοῦτο
2327 2685 2354 2724 d
2388 2689 2532 2739 ποιεῖ
2565 2686 2924 2757 μνησικακία.
2954 2686 3095 2739 Ἀλλ’
3139 2686 3231 2738 ἐπὶ
3271 2683 3455 2736 πλεῖον
3493 2679 3798 2745 ὲκτείνεινς

2123 2774 2385 2846 Οὐδαμῶς
2407 2792 2420 2806 ·
2449 2778 2511 2829 οὐ
2536 2777 2644 2848 γὰρ
2675 2778 2740 2830 σὺ
2766 2776 2925 2831 τοῦτο
2954 2778 3147 2841 ποιεῖς,
3175 2774 3290 2829 ἀλλ’
3317 2776 3520 2835 ἐκεῖνος
3540 2772 3570 2824 6
3594 2767 3803 2840 θηριώ-

2120 2866 2237 2938 δης.
2262 2870 2324 2921 Εἰ
2354 2871 2459 2939 γὰρ
2479 2869 2891 2940 εὐεργετοῦντός
2916 2885 3009 2921 σου
3045 2869 3140 2922 καὶ
3168 2867 3435 2938 τιμῶντος
3456 2865 3550 2918 καὶ
3579 2860 3801 2916 καταλ-

2121 2958 2425 3023 λάττοντος,
2459 2960 2610 3029 μένει
2643 2961 2925 3031 φυλάττων
2944 2962 3152 3022 ἐκεῖνος
3177 2960 3276 3029 τὴν
3308 2956 3623 3027 ἀπέχθειαν,
3659 2954 3802 3006 ἐαυο

2122 3049 2198 3119 τῷ
2245 3050 2305 3102 τὸ
2331 3049 2444 3120 πῦρ
2475 3051 2704 3120 ἀνῆψεν,
2756 3053 2917 3116 αὐτὸς
2951 3051 3170 3120 ἔφλεξεν
3199 3048 3365 3104 αὐτοῦ
3395 3048 3492 3117 τὴν
3515 3045 3799 3115 κεφαλήν·

2122 3140 2187 3191 σὺ
2207 3140 2265 3193 δὲ
2288 3141 2525 3204 ἀναίτιος
2556 3138 2626 3195 εἰ.
2667 3142 2759 3212 Μὴ
2793 3143 2942 3210 γίνου
2974 3141 3068 3195 τοῦ
3095 3141 3229 3194 Θεοῦ
3260 3138 3797 3210 φιλανθρωπότερος,

2121 3232 2243 3285 ἐπεὶ
2278 3233 2446 3303 μυρία
2476 3234 2642 3307 πείσῃ
2673 3234 2848 3288 δεινά·
2889 3234 3091 3304 μᾶλλον
3114 3234 3191 3296 δὲ,
3225 3232 3335 3285 οὐδ’
3355 3232 3421 3286 ἂν
3446 3230 3602 3301 θέλῃς
3632 3229 3798 3299 δυνή-

2124 3338 2211 3394 σῃ,
2239 3324 2360 3377 οὐδὲ
2386 3326 2527 3379 κατά
2567 3327 2786 3397 μικρόν.
2816 3327 2941 3389 Πῶς
2972 3325 3118 3394 γάρ;
3149 3325 3344 3378 Ὀσον
3377 3322 3583 3392 ἀπέχει
3619 3325 3653 3375 ό
3684 3323 3795 3377 οὐ·

2110 3414 2300 3481 ραν-ὸς
2329 3412 2450 3469 ἀπὸ
2502 3416 2613 3484 τῆς
2658 3416 2791 3487 γῆς,
2825 3416 2979 3486 φησὶ,
3008 3416 3307 3471 τοσοῦτον
3351 3413 3683 3483 ἀπέχουσιν
3730 3414 3799 3466 al

2112 3507 2344 3570 ,ϐουλαί
2374 3526 2495 3577 μου
2523 3507 2641 3562 ἀπὸ
2680 3507 2802 3562 τῶν
2835 3506 3086 3572 βουλῶν
3130 3505 3328 3575 ὑμῶν·
3366 3505 3464 3560 καὶ
3495 3504 3676 3558 πάλιν·
3721 3505 3800 3559 εξ

2118 3595 2308 3666 ὑμεῖς.
2371 3596 2526 3667 φησι,
2563 3595 2814 3665 πονηροὶ
2846 3595 3019 3663 ὄντες
3066 3594 3267 3649 οἴδατε
3314 3593 3540 3663 δόματα
3598 3593 3799 3655 ἀγαθὰ

2118 3688 2347 3742 διδόναι
2381 3688 2506 3752 τοῖς
2538 3688 2770 3759 τέκνοις
2793 3687 2982 3758 ὑμῶν,
3036 3688 3207 3752 πόσῳ
3245 3684 3489 3756 μᾶλλον
3525 3688 3558 3738 ό
3587 3683 3800 3754 Πατὴρ

2117 3780 2285 3851 ὑμῶν
2313 3782 2347 3834 ὀ
2369 3779 2648 3848 οὐράνιος
2668 3778 2846 3833 δώσει
2862 3779 3037 3847 ὑμῖν;
3068 3777 3229 3831 Ἀλλά
3266 3776 3466 3846 σκῆψις
3493 3774 3666 3829 ταῦτα
3691 3777 3800 3828 καὶ

2118 3870 2409 3942 πρόφασις.
2462 3871 2552 3940 Μὴ
2601 3870 2665 3940 δὴ
2721 3869 3069 3939 σοφιζώμεθα
3122 3869 3190 3924 τά
3248 3871 3644 3939 προστάγματα
3688 3868 3797 3924 τοῦ

2116 3962 2275 4018 Θεοῦ.
2320 3961 2432 4015 Καὶ
2486 3960 2606 4023 πῶς
2660 3961 3025 4031 σοφιζόμεθα,
3083 3961 3279 4031 φησίνς
3339 3956 3474 4014 Εἷπε
3520 3977 3534 3990 ·
3608 3958 3801 4018 Τοῦτο

2116 4054 2325 4122 ποιῶν,
2373 4053 2676 4122 ἄνθρακας
2700 4053 2891 4120 πυρὸς
2908 4054 3237 4120 σωρεύσεις
3252 4052 3349 4106 ἐπὶ
3372 4051 3490 4120 τὴν
3510 4050 3801 4120 κεφαλὴν

2114 4146 2299 4200 αὐτοῦ
2321 4163 2336 4178 ·
2372 4146 2438 4198 σὺ
2468 4146 2524 4198 δὲ
2552 4145 2752 4212 λέγεις·
2788 4143 3063 4215 Φοϐοῦμαι
3096 4144 3188 4197 τὸν
3219 4144 3433 4215 ἐχθρὸν,
3464 4144 3549 4197 ὃτι
3576 4142 3796 4213 μεγάλα

2116 4256 2184 4309 με
2222 4240 2502 4310 ἠδίκησεν.
2555 4241 2631 4293 Οὐ
2685 4238 2858 4293 ταῦτα
2913 4237 3128 4304 λέγεις;
3188 4236 3309 4298 Πῶς
3351 4236 3409 4288 δέ
3449 4236 3587 4299 ὅλως
3630 4236 3797 4305 ἔσχες

2111 4333 2339 4404 ἐχθρόν;
2388 4334 2747 4404 Ἀδικήσαντα
2803 4336 2963 4405 φοϐῇ.
3002 4332 3197 4386 σαυτὸν
3240 4331 3297 4385 δέ
3344 4331 3406 4384 οὐ
3446 4332 3621 4401 φοϐῇς
3664 4329 3795 4383 Eme

2113 4425 2310 4478 σαυτοῦ
2344 4426 2676 4497 ἐφρόντιζες.
2734 4427 2826 4497 Μὴ
2871 4426 3012 4478 ποίει
3049 4424 3236 4493 σκοπῷ
3269 4423 3527 4493 τοιούτῳ·
3587 4424 3794 4493 μᾶλλον

2108 4517 2165 4570 δὲ
2188 4517 2289 4571 κᾶν
2315 4516 2538 4588 τοιούτῳ
2564 4517 2786 4588 ποίησον
2813 4518 3016 4587 σκοπῷ,
3055 4517 3197 4570 Ἀλλ’
3221 4517 3284 4569 οὐ
3308 4519 3499 4579 ποιεῖς.
3539 4517 3613 4570 Οὐ
3645 4515 3793 4584 λέγω

2110 4628 2213 4673 σοι,
2252 4612 2332 4663 ὅτι
2364 4610 2640 4682 ἄνθρακας
2669 4612 2840 4682 πυρὸς
2873 4612 3186 4681 σωρεύσεις,
3216 4609 3353 4663 ἀλλά
3399 4610 3494 4662 καὶ
3514 4611 3701 4681 ἕτερον
3736 4627 3790 4664 τι

2108 4703 2269 4756 πλέον
2302 4704 2446 4772 λέγω
2468 4718 2481 4730 ⁸
2530 4703 2687 4774 μόνον
2730 4704 2971 4772 ποίησον.
3005 4703 3187 4757 Ταῦτα
3215 4704 3323 4773 γὰρ
3351 4701 3555 4765 πάντα,
3597 4704 3679 4755 ἴνα
3727 4720 3788 4757 σε

2108 4797 2491 4867 ἐκκαλέσηται,
2523 4797 2685 4865 φησὶν
2706 4798 2734 4849 6
2762 4796 2987 4860 Παῦλος,
3014 4796 3185 4849 ἐλπίδι
3205 4797 3301 4865 τῆς
3320 4795 3595 4865 τιμωρίας
3626 4795 3789 4851 λῦσαι

2105 4892 2203 4962 τὴν
2235 4890 2455 4961 ἔχθραν.
2490 4890 2706 4960 Ἐπειδὴ
2732 4888 3014 4961 θηριώδεις
3042 4890 3227 4958 ἐσμὲν.
3255 4889 3347 4941 καὶ
3378 4889 3481 4941 οὐκ
3514 4889 3581 4941 ἂν
3610 4888 3788 4955 ἄλλως

2106 4983 2471 5055 ανασχοίμεθα
2496 4983 2587 5037 τὸν
2626 4982 2819 5053 ἐχθρὸν
2848 4980 3092 5051 φιλῆσαι,
3126 4982 3174 5033 εἰ
3209 4981 3285 5050 μή
3320 4997 3443 5034 τινα
3471 4981 3788 5052 προσδοκῶ·-

2106 5093 2207 5141 μεν
2248 5076 2539 5147 τιμωρίαν,
2594 5075 2844 5145 καθάπερ
2884 5074 2992 5126 τινὶ
3033 5073 3206 5144 θηρίῳ
3238 5071 3423 5127 δίδωσι
3449 5072 3658 5143 ταύτην
3685 5072 3785 5142 τὴν

2071 5169 2284 5236 «μᾶζαν
2304 5182 2317 5195 ·
2362 5169 2482 5220 ἐπεὶ
2528 5170 2637 5231 τοῖς
2669 5166 2981 5228 ἀποστόλοις
3011 5166 3071 5219 οὐ
3120 5165 3276 5219 τοῦτό
3303 5182 3490 5234 φησιν,
3526 5164 3663 5219 ἀλλά
3691 5165 3745 5217 τί
3763 5180 3779 5228 ;

2104 5264 2302 5327 Ὅπως
2325 5261 2579 5331 γένησθε
2601 5260 2785 5328 ὅμοιοι
2799 5259 2907 5314 τοῦ
2927 5258 3158 5327 Πατρῧς
3181 5256 3347 5328 ὑμῶν·
3379 5256 3487 5312 τοῦ
3507 5258 3579 5310 ἐν
3606 5258 3781 5325 οὐρα-

341 5348 560 5444 ἰατρῶν,
608 5348 821 5441 Ἐπειδὴ
875 5348 1087 5425 ἀσθενεῖ
1139 5375 1239 5427 οὐκ
1292 5348 1637 5447 ἀπέρχομαὶς
1682 5348 1852 5435 iam
1917 5380 2005 5436 διά
2101 5356 2249 5421 νοῖςο
2281 5348 2488 5419 Ἀλλωέ
2514 5354 2573 5447 δὲ,
2601 5356 2701 5408 οὒκ
2738 5351 3777 5447 ἔπινείὺεργεῖοῦντᾲνκαὶεὐεργετού·

334 5464 492 5518 τοῦτο
518 5463 751 5534 μάλιστα
780 5463 1099 5533 βαδίζουσιν,
1133 5465 1262 5518 ὅταν
1296 5467 1443 5522 ῖδωσι
1479 5469 1553 5541 μὴ
1596 5470 1890 5541 δυνηθέντα
1917 5477 2003 5529 ἑλ-

2104 5466 2262 5519 μενον
2295 5450 2472 5519 μεῖναι
2494 5446 2703 5516 ἐχθρόν.
2734 5446 2831 5499 Διά
2860 5446 3019 5498 τοῦτο
3048 5446 3221 5498 ταῦτα
3268 5446 3453 5515 ἔθηκε.
3487 5446 3555 5498 Τί
3580 5448 3638 5497 ὲν
3663 5447 3779 5509 τοῖς

335 5558 467 5612 θεῖν.
501 5555 623 5610 Τῶν
657 5556 753 5629 μὲν
789 5557 895 5627 γὰρ
921 5557 1235 5628 δυναμένων
1271 5562 1365 5613 καὶ
1404 5536 1662 5616 ἐλάττονα
1689 5536 2002 5634 φροντίζου-
2099 5540 2277 5606 λόγοις
2305 5537 2629 5607 φιλοσοφῶν·
2660 5538 2725 5633 ἐν.
2747 5540 2858 5600 τοῖς
2894 5536 3074 5606 ἔργοις
3096 5536 3213 5589 οὐδὲ
3247 5537 3307 5589 τὸ
3343 5537 3545 5608 μέτρον
3574 5536 3777 5605 φυλάτ’

399 5764 435 5827 _'_
454 5762 535 5827 Sic
552 5767 738 5824 nplime
764 5766 872 5815 Sav.
896 5773 947 5815 et
971 5766 1089 5814 codd
1116 5782 1127 5827 ;
1156 5766 1622 5827 Μοι·ίί’.,κομὶζ‹.›μεν
1656 5770 1770 5819 Enn
1816 5770 1841 5810 ιι
1861 5770 1999 5820 ᾹΙὶιις

336 5823 437 5872 ἀλλ’
462 5825 658 5883 ἠδίκησε

2164 5761 2185 5789 ⁸³
2213 5759 2343 5813 llam,
2369 5761 2569 5821 ψώμιζε,
2598 5760 2728 5821 gms}.
2751 5762 2833 5807 τὸν
2855 5761 3013 5821 ἐχθρόν
3034 5776 3140 5819 σου,
3164 5758 3347 5809 desunt
3370 5761 3419 5809 in
3444 5774 3542 5811 uno
3571 5762 3761 5813 codice.

2106 5820 2127 5857 ἀ
2147 5820 2280 5869 "me?
2303 5821 2445 5869 olom
2471 5823 2518 5867 in
2554 5820 2843 5899 pupusdam.
