3920 6224
220 311 303 369 119

217 446 372 503 min,
395 427 479 485 sed
507 426 605 484 illis
640 426 800 499 longe
823 426 1081 497 maiorem
1106 427 1124 460 ⁸
1154 443 1170 482 :
1202 442 1307 483 non
1338 442 1447 499 par,
1469 436 1551 495 est
1590 429 1733 483 enim

220 522 444 577 inimicum
488 531 876 591 oppugnantem
918 520 1119 587 ferire,
1158 529 1215 575 et
1253 521 1356 575 tela
1386 522 1481 575 ira:
1505 522 1739 575 vincere.

220 614 363 669 Vicisti
398 612 527 668 nulla
564 612 687 667 data
723 628 852 668 ansa
873 655 889 678 ,
924 614 1172 668 morbum
1201 614 1365 667 animi
1403 624 1552 669 tuum
1592 613 1743 683 deje-

218 705 338 765 cisti,
363 712 666 757 commotam
697 707 862 756 feram
890 702 1144 773 jugulasti
1164 742 1184 768 ,
1210 714 1270 757 et
1296 701 1534 757 furorem
1581 718 1745 757 com—-

218 795 445 863 pressisti,
488 804 541 847 ut
584 805 771 862 pastor
797 792 1014 862 quidam
1050 794 1321 862 optimus:
1362 792 1517 848 civile
1547 792 1741 846 bellum

219 884 407 937 futurum
436 892 582 946 erat.
613 884 906 937 domestica
953 898 1146 952 pugna.
1180 882 1311 937 Nam
1356 884 1495 937 sicut
1536 882 1606 944 ii,
1653 883 1742 951 qui

217 976 371 1031 mnia
407 974 525 1030 foris
570 974 867 1039 obsident,
915 974 1074 1028 civile
1122 973 1320 1028 bellum
1369 974 1641 1038 excitant,
1690 982 1744 1027 et

216 1068 271 1120 ita
296 1067 523 1120 vincunt:
574 1065 655 1120 sic
684 1065 773 1135 qui
803 1064 1183 1119 contumeliam
1214 1063 1377 1118 infert
1402 1106 1415 1126 .
1461 1064 1504 1117 si
1528 1058 1743 1133 passio-

219 1173 314 1213 nem
341 1160 385 1211 in
412 1157 559 1211 nobis
588 1172 694 1211 non
725 1158 955 1221 excitet,
985 1159 1200 1212 vincere
1241 1170 1347 1210 non
1379 1156 1609 1224 poterit;
1643 1155 1742 1209 nisi

216 1267 293 1305 nos
316 1251 399 1320 ipsi
428 1265 520 1305 nos
549 1249 931 1314 incendamus,
963 1250 1053 1304 ille
1083 1249 1281 1305 nullam
1312 1250 1417 1303 vim
1455 1248 1631 1303 habet.
1665 1248 1747 1304 Sit

211 1342 326 1397 enim
353 1342 493 1395 nobis
523 1342 619 1395 ira:
648 1342 880 1396 scintilla
908 1382 924 1407 ,
962 1350 1018 1395 ut
1046 1349 1347 1411 opportune
1384 1339 1704 1394 accendatur
1727 1380 1743 1403 ,

214 1446 297 1484 non
320 1440 482 1485 contra
512 1447 615 1485 nos
636 1432 801 1500 ipsos.
828 1446 894 1486 ne
914 1445 1015 1486 nos
1040 1430 1332 1485 innumeris
1358 1428 1549 1484 afﬁciat
1571 1430 1743 1483 malis.

210 1522 301 1578 Non
326 1523 491 1578 videtis
517 1524 570 1577 in
598 1524 851 1593 domibus
879 1524 1053 1593 ignem
1094 1523 1422 1579 reconditum
1448 1562 1463 1586 ,
1494 1537 1592 1577 nec
1627 1522 1746 1577 ubi-

209 1628 290 1683 que
313 1614 583 1683 projectum
613 1655 627 1679 ,
660 1630 765 1668 non
799 1614 851 1668 in
885 1614 1027 1668 fumo
1051 1656 1065 1677 ,
1098 1629 1204 1669 non
1236 1614 1288 1668 in
1319 1614 1555 1668 vestibus
1576 1655 1594 1678 ,
1641 1628 1746 1669 non

212 1714 376 1759 temen
396 1746 410 1767 .
436 1720 499 1760 ne
523 1707 691 1760 tlante
720 1713 883 1759 vento
910 1705 1265 1769 incendatur;
1298 1705 1392 1760 sed
1422 1705 1535 1760 sive
1559 1705 1747 1759 ancilla

210 1793 437 1848 lucernam
474 1795 704 1861 habeat,
743 1794 857 1850 sive
886 1811 1047 1851 cocus
1081 1796 1374 1861 accendat,
1407 1796 1751 1851 denuntiatur

210 1885 307 1949 illis,
331 1902 389 1941 ne
411 1886 471 1940 ad
500 1898 746 1953 ventum,
781 1904 848 1942 ne
879 1904 1046 1959 prope
1079 1889 1333 1952 tabulam,
1367 1906 1433 1944 ne
1462 1900 1620 1945 noctu
1649 1889 1751 1945 hoc

210 1975 405 2041 faciant;
435 1979 523 2033 sed
550 1980 877 2034 adveniente
909 1991 1064 2035 nocte
1093 1981 1268 2050 ignem
1297 1982 1567 2050 sapimus,
1596 1983 1749 2036 veriti

208 2082 259 2121 ne
292 2067 408 2123 forte
437 2071 831 2126 dormientibus
868 2073 1024 2127 nobis
1061 2082 1117 2127 et
1154 2078 1366 2127 nemine
1393 2085 1614 2130 curante
1656 2090 1749 2129 ac-

205 2163 452 2230 cendatur,
484 2173 538 2218 et
575 2180 771 2220 omnes
800 2166 1032 2220 exurat?
1062 2165 1174 2221 Hoc
1200 2166 1253 2220 in
1281 2166 1358 2220 ira
1384 2182 1594 2236 quoque
1620 2168 1708 2220 llat
1734 2185 1745 2220 :

205 2267 258 2305 ne
278 2255 472 2308 omnino
498 2255 549 2307 in
580 2256 997 2325 cogitationibus
1024 2258 1224 2312 nostris
1251 2257 1590 2327 dispergatur
1609 2298 1624 2321 ,
1653 2257 1748 2313 sed

204 2344 244 2397 ia
266 2345 470 2413 quodam
495 2348 697 2402 mentis
730 2347 993 2416 profundo
1025 2358 1251 2417 ponatur
1270 2389 1284 2413 ,
1313 2357 1370 2403 ut
1398 2364 1466 2404 ne
1492 2357 1683 2404 ventus
1718 2364 1751 2404 a

204 2436 347 2491 Verbis
372 2437 662 2493 adversarii
705 2438 860 2493 facile
897 2439 1175 2502 adveniat.
1207 2439 1302 2494 sed
1332 2456 1360 2494 a
1393 2440 1549 2495 nobis
1577 2441 1750 2495 susci-

201 2524 345 2595 piatur
368 2540 567 2591 ventus,
603 2531 900 2586 scientibus
926 2531 1074 2586 illum
1104 2540 1400 2603 temperate
1423 2543 1478 2588 et
1506 2540 1618 2587 tuto
1638 2548 1755 2586 mo-

203 2633 318 2673 tere.
350 2620 403 2675 Si
429 2621 634 2677 deforis
664 2632 879 2677 ventum
910 2624 1157 2693 accipiat,
1192 2624 1360 2679 nescit
1388 2623 1627 2688 modum,
1657 2624 1752 2678 sed

198 2711 348 2764 otunia
373 2714 662 2768 accendet:
691 2729 835 2781 saepe
864 2714 1020 2769 nobis
1044 2714 1431 2770 dormientibus
1454 2725 1641 2771 ventus
1663 2714 1754 2770 ille

200 2799 371 2856 incidet
406 2813 458 2858 et
485 2805 673 2859 omnia
697 2806 997 2861 comburet.
1045 2804 1125 2861 Sit
1153 2822 1283 2877 ergo
1314 2798 1467 2862 nobis
1506 2815 1709 2861 tantum
1732 2847 1751 2874 ,

198 2901 243 2946 ut
262 2893 415 2951 lucem
434 2897 737 2953 accendat:
771 2896 943 2953 lucem
972 2898 1114 2952 cnim
1143 2897 1389 2953 accendit
1412 2898 1508 2962 ira,
1539 2897 1754 2967 quando

196 2984 415 3041 decenter
434 3000 686 3045 movetur
711 3008 725 3044 :
746 3000 797 3045 et
822 2989 966 3045 faces
993 2990 1285 3045 habeamus
1305 2999 1490 3044 contra
1518 3004 1635 3053 eos,
1663 2991 1779 3059 qui'

195 3078 305 3132 alios
330 3080 517 3135 laduut
537 3124 551 3144 ,
576 3090 769 3136 contra
798 3081 1088 3136 diabolum.
1117 3080 1194 3136 Ne
1218 3082 1411 3152 ubique
1430 3084 1629 3151 jaceat,
1658 3097 1756 3137 nec

197 3170 475 3237 proﬁciatur
504 3172 769 3238 scintilla,
797 3171 889 3226 sed
932 3172 983 3225 in
1022 3172 1206 3227 cinere
1234 3187 1509 3228 servemus
1536 3192 1549 3227 :
1580 3174 1630 3227 in
1660 3173 1755 3227 hu-

197 3259 377 3315 milibus
410 3263 829 3334 cogitationibus
871 3264 1143 3334 sopiamus
1189 3264 1351 3319 illam.
1384 3263 1499 3318 Non
1543 3279 1757 3334 semper

195 3351 261 3403 illa
282 3367 403 3422 opus
427 3355 716 3419 habemus,
741 3355 834 3409 sed
861 3354 1076 3424 quando
1098 3356 1306 3423 operari
1328 3355 1452 3425 quid
1471 3365 1680 3425 oportet
1703 3364 1759 3410 ct

196 3444 403 3499 cunnilire
422 3487 437 3509 ,
464 3445 689 3515 quando
720 3447 1062 3516 pertinaciam
1092 3460 1370 3516 superare.
1400 3446 1613 3516 quando
1642 3442 1757 3500 ani-

194 3549 307 3588 mam
332 3537 677 3607 redarguere.

247 3626 293 3680 4.
325 3627 690 3683 Reconciliatio
713 3630 965 3700 quomodo
988 3631 1563 3701 querenda—Quanta
1586 3632 1659 3684 ira
1679 3630 1759 3683 fu-

192 3732 357 3787 torque
377 3722 510 3775 mala
532 3733 860 3792 pepererunt
886 3724 901 3776 !
921 3722 1180 3793 Quodque
1195 3724 1408 3794 gravius
1424 3733 1523 3783 (Μ,
1543 3724 1758 3793 quando

196 3813 452 3877 sanguinis,
487 3830 599 3867 non
631 3813 769 3868 ultra
799 3814 959 3868 simul
985 3816 1274 3869 convenire
1298 3815 1625 3884 poterimus.
1661 3814 1756 3869 sed

190 3901 301 3955 alios
324 3915 709 3974 exspectamus
736 3921 751 3957 :
780 3905 1144 3975 unusquisque
1172 3904 1517 3960 confunditur
1545 3914 1600 3959 et
1629 3920 1758 3958 eru-

193 3991 332 4045 brscit
356 3993 570 4050 rediistis
598 3994 669 4048 ad
696 3995 1158 4051 recouciliandum
1186 3996 1372 4050 alittm.
1404 3995 1562 4060 Vide,
1594 3995 1756 4050 dividi

189 4093 228 4135 (ιι
249 4082 460 4141 discindi
490 4103 607 4141 non
640 4088 928 4155 erubescit,
960 4088 1054 4143 sed
1085 4088 1144 4142 lit
1170 4089 1293 4143 mali
1322 4088 1430 4143 dux
1457 4105 1472 4155 ;
1500 4088 1759 4143 accedere

189 4185 341 4230 autem
365 4188 417 4233 et
445 4180 690 4234 scissum
719 4194 982 4235 consncre
1006 4180 1295 4235 erubescit.
1327 4181 1502 4250 Atque
1528 4180 1757 4249 idipsum

187 4268 401 4338 contigit,
424 4285 489 4325 ac
518 4271 564 4325 si
594 4271 721 4340 quis
748 4271 1045 4325 membrum
1071 4271 1285 4340 quidem
1311 4270 1625 4325 abscindere
1652 4285 1758 4325 non

188 4371 409 4423 sumetur
433 4403 448 4423 ,
490 4362 833 4432 tonjungere
870 4373 1046 4416 autem
1090 4363 1388 4416 cruthCat.
1418 4362 1554 4429 Quid
1584 4362 1720 4415 dicis
1740 4402 1757 4425 ,

192 4451 369 4506 homo?
396 4454 634 4508 multum
666 4453 846 4507 lwsisti
866 4494 881 4516 ,
910 4463 965 4507 et
994 4454 1107 4522 ip~c
1133 4463 1318 4507 auctor
1347 4452 1488 4506 fniSIi
1531 4452 1760 4522 pugnae?

190 4541 343 4610 usque
382 4546 506 4612 jure
538 4545 691 4615 prior
719 4559 816 4600 eas
848 4557 902 4599 et
931 4546 1293 4600 reconcilieris
1315 4587 1330 4610 ,
1360 4553 1543 4613 utpote
1570 4544 1660 4614 qui
1706 4544 1759 4598 in

187 4634 323 4686 causa
351 4636 539 4691 fueris.
574 4640 646 4691 At
688 4637 848 4691 larsus
888 4653 946 4690 es
970 4678 986 4702 ,
1018 4646 1075 4691 et
1120 4638 1208 4691 ille
1250 4638 1301 4690 in
1342 4652 1499 4691 causa
1531 4637 1657 4691 est?
1694 4635 1761 4690 Et

188 4724 289 4778 ideo
312 4729 470 4799 igitur
491 4770 508 4794 ,
546 4738 612 4781 nt
650 4729 821 4798 magis
847 4728 1187 4781 admirationi
1219 4729 1462 4781 habearis
1483 4769 1496 4790 ,
1529 4736 1586 4781 ut
1614 4736 1668 4782 et
1708 4729 1759 4782 iu

189 4816 339 4880 primo
365 4829 415 4873 et
446 4820 501 4872 in
530 4818 777 4873 secundo
805 4820 1001 4887 primas
1034 4819 1247 4872 habeas.
1279 4817 1391 4872 Non
1420 4817 1561 4872 fuisti
1590 4818 1763 4871 inimi-

184 4909 303 4960 citiae
334 4926 497 4965 causa
523 4952 541 4974 ,
591 4911 667 4963 ita
712 4926 809 4965 nec
837 4926 995 4963 causa
1025 4922 1141 4965 esto
1168 4910 1307 4977 quod
1334 4925 1396 4963 ea
1425 4911 1643 4965 ulterius
1667 4926 1762 4964 ex-

190 5000 447 5056 tendatur:
497 5003 747 5071 fortassis
792 5012 845 5055 et
893 5002 983 5056 ille
1032 5001 1322 5055 nmltorum
1366 5002 1467 5055 sibi
1513 5002 1762 5056 conscius

183 5091 449 5148 erubescit.
483 5092 600 5148 Sed
633 5108 889 5162 arrogans
917 5103 995 5147 est
1016 5093 1041 5145 ?
1080 5092 1205 5147 ldco
1234 5092 1463 5146 maxime
1491 5109 1556 5147 ne
1584 5094 1763 5163 segnis

188 5182 250 5234 sis
274 5182 337 5236 ad
364 5183 740 5237 accedendum
768 5201 780 5235 :
811 5201 931 5237 nam
959 5184 1152 5254 duplex
1184 5194 1268 5239 est
1294 5185 1432 5254 apud
1462 5185 1607 5239 illum
1641 5199 1761 5254 pas-

185 5272 285 5336 sio,
330 5275 648 5345 arrogantia
694 5285 749 5329 et
798 5274 896 5329 ira.
942 5274 1022 5329 Tu
1052 5276 1267 5343 quidem
1295 5291 1513 5331 causam
1539 5275 1760 5343 dixisti,

187 5374 387 5431 propter
412 5382 586 5433 quam
622 5366 765 5433 prior
791 5365 1049 5420 accedere
1086 5364 1254 5420 debes
1276 5406 1292 5430 ,
1321 5366 1439 5435 quia
1472 5380 1634 5420 sanus
1662 5380 1721 5420 cs
1747 5409 1761 5433 ,

184 5456 290 5517 quia
316 5455 506 5511 videre
542 5464 739 5525 putes:
772 5454 864 5511 ille
894 5472 1123 5526 namque
1154 5458 1205 5510 in
1234 5455 1472 5511 tenebris
1501 5464 1616 5520 est;
1647 5456 1765 5511 talis

187 5544 365 5613 nippe
392 5554 480 5601 est
511 5547 594 5599 ira
629 5553 683 5599 et
706 5545 1029 5617 arrogantia.
1063 5545 1143 5603 Tu
1171 5562 1299 5602 vero
1328 5545 1398 5601 ab
1425 5545 1529 5600 illis
1559 5545 1694 5602 liber
1714 5554 1767 5601 ct

248 5681 495 5743 'Afnidam
511 5684 715 5743 testim.
738 5694 964 5738 umquam
981 5680 1208 5743 accepisti
1230 5694 1486 5738 coronam,
1512 5677 1606 5728 illis
1632 5677 1766 5742 longe

194 5739 407 5788 Morem
419 5758 479 5809 ,ο
502 5739 663 5791 aisais
678 5743 987 5805 interpositis.

1180 304 1245 362 IN
1286 306 1462 364 ACTA
1504 304 2025 364 Αιιοδτυιοιιωι.
2066 306 2294 366 1103111..
2336 306 2397 365 L.

3325 317 3430 375 ΞΜ

1849 444 2010 483 sanus
2049 433 2242 485 accede
2270 431 2336 484 ad
2379 443 2577 500 aegrum
2621 428 2877 484 medicus.
2923 428 3056 485 Num
3097 432 3217 501 quis
3256 433 3431 486 medi-

1846 536 2030 575 corum
2063 521 2277 586 dixerit,
2323 521 2456 589 Quia
2504 520 2743 575 inlirnms
2788 532 2907 586 est,
2942 537 3048 576 non
3093 523 3271 577 vado?
3316 520 3428 578 [mo

1848 612 1971 667 ideo
2000 614 2231 668 maxime
2258 612 2458 667 vadunt
2482 655 2498 674 .
2530 628 2649 667 cum
2690 612 2902 666 videant
2945 614 3089 667 illum
3136 630 3240 668 non
3272 628 3429 683 posse

1847 706 2049 759 venire.
2091 704 2220 760 Nam
2249 719 2362 769 cos,
2385 705 2472 774 qui
2505 705 2752 759 incedere
2775 705 2949 758 valent
2970 745 2985 767 ,
3010 706 3186 759 minus
3214 716 3425 767 curant,

1846 794 1986 863 quod
2015 810 2119 849 non
2150 795 2370 849 nimium
2412 803 2707 865 aegrotent;
2753 794 3133 850 drcumbeutes
3157 810 3283 851 vero
3319 811 3425 849 non

1849 886 1995 938 item.
2028 886 2219 939 Annon
2250 885 2460 939 videtur
2501 884 2594 938 tibi
2641 884 2943 939 inﬁrmitate
2978 886 3276 954 graviorem
3305 900 3427 941 esse

1846 978 2204 1048 arrogantiam
2233 986 2289 1032 et
2326 978 2503 1032 iram?
2544 991 2722 1031 annon
2773 975 2862 1031 illa
2910 978 3212 1033 vehementi
3250 977 3423 1045 febri,

1849 1069 1964 1124 haec
1986 1083 2116 1123 vero
2153 1069 2376 1123 tumenti
2404 1078 2459 1122 et
2487 1068 2673 1122 inﬂato
2701 1068 2913 1137 corpori
2950 1067 3141 1122 similis
3165 1070 3284 1122 est?
3317 1068 3423 1125 Co.

1848 1161 1954 1230 gita
1980 1171 2238 1231 quantum
2288 1162 2357 1216 sit
2401 1161 2590 1215 febrim
2639 1169 2696 1216 et
2743 1158 3022 1215 humorem
3054 1159 3289 1215 habere:
3333 1175 3427 1213 va:

1847 1251 1935 1316 de,
1965 1252 2246 1321 exsangue
2274 1252 2449 1322 ignem
2479 1269 2492 1305 :
2526 1260 2678 1320 potes
2717 1250 2860 1306 enim
2904 1266 3000 1319 per
3040 1251 3264 1322 gratiam
3298 1250 3426 1306 Dei:

1848 1346 1998 1412 quasi
2026 1359 2162 1413 aqua
2204 1359 2485 1414 compesce
2511 1344 2779 1398 ardorem.
2823 1343 2960 1411 Quid
2990 1360 3147 1414 ergo,
3180 1343 3387 1413 inquies
3411 1384 3428 1411 ,

1849 1434 1893 1487 si
1922 1433 2024 1488 hoc
2064 1434 2180 1504 ipso
2221 1439 2391 1504 magis
2426 1434 2752 1489 extollatur?
2781 1434 2921 1491 Nihil
2966 1434 3033 1489 ad
3080 1443 3169 1489 te:
3202 1443 3258 1489 tu
3286 1435 3429 1490 enim

1850 1526 1990 1595 quod
2031 1527 2083 1581 in
2127 1536 2178 1582 te
2217 1537 2333 1582 erat
2360 1526 2573 1593 fecisti,
2604 1527 2692 1581 ille
2718 1526 2817 1581 sibi
2845 1527 2942 1596 ipsi
2976 1526 3237 1597 imputet:
3270 1525 3431 1581 modo

1853 1632 1918 1671 ne
1946 1616 2275 1672 condemnet
2298 1633 2399 1674 nos
2419 1618 2749 1673 conscientia
2780 1626 2980 1682 nostra,
3011 1618 3150 1687 quod
3181 1616 3309 1672 illud
3338 1615 3434 1671 ﬁat

1853 1707 2006 1763 nobis
2043 1723 2164 1778 qua:
2206 1708 2617 1778 requirebantur
2644 1708 3027 1762 omittentibns.
3064 1706 3227 1762 Pasce
3263 1708 3436 1762 inimi-

1850 1816 1965 1853 cunt
2012 1808 2153 1853 tuum
2183 1839 2199 1866 ,
2246 1800 2416 1871 inquit
2440 1840 2456 1863 ,
2506 1802 2601 1854 hoc
2642 1800 2774 1853 enim
2805 1800 2996 1870 faciens
3024 1801 3277 1853 carbones‘
3302 1799 3434 1872 ignis

1851 1890 2142 1944 acc-amatas
2164 1906 2318 1961 super
2344 1900 2496 1960 caput
2529 1892 2641 1958 eius
2664 1890 2683 1963 (
2707 1888 2859 1944 Rom.
2892 1888 2977 1944 l2.
3005 1889 3077 1945 20
3096 1890 3137 1960 ).
3168 1890 3233 1945 Et
3256 1899 3434 1945 tamen

1852 1995 1973 2036 cum
2014 1997 2101 2038 res
2132 1982 2202 2036 ita
2232 1982 2446 2049 habeat,
2469 1983 2620 2054 jubet
2646 1983 2793 2038 abire
2813 2024 2830 2047 ,
2861 1983 3201 2057 reconciliari
3245 1992 3301 2040 et
3342 1983 3437 2039 be-

1854 2070 2101 2128 nefacere
2122 2114 2138 2139 ,
2170 2088 2276 2128 non
2309 2084 2366 2128 ut
2405 2073 2667 2129 carbones
2692 2074 2829 2144 ignis
2857 2076 3295 2141 accumulemus;
3341 2080 3435 2131 sed

1856 2178 1912 2222 ut
1942 2169 2032 2223 ille
2061 2167 2162 2224 hoc
2190 2170 2367 2224 sciens
2395 2179 2801 2239 compescatur,
2835 2180 2895 2224 ut
2924 2179 3116 2225 tremat
3157 2170 3437 2225 formidet-

1854 2275 1957 2330 que
2003 2260 2172 2330 magis
2219 2259 2477 2315 beneﬁcia
2517 2275 2677 2330 quam
2709 2259 3048 2325 inimicitias,
3077 2268 3131 2315 et
3176 2259 3439 2315 amicitias

1856 2352 2024 2421 magis
2064 2366 2225 2422 quam
2272 2350 2513 2406 insidias.
2563 2350 2678 2406 Non
2718 2352 2859 2405 enim
2892 2351 3139 2407 inimicus
3182 2353 3438 2406 ultiom-m

1856 2442 2123 2497 meditans
2150 2444 2221 2497 ita
2248 2443 2395 2498 la-dit
2421 2458 2481 2499 se
2504 2442 2797 2505 odientem.
2835 2452 2894 2498 ut
2920 2445 3009 2513 qui
3032 2444 3245 2512 adjuvat
3273 2454 3325 2498 et
3348 2444 3441 2497 be-

1856 2532 2073 2587 nefacit.
2105 2532 2314 2589 Etenim
2346 2534 2437 2603 qui
2470 2534 2725 2589 ultionem
2755 2529 3044 2587 meditatur
3068 2574 3083 2599 ,
3113 2544 3166 2587 et
3196 2547 3255 2588 se
3295 2534 3440 2587 laedit

1856 2633 1909 2678 et
1936 2624 2081 2678 illum
2115 2623 2255 2679 forte
2284 2640 2507 2695 parum;
2539 2625 2628 2696 qui
2658 2635 2838 2680 autem
2864 2623 3153 2691 benefacit,
3183 2624 3445 2681 carbones

1858 2715 1994 2786 ignis
2019 2716 2322 2771 accumulat
2346 2731 2510 2786 super
2534 2725 2694 2786 caput
2720 2715 2857 2785 ejus.
2886 2715 3026 2786 Ergo
3056 2716 3106 2770 id
3135 2715 3311 2770 facere
3336 2731 3444 2770 non

1855 2806 2156 2873 debemus,
2208 2822 2277 2860 ne
2325 2808 2723 2861 accumulemus
2767 2806 3072 2862 carbones?
3118 2806 3223 2861 Sed
3268 2807 3446 2862 alioue

1858 2895 2019 2951 modo
2065 2897 2145 2950 vis
2192 2896 2456 2951 carbones
2497 2911 2789 2966 congerere
2844 2911 3008 2967 super
3043 2907 3211 2967 caput
3248 2899 3447 2953 tuum?

1857 2988 2057 3042 etenim
2105 2987 2211 3042 hoc
2261 2986 2387 3041 facit
2430 2987 2651 3043 ultionis
2687 2987 2968 3057 cupiditas.
3003 2987 3108 3043 Sed
3154 2988 3322 3059 magis
3364 2989 3446 3045 vis

1858 3079 2148 3134 extendam
2171 3082 2195 3133 ἲ
2216 3078 2433 3133 Minime
2458 3097 2471 3133 :
2498 3094 2604 3133 non
2629 3079 2771 3134 enim
2801 3086 2857 3133 tu
2884 3078 2984 3133 hoc
3004 3078 3153 3145 facis,
3183 3080 3277 3135 sed
3304 3079 3446 3137 illius

1861 3171 2065 3227 feritas.
2092 3171 2147 3227 Si
2179 3171 2325 3226 enim
2358 3180 2410 3225 te
2438 3169 2804 3226 benefaciente
2825 3180 2879 3225 et
2909 3169 3209 3225 honorante
3239 3181 3293 3225 et
3316 3185 3448 3227 eon-

1859 3264 2043 3318 ciliare
2071 3262 2342 3329 studente,
2372 3262 2465 3317 ille
2497 3272 2714 3317 maneat
2742 3276 2967 3317 servans
2992 3262 3317 3327 inimicitias,
3340 3262 3444 3319 sibi

1862 3354 1962 3423 ipsi
2004 3355 2181 3425 ignem
2221 3353 2506 3417 accendit;
2552 3354 2667 3423 ipse
2706 3369 2863 3408 suum
2894 3354 3100 3409 exussit
3138 3365 3336 3425 caput:
3388 3364 3448 3411 tu

1861 3461 1991 3501 vero
2020 3445 2323 3517 inculpatus
2360 3460 2443 3501 es.
2493 3444 2579 3502 Ne
2616 3445 2696 3500 sis
2732 3446 2902 3515 magis
2940 3446 3244 3501 misericors
3287 3462 3447 3517 quam

1864 3540 2025 3605 Deus,
2053 3540 2176 3610 quia
2205 3537 2489 3595 innumera
2519 3538 2738 3609 patieris
2764 3538 2918 3593 malis
2943 3538 3077 3593 mala
3103 3554 3117 3603 ;
3153 3538 3261 3593 imo
3285 3540 3329 3593 si
3358 3554 3451 3593 vo.

1863 3630 2025 3684 lueris
2040 3670 2056 3691 ,
2084 3644 2191 3684 non
2222 3629 2423 3699 poteris
2442 3669 2462 3695 ,
2485 3643 2554 3684 ue
2578 3627 2857 3684 minimum
2880 3626 3116 3700 quidem.
3163 3628 3448 3697 Quomodo

1861 3723 2050 3777 enim?
2077 3723 2337 3787 Quantum
2365 3721 2523 3776 distat
2549 3720 2730 3776 calum
2756 3738 2798 3776 ιι-
2816 3730 2952 3776 terra
2972 3760 2989 3786 ,
3017 3720 3220 3793 inquit,
3247 3732 3446 3776 tantum

1862 3816 2051 3867 distant
2079 3813 2295 3867 consilia
2315 3828 2435 3866 mea
2463 3828 2498 3865 ιι
2533 3810 2762 3866 consiliis
2802 3814 2980 3868 vestris
3023 3810 3195 3884 (lsai.
3227 3814 3316 3870 55.
3343 3813 3403 3880 9)
3429 3830 3446 3876 ;

1861 3915 1916 3959 ct
1942 3918 2151 3959 rursum
2180 3921 2193 3957 :
2240 3901 2301 3956 Si
2328 3918 2437 3966 vos,
2461 3899 2654 3971 inquit,
2679 3916 2792 3953 cum
2814 3900 2927 3955 sitis
2948 3900 3093 3966 mli,
3124 3902 3281 3955 nostis
3313 3902 3445 3955 bona

1862 3994 1987 4048 dare
2021 3992 2142 4060 ﬁliis
2180 3990 2400 4054 uestris;
2448 3998 2639 4059 quanto
2680 3991 2845 4059 magis
2872 3989 3028 4042 Pater
3047 4001 3208 4044 uester
3235 3990 3448 4044 caelestis

1864 4086 2001 4141 dabit
2031 4085 2169 4139 vobis
2218 4083 2435 4152 (Matth.
2481 4082 2535 4134 Ἰ.
2569 4081 2657 4150 ll)
2678 4080 2703 4131 ?
2741 4079 2849 4135 Sed
2881 4082 2995 4134 lucc
3021 4080 3271 4135 obtentus
3300 4089 3445 4133 sunt.

1864 4180 1941 4234 Ne
1984 4178 2144 4248 igitur
2185 4173 2478 4244 suphistice
2506 4173 2921 4241 interpretemur
2945 4169 3193 4224 mandata
3224 4170 3336 4224 Dei.
3383 4169 3450 4225 Et

1863 4261 2134 4340 quomodo
2173 4266 2467 4337 sophistice
2497 4261 2958 4334 interpretamur?
2989 4261 3168 4329 Dixit,
3216 4259 3328 4315 Hoc
3367 4261 3449 4331 fa—
3528 4260 3535 4266 ’

1864 4366 2020 4429 ciens,
2048 4364 2288 4416 carbones
2314 4359 2445 4430 ignis
2465 4358 2694 4429 congeris
2722 4371 2872 4426 super
2895 4355 3176 4422 caputeius
3200 4370 3218 4419 ,'
3246 4366 3299 4408 tu
3322 4369 3452 4409 vero

1864 4458 2035 4519 dicis,
2065 4455 2254 4509 Timeo
2281 4452 2554 4507 inimicum
2576 4490 2593 4514 ,
2622 4450 2742 4520 quia
2773 4464 2857 4503 me
2888 4447 3041 4503 valde
3072 4448 3225 4503 laesit.
3256 4450 3447 4502 Annon

1868 4547 1969 4601 hoc
1997 4545 2171 4600 dicis?
2208 4541 2488 4612 Quomodo
2535 4541 2811 4595 inimicum
2856 4538 3057 4593 habes?
3106 4538 3284 4593 Times
3328 4555 3452 4597 eum

1866 4639 1953 4705 qui
1999 4646 2050 4691 te
2093 4634 2227 4690 la-sit
2252 4672 2267 4696 ,
2315 4633 2544 4701 teipsum
2585 4644 2713 4685 vero
2744 4646 2849 4683 non
2884 4629 3082 4683 times?
3118 4628 3332 4684 Utinam
3374 4632 3447 4683 tui
3511 4662 3521 4682 ι

1866 4742 2049 4782 curam
2082 4724 2337 4779 haberes!
2359 4723 2435 4777 Ne
2465 4719 2595 4776 illud
2626 4722 2727 4774 hoc
2767 4736 2931 4788 scopo
2962 4720 3163 4784 facias;
3210 4721 3316 4773 imo
3345 4721 3450 4775 sol-

1870 4829 1978 4873 tem
2020 4816 2120 4870 hoc
2148 4830 2314 4884 scepo
2351 4813 2532 4867 facias.
2578 4810 2683 4867 Sed
2716 4826 2818 4865 non
2849 4809 3000 4863 facis.
3050 4809 3163 4863 Non
3206 4810 3324 4863 dico
3357 4810 3449 4863 lilii

1867 4910 2011 4980 quod
2040 4908 2304 4963 carbones
2330 4905 2465 4977 ignis
2490 4917 2768 4972 congeres.
2798 4900 2893 4955 sed
2921 4899 3079 4953 etiam
3110 4900 3251 4953 aliud
3282 4899 3452 4966 majus

1877 5002 1988 5056 lico
2020 5018 2033 5054 :
2079 5010 2283 5052 tantum
2324 4997 2427 5052 fac.
2466 4994 2592 5050 llzcc
2623 4997 2764 5047 enim
2801 4993 2978 5045 omnia
3011 5001 3067 5045 ut
3108 5002 3158 5046 te
3198 5002 3452 5061 prmocct

1872 5093 2067 5149 Paulus
2106 5090 2231 5145 dicit
2259 5130 2274 5154 ,
2321 5090 2725 5157 exspectatione
2771 5100 2941 5154 pinna:
2971 5084 3182 5139 solvere
3220 5085 3451 5138 inimici-

1871 5187 2020 5240 tiam.
2063 5181 2326 5251 Quoniam
2356 5179 2509 5234 ferini
2540 5192 2744 5238 sumus.
2777 5189 2949 5244 neque
2976 5174 3133 5228 aliter
3155 5174 3421 5230 adducere
3441 5206 3453 5215 -

1871 5290 1992 5328 mur
2036 5272 2101 5325 ad
2150 5270 2425 5325 inimicum
2457 5265 2820 5336 diligendum,
2867 5265 2965 5319 nisi
2996 5266 3312 5334 supplicium
3358 5286 3458 5325 ex-

1872 5374 2260 5433 spectaremus,
2282 5359 2432 5428 quasi
2461 5357 2668 5412 cuidam
2700 5358 2824 5410 form
2852 5355 2990 5411 hanc
3019 5372 3248 5411 massam
3273 5360 3452 5412 tradit.

1875 5457 2003 5513 Nam
2034 5451 2296 5523 apostolis
2327 5465 2433 5505 non
2462 5448 2567 5504 hoc
2589 5447 2835 5503 Christus
2859 5447 2985 5501 dicit
3005 5488 3018 5509 ,
3052 5448 3145 5501 sed
3181 5448 3347 5516 quid?
3386 5445 3455 5505 Ut

1873 5549 1980 5602 sitis
2005 5543 2193 5600 similes
2224 5541 2369 5596 Patri
2389 5551 2571 5606 vestro,
2592 5540 2676 5609 qui
2697 5550 2768 5594 est
2799 5540 2847 5593 in
2866 5540 3001 5594 cazlis
3031 5538 3241 5610 (Matth.
3262 5538 3317 5594 5.
3336 5540 3452 5604 i5).

1875 5634 2123 5708 Alioquin
2146 5648 2273 5689 vero
2294 5632 2409 5689 ﬁeri
2434 5647 2537 5688 n0n
2563 5639 2756 5704 potest,
2782 5640 2837 5684 nt
2861 5632 2948 5701 qni
2973 5628 3226 5685 beneﬁcia
3250 5627 3385 5683 conlo
3408 5640 3455 5683 rt

1876 5742 1928 5783 et
1957 5729 2046 5799 qui
2077 5725 2305 5797 accipit,
2336 5735 2584 5781 maneant
2630 5725 2848 5779 inimici.
2882 5722 3080 5776 idcirco
3110 5720 3221 5772 hac
3256 5717 3448 5785 posuit.
