3920 6224
540 286 638 343 35'!

541 398 652 455 Cur
707 397 839 454 dum
892 395 1072 454 verbis
1124 391 1553 466 philosopharis,
1616 392 1668 446 in
1711 405 1874 460 opere
1915 390 2130 443 modum

545 503 654 546 non
681 489 906 543 servas?
945 488 1125 550 Bene,
1166 499 1273 539 non
1315 483 1490 552 pascis
1529 482 1674 538 illum
1699 521 1714 544 ,
1760 498 1828 536 ne
1871 481 2133 535 carbones

545 580 683 648 ignis
711 590 974 647 congeras
1002 594 1016 628 :
1051 589 1180 646 ergo
1209 574 1422 644 parcis?
1451 587 1584 641 ergo
1607 572 1786 641 diligis
1804 612 1820 638 ,
1851 580 1906 626 et
1946 586 2013 624 ex
2039 569 2131 629 tali

540 686 708 740 scopo
749 669 851 726 hoc
888 667 1065 724 facis?
1107 666 1220 723 Scit
1258 667 1443 731 Deus,
1483 673 1661 719 utrum
1707 663 1801 719 tali
1840 677 2006 731 scopo
2051 661 2132 716 di-

543 776 671 816 ras:
711 768 862 814 certe
902 758 1042 828 apud
1087 772 1189 813 nos
1229 757 1529 828 sophistam
1572 753 1707 823 agis.
1753 753 1946 808 Curam
1987 753 2130 821 geris

541 853 767 916 inimici,
789 861 845 907 et
873 852 1027 906 times
1055 865 1122 906 ne
1149 848 1439 920 puniatur?
1463 848 1603 917 Ergo
1629 847 1766 900 iram
1783 843 2084 900 emunxisti
2111 860 2126 898 :

541 944 634 1011 qui
663 944 808 996 enini
833 943 918 998 sie
939 941 1131 1011 diligit,
1164 950 1220 995 ut
1249 940 1367 1010 eius
1396 938 1676 992 utiiitatem
1703 951 1816 991 sua:
1842 932 2094 1003 prazlei-at

542 1034 842 1089 nonbabet
874 1033 1171 1088 inimicum.
1204 1031 1316 1086 Hoc
1359 1030 1540 1085 dicere
1581 1026 1797 1098 possis:
1843 1023 2129 1093 Usquequo

541 1124 786 1178 lndemus
811 1125 866 1178 in
890 1123 1052 1180 rebus
1083 1139 1196 1181 non
1223 1122 1446 1178 ludicris
1469 1129 1526 1176 et
1551 1119 1766 1175 veniam
1789 1132 1903 1171 non.
1927 1113 2128 1168 baben-

541 1214 717 1271 tihtis?
757 1215 1095 1288 Quapropter
1140 1229 1272 1285 rogo
1301 1211 1738 1288 [fraternitatem
1763 1215 2005 1262 nostram
2046 1202 2127 1261 di-

543 1322 3666 1351 M

1958 1379 2290 1447 HOMILIA
2337 1336 2438 1445 Li.

533 1536 662 1596 Car.
719 1542 808 1598 Si.
860 1559 911 1597 ν.
957 1543 1045 1602 22.
1082 1542 1293 1597 Distulit
1346 1551 1513 1595 autem
1558 1540 1676 1594 illos
1717 1534 1906 1596 Felix,
1952 1529 2124 1584 certis-

603 1634 729 1688 sime
755 1635 916 1688 sciens
941 1636 1004 1688 de
1028 1636 1106 1689 via
1127 1637 1222 1690 liac
1248 1677 1260 1699 ,
1289 1633 1458 1687 dicens
1481 1649 1499 1686 :
1527 1630 1653 1686 Cum
1680 1628 1861 1699 Lysias
1893 1625 2121 1678 tribunus

605 1723 955 1795 descenderit,
1007 1726 1301 1795 dignoscam
1345 1741 1426 1778 res
1471 1732 1680 1777 vestras.
1727 1718 1818 1776 23.
1865 1717 2124 1784 Jussitque

605 1816 950 1868 centurionem
995 1816 1245 1873 custodire
1292 1813 1555 1878 Paulum,
1600 1812 1862 1881 ipsumque
1903 1806 2120 1875 requiem

604 1907 784 1961 habere
809 1949 822 1970 ,
866 1909 1210 1977 neminemque
1239 1905 1569 1976 familiarium
1597 1900 1850 1972 prohiberi
1872 1941 1890 1965 ,
1926 1897 2114 1965 quanti-

606 2015 704 2050 nus
727 1999 1033 2051 ministraret
1060 1998 1108 2050 ei
1129 2038 1145 2063 ,
1174 1997 1252 2050 uel
1273 1994 1538 2049 accederet
1557 1994 1626 2047 ad
1652 2009 1786 2047 eum.

606 2091 658 2144 l.
723 2089 856 2144 Vide
905 2099 1098 2160 quanta
1150 2089 1242 2143 liat
1285 2089 1568 2158 probatio,
1615 2087 1788 2156 primo
1826 2083 2040 2153 quidem
2088 2098 2117 2134 a

533 2181 716 2235 multis
739 2223 754 2245 ,
783 2179 980 2235 deinde
1011 2179 1178 2233 multo
1204 2188 1448 2249 tempore
1469 2218 1486 2244 ,
1519 2185 1578 2231 ut
1604 2191 1670 2230 ne
1697 2174 1800 2229 dici
1834 2182 2011 2244 posset
2030 2172 2118 2240 ju-

531 2272 728 2326 dicium
753 2272 945 2342 raptim
973 2273 1166 2326 factum
1196 2269 1379 2324 fuisse.
1402 2269 1535 2337 Quia
1563 2267 1706 2321 enim
1733 2273 2118 2322 memoraverat

533 2361 742 2434 Lysiam
774 2374 957 2418 orator
981 2407 996 2430 ,
1026 2363 1210 2417 dicens
1240 2363 1384 2416 illum
1432 2361 1485 2416 vi
1529 2358 1814 2414 abduxisse
1855 2357 2113 2420 Paulum,

530 2437 824 2521 opportune
852 2455 1030 2508 subdit
1055 2455 1247 2508 Felicis
1275 2453 1437 2508 verba
1457 2493 1472 2517 ,
1500 2461 1553 2506 et
1578 2453 1653 2504 ait
1678 2469 1692 2504 :
1721 2449 1928 2502 Distulit
1951 2457 2117 2500 autem

531 2547 643 2602 illos
678 2545 825 2599 Felix
850 2587 862 2604 ,
898 2545 1173 2600 certissime
1199 2545 1360 2602 sciens
1386 2543 1448 2596 de
1475 2542 1554 2595 via
1579 2541 1714 2606 liae;
1744 2539 1795 2593 id
1826 2549 1909 2592 est
1932 2578 1947 2601 ,
1978 2547 2114 2590 tem-

455 2684 465 2691 .
532 2635 732 2703 pestive
764 2636 1004 2696 remisit;
1058 2652 1162 2689 non
1203 2650 1339 2706 opus
1382 2633 1587 2688 habens
1631 2631 1877 2695 discere,
1921 2632 2014 2683 sed
2061 2639 2116 2682 ut

529 2728 805 2797 repelleret
838 2727 1074 2782 Iud-tuos.
1123 2727 1395 2781 Dimittcre
1427 2735 1646 2796 propter
1685 2724 1804 2778 illos
1861 2723 2112 2786 nolebat;

531 2819 719 2887 punire
769 2834 875 2873 non
929 2828 1178 2888 poterat;
1228 2818 1510 2887 impudens
1545 2815 1684 2869 enim
1733 2815 1937 2868 fuisset.
1995 2812 2114 2865 Ideo

527 2908 700 2963 dill'ert
728 2951 743 2974 ,
771 2909 955 2964 dicens
985 2929 997 2964 :
1029 2909 1153 2964 Cum
1183 2907 1364 2980 Lysias
1394 2907 1624 2962 tribunus
1651 2906 1962 2960 descenderit
1988 2945 2001 2962 .
2030 2906 2111 2956 di-

525 3015 764 3070 gnoscam
798 3019 875 3054 res
922 3010 1132 3062 vestras.
1176 2999 1437 3070 Jussitque
1478 3000 1816 3054 centurionem
1859 2997 2114 3050 custodire

531 3089 754 3144 Paulum
777 3135 790 3154 ,
820 3095 1081 3163 ipsumqte
1107 3093 1324 3156 requiem
1351 3092 1530 3144 habere
1551 3132 1565 3154 ,
1593 3090 1934 3158 neminemque
1956 3089 2106 3158 [timi-

529 3182 733 3236 liariuin
763 3182 1016 3253 prohiberi
1040 3225 1054 3246 ,
1083 3184 1349 3247 quominus
1377 3181 1678 3234 ministraret
1717 3181 1762 3233 ei
1782 3221 1796 3244 ,
1847 3179 1923 3232 vel
1963 3195 2108 3232 acce-

527 3273 668 3326 deret
692 3275 758 3326 ad
788 3289 922 3335 eum.
975 3273 1209 3341 Requicm
1256 3271 1475 3336 habere,
1524 3270 1713 3338 inquit.
1758 3268 1846 3323 Sic
1887 3269 2033 3322 illum
2077 3285 2106 3321 a

523 3366 836 3420 criminibus
868 3366 1092 3418 liberum
1127 3364 1349 3434 judicat.
1382 3364 1491 3417 Cur
1534 3377 1662 3431 ergo
1699 3361 1902 3415 detinet
1941 3376 2062 3415 eum
2085 3361 2110 3411 ΖΡ

522 3455 578 3516 In
604 3457 908 3511 ludat-orum
937 3457 1158 3527 gratiam
1186 3497 1201 3521 ,
1231 3457 1313 3509 vel
1343 3457 1502 3508 etiam
1526 3469 1748 3523 sperans
1770 3470 1828 3508 se
1857 3455 2106 3522 pecunias

519 3558 858 3617 accepturum
892 3562 1034 3602 esse.
1070 3546 1270 3599 Idcirco
1304 3546 1522 3599 Paulum
1556 3555 1781 3608 evocat;
1826 3544 1967 3614 quod
2008 3561 2104 3597 ait-

527 3651 630 3694 tem
660 3637 783 3691 ideo
806 3639 1110 3692 evocaverit
1131 3679 1146 3704 ,
1177 3637 1375 3690 iudicat
1397 3636 1547 3690 nobis
1576 3637 1808 3705 scriptor
1830 3678 1845 3698 ,
1879 3635 2102 3702 subjun-

518 3743 650 3799 gens
676 3743 738 3782 ac
766 3728 949 3782 dicens
980 3747 992 3781 :
1025 3728 1116 3782 Ἦ.
1155 3727 1276 3781 Post
1316 3729 1506 3796 aliquot
1544 3738 1711 3780 autem
1759 3729 1866 3780 dies
1905 3727 2106 3780 ueniens

521 3817 674 3881 Felix
702 3834 817 3877 cum,
849 3818 1074 3874 Drusilla
1101 3835 1256 3873 uxore
1281 3837 1372 3874 sua
1395 3862 1408 3883 ,
1440 3835 1552 3887 qua:
1576 3829 1683 3872 erat
1707 3818 1890 3873 ludam
1914 3860 1927 3881 ,
1960 3836 2106 3873 uoca-

515 3911 584 3964 uit
619 3907 838 3965 Paulum
863 3954 878 3977 ,
908 3921 955 3966 et
985 3913 1173 3966 audivit
1199 3913 1259 3966 ab
1289 3907 1345 3966 eo
1372 3913 1523 3982 [idem
1550 3955 1563 3976 ,
1592 3929 1704 3981 qua:
1741 3924 1812 3967 est
1855 3913 1907 3965 in
1953 3912 2104 3967 Citri-

513 4011 645 4056 stum
671 4001 867 4057 Iesum.
897 4003 990 4059 95.
1036 4003 1341 4076 Disputante
1385 4017 1549 4059 au'em
1588 4003 1679 4058 illo
1723 4005 1785 4058 de
1821 4006 2022 4075 justitia
2056 4016 2104 4058 et

514 4097 743 4151 castitate
766 4105 813 4150 et
833 4096 895 4150 de
914 4096 1114 4167 judicio
1139 4099 1311 4166 futuro
1330 4142 1345 4162 ,
1373 4097 1691 4166 tremefactus
1720 4096 1872 4151 Felix
1892 4114 2102 4165 respon-

517 4189 634 4242 dit:
664 4189 814 4252 Quod
838 4207 972 4244 nunc
999 4194 1174 4244 attinet
1195 4232 1210 4251 ,
1242 4191 1365 4244 unde
1383 4208 1402 4255 ,°
1447 4200 1670 4256 tempore
1703 4199 1871 4242 autem
1911 4206 2100 4260 oppor-

517 4291 639 4332 tuno
668 4296 921 4333 accersam
945 4291 992 4333 te
1019 4296 1037 4334 :
1062 4279 1153 4335 26.
1177 4281 1328 4332 simul
1351 4296 1560 4348 sperans
1582 4283 1689 4350 [ore
1710 4290 1761 4332 ut
1788 4281 1999 4349 pecunia
2025 4281 2104 4333 illi

515 4371 724 4428 daretur
749 4387 780 4424 α
811 4370 979 4425 Paulo
1009 4381 1063 4424 ut
1090 4371 1300 4423 soli-cret
1330 4386 1443 4422 eum
1471 4385 1489 4422 :
1522 4380 1726 4438 propter
1762 4370 1898 4440 quod
1927 4380 1971 4422 et
1996 4375 2099 4433 {re-

511 4470 718 4527 quenter
742 4476 1001 4514 accersens
1025 4476 1136 4513 eum
1160 4501 1177 4526 ,
1199 4459 1492 4530 loquebatur
1530 4477 1642 4514 cum
1682 4477 1758 4515 eo.
1805 4461 1940 4516 Vide
1965 4478 2097 4531 quo.

517 4548 677 4602 modo
721 4565 841 4618 qua:
881 4551 1076 4620 scripta
1125 4561 1287 4618 sunt,
1331 4553 1609 4608 veritatem
1654 4570 1761 4623 prie
1807 4570 1866 4608 se.
1907 4555 2095 4614 lerant.

519 4641 843 4700 Accersebat
882 4659 1003 4696 eum
1054 4642 1401 4713 frequenter,
1452 4661 1557 4705 non
1599 4645 1870 4701 admirans
1914 4648 2095 4712 illuni,

512 4748 682 4801 neque
711 4731 850 4786 dicta
888 4733 1149 4801 laudans,
1195 4751 1292 4790 nec
1337 4736 1477 4806 quod
1517 4737 1677 4792 vellet
1705 4738 1962 4802 credere;
2004 4741 2096 4792 sed

511 4823 685 4891 quid?
714 4823 1027 4896 ls-‘xspectans
1051 4867 1065 4890 ,
1101 4826 1310 4894 inquit,
1347 4837 1400 4886 ut
1435 4830 1660 4896 pecunia:
1703 4829 1797 4881 sibi
1835 4830 2094 4883 darentur.

512 4913 645 4977 Vide
675 4917 944 4984 quomodo
976 4933 1080 4972 non
1111 4919 1342 4975 occullct
1391 4920 1476 4974 hic
1513 4920 1708 4989 judicis
1751 4923 2093 4978 sententiam.

509 5007 674 5076 Atqui
700 5008 747 5062 si
765 5010 1073 5065 damnasset
1105 5053 1118 5075 ,
1148 5027 1254 5065 non
1283 5012 1384 5066 hoc
1411 5011 1624 5068 fecisset
1650 5054 1665 5077 ,
1697 5029 1870 5084 neque
1895 5015 2095 5070 voluis-

509 5105 594 5151 set
623 5096 813 5153 audire
835 5098 1146 5154 damnatum
1174 5112 1225 5153 et
1253 5103 1557 5158 scelestum.
1593 5099 1660 5156 Et
1687 5103 1806 5158 vide
1837 5105 2056 5158 Paulino

507 5198 607 5239 etsi
638 5203 760 5240 eum
791 5188 1030 5259 principe
1076 5193 1413 5260 lopicntcm,
1465 5194 1592 5248 nihil
1640 5209 1824 5250 eorum
1873 5195 2091 5260 dicere,

507 5289 628 5342 quia
655 5276 972 5332 videbantur
1001 5296 1158 5347 posse
1200 5285 1436 5342 animum
1469 5285 1584 5353 ejus
1619 5284 1962 5351 demulcere;
2000 5288 2093 5342 scd

513 5380 631 5430 qutc
662 5364 807 5418 illuni
839 5370 1112 5422 terrebant
1135 5412 1150 5432 ,
1182 5372 1404 5443 ejusque
1437 5386 1667 5432 mentem
1695 5378 2089 5433 c0ncuticliant.

513 5455 790 5523 Disputans
814 5497 829 5518 ,
860 5457 1030 5527 inquit
1053 5502 1067 5524 ,
1097 5461 1161 5515 de
1178 5464 1383 5532 justitia
1408 5507 1422 5529 ,
1454 5467 1518 5520 de
1541 5471 1769 5522 castitate
1791 5481 1837 5523 et
1865 5471 1926 5524 de
1945 5471 2091 5535 judi-

512 5545 588 5609 cia
611 5545 804 5612 futuro.
829 5545 1180 5618 Treniefactus
1207 5562 1279 5606 est
1308 5552 1476 5609 Felix.
1507 5555 1673 5610 Tanta
1706 5559 1783 5612 vis
1805 5570 1919 5612 erat
1946 5561 2089 5614 Pauli

511 5637 793 5693 verborum
820 5681 834 5703 ,
869 5647 928 5693 ut
954 5641 1248 5711 principem
1292 5653 1574 5701 terrerent.
1625 5648 1686 5701 Et
1741 5648 1826 5704 liic
1875 5651 2087 5719 quidem

510 5744 874 5792 successorem
924 5733 1159 5809 accipit,
1217 5745 1270 5792 ct
1317 5735 1456 5794 hunc
1514 5739 1746 5796 vinctum
1805 5743 2083 5814 relinquit,

1317 277 1375 334 S.
1415 274 1692 334 JOANNIS
1715 271 2107 332 (ΖΗΕἷὸοὸἰο

2225 271 2545 330 ΑΠΕῘΗΕΡι
2579 271 3109 332 (ΖΟΝΞΪΑΝΤΙΝΟΡ.

2241 394 2428 444 tectam
2457 406 2488 446 a
2517 391 2742 448 Domino
2760 393 2870 449 Deo
2883 403 2938 450 et
2951 394 3226 452 Salvatore
3235 405 3426 454 nostra
3436 396 3566 455 Iesu
3577 398 3788 455 Chi-ista
3798 450 3814 474 ,

2237 493 2334 536 oro
2359 494 2415 536 et
2438 481 2666 538 obsecro
2689 498 2784 541 vos
2825 525 2840 548 ,
2882 486 3134 541 obtentus
3160 485 3470 557 huiusmodi
3504 491 3814 549 rescinden-

2239 579 2344 634 ιρι-ς.
2365 588 2433 627 ne
2456 582 2867 630 contemnamus
2890 576 3042 647 leges
3065 577 3160 630 Dei
3181 576 3391 648 [neque
3413 592 3680 654 precepts
3699 585 3813 655 ejus

2234 664 2616 738 speramus],
2648 675 2704 720 iit
2736 669 3005 737 possimus
3033 668 3260 724 Domino
3285 672 3556 741 placentes
3582 692 3814 745 presen-

2237 761 2341 808 tern
2373 755 2538 809 vitam
2565 757 2898 827 transigere,
2943 770 2998 814 et
3039 762 3302 830 promissa
3339 767 3593 836 consequi
3638 769 3808 835 bona,

2233 843 2402 911 gratia
2429 854 2484 898 et
2510 845 2838 916 benignitate
2871 849 3080 904 Domini
3105 851 3278 906 nostri
3296 852 3422 908 Jesu
3451 855 3668 924 Christi,
3696 862 3812 929 qui-

2233 949 2352 987 cum
2381 934 2522 990 Patri
2551 937 2740 1006 gloria,
2767 939 3068 1009 imperium,
3089 941 3281 1010 honor,
3306 960 3426 1000 cuin
3449 951 3808 1018 sanctissimo,

2232 1023 2454 1080 bono-ia
2479 1027 2690 1082 vivil‘ieo
2715 1027 2943 1099 Spiritu,
2969 1047 3113 1089 nunc
3137 1043 3192 1088 et
3220 1049 3434 1108 semper
3457 1079 3474 1104 ,
3513 1047 3576 1094 et
3611 1041 3666 1094 in
3709 1057 3809 1096 sm-

2231 1115 2348 1168 ctila
2396 1116 2736 1172 saeculorum.
2784 1120 2975 1177 Amen.

2759 1241 2784 1256 Χ

3667 1338 3812 1355 9——

2231 1524 2475 1593 quamris
2500 1540 2606 1580 non
2636 1529 2952 1598 oportebat,
2983 1543 3039 1588 et
3084 1534 3208 1592 finis
3253 1538 3605 1609 imponendos
3652 1559 3812 1616 erat;

2228 1614 2322 1669 sed
2353 1615 2444 1671 ille
2470 1617 2522 1670 in
2546 1617 2849 1676 Judzuorum
2878 1626 3100 1694 gratiam
3127 1631 3341 1701 reliquit
3366 1633 3532 1690 illum.
3565 1638 3648 1693 llli
3679 1614 3813 1696 vero

2227 1705 2305 1758 sic
2348 1708 2647 1777 urgebant,
2699 1721 2756 1766 ut
2801 1713 2990 1769 iterum
3045 1717 3185 1788 apud
3230 1721 3461 1791 judicem
3511 1727 3813 1800 instarent;

2227 1799 2469 1866 quamvis
2487 1800 2624 1868 apud
2655 1802 2856 1858 nullum
2888 1821 3135 1878 umquam
3159 1813 3522 1879 apostolorum
3551 1819 3630 1872 sic
3660 1799 3814 1876 urse-

2227 1889 2372 1952 rint,
2402 1890 2496 1944 sed
2531 1904 2807 1963 postquam
2839 1897 2889 1950 in
2921 1899 3041 1954 illos
3071 1901 3437 1970 incesserant,
3477 1908 3811 1969 destiterint.

2225 1976 2299 2030 Ita
2333 1982 2600 2048 provisum
2627 1995 2709 2039 est
2732 2027 2748 2053 ,
2779 1998 2834 2041 ut
2861 1988 3192 2062 JerosMyina
3223 1997 3500 2054 recederet
3526 2043 3539 2062 ,
3569 2019 3692 2058 cum
3732 2018 3813 2061 ta-

2226 2073 2362 2128 ribns
2394 2075 2517 2130 leris
2547 2076 2868 2145 decertans;
2897 2093 2950 2137 et
2980 2095 3154 2140 tamen
3206 2087 3280 2142 illi
3317 2102 3504 2161 rogant
3538 2095 3713 2164 ipsum
3751 2117 3813 2155 eo

2223 2164 2414 2219 adduci
2458 2167 2826 2232 iudicandum.
2874 2174 2978 2229 Sed
3027 2176 3115 2232 hic
3159 2195 3369 2235 rursum
3411 2189 3659 2255 apparuit
3715 2192 3810 2248 Dei

2225 2257 2552 2323 providentia
2583 2300 2600 2326 ,
2633 2263 2722 2330 qui
2772 2264 2822 2318 id
2856 2265 3090 2334 judiccin
3141 2269 3318 2326 facere
3363 2291 3466 2328 non
3512 2282 3808 2348 permisit:

2223 2346 2512 2403 ierisiniilc
2557 2363 2703 2407 certe
2749 2363 2863 2409 erat
2906 2357 3076 2428 ipsum
3126 2378 3294 2430 nuper
3334 2364 3398 2418 ad
3449 2346 3810 2440 principatum

2219 2449 2461 2493 evectum
2484 2482 2497 2501 ,
2533 2442 2582 2496 id
2611 2444 2875 2501 facturum
2907 2448 2958 2503 in
2988 2451 3197 2507 illorum
3239 2459 3462 2526 gratiam
3504 2477 3663 2528 cs<e;
3710 2468 3810 2520 sed

2223 2543 2325 2582 non
2357 2533 2602 2586 concedit
2635 2534 2796 2588 Deus.
2845 2537 3133 2609 Postquam
3165 2554 3341 2599 autem
3373 2547 3762 2609 descenderant
3789 2598 3807 2624 ,

2222 2619 2579 2688 impudentius
2607 2636 2663 2681 et
2693 2630 3058 2686 vehementius
3085 2642 3453 2697 accusationes
3483 2644 3752 2703 intentant

2218 2727 2445 2784 cumque
2471 2734 2573 2771 non
2609 2733 2825 2788 possent
2857 2724 3005 2780 illum
3032 2743 3095 2782 ex
3130 2730 3385 2800 legalibus
3413 2751 3605 2805 capere
3629 2782 3647 2807 ,
3673 2755 3801 2798 rur-

2218 2822 2310 2860 sus
2337 2824 2432 2878 pro
2457 2826 2606 2866 more
2631 2829 2731 2866 suo
2756 2813 3022 2873 Cmsarem
3056 2822 3349 2891 inducunt,
3379 2839 3434 2880 ut
3459 2828 3675 2886 Christo
3705 2837 3806 2892 oli-

2209 2896 2475 2986 jeccrunt.
2505 2901 2722 2959 Paulum
2751 2908 2893 2961 enim
2917 2924 2977 2962 se
3005 2910 3295 2969 defendere
3322 2919 3388 2973 de
3416 2920 3646 2990 objectis
3672 2943 3810 2982 cnn-

2217 3000 2296 3045 tra
2357 2993 2624 3050 Ciesarein
2684 3002 2956 3068 peccatis,
3018 3005 3188 3072 palam
3257 3021 3405 3075 erat,
3479 3017 3623 3072 unde
3687 3020 3806 3078 lure

2214 3079 2493 3139 declarans
2518 3087 2689 3156 pergit
2719 3107 2732 3141 :
2764 3089 2854 3143 27.
2887 3091 3099 3146 Biennio
3126 3107 3292 3151 autem
3321 3101 3518 3171 expleto
3536 3148 3552 3172 ,
3602 3115 3812 3182 accepit

2212 3190 2542 3230 successorem
2597 3179 2751 3235 Felix
2803 3182 3044 3238 Porcium
3101 3187 3330 3243 Festum.
3391 3193 3572 3250 Valens
3628 3179 3805 3259 autem

2213 3271 2425 3337 gratiam
2457 3285 2698 3339 priestare
2718 3274 2917 3332 ludatis
2945 3279 3094 3336 Felix
3115 3326 3129 3347 ,
3173 3287 3374 3356 reliquit
3415 3289 3646 3346 Paulum
3685 3300 3803 3350 rin-

2211 3369 2362 3412 ctum.
2399 3359 2546 3430 (Cap.
2577 3364 2699 3441 25.)
2744 3369 2792 3421 l.
2844 3368 3024 3426 Festus
3066 3390 3182 3444 ergo
3219 3391 3450 3448 suscepta
3491 3389 3761 3452 provincia
3786 3432 3804 3455 ,

2213 3461 2321 3512 post
2351 3455 2574 3508 triduum
2617 3461 2838 3514 ascendit
2882 3462 3112 3520 thsarea
3139 3467 3531 3541 Jerasolyinani.
3556 3476 3615 3532 2.
3644 3480 3808 3534 Adie-

2209 3556 2422 3613 runtque
2452 3547 2594 3602 ilium
2621 3553 2872 3621 principes
2897 3561 3211 3612 sacerdotum
3241 3571 3287 3614 ct
3315 3565 3466 3631 primi
3490 3565 3808 3626 Iudaeorum

2208 3639 2448 3695 adimi-sus
2499 3640 2754 3709 Paulum,
2797 3656 2843 3699 et
2892 3649 3133 3719 rogabant
3181 3670 3330 3716 eum;
3377 3657 3430 3710 5.
3476 3664 3808 3727 postulantes

2207 3733 2425 3800 gratiam
2453 3736 2691 3789 adversus
2719 3753 2830 3791 eum
2850 3783 2862 3801 ,
2891 3751 2947 3792 ut
2962 3743 3161 3813 juberet
3189 3747 3396 3811 perduci
3420 3766 3534 3802 eum
3561 3753 3617 3806 in
3646 3755 3809 3808 Jeru-

2207 3823 2400 3888 salem,
2435 3827 2645 3881 insidias
2673 3831 2927 3886 tendentes
2969 3844 3020 3886 ut
3054 3837 3386 3905 interficerent
3430 3859 3540 3895 eum
3588 3846 3645 3899 in
3698 3852 3802 3903 ria.

2209 3917 2262 3968 4.
2299 3917 2476 3971 Festus
2507 3937 2620 3974 vero
2649 3925 2910 3990 respondit
2932 3968 2946 3989 ,
2978 3936 3032 3979 ut
3057 3942 3338 3984 servaretur
3363 3939 3563 4002 quidem
3597 3937 3811 3995 Paulus

2206 4006 2486 4075 Ca’sarete,
2517 4029 2569 4064 se
2593 4029 2706 4065 vero
2733 4017 2865 4067 brevi
2902 4016 2992 4070 illo
3031 4020 3391 4089 profecturum.
3430 4028 3482 4081 5.
3529 4027 3640 4092 Qui
3687 4049 3810 4086 vero

2205 4099 2336 4156 inter
2359 4117 2442 4152 vos
2468 4143 2479 4160 ,
2514 4102 2682 4171 inquit
2708 4147 2722 4168 ,
2757 4118 2981 4174 potentes
3004 4121 3120 4162 sunt
3143 4153 3158 4173 ,
3201 4113 3552 4170 descendentes
3592 4122 3764 4175 simul
3789 4167 3804 4188 ,

2205 4189 2249 4242 si
2276 4190 2410 4256 quod
2435 4201 2505 4244 est
2529 4194 2750 4259 crimen,
2780 4209 3012 4251 accusent
3037 4217 3166 4258 eum.
3210 4203 3264 4257 6.
3296 4203 3600 4263 Demaratus
3625 4224 3810 4266 autem

2205 4278 2335 4332 inter
2354 4296 2437 4334 eos
2459 4281 2632 4336 diebus
2655 4283 2768 4354 plus
2794 4303 2942 4356 quam
2969 4291 3135 4344 decem
3158 4333 3173 4357 ,
3197 4294 3447 4349 descendit
3469 4297 3772 4356 Ciesareani
3788 4347 3806 4371 ,

2205 4384 2251 4428 et
2280 4385 2478 4441 postero
2519 4377 2601 4429 die
2641 4379 2768 4431 sedit
2811 4397 2904 4449 pro
2946 4381 3226 4449 tribunali,
3256 4389 3510 4458 jussitqtie
3553 4391 3807 4449 Paulum

2203 4466 2411 4519 adduci.
2447 4468 2499 4521 7.
2533 4467 2632 4533 Qui
2669 4486 2782 4522 cum
2829 4472 3099 4548 perductus
3144 4487 3302 4542 esset,
3349 4481 3806 4541 circumsteterunt

2202 4572 2315 4609 eum
2339 4597 2355 4620 ,
2384 4559 2473 4627 qui
2501 4575 2533 4611 a
2560 4557 2846 4614 Jerusalem
2876 4562 3231 4619 descenderant
3254 4567 3424 4623 Iudici
3443 4613 3460 4637 ,
3508 4577 3710 4631 inultas
3759 4594 3804 4632 et

2202 4666 2377 4718 graves
2423 4667 2606 4732 causas
2653 4651 2939 4721 objicientes
2978 4653 3148 4710 Paulo
3173 4697 3188 4717 .
3242 4675 3366 4729 quas
3403 4678 3505 4715 non
3552 4679 3804 4732 poterant

2203 4741 2415 4808 probare
2439 4757 2457 4794 :
2566 4741 2732 4796 Paulo
2756 4747 3000 4800 rationein
3027 4748 3263 4803 reddente
3286 4793 3300 4816 ,
3341 4755 3581 4821 quoniam
3638 4776 3808 4827 neque

2202 4832 2251 4882 in
2279 4833 2435 4902 legent
2464 4831 2763 4888 Iudaeorum
2788 4876 2802 4899 ,
2834 4853 2990 4904 neque
3018 4839 3068 4891 in
3093 4841 3369 4910 templum,
3409 4860 3567 4915 neque
3595 4849 3653 4901 in
3685 4850 3804 4904 Ca;-

2200 4940 2363 4975 sareni
2395 4925 2612 4995 peccavi.
2644 4925 2698 4980 9.
2740 4925 2924 4982 Festus
2964 4941 3130 4984 autent
3174 4934 3342 4986 volens
3387 4938 3611 5002 gratiam
3660 4961 3807 5010 pra:-

2199 5023 2333 5068 :.'are
2355 5013 2555 5068 Juda‘is
2578 5057 2592 5078 ,
2623 5018 2930 5087 respondens
2958 5019 3123 5074 Paulo
3145 5061 3163 5088 ,
3191 5024 3320 5076 dixit
3346 5042 3365 5078 :
3401 5025 3487 5080 Vis
3509 5027 3773 5102 Jercsoly
3793 5070 3804 5076 -

2201 5121 2334 5158 mam
2364 5105 2664 5161 descendere
2686 5151 2700 5172 ,
2727 5120 2773 5162 et
2799 5110 2867 5162 ibi
2893 5113 2954 5164 de
2978 5112 3055 5165 liis
3070 5115 3295 5184 judicnrt'
3317 5119 3459 5184 apud
3489 5124 3614 5175 me?
3666 5124 3809 5180 Vide

2198 5199 2466 5267 quomodo
2492 5209 2548 5254 et
2579 5201 2668 5255 ille
2693 5202 2756 5256 Ju
2780 5205 2889 5257 latis
2913 5207 3270 5274 gratilieatur,
3303 5212 3550 5266 universo
3588 5220 3802 5286 popina

2197 5300 2252 5343 et
2303 5291 2524 5344 civitati.
2573 5292 2697 5347 ldeo
2746 5310 2930 5349 rursos
2982 5299 3129 5353 illum
3181 5302 3486 5370 terrel'acit,
3533 5306 3806 5366 [inmanis

2199 5392 2353 5438 utens
2379 5384 2546 5439 armis
2572 5402 2586 5438 :
2615 5396 2668 5438 et
2693 5387 2813 5440 audi
2844 5389 3132 5455 quomodo.
3165 5394 3249 5447 10.
3286 5394 3422 5449 Dixit
3445 5409 3621 5452 autem
3652 5401 3806 5455 Pau-

2200 5473 2278 5527 lus
2307 5491 2327 5528 :
2355 5475 2436 5528 Ad
2456 5476 2678 5532 tribunal
2702 5477 2916 5535 Cwsaris
2940 5492 3016 5536 sto
3038 5499 3058 5547 ;
3079 5485 3147 5539 ibi
3185 5503 3265 5540 me
3297 5500 3490 5557 aportet
3519 5493 3790 5560 judicari.

2196 5563 2396 5620 .ludazi's
2423 5568 2552 5621 nihil
2580 5570 2729 5622 nocui
2752 5613 2766 5634 ,
2791 5573 2918 5624 sicut
2946 5584 3000 5626 tu
3028 5577 3203 5629 melius
3229 5579 3380 5633 nosti.
3411 5582 3430 5633 1
3455 5584 3498 5634 l.
3537 5581 3604 5635 Si
3652 5591 3800 5641 enim

2198 5656 2345 5708 itacui
2362 5697 2377 5722 ,
2400 5667 2485 5710 aut
2501 5659 2708 5728 dignum
2732 5673 2891 5716 morte
2909 5664 3105 5733 aliquid
3125 5667 3224 5735 [rei
3245 5708 3259 5730 ,
3285 5683 3383 5724 nan
3407 5687 3581 5722 recuso
3604 5679 3750 5730 mori
3778 5694 3799 5733 :

2198 5749 2239 5799 cl
2270 5763 2378 5800 t'cro
2421 5750 2549 5803 ttlltll
2592 5761 2663 5806 est
2707 5769 2880 5808 eorum
2906 5797 2919 5823 ,
2967 5772 3080 5823 qua:
3107 5759 3158 5811 lii
3201 5775 3435 5816 accusant
3476 5779 3591 5827 me,
3648 5783 3805 5828 nemo.
