4002 6224
347 310 453 364 553

275 436 283 451 ‘
347 425 490 494 πίνῳ
518 420 859 491 χρησάμενος
871 419 1039 487 ὅπλῳ·
1064 417 1158 469 καὶ
1182 416 1345 469 ἄκουε
1363 415 1495 479 πῶς.
1523 411 1671 466 Εἶπε
1693 413 1761 465 δὲ
1789 416 1820 467 ό
1843 410 2001 467 Παῦ-

346 513 475 575 λος·
497 508 626 565 Ἐπὶ
648 505 754 560 τοῦ
766 505 1041 573 ,ϐήματος
1061 505 1359 570 Καίσαρος
1381 501 1568 567 ἑστώς
1590 504 1726 569 ειμι,
1741 496 1811 555 οὗ
1829 516 1900 566 με
1915 499 2011 552 δεῖ

346 597 675 664 κρίνεσθαι.
742 592 1060 655 Ἰουδαίους
1103 588 1284 643 οὐδὲν
1316 588 1613 655 ἠδίκησα,
1653 588 1730 651 ὡς
1782 586 1875 639 καὶ
1925 585 2006 639 σὺ

346 683 602 737 κάλλιον
624 678 1134 748 ἐπιγινώσκειςΕι
1156 675 1274 745 μὲν
1294 677 1405 744 γὰρ
1447 673 1629 728 ἀδικῶ
1647 715 1662 738 ,
1699 674 1793 727 καί
1838 672 2011 737 ἀξιον

346 771 607 828 θανάτου
635 769 913 839 πέπραχά
940 786 1016 832 τι,
1047 769 1118 822 οὐ
1144 766 1535 835 παραιτοῦμαι
1563 767 1629 819 τὸ
1660 765 2005 820 ἀποθανεῖν’

346 862 399 914 εί
422 860 491 912 δὲ
515 856 695 912 οὐδέν
718 858 890 911 ἐστιν
912 850 999 909 ὧν
1022 851 1189 910 οὗτοι
1217 853 1622 923 κατηγοροῦσί
1640 870 1784 923 μου,
1812 852 2001 917 οὐδείς

342 964 421 1018 με
449 947 698 1000 δύναται
732 944 936 1008 αὐτοῖς
968 943 1351 1011 χαρίσασθαι.
1391 942 1664 1009 Καίσαρα
1694 939 2012 994 ἐπικαλοῦ-

342 1049 471 1103 μαι.
506 1032 648 1086 Ἀλλ’
681 1031 825 1084 εῐποι
846 1029 911 1084 άν
940 1047 1023 1093 τις
1052 1028 1284 1082 ἐνταῦθα
1306 1045 1319 1058 ·
1350 1028 1458 1081 Kal
1483 1027 1626 1089 τίνος
1643 1027 1827 1080 ἐνεκεν
1849 1026 2012 1079 ἀκούο

349 1137 471 1184 σας,
513 1120 596 1172 δτι
639 1117 749 1172 Καὶ
784 1118 855 1171 ὲν
902 1115 1093 1184 Ῥώμῃ
1126 1132 1200 1168 σε
1226 1114 1318 1169 δεῖ
1352 1113 1733 1184 μαρτυρῆσαι
1776 1112 1848 1167 τὰ
1879 1110 2013 1180 περὶ

345 1207 515 1279 ἐμοῦ,
546 1206 623 1269 ὡς
654 1204 899 1261 ἀπιστῶν
923 1203 1096 1258 ταῦτα
1126 1204 1332 1267 ἐποίει;
1368 1202 1460 1273 Μὴ
1491 1203 1721 1270 γένοιτο,
1755 1200 1891 1254 ἀλλὰ
1918 1201 2013 1254 καὶ

349 1295 556 1365 σφόδρα
574 1291 865 1347 πιστεύων.
884 1292 1101 1347 Μᾶλλον
1121 1287 1216 1345 οὖν
1243 1309 1309 1344 πε
1319 1290 1597 1362 ιράζοντος
1620 1285 1687 1360 ἦν
1707 1290 1768 1342 τὸ
1792 1288 2013 1359 θαρῤεῖν

347 1381 532 1453 ἐκείνῃ
567 1372 633 1450 τῇ
673 1379 984 1450 ἀποφάσει,
1011 1379 1107 1435 καὶ
1152 1381 1232 1441 είς
1267 1378 1491 1449 μυρίους
1520 1378 1710 1431 ἐαυτὸν
1739 1389 1767 1417 ι
1802 1376 2011 1446 ἐμϐάλ-

348 1467 461 1520 λειν
504 1466 798 1531 κινδύνους,
835 1467 929 1520 καὶ
972 1466 1180 1534 λέγειν’
1217 1465 1444 1534 Ἴδωμεν
1476 1467 1525 1517 εἰ
1552 1463 1775 1517 δύναται
1816 1466 1844 1515 ό
1881 1463 2012 1524 Θεὸς

350 1550 500 1624 [581]
524 1554 619 1606 καὶ
644 1550 817 1616 οὕτως
837 1551 1111 1618 ἐξελέσθαι
1145 1568 1231 1619 με.
1268 1551 1409 1604 Ἀλλ’
1428 1552 1488 1605 οὑ
1520 1553 1663 1603 ποιεῖ
1682 1549 1837 1602 τοῦτο
1864 1548 2011 1602 Παῦ-

348 1634 461 1699 λος,
482 1635 617 1689 ἀλλά
637 1636 706 1689 τὰ
730 1634 853 1689 καθ’
874 1634 1065 1689 ἐαυτὸν
1085 1636 1263 1689 πάντα
1294 1636 1554 1706 εἰσφέρει,
1582 1636 1643 1688 τὸ
1661 1636 1768 1687 πᾶν
1794 1634 2012 1703 ἐπιτρέ-

348 1739 471 1777 πων
498 1723 577 1793 τῷ
604 1722 723 1792 Θεῷ
746 1737 758 1747 ·
799 1723 982 1796 ἡρέμα
1021 1722 1080 1776 δὲ
1116 1723 1211 1776 καὶ
1243 1722 1579 1777 καθάπτεται
1609 1721 1703 1775 τοῦ
1752 1723 2013 1792 ἄρχοντος

350 1809 524 1873 οὕτως
559 1810 1022 1880 ἀπολογούμενος·
1070 1809 1353 1880 μονονουχὶ
1383 1809 1492 1881 γὰρ
1537 1808 1693 1863 τοῦτο
1736 1808 1909 1875 λέγει·
1948 1808 2011 1860 El

355 1896 456 1967 μὲν
483 1897 673 1960 ἀδικῶ,
706 1896 914 1960 καλῶς’
947 1898 997 1950 εί
1022 1896 1077 1950 δέ
1110 1898 1211 1950 οὐκ
1233 1897 1424 1957 ἀδικῶ,
1451 1897 1503 1949 τί
1532 1913 1597 1965 με
1624 1895 1880 1957 ἐκδίδως;
1910 1894 2015 1947 Οὐο

350 1979 482 2046 δείς
502 1978 755 2034 δύναταί
780 1996 879 2048 με,
911 1980 1066 2049 φησὶ,
1109 1980 1487 2048 χαρίσασθαι.
1519 1979 1609 2040 Εἰς
1646 1978 1809 2044 φόϐον
1849 1976 2013 2032 αὐτὸν

353 2066 604 2120 ἐνέϐαλεν
630 2066 772 2120 ὥστε
802 2066 937 2136 μηδὲ
967 2066 1161 2119 ἐκόντα
1189 2064 1515 2137 χαρίσασθαι
1534 2106 1549 2128 ,
1581 2064 1716 2118 άλλά
1747 2065 1838 2118 καὶ
1876 2064 2013 2135 πρὸς

352 2149 594 2213 ἐκείνους
631 2149 775 2219 ἔχειν
807 2148 1103 2217 ἀπολογίαν
1134 2149 1232 2219 τὴν
1276 2149 1483 2217 ἔφεσιν.
1526 2149 1662 2202 Τότε
1711 2150 1744 2201 ό
1776 2146 2014 2215 Φῆστος

350 2237 758 2303 συλλαλήσας
774 2237 925 2306 μετὰ
951 2236 1057 2291 τοῦ
1086 2237 1479 2305 συμϐουλίου,
1512 2236 1798 2305 ἀπεκρίθη
1821 2250 1834 2264 ·
1870 2236 2013 2290 Καί-

352 2339 511 2391 σαρα
541 2323 958 2390 ἐπικέκλησαι,
986 2323 1081 2377 ἐπὶ
1117 2323 1389 2390 Καίσαρα
1417 2323 1706 2391 πορεύσῃ.

425 2404 492 2473 β’.
514 2405 676 2475 Ὅρα,
704 2404 1078 2459 ἀνακοινοῦται
1105 2406 1182 2476 τῷ
1209 2406 1504 2478 Ἀγρίππᾳ,
1522 2406 1663 2459 ὥστε
1684 2408 1776 2460 καὶ
1797 2407 2013 2479 ἐτέρους

352 2485 605 2553 γενέσθαι
654 2485 816 2539 πάλιν
853 2486 1128 2555 ἀκροατὰς
1152 2525 1168 2549 ,
1208 2489 1301 2540 καὶ
1345 2487 1437 2540 τὸν
1483 2487 1742 2558 βασιλέα,
1791 2489 1887 2541 καὶ
1923 2488 2015 2542 τὸν

353 2577 606 2646 στρατὸν.
657 2579 751 2631 καὶ
796 2578 893 2649 τὴν
936 2578 1217 2651 Βερνίκην.
1260 2576 1392 2632 Εἶτα
1432 2579 1489 2632 δὲ
1521 2579 1683 2633 πάλιν
1730 2580 2012 2648 ἀπολογία.

365 2660 630 2730 Ἠμερῶν
678 2662 748 2717 δὲ
783 2663 1218 2733 διαγενομένων
1233 2704 1249 2729 ,
1292 2665 1618 2733 Ἀγρίππας
1647 2668 1681 2720 ό
1717 2667 2017 2734 βασιλεὺς

354 2750 456 2804 καί
503 2750 754 2819 Βερνίκη
793 2752 1183 2820 κατήντησαν
1220 2755 1308 2819 εἰς
1352 2753 1713 2822 Καισάρειαν
1748 2754 2016 2809 ἀσπασό-

349 2851 524 2904 μενοι
566 2834 675 2888 τὸν
700 2836 962 2903 Φῆστον.
1012 2837 1110 2904 Ὠς
1153 2837 1222 2890 δὲ
1263 2839 1512 2905 πλείους
1542 2841 1766 2910 ἡμέρας
1806 2841 2018 2909 διέτρι-

354 2923 465 2976 ϐον
490 2920 635 2985 ἐκεῖ,
666 2925 699 2978 ό
727 2921 961 2990 Φῆστος
984 2922 1066 2989 τῷ
1090 2924 1339 2988 ,βασιλεῖ
1361 2926 1606 2980 ἀνέθετο
1636 2928 1708 2981 τὰ
1736 2929 1885 2981 κατὰ
1910 2928 2020 2981 τὸν

356 3009 631 3073 Παῦλον,
673 3010 893 3080 λέγων⁹
953 3011 1125 3081 Ἀνήρ
1170 3013 1263 3078 τίς
1301 3012 1433 3067 ἐστι
1481 3014 2020 3083 καταλελειμμένος

355 3099 477 3156 ὑπὸ
506 3099 768 3167 Φήλικος
803 3101 1049 3171 δέσμιος
1069 3119 1085 3134 ο
1127 3100 1263 3170 περὶ
1292 3097 1388 3163 οὗ.
1419 3102 1744 3171 γενομένου
1767 3120 1888 3170 μου
1929 3106 2019 3170 είς

368 3183 768 3252 Ἰεροσόλυμα.
787 3184 1156 3251 ἐνεφάνισαν
1173 3186 1229 3236 οι
1252 3184 1546 3253 ἀρχιερεῖς
1567 3184 1666 3237 καὶ
1687 3187 1741 3237 οἱ
1762 3186 1989 3251 πρεσϐύ
2001 3215 2020 3227 ο

356 3283 517 3337 τεροι
543 3268 663 3323 τῶν
702 3269 1030 3335 Ἰουδαίων,
1066 3271 1404 3338 αἰτούμενοι
1436 3271 1566 3323 κατ’
1591 3269 1779 3324 αὐτοῦ
1816 3269 2014 3338 δίκην.

356 3356 515 3424 Πρὸς
538 3355 645 3423 οῦς
670 3357 1020 3424 ἀπεκρίθην,
1058 3354 1149 3407 ότι
1185 3357 1307 3410 Οὐκ
1339 3355 1511 3410 ἔστιν
1535 3356 1673 3421 έθος
1711 3355 2021 3426 Ῥωμαίοις

357 3440 698 3512 χαρίζεσθαί
728 3458 862 3495 τινα
899 3442 1215 3509 ἄνθρωπον
1251 3444 1340 3507 εὶς
1374 3440 1697 3510 ἀπώλειαν,
1733 3444 1877 3512 πρὶν
1915 3445 1954 3511 ἢ
1986 3446 2021 3499 ό

357 3528 873 3597 κατηγορούμενος
908 3528 1056 3580 κατὰ
1084 3531 1408 3596 πρόσωπον
1444 3528 1573 3597 ἔχοι
1601 3530 1743 3597 τοὺς
1779 3531 2023 3601 κατηγό-

352 3629 523 3681 ρους,
557 3615 745 3668 τόπον
775 3630 839 3667 τε
861 3614 1191 3683 ἀπολογίας
1215 3613 1388 3669 λάϐοι
1416 3616 1548 3685 περὶ
1582 3617 1689 3672 τοῦ
1717 3617 2019 3688 ἐγκλήμα-

292 3714 295 3717 ‘
359 3716 484 3765 τος.
538 3700 963 3754 Συνελθόντων
1006 3696 1121 3754 οὖν
1165 3699 1366 3755 αὐτῶν
1410 3702 1623 3758 ἐνθάδε
1639 3745 1653 3769 ,
1713 3705 2023 3774 ἀναϐολὴν

294 3841 298 3845 ,
356 3786 653 3857 μηδεμίαν
698 3785 1134 3855 ποιησάμενος,
1181 3785 1256 3856 τῇ
1291 3787 1439 3855 ἑξῆς
1480 3790 1737 3859 καθίσας
1777 3793 1875 3848 ἐπὶ
1915 3794 2022 3849 τοῦ

354 3870 666 3941 βήματος,
710 3871 1011 3927 ἐκέλευσα
1050 3871 1310 3942 ἀχθῆναι
1353 3875 1461 3929 τὸν
1508 3876 1717 3946 ἄνδρα.
1767 3880 1905 3949 Περὶ
1948 3876 2020 3938 οὗ

359 3958 684 4025 σταθέντες
712 3961 769 4014 οἱ
802 3958 1115 4029 κατήγοροι
1148 3960 1435 4030 οὐδεμίαν
1475 3965 1674 4017 αἰτίαν
1707 3966 2021 4035 ἐπέφερον,

358 4039 450 4101 ὧν
471 4047 775 4100 ὑπενόουν
796 4045 928 4116 ἐγώ·
963 4043 1260 4117 ζητήματα
1292 4046 1361 4100 δέ
1387 4065 1522 4102 τινα
1555 4050 1687 4117 περὶ
1722 4051 1833 4119 τῆς
1870 4053 2026 4119 ιδίας

359 4131 828 4202 δεισιδαιμονίας
871 4129 1040 4203 εἶχον
1086 4134 1238 4202 πρὸς
1286 4135 1473 4189 αὐτὸν
1491 4175 1507 4199 ,
1543 4136 1644 4189 καὶ
1686 4138 1821 4204 περί
1862 4155 2026 4206 τινος

374 4217 579 4285 Ἰησοῦ
627 4220 1014 4286 τεθνηκότος,
1066 4220 1139 4273 δν
1189 4222 1462 4289 ἔφασκεν
1519 4225 1553 4276 ό
1602 4223 1841 4289 Παῦλος
1894 4223 2021 4292 ζῇν.

372 4306 809 4375 ’Λπορούμενος
856 4305 927 4357 δὲ
971 4305 1086 4374 ἐγὼ
1128 4306 1261 4373 περὶ
1313 4306 1430 4374 τὴν
1467 4309 1682 4363 τούτου
1740 4308 2021 4378 ζήτησιν,

361 4390 608 4459 ελεγον,
648 4392 703 4443 ει
734 4390 1021 4453 βούλοιτο
1067 4392 1425 4457 πορεύεσθαι
1468 4394 1555 4458 είς
1608 4394 2023 4465 Ἰερουσαλὴμ,

362 4475 536 4530 κάκεῖ
569 4477 875 4543 κρίνεσθαι
918 4474 1054 4543 περὶ
1094 4477 1336 4530 τούτων.
1382 4477 1492 4532 Τοῦ
1529 4479 1597 4532 δὲ
1628 4482 1871 4535 Παύλου
1900 4483 2027 4537 ἐπι-

362 4560 780 4629 καλεσαμένου
800 4558 1125 4628 τηρηθῆναι
1146 4562 1333 4615 αὑτὸν
1351 4564 1438 4628 εις
1460 4562 1576 4632 τὴν
1592 4564 1698 4619 τοῦ
1718 4568 2025 4623 Σεϐαστοῦ

360 4647 708 4718 διάγνωσιν,
741 4646 1040 4701 ἐκέλευσα
1064 4648 1365 4716 τηρεῖσθαι
1391 4651 1597 4716 αὑτὸν,
1628 4652 1738 4720 ἕως
1766 4653 1845 4709 ἂν
1875 4655 2023 4725 πέμ-

361 4740 459 4807 ψω
504 4737 693 4793 αὑτὸν
723 4737 871 4804 πρὸς
914 4737 1205 4807 Καίσαρα.
1250 4738 1574 4807 Ἀγρίππας
1618 4740 1687 4795 δὲ
1724 4744 1875 4811 πρὸς
1918 4744 2026 4800 τὸν

363 4824 604 4893 φῆστον
643 4824 778 4894 ἔφη’
816 4825 1180 4893 Ἐϐουλόμην
1216 4826 1315 4878 καὶ
1352 4824 1535 4891 αὐτὸς
1569 4828 1676 4882 τοῦ
1711 4829 2025 4897 ἀνθρώπου

251 4988 261 4994 ,
362 4913 641 4968 ἀκοῦσαι.
680 4913 743 4966 '0
764 4911 854 4977 δέ,
889 4911 1127 4980 Αὔριον,
1156 4914 1339 4983 φησὶν,
1366 4912 1600 4982 ἀκούσῃ
1640 4916 1847 4971 αὑτοῦ.
1882 4919 2025 4989 Ὅρα

364 5000 699 5071 κατηγορίαν
736 4999 1003 5054 Ἰουδαίων
1025 4999 1206 5063 πάλιν,
1238 5000 1298 5053 ού
1329 5002 1477 5072 παρά
1501 5002 1597 5055 τοῦ
1628 5003 1863 5069 Παύλου,
1890 5006 2027 5061 ἀλλά

365 5086 518 5155 παρά
543 5086 638 5139 τοῦ
671 5087 947 5157 ἄρχοντος.
990 5087 1406 5156 Ἐνεφάνισαν,
1437 5089 1624 5158 φησὶν.
1652 5093 1705 5144 οι
1733 5092 2027 5161 ἀρχιερεῖς

365 5169 464 5222 καί
486 5173 539 5223 οι
561 5175 947 5241 πρεσϐύτεροι
980 5172 1099 5228 τῶν
1146 5175 1469 5241 Ἰουδαίων,
1515 5179 1854 5247 αἰτούμενοι
1898 5181 2024 5233 κατ’

362 5255 552 5310 αὐτοῦ
587 5257 784 5325 δίκην.
832 5261 989 5328 Πρὸς
1020 5261 1128 5327 οὓς
1156 5261 1271 5327 ἐγὼ
1301 5263 1649 5332 ἀπεκρίθην.
1684 5267 1825 5336 Ὅρα
1856 5266 1949 5319 καὶ
1972 5264 2027 5319 τί

364 5340 720 5411 ἀποκρίνεται
748 5344 827 5406 είς
856 5346 1116 5415 αἰσχύνην
1160 5347 1339 5401 αὐτῶν
1359 5364 1373 5379 ·
1402 5350 1484 5404 ὅτι
1519 5353 1643 5405 Οὐκ
1686 5350 1862 5405 ἐστιν
1888 5352 2027 5419 ἔθος

375 5426 681 5494 Ῥωμαίοις
713 5428 1054 5496 χαρίζεσθαί
1086 5449 1218 5485 τινα
1246 5433 1559 5503 ἄνθρωπον
1589 5439 1676 5503 εις
1702 5437 2023 5492 ἀπώλειαν·

364 5511 654 5575 τουτέστι,
700 5515 830 5584 πρὶν
857 5515 891 5587 ἢ
922 5515 1080 5583 λόγου
1110 5518 1259 5586 αὑτῷ
1299 5522 1619 5589 μεταδοῦναι
1662 5523 1922 5577 ἀδύνατον
1965 5523 2028 5577 τὸ

366 5598 685 5680 χαρίζεσθαι
711 5599 917 5665 άπλῶς.
951 5602 1107 5655 Κατά
1133 5602 1192 5656 τὸ
1222 5604 1409 5672 είωθδς
1437 5609 1495 5664 δέ
1523 5609 1778 5679 ποιήσας,
1811 5611 1909 5680 οὐχ
1933 5602 2027 5663 εὖ·

367 5702 461 5758 ρεν
489 5676 701 5741 αιιίαν·
754 5687 875 5741 ὅθεν
905 5689 998 5743 καὶ
1023 5689 1304 5757 ἀπορεῖται
1348 5691 1440 5743 ἐπὶ
1482 5676 1672 5764 τούτω.
1718 5696 1827 5751 Kal
1871 5676 2028 5766 δῆλον

428 5785 454 5815 ⁸
480 5782 614 5837 [nos
647 5786 729 5853 [Α.
755 5786 832 5855 3.]
875 5789 1155 5852 ἐπιϐάλλειν,
1180 5788 1324 5838 male.

1222 299 1277 353 S.
1319 296 1601 353 JOANNIS
1638 294 2125 351 CHRYSOSTUMI
2162 294 2482 352 AKCIIIEP.
2524 296 3073 358 CONSTANTINOP.

3672 308 3777 365 351

2112 410 2270 464 τοῦτο
2301 412 2367 464 δι’
2407 407 2483 467 ὧν
2525 414 2795 485 ἐπήγαγε,
2844 416 3020 485 λέγων
3039 433 3052 447 ·
3105 417 3532 487 Ἄπορούμενος
3568 419 3634 472 δέ
3666 418 3779 489 ἐγὼ

2112 497 2247 565 περὶ
2284 498 2399 564 τὴν
2434 501 2659 553 τούτων
2689 499 2960 569 ζήτησιν.
2995 502 3181 567 Οὕτως
3208 500 3350 567 εἷπε,
3378 505 3693 568 συσκιάζων
3718 502 3778 556 τδ

2108 585 2306 637 οἰκεῖον
2334 586 2658 657 ἁμάρτημα.
2690 589 2801 641 Kal
2830 590 3034 653 ἐκεῖνος
3069 591 3167 660 μὲν
3207 592 3512 656 συσκιάξει,
3556 591 3781 663 Ἀγρίπ-

2110 688 2218 734 πας
2254 672 2312 725 δέ
2358 673 2614 742 ἐπιθυμεῖ
2657 675 2786 727 ἰδεῖν
2822 676 3007 729 αὐτόν.
3048 678 3189 747 Ὅρα
3228 679 3316 731 ἀεὶ
3360 679 3486 741 τοὺς
3514 678 3779 747 ἄρχοντας

2109 757 2559 830 διακρουομένους
2579 761 2676 831 τὴν
2696 762 2996 831 ἐπάχθειαν
3024 764 3123 833 τὴν
3157 765 3479 834 ’ίουδαῖκὴν,
3510 765 3607 817 καὶ
3630 762 3779 834 παρά

2111 845 2171 900 τὸ
2202 846 2411 900 δίκαιον
2445 848 2927 918 ἀναγκαζομένους
2961 848 3223 912 πολλάκις
3268 852 3443 903 ποιεῖν
3463 890 3478 913 ,
3513 850 3611 904 καὶ
3655 865 3778 921 προ-

2111 931 2305 1000 φάσεις
2337 931 2488 1005 [38Ξ]
2538 933 2929 1002 ἐπιζητοῦντας
2974 936 3075 1005 τῆς
3121 936 3429 1007 ἀναϐολῆς·
3460 938 3522 990 οὐ
3560 936 3673 1008 γὰρ
3715 935 3778 1005 δὴ

2111 1019 2320 1087 ἀγνοῶν
2356 1020 2665 1086 ἀνεϐάλετο,
2693 1020 2807 1075 ἀλλ’
2838 1021 3012 1086 εἰδώς.
3049 1024 3111 1076 '0
3150 1023 3208 1078 δὲ
3250 1022 3561 1093 Ἀγρίππας
3590 1023 3652 1075 ού
3686 1021 3781 1092 μό-

2119 1123 2201 1161 θον
2227 1108 2290 1161 οὐ
2317 1108 2682 1179 διακρούεται,
2730 1110 2866 1163 ἀλλά
2905 1111 2999 1164 καὶ
3041 1110 3271 1164 ἀκοῦσαι
3299 1111 3576 1180 βούλεταιο
3626 1110 3656 1163 δ
3687 1109 3780 1163 καὶ

2112 1195 2390 1266 θαυμάσαι
2427 1196 2594 1262 ἀξιον,
2626 1198 2789 1251 πόθεν
2827 1199 2907 1261 εἰς
2948 1199 3241 1270 ἐπιθυμίαν
3271 1198 3509 1269 κατέστη
3536 1196 3632 1251 τοῦ
3660 1196 3782 1268 βού-

2111 1282 2299 1337 λεσθαι
2331 1284 2458 1336 ίδείν
2483 1283 2787 1354 ἄνθρωπον,
2821 1287 2870 1338 εί
2900 1285 2994 1338 καὶ
3026 1285 3247 1351 ἀδίκως,
3268 1286 3418 1356 δμως
3445 1283 3782 1354 κατηγορού-

2115 1386 2295 1440 μενον.
2333 1370 2518 1434 Οὖτως
2549 1365 2617 1439 ἦν
2648 1372 2741 1424 xal
2778 1370 2937 1425 τοῦτο
2962 1371 3292 1442 οἰκονομίας.
3326 1372 3417 1426 Διὸ
3447 1372 3545 1426 καὶ
3578 1373 3613 1442 ἡ
3645 1370 3785 1442 γυνὴ

2112 1457 2278 1511 αὐτοῦ
2312 1457 2618 1520 συνακούει,
2656 1459 2748 1511 καὶ
2782 1457 2885 1527 τῆς
2915 1459 3232 1530 ἀκροάσεως
3268 1459 3368 1513 οὐκ
3406 1458 3784 1527 ἀπολιμπάνε-

2111 1562 2223 1598 ται.
2256 1546 2365 1598 Kal
2388 1544 2507 1598 ούδέ
2547 1545 2735 1608 ἁπλῶς
2774 1547 3063 1616 ἀκροᾶται,
3102 1546 3238 1599 ἀλλὰ
3272 1544 3409 1617 μετά
3441 1544 3647 1615 πολλῆς
3682 1544 3785 1613 τῆς

2111 1631 2297 1701 τιμῆς.
2329 1632 2612 1699 Τοσαύτην
2641 1632 2765 1703 ἔσχε
2792 1633 2892 1702 τὴν
2917 1631 3214 1702 ἐπιθυμίαν
3232 1648 3247 1663 ·
3275 1632 3336 1684 οὐ
3367 1631 3478 1702 γὰρ
3505 1630 3594 1693 ἂν,
3622 1630 3672 1683 εί
3708 1629 3783 1700 μὴ

2114 1716 2458 1787 ἐπεθύμησεν
2477 1758 2492 1781 ,
2520 1718 2783 1789 ἐζήτησεν
2808 1719 2875 1773 ἂν
2900 1717 3153 1782 ἀκοῦσαι,
3179 1717 3285 1771 οὐδ’
3328 1718 3395 1772 ἂν
3438 1718 3532 1771 καὶ
3556 1716 3658 1786 τὴν
3687 1731 3787 1783 γυ-

2114 1806 2276 1857 ναῖκα
2305 1804 2560 1857 κοινωνὸν
2588 1806 2882 1875 ἐποιήσατο
2901 1806 3001 1875 τῆς
3027 1805 3362 1875 ἀκροάσεως,
3380 1806 3430 1857 εἰ
3461 1804 3537 1874 μὴ
3570 1802 3785 1874 μεγάλα

2113 1891 2241 1960 περὶ
2269 1890 2434 1943 αὐτοῦ
2472 1891 2821 1959 ἐφαντάξετο.
2865 1892 3020 1961 Ἐμοὶ
3060 1892 3120 1945 δὲ
3148 1891 3295 1944 δοκεῖ
3326 1890 3589 1960 κάκείνην
3625 1888 3787 1943 τοῦτο

2114 1978 2371 2047 ποθῆσαι.
2406 1980 2516 2032 Kal
2545 1979 2647 2050 ὅρα
2675 1979 2767 2031 τὸν
2809 1978 3019 2033 Παῦλον
3045 1978 3247 2041 εὐθέως
3284 1978 3344 2030 ού
3378 1979 3507 2049 περὶ
3544 1978 3787 2039 πίστεως

2117 2066 2278 2135 μόνον
2302 2065 2423 2119 οὐδὲ
2455 2067 2582 2136 περί⁸
2605 2066 2855 2131 ἀφέσεως
2892 2066 3112 2136 ἀμαρτη
3122 2065 3327 2133 μάτων,
3364 2063 3502 2117 ἀλλὰ
3529 2062 3625 2115 καὶ
3654 2061 3789 2128 περὶ

2112 2152 2220 2206 τῶν
2258 2151 2550 2222 πρακτέων
2574 2153 2602 2192 ιι
2624 2151 3020 2222 διαλεγόμενον.
3059 2150 3200 2205 ’Δλλ’
3240 2150 3441 2221 ἴδωμεν
3483 2147 3695 2205 ἀνωθεν
3718 2148 3791 2201 τά

2112 2237 2393 2308 εἰρημένα.
2428 2236 2500 2291 Τὸ
2526 2237 2643 2291 νῦν
2661 2238 2826 2306 ἕχον,
2855 2237 3009 2306 φησὶ,
3036 2236 3296 2302 πορεύου
3316 2249 3329 2263 ⁸
3354 2233 3565 2303 καιρὸν
3582 2232 3651 2285 δὲ
3678 2236 3791 2286 λα-

2113 2325 2251 2389 ϐὼν,
2274 2323 2763 2393 μετακαλέσομαί
2786 2339 2880 2377 σε.
2915 2325 3060 2394 Ὅρα
3094 2325 3193 2392 τὴν
3229 2322 3516 2393 πώρωσιν·
3559 2321 3789 2374 τοιαῦτα

2115 2411 2365 2477 ἀκούων,
2422 2412 2681 2481 χρήματα
2738 2410 3042 2480 προσεδόκα
3093 2409 3356 2481 λήψεσθαι
3412 2409 3543 2479 παρ’
3593 2406 3787 2462 αὑτοῦ.

2116 2500 2225 2553 Καὶ
2272 2500 2332 2551 ού
2380 2498 2539 2550 τοῦτο
2578 2497 2739 2569 μόνον
2781 2496 2984 2563 δεινὸν,
3015 2495 3155 2550 ἀλλά
3197 2495 3292 2549 καὶ
3322 2494 3648 2564 διαλεχθεὶς,
3684 2494 3797 2547 οὒκ

2114 2586 2327 2655 ἀφῆκεν
2365 2584 2561 2649 αὑτὸν,
2600 2583 2715 2637 ἀλλ’
2751 2584 2940 2655 ἐπειδὴ
2992 2582 3129 2654 πρὸς
3174 2581 3252 2653 τῷ
3297 2581 3440 2634 τέλει
3474 2582 3573 2651 τῆς
3604 2579 3794 2650 ἀρχῆς

2113 2668 2213 2744 ἦν,
2253 2672 2543 2726 κατέλιπεν
2582 2671 2745 2724 αὑτὸν
2771 2671 2989 2742 δέσμιον
3010 2712 3027 2738 ,
3070 2671 3157 2725 ῑνα
3181 2670 3471 2741 χαρίσηται
3496 2672 3607 2731 τοῖς
3644 2669 3789 2721 Ἴου-

2113 2759 2283 2822 δαίτις
2304 2776 2316 2789 ·
2351 2758 2495 2811 ὥστε
2521 2757 2583 2810 οὐ
2622 2758 2919 2829 χρημάτων
2946 2758 3061 2828 ἦρα
3087 2756 3247 2831 μόνον
3266 2796 3281 2821 ,
3308 2754 3445 2809 ἀλλὰ
3476 2755 3568 2808 καὶ
3597 2754 3786 2823 δόξης.

2117 2844 2241 2907 Πῶς
2292 2848 2587 2915 χρήματα,
2634 2842 2832 2913 μιαρὲ,
2882 2842 3034 2913 παρά
3090 2841 3375 2913 ἀνθρώπου
3428 2840 3491 2893 τὸ
3539 2837 3793 2893 ἐναντίον

2116 2930 2475 3002 κηρύττοντος
2502 2930 2809 3001 ἐπιζητεῖς
2841 2930 2962 2984 Ὀτι
2988 2929 3047 2982 δέ
3076 2930 3178 2983 οὐκ
3205 2928 3364 2983 ἔλαϐε
3384 2968 3399 2992 ,
3428 2928 3590 2998 δῆλον
3619 2926 3684 2992 ἐξ
3713 2921 3793 2980 ὧν

2117 3020 2267 3071 είασε
2284 3018 2587 3087 δεδεμένον,
2608 3017 2777 3080 λύσας
2802 3016 2889 3081 ἂν,
2916 3017 3073 3088 είπερ
3092 3016 3272 3070 ἔλαϐε.
3302 3016 3438 3087 Περὶ
3455 3014 3794 3086 ἐγκρατείας

2117 3097 2272 3167 οὗτος
2305 3104 2594 3172 διελέγετο,
2630 3105 2834 3166 ἐκεῖνος
2861 3103 2919 3156 δὲ
2964 3105 3225 3175 χρήματα
3263 3102 3567 3173 προσεδόκα
3603 3100 3798 3155 λαϐεῖν

2120 3193 2251 3261 παρ’
2286 3190 2450 3244 αὑτοῦ
2485 3190 2660 3245 ταῦτα
2699 3191 3105 3261 διαλεγομένου.
3138 3190 3251 3244 Kal
3300 3189 3522 3259 αίτῆσαι
3559 3190 3661 3258 μὲν
3690 3188 3799 3243 οὐκ

2121 3278 2345 3348 ἐτόλμα·
2374 3278 2614 3331 τοιοῦτον
2662 3278 2772 3350 γὰρ
2810 3280 2845 3349 ή
2878 3278 3064 3342 κακία,
3091 3277 3265 3331 δειλὸν
3314 3276 3408 3330 καὶ
3448 3276 3631 3329 πάντα
3658 3276 3798 3329 ὐπο-

2120 3363 2319 3418 πτεῦον
2363 3376 2412 3404 ο·
2452 3365 2648 3435 ἧλπιζε
2690 3366 2747 3419 δέ
2769 3382 2782 3395 ·
2815 3366 2957 3419 ὥστε
2995 3365 3221 3428 εἰκότως
3261 3364 3446 3427 αὐτοῖς
3481 3364 3800 3434 ἐχαρίζετο,

2121 3453 2216 3507 ἅτε
2237 3452 2489 3506 τοσοῦτον
2516 3451 2687 3524 άρεας
2712 3453 2847 3507 ἐκεῖ.
2882 3451 3123 3520 Φῆστος
3148 3446 3265 3507 οὖν
3285 3451 3492 3517 ἐπιϐὰς
3514 3448 3589 3518 τῇ
3614 3450 3801 3518 ἐπαρ-

2120 3540 2222 3609 χίᾳ
2240 3558 2255 3571 ·
2277 3538 2647 3608 ἐνεφάνισαν
2677 3538 2838 3603 αὐτῷ
2869 3538 2902 3592 ὅ
2929 3555 2994 3592 τε
3019 3538 3331 3608 ἀρχιερεὺς
3363 3537 3461 3592 καὶ
3490 3541 3542 3592 οι
3574 3537 3801 3606 πρῶτοι

2119 3625 2241 3681 τῶν
2299 3626 2594 3683 Ἰουδαίων
2634 3625 2786 3680 κατὰ
2829 3625 3068 3691 Παύλου,
3110 3624 3292 3695 φησιν.
3340 3623 3557 3687 Εὐθέως
3596 3624 3698 3676 καὶ
3738 3624 3801 3676 ἐν

2120 3713 2263 3785 ἀρχῇ
2299 3711 2601 3784 προσῆλθον
2640 3713 2691 3766 al
2729 3714 2925 3784 ἱερεῖς,
2951 3712 3052 3766 οὐκ
3085 3711 3151 3765 ἂν
3194 3711 3523 3782 ὀκνήσαντες
3568 3711 3669 3764 καὶ
3717 3712 3801 3774 είς

2122 3800 2462 3872 Καισάρειαν
2493 3799 2695 3864 ἐλθεῖν,
2742 3800 2791 3851 εί
2835 3798 2910 3870 μὴ
2950 3797 3088 3869 ἔφθη
3128 3798 3388 3863 ἀνελθὼν,
3427 3798 3562 3851 ὅπου
3594 3814 3660 3866 γε
3709 3798 3802 3851 εὑ-

2124 3887 2261 3951 θέως
2288 3887 2537 3940 ἐπιϐάντι
2568 3885 2981 3957 προσέρχονται.
3016 3886 3125 3940 Καὶ
3156 3886 3418 3950 καταϐὰς
3458 3884 3527 3935 ὲν
3570 3886 3802 3938 Καισα-

2116 3974 2275 4042 ρείᾳ,
2309 3973 2589 4042 διατρίϐει
2613 3971 2763 4026 δέκα
2793 3971 3036 4041 ἡμέρας.
3064 3972 3238 4041 Τάχα,
3268 3971 3439 4033 δοκῶ,
3469 3969 3614 4023 ὥστε
3637 3971 3804 4040 ἐγγε-

2123 4059 2433 4123 νέσθαιτοίς
2454 4058 2797 4129 βουλομένοις
2814 4059 2977 4111 αὑτὸν
2993 4058 3321 4128 διαφθεῖραι.
3339 4056 3549 4121 Παῦλος
3564 4056 3620 4109 δέ
3648 4051 3723 4129 ἢν
3743 4058 3804 4111 ἐν

2123 4144 2201 4216 τῷ
2226 4145 2603 4216 δεσμωτηρίῳ.
2633 4145 2742 4199 Καὶ
2768 4143 3155 4213 παρεκάλουν
3179 4143 3387 4208 αὐτὸν,
3414 4144 3601 4213 φησὶν,
3635 4142 3805 4209 ὅπως

2119 4234 2574 4302 μεταπέμψηται
2620 4232 2808 4286 αὐτὸν
2851 4235 2938 4298 είς
2995 4233 3403 4300 Ἰερουσαλήμ.
3451 4231 3560 4283 Kal
3606 4231 3700 4284 διὰ
3748 4231 3804 4284 τί

2126 4320 2284 4391 χάριν
2315 4319 2525 4390 ᾔτησαν
2546 4358 2561 4382 ,
2592 4319 2640 4370 εί
2682 4318 2888 4381 δίκαιός
2922 4320 3069 4370 ἐστιν
3107 4317 3431 4379 ἀποθανείν;
3475 4316 3619 4369 Ἀλλ’
3654 4317 3805 4372 οὕτω

2126 4406 2365 4475 κάκείνῳ
2394 4404 2527 4475 δήλη
2551 4406 2764 4471 ἐγένετο
2795 4407 2828 4476 ή
2864 4405 3122 4475 ἐπιϐουλὴ
3141 4446 3155 4465 ,
3192 4404 3267 4467 ὡς
3300 4404 3695 4473 διαλεγόμενον
3722 4406 3803 4458 εί-

2126 4495 2274 4545 πεῖν·
2306 4490 2545 4559 Ἄνδρες
2561 4494 2616 4544 οὶ
2639 4492 3082 4561 συμπαρόντες,
3107 4489 3375 4557 θεωρεῖτε
3402 4490 3644 4554 τοῦτον,
3666 4490 3804 4559 περὶ

2124 4574 2199 4634 οὖ
2228 4578 2295 4632 τὸ
2328 4576 2563 4645 πλῆθος
2590 4577 2880 4647 ἐνέτυχόν
2901 4595 3005 4647 μοι
3042 4578 3160 4631 τῶν
3209 4576 3530 4631 Ἰουδαίων.
3562 4578 3665 4630 Διᾶ
3693 4577 3805 4648 γὰρ

2124 4664 2238 4732 τοῦ,
2256 4665 2593 4733 Ἐνέτυχον,
2618 4665 2699 4729 τὸ,
2732 4665 3051 4734 Δίτούμενοι
3081 4666 3202 4717 κατ’
3222 4664 3385 4717 αὐτοῦ
3413 4664 3601 4734 χάριν,
3626 4664 3800 4734 δηλοῖ.

2126 4752 2289 4805 Ὥστε
2333 4752 2434 4823 ἤδη
2483 4752 2767 4805 ἐϐούλοντο
2814 4753 2978 4806 αὐτὸν
3025 4754 3106 4814 είς
3151 4752 3426 4820 ἀπόφασιν
3466 4750 3800 4819 ἐξενεγκεῖν,

2126 4840 2447 4909 φοϐούμενοι
2475 4839 2572 4910 τὴν
2606 4840 2816 4893 Παύλου
2855 4840 3123 4908 γλῶτταν.
3153 4839 3218 4892 Τί
3248 4838 3534 4907 φοϐεῖσθες
3565 4839 3620 4891 τί
3651 4838 3805 4890 ἐπεί-

2125 4944 2280 4997 γετε;
2303 4927 2475 4981 Τοῦτο
2503 4929 2612 4999 γὰρ
2635 4928 2887 4997 ἐμφαίνει
2915 4928 2996 4990 τὸ,
3034 4925 3444 4980 Φυλάττεσθαι
3470 4926 3685 4979 αὐτόν.
3713 4923 3803 4994 Μὴ

2124 5015 2234 5085 γάρ
2264 5015 2485 5084 φεύγεις
2519 5018 2583 5069 οι
2619 5012 2733 5070 οὖν
2767 5015 2838 5067 ἐν
2882 5015 3056 5084 ὑμῖν,
3079 5013 3234 5083 φησὶ,
3270 5012 3519 5065 δυνατοί
3557 5028 3803 5079 κατηγοο

2118 5104 2417 5173 ρείτωσαν
2450 5102 2657 5158 αὑτοῦ.
2705 5102 2872 5156 Πάλιν
2910 5102 3206 5173 κατήγοροι
3239 5102 3298 5152 ἐν
3336 5099 3669 5170 Καισαρείᾳ,
3709 5101 3801 5152 καὶ

2126 5190 2288 5244 πάλιν
2314 5189 2568 5258 ἐξάγεται
2602 5187 2832 5251 Παῦλος.
2870 5186 2948 5256 Τῇ
2979 5187 3046 5241 δὲ
3069 5187 3358 5255 ἐπαύριον
3385 5187 3673 5252 καθίσας,
3701 5202 3803 5255 τρη-

2128 5277 2233 5339 σὶν,
2262 5276 2361 5330 ἐπὶ
2383 5276 2488 5331 τοῦ
2508 5275 2805 5344 βήματος.

2196 5369 2267 5432 γ’,
2298 5365 2470 5433 Ὅρα,
2498 5363 2702 5425 εὐθέως
2741 5360 2911 5415 ἐλθὼν
2950 5360 3202 5415 ἐκάθισεν
3239 5360 3333 5413 ἐπὶ
3373 5360 3470 5414 τοῦ
3522 5360 3795 5431 βήματος*

2126 5450 2298 5514 οὕτως
2320 5450 2481 5503 αὐτὸν
2498 5448 2669 5502 ὤθουν
2701 5448 2839 5517 μετά
2858 5450 3123 5517 τοσαύτης
3154 5447 3411 5515 σπουδῆς,
3438 5447 3614 5508 οὕτως

2127 5538 2461 5605 ἐπείγουσιν.
2479 5538 2625 5600 Ἕως
2660 5537 2760 5607 μὲν
2793 5533 2887 5590 οῦν
2924 5536 3135 5589 οὐδέπω
3165 5536 3362 5603 πεῖραν
3388 5529 3457 5603 ἦν
3478 5533 3664 5586 λαϐὼν
3693 5533 3804 5584 τῶν

2194 5745 2230 5799 b7
2250 5739 2451 5799 Quidam
2476 5740 2570 5786 τῶν
2596 5740 2887 5799 πρακτικῶν.
2968 5737 2985 5759 ⁸
3013 5735 3145 5789 Haec.
3182 5733 3334 5783 δειλὸν
3376 5734 3456 5781 καὶ
3482 5733 3635 5781 πάντα
3679 5732 3801 5780 ὑκο-

2132 5797 2322 5861 πτιῖιυν,
2348 5799 2524 5851 absunt
2544 5814 2569 5849 a
2593 5797 2897 5860 quibuSdam.
