3920 6224
209 378 286 435 353

216 484 527 565 potestnteilfis
553 482 765 536 donare.
814 479 1066 535 Ctesarsm
1110 477 1334 547 appello.
1380 474 1485 530 Sed
1529 473 1722 527 dixerit

213 583 413 654 quispiam
438 596 450 632 :
477 575 576 631 Cur
600 588 725 629 cum
748 572 990 628 audisset
1014 612 1029 637 ,
1060 569 1268 639 Oportet
1297 580 1345 622 te
1367 569 1517 622 etiam
1548 566 1723 621 Roma:

217 672 411 742 trttiﬁtari
432 671 483 723 de
505 684 579 723 me
601 668 621 739 (
641 668 759 721 Act.
779 665 871 721 25.
895 666 956 719 11
984 664 1025 735 ),
1050 663 1199 732 quasi
1224 676 1328 716 non
1356 660 1583 715 credens
1610 659 1723 714 lucc

216 760 417 818 faciebat?
437 758 606 822 Absit;
628 757 721 812 sed
743 766 798 811 et
820 755 973 810 valde
999 753 1252 808 credens.
1270 751 1435 820 Magis
1460 765 1587 804 vero
1605 758 1722 804 ten-

216 854 332 909 tantis
356 852 511 905 fuisset
539 849 681 903 illius
707 846 990 903 sententiae
1020 843 1205 908 fidere,
1232 856 1460 911 seseque
1488 842 1538 894 in
1578 839 1724 893 mille

215 944 387 1014 pericu'a
414 941 669 1009 conjicere
692 980 709 1003 ,
741 952 805 993 ac
826 938 1006 992 dicere
1029 951 1044 990 :
1074 933 1367 989 Videamus
1395 947 1519 985 num
1555 930 1720 999 possit

217 1038 314 1091 Deus
330 1037 462 1090 etiam
483 1034 555 1088 sic
576 1032 789 1100 eripere
819 1046 925 1085 me.
948 1027 1057 1084 Sed
1081 1028 1181 1081 hoc
1212 1040 1318 1079 non
1344 1024 1471 1079 facit
1492 1022 1686 1077 Paulus
1704 1062 1719 1085 ,

216 1100 474 1195 rerumque
503 1139 669 1194 penes
692 1138 752 1178 se
784 1130 938 1177 erant
966 1120 1146 1175 omnia
1178 1118 1390 1180 adfert,
1421 1124 1587 1170 totum
1619 1114 1726 1168 Deo

213 1219 475 1287 permittens.
502 1215 633 1270 Sese
662 1227 795 1268 vero
816 1211 1115 1267 defendens
1135 1250 1151 1274 ,
1201 1209 1391 1264 leviter
1428 1204 1723 1277 principem

212 1306 488 1376 perstringit,
515 1319 581 1359 ac
609 1304 655 1357 si
682 1302 930 1357 diceret:
961 1300 1017 1355 Si
1056 1299 1253 1367 injuste
1292 1297 1417 1366 egi,
1460 1295 1633 1355 bene;
1683 1294 1726 1347 si

213 1414 289 1451 non
310 1398 473 1466 injuste
490 1396 569 1465 egi
600 1437 615 1461 ,
639 1410 737 1447 cur
758 1408 842 1446 me
865 1390 1031 1445 tradis
1050 1390 1075 1429 ν
1109 1389 1274 1443 Nemo
1298 1395 1456 1458 potest
1480 1427 1495 1448 ,
1523 1384 1725 1450 inquit,

213 1488 457 1540 wdonare.
485 1486 678 1539 Metqu
708 1484 783 1536 illi
816 1484 1040 1544 incutit,
1078 1491 1135 1533 ut
1173 1495 1278 1532 non
1322 1478 1488 1547 possit
1528 1475 1730 1527 donare

214 1578 249 1633 si
265 1576 381 1640 velit,
407 1573 488 1628 sed
507 1572 674 1627 etiam
704 1569 847 1640 apud
872 1570 997 1623 illos
1027 1584 1127 1639 pro
1144 1568 1503 1622 excusatione
1532 1567 1733 1621 habeat

212 1665 580 1737 appellationem.
617 1662 704 1716 ιι.
740 1660 885 1715 Tunc
920 1658 1107 1714 Festus
1136 1675 1255 1713 cum
1286 1659 1510 1713 concilio
1538 1659 1728 1727 loquu-

210 1770 291 1820 tus,
314 1757 541 1825 respondit
563 1770 584 1807 :
609 1754 874 1810 Cursarem
892 1755 1205 1823 appellasti;
1227 1755 1296 1807 ad
1319 1754 1584 1810 Cursarem
1600 1754 1725 1808 ibis.

259 1846 305 1901 Ω.
338 1845 451 1901 Vide
474 1887 488 1911 ,
514 1860 634 1901 rem
662 1843 912 1915 Agrippa:
936 1842 1298 1897 communicat
1320 1880 1337 1903 ,
1369 1847 1427 1893 ut
1455 1840 1616 1892 etiam
1646 1836 1734 1889 alii

208 1938 287 1992 sint
306 1936 543 1993 auditores
570 1978 587 2000 .
607 1946 662 1993 et
679 1951 781 1990 rex
802 1943 856 1991 et
880 1933 1152 1989 exercitus
1175 1941 1232 1986 et
1256 1930 1500 1986 Bernice.
1532 1927 1737 1982 Deinde

210 2042 372 2081 rursum
401 2026 657 2082 defensio.
694 2044 713 2077 ι
754 2026 841 2080 15.
871 2024 931 2079 Et
961 2038 1084 2078 cum
1111 2022 1228 2076 dies
1254 2021 1458 2089 aliquot
1486 2019 1737 2072 transacti

207 2126 375 2183 essent,
404 2118 631 2188 Agrippa
662 2131 750 2171 res
780 2126 835 2170 et
871 2115 1096 2171 Bernice
1133 2111 1530 2167 descenderunt
1557 2109 1737 2165 Ctesa-

210 2224 317 2261 rcaut
338 2208 393 2261 ad
417 2206 752 2261 salutandum
802 2204 1038 2259 Festum.
1066 2204 1153 2259 M.
1188 2203 1255 2257 Et
1297 2216 1418 2255 cum
1463 2202 1578 2255 dies
1623 2199 1740 2268 plu-

210 2314 271 2353 res
304 2300 359 2353 ibi
393 2298 825 2361 demorarentur,
864 2296 1053 2351 Festus
1095 2295 1204 2363 regi
1248 2293 1425 2347 retulit
1448 2291 1516 2346 de
1552 2290 1738 2355 Paulo,

206 2389 385 2444 dicens:
415 2389 499 2443 Vir
523 2389 744 2458 qudam
772 2400 855 2442 est
887 2386 1176 2441 derelictus
1215 2400 1246 2437 a
1279 2384 1456 2439 Felice
1488 2383 1696 2435 vinctus
1724 2396 1740 2433 :

212 2485 274 2539 15.
299 2484 357 2540 de
378 2500 475 2554 quo
499 2526 514 2551 ,
541 2500 669 2539 cum
716 2498 895 2537 essem
932 2458 1283 2553 Jerosrilymis
1306 2522 1321 2546 ,
1365 2479 1615 2534 adierunt
1657 2492 1745 2532 me

210 2577 425 2645 principes
472 2576 815 2631 sacerdotum
870 2583 923 2629 et
971 2573 1214 2627 seniores
1256 2570 1601 2634 Judznorum,
1652 2582 1747 2636 po—

210 2664 425 2719 stulantes
468 2666 727 2721 adversus
756 2664 903 2717 illum
955 2662 1373 2717 damnationem.
1414 2660 1501 2715 16.
1544 2659 1745 2727 Quibus

208 2756 455 2823 respondi:
498 2756 618 2812 Non
662 2765 749 2811 est
791 2755 1049 2809 Romanis
1096 2751 1450 2809 consuetudo
1482 2750 1744 2805 damnare

209 2846 396 2915 aliquem
425 2848 696 2902 hominem
724 2887 740 2911 ,
776 2847 1083 2917 priusquam
1116 2846 1161 2900 is
1190 2844 1281 2915 qui
1307 2851 1587 2898 aecusatur
1608 2856 1745 2911 pra:-

206 2951 349 2995 sentes
396 2941 585 2997 habeat
638 2950 1019 3002 accusatores,
1080 2939 1368 3007 locumque
1422 2933 1747 2991 defendendi

209 3032 391 3101 accipiat
435 3035 499 3088 ad
545 3032 812 3087 abluenda
870 3032 1116 3087 crimina.
1164 3031 1253 3086 17.
1296 3030 1430 3083 Cum
1476 3043 1604 3097 ergo
1646 3026 1752 3080 huc

203 3126 534 3180 comenissent
557 3166 573 3189 ,
606 3125 727 3179 sine
756 3123 860 3177 ulla
892 3122 1150 3177 dilatione
1177 3119 1420 3190 sequenti
1447 3118 1532 3172 die
1558 3116 1753 3171 sedens

206 3226 283 3280 pro
338 3215 574 3268 tribunali
642 3214 775 3283 jussi
845 3212 1034 3266 adduci
1086 3213 1279 3266 virum.
1334 3210 1417 3264 18.
1483 3209 1556 3263 De
1610 3223 1747 3276 quo,

204 3317 298 3357 cum
322 3306 587 3362 stetissent
620 3316 963 3360 accusatores
986 3345 1003 3370 ,
1046 3305 1250 3358 nullam
1288 3317 1503 3356 causam
1542 3299 1752 3356 defere-

207 3392 338 3461 bant,
385 3396 452 3452 de
495 3397 699 3467 quibus
743 3410 846 3466 ego
885 3394 1235 3465 suspicabar;
1293 3393 1383 3449 19.
1433 3393 1756 3461 qumstiones

205 3497 303 3540 vero
320 3487 568 3557 quasdam
596 3487 669 3543 de
698 3502 796 3541 sua
827 3486 1211 3556 superstitione
1252 3484 1525 3540 habebant
1566 3483 1758 3538 adver-

203 3586 399 3629 suseum
424 3618 439 3641 ,
471 3587 525 3632 et
557 3578 633 3633 de
655 3576 889 3647 quodam
933 3576 1060 3632 .lesu
1100 3576 1354 3631 defuncto
1376 3616 1392 3638 .
1421 3590 1581 3645 quem
1608 3574 1755 3629 affir-

205 3664 348 3721 mabat
388 3668 584 3723 Paulus
632 3669 833 3723 vivere.
886 3666 978 3723 20.
1029 3666 1295 3722 Hresitans
1342 3678 1519 3721 autem
1565 3681 1665 3735 ego
1691 3665 1759 3720 de

202 3754 464 3824 huiusmodi
494 3762 823 3832 quaestione,
864 3759 1107 3815 dicebam
1132 3800 1148 3825 ,
1176 3775 1301 3814 num
1326 3760 1485 3813 vellet
1512 3758 1589 3813 ire
1607 3757 1760 3812 Jero-

202 3848 534 3919 ﬂdymant,et
584 3852 664 3907 ibi
699 3851 927 3922 jndieari
969 3851 1037 3907 de
1084 3851 1212 3905 illis.
1252 3850 1343 3904 21.
1388 3850 1552 3905 Paulo
1578 3858 1758 3905 autent

200 3940 463 4004 tppellante
484 3983 500 4009 ,
533 3952 593 3997 ut
628 3952 939 3997 servaretur
973 3942 1039 3995 ad
1081 3941 1304 4011 Augusti
1353 3941 1715 4009 cognitionem
1742 3980 1758 4003 ,

198 4025 306 4091 iussi
343 4035 538 4087 servari
566 4048 696 4090 eum
719 4075 734 4098 ,
766 4033 937 4087 donec
965 4033 1167 4086 mittam
1196 4047 1319 4087 cum
1365 4031 1430 4085 ad
1470 4031 1759 4085 Cursarem.

196 4116 268 4170 21.
309 4122 532 4192 Agrippa
598 4132 782 4176 autem
849 4122 1011 4177 Fesm
1072 4122 1247 4175 dixit:
1302 4120 1504 4175 Vellem
1547 4130 1601 4174 et
1650 4121 1763 4190 ipse

200 4209 433 4268 hominem
460 4217 675 4270 audire.
705 4214 872 4281 Cras,
903 4216 1097 4284 inquit,
1145 4213 1334 4269 audies
1366 4214 1531 4267 illum.
1580 4230 1599 4264 ι
1634 4212 1764 4267 Vide

201 4315 379 4357 rursum
404 4308 813 4363 accusationem
845 4306 1153 4362 Juda'orum
1187 4322 1292 4361 non
1324 4320 1353 4359 a
1388 4305 1550 4358 l‘aulo
1573 4345 1588 4368 ,
1617 4304 1709 4358 sed
1734 4320 1766 4359 a

199 4393 406 4465 βτίηοὴιο
442 4409 742 4454 narratam.
798 4399 1046 4452 Adiernnt
1082 4413 1199 4463 me,
1250 4396 1303 4450 in
1325 4397 1454 4463 iuit,
1516 4397 1766 4465 principes

197 4488 482 4544 sacerdotum
503 4501 553 4545 et
574 4491 802 4545 seniores
823 4488 1125 4542 Judarorum
1148 4526 1164 4552 ,
1191 4489 1505 4556 postulantes
1526 4486 1767 4541 adversus

198 4594 289 4630 sum
329 4579 732 4635 damnationem.
783 4579 974 4645 Quibus
1025 4595 1115 4649 ego
1153 4578 1413 4645 respondi.
1468 4577 1597 4631 Vide
1640 4576 1766 4646 quid

198 4671 494 4737 tmleat
522 4671 597 4725 ad
628 4672 842 4725 illorum
876 4668 1247 4722 cuttfusionem
1275 4683 1289 4720 :
1322 4665 1441 4720 Non
1462 4676 1534 4720 est
1562 4682 1769 4720 consue-

201 4760 299 4809 tudo
329 4759 573 4815 Romanis
600 4764 797 4815 donare
820 4760 1039 4829 aliquant
1074 4759 1328 4812 hominem
1353 4799 1366 4820 .
1398 4767 1450 4811 ut
1477 4768 1688 4828 pereat;
1718 4757 1769 4812 id

196 4856 296 4911 est.
327 4861 624 4922 antequam
671 4852 935 4906 rationem
974 4848 1206 4915 reddat,
1234 4864 1341 4903 non
1386 4860 1561 4918 potest
1602 4850 1769 4903 vestri

195 4939 338 5000 (nlla
368 4942 528 4997 tradi.
556 4942 633 4998 Ut
661 4958 790 4996 vero
819 4941 1112 4995 secundum
1139 4953 1341 4993 morem
1369 4937 1493 4992 fecit
1512 4980 1525 5000 ,
1553 4954 1768 4991 causam

198 5042 285 5082 "Ott
327 5032 775 5104 invenit:qnarc
830 5034 927 5087 hac
977 5034 1044 5086 tle
1092 5046 1149 5086 rc
1194 5031 1449 5085 lia-sitat?
1500 5041 1557 5084 ut
1609 5033 1772 5100 liquet

194 5135 250 5172 ει
303 5128 659 5195 semiermibus
714 5144 728 5180 :
784 5124 1045 5180 Iltzsitans
1098 5134 1269 5175 antem
1320 5139 1411 5191 ego
1470 5122 1532 5176 de
1588 5122 1770 5184 huius-

197 5215 315 5268 ἀἱ
338 5220 645 5287 qna-alioue.
673 5217 765 5274 Sic
795 5218 1046 5287 loquitur,
1092 5231 1250 5271 suum
1298 5214 1621 5267 adumbratis
1653 5228 1770 5282 pec-

197 5314 374 5363 ulatu.
405 5310 474 5365 Et
502 5312 603 5366 ille
634 5310 846 5380 quidem
882 5309 1161 5362 adumbrat
1188 5346 1202 5368 ,
1227 5310 1457 5376 Agrippa
1480 5321 1610 5359 vero
1629 5313 1774 5373 cupit

197 5391 326 5451 Illum
346 5399 554 5457 Videre.
607 5399 741 5456 Vide
768 5400 1039 5469 principes
1077 5411 1293 5465 semper
1324 5395 1651 5450 inimicitiam
1677 5395 1770 5449 Ju-

195 5486 381 5543 dsicam
411 5490 691 5560 repellere
714 5531 730 5557 ,
759 5499 816 5545 et
844 5499 1041 5559 praeter
1056 5487 1145 5557 jus
1171 5501 1315 5556 saepe
1342 5500 1502 5555 agere
1530 5485 1645 5554 cogi
1671 5526 1686 5551 ,
1712 5500 1774 5539 ac

197 5574 447 5634 dilationis
474 5595 652 5638 ansas
676 5597 915 5651 quaerere
948 5600 962 5633 :
999 5595 1103 5634 non
1131 5579 1275 5634 enim
1324 5577 1576 5647 ignorans
1623 5576 1773 5633 diffe-

198 5668 365 5735 rebat,
393 5673 492 5727 sed
518 5686 744 5742 gnarus.
793 5671 1027 5742 Agrippa
1061 5685 1190 5723 vero
1222 5686 1328 5725 non
1362 5667 1523 5721 modo
1550 5683 1654 5721 non
1688 5684 1770 5723 rc-

203 5758 355 5826 kllit,
378 5762 476 5817 sed
497 5771 557 5819 et
580 5762 769 5818 audire
789 5771 974 5832 optat:
1000 5760 1139 5831 quod
1162 5761 1515 5819 admiratione
1535 5758 1769 5829 dignum.

1190 365 1253 420 IN
1293 364 1469 419 ACTA
1513 361 2031 419 APOS'l'OLOllUlI.
2077 364 2305 420 llUlllL.
2348 366 2434 421 LI.

3298 378 3368 436 35
3382 382 3409 433 ι.

1831 474 1974 530 unde
2001 473 2052 529 in
2081 475 2405 531 desiderium
2430 479 2637 533 venerit
2661 479 2869 536 videndi
2895 482 3166 541 hominem
3192 502 3411 545 accusa.

1830 574 1940 619 tum
1969 567 2089 622 licet
2118 568 2334 638 injuste.
2368 569 2442 624 ita
2475 582 2526 625 et
2550 572 2651 628 hoc
2681 590 2775 643 per
2799 576 3187 644 providentiam
3216 580 3413 637 factum

1828 666 1929 710 est.
1970 656 2327 724 Quamobrem
2374 670 2429 715 et
2472 678 2607 717 uxor
2652 665 2768 734 ejus
2806 666 2960 721 simul
3010 670 3195 735 audit,
3245 688 3342 727 nec
3383 687 3414 728 a

1829 752 2089 804 concione
2119 752 2290 807 abest.
2324 754 2433 808 Nec
2460 755 2633 810 solum
2677 758 2860 823 audit,
2907 761 3000 815 sed
3040 776 3163 817 eum
3209 762 3415 820 honore

1829 855 2042 911 magno.
2073 842 2475 900 Talem‘babuit
2503 847 2853 917 cupiditatem
2882 869 2895 905 :
2921 867 3028 905 non
3056 854 3198 908 enim
3228 856 3415 911 audire

1831 934 2072 1002 petiisset
2098 976 2112 1000 ,
2144 935 2247 989 nisi
2280 935 2330 990 id
2358 946 2595 1005 aptasset
2619 982 2634 1005 ,
2687 956 2858 1010 neque
2884 944 3083 998 sociam
3111 946 3416 1003 admisisset

1831 1038 2090 1087 uxorem,
2122 1025 2225 1078 nisi
2254 1041 2507 1095 magnum
2556 1028 2827 1099 quidpiam
2880 1031 2948 1086 de
3002 1033 3092 1087 illo
3139 1036 3413 1091 sensisset.

1831 1110 2052 1167 Videtur
2078 1125 2256 1170 autem
2286 1115 2414 1171 mihi
2444 1118 2591 1173 illam
2637 1136 2849 1191 quoque
2899 1122 3013 1177 haec
3059 1125 3415 1182 desiderasse.

1834 1202 1898 1256 Et
1923 1203 2042 1257 vide
2070 1204 2288 1259 Paulum
2318 1208 2496 1262 statim
2522 1224 2628 1263 non
2655 1209 2721 1265 de
2750 1211 2854 1266 fide
2890 1213 3064 1267 solum
3117 1224 3172 1269 et
3215 1214 3283 1269 de
3327 1231 3419 1270 re-

1832 1295 2089 1350 missione
2119 1308 2458 1366 peccatorum
2486 1339 2499 1363 ,
2534 1300 2629 1355 sed
2659 1301 2822 1355 etiam
2874 1303 2942 1357 de
2990 1304 3151 1359 rebus
3198 1305 3420 1376 agendis

1833 1388 2205 1441 disserentem.
2237 1388 2341 1445 Sed
2371 1391 2615 1459 superius
2643 1393 2782 1447 dicta
2812 1405 3135 1463 repetamus.
3183 1395 3247 1450 In
3280 1413 3419 1466 pra:-

1834 1479 1987 1539 senti,
2015 1478 2185 1547 inquit
2210 1521 2224 1545 ,
2249 1479 2331 1533 ubi
2353 1496 2372 1544 ;
2391 1483 2817 1551 opportunitatem
2841 1494 3007 1537 autem
3032 1497 3228 1553 nactus,
3253 1504 3420 1541 accer-

1835 1587 1943 1623 sam
1970 1580 2034 1624 te.
2068 1570 2200 1628 Vide
2246 1574 2588 1627 cmcitatem:
2639 1573 2753 1628 haec
2799 1575 3023 1631 audiens
3071 1578 3319 1647 sperabat
3361 1595 3421 1634 se

1835 1663 2088 1730 pecunias
2107 1672 2449 1732 accepturum
2468 1664 2536 1719 ab
2563 1680 2647 1719 eo.
2671 1664 2737 1718 Et
2762 1682 2867 1719 non
2900 1667 3072 1719 solum
3100 1668 3198 1721 hoc
3219 1684 3379 1738 grave
3402 1686 3417 1735 ;

1837 1753 1929 1808 sed
1957 1755 2119 1808 etiam
2150 1755 2402 1823 loquutus
2430 1772 2551 1810 cum
2578 1770 2643 1810 eo
2668 1798 2683 1823 ,
2718 1772 2823 1811 non
2871 1757 3070 1813 dimisit
3118 1775 3280 1825 eum;
3328 1760 3421 1815 sed

1838 1844 1960 1913 quia
1992 1845 2043 1898 in
2077 1845 2409 1915 principatus
2437 1848 2595 1901 finem
2627 1859 2845 1904 venerat
2873 1890 2888 1914 ,
2919 1852 3134 1921 reliquit
3158 1868 3280 1907 eum
3310 1854 3425 1907 vin-

1838 1944 1981 1988 ctum
2008 1976 2023 1999 ,
2056 1946 2113 1988 ut
2138 1937 2531 2005 gratificaretur
2559 1938 2759 1995 Judzeis
2788 1958 2801 1993 :
2836 1941 3013 2012 itaque
3041 1959 3145 1997 non
3173 1945 3425 2013 pecunias

1840 2024 2001 2077 modo
2028 2067 2041 2090 ,
2071 2026 2164 2079 sed
2197 2036 2251 2079 et
2277 2027 2503 2097 gloriam
2533 2030 2798 2099 cupiebat.
2855 2031 2965 2085 Cur
2988 2073 3003 2097 ,
3033 2034 3257 2089 sceleste
3276 2076 3291 2100 ,
3334 2050 3426 2106 pe-

1841 2115 2026 2167 cunias
2050 2115 2251 2183 quaeris
2275 2130 2305 2169 a
2332 2117 2448 2170 viro
2488 2118 2815 2172 contrarium
2859 2121 3180 2189 praedicante
3209 2123 3232 2176 ἲ
3272 2124 3424 2191 Quod

1841 2214 2020 2258 autem
2049 2220 2152 2258 non
2180 2207 2479 2275 receperit,
2506 2208 2676 2277 palam
2698 2220 2780 2264 est
2806 2225 2871 2264 ex
2893 2225 2959 2266 eo
2982 2252 2999 2279 ,
3026 2212 3166 2281 quod
3193 2214 3424 2267 vinctum

1844 2295 2157 2364 reliquerit,
2186 2297 2461 2352 soluturus
2507 2300 2553 2353 si
2595 2302 2913 2370 accepisset.
2965 2304 3040 2359 De
3075 2308 3425 2375 temperantia

1847 2386 1932 2440 liic
1962 2386 2265 2457 disputabat
2290 2427 2306 2453 ,
2336 2398 2388 2442 et
2420 2389 2507 2445 ille
2535 2406 2563 2442 a
2599 2391 2715 2444 viro
2747 2393 2868 2446 talia
2900 2393 3152 2464 loquente
3180 2397 3428 2465 sperabat

1845 2491 1906 2531 se
1932 2478 2210 2545 pecuniam
2237 2489 2602 2547 accepturum.
2645 2481 2712 2535 Et
2741 2491 2926 2551 petere
2951 2484 3166 2554 quidem
3195 2501 3301 2541 non
3330 2501 3430 2542 au-

1846 2568 2007 2625 debat
2040 2588 2053 2624 :
2084 2570 2205 2625 talis
2230 2572 2427 2642 quippe
2454 2582 2537 2627 est
2563 2573 2786 2638 malitia,
2812 2574 2886 2647 (a)
2919 2574 3126 2648 [timida
3157 2594 3349 2650 nempe
3376 2591 3433 2635 et

1847 2663 2027 2716 omnia
2048 2672 2294 2733 suspecta
2317 2663 2576 2737 habens];
2607 2666 2858 2734 sperabat
2878 2677 3092 2725 autem:
3116 2670 3294 2741 itaque
3310 2670 3433 2740 jure

1850 2754 1955 2807 illis
1983 2755 2382 2824 gratificabatur
2406 2798 2420 2819 ,
2454 2768 2637 2825 utpote
2662 2759 2751 2827 qui
2781 2759 2852 2813 ibi
2885 2769 3032 2815 tanto
3059 2771 3299 2831 tempore
3328 2763 3445 2817 im-e

1852 2853 2110 2912 perasset.
2139 2844 2310 2913 Igitur
2337 2845 2549 2900 Festum
2570 2888 2584 2910 ,
2618 2848 2701 2900 ubi
2746 2849 3061 2918 provinciam
3095 2853 3430 2922 suscepisset,

1852 2939 2086 2991 adierunt
2131 2939 2384 3009 principes
2440 2940 2761 2993 sacerdotum
2804 2950 2851 2993 et
2894 2942 3044 3011 primi
3090 2940 3389 2998 Iudaeorum
3416 2985 3430 3009 ,

1852 3028 2110 3083 adversus
2134 3028 2351 3083 Paulum
2378 3070 2393 3094 ,
2419 3029 2608 3098 inquit.
2634 3029 2823 3084 Statim
2842 3038 2899 3085 et
2922 3046 2952 3085 a
2976 3032 3236 3103 principio
3253 3050 3435 3090 acces~

1853 3127 2041 3174 serunt
2065 3118 2412 3183 sacerdotes,
2452 3120 2541 3189 qui
2593 3135 2699 3175 non
2744 3122 2950 3191 gravati
2991 3122 3217 3179 fuissent
3253 3124 3435 3178 Caesa-

1855 3226 2001 3267 ream
2030 3212 2211 3266 venire
2237 3252 2252 3276 ,
2285 3211 2384 3264 nisi
2416 3212 2768 3280 prmvenisset
2793 3212 3014 3267 veniens
3042 3212 3129 3269 ille
3154 3255 3171 3280 ,
3193 3214 3437 3284 quando-

1855 3302 2073 3374 quidem
2095 3302 2185 3357 ubi
2206 3300 2461 3368 advenit,
2495 3302 2672 3357 statim
2718 3303 2864 3358 illum
2908 3303 3172 3359 adierunt.
3208 3304 3276 3360 Et
3324 3324 3438 3360 cum

1856 3393 2193 3450 descendisset
2244 3392 2527 3448 Ctesaream
2550 3434 2566 3460 ,
2623 3394 2917 3448 morabatur
2968 3394 3037 3448 ibi
3089 3395 3260 3450 decem
3310 3398 3436 3450 dies.

1858 3486 2021 3542 Forte
2042 3527 2060 3553 ,
2087 3486 2280 3556 opinor
2300 3526 2317 3551 ,
2346 3493 2405 3538 ut
2435 3495 2701 3554 prostat-et
2726 3485 2805 3539 eis
2829 3526 2845 3551 ,
2891 3487 2982 3557 qui
3020 3486 3223 3542 vellent
3267 3489 3439 3558 ipsum

1859 3589 2224 3644 corrumpere.
2250 3574 2444 3630 Paulus
2464 3589 2594 3630 vero
2618 3584 2735 3629 erat
2764 3576 2815 3629 in
2843 3590 3082 3633 carcere.
3110 3576 3177 3631 Et
3197 3582 3442 3650 rogabant

1861 3683 1975 3721 eum
1998 3706 2013 3731 ,
2046 3664 2253 3735 inquit,
2280 3674 2334 3717 ut
2363 3665 2531 3734 ipsum
2562 3666 2916 3721 transmitteret
2951 3667 3004 3720 in
3031 3666 3333 3723 Jerusalem.
3380 3670 3443 3724 Et

1860 3772 1959 3811 cur
1988 3757 2211 3827 gratiam
2242 3757 2531 3825 petierunt,
2575 3756 2619 3810 si
2646 3756 2849 3825 justum
2880 3766 2995 3812 erat
3023 3766 3081 3813 ut
3107 3761 3445 3815 moreretur?

1864 3851 1970 3907 Sed
2005 3854 2072 3907 ita
2102 3853 2177 3907 illi
2216 3853 2512 3910 manifesta:
2552 3856 2765 3911 fuerunt
2803 3855 3048 3921 insidiae,
3098 3865 3157 3911 ut
3199 3857 3444 3913 diceret:

1876 3940 1984 3997 Viri
2006 3944 2091 4014 qui
2120 3954 2386 4013 prementes
2411 3945 2711 4011 estis,videte
2739 3945 2875 3998 hunc
2897 3984 2913 4008 ,
2939 3946 3002 3998 de
3039 3961 3139 4013 quo
3177 3946 3447 4001 multitudo

1866 4034 2169 4089 Judtrorum
2210 4051 2289 4090 me
2331 4033 2688 4104 interpellavit.
2739 4035 2841 4090 Per
2885 4035 3015 4089 illud
3055 4036 3241 4102 enim,
3281 4035 3447 4089 Inter-

1868 4126 2106 4196 pellavit,
2156 4127 2379 4195 gratiam
2429 4133 2615 4180 contra
2671 4124 2823 4179 illum
2891 4124 3111 4193 petiisse
3161 4124 3445 4194 significat.

1869 4217 2049 4289 Itaque
2108 4218 2217 4287 jam
2269 4217 2519 4273 volebant
2567 4217 2713 4272 illum
2768 4216 2835 4272 ad
2894 4217 3215 4273 sententiam
3265 4216 3447 4272 feren-

1868 4310 1990 4365 dam
2040 4310 2326 4375 inducere,
2365 4309 2596 4378 linguam
2636 4308 2786 4363 Pauli
2830 4308 3098 4363 timentes.
3129 4306 3267 4375 Quid
3296 4309 3450 4363 time-

1871 4401 1979 4456 tis?
2006 4400 2131 4469 quid
2169 4399 2473 4455 festinatis?
2500 4400 2679 4453 Palam
2706 4408 2790 4454 est
2815 4398 2966 4453 illum
2988 4397 3267 4453 custodiri.
3312 4396 3449 4453 Num

1872 4492 2077 4562 fugiet?
2101 4492 2201 4557 Qui
2220 4508 2338 4562 ergo
2362 4492 2413 4544 in
2439 4492 2575 4545 vobis
2599 4532 2614 4553 ,
2638 4491 2847 4560 inquit,
2873 4499 3096 4558 potentes
3120 4498 3236 4543 sunt
3261 4531 3276 4553 ,
3305 4505 3452 4542 accu-

1869 4591 1978 4635 sent
2006 4580 2172 4635 illum.
2206 4580 2438 4635 Rursum
2466 4592 2808 4635 accusatores
2828 4579 3092 4635 Ctesarea:
3114 4619 3131 4644 ,
3162 4588 3217 4633 et
3243 4594 3451 4633 rursum

1871 4673 2118 4726 educitur
2163 4671 2380 4726 Paulus.
2430 4671 2668 4741 Sequenti
2710 4671 2793 4724 die
2819 4711 2835 4735 ,
2880 4670 3091 4739 inquit,
3135 4670 3314 4723 sedens
3360 4685 3454 4735 pro

1872 4763 2134 4816 tribunali.

1944 4855 2000 4909 3.
2045 4853 2209 4916 Vide,
2256 4852 2436 4907 statim
2485 4852 2703 4906 veniens
2747 4850 2886 4905 sedit
2927 4866 3024 4919 pro
3069 4847 3454 4902 tribunali:sic

1877 4945 2026 5000 illum
2079 4954 2134 4997 et
2186 4959 2307 4997 cum
2362 4952 2511 4998 tanto
2571 4942 2748 4995 studio
2803 4938 3168 5009 impellebant,
3224 4938 3302 4990 sic
3360 4952 3453 4990 ur-

1876 5039 2090 5107 gebant.
2135 5033 2399 5101 Quamdiu
2446 5048 2575 5101 ergo
2628 5031 2863 5086 nondum
2907 5037 3158 5097 expertus
3204 5036 3315 5081 erat
3356 5026 3456 5081 Ju-

1878 5130 2023 5183 daeos
2068 5136 2123 5181 et
2170 5127 2428 5180 honorem
2480 5124 2714 5188 illorum,
2746 5130 2891 5175 recte
2949 5118 3255 5189 respondit;
3305 5130 3454 5187 post-

1877 5238 2034 5294 quam
2082 5229 2260 5274 autem
2313 5218 2457 5271 venit
2502 5214 2913 5284 JeroSolymam,
2948 5212 3034 5267 hic
3079 5226 3291 5281 quoque
3334 5226 3455 5281 gra-

1881 5315 2108 5368 tiliCatur
2160 5312 2297 5375 illis;
2357 5308 2451 5363 sed
2504 5323 2626 5363 cum
2673 5306 2802 5360 dolo
2850 5306 2951 5361 hoc
3006 5304 3165 5370 facit;
3213 5314 3267 5358 et
3318 5320 3453 5374 quov

1881 5405 2037 5461 modo
2057 5448 2071 5470 ,
2112 5403 2235 5457 audi
2264 5420 2277 5457 :
2306 5401 2450 5455 addit
2474 5401 2616 5455 enim
2645 5417 2659 5453 :
2693 5397 2841 5453 Visne
2875 5397 3247 5468 Jerosolymam
3277 5411 3457 5450 ascen-

1879 5499 2021 5565 dens,
2050 5497 2153 5551 illic
2179 5495 2242 5549 de
2264 5494 2343 5548 Itis
2356 5492 2585 5564 judicari
2603 5510 2633 5543 ιι
2658 5490 2775 5545 me?
2804 5493 2879 5544 Ac
2902 5489 2943 5543 si
2965 5488 3190 5555 diceret,
3214 5488 3324 5542 Non
3351 5486 3455 5539 illis

1882 5601 1933 5647 te
1975 5588 2127 5645 trado
2152 5630 2167 5655 ,
2214 5586 2307 5642 sed
2351 5586 2463 5656 ipse
2485 5583 2647 5654 judex
2689 5597 2801 5637 ero.
2833 5580 2945 5637 Hoc
2979 5595 3104 5635 vero
3133 5577 3298 5641 dicit,
3343 5587 3452 5626 rem

1947 5768 2018 5829 (rt)
2052 5776 2163 5825 Qua:
2189 5766 2378 5815 uncinis
2402 5759 2711 5821 clauduntur,
2729 5758 2903 5807 absunt
2919 5768 2946 5804 a
2968 5746 3266 5815 quibusdam.
