3920 6224
554 316 661 370 355

557 433 700 486 illius
726 427 948 483 arbitrio
972 423 1306 496 permittens,
1336 431 1392 476 ut
1419 420 1519 475 hoc
1543 420 1744 474 honore
1764 417 1936 486 ipsum
1957 415 2140 470 allice~

560 535 676 583 ret;
706 523 828 590 quia
860 521 904 573 si
940 521 1041 571 hoc
1085 517 1437 584 imperasset,
1479 509 1633 564 valde
1663 507 1943 578 impudens
1971 505 2147 561 visum

560 586 778 677 fuissent,
820 627 943 667 eum
990 611 1078 680 qui
1117 608 1273 663 isthic
1315 605 1592 666 convictus
1641 619 1746 658 non
1793 602 2014 668 luisset,
2053 600 2144 654 illo

557 704 844 758 abducere.

634 791 789 847 Pauli
830 790 1065 858 loquendi
1104 786 1315 856 fiducia.
1339 785 1630 840 ——Paulus
1670 799 1800 838 vero
1837 798 1944 837 nou
1987 781 2146 846 dixit,

562 886 698 941 Nolo
723 902 738 934 :
762 899 827 937 ne
854 881 1304 935 vehementiorem
1332 877 1577 932 redderet
1603 876 1865 945 judicem;
1896 874 1988 929 sed
2022 891 2142 929 rur-

561 993 679 1030 sum
727 973 892 1027 libere
922 972 1158 1039 loquitur
1185 969 1268 1022 his
1292 968 1503 1023 verbis:
1528 967 1656 1021 Ante
1681 964 1903 1020 tribunal
1928 964 2144 1021 Ctesaris

561 1077 637 1120 sto
661 1082 678 1118 :
699 1065 767 1116 ibi
791 1079 868 1115 me
886 1071 1080 1132 oportet
1089 1059 1336 1130 judicari.
1362 1058 1547 1128 Magna
1572 1057 1818 1127 loquendi
1845 1056 2054 1110 ﬁducia.
2078 1054 2147 1110 Et

557 1155 676 1209 vide
694 1151 962 1220 quomodo
984 1152 1103 1205 illos
1126 1150 1407 1204 ratiocinio
1427 1149 1570 1219 capit
1591 1165 1605 1202 :
1625 1149 1773 1219 quasi
1798 1148 2046 1200 nimirum
2068 1148 2148 1201 sic

556 1260 653 1316 pro
673 1243 984 1298 defensione
1012 1258 1106 1295 sua
1131 1244 1398 1312 loquatur.
1422 1239 1503 1294 Me
1533 1240 1606 1294 illi
1638 1239 1804 1294 semel
1835 1239 2146 1308 ejecerunt,

559 1347 613 1390 ct
644 1334 769 1388 hinc
797 1349 882 1387 tne
912 1331 1271 1386 damnandum
1303 1340 1519 1400 putant,
1565 1332 1706 1399 quod
1745 1330 2030 1386 ostendant
2059 1345 2146 1385 me

561 1427 613 1480 in
657 1423 924 1479 Ca-sarem
957 1438 1245 1493 peccasse:
1271 1423 1409 1491 apud
1441 1424 1590 1476 illum
1625 1424 1795 1493 ipsum
1821 1465 1836 1487 ,
1865 1424 1952 1492 qui
1984 1424 2144 1478 laesus

560 1525 676 1581 est,
714 1515 940 1585 judicari
971 1516 1110 1569 volo.
1144 1515 1238 1569 llis
1264 1514 1420 1569 dictis
1448 1514 1720 1585 subjungit
1743 1531 1756 1567 :
1779 1514 1978 1570 Judwis
2017 1517 2146 1571 nihil

560 1607 710 1662 nocui
729 1648 744 1671 ,
777 1616 831 1658 ut
859 1608 1011 1657 etiam
1041 1616 1094 1658 tu
1121 1606 1302 1658 melius
1332 1607 1480 1659 nosti.
1515 1605 1828 1674 Pcrstringit
1862 1607 2006 1659 illum
2033 1604 2144 1674 jam

565 1696 716 1767 quasi
757 1694 954 1750 Judwis
997 1696 1403 1764 gratilicantem.
1458 1694 1658 1749 Deinde
1705 1707 1980 1765 postquam
2027 1711 2146 1766 per-

562 1788 892 1852 strinxerat,
926 1802 1110 1841 rursus
1141 1786 1302 1840 solvit
1331 1801 1634 1841 sermonem
1659 1828 1674 1851 ,
1705 1787 1941 1842 addens:
1964 1787 2146 1858 Itaque

555 1881 602 1932 si
635 1880 837 1947 quidem
874 1879 1061 1949 injuste
1100 1878 1210 1949 egi,
1253 1876 1333 1931 vel
1372 1877 1581 1948 dignum
1607 1878 1803 1949 aliquid
1833 1890 1990 1933 morte
2013 1881 2141 1951 feci,

559 1986 659 2023 non
686 1985 861 2024 recuso
889 1969 1038 2022 mori.
1066 1968 1260 2024 Contra
1292 1983 1380 2023 me
1410 1970 1727 2023 sententiam
1763 1970 1878 2024 fero
1897 2013 1913 2034 ,
1955 1971 2147 2041 inquit.

557 2060 673 2114 lloc
704 2076 810 2114 non
846 2068 928 2115 est
953 2075 1074 2114 sese
1099 2059 1393 2114 occidentis
1412 2101 1429 2124 ,
1456 2059 1550 2115 sed
1579 2061 1734 2115 valde
1758 2061 1915 2116 dictis
1943 2069 2053 2117 suis
2085 2065 2144 2116 ﬁ-

557 2148 732 2203 dentis
751 2165 764 2202 :
780 2163 898 2200 nam
920 2163 1039 2202 cum
1061 2147 1308 2218 loquendi
1335 2148 1523 2202 ﬁducia
1546 2149 1705 2214 adsit,
1721 2153 2146 2220 Oportetjustitia

559 2239 624 2294 ad
652 2238 1055 2292 confutandum.
1090 2238 1153 2294 Si
1191 2249 1358 2293 autem
1398 2239 1528 2293 nihil
1553 2251 1624 2294 est
1647 2257 1817 2294 eorum
1836 2284 1851 2309 ,
1880 2242 1943 2295 de
1969 2243 2147 2313 quibus

557 2330 636 2383 illi
661 2340 935 2397 accusant,
973 2345 1119 2382 nemo
1157 2338 1314 2399 potest
1353 2345 1430 2383 me
1475 2330 1687 2385 donare.
1729 2331 1952 2386 Etiamsi
1981 2333 2144 2397 velit,

558 2421 764 2490 inquit,
799 2435 904 2472 non
937 2420 1150 2487 poterit.
1183 2419 1298 2473 Non
1325 2419 1456 2474 dixit
1479 2460 1494 2484 ,
1541 2419 1654 2474 Non
1684 2421 1877 2491 dignus
1906 2438 2024 2476 sum
2053 2425 2144 2493 qui

557 2510 778 2573 moriar,
809 2524 1000 2578 neque,
1032 2509 1130 2575 Qui
1155 2509 1435 2575 absolvar;
1466 2511 1582 2575 sed,
1613 2512 1836 2567 Paratus
1863 2530 1979 2568 sum
2005 2513 2146 2584 judi-

558 2601 668 2653 cari
709 2600 845 2669 apud
874 2600 1141 2655 Cmsarem
1170 2619 1183 2654 :
1208 2601 1363 2654 simul
1401 2603 1592 2656 somnii
1624 2619 1858 2670 memor,
1896 2605 2146 2662 ﬁdentius

561 2700 831 2760 provocat.
865 2690 1048 2759 Neque
1087 2690 1220 2745 dixit
1240 2731 1254 2754 ,
1287 2691 1366 2745 Tu
1387 2734 1404 2758 ,
1434 2692 1560 2757 sed,
1596 2693 1800 2759 Nemo;
1829 2707 1879 2750 et
1909 2697 2143 2763 addidit,

561 2781 814 2838 Cwsarem
832 2780 1057 2852 appello,
1082 2798 1149 2837 ne
1172 2782 1243 2836 illi
1262 2785 1644 2838 mutumcliam
1667 2785 1862 2841 inferre
1881 2788 2141 2845 videatur.

562 2873 703 2928 Tunc
753 2872 936 2927 Festus
980 2873 1214 2942 loquutus
1256 2891 1371 2928 cum
1423 2877 1637 2930 concilio
1685 2878 1813 2932 dixit
1849 2895 1867 2931 :
1895 2878 2144 2934 Ctesarem

560 2967 873 3036 appellasti;
899 2965 968 3017 ad
995 2964 1242 3020 Caesarem
1267 2966 1380 3020 ibis.
1416 2967 1659 3022 Vidistin‘
1686 2970 1952 3037 quomodo
1978 2972 2143 3040 grati~

562 3056 783 3109 ﬁcetur?
821 3055 1000 3110 Gratia
1031 3056 1172 3110 enim
1216 3065 1365 3121 erat,
1406 3059 1634 3128 colloqui
1674 3075 1793 3113 cum
1825 3064 2146 3117 accusatori-

560 3147 660 3200 bus
679 3187 694 3212 ,
727 3146 866 3216 quod
894 3156 977 3202 est
1004 3150 1237 3215 corrupti
1265 3148 1463 3213 animi,
1493 3158 1548 3202 et
1586 3149 1827 3205 ordinem
1863 3152 2140 3208 turbantis.

565 3237 700 3292 Vide
729 3238 918 3290 iterum
951 3237 1091 3291 illius
1123 3248 1462 3308 prorogatum
1505 3239 1796 3308 judicium,
1835 3253 1890 3296 et
1927 3243 2144 3299 insidias

562 3327 956 3399 pra-dicationis
991 3329 1327 3383 occasionem
1369 3328 1556 3384 factas.
1597 3330 1724 3387 llaec
1759 3333 1901 3386 enim
1931 3333 2145 3402 dispen-

561 3429 767 3482 snntur,
800 3429 854 3471 ut
884 3418 1036 3473 facile
1063 3429 1114 3472 et
1145 3434 1264 3472 cum
1288 3421 1530 3475 custodia
1557 3421 1949 3494 Jerosolymam
1976 3425 2142 3478 addu-

560 3523 734 3571 catur,
779 3510 991 3562 nemine
1037 3510 1320 3564 insidiante
1345 3529 1357 3562 :
1385 3527 1488 3564 non
1528 3512 1666 3566 idem
1707 3524 1822 3568 erat
1857 3515 1979 3570 illuc
2016 3518 2143 3572 situ-

563 3599 768 3668 pliciter
790 3598 1096 3664 adventare,
1120 3610 1310 3652 etcum
1338 3601 1427 3654 tali
1448 3617 1604 3656 causa
1629 3604 1830 3659 venire.
1850 3605 1963 3660 Hoc
1982 3607 2140 3661 etiam

564 3689 612 3739 id
642 3685 817 3740 ell'ccit
838 3729 851 3750 ,
883 3696 940 3740 ttt
967 3687 1134 3741 Juda-i
1168 3689 1289 3742 illuc
1317 3692 1686 3748 convenirent.
1723 3694 1920 3751 Deinde
1951 3695 2140 3750 iterum

565 3793 728 3830 morte
754 3787 897 3843 sunt,
921 3778 1046 3832 dum
1075 3779 1163 3832 ille
1185 3779 1536 3852 Jerosolymis
1565 3795 1806 3840 versatur
1829 3805 1841 3840 :
1867 3797 1926 3840 ut
1945 3789 2140 3854 discas,

560 3868 720 3920 etiam
739 3883 858 3921 cum
879 3877 1085 3937 tempus
1103 3881 1263 3934 esset,
1287 3873 1503 3928 insidias
1527 3877 1812 3943 prmvalere
1835 3896 1938 3932 non
1963 3896 2139 3949 posse,

563 3957 672 4012 Deo
702 3974 806 4011 non
833 3959 1178 4014 Concedeute.
1205 3962 1432 4033 Agrippa
1455 3975 1622 4020 autem
1653 3968 1734 4019 Itic
1755 3985 1842 4021 rex
1867 3980 1913 4021 et
1933 3968 2144 4022 Bernice

561 4049 925 4103 descenderunt
957 4049 1260 4105 Cwsaream.
1307 4054 1402 4108 ilic
1429 4055 1660 4125 Agrippa
1682 4098 1696 4120 ,
1729 4060 1815 4125 qui
1846 4060 2005 4112 etiam
2041 4061 2142 4114 lle-

557 4141 739 4208 mdes,
795 4144 931 4198 alius
977 4151 1059 4196 est
1111 4153 1232 4211 post
1283 4159 1404 4198 eum
1457 4147 1545 4214 qui
1599 4146 1853 4202 Jacobum
1907 4150 2138 4216 occidit,

557 4241 615 4285 ut
663 4232 732 4284 sit
784 4245 1024 4301 quartus.
1085 4233 1216 4287 Vide
1273 4235 1515 4289 inimicos
1555 4237 1640 4292 vel
1680 4239 1871 4293 invitos
1927 4245 2143 4311 conspi-

559 4337 699 4375 rare.
758 4321 828 4376 Ut
868 4337 995 4375 vero
1036 4337 1226 4390 magna
1270 4323 1568 4378 auditorum
1615 4327 1906 4397 frequentia
1952 4344 2138 4398 esset,

559 4411 612 4462 in
653 4409 980 4463 desiderium
1028 4411 1212 4465 incidit
1253 4413 1482 4482 Agrippa
1524 4415 1692 4484 ipsum
1731 4419 1978 4475 audiendi
2005 4442 2017 4477 :
2045 4442 2142 4481 nec

558 4512 847 4570 utcumque
876 4501 1094 4566 audivit,
1125 4503 1219 4557 sed
1261 4519 1380 4558 cum
1409 4518 1688 4577 apparatu.
1717 4511 1782 4566 Et
1810 4513 1932 4569 vide
1957 4515 2144 4570 deleu-

555 4593 786 4658 sionem,
817 4609 971 4661 quam
1006 4611 1205 4663 prazses
1231 4598 1432 4666 profert
1456 4619 1469 4653 :
1491 4598 1617 4655 Cum
1641 4615 1806 4657 autem
1836 4607 1943 4676 ipse
1966 4612 2142 4679 appel-

557 4682 708 4738 lasset
740 4685 807 4737 ad
831 4686 1130 4756 Angustum,
1150 4691 1380 4760 judicavi
1400 4693 1593 4748 mittere
1615 4695 1758 4749 illum
1783 4713 1801 4750 .'
1818 4700 1881 4750 de
1906 4718 2003 4766 quo
2024 4705 2144 4770 quid

555 4790 749 4834 eertum
777 4781 991 4834 scribant
1022 4783 1246 4848 domino,
1279 4800 1378 4837 non
1407 4785 1584 4839 habeo.
1607 4785 1698 4841 Sic
1723 4791 1905 4843 scribit
1933 4791 2140 4857 Festus,

556 4878 612 4922 et
636 4870 927 4924 traducitur
941 4871 1158 4926 Judaica
1173 4873 1461 4928 crudelitas
1483 4893 1495 4927 :
1515 4892 1635 4931 cum
1657 4879 1797 4932 enim
1821 4879 1920 4935 hoc
1945 4899 2140 4951 prtcscs

555 4960 720 5027 dit-at,
752 4974 1054 5032 suspectum
1085 4981 1190 5019 non
1222 4974 1323 5020 est.
1359 4965 1485 5022 ldeo
1515 4976 1693 5023 autem
1719 4969 1864 5035 dicit,
1899 4983 1956 5026 ut
1982 4974 2049 5028 ab
2077 4991 2141 5028 eo

563 5052 678 5112 ipso
699 5051 1022 5107 damnentur
1046 5054 1212 5109 Juda-i
1242 5077 1254 5110 :
1282 5067 1559 5128 postquam
1591 5070 1766 5114 autem
1795 5079 1980 5116 oumes
2007 5079 2140 5118 cou-

563 5139 884 5194 tlenmarunt
901 5146 1061 5212 ipsos.
1079 5156 1202 5199 tunc
1221 5148 1472 5203 ultionem
1489 5150 1720 5205 immittit
1737 5153 1894 5207 Deus.
1907 5155 2139 5209 Observa

566 5235 743 5290 autem
768 5246 781 5282 :
806 5231 1074 5284 damnavit
1106 5234 1290 5306 Lysias
1315 5278 1329 5300 ,
1361 5238 1632 5294 damnavit
1661 5241 1806 5296 Felix
1827 5285 1842 5307 ,
1871 5245 2140 5300 damnavit

570 5313 759 5379 Festus
781 5330 835 5372 et
862 5322 893 5372 ii
915 5325 1000 5389 qui
1026 5327 1457 5391 gratiﬁeabautur
1477 5334 1574 5394 eis,
1600 5333 1864 5388 damnavit
1887 5339 2136 5408 Agrippa.

568 5404 705 5472 Quid
747 5409 921 5460 ultra?
963 5414 1357 5470 liamnaverunt
1403 5437 1497 5474 eos
1543 5423 1639 5492 ipsi
1683 5404 1955 5482 Pharis-ri:
1989 5404 2139 5498 Quod

563 5495 654 5551 ille
681 5497 1040 5566 damnaverit,
1074 5505 1192 5558 audi
1225 5507 1394 5576 ipsutn
1433 5512 1696 5569 dicentem
1725 5534 1737 5569 :
1764 5515 1980 5572 Nullam
2014 5495 2142 5575 ean-

568 5602 678 5656 sum
703 5588 1008 5657 deferebant,
1033 5608 1094 5646 ea:
1117 5598 1294 5663 quibus
1315 5617 1405 5670 ego
1430 5606 1744 5674 suspicabar.
1769 5607 1926 5664 Certe
1947 5616 2141 5668 attule-

570 5690 718 5746 runt,
739 5678 832 5733 scd
855 5695 964 5740 non
982 5688 1330 5744 convicerunt
1353 5710 1365 5745 :
1387 5694 1591 5750 insidia:
1615 5714 1843 5770 namque
1863 5712 1916 5756 ct
1938 5703 2142 5759 facinus

1283 305 1340 363 S.
1379 304 1654 363 JOANNIS
1690 301 2164 361 CHRYSOSTOMI
2205 304 2518 361 ARCHIEP.
2547 306 3077 365 CONSTANTINOP.
3716 316 3808 368 33:6

2253 417 2390 470 hanc
2424 419 2782 488 suspicionem
2825 422 3125 490 pariebant,
3167 422 3440 492 inquisitio
3480 439 3654 478 autem
3695 429 3807 478 uihd

2253 508 2380 562 tale.
2415 505 2479 561 Et
2509 509 2572 563 de
2595 513 2814 582 quodam
2838 511 2984 576 Iesu,
3020 513 3211 580 inquit,
3243 514 3504 583 defuncto.
3531 511 3654 568 .lurc
3681 517 3811 576 dicit,

2250 597 2331 654 De
2359 603 2612 670 quodam,
2653 614 2836 673 utpote
2866 605 2953 672 qui
2987 607 3351 674 magistratum
3383 616 3623 672 gerctet,
3663 624 3816 675 neque

2253 689 2371 745 lucc
2397 704 2629 750 curaret.
2661 695 2865 749 Eadem
2890 696 2957 749 de
2986 711 3145 749 causa
3175 696 3340 751 dicit:
3375 696 3632 751 Ha’sitans
3654 716 3738 768 ego
3763 703 3816 754 de

2251 784 2543 854 hujusmodi
2570 790 2862 856 quaestione.
2895 790 3104 844 Etenim
3138 791 3322 843 talium
3355 808 3531 845 rerum
3564 793 3814 861 inquisitio

2252 876 2369 930 talis
2391 876 2588 946 judicis
2612 895 2768 935 aures
2797 897 2922 934 vere
2950 881 3378 936 transcendebat.
3412 883 3480 936 Et
3508 885 3551 936 si
3585 884 3810 950 Ita-sitas,

2249 984 2346 1023 cur
2373 968 2766 1043 .Ierosolymam
2798 972 2998 1027 trahis?
3029 973 3152 1029 ldco
3195 974 3387 1028 Paulus
3430 975 3547 1043 ejus
3578 977 3811 1040 judicium

2249 1060 2576 1129 detrectans,
2605 1063 2979 1136 Gesaremquc
2999 1067 3291 1136 appellans,
3319 1067 3447 1122 dicit
3471 1086 3482 1120 :
3509 1070 3588 1122 Ad
3615 1071 3813 1126 tribunal

2251 1151 2465 1207 Ctesaris
2501 1164 2604 1219 sto,
2643 1156 2726 1208 ubi
2763 1173 2842 1209 me
2877 1167 3066 1226 oportet
3096 1158 3322 1227 judicari
3342 1175 3362 1223 ;
3390 1161 3586 1214 etenim
3628 1163 3694 1214 de
3732 1165 3814 1218 hoc

2248 1245 2592 1300 accusabant.
2627 1248 2794 1304 Audis
2823 1251 3277 1318 appellationem?
3303 1253 3461 1307 audis
3488 1255 3707 1309 insidias
3733 1257 3811 1310 Ju-

2247 1333 2518 1388 dtcorum?
2544 1338 2695 1392 audis
2721 1340 3075 1395 seditionem?

2317 1424 2370 1479 ι.
2408 1425 2530 1480 Ιιιιιο
2567 1429 2744 1482 omnia
2783 1432 3067 1501 Agrippam
3108 1433 3174 1486 ad
3213 1432 3463 1489 audiendi
3502 1435 3814 1493 desiderium

2247 1518 2602 1572 concitarunt.
2643 1520 2712 1574 Et
2750 1520 2841 1575 dat
2888 1521 3078 1578 Festus
3125 1525 3386 1593 gratiam,
3435 1536 3490 1582 et
3541 1529 3598 1582 ﬁt
3650 1542 3816 1599 postea

2250 1607 2444 1662 Paulus
2464 1610 2678 1665 clarior.
2708 1613 2891 1679 Talia,
2936 1625 2990 1668 ut
3033 1616 3178 1682 disi,
3220 1619 3424 1672 insidiae
3453 1623 3812 1678 conciliaram.

2248 1698 2303 1752 Si
2336 1701 2450 1755 hare
2481 1718 2588 1756 non
2615 1703 2876 1773 fuissent,
2907 1709 3088 1762 nullus
3115 1712 3414 1779 principum
3447 1714 3620 1782 ipsum
3651 1717 3818 1771 audire

2247 1790 2495 1858 dignatus
2523 1803 2704 1858 esset,
2732 1797 2909 1852 nullus
2933 1814 3054 1851 cum
3093 1809 3240 1853 tanto
3269 1802 3499 1858 silentio.
3534 1805 3601 1860 Et.
3626 1807 3816 1861 videtur

2247 1882 2461 1949 quidem
2492 1884 2579 1939 ille
2601 1885 2798 1942 docere
2822 1899 2876 1943 et
2903 1905 3024 1945 sese
3050 1891 3362 1961 defendere,
3387 1895 3482 1950 sed
3510 1898 3691 1965 potius
3710 1915 3814 1954 cum

2247 1975 2506 2046 dignitate
2544 1995 2733 2048 magna
2763 1984 3131 2041 concinnatur.
3173 1985 3250 2041 Ne
3276 2003 3404 2058 ergo
3431 1998 3684 2059 putemus
3716 2008 3814 2047 rem

2246 2083 2461 2138 gravem
2491 2071 2712 2126 insidias
2727 2073 2878 2128 esse.

2319 2157 2486 2213 Nemo
2515 2160 2715 2215 lauiitur
2752 2165 2849 2218 nisi
2885 2183 2918 2219 a
2955 2167 3139 2233 seipse.
3166 2165 3420 2236 Ropiuam
3449 2171 3814 2227 insectatur.—

2248 2247 2408 2304 Modo
2446 2251 2600 2305 nobis
2628 2253 2758 2320 ipsis
2789 2271 2894 2308 non
2935 2257 3245 2312 insidientur
3267 2299 3284 2324 ,
3326 2276 3484 2316 nemo
3513 2264 3672 2318 nobis
3699 2265 3814 2318 insi-

2248 2341 2380 2396 diari
2399 2345 2624 2410 poterit;
2645 2345 2750 2398 imo
2767 2345 3086 2402 insidiantur
3101 2350 3336 2418 qu‘detn,
3355 2351 3445 2405 sed
3464 2353 3594 2408 nihil
3615 2368 3814 2418 uocem,

2249 2431 2341 2485 sed
2375 2434 2608 2488 maxime
2651 2433 2891 2502 prosunt.
2938 2437 3120 2508 itaque
3148 2455 3314 2509 penes
3341 2457 3440 2496 nos
3465 2451 3577 2507 est,
3612 2455 3662 2499 et
3689 2446 3816 2498 malo

2249 2521 2387 2575 δαὶς-ἰ
2429 2533 2480 2578 et
2521 2541 2625 2578 non
2654 2524 2815 2579 allici.
2845 2526 2983 2582 Ecce
3014 2529 3270 2585 testiﬁcor
3296 2539 3351 2584 et
3379 2549 3563 2602 magna
3588 2535 3818 2603 tubaque

2247 2615 2476 2670 clariore
2513 2633 2641 2670 voce
2659 2619 2798 2683 dico,
2821 2621 2941 2674 etsi
2964 2622 3145 2676 liceret
3184 2623 3234 2676 in
3257 2624 3422 2678 altum
3446 2625 3816 2682 locumasccn-

2248 2704 2399 2769 dere,
2420 2722 2522 2760 non
2547 2723 2846 2763 recusarem
2874 2727 2886 2762 :
2911 2710 3272 2766 Christianum
3286 2729 3390 2768 non
3413 2731 3565 2783 posse
3585 2733 3620 2770 a
3637 2719 3788 2786 quovi
3805 2737 3818 2764 ς

2249 2796 2530 2852 hominem
2557 2809 2691 2853 terra
2713 2799 2984 2856 habitante
3009 2802 3149 2859 lardi.
3171 2803 3232 2857 Et
3253 2805 3379 2875 quid
3405 2806 3546 2871 dico,
3568 2807 3818 2862 homine?

2247 2887 2324 2942 Ne
2356 2889 2469 2958 ipse
2497 2890 2711 2958 quidem
2743 2892 2972 2956 daemon,
3017 2895 3098 2948 vel
3146 2904 3404 2965 tyrannus
3425 2937 3442 2960 ,
3471 2899 3555 2953 vel
3584 2899 3821 2954 diabolus

2249 2990 2444 3048 potest,
2474 2981 2576 3035 nisi
2607 2997 2664 3035 se
2693 2982 2805 3050 ipse
2846 2983 3019 3036 laedat.
3053 2984 3109 3040 Si
3141 3000 3266 3055 ergo
3294 2988 3416 3056 quis
3444 2989 3598 3045 nobis
3632 2993 3818 3045 malum

2249 3070 2444 3125 inferre
2469 3071 2630 3135 velit,
2662 3071 2926 3126 incassum
2960 3076 3203 3131 tentabit.
3235 3078 3384 3131 Sicut
3409 3081 3555 3134 enim
3582 3083 3819 3150 angelum

2247 3159 2424 3215 nullus
2453 3161 2504 3213 in
2535 3172 2669 3215 terra
2701 3162 2862 3217 homo
2889 3164 3046 3220 tardat
3068 3207 3085 3230 ,
3116 3167 3192 3221 sic
3220 3184 3318 3223 nec
3349 3170 3509 3225 homo
3537 3172 3817 3228 hominem.

2248 3253 2356 3308 Sed
2397 3269 2568 3322 neque
2609 3254 2723 3322 ipse
2761 3256 2925 3309 alium
2957 3257 3148 3312 hedera
3177 3262 3402 3326 poterit,
3447 3261 3628 3319 donec
3663 3265 3821 3317 bonus

2246 3345 2371 3400 erit.
2401 3344 2537 3410 Quid
2567 3360 2695 3414 ergo
2717 3345 2840 3400 huic
2869 3364 2962 3414 par
2988 3364 3106 3402 esse
3127 3351 3317 3418 possit,
3339 3367 3496 3420 quem
3528 3355 3705 3409 nullus
3734 3357 3820 3407 lte-

2245 3436 2396 3502 dere,
2427 3437 2517 3504 qni
2545 3437 2746 3490 nullum
2774 3436 2969 3492 la‘dcrc
2995 3439 3204 3492 valeat?
3231 3431 3352 3494 nam
3387 3444 3490 3498 hoc
3520 3463 3627 3499 non
3658 3447 3823 3499 minus

2249 3526 2341 3580 illo
2368 3537 2470 3588 est,
2501 3526 2641 3594 quod
2677 3527 2876 3581 nullum
2905 3528 3098 3582 la-dere
3132 3531 3277 3585 velit.
3305 3530 3445 3601 Ergo
3474 3536 3698 3606 angelus
3717 3538 3825 3605 qui-

2247 3617 2368 3670 dam
2399 3627 2479 3670 est
2507 3628 2560 3671 et
2590 3618 2698 3671 Deo
2738 3618 2946 3671 similis.
2981 3619 3124 3672 Talis
3153 3621 3292 3674 enim
3325 3633 3376 3677 et
3409 3623 3554 3680 Deus
3581 3637 3697 3688 est;
3737 3628 3823 3680 sed

2249 3708 2335 3762 ilh-
2366 3716 2550 3762 natura
2578 3747 2597 3770 ,
2639 3708 2726 3762 hic
2768 3711 3058 3777 proposito.
3100 3709 3278 3781 Neque
3310 3727 3440 3782 ergo
3468 3715 3626 3782 laedi,
3665 3733 3824 3785 neque

2248 3797 2440 3852 laedere
2469 3806 2660 3866 potest.
2692 3796 2821 3852 Illud
2847 3815 2995 3864 vero,
3021 3815 3128 3854 ltO'.l
3156 3811 3349 3869 potest,
3385 3820 3452 3858 ne
3479 3816 3640 3873 putes
3665 3808 3824 3861 imbe-

2246 3888 2482 3942 cillitalis
2511 3903 2633 3942 esse
2663 3888 3010 3957 (contrarium
3043 3892 3184 3944 enim
3213 3892 3556 3949 imbecillitas
3577 3898 3718 3968 est);
3741 3898 3826 3952 sed

2249 3993 2354 4031 non
2373 3993 2491 4031 esse
2511 3993 2760 4045 capacem
2775 3978 2914 4031 dico.
2933 3979 3026 4032 Illa
3045 3981 3238 4050 quippe
3260 3991 3442 4036 natura
3461 4000 3566 4041 ηαδ
3583 3987 3825 4041 datunum

2246 4071 2441 4139 accipit
2465 4110 2479 4130 ,
2521 4086 2619 4124 nec
2659 4070 2814 4124 infert
2849 4088 2861 4123 :
2898 4088 3019 4125 naut
3062 4072 3162 4126 hoc
3199 4073 3340 4128 aliud
3373 4076 3634 4133 damnum
3672 4087 3829 4134 esset.

2248 4159 2458 4214 Etenim
2483 4176 2586 4213 non
2608 4160 2714 4213 alio
2739 4175 2836 4214 nos
2864 4160 3010 4230 ipsos
3035 4163 3195 4216 modo
3225 4164 3489 4231 laedimus,
3512 4185 3684 4237 quam
3706 4171 3833 4224 alios

2248 4251 2515 4314 hedeudo,
2544 4261 2600 4306 ct
2628 4252 2856 4305 maxima
2888 4263 3105 4322 peccata
3139 4265 3319 4309 uestra
3345 4272 3415 4310 ex
3447 4256 3656 4313 datuno
3688 4261 3834 4314 nobis

2249 4342 2537 4412 importato
2579 4343 2730 4398 ﬁunt.
2779 4342 2901 4398 Ideo
2937 4359 3066 4412 ergo
3095 4343 3430 4401 Chris:ianus
3461 4348 3585 4404 Ιπάί
3622 4352 3833 4419 nequit,

2247 4433 2387 4498 quod
2413 4432 2610 4488 laulere
2634 4449 2736 4486 non
2769 4435 2952 4502 possit.
2981 4435 3261 4502 Quomodo
3285 4437 3420 4494 alios
3450 4437 3674 4496 ltedenu
3693 4458 3719 4496 s
3746 4455 3834 4495 nos

2248 4526 2392 4594 ipsos
2420 4525 2698 4586 hrdamus,
2731 4541 2940 4595 agc,res
2965 4529 3200 4597 singulas
3229 4531 3614 4598 pervadentes,
3643 4535 3834 4588 dictum

2248 4615 2608 4684 capioremus.
2637 4616 2822 4670 Laudat
2850 4617 2992 4685 quis,
3022 4621 3343 4674 contumelia
3370 4621 3600 4689 alliciat,
3633 4627 3800 4693 rapiat
3828 4644 3834 4678 :

2247 4721 2404 4775 quem
2446 4706 2612 4759 laesit?
2655 4722 2830 4760 nonne
2871 4708 3018 4777 prius
3056 4711 3500 4776 setpsum?Nulli
3544 4725 3701 4770 certe
3743 4732 3834 4768 non

2249 4797 2588 4853 manifestum
2614 4809 2716 4853 est.
2751 4800 2900 4854 [τεςο
2927 4801 3068 4854 enim
3101 4801 3154 4855 in
3184 4805 3424 4872 pecuniis
3445 4806 3713 4862 damnum
3745 4820 3834 4866 est,

2249 4887 2372 4943 huic
2401 4889 2451 4942 in
2478 4890 2650 4942 anima
2678 4907 2692 4945 :
2718 4907 2839 4944 nam
2863 4891 3019 4960 hujus
3041 4893 3218 4948 anima
3241 4896 3291 4948 in
3316 4898 3618 4964 perniciem
3641 4912 3698 4954 et
3724 4916 3834 4967 sup‘

2252 4981 2464 5051 plicium
2493 4983 2671 5036 datur.
2703 4984 2904 5038 Rursus
2933 4986 3166 5041 invideat
3192 4989 3328 5043 alter
3351 5007 3364 5043 :
3387 5007 3555 5060 quem
3592 4995 3641 5048 is
3669 4993 3834 5047 luit?

2251 5088 2448 5137 uounc,
2473 5087 2674 5142 qumso,
2699 5075 2972 5143 seipsutu?
2993 5075 3138 5130 Talis
3160 5089 3242 5132 est
3267 5080 3408 5135 enim
3439 5082 3727 5150 injustitiae
3753 5101 3833 5135 ua-

2250 5173 2392 5225 tura,
2440 5179 2560 5234 quae
2607 5167 2653 5218 si
2692 5167 3002 5235 gignentem
3040 5171 3231 5224 millies
3271 5172 3451 5238 la'dat,
3489 5175 3669 5229 alium
3719 5192 3834 5227 vero

2249 5269 2476 5324 parum;
2521 5257 2628 5310 into
2675 5255 2796 5311 huic
2822 5260 2982 5312 etiam
3013 5261 3202 5327 prosit.
3232 5264 3301 5317 At
3326 5264 3454 5319 nihil
3485 5266 3598 5323 ﬁde
3622 5267 3833 5334 dignum

2248 5345 2498 5400 dixerim.
2530 5347 2656 5400 Esto
2681 5348 2839 5416 igitur
2864 5351 2940 5416 (in
2969 5351 3052 5404 bis
3075 5353 3218 5407 enim
3245 5355 3474 5410 maxime
3503 5367 3682 5413 ιοιιιιι
3710 5375 3833 5413 eon-

2249 5436 2412 5506 sistit)
2439 5452 2637 5507 pauper
2661 5439 2922 5493 tantilhnu
2949 5443 3148 5498 habens
3171 5446 3428 5512 pectit-tim,
3454 5457 3506 5500 et
3533 5449 3833 5504 necessum

2252 5526 2540 5580 instructus
2577 5527 2728 5592 cibo;
2769 5529 2906 5583 alius
2944 5547 3073 5586 vero
3111 5535 3261 5589 dives
3297 5547 3346 5590 et
3387 5537 3706 5605 opulentus.
3743 5553 3832 5608 pu-

2253 5628 2442 5672 testatc
2468 5621 2671 5684 valens,
2703 5623 2791 5691 qui
2820 5639 2881 5678 ea
2911 5642 3030 5692 qua:
3057 5637 3184 5682 sunt
3208 5631 3450 5698 pauperis
3480 5635 3663 5702 rapiat
3685 5677 3700 5697 ,
3742 5648 3828 5688 uu-

2253 5715 2378 5763 dnut
2409 5711 2550 5764 illum
2581 5713 2768 5769 reddat
2793 5726 2845 5772 et
2870 5714 3205 5786 famelicum;
3238 5721 3323 5776 ille
3349 5739 3473 5777 vero
3500 5740 3573 5779 ex
3607 5722 3697 5786 iis,
3717 5737 3834 5791 φιλο
