3920 6224
240 298 341 360 δτι

238 417 437 487 injuste
476 410 579 482 tpsl
619 408 816 478 rapuit,
857 405 911 459 in
950 401 1158 458 deliciis
1194 401 1338 465 vivat
1363 416 1376 450 :
1400 395 1489 451 hic
1527 408 1633 487 non
1664 390 1833 487 modo

239 485 532 582 pauperem
560 519 665 559 non
693 499 848 559 lzesit,
880 495 975 551 sed
1003 494 1162 549 etiam
1194 490 1291 560 ipsi
1319 487 1544 582 profuit;
1575 485 1673 582 sibi
1705 497 1833 582 vero

240 576 355 657 non
382 598 551 655 modo
594 611 700 649 non
746 589 967 661 profuit,
1008 586 1101 641 sed
1142 584 1302 638 etiam
1341 581 1595 635 damnum
1636 576 1829 630 intulit.

238 687 567 759 Quomodo?
610 685 793 741 Primo
821 677 1039 749 quidem
1068 691 1096 730 a
1126 674 1263 728 mala
1290 670 1615 726 conscientia
1648 666 1835 720 verbe-

239 792 385 835 ratus
409 820 426 843 ,
469 787 529 833 et
555 773 795 846 quotidie
820 769 1114 830 cruciatus,
1146 763 1214 818 ab
1240 761 1491 816 omnibus
1514 759 1831 818 damnatus;

242 871 546 938 deindeque
576 869 628 920 in
677 868 855 918 futuro
880 859 1106 930 judicio.
1148 855 1253 912 Sed
1280 853 1420 923 quod
1453 852 1539 905 hic
1568 850 1794 905 lzedatur
1816 890 1832 914 ,

246 964 366 1017 hinc
399 961 578 1028 palam
608 968 724 1021 est;
766 951 1036 1025 quomodo
1063 958 1243 1003 autem
1271 946 1360 1001 ille
1387 943 1670 999 utilitatem
1696 944 1834 995 acci-

247 1056 335 1125 pit,
365 1052 547 1107 dicas.
580 1046 715 1114 Quia
745 1045 885 1099 male
909 1041 1051 1096 afliei
1080 1049 1134 1094 et
1160 1037 1370 1092 fortiter
1393 1034 1556 1099 ferre,
1583 1046 1834 1125 magnum

243 1124 403 1199 habet
426 1143 642 1198 lucrum
667 1156 681 1191 :
705 1147 783 1193 est
814 1135 957 1189 enim
985 1140 1326 1203 peccatorum
1356 1126 1576 1191 solutio,
1603 1124 1839 1195 graviter

243 1235 428 1303 afﬂigi,
459 1241 541 1287 est
574 1226 927 1301 philosophia:
949 1220 1309 1295 gymnasium,
1336 1217 1546 1273 virtutis
1568 1214 1831 1269 doctrina.

244 1326 541 1380 Videamus
562 1336 694 1392 ergo
719 1328 838 1374 uter
864 1318 916 1371 in
945 1316 1100 1395 malis
1124 1314 1214 1378 sit,
1249 1310 1336 1366 hic
1365 1326 1432 1363 an
1465 1309 1571 1363 ille.
1602 1307 1696 1363 Ille
1721 1306 1837 1376 qni-

244 1416 363 1472 dem
392 1415 440 1469 si
469 1410 825 1483 philosoplms
845 1409 933 1471 sit,
966 1405 1174 1460 fortiter
1200 1405 1368 1465 feret;
1398 1401 1483 1454 hic
1512 1416 1637 1455 vero
1662 1399 1838 1469 quoti-

247 1508 331 1562 die
359 1508 415 1560 in
441 1515 681 1560 tremore
705 1510 759 1556 et
785 1498 1089 1568 suspicione
1128 1496 1232 1549 erit
1258 1513 1270 1549 :
1302 1504 1421 1547 nter
1446 1506 1574 1561 ergo
1602 1491 1835 1554 heditur,

247 1597 330 1652 hic
369 1611 443 1650 an
483 1592 616 1648 ille?
654 1590 882 1645 Fabulas
921 1601 1130 1649 narras,
1178 1585 1387 1653 inquies
1418 1600 1432 1636 :
1465 1580 1681 1651 quando
1718 1580 1839 1650 quis

251 1686 391 1757 quod
424 1686 554 1741 edat
579 1698 687 1739 non
712 1680 893 1745 habet,
919 1688 971 1734 et
997 1676 1277 1732 lamentari
1307 1674 1720 1742 mendicareque
1748 1686 1839 1727 co-

252 1782 415 1851 gitur,
459 1792 562 1832 nec
598 1774 811 1843 accipit,
845 1787 1024 1827 nonne
1060 1768 1219 1825 simul
1248 1776 1303 1822 et
1330 1781 1559 1837 corpore
1582 1775 1638 1822 et
1652 1765 1837 1847 anima

251 1870 436 1942 perit?
481 1868 597 1923 lmo
644 1865 848 1920 fabulas
889 1874 944 1916 tu
987 1876 1203 1925 narras;
1244 1874 1346 1929 ego
1385 1872 1477 1913 res
1513 1858 1657 1927 ipsas
1694 1871 1842 1911 com-

251 1970 518 2019 moostro.
555 1958 650 2011 Dic
679 1957 821 2011 enim
853 1955 981 2010 mihi
1008 1995 1022 2018 ,
1056 1954 1309 2008 nullusne
1338 1951 1559 2006 divitum
1591 1950 1693 2006 fert
1720 1965 1843 2005 eru-

251 2051 490 2109 ciatum?
516 2046 655 2116 Quid
689 2047 887 2116 igitur?
915 2060 984 2100 an
1028 2044 1079 2098 id
1124 2060 1188 2098 es
1223 2051 1536 2112 paupertate
1567 2041 1843 2112 provenit?

252 2145 353 2201 Sed
396 2158 507 2197 non
546 2140 756 2195 esurit?
783 2138 849 2192 Et
886 2136 1011 2205 quid
1051 2136 1152 2190 hoc
1190 2136 1315 2191 est?
1344 2134 1511 2204 Major
1548 2136 1650 2190 erit
1691 2134 1841 2198 ultio,

253 2233 471 2304 quando
498 2248 623 2287 cum
659 2230 862 2285 divitiis
892 2232 991 2281 hoe
1024 2226 1227 2282 fecerit.
1261 2225 1441 2295 Neque
1470 2225 1612 2281 enim
1643 2224 1844 2279 divitiae

254 2326 449 2380 fortem
472 2321 735 2386 reddunt,
760 2334 934 2389 neque
954 2327 1238 2388 paupertas
1260 2316 1617 2380 imbecillum;
1646 2315 1843 2382 alioqui

254 2416 435 2469 nullus
466 2412 846 2481 opulentorum
871 2408 1120 2464 miseram
1142 2415 1324 2477 ageret
1347 2408 1531 2471 vitam,
1559 2405 1847 2474 nullusque

256 2519 557 2575 pauperum
605 2502 706 2558 sibi
762 2499 1129 2555 malediceret.
1182 2496 1336 2566 Quod
1388 2513 1518 2551 vero
1569 2511 1847 2551 sermones

255 2598 425 2653 vestri
461 2611 591 2651 vere
620 2593 794 2649 fabula
822 2593 950 2656 sint,
985 2591 1109 2645 hinc
1138 2589 1309 2659 palam
1343 2588 1552 2645 faciam.
1583 2588 1849 2643 Paulusne

256 2694 305 2745 in
345 2689 559 2744 divitiis
595 2695 735 2751 erat,
775 2700 843 2739 an
883 2686 936 2738 in
977 2681 1336 2753 paupertate?
1375 2681 1514 2735 fame
1552 2679 1849 2747 laborabat,

255 2778 479 2834 annon?
509 2776 685 2846 Ipsum
712 2773 900 2828 audire
927 2773 1053 2827 licet
1080 2771 1351 2827 dicentem
1378 2811 1393 2833 ,
1437 2768 1510 2823 In
1531 2770 1667 2839 [ante
1692 2777 1737 2823 et
1767 2769 1852 2822 siti

259 2869 336 2935 (Ξ.
367 2868 496 2922 Cor.
541 2866 629 2922 ll.
662 2864 778 2934 27).
807 2862 1089 2932 Propheta:
1134 2859 1477 2916 csoriebaut?
1515 2861 1731 2913 annon?
1771 2858 1849 2913 Illi

256 2975 481 3030 quoque
508 2959 562 3011 in
594 2957 747 3010 malis
772 2965 944 3010 erant.
978 2954 1181 3007 Rursus
1209 2952 1428 3006 Paulum
1457 2951 1587 3006 mihi
1622 2949 1850 3019 profers,

258 3065 455 3104 rursus
503 3045 814 3116 prophetas,
858 3043 1043 3098 decem
1086 3051 1181 3097 aut
1218 3042 1400 3111 viginti
1440 3040 1704 3097 homines.
1746 3039 1853 3096 Sed

257 3143 400 3195 unde
463 3140 585 3193 vis?
634 3138 715 3193 Ex
763 3136 1124 3201 multitudine,
1171 3134 1398 3203 inquies,
1449 3133 1676 3189 ostende
1724 3133 1856 3188 mihi

258 3232 534 3303 quosdam
565 3230 652 3298 qui
684 3228 891 3282 fortiter
920 3226 1112 3280 ferant.
1158 3224 1261 3280 Sed
1295 3224 1472 3278 rarum
1515 3238 1728 3294 semper
1755 3223 1859 3281 hoc

256 3334 363 3387 est,
416 3322 580 3392 pauci
620 3320 745 3375 boni
787 3327 930 3373 sunt.
973 3317 1031 3372 Si
1079 3315 1159 3371 vis
1193 3327 1394 3381 autem,
1441 3330 1555 3370 rem
1599 3317 1650 3370 in
1682 3316 1858 3386 seipsa

255 3417 664 3470 examinenius.
692 3408 976 3463 Videamus
1002 3407 1155 3477 cujus
1182 3406 1488 3461 sollicitudo
1511 3407 1682 3476 major
1710 3407 1780 3461 sit
1805 3418 1861 3462 et

255 3506 489 3574 gravior
507 3543 524 3568 ,
559 3501 714 3571 cujus
743 3500 927 3555 levior.
974 3498 1163 3554 Nonne
1193 3496 1279 3552 hic
1306 3512 1403 3568 pro
1429 3499 1735 3553 necessario
1764 3500 1860 3555 alis

255 3604 451 3649 mento
486 3592 754 3647 sollicitus
794 3597 910 3652 est,
941 3589 1029 3643 ille
1056 3603 1153 3658 pro
1184 3588 1477 3643 innumeris
1500 3588 1659 3643 rebus
1688 3589 1859 3659 ipsum

257 3686 445 3738 cibum
500 3681 797 3751 relinquit?
840 3679 954 3733 Non
1001 3677 1195 3733 famem
1246 3680 1397 3733 timet
1425 3678 1595 3743 dives,
1637 3681 1731 3734 sed
1760 3682 1863 3736 alia

257 3774 575 3837 formidat;
614 3786 759 3842 sa‘pe
788 3785 885 3840 pro
910 3770 1082 3825 salute
1111 3773 1279 3825 timet.
1310 3768 1427 3823 Non
1453 3780 1603 3826 vacat
1623 3772 1725 3826 cibi
1753 3774 1863 3828 sol-

258 3866 557 3920 licitudine
598 3880 824 3935 pauper,
872 3866 965 3921 sed
1011 3866 1133 3921 aliis
1183 3876 1335 3921 vacat
1380 3866 1865 3932 sollicitudinibus,

258 3960 632 4013 securitatem
664 3957 844 4023 habet,
872 3959 1130 4028 quietem,
1159 3959 1618 4029 tranquillitatem.
1775 3950 1781 3956 ’

333 4052 395 4107 5.
428 4051 694 4120 Alioquin
728 4065 856 4106 vero
867 4092 887 4123 ,
918 4051 962 4104 si
991 4050 1186 4119 injuste
1213 4066 1375 4121 agere
1403 4052 1596 4107 malum
1622 4069 1726 4108 non
1751 4063 1869 4121 est,

257 4143 359 4197 sed
390 4144 635 4207 bonnm,
662 4156 758 4197 cur
784 4141 1199 4197 confundimur?
1225 4160 1320 4198 cur
1349 4145 1751 4202 erubescimus?
1778 4163 1874 4203 cur

265 4235 498 4302 probris
550 4233 730 4287 affecti
780 4233 1137 4302 indignamur,
1186 4249 1328 4305 :rgre
1369 4236 1626 4291 ferimus?
1670 4236 1726 4293 Si
1768 4255 1873 4293 non

260 4324 481 4381 bonum
520 4333 612 4377 est
642 4324 840 4392 injuste
878 4322 1040 4394 affligi
1063 4366 1077 4389 ,
1108 4340 1204 4379 cur
1230 4341 1290 4381 ea
1317 4326 1383 4381 de
1416 4343 1473 4382 re
1499 4327 1796 4397 gaudemus
1822 4341 1877 4385 et

261 4415 621 4483 gloriamur,
652 4422 707 4467 et
736 4428 834 4467 nos
869 4414 1223 4481 justificamos
1247 4432 1308 4470 ea
1338 4417 1405 4471 de
1441 4420 1642 4472 causa?
1671 4418 1763 4474 Vis
1792 4420 1879 4473 di-

262 4520 428 4559 ser-rc
456 4504 744 4574 quomodo
766 4506 867 4558 hoc
890 4504 983 4559 illo
1003 4507 1074 4560 sit
1092 4508 1320 4562 melius?
1349 4509 1477 4566 Vide
1498 4510 1707 4577 ambos,
1736 4514 1879 4568 hunc

258 4605 317 4649 et
340 4596 534 4649 illum.
562 4593 674 4649 Cor
706 4594 852 4665 leges
889 4605 1015 4649 sunt
1034 4596 1057 4649 ?
1079 4613 1174 4651 cur
1201 4600 1527 4655 tribunalia?
1553 4618 1650 4657 cur
1676 4604 1881 4675 suppli-

260 4689 347 4741 cia
374 4690 399 4739 ἲ
450 4700 647 4740 nonne
689 4695 907 4754 propter
948 4686 1071 4740 illos
1096 4697 1153 4740 nt
1180 4693 1534 4758 mgrolantes?
1564 4692 1668 4749 Sed
1716 4697 1882 4750 multa

261 4776 544 4845 voluptas
564 4783 671 4840 est,
701 4776 926 4845 inquies.
959 4775 1152 4831 Futura
1176 4791 1577 4848 praetereamus,
1602 4788 1882 4853 praesentia

261 4867 665 4933 exploremus.
706 4864 841 4930 Quid
884 4867 1129 4921 miserius
1175 4868 1392 4925 homine
1445 4873 1602 4928 talem
1655 4875 1884 4934 habente

264 4957 706 5026 suspicionem?
732 4958 857 5025 quid
884 4959 949 5011 ad
978 4959 1237 5014 ruendum
1278 4962 1599 5029 proclivius?
1624 4971 1749 5037 quid
1783 4989 1878 5040 pu-

267 5054 1939 5084 _—_______~

1634 5131 1977 5197 HOMIIJA
2025 5134 2149 5195 LI].

270 5262 410 5319 Car.
468 5264 577 5318 25.
634 5278 689 5318 ν.
734 5262 826 5317 23.
904 5262 1114 5318 Postera
1165 5274 1332 5318 autem
1377 5268 1459 5322 die
1501 5286 1614 5322 cum
1678 5275 1893 5329 venisset

345 5358 607 5424 Agrippa
632 5365 680 5407 et
710 5352 921 5407 Bernire
944 5371 1061 5408 cant
1087 5357 1248 5409 multa
1272 5357 1544 5413 ambitione
1567 5402 1581 5423 ,
1604 5371 1649 5413 et
1689 5363 1895 5418 introis-

344 5456 475 5500 νει
531 5444 593 5495 in
636 5442 950 5497 auditorium
980 5461 1095 5498 cum
1134 5445 1348 5500 tribunis
1376 5458 1422 5501 et
1450 5450 1569 5502 viris
1595 5453 1896 5521 principali-

351 5537 456 5590 bus
487 5536 718 5589 ciuitatis
742 5575 757 5596 .
778 5535 989 5605 jnbeute
1018 5534 1170 5590 Festo
1189 5578 1205 5602 ,
1230 5538 1479 5593 adductus
1500 5550 1571 5593 est
1604 5539 1823 5596 Paulus.

357 5632 388 5687 ί
482 5626 634 5680 Vide
656 5627 830 5696 qualis
879 5627 1177 5695 frequentia
1207 5645 1235 5683 a
1273 5632 1439 5686 Paulo
1489 5644 1849 5702 congregetur
1880 5650 1920 5689 :.

288 5726 430 5781 (ζει.
480 5716 659 5780 ciris,
713 5718 918 5787 inquit,
950 5716 1312 5791 principalibus
1361 5724 1617 5779 civitatis:
1651 5727 1899 5785 omnibus

1228 279 1304 355 ts
1342 277 1522 336 ACTA
1564 267 2081 330 Αιιοετοιοιιυιι.
2122 267 2348 323 nouit.
2392 268 2474 322 ιι.

3410 274 3516 338 553

1937 384 2134 438 tidius?
2161 399 2341 438 annon
2385 399 2599 453 semper
2622 384 2674 438 in
2698 384 2975 457 naufragio
3002 385 3121 440 est?
3147 385 3200 440 Si
3225 386 3350 455 quid
3373 387 3519 455 juste

1938 476 2145 542 fecerit,
2177 492 2282 530 non
2308 476 2567 543 creditur,
2597 479 2666 531 ob
2694 478 2977 532 facultates
3002 479 3068 533 ab
3091 480 3340 534 omnibus
3364 484 3518 533 dam-
3544 516 3545 519 η

1937 577 2094 620 natus
2114 585 2128 631 ;
2152 582 2343 622 omnes
2366 567 2507 622 enim
2530 570 2942 623 contubernales
2962 583 3299 625 accusatores
3319 570 3516 628 habet:

1939 675 2041 711 non
2059 660 2291 713 amicitia
2311 660 2384 713 uti
2410 669 2618 728 potest;
2644 676 2800 714 nemo
2822 662 3016 730 quippe
3038 659 3192 716 facile
3212 662 3338 715 velit
3360 672 3520 716 tanta:

1937 752 2122 819 gloriae
2153 750 2388 805 hominis
2416 752 2619 806 amicus
2642 767 2781 815 esse,
2826 767 2894 806 ne
2933 753 3048 820 ejus
3076 753 3228 807 make
3256 753 3325 806 sit
3364 754 3521 808 fama:

1937 856 2180 897 consors.
2214 842 2363 896 illum
2396 854 2452 896 nt
2484 842 2647 896 feram
2675 858 2863 896 omnes
2898 855 3231 909 aversantur,
3256 853 3313 897 ut
3336 845 3521 913 perni-

1939 933 2144 987 ciosum
2166 975 2180 996 ,
2210 935 2519 1000 inimicum,
2550 934 2867 990 homicidam
2893 977 2908 1001 ,
2945 946 3147 989 natura:
3174 937 3399 999 hostem,
3432 939 3517 992 in-

1936 1022 2135 1093 justum
2164 1024 2459 1080 hominem.
2490 1026 2544 1080 Si
2567 1026 2632 1079 ad
2665 1026 2894 1080 tribunal
2919 1026 3117 1080 incidat
3144 1028 3188 1081 is
3210 1029 3299 1097 qui
3326 1030 3520 1098 injuria

1940 1116 2153 1180 atl'ecit,
2187 1131 2294 1171 non
2322 1132 2457 1187 opus
2482 1119 2587 1172 erit
2614 1128 2947 1182 accusatore,
2980 1118 3116 1172 fama
3143 1118 3315 1189 ipsum
3355 1122 3526 1191 magis

1940 1222 2099 1277 quam
2127 1218 2441 1263 accusatore
2470 1209 2720 1278 ("inpiam
2750 1212 3164 1265 eondemnante.
3202 1213 3271 1264 At
3299 1226 3408 1265 non
3452 1212 3524 1265 ita

1941 1312 2001 1352 se
2046 1298 2205 1352 habet
2249 1300 2312 1362 is,
2357 1300 2443 1368 qui
2473 1300 2667 1369 injuste
2694 1301 2979 1371 affligitur;
3021 1303 3113 1356 sed
3154 1318 3343 1358 omnes
3366 1303 3527 1359 habet

1944 1400 2218 1460 patronos,
2244 1392 2611 1459 condolentes,
2640 1410 2853 1447 manum
2884 1396 3252 1464 lim-rigentes;
3284 1396 3335 1450 in
3363 1412 3523 1453 secn—

1944 1482 2105 1537 ritate
2130 1493 2255 1536 stat.
2284 1483 2337 1538 Si
2386 1483 2580 1537 hontnn
2608 1494 2692 1540 est
2721 1496 2773 1538 et
2815 1494 2983 1539 tutum
3017 1486 3209 1556 injuste
3238 1503 3420 1557 agere,
3450 1489 3529 1543 fa-

1944 1579 2120 1627 teatur
2142 1574 2264 1643 quis
2288 1590 2346 1628 se
2376 1575 2633 1644 iujustum
2672 1590 2791 1630 esse
2816 1593 2829 1629 :
2854 1577 2945 1630 sed
2974 1577 3019 1633 si
3051 1594 3159 1631 non
3197 1580 3391 1644 audet,
3431 1595 3529 1636 cur

1943 1677 2077 1734 ergo
2124 1664 2226 1719 hoc
2268 1675 2323 1719 ut
2368 1666 2568 1720 bonum
2615 1666 2961 1737 aggreditur?
3000 1667 3290 1724 Videamus
3335 1687 3526 1739 porro,

1944 1757 2214 1826 quomodo
2240 1759 2402 1813 etiam
2435 1760 2486 1812 in
2516 1760 2667 1813 nobis
2696 1760 2827 1828 ipsis
2851 1760 2894 1814 si
2925 1760 3040 1815 haec
3068 1762 3220 1828 liaut,
3240 1774 3371 1833 quot
3404 1765 3529 1819 inde

1944 1848 2446 1919 mala.Dic.qna-so,
2470 1851 2515 1905 si
2537 1851 2660 1922 quid
2684 1854 2735 1905 in
2755 1852 2928 1919 nobis,
2956 1864 3207 1923 superato
3230 1855 3388 1909 modo
3408 1872 3529 1919 suo,

1945 1941 2174 1995 alterum
2219 1942 2455 2011 invadat,
2489 1947 2533 1998 si
2564 1946 2741 2014 splen,
2770 1945 2959 2001 relicto
2998 1946 3116 2001 loco
3142 1962 3259 2009 suo,
3292 1947 3528 2003 alienum

1947 2033 2077 2087 velit
2103 2049 2222 2087 cum
2250 2048 2347 2088 suo
2371 2037 2634 2105 arripere,
2664 2053 2843 2092 annon
2883 2038 2986 2094 hoe
3009 2039 3228 2093 morbus
3249 2040 3390 2095 erit?
3417 2041 3529 2094 llo-

1949 2124 2149 2178 midum
2201 2125 2326 2180 item
2370 2127 2511 2197 quod
2556 2127 2608 2181 in
2650 2127 2804 2182 nobis
2850 2138 2933 2182 est
2977 2129 3021 2182 si
3067 2130 3242 2183 omnia
3291 2130 3530 2198 impleat,

1949 2228 2131 2268 nonne
2172 2213 2479 2285 hydmpisis
2526 2216 2666 2270 erit?
2714 2216 2978 2272 Praeterea
3025 2218 3146 2272 ωιιε
3196 2220 3531 2275 latitudinem

1948 2318 2176 2376 qumrat,
2207 2319 2260 2361 et
2307 2308 2502 2377 ubique
2544 2308 2871 2363 diﬂ'undatnr
2910 2312 3143 2380 Sanguis.
3176 2312 3311 2379 Quid
3350 2323 3529 2368 autem

1952 2398 2005 2453 in
2052 2400 2230 2452 anima
2274 2400 2372 2465 ira,
2419 2402 2850 2472 concupiscentia
2889 2412 2944 2457 et
2994 2404 3197 2474 reliqua
3244 2408 3447 2474 omnia,
3486 2410 3532 2462 si

1955 2491 2415 2561 transgrediantur
2438 2509 2767 2558 mensuram,
2801 2511 2979 2550 nonne
3000 2510 3059 2550 se
3083 2497 3240 2551 simul
3270 2498 3537 2567 perdunt?

1956 2583 2030 2639 lta
2056 2594 2111 2639 et
2135 2585 2287 2640 cibus
2311 2603 2325 2639 :
2349 2586 2391 2639 si
2437 2587 2559 2656 plus
2584 2603 2744 2655 quam
2787 2588 3045 2659 concoqui
3076 2590 3241 2660 possit
3270 2601 3533 2656 sumatur,

1954 2677 2157 2745 morbis
2175 2692 2371 2747 corpus
2398 2679 2632 2734 infestat.
2654 2679 2807 2735 llmle
2832 2696 3060 2751 namque
3086 2682 3371 2753 podagra“!
3398 2686 3538 2739 unde

1957 2768 2218 2837 paralysis
2241 2779 2295 2821 et
2317 2770 2536 2836 agitatio
2561 2771 2802 2839 corporis
2820 2772 2845 2824 ?
2878 2786 3058 2825 annon
3093 2788 3156 2826 ex
3187 2773 3539 2832 immoderato

1955 2858 2116 2912 cibo?
2140 2859 2346 2915 Rnrsos
2370 2861 2421 2914 in
2446 2876 2673 2931 carpore
2699 2863 2741 2915 si
2767 2863 2884 2931 plus
2910 2864 3039 2917 velit
3059 2865 3246 2919 oculus
3268 2866 3535 2934 accipere,

1957 2959 2009 3003 et
2035 2950 2151 3018 plus
2174 2950 2352 3005 videre
2374 2968 2530 3021 quam
2558 2952 2834 3006 definitum
2863 2953 2952 3019 sit,
2984 2954 3073 3008 vel
3101 2955 3144 3009 si
3172 2956 3425 3024 majorem
3451 2972 3541 3009 ac-

1958 3040 2119 3109 cipiat
2140 3041 2315 3095 lucem
2336 3058 2352 3106 ;
2376 3041 2515 3112 quod
2543 3058 2701 3112 supra
2728 3059 3032 3098 mensuram
3059 3053 3140 3099 est
3168 3048 3336 3115 mang
3361 3056 3540 3113 nocet,

1959 3144 2116 3199 quam
2144 3132 2331 3199 prosit.
2363 3131 2418 3185 Si
2453 3147 2600 3199 vero,
2632 3148 2754 3187 eum
2784 3133 2872 3187 lux
2920 3134 3056 3188 bona
3085 3135 3175 3202 sit,
3217 3138 3422 3202 oculos,
3451 3139 3543 3207 qui

1962 3220 2083 3293 plus
2118 3239 2276 3293 quam
2316 3240 2413 3294 par
2450 3226 2517 3279 sit
2560 3226 2673 3280 vult
2708 3225 2914 3289 videre,
2957 3227 3090 3297 perit
3122 3245 3135 3281 :
3165 3230 3377 3298 quando
3414 3231 3545 3301 quid

1961 3316 2294 3385 splendidius
2323 3317 2577 3387 respicit,
2604 3320 2776 3388 cogita
2802 3330 3057 3389 quantum
3087 3320 3155 3373 sit
3183 3320 3401 3374 malum.
3434 3324 3544 3375 Au-

1964 3406 2107 3460 ditus
2144 3407 2189 3460 si
2236 3421 2479 3477 magnam
2508 3409 2735 3478 excipiat
2766 3424 2973 3471 vocem,
3015 3424 3168 3463 mens
3195 3411 3502 3479 percellitur
3531 3431 3546 3467 :

1966 3512 2120 3552 mens
2161 3499 2204 3553 si
2234 3513 2295 3552 ea
2322 3513 2443 3569 qua:
2469 3513 2529 3553 se
2556 3510 2811 3568 superant
2855 3501 3073 3570 cogitet,
3102 3502 3331 3556 attonita
3365 3513 3467 3561 est.
3496 3512 3550 3557 et

1968 3592 2019 3646 id
2046 3592 2185 3659 quod
2220 3592 2432 3645 modum
2463 3604 2748 3663 exsuperat
2780 3595 2972 3663 perdit.
3004 3594 3116 3649 lloc
3143 3604 3227 3649 est
3255 3596 3396 3649 enim
3424 3612 3550 3650 ava-

1968 3688 2089 3741 ritia
2119 3702 2278 3756 quam
2306 3694 2571 3751 πλεονεξίαν
2594 3696 2813 3751 vocant,
2846 3687 2963 3755 plus
2991 3686 3211 3749 habere,
3238 3702 3397 3757 quam
3422 3703 3552 3741 cou-

1969 3777 2208 3830 stitutmu
2237 3778 2324 3830 sit.
2351 3776 2438 3830 Sic
2457 3785 2517 3830 et
2540 3776 2591 3830 in
2616 3778 2857 3845 pecuniis
2876 3792 2996 3831 cmn
3022 3778 3268 3832 volumus
3295 3778 3555 3848 majorem
3588 3837 3599 3860 I

1971 3870 2237 3921 sarcinam
2272 3868 2567 3937 imponere,
2614 3868 2736 3922 licet
2761 3885 2866 3922 non
2894 3870 3189 3922 sentiamus
3212 3910 3228 3935 ,
3258 3885 3469 3938 gravem
3501 3872 3554 3924 in
3582 3864 3594 3927 ξ

1973 3961 2129 4017 nobis
2157 3962 2348 4015 alimus
2378 3962 2567 4023 feram,
2601 3962 2764 4013 multa
2796 3958 3078 4025 habentes,
3107 3961 3289 4015 multis
3313 3970 3554 4028 egentes,
3585 3938 3593 3973 ¹

1977 4052 2267 4109 innumeris
2287 4066 2386 4106 nos
2403 4051 2548 4105 coris
2570 4052 2928 4120 implicantes,
2948 4051 3142 4107 multas
3162 4051 3375 4105 diabolo
3396 4068 3555 4105 ausas
3591 4038 3599 4046 ’

1980 4146 2302 4215 przebcn'es.
2337 4144 2462 4199 ideo
2489 4144 2539 4197 in
2563 4142 2815 4197 divitibus
2839 4142 3082 4197 diabolus
3110 4157 3213 4197 non
3236 4158 3371 4211 opus
3397 4143 3558 4198 habet

1982 4236 2171 4291 labore
2195 4252 2209 4289 :
2235 4250 2357 4289 nam
2386 4243 2549 4305 captu
2578 4232 2764 4288 faciles
2791 4231 2865 4287 illi
2892 4242 3019 4287 sunt
3046 4247 3077 4286 a
3105 4231 3324 4286 divitiis.
3352 4235 3421 4287 At
3448 4249 3558 4288 non

1980 4330 2059 4384 sie
2088 4330 2139 4383 in
2170 4328 2489 4400 pauperibus
2508 4367 2524 4388 ,
2564 4323 2675 4379 imo
2712 4318 3060 4379 contrarium.
3092 4323 3165 4378 ita
3192 4339 3280 4379 res
3308 4325 3436 4393 ipsze
3463 4341 3561 4395 per

1983 4439 2043 4478 se
2096 4422 2343 4493 perdunt.
2395 4421 2575 4489 Quare
2613 4434 2742 4489 rogo
2779 4420 2846 4471 ab
2887 4417 3075 4471 harum
3127 4417 3559 4486 concupiscentia

1984 4513 2350 4567 abstineamus
2373 4551 2389 4576 ,
2423 4518 2481 4564 ut
2512 4509 2777 4579 possimus
2820 4507 3035 4576 maligni
3064 4507 3284 4576 laqueos
3307 4507 3562 4576 effugere,

1986 4616 2039 4661 et
2066 4605 2403 4677 apprehensa
2434 4604 2634 4657 virtute
2661 4612 2860 4655 :eterna
2891 4600 3142 4669 consequi
3190 4600 3323 4653 bona
3350 4642 3365 4663 ,
3395 4600 3567 4668 gratia

1988 4707 2044 4753 et
2090 4698 2417 4767 benignitate
2461 4693 2666 4749 Domini
2718 4692 2883 4746 nostri
2931 4689 3054 4745 Jesn
3086 4689 3319 4752 Christi,
3351 4692 3567 4759 quicum

1988 4790 2133 4847 Patri
2152 4796 2208 4844 et
2220 4786 2437 4859 Spiritui
2460 4794 2644 4840 saneto
2662 4783 2855 4853 gloria,
2879 4781 3183 4849 impcrimu,
3211 4779 3401 4842 honor,
3428 4794 3570 4833 nunc

1991 4894 2045 4939 et
2072 4897 2306 4952 semper,
2332 4891 2387 4935 et
2412 4880 2463 4934 in
2492 4877 2687 4933 saecula
2715 4872 3058 4929 sa-cnlorntn.
3088 4872 3281 4925 Amen.

3188 5050 3572 5064 ~—

2057 5051 3175 5081 _____________________

2003 5274 2149 5329 enim
2193 5267 2505 5325 convocatis
2531 5264 2850 5319 satellitibus
2878 5258 3161 5329 przrfectus
3190 5268 3243 5314 et
3280 5274 3373 5313 rex
3423 5273 3584 5315 acce-

2004 5365 2158 5419 dunt.
2207 5362 2345 5419 Cum
2370 5361 2501 5430 ipsis
2529 5359 2690 5414 etiam
2722 5353 2921 5411 tribuni
2950 5363 3005 5410 et
3052 5354 3317 5424 primores
3354 5352 3585 5408 civitatis

2007 5453 2293 5507 adfuerunt
2329 5468 2343 5505 :
2376 5450 2475 5504 hos
2517 5448 2659 5504 enim
2712 5444 3034 5516 principales
3080 5454 3255 5499 vocat.
3300 5443 3363 5498 Et
3420 5442 3540 5495 vide
3566 5480 3587 5507 ,

2007 5546 2275 5617 quomodo
2303 5544 2417 5614 ipse
2441 5543 2634 5598 ductus
2666 5540 2985 5611 praedicatur
3011 5555 3038 5591 a
3066 5536 3229 5593 Festo
3254 5556 3265 5590 :
3297 5552 3400 5588 non
3430 5532 3590 5586 modo

2008 5638 2153 5692 enim
2202 5637 2350 5689 illum
2381 5635 2606 5690 crimine
2636 5633 2861 5687 liberum
2888 5630 3018 5685 dicit
3038 5672 3052 5694 ,
3081 5628 3173 5682 sed
3202 5628 3361 5680 etiam
3406 5623 3588 5677 defen-

2009 5730 2105 5786 dit.
2136 5729 2272 5801 Qnid
2303 5730 2474 5787 dicit?
2500 5728 2590 5785 9:5.
2626 5725 2852 5797 Agrippa
2881 5740 2970 5778 rex
2992 5763 3008 5789 ,
3037 5730 3084 5774 et
3113 5732 3284 5771 omnes
3309 5713 3395 5780 qui
3436 5712 3587 5769 simtu
