3920 6224
527 257 633 310 359

527 363 713 415 adestis
739 364 995 417 nol-iscum
1026 361 1137 424 viri,
1172 361 1348 414 videtis
1377 363 1532 424 hunc,
1561 362 1624 415 de
1650 380 1750 429 quo
1779 364 1942 416 cumis
1968 364 2103 415 mul-

528 454 688 504 titudo
720 453 1015 505 Juda'orum
1059 452 1393 518 interpellauit
1425 470 1499 504 me
1527 452 1860 522 Jerosolymis
1905 463 1949 505 et
1990 452 2102 515 hic,

527 546 862 597 acclamantes
893 562 993 598 non
1015 556 1244 614 Oportere
1267 561 1381 597 eum
1409 546 1629 610 amplius
1662 548 1843 598 vivere.
1871 546 1960 599 25.
1995 543 2107 615 Ego

530 650 641 685 rero
672 635 893 703 comperi
920 634 1051 687 nihil
1079 635 1287 703 dignum
1336 645 1495 686 morte
1524 652 1635 687 eum
1680 636 1959 687 admisisse.
2003 634 2107 688 Illo

524 734 691 774 autem
718 724 1009 792 ttppellattle
1037 725 1105 776 ad
1145 726 1425 794 Augustum
1453 765 1465 783 ,
1504 726 1737 793 judicavi
1763 726 1905 777 illum
1933 727 2105 778 mitte-

525 828 595 863 re.
616 811 704 865 ‘26.
740 814 811 865 De
837 831 935 880 quo
960 814 1080 880 quid
1105 826 1293 867 certum
1317 815 1531 867 scribam
1556 817 1781 873 doniino.
1803 834 1901 868 non
1925 817 2101 869 liabeo.

532 900 747 970 I’r0ptcr
787 902 921 973 quod
950 905 1168 971 produxi
1199 921 1311 955 cum
1336 904 1403 955 ad
1448 920 1533 956 vos
1554 946 1567 966 ,
1600 917 1645 956 et
1678 906 1894 957 maxime
1921 906 1987 957 ad
2016 915 2063 957 te
2084 945 2100 970 ,

524 1013 614 1048 rex
667 997 931 1065 Agrippa,
962 1006 1015 1047 ut
1063 997 1454 1065 interrogatione
1500 1002 1672 1066 facta,
1706 998 1913 1049 habeant
1968 998 2103 1062 quod

521 1088 757 1138 scribam.
790 1085 879 1138 ‘27.
929 1086 1055 1139 Sine
1082 1087 1277 1139 ratione
1307 1088 1436 1138 enim
1466 1087 1589 1138 milii
1632 1088 1825 1139 videtur
1849 1127 1863 1150 ,
1910 1086 2104 1139 mittere

527 1180 747 1228 rinctum
768 1220 781 1239 ,
811 1186 857 1228 et
880 1192 1056 1229 causas
1080 1177 1187 1246 ejus
1214 1194 1313 1229 non
1342 1177 1645 1246 signiﬁcare.
1675 1176 1803 1229 Vide
1832 1191 2102 1245 (ιυυωοου

520 1268 640 1319 illos
672 1268 887 1335 quidem
919 1278 1161 1327 accusat,
1208 1267 1346 1319 hunc
1378 1282 1504 1318 vero
1533 1268 1779 1320 abs‘olvit.
1811 1267 1852 1319 Ο
1879 1266 2100 1332 justitia!

502 1334 1113 1426 ropiosaargumenta!
1148 1357 1380 1409 Plurima
1414 1356 1547 1408 facta
1581 1357 1963 1425 perquisitione
1992 1373 2096 1409 non

520 1447 720 1499 invenit
751 1462 948 1515 prteses
980 1446 1243 1514 quomodo
1274 1446 1632 1498 condemnet:
1667 1447 1738 1498 illi
1769 1462 1893 1499 vero
1927 1454 2097 1499 morte

518 1538 735 1605 dignum
758 1539 1028 1592 dicebant.
1066 1538 1186 1591 Ideo
1208 1539 1413 1591 diccbat
1439 1539 1525 1591 ille
1554 1557 1575 1601 ε,
1597 1537 1709 1608 Ego
1738 1556 1850 1591 rero
1878 1538 2098 1606 comperi

517 1632 647 1683 nihil
678 1632 886 1700 dignum
934 1642 1090 1683 morte
1131 1647 1243 1682 eum
1286 1630 1591 1694 admisisse;
1638 1630 1829 1684 deinde
1867 1629 2092 1698 adjicit:

514 1719 592 1772 De
638 1738 734 1788 quo
759 1721 881 1787 quid
908 1731 1093 1772 certum
1117 1720 1332 1773 scribam
1361 1720 1427 1771 ad
1477 1721 1738 1773 dominum
1769 1738 1934 1773 nteant
1952 1760 1967 1783 ,
1994 1736 2095 1774 non

513 1812 689 1861 habeo.
724 1810 787 1862 Et
828 1810 927 1862 hoc
956 1825 1021 1863 ex
1049 1810 1192 1862 l’auli
1238 1810 1537 1863 innocentia
1572 1811 1782 1878 prodit,
1818 1810 1957 1879 quod
1998 1810 2089 1879 ju-

512 1901 614 1954 dex
648 1901 779 1954 nihil
807 1902 998 1956 habeat
1017 1903 1082 1955 de
1111 1902 1198 1954 illo
1217 1903 1524 1956 dievndum.
1553 1901 1677 1956 Ideo
1702 1904 1922 1971 produxi
1953 1920 2087 1969 eum,

512 1993 680 2061 inquit
702 1999 726 2058 ,'
763 1993 830 2044 ad
874 2009 979 2046 vos.
1031 1992 1156 2047 Sine
1186 1995 1380 2046 ratione
1408 1995 1540 2045 enim
1572 1995 1691 2045 milii
1722 1995 1917 2047 videtur
1942 2010 2049 2047 esse
2072 2036 2088 2061 ,

510 2086 706 2137 mittere
750 2086 969 2137 vinctum
990 2126 1003 2147 ,
1037 2094 1083 2137 et
1129 2102 1305 2137 causas
1336 2089 1445 2152 ejus
1476 2103 1574 2137 non
1619 2086 1927 2155 signi/icore.
1960 2085 2091 2139 Vide

510 2176 559 2225 in
589 2185 815 2242 quantas
855 2176 1125 2242 angustias
1166 2175 1335 2229 Judmi
1383 2177 1646 2244 principes
1684 2193 1807 2229 suos
1838 2177 2090 2245 coniece-

511 2267 634 2317 rint.
670 2266 804 2333 Quid
836 2284 963 2320 vero
994 2269 1272 2337 Agrippa?
1305 2269 1378 2322 De
1411 2269 1492 2322 his
1531 2270 1717 2322 Volcus
1763 2270 1959 2339 aliquid
2005 2269 2091 2323 di-

506 2372 656 2410 srere
678 2360 714 2419 ί,
750 2360 911 2414 Paulo
935 2360 1067 2414 dixit
1097 2380 1108 2413 :
1137 2360 1289 2433 (Cap.
1331 2353 1507 2424 26.)1.
1537 2360 1856 2416 Permittitur
1898 2364 1987 2416 tibi
2016 2365 2091 2416 lo—

504 2449 589 2514 qui
636 2465 726 2515 pro
758 2453 1041 2517 temetipso.
1090 2452 1167 2505 Ex
1218 2453 1386 2505 multo
1416 2453 1664 2507 audiendi
1695 2454 1963 2508 desiderio
2012 2455 2087 2508 illi

507 2554 597 2589 rex
630 2539 811 2591 dicere
842 2542 1121 2607 permittit.
1167 2541 1361 2595 Paulus
1395 2558 1523 2596 vero
1549 2560 1668 2597 cum
1708 2545 1896 2598 ﬁducia
1938 2546 2088 2599 dein—

504 2643 630 2698 ct-ps
663 2629 929 2695 loquitur,
978 2646 1082 2685 non
1128 2634 1423 2698 adulando;
1472 2635 1564 2689 sed
1611 2636 1731 2689 ideo
1776 2652 1833 2690 se
1875 2638 2085 2691 beatum

504 2734 625 2771 esse
653 2718 823 2785 dicit,
858 2721 999 2789 quod
1027 2723 1075 2775 ei
1121 2723 1399 2792 loquatur,
1434 2726 1526 2793 qui
1569 2727 1747 2778 omnia
1793 2728 1957 2781 sciret
1986 2724 2088 2782 :‘et

504 2810 643 2877 quod
676 2811 795 2864 ideo
815 2854 828 2875 ,
859 2813 979 2866 audi
1009 2831 1126 2882 qua:
1167 2816 1280 2883 ipse
1309 2816 1514 2883 profert
1540 2835 1552 2870 :
1583 2817 1725 2871 Tunc
1771 2818 1969 2873 Paulus
1995 2836 2084 2874 ex-

504 2911 638 2951 tenta
670 2918 823 2952 nmnu
851 2908 996 2972 cwpit
1028 2906 1271 2957 rationem
1316 2905 1545 2960 reddere.
1587 2907 1641 2960 2.
1695 2907 1775 2962 De
1810 2912 2041 2964 omnibus
2066 2952 2083 2977 ,

501 2992 685 3062 quibus
715 3009 923 3047 accusor
948 3012 979 3045 a
1008 2992 1225 3059 Judteis,
1256 3013 1346 3049 rex
1376 2998 1622 3067 Agrippa,
1652 3001 1845 3053 a'stimo
1867 3018 1944 3054 nte
1971 3002 2087 3054 bea-

504 3097 608 3138 tum
627 3128 638 3148 ,
670 3088 811 3153 apud
838 3098 884 3141 te
914 3103 1025 3140 cunt
1056 3085 1148 3141 sint
1178 3087 1473 3156 defensurus
1506 3105 1586 3141 me
1615 3089 1765 3141 hodie
1785 3132 1799 3153 ,
1833 3091 1886 3143 5.
1920 3092 2086 3143 maxi—

501 3196 580 3231 me
604 3192 648 3232 te
677 3185 865 3232 sciente
892 3197 1084 3245 omnes,
1115 3198 1227 3248 φιιε
1253 3184 1391 3249 apud
1416 3180 1626 3235 Juda'os
1655 3191 1791 3247 sunt,
1820 3194 2083 3236 consuetu-

500 3270 643 3321 dines
693 3281 736 3321 et
783 3271 1128 3340 qua'sliones:
1171 3282 1379 3339 propter
1416 3271 1551 3341 quod
1595 3273 1797 3326 obsecro
1841 3275 2084 3343 patienter

499 3376 578 3411 me
601 3361 799 3412 audias.
853 3360 1130 3424 Proiecto,
1176 3362 1220 3414 si
1250 3362 1385 3415 male
1416 3363 1517 3416 sibi
1556 3364 1806 3417 conscius
1853 3365 2039 3419 fuisset
2063 3406 2079 3433 ,

500 3450 701 3502 turbari
727 3450 1030 3518 Oportebat,
1055 3449 1179 3503 dum
1210 3450 1349 3518 apud
1377 3469 1520 3516 etun,
1550 3453 1639 3522 qui
1668 3455 1847 3507 omnia
1876 3456 2039 3511 sciret
2063 3497 2079 3520 ,

498 3555 713 3592 causam
738 3540 977 3603 diceret;
1010 3541 1103 3594 sed
1134 3542 1260 3595 illud
1289 3553 1372 3596 est
1402 3559 1546 3611 purze
1576 3546 1942 3613 conscientiae,
1976 3563 2080 3603 non

499 3643 750 3682 recusare
796 3628 1028 3697 judicem
1062 3645 1149 3683 res
1178 3641 1353 3700 gestas
1381 3645 1627 3688 accurate
1657 3638 1912 3690 scientem
1937 3678 1950 3700 ,
1986 3637 2079 3691 sed

498 3728 550 3772 et
596 3718 851 3787 gaudere.
898 3718 1051 3774 Unde
1096 3721 1185 3775 ille
1232 3737 1291 3775 se
1343 3723 1555 3776 beatum
1604 3733 1787 3793 putat,
1819 3737 1873 3779 et
1901 3726 2077 3783 dicit:

502 3811 722 3865 Obsecro
770 3813 1016 3881 patienter
1060 3830 1137 3867 me
1184 3816 1386 3869 audias.
1436 3816 1567 3883 Quia
1613 3833 1915 3873 sermonem
1963 3830 2078 3874 erat

508 3906 865 3975 producturus
897 3915 951 3960 et
980 3906 1177 3976 aliquid
1205 3906 1271 3960 de
1301 3909 1480 3977 seipse
1506 3908 1763 3971 dicturus,
1799 3910 1917 3964 ideo
1944 3928 2080 3980 pne-

493 3982 763 4066 occupans
790 3998 1044 4068 rogabat,
1074 3997 1258 4052 dicens
1282 4016 1294 4051 :
1320 3999 1373 4053 ι.
1408 3998 1474 4052 Et
1502 4001 1704 4067 quidem
1732 4002 1884 4054 vitam
1914 4018 2076 4053 meum

494 4109 524 4143 ω
549 4094 840 4161 juventute,
874 4107 987 4159 qua'
1009 4090 1072 4144 ab
1098 4092 1240 4145 initio
1273 4092 1368 4161 fuit
1395 4093 1446 4143 in
1477 4103 1623 4161 gente
1653 4109 1761 4146 mea
1790 4095 1841 4146 in
1870 4092 2078 4146 Jeroso-

493 4184 665 4252 lgmis,
702 4192 944 4235 noverunt
988 4199 1157 4236 omnes
1203 4181 1395 4246 Judtei,
1527 4185 1615 4251 qui
1653 4183 1793 4250 prius
1837 4194 2077 4236 noverant

496 4290 573 4326 me
599 4275 661 4325 ab
694 4273 840 4326 initio
860 4314 871 4335 ,
910 4273 954 4325 si
981 4273 1132 4325 velint
1162 4274 1498 4325 testimonium
1527 4273 1805 4341 perhibere.
1835 4276 1969 4342 quod
1998 4292 2075 4328 se-

492 4366 714 4416 cundum
755 4365 1189 4415 accuratissimam
1233 4375 1417 4415 sectam
1448 4373 1633 4416 nostrte
1657 4364 1913 4433 religionis
1941 4367 2076 4418 rixe-

493 4458 589 4508 rim
627 4454 939 4507 I’Itarisarus.
974 4453 1027 4506 Id
1058 4464 1177 4507 est:
1212 4453 1493 4520 Quomodo
1525 4456 1812 4509 seditiosus
1843 4455 2027 4509 fuerim
2055 4498 2069 4519 ,

494 4556 599 4598 tam
626 4543 839 4611 juvenis
869 4553 920 4597 et
946 4544 1304 4597 testimonium
1340 4542 1539 4597 habens
1569 4546 1845 4598 omnium?
1875 4547 2073 4602 Deinde

497 4639 544 4691 id
572 4636 759 4707 probat
783 4652 811 4687 a
843 4643 1010 4698 secta,
1043 4633 1191 4687 addit
1216 4635 1356 4687 enim
1384 4652 1397 4687 :
1434 4634 1724 4688 Secundum
1751 4639 2073 4690 accuratissi-

490 4746 627 4783 mam
655 4728 913 4799 religionis
951 4736 1137 4780 nostra:
1175 4738 1359 4780 sectam
1385 4726 1510 4779 vixi.
1538 4725 1602 4780 Et
1631 4727 1755 4796 quia
1783 4728 2072 4783 verisimile

488 4830 645 4884 erat,
689 4819 952 4889 quosdam
982 4819 1221 4873 dicturos
1268 4833 1424 4872 esse:
1468 4816 1603 4885 Quid
1649 4834 1807 4889 ergo,
1839 4820 1882 4873 si
1927 4833 2067 4874 seeta

485 4913 702 4980 quidem
736 4911 993 4965 mirabilis
1037 4911 1142 4973 sit,
1176 4920 1228 4964 tu
1260 4924 1391 4963 vero
1417 4910 1630 4963 malus?
1656 4911 1777 4966 vide
1804 4914 2071 4981 quomodo

489 5005 613 5059 huic
637 5014 883 5058 occurrat
920 5002 1205 5071 objectioni
1244 5018 1257 5053 :
1293 5010 1458 5055 testes
1505 5001 1647 5053 enim
1693 5001 1919 5055 advocat
1948 5017 2064 5055 om-

488 5111 584 5150 nes
632 5095 846 5149 Judams
869 5134 884 5159 ,
914 5094 1003 5162 qui
1034 5092 1148 5161 ejus
1179 5093 1337 5145 vitam
1366 5101 1421 5145 et
1460 5092 1920 5145 conversationem
1964 5108 2068 5145 no-

488 5195 626 5239 rant.
676 5186 895 5249 Sciunt,
945 5186 1155 5251 inquit,
1187 5199 1358 5236 omnes
1404 5180 1613 5247 Judwi,
1665 5183 1750 5250 qui
1802 5198 1879 5235 me
1925 5185 2067 5251 prius

484 5288 751 5340 noverunt,
784 5278 827 5330 si
878 5275 1029 5328 velint
1080 5276 1418 5328 testimonium
1446 5274 1594 5342 ferre.
1638 5273 1691 5327 6.
1739 5272 1806 5325 Et
1836 5290 1967 5328 nunc
2011 5276 2065 5327 in

481 5385 571 5437 spe
612 5368 1018 5438 repromissionis
1040 5408 1054 5429 ,
1086 5381 1200 5436 qua:
1225 5367 1292 5418 ad
1316 5376 1483 5435 patres
1512 5375 1713 5419 nostros
1752 5369 1889 5436 facta
1931 5374 2003 5419 est
2032 5382 2065 5418 a

481 5459 611 5525 Deo,
641 5470 718 5514 sto
751 5459 953 5529 judicio
977 5458 1226 5525 subjectus
1252 5472 1274 5511 .'
1304 5457 1356 5509 7.
1404 5460 1455 5509 in
1482 5472 1633 5526 quam
1662 5455 1928 5509 duodecim
1972 5457 2063 5509 tri-

488 5627 525 5677 c
552 5574 569 5605 ι
607 5579 715 5621 Ilaec
739 5611 752 5629 ,
779 5574 840 5621 de
886 5565 962 5619 Itis
1002 5567 1164 5619 volens
1191 5567 1382 5630 aliquid
1427 5566 1644 5625 discere,
1677 5567 1854 5618 desunt
1891 5569 1937 5617 in
1962 5580 2061 5617 uno

520 5640 589 5675 ou

520 5640 589 5675 .00

1300 253 1357 308 S.
1396 252 1672 310 JOANNlS
1707 253 2187 311 CHRYSOS'I‘OMI
2217 255 2535 311 AHCHIEP.
2570 257 3107 317 'CONSTANTINOP.

3685 267 3775 330 560

2214 363 2306 415 bus
2332 376 2538 429 nostra;
2569 379 2723 450 nocte.
2736 387 2795 421 ac
2824 372 2907 424 die
2930 372 3284 443 desevientes,
3302 391 3508 447 sperant
3528 381 3771 443 devenire.

2215 456 2276 505 de
2303 472 2402 524 qua
2430 472 2538 524 spe,
2572 475 2661 511 res:
2703 462 2950 529 Agrippa,
2985 480 3198 518 accusor
3226 482 3257 518 α
3286 467 3483 523 Iudicis
3537 472 3589 526 8.
3626 477 3779 539 Quid!

2214 544 2503 599 incredibile
2539 548 2805 615 judicatur
2830 554 2969 620 apud
2995 569 3079 607 vos
3105 596 3120 621 ,
3151 558 3195 609 si
3225 556 3358 613 Deus
3383 574 3605 618 mortuos
3629 572 3771 619 susci-

2214 646 2283 687 tat
2309 638 2333 689 ?
2365 640 2501 690 [mas
2517 639 2584 692 de
2605 646 2998 699 resurrectione
3030 648 3264 704 rationes
3293 656 3440 719 ponit
3466 671 3479 705 :
3512 657 3723 710 alteram
3753 678 3775 714 a

2216 729 2528 795 propln~tis;
2561 742 2614 784 et
2640 735 2845 787 nullum
2875 738 3089 792 adducit
3116 741 3431 809 propin-uno
3454 786 3469 807 ,
3512 748 3602 801 sed
3645 750 3773 804 illam

2208 818 2515 876 Jtttlzeot'tttu
2548 838 2674 879 8858
2698 827 3005 893 opinionem
3039 832 3206 896 dicit;
3252 836 3474 891 alteram
3502 848 3557 893 et
3596 840 3772 896 fortio-

2213 928 2322 966 l‘etn
2368 930 2432 967 ex
2465 919 2626 969 rebus
2670 917 2818 985 ipsis.
2848 920 3020 985 Quam
3050 924 3235 977 illam?
3272 928 3425 992 Quod
3474 930 3717 987 Christus
3750 952 3772 989 a

2210 1007 2436 1059 mortuis
2488 1009 2772 1062 suscitatus
2802 1025 2860 1064 se
2889 1012 3193 1081 alloqtttllus
3220 1018 3315 1070 sit.
3367 1018 3433 1071 Et
3466 1022 3593 1075 illud
3630 1030 3774 1079 mlio-

2208 1092 2363 1147 einiis
2387 1096 2610 1161 probat.
2646 1099 2873 1165 priscam
2905 1101 3356 1161 insaniamsmun
3386 1125 3631 1165 accurato:
3661 1132 3772 1169 nar-

2207 1201 2333 1241 rans
2363 1206 2375 1241 :
2406 1188 2599 1243 deinde
2627 1191 2787 1244 etiam
2817 1209 2938 1246 cum
2982 1196 3141 1251 laude
3166 1198 3496 1256 Jndzeorutn.
3554 1207 3715 1261 Nocte
3733 1223 3771 1263 et

2208 1278 2289 1330 dic
2316 1280 2534 1332 colentes
2554 1321 2567 1341 ,
2603 1283 2764 1351 inquit
2786 1320 2804 1348 ,
2832 1298 3037 1352 sperant
3084 1291 3331 1344 devenire.
3360 1294 3545 1363 itaque
3575 1300 3769 1355 ctianni

2207 1369 2490 1437 inculpata:
2520 1373 2642 1425 vitae
2673 1391 2779 1428 non
2823 1392 2997 1431 essent
3028 1421 3039 1440 ,
3072 1395 3235 1450 super
3256 1384 3344 1437 his
3367 1403 3475 1441 non
3505 1405 3772 1459 optineret

2201 1458 2469 1522 judicari,
2505 1478 2598 1515 rex
2642 1464 2898 1533 Agrippa.
2948 1466 3206 1523 Subditur
3244 1473 3346 1526 alia
3387 1458 3559 1531 ne...
3597 1482 3772 1544 Quid?

2205 1550 2497 1605 incredibile
2524 1553 2780 1616 iudicatur
2805 1573 2836 1607 a
2862 1556 3021 1624 vobis,
3052 1561 3095 1612 si
3126 1559 3262 1617 Deus
3284 1576 3510 1620 mortuos
3536 1574 3772 1627 suscitat?

2200 1640 2331 1694 Nam
2351 1682 2365 1701 .
2397 1644 2437 1696 si
2470 1643 2586 1699 [nec
2608 1661 2715 1699 noti
2738 1660 2882 1702 esst't
2910 1651 3093 1718 Opinio
3117 1692 3131 1717 ,
3163 1655 3206 1707 si
3234 1655 3285 1708 in
3321 1658 3403 1711 his
3439 1661 3771 1730 dogmatibus

2200 1730 2408 1785 calitcati
2459 1750 2565 1788 non
2608 1748 2818 1803 essent,
2852 1749 2906 1793 et
2950 1757 3091 1796 nunc
3119 1759 3180 1796 ea
3211 1746 3528 1804 elierrentur
3554 1795 3569 1816 ,
3602 1754 3771 1811 forsan

2199 1825 2319 1890 quis
2347 1839 2652 1882 Sermonem
2699 1844 2804 1882 non
2839 1833 3149 1901 recepisset.
3206 1836 3405 1893 Deinde
3449 1842 3613 1909 dicit,
3652 1861 3771 1915 quo-

2200 1919 2361 1970 modo
2402 1921 2823 1988 persequebatur
2849 1942 2861 1975 :
2891 1926 3033 1993 quod
3065 1927 3129 1979 ad
3164 1929 3492 1995 probandum
3526 1934 3768 1993 idoneum

2197 2018 2301 2064 est.
2337 2011 2403 2063 Et
2430 2012 2696 2081 principes
2727 2015 3063 2070 sacerdotum
3090 2019 3309 2074 adducit
3345 2031 3504 2079 testes
3524 2036 3577 2079 et
3602 2039 3769 2083 exter-

2198 2119 2293 2156 nas
2341 2105 2585 2159 civitates
2609 2146 2623 2170 ,
2654 2115 2709 2160 et
2750 2109 2894 2175 quod
2923 2110 3154 2165 audierit
3183 2112 3449 2169 dicentem
3476 2118 3582 2173 sibi
3613 2138 3627 2173 :
3666 2120 3769 2173 Ds-

2194 2212 2310 2247 rum
2337 2206 2411 2249 est
2448 2196 2535 2249 tibi
2565 2208 2743 2251 contra
2770 2200 3027 2253 stimulum
3053 2203 3339 2258 calcitrare.
3367 2207 3569 2263 Deinde
3595 2222 3768 2264 osten-

2194 2287 2272 2340 dit
2307 2287 2400 2341 Dci
2442 2288 2781 2343 clementiam
2813 2292 2955 2359 quod
2998 2294 3159 2347 etiam
3205 2310 3327 2349 cum
3363 2312 3766 2369 persequeretur

2195 2380 2367 2447 ipsum
2416 2378 2642 2445 Saulus,
2674 2383 2773 2449 ipsi
2815 2386 3097 2452 apparuit:
3130 2386 3237 2441 Nec
3282 2388 3408 2444 mihi
3455 2394 3664 2459 solum,
3696 2401 3768 2449 in-

2193 2469 2306 2539 quit
2333 2510 2347 2535 ,
2382 2471 2515 2524 bene
2538 2470 2697 2536 fecit,
2731 2472 2825 2526 sed
2862 2483 2915 2527 et
2944 2474 3063 2529 aliis
3090 2475 3366 2533 doctorem
3389 2482 3554 2535 misit.

2263 2581 2316 2635 2.
2344 2581 2588 2637 Ostendit
2618 2585 2742 2639 item
2770 2585 3104 2654 prophetiam
3135 2602 3290 2657 quam
3322 2590 3541 2647 audivit.
3588 2592 3649 2645 In
3680 2596 3764 2646 Iun:

2192 2677 2412 2745 apparati
2440 2676 2548 2740 tibi,
2581 2677 2800 2745 eripiens
2827 2689 2873 2730 te
2904 2679 2965 2731 de
2994 2680 3180 2748 populo
3204 2691 3251 2734 et
3276 2682 3525 2750 gentibus,
3556 2688 3630 2736 ad
3649 2702 3761 2752 quas

2192 2771 2307 2822 misi
2332 2780 2398 2823 te.
2429 2768 2555 2823 ΙΙωο
2580 2771 2755 2822 omnia
2777 2770 3066 2825 osmndens
3093 2773 3305 2828 dicebat
3334 2793 3348 2828 :
3378 2775 3430 2829 9.
3466 2776 3532 2829 Et
3552 2793 3644 2847 ego
3669 2781 3765 2842 qui.

2190 2861 2303 2913 dem
2330 2861 2755 2925 existimaveram,
2786 2877 2864 2913 me
2891 2862 3130 2915 adversus
3156 2880 3334 2916 nomen
3364 2862 3488 2917 Iesu
3516 2865 3764 2919 Nazareni

2190 2952 2366 3004 debere
2391 2952 2552 3004 multa
2577 2952 2830 3003 contraria
2861 2957 3040 3021 facere.
3069 2954 3156 3007 10.
3201 2955 3348 3019 Quod
3374 2967 3420 3009 et
3447 2958 3548 3023 feci
3570 2956 3769 3011 Jeroso-

2190 3044 2358 3113 lymis,
2383 3052 2429 3095 et
2461 3044 2645 3095 multos
2686 3054 2973 3097 sanctorum
3003 3061 3093 3112 ego
3119 3047 3170 3097 in
3197 3048 3477 3100 carceribus
3507 3049 3709 3111 inclusi,
3737 3067 3767 3100 α

2191 3135 2501 3203 principibus
2524 3136 2845 3187 sacerdotum
2880 3146 3122 3204 potestate
3145 3150 3351 3207 accepta
3380 3154 3399 3192 :
3424 3151 3468 3191 et
3502 3156 3618 3193 cum
3642 3142 3767 3193 occi-

2188 3227 2424 3280 derentur
2444 3227 2602 3278 detuli
2630 3228 2927 3279 sententiain
2951 3244 2969 3281 :
2993 3229 3077 3282 11.
3112 3240 3158 3282 et
3183 3246 3269 3296 per
3292 3247 3462 3283 omnes
3486 3249 3766 3303 synagogas

2188 3323 2472 3391 frequenter
2497 3319 2711 3389 puniens
2757 3334 2860 3383 cos,
2912 3320 3266 3387 compellebam
3298 3323 3651 3391 blasphemare
3678 3340 3695 3376 :
3724 3335 3769 3375 et

2186 3412 2405 3481 amplius
2429 3413 2686 3465 insaniens
2715 3414 2767 3465 in
2800 3426 2903 3478 eos,
2933 3410 3259 3479 persequebar
3280 3430 3436 3481 usque
3458 3415 3511 3466 in
3542 3425 3767 3467 externas

2186 3504 2429 3555 civitates.
2461 3502 2548 3555 12.
2578 3502 2721 3556 Inter
2743 3502 2849 3557 lucc
2873 3504 2994 3555 dum
3022 3504 3149 3557 irem
3179 3501 3487 3559 Damascsun
3526 3522 3644 3557 cum
3678 3521 3766 3572 po-

2187 3607 2361 3650 testate
2379 3606 2424 3649 et
2448 3596 2693 3664 permissu
2720 3596 3004 3666 principum
3026 3596 3363 3657 sacerdotum,
3392 3596 3473 3650 I3.
3505 3598 3589 3649 die
3611 3597 3769 3648 media

2186 3690 2237 3741 in
2264 3689 2342 3740 via
2363 3689 2483 3749 ridi,
2516 3704 2625 3749 rex,
2650 3688 2713 3739 de
2738 3688 2862 3739 ca'lo
2885 3702 3042 3753 supra
3062 3688 3381 3754 splendorem
3408 3688 3531 3740 solis
3566 3687 3754 3739 circum

2186 3780 2387 3849 fulsisse
2420 3795 2496 3831 me
2522 3779 2709 3837 lumen,
2746 3785 2794 3829 et
2822 3793 2905 3828 eos
2938 3777 3023 3846 qui
3062 3792 3252 3829 mecum
3295 3776 3450 3829 simul
3479 3788 3647 3829 erant.
3685 3776 3750 3829 ii

2188 3875 2471 3942 Omnesque
2500 3889 2589 3925 nos
2618 3888 2731 3924 cum
2770 3871 3128 3923 decidissemus
3161 3870 3212 3921 in
3242 3878 3446 3932 terram,
3484 3870 3662 3922 audivi
3686 3884 3770 3921 eo-

2184 3982 2292 4018 cem
2318 3964 2599 4033 loquentem
2636 3963 2759 4014 milii
2804 3959 3057 4014 Ilcbraica
3105 3959 3278 4029 lingua
3309 3975 3326 4012 :
3358 3959 3542 4023 Saule,
3594 3961 3766 4020 Suulc,

2184 4057 2307 4128 quid
2330 4073 2408 4110 me
2450 4056 2803 4125 persequeris?
2850 4052 3048 4105 Durum
3084 4063 3156 4106 est
3197 4050 3287 4104 tibi
3328 4061 3509 4103 contra
3541 4050 3768 4104 stinmls

2184 4150 2466 4202 calcitrare.
2505 4148 2588 4200 l5.
2630 4144 2739 4215 Ego
2768 4156 2935 4197 autem
2965 4144 3092 4206 disi,
3122 4141 3247 4207 Quis
3275 4157 3347 4206 es,
3379 4139 3649 4194 Domine!
3680 4138 3776 4191 life

2183 4250 2347 4293 autem
2369 4240 2496 4292 dixit
2525 4236 2675 4307 :Ego
2710 4253 2823 4290 sum
2855 4234 3026 4299 Jesus,
3049 4248 3193 4299 quom
3232 4241 3287 4285 tu
3316 4232 3656 4302 persequeris.
3687 4231 3769 4283 16.

2186 4335 2291 4387 Sed
2321 4347 2532 4401 exsurge
2558 4339 2602 4383 et
2631 4340 2709 4381 sta
2738 4342 2888 4396 super
2914 4325 3064 4395 pedes
3095 4335 3206 4378 tuos
3236 4339 3253 4376 :
3279 4324 3346 4374 ad
3375 4324 3469 4375 hoc
3495 4326 3637 4376 enim
3676 4340 3771 4389 ap-

2184 4425 2331 4491 parui
2351 4422 2459 4488 tibi,
2484 4431 2536 4473 ut
2564 4420 2859 4472 constituam
2889 4426 2936 4469 te
2969 4417 3251 4469 ministrant
3289 4422 3334 4466 et
3378 4422 3557 4465 testem
3598 4428 3772 4465 eorum

2180 4530 2294 4584 quia
2316 4514 2503 4575 vidisti,
2527 4522 2573 4563 et
2595 4527 2767 4563 eorum
2794 4508 2970 4578 quibus
3001 4505 3251 4574 apparebo
3276 4505 3383 4570 tibi,
3428 4506 3517 4558 l7.
3550 4505 3774 4573 eripiens

2180 4617 2227 4658 te
2247 4607 2307 4659 de
2333 4606 2523 4673 papqu
2549 4612 2593 4654 et
2614 4602 2862 4671 gentibus,
2886 4601 2938 4652 in
2962 4615 3085 4667 quas
3110 4613 3243 4650 nunc
3268 4614 3357 4666 ego
3384 4596 3527 4647 mitto
3557 4605 3629 4656 te,
3654 4610 3773 4662 ape-

2179 4699 2279 4751 rire
2306 4696 2479 4749 oculos
2508 4709 2697 4755 eorum,
2734 4702 2786 4743 ut
2808 4701 3160 4744 convertantur
3185 4706 3217 4739 a
3245 4687 3455 4740 tenebris
3482 4690 3553 4738 ad
3583 4687 3771 4745 lucem,

2088 4814 2095 4821 ’
2179 4799 2221 4842 et
2245 4788 2309 4840 de
2338 4794 2581 4856 potestate
2614 4793 2807 4837 satana:
2834 4784 2899 4833 ad
2932 4782 3113 4845 Deum,
3142 4790 3193 4831 ut
3222 4780 3477 4847 accipiant
3504 4778 3769 4831 remissio-

2178 4896 2290 4933 nem
2317 4886 2653 4948 peccatorum.
2684 4885 2730 4927 et
2757 4884 2939 4927 sortem
2964 4874 3096 4926 inter
3114 4879 3313 4924 sanctos
3342 4886 3431 4939 per
3452 4870 3639 4936 fidem,
3663 4882 3774 4935 quia

2176 4980 2249 5024 est
2270 4974 2320 5023 in
2347 4985 2441 5021 me.
2477 4965 2775 5035 Perpende,
2808 4980 2964 5033 quam
2993 4969 3267 5017 mansuete
3294 4961 3571 5027 loquatur.
3608 4958 3771 5021 Deus,

2177 5060 2366 5127 inquit,
2413 5057 2542 5111 dixit
2582 5057 2649 5108 ad
2687 5073 2765 5109 me
2798 5071 2816 5107 :
2843 5054 3073 5123 Apparui
3114 5051 3221 5113 tibi,
3269 5062 3324 5103 ut
3364 5050 3681 5104 constituam
3730 5062 3769 5102 te

2175 5152 2461 5203 ministrum
2482 5158 2528 5202 et
2551 5158 2721 5202 testem
2759 5164 2928 5200 eorum
2950 5160 3065 5218 qua:
3088 5143 3275 5207 vidisti,
3303 5152 3350 5195 et
3379 5158 3560 5195 eorum
3588 5143 3770 5209 quibus

2172 5244 2428 5313 apparebo
2452 5241 2557 5304 tibi,
2584 5240 2797 5307 eripiens
2828 5248 2873 5290 te
2898 5242 2963 5290 de
2986 5236 3173 5307 popqu
3204 5244 3249 5287 et
3274 5234 3529 5304 gentibus,
3566 5236 3624 5287 in
3648 5249 3768 5305 quos

2173 5353 2303 5391 nunc
2323 5352 2414 5406 ego
2440 5336 2583 5386 mitto
2605 5342 2672 5394 te,
2707 5331 2790 5384 18.
2819 5339 2870 5383 ut
2899 5327 3096 5398 aperias
3120 5326 3293 5379 oculos
3323 5341 3518 5389 eorum,
3552 5336 3612 5377 ut
3648 5342 3765 5375 con-

2170 5440 2429 5483 vertantur
2456 5446 2485 5479 α
2508 5425 2722 5481 tenebris
2760 5423 2825 5474 ad
2852 5422 3011 5474 lucem
3038 5428 3085 5473 et
3110 5434 3142 5471 α
3172 5427 3419 5486 potestate
3453 5428 3661 5468 satana:
3698 5414 3764 5464 ad

2174 5521 2356 5587 Deum,
2386 5531 2439 5574 ut
2467 5518 2719 5586 accipiant
2742 5513 3084 5567 remissionem
3111 5518 3447 5579 peccatorum.
3470 5507 3557 5559 Ac
3595 5523 3640 5560 ςι
3678 5506 3728 5557 di
3747 5536 3759 5544 -

2156 5622 2318 5676 ,ecrct
2365 5628 2376 5662 :
2422 5611 2509 5666 llis
2535 5607 2756 5665 credidi.
2800 5605 2900 5660 hac
2936 5604 3140 5659 visione
3172 5615 3259 5656 me
3289 5597 3534 5663 adduxit,
3593 5605 3648 5652 et
3678 5596 3758 5651 sic
