4028 6218
376 214 480 268 3M

375 328 663 399 persuasit,
696 338 751 382 ut
781 346 884 381 mm
914 326 1207 383 diﬁ‘errem.
1252 328 1337 381 19.
1383 324 1551 392 Unde,
1595 341 1685 379 rex
1715 325 1961 398 Agrippa,

374 438 479 474 nou
513 421 591 489 fui
626 419 919 473 incredulus
943 420 1131 473 crclcsti
1159 419 1374 482 visioni;
1402 418 1492 471 20.
1517 417 1608 471 sed
1631 417 1713 480 iis,
1742 419 1827 486 qui
1848 427 1966 470 sunt

374 510 621 563 Damasci
650 511 871 580 priurum
894 520 941 563 et
959 510 1314 580 Jerosolgmis,
1344 521 1392 563 et
1415 510 1468 563 in
1493 524 1689 563 omnem
1711 509 1965 579 regionem

368 602 593 667 Jnda'te,
624 613 669 656 et
695 604 923 674 gentibus
963 603 1324 657 annuutiabam
1367 611 1424 656 ut
1466 602 1807 672 pceniteutiam
1851 616 1964 671 age-

368 704 505 760 rent,
552 702 599 746 et
647 704 1054 747 converterentur
1098 695 1165 746 ad
1217 693 1405 757 Deum,
1460 694 1615 765 digna
1660 692 1964 763 pauitantia:

367 800 528 852 Opera
559 785 820 853 facientes.
870 784 968 852 Qui
1011 785 1171 854 igitur
1207 784 1343 838 alios
1370 784 1677 840 erudiebam
1708 784 1848 837 circa
1879 783 1958 836 vi-

367 885 478 930 tam
528 876 783 945 optimam
809 916 824 939 ,
870 875 1140 944 quomodo
1182 874 1460 929 seditionis
1508 882 1563 929 ct
1603 872 1959 928 contentionis

363 980 558 1025 auctor
594 967 853 1024 fuissem?
878 969 969 1021 2|.
1000 967 1114 1021 Ilac
1140 983 1204 1021 ea:
1228 984 1381 1021 causa
1410 983 1489 1021 me
1515 966 1705 1030 Judaei,
1741 982 1853 1020 cum
1880 982 1957 1019 es-

360 1079 470 1115 sem
510 1063 563 1115 in
592 1062 797 1131 templo,
825 1061 1236 1128 comprehensum
1259 1060 1512 1114 tentabant
1536 1060 1837 1128 interﬁcere.
1861 1058 1952 1114 ΞΩ.

364 1155 574 1210 Auxilio
604 1164 770 1207 autent
806 1155 1011 1221 adjutus
1053 1151 1163 1216 Dei,
1211 1168 1367 1222 usque
1402 1152 1454 1205 in
1491 1152 1954 1206 hodiernum-diem

357 1257 461 1309 sto,
493 1245 769 1312 testiﬁcans
809 1243 990 1295 minori
1019 1251 1167 1312 atque
1205 1242 1409 1311 majori,
1436 1241 1567 1294 nihil
1593 1249 1735 1295 ecetra
1757 1242 1948 1309 dicens,

356 1356 513 1408 quam
558 1354 639 1402 ea,
671 1353 785 1407 qua:
823 1336 1084 1405 pmphetaz
1123 1336 1316 1404 loquuti
1357 1344 1473 1389 sunt
1516 1336 1691 1404 futura
1730 1350 1857 1399 esse,
1902 1343 1951 1388 et

358 1429 591 1500 Moyses,
617 1428 708 1482 23.
742 1427 787 1480 si
816 1443 1059 1496 passurus
1084 1425 1336 1490 Christus,
1382 1426 1426 1478 si
1464 1426 1659 1495 primus
1684 1441 1747 1478 ea:
1771 1441 1945 1478 resur-

350 1522 578 1575 rectione
603 1530 915 1573 mortuorum
947 1519 1113 1572 lumen
1151 1518 1544 1571 annuntiaturus
1570 1526 1644 1571 est
1685 1516 1874 1587 populo
1898 1528 1947 1571 et

350 1613 607 1684 gentibus.
650 1611 801 1677 Vide,
844 1619 902 1664 ut
938 1625 1117 1665 sermo
1146 1610 1262 1679 ejus
1302 1610 1611 1665 adulatione
1648 1618 1847 1674 careat,
1890 1618 1945 1666 et

349 1713 528 1759 totum
558 1702 829 1758 adscribat
855 1702 985 1755 Deo.
1019 1701 1149 1756 Vide
1175 1710 1230 1755 et
1247 1700 1459 1755 dicendi
1491 1700 1810 1767 libertatem,
1836 1700 1942 1754 Sed

347 1813 515 1867 neque
538 1811 672 1849 nunc
698 1794 922 1857 desisto;
952 1792 1258 1848 ﬁrmitatem
1290 1809 1303 1844 :
1336 1794 1377 1846 Α
1422 1792 1700 1862 prophetis
1736 1792 1937 1846 conﬁr-

342 1905 492 1955 mor,
525 1891 603 1942 An
632 1904 871 1958 passurus
901 1887 1052 1956 fuerit
1080 1884 1329 1952 Christus,
1350 1901 1428 1961 an
1466 1885 1659 1955 primus
1684 1900 1746 1938 ea:
1768 1901 1937 1938 resur-

341 1982 570 2034 rectione
596 1988 906 2032 mortuorum
942 1978 1109 2032 lumen
1149 1977 1212 2031 sit
1239 1978 1669 2042 annuntiaturus;
1696 1990 1758 2031 ac
1785 1976 1829 2030 si
1851 1976 1934 2031 di-

338 2081 533 2127 ceret:
570 2069 800 2125 Christus
845 2068 1041 2137 primus
1086 2085 1388 2138 resurgens,
1428 2068 1544 2137 jam
1583 2084 1683 2122 non
1724 2070 1933 2123 moritur

338 2161 522 2232 (Rom.
550 2162 604 2216 6.
627 2161 702 2232 9).
727 2160 1059 2215 Manifestum
1082 2168 1166 2215 est
1191 2174 1255 2214 ex
1283 2174 1370 2225 eo,
1394 2159 1537 2228 quod
1559 2160 1807 2214 omnibus
1829 2159 1931 2215 hoc

334 2253 639 2313 denuntiet.
690 2261 745 2306 et
785 2253 837 2306 in
877 2251 1180 2321 semetipsis
1222 2260 1554 2321 exspectent.
1598 2251 1800 2307 Deinde
1829 2252 1929 2307 Fe-

334 2356 477 2410 stus,
511 2357 567 2397 ut
603 2342 854 2414 loquendi
885 2343 1183 2398 libertatem
1211 2342 1363 2406 vidit,
1393 2358 1495 2413 qua
1522 2345 1633 2414 regi
1671 2345 1926 2415 loqueba-

334 2448 443 2504 tur,
487 2453 595 2491 non
636 2445 883 2491 avertens
912 2450 970 2490 se
994 2435 1061 2489 ab
1097 2446 1313 2505 aspectu
1360 2435 1496 2504 ejus,
1535 2452 1598 2491 ac
1638 2437 1681 2491 si
1726 2438 1923 2507 aliquid

332 2537 633 2597 pateretur,
666 2526 829 2587 dicit:
858 2526 1084 2589 Insanis,
1120 2526 1300 2581 Paule.
1336 2527 1487 2593 Quod
1512 2535 1688 2582 autem
1723 2529 1919 2598 aliquid

332 2636 531 2689 passus
555 2618 653 2672 hoc
681 2619 843 2683 dicat,
874 2617 999 2672 audi
1030 2618 1306 2687 sequentia
1337 2635 1351 2671 :
1378 2618 1466 2673 24.
1498 2618 1625 2672 Ηωε
1644 2630 1811 2673 autem
1831 2621 1921 2674 illo

330 2712 626 2773 disserente,
671 2708 853 2762 Festus
881 2725 1064 2776 magna
1094 2722 1210 2762 voce
1237 2707 1366 2761 dixit
1399 2723 1419 2761 :
1454 2707 1680 2775 Insanis,
1716 2708 1919 2777 Paule;

329 2800 508 2854 multa:
544 2801 704 2853 liter-te
746 2809 793 2852 te
824 2799 893 2852 ad
922 2799 1174 2852 insaniam
1218 2808 1531 2854 convertunt.
1573 2800 1711 2868 Quid
1758 2801 1920 2870 igitur

329 2889 573 2944 Paulus?
600 2888 732 2943 Cum
758 2889 1165 2944 mansuetudine
1191 2888 1522 2959 respondens
1541 2891 1617 2944 ait
1644 2909 1657 2945 :
1684 2889 1775 2945 ‘25.
1800 2889 1915 2945 Non

326 2981 550 3043 insanio,
580 2980 767 3048 optime
795 2977 981 3042 Feste;
1010 2979 1099 3033 sed
1126 2980 1350 3034 veritatis
1378 2990 1426 3033 et
1453 2980 1742 3035 sobrietatis
1767 2982 1915 3035 verba

326 3071 525 3141 loquor.
562 3071 751 3125 Postea
779 3071 936 3124 etiam
968 3085 1185 3124 causam
1210 3070 1391 3137 docet,
1420 3081 1641 3140 propter
1666 3087 1824 3141 quam
1845 3072 1912 3127 ad

326 3182 507 3237 regem
538 3179 846 3220 sermonem
888 3172 1223 3218 converteret
1250 3181 1263 3217 :
1294 3163 1386 3218 26.
1429 3163 1540 3219 Scit
1573 3166 1705 3218 enim
1735 3165 1799 3219 de
1836 3166 1913 3221 his

323 3274 430 3323 rex,
464 3257 533 3310 ad
558 3273 704 3327 quem
731 3265 777 3309 et
807 3263 1090 3309 constanter
1114 3254 1293 3325 loquor
1318 3270 1338 3307 :
1360 3256 1516 3309 latere
1540 3255 1673 3309 enim
1695 3272 1807 3308 eum
1833 3256 1912 3309 ni-

323 3349 391 3402 hil
418 3350 611 3401 horum
639 3347 855 3400 arbitror
882 3363 900 3400 :
922 3363 1023 3401 non
1044 3355 1116 3400 est
1135 3348 1268 3400 enim
1288 3347 1340 3399 in
1367 3347 1557 3417 angulo
1578 3348 1673 3401 hoc
1692 3360 1907 3419 gestum.

319 3441 406 3493 Ξῖ.
444 3438 647 3501 Credis,
677 3452 768 3491 rea:
796 3438 1040 3507 Agrippa,
1078 3437 1376 3507 prophetis?
1412 3438 1532 3492 Scio
1559 3440 1695 3508 quod
1723 3440 1905 3494 credis.

322 3531 429 3585 iloc
464 3530 535 3584 ita
571 3528 734 3595 dixit,
766 3528 914 3597 quasi
948 3528 1231 3583 traducens
1258 3528 1377 3582 illos
1421 3537 1476 3584 et
1512 3528 1697 3583 dicens
1723 3549 1734 3584 :
1759 3530 1903 3597 Scio,

320 3622 462 3690 quod
487 3621 673 3675 omnia
701 3631 948 3677 accurate
971 3622 1105 3676 sciat
1132 3638 1146 3673 :
1172 3630 1226 3677 et
1244 3621 1527 3690 oportebat
1558 3621 1774 3692 quidem
1811 3637 1907 3676 vos

324 3716 433 3768 haec
455 3712 603 3769 scire
636 3712 837 3782 primos
867 3712 941 3783 (id
971 3713 1113 3767 enim
1140 3713 1416 3782 sequentia
1445 3711 1718 3767 declarant
1742 3729 1758 3769 ;
1785 3711 1905 3766 Non

321 3807 517 3859 esthoc
546 3805 600 3858 in
630 3804 819 3874 angulo
845 3806 1056 3874 gestum)
1086 3818 1100 3867 ;
1133 3802 1225 3857 sed
1269 3803 1534 3858 noluistis.
1576 3802 1773 3868 Credis,
1816 3819 1907 3858 res:

326 3899 574 3967 Agrippa,
610 3895 912 3965 prophetis?
952 3895 1093 3961 Scio,
1135 3894 1271 3964 quod
1310 3895 1493 3949 credis.
1533 3894 1626 3950 28.
1677 3894 1906 3965 Agrippa

320 3999 484 4042 autem
519 3989 588 4040 ad
635 3986 853 4040 Paulum
894 3986 1023 4040 dixit
1057 3984 1167 4039 ειη
1195 3985 1395 4039 modico
1435 3984 1619 4040 suades
1644 4002 1723 4038 me
1749 3984 1902 4039 Chri-

319 4083 538 4135 stianum
566 4080 697 4148 ﬁeri.
736 4078 825 4134 29.
859 4077 923 4132 Et
959 4076 1149 4131 Paulus
1181 4093 1198 4131 :
1229 4077 1363 4147 Opto
1403 4077 1543 4146 apud
1583 4075 1745 4130 Deum
1774 4086 1821 4130 et
1849 4077 1903 4130 in

318 4172 518 4226 modico
542 4181 588 4225 et
612 4171 664 4224 in
694 4185 895 4240 magno,
931 4186 1031 4222 non
1057 4178 1248 4222 tantum
1289 4178 1355 4234 te,
1391 4167 1480 4222 sed
1512 4168 1664 4222 etiam
1706 4184 1898 4234 omnes,

320 4263 400 4333 qui
426 4262 646 4317 audiunt
670 4279 766 4329 me,
790 4260 938 4315 hodie
963 4260 1072 4327 ﬁeri
1097 4260 1241 4323 tales,
1270 4259 1435 4329 qualis
1459 4268 1509 4313 el
1534 4275 1624 4329 ego
1648 4276 1779 4323 sum,
1806 4275 1900 4313 eat-

321 4354 472 4422 ceptis
501 4351 715 4406 vinculis
750 4348 848 4404 his.
887 4349 1017 4403 Vide
1058 4350 1329 4418 quomodo
1368 4358 1636 4417 precatur,
1668 4348 1851 4403 dicens
1882 4366 1897 4402 :

323 4443 451 4511 Opto
476 4441 621 4512 apud
642 4441 804 4495 Deum
823 4440 874 4494 in
900 4439 1131 4505 modico;
1151 4439 1253 4494 hoc
1277 4450 1379 4501 est,
1402 4449 1461 4493 ut
1487 4454 1553 4494 ne
1575 4455 1760 4509 parum
1782 4440 1899 4509 qui-

321 4533 434 4589 dem
464 4532 625 4588 absit.
659 4532 723 4587 Et
758 4548 863 4586 non
893 4531 1064 4586 solum
1096 4539 1235 4597 orat,
1282 4531 1373 4585 sed
1406 4530 1693 4587 ferventer.
1723 4531 1894 4596 Tales,

322 4623 512 4693 inquit,
542 4623 655 4691 ﬁeri
678 4638 869 4685 omnes,
906 4637 1012 4675 non
1053 4621 1211 4675 modo
1252 4630 1322 4686 te,
1364 4621 1457 4676 sed
1495 4636 1704 4687 omnes,
1734 4623 1899 4691 qualis

321 4731 425 4770 sum
452 4732 567 4786 ego.
609 4714 808 4771 Deinde
849 4716 943 4780 ait,
975 4714 1212 4785 Exceptis
1247 4714 1460 4768 vinculis
1488 4714 1565 4768 his
1592 4731 1612 4768 :
1638 4729 1743 4769 non
1784 4728 1899 4770 mo-

322 4807 449 4862 leste
489 4804 668 4861 ferens
694 4805 924 4872 vincula,
968 4820 1140 4875 neque
1172 4805 1495 4861 erubescens
1523 4804 1666 4876 quod
1705 4806 1898 4875 ligatus

323 4909 461 4955 esset
486 4900 616 4967 (hoc
644 4902 784 4954 enim
812 4900 930 4968 ipsi,
964 4900 1007 4954 si
1046 4900 1170 4969 quid
1207 4899 1373 4965 aliud,
1404 4899 1693 4970 gloriosum
1722 4900 1895 4971 erat);

321 4990 409 5044 sed
437 4990 505 5045 ad
537 4990 749 5045 illorum
795 4991 1098 5061 opinionem
1141 4992 1448 5060 respiciens,
1483 4992 1552 5045 ita
1585 4991 1738 5045 dixit.
1772 4991 1899 5046 Ideo

324 5077 539 5145 addidit,
576 5077 817 5148 Exceptis
846 5081 1053 5134 vinculis
1093 5081 1190 5135 Itis.
1223 5080 1328 5137 Sed
1363 5081 1608 5150 superius
1645 5081 1778 5136 lecta
1810 5097 1897 5136 re—

324 5178 582 5237 petamus.
611 5168 825 5225 Postera
863 5187 981 5241 ergo
1020 5172 1121 5238 die,
1161 5183 1216 5225 ut
1249 5172 1301 5225 in
1339 5172 1646 5225 auditorium
1687 5172 1899 5242 ingrcssi

324 5270 454 5324 sunt,
496 5261 697 5327 iubente
734 5260 886 5315 Festo
920 5261 1173 5317 adductus
1203 5273 1272 5314 est
1320 5261 1536 5315 Paulus.
1578 5262 1897 5316 Destiteraut

323 5349 422 5421 jam
465 5352 658 5421 Judmi,
698 5370 764 5408 eo
810 5355 951 5423 quod
996 5355 1086 5409 ille
1124 5356 1465 5424 appellasset,
1513 5364 1569 5410 et
1617 5364 1742 5409 tunc
1793 5354 1893 5423 ipsi

324 5442 654 5511 splendidum
682 5444 835 5500 adest
862 5445 1125 5501 theatrum
1157 5464 1169 5499 :
1200 5462 1318 5501 cum
1361 5446 1530 5501 multo
1557 5447 1698 5501 enim
1733 5462 1896 5516 appa-

330 5541 439 5586 ratu
472 5549 563 5588 rex
600 5543 655 5590 et
692 5537 869 5590 omnis
895 5537 1176 5592 multitudo
1213 5537 1521 5593 Judtcorum
1562 5536 1844 5593 adfuerunt
1878 5556 1891 5592 :

333 5635 429 5678 non
466 5623 559 5680 alii
585 5626 842 5695 aderant,
895 5627 984 5681 alii
1019 5631 1361 5692 aberant,scd
1388 5650 1572 5688 omnes
1602 5644 1895 5702 pra-sentes

1342 211 1406 265 Di
1448 208 1627 266 ACTA
1670 207 2189 266 APOSTOLORUM.
2234 211 2463 269 HOMIL.
2496 214 2598 271 LII.

3559 229 3667 283 552

2075 332 2248 378 erant.
2275 325 2552 383 Muitituao
2565 326 2888 398 Judaorum,
2910 333 3099 403 inquit,
3117 335 3448 408 interpellavit
3468 355 3548 392 ms
3565 340 3631 394 Je
3644 373 3668 387 -

2070 417 2337 487 rosolgmis
2348 428 2397 472 et
2414 420 2518 486 hic,
2529 420 2803 478 clamantes
2816 441 2915 478 non
2931 436 3163 493 oportere
3172 428 3307 481 hunc
3320 429 3455 482 ultra
3472 431 3657 488 vivere.

2140 506 2193 561 5.
2222 507 2352 564 Vide
2378 508 2639 565 insaniam
2667 526 2683 565 :
2715 513 3036 581 clamabant,
3068 528 3317 588 Oportere
3341 520 3487 576 illum
3516 524 3652 577 mori

2066 593 2325 653 dicentes.
2359 599 2493 656 llinc
2529 602 2764 659 ostendit
2798 607 2999 675 sejure
3028 607 3293 664 Caesarem
3328 612 3649 681 appellasse.

2066 685 2122 741 Si
2148 690 2291 744 enim
2323 691 2454 746 nihil
2475 708 2641 763 grave
2670 696 2955 753 dicendum
2986 700 3271 769 habebant,
3302 704 3481 774 illique
3508 705 3651 761 furc«

2064 776 2213 845 bant,
2236 780 2357 849 jure
2376 783 2444 838 ad
2473 784 2623 839 illum
2648 788 2815 842 venit.
2852 788 2917 844 Ut
2940 790 3329 862 interrogatione
3353 812 3387 846 a
3413 795 3545 849 vobis
3577 797 3650 861 fa-

2060 880 2143 923 cta
2167 872 2377 929 habeam
2391 878 2529 945 quod
2542 879 2778 947 scribam,
2807 882 2997 950 inquit.
3030 884 3193 940 Vides
3218 890 3485 956 quomodo
3502 905 3647 960 smpe

2059 974 2218 1017 causa
2264 968 2655 1025 examinator?
2706 973 2771 1027 Et
2815 973 3145 1032 defensionis
3197 978 3356 1048 hujus
3397 992 3643 1038 auctores

2059 1065 2182 1110 sunt
2224 1057 2419 1127 Judaei,
2451 1078 2609 1131 quam
2650 1066 2912 1136 cognituri
2960 1078 3115 1124 erant
3152 1070 3311 1124 etiam
3355 1076 3444 1142 qui
3490 1085 3645 1130 erant

2058 1142 2264 1202 Romte.
2290 1148 2460 1220 Super
2477 1156 2730 1223 omnibus,
2750 1157 2813 1211 de
2826 1158 3006 1228 quibus
3024 1176 3255 1229 accusor,
3279 1179 3368 1217 rex
3392 1167 3638 1237 Agrippa,

2054 1237 2301 1306 existimo,
2328 1241 2518 1313 inquit,
2541 1262 2621 1300 me
2641 1248 2858 1316 beatum,
2885 1253 2970 1321 qui
2988 1270 3158 1307 coram
3187 1264 3234 1308 te
3253 1256 3498 1312 rationem
3522 1261 3638 1313 red-

2053 1327 2250 1385 diturus
2272 1348 2407 1389 sum.
2439 1335 2571 1392 Vide
2599 1341 2867 1408 quomodo
2895 1344 2977 1397 vel
3005 1344 3152 1400 inviti
3177 1355 3231 1402 et
3254 1350 3507 1418 nequitia:
3525 1365 3639 1406 sua:

2050 1428 2105 1473 et
2143 1422 2356 1479 virtutis
2397 1425 2549 1483 Pauli
2585 1438 2748 1486 testes
2779 1430 2912 1487 ﬁunt
2946 1434 3105 1489 etiam
3148 1438 3289 1506 apud
3329 1455 3530 1509 regem,
3562 1442 3635 1495 ita

2050 1521 2106 1565 ut
2126 1516 2554 1585 magniﬁcentius
2575 1521 2931 1578 abduceretur
2946 1525 3161 1592 Paulus,
3184 1543 3344 1597 quam
3365 1530 3409 1585 si
3429 1531 3636 1602 absque

2048 1603 2275 1660 vinculis
2303 1607 2542 1665 ahiisset.
2576 1611 2694 1667 Non
2723 1614 2865 1669 enim
2893 1616 3029 1672 ultra
3059 1627 3116 1671 ut
3141 1619 3393 1690 deceptor
3412 1632 3467 1677 et
3497 1638 3635 1692 prte-

2044 1695 2288 1765 stigiator
2309 1714 2340 1753 a
2368 1708 2446 1755 tot
2470 1701 2737 1769 iudicibus
2757 1705 3011 1763 dimissus
3033 1708 3419 1767 abducebatur.
3447 1714 3633 1770 Ouirii-

2041 1783 2141 1839 bus
2165 1800 2295 1857 ergo
2323 1789 2543 1858 relictis,
2578 1794 2717 1863 apud
2757 1811 2892 1865 quos
2919 1806 3072 1854 natus
3110 1799 3473 1874 educatusque
3511 1804 3629 1861 fue-

2042 1884 2141 1940 rat,
2172 1892 2277 1933 non
2310 1890 2615 1953 utcumque,
2636 1885 2730 1942 sed
2746 1888 2891 1942 omni
2910 1890 3215 1959 suspicione
3239 1893 3376 1949 liber
3400 1896 3626 1953 Romam

2040 1967 2250 2057 migrat.
2282 1969 2467 2041 Neque
2491 1973 2627 2030 dixit
2656 1993 2670 2029 :
2701 1977 2841 2045 Quid
2878 1980 2978 2035 hoc
3007 1983 3135 2037 est?
3161 1986 3330 2039 semel
3357 1987 3623 2057 appellavi

2038 2056 2322 2127 Ctesarem,
2381 2065 2573 2121 millies
2611 2067 2885 2136 judicatus
2933 2085 3051 2127 sum
3100 2090 3115 2127 :
3162 2056 3476 2147 usquequo?
3527 2082 3622 2134 sed

2034 2151 2205 2219 quid?
2250 2152 2443 2210 lterum
2485 2168 2700 2227 paratus
2744 2173 2861 2218 erat
2903 2164 3131 2221 reddere
3174 2170 3435 2225 rationem
3479 2174 3621 2241 apud

2034 2257 2177 2309 cum,
2206 2247 2297 2314 qui
2343 2263 2431 2304 res
2472 2249 2723 2307 Judaieas
2768 2255 2998 2311 maxime
3041 2267 3244 2313 nosset.
3278 2260 3456 2326 Quare
3491 2277 3616 2318 cum

2031 2349 2221 2405 magna
2266 2337 2513 2398 libertate
2541 2359 2661 2400 sese
2689 2344 2945 2412 defendit,
2993 2352 3117 2419 quia
3165 2352 3223 2418 ii,
3259 2353 3349 2423 qui
3388 2369 3449 2410 se
3488 2370 3617 2410 con-

2028 2428 2375 2499 demnabant,
2405 2434 2602 2490 nullam
2619 2436 2729 2506 jam
2754 2439 3018 2495 habebant
3043 2443 3437 2500 auctoritatem.
3464 2446 3616 2503 Licet

2027 2529 2207 2577 autem
2234 2523 2365 2578 nihil
2392 2536 2629 2595 possent,
2655 2537 2710 2583 et
2728 2531 2992 2586 sententia
3016 2532 3125 2597 illa,
3149 2549 3251 2605 qua
3278 2535 3476 2592 dictum
3500 2537 3615 2595 lue-

2025 2618 2128 2678 rat,
2158 2611 2241 2665 Ad
2265 2612 2517 2669 Ctesarem
2545 2617 2661 2681 ibis,
2692 2628 2920 2687 teneret,
2945 2630 3182 2679 attamen
3209 2624 3302 2679 dat
3323 2626 3412 2682 ille
3437 2630 3607 2684 ratio-

2024 2716 2147 2756 nem
2174 2703 2520 2774 multiplicem
2547 2707 2615 2763 de
2653 2710 2920 2776 omnibus,
2953 2727 3053 2768 nec
3077 2713 3146 2770 de
3172 2715 3490 2785 quibusdam
3521 2736 3611 2776 so-

2024 2792 2155 2849 lum.
2186 2795 2253 2849 Et
2280 2799 2629 2867 responsione
2655 2815 2748 2855 sua
2773 2802 2888 2858 haec
2911 2804 3023 2860 lere
3046 2806 3178 2861 dicit
3205 2824 3220 2862 :
3249 2809 3517 2866 Accusant
3544 2813 3610 2869 de

2021 2885 2306 2953 seditione,
2336 2900 2591 2944 accusant
2618 2891 2687 2947 de
2716 2892 2906 2949 haeresi
2946 2905 3002 2951 et
3032 2899 3173 2967 quod
3207 2902 3463 2969 templum
3495 2906 3610 2958 vio-

2020 2973 2240 3031 laverim
2272 2994 2287 3031 :
2316 2978 2383 3034 de
2412 2981 2662 3038 omnibus
2688 2984 2949 3040 rationem
2993 2987 3201 3044 reddo:
3241 2989 3405 3045 Vitam
3443 3011 3607 3050 meam

2018 3082 2050 3119 a
2069 3068 2333 3138 juventute
2360 3071 2523 3126 sciunt
2543 3089 2715 3128 omnes
2735 3072 2909 3130 Judwi
2935 3093 2953 3130 :
2981 3079 3123 3148 quod
3149 3095 3178 3135 a
3210 3083 3448 3139 moribus
3470 3087 3605 3142 meis

2016 3159 2306 3216 abhorreat
2330 3163 2621 3220 seditiones
2650 3167 2908 3231 excitare,
2939 3178 3280 3226 accusatores
3306 3174 3406 3243 ipsi
3439 3184 3602 3234 testes

2016 3258 2158 3305 sunt.
2191 3251 2344 3319 Quod
2370 3254 2530 3309 etiam
2570 3264 2724 3311 antea
2766 3256 2919 3324 dixit,
2952 3257 3251 3314 Emulator
3278 3272 3603 3332 paternarum

2017 3359 2241 3397 mearum
2280 3346 2629 3412 traditionum,
2679 3347 2727 3402 id
2757 3357 2808 3403 et
2849 3347 2951 3405 hoc
2980 3350 3100 3406 loco
3136 3353 3475 3411 subindicat:
3513 3358 3602 3412 Vi-

2015 3443 2117 3488 tam
2144 3434 2208 3488 ab
2254 3436 2595 3491 adolescentia
2638 3454 2767 3492 mea.
2819 3439 2887 3493 Et
2931 3440 3150 3509 quando
3190 3446 3415 3512 populus
3458 3457 3601 3505 totus

2012 3523 2219 3589 aderat,
2252 3533 2377 3580 tunc
2403 3526 2614 3581 illorum
2645 3527 2872 3584 advocat
2902 3532 3287 3587 testimonimn.
3310 3535 3494 3607 Neque
3510 3553 3601 3594 so-

2012 3614 2118 3667 lum
2144 3614 2210 3669 ad
2234 3614 2406 3686 Lysite
2434 3616 2664 3672 tribunal
2694 3618 2794 3673 hoc
2817 3618 2965 3687 fecit,
2993 3622 3152 3677 etiam
3175 3625 3314 3694 apud
3338 3626 3554 3683 Festum
3578 3651 3593 3685 :

2010 3714 2065 3761 et
2091 3720 2275 3761 rursus
2318 3706 2425 3773 hic,
2457 3723 2578 3763 cum
2623 3710 2802 3779 plures
2830 3712 3073 3767 aderant.
3109 3714 3222 3770 Illic
3265 3727 3446 3773 autem
3488 3735 3594 3777 nou

2010 3798 2177 3852 multa
2204 3797 2517 3855 defensione
2545 3815 2682 3869 opus
2708 3810 2844 3866 erat,
2872 3817 2993 3857 cum
3023 3804 3193 3860 literae
3218 3807 3392 3877 Lysim
3420 3809 3592 3879 ipsum

2009 3889 2360 3944 dimitterent.
2391 3889 2573 3945 Sciunt
2598 3906 2770 3944 omnes
2796 3890 2988 3957 Iudici,
3018 3894 3208 3964 inquit,
3235 3898 3321 3967 qui
3333 3900 3449 3968 jam
3474 3900 3596 3953 olim

2010 3999 2088 4038 me
2112 3992 2375 4037 nouerunt.
2415 3982 2482 4036 Et
2516 3996 2623 4036 non
2649 3981 2808 4047 dixit,
2834 3985 3003 4053 qualis
3031 4000 3125 4039 sua
3153 3988 3296 4052 vita;
3342 3990 3438 4044 sed
3474 3992 3595 4045 illo-

2009 4091 2128 4130 rum
2148 4074 2493 4129 conscientiae
2521 4073 2795 4143 relinquit.
2838 4085 2891 4130 et
2933 4085 3098 4131 totum
3132 4079 3184 4133 in
3215 4089 3415 4135 sectam
3462 4083 3591 4151 reji-

2006 4173 2079 4226 cit
2108 4188 2122 4225 :
2152 4170 2275 4223 hinc
2298 4168 2590 4223 ostendens
2631 4183 2692 4223 se
2719 4183 2825 4223 non
2855 4169 2999 4223 illam
3030 4169 3362 4226 deiecturum
3403 4175 3587 4243 fuisse,

2006 4264 2049 4318 si
2076 4262 2246 4317 malus
2267 4260 2457 4316 fuisset
2478 4268 2533 4316 et
2554 4258 2846 4329 improbus.
2875 4259 2978 4315 Pro
3005 4272 3149 4315 secta
3182 4262 3341 4333 igitur
3363 4263 3480 4329 hac,
3507 4267 3595 4320 in-

2005 4355 2138 4426 quit,
2162 4363 2246 4409 sto
2256 4352 2513 4423 judicium
2540 4351 2778 4406 subiens.
2797 4350 2921 4406 Haec
2944 4352 3012 4406 ab
3038 4352 3144 4408 illis
3164 4370 3377 4423 quoque
3402 4355 3590 4411 delen-

2003 4445 2168 4513 ditur,
2185 4454 2401 4516 propter
2420 4443 2558 4498 hanc
2579 4449 2884 4511 precantur,
2905 4451 3123 4512 propter
3140 4442 3280 4498 hanc
3310 4444 3476 4500 Deum
3494 4462 3586 4501 eo.

2005 4539 2139 4602 lunt,
2170 4549 2227 4593 ut
2248 4539 2385 4593 hanc
2398 4542 2793 4605 consequantur
2824 4553 2837 4591 :
2871 4534 3010 4590 hanc
3039 4551 3139 4606 ego
3164 4539 3424 4592 annuntio
3441 4547 3496 4594 et
3520 4539 3589 4595 de

2005 4630 2103 4686 hac
2114 4645 2210 4700 spe
2223 4643 2464 4685 accusor.
2476 4626 3003 4698 Ergoinsanientium
3016 4635 3121 4690 est,
3137 4628 3313 4682 omnia
3328 4628 3503 4683 facere
3519 4630 3586 4683 ad

2006 4720 2148 4775 illam
2167 4715 2578 4788 assequendam,
2591 4725 2647 4771 et
2660 4731 2781 4773 eum
2796 4715 2956 4785 quiin
2975 4714 3118 4770 illam
3131 4716 3301 4770 credit
3318 4720 3586 4786 persequi.

2007 4809 2141 4863 Mihi
2158 4818 2328 4863 autem
2340 4807 2503 4861 visum
2528 4816 2619 4873 est,
2645 4806 2835 4876 inquit,
2857 4805 3096 4858 adversus
3120 4821 3301 4858 nomen
3318 4805 3351 4858 J
3358 4822 3444 4859 esu
3467 4805 3582 4858 Na-

2004 4900 2179 4954 zareni
2199 4910 2430 4970 Oportere
2446 4899 2618 4952 omnia
2636 4896 2893 4951 contraria
2920 4899 3087 4967 facere
3107 4912 3127 4960 ;
3153 4895 3203 4949 id
3219 4902 3322 4957 est,
3340 4895 3584 4953 Iudicavi

2007 4995 2121 5047 hare
2140 4989 2378 5046 facienda
2400 5004 2542 5056 esse,
2557 4989 2679 5057 quia
2699 5002 2804 5042 non
2822 5001 2967 5041 eram
2986 5000 3055 5041 ex
3071 4984 3345 5055 discipulis
3362 4983 3584 5051 Christi,

2005 5084 2099 5140 sed
2128 5100 2192 5139 ex
2225 5081 2661 5153 impugnautibus
2702 5094 2846 5134 eum.
2895 5077 3020 5132 Ideo
3061 5076 3165 5133 ﬁde
3203 5077 3394 5148 dignus
3437 5082 3590 5136 testis

2004 5185 2108 5237 est,
2139 5174 2263 5243 quia
2290 5172 2417 5227 dum
2447 5171 2614 5225 millia
2642 5169 2861 5234 laceret,
2910 5176 2969 5221 ut
3006 5166 3192 5222 ﬁdeles
3232 5168 3586 5239 impugnaret.

2004 5265 2130 5321 dum
2161 5264 2533 5335 blasphemare
2560 5261 2833 5327 suaderet,
2862 5260 3148 5330 omniaque
3169 5273 3430 5328 moveret,
3453 5265 3591 5318 civi—

2004 5367 2162 5423 tates,
2190 5356 2480 5426 pnncipes,
2512 5363 2567 5410 ct
2596 5368 2693 5424 per
2720 5353 2954 5423 seipsum
2985 5352 3101 5407 haec
3125 5351 3346 5419 faceret,
3389 5356 3465 5410 sic
3493 5357 3590 5411 de-

2004 5434 2226 5516 repente
2255 5455 2487 5500 mutatus
2505 5454 2608 5499 est.
2638 5443 2839 5498 Deinde
2865 5459 3077 5502 rursum
3102 5452 3286 5509 testes,
3318 5447 3405 5515 qui
3433 5447 3589 5502 simul

2007 5540 2229 5594 aderant
2262 5558 2277 5594 :
2304 5538 2500 5594 deinde
2528 5536 2763 5594 ostendit
2803 5552 2860 5592 se
2882 5536 3005 5607 jure
3032 5538 3346 5598 credidisse,
3388 5553 3415 5590 a
3447 5538 3584 5600 luce,

2008 5649 2035 5685 a
2063 5631 2356 5703 prophetis,
2406 5631 2472 5685 ab
2502 5629 2802 5696 eventibus,
2847 5638 2902 5686 et
2947 5629 3012 5685 ab
3041 5631 3107 5684 iis
3134 5644 3249 5699 qua:
3286 5642 3421 5681 nunc
3454 5622 3585 5677 facta
