4002 6224
426 191 534 246 ῖΒσό

419 315 554 361 sunt
585 322 600 359 :
634 304 815 360 subdit
850 305 993 360 enim
1027 322 1040 358 :
1075 302 1246 357 Media
1291 302 1376 354 die
1403 302 1456 354 in
1485 302 1586 366 via,
1631 311 1678 355 et
1720 299 1824 353 vidi
1866 299 2026 352 lucem

423 413 508 450 me
540 398 1030 466 circumfulgentem,
1063 404 1109 449 et
1153 411 1256 460 eos,
1306 395 1392 464 qui
1439 411 1632 448 mecum
1683 393 1842 448 ibunt.
1894 392 2025 447 Vide

422 502 578 557 ergo,
612 486 884 556 quomodo
913 494 966 540 et
995 499 1022 538 a
1053 484 1350 555 prophetis,
1383 494 1438 538 et
1469 484 1536 538 ab
1565 483 1672 550 his,
1706 482 1834 552 ipsis
1865 481 2018 537 ﬁdem

422 580 607 633 faciat.
633 578 708 633 Ne
733 579 875 633 enim
903 577 1177 632 videretur
1199 577 1478 644 innovare,
1505 577 1603 631 etsi
1634 591 1823 645 magna
1845 575 2011 629 dicere

430 680 630 738 posset,
683 684 897 724 rursum
944 668 1011 723 ad
1063 668 1351 738 pr0phetas
1390 665 1644 737 confugit,
1679 675 1732 721 et
1779 666 1923 736 ipsos
1967 664 2013 718 it.

427 762 604 816 medio
651 763 823 833 punit.
868 761 981 817 Hoc
1035 761 1139 816 ﬁde
1193 761 1406 830 dignius
1449 768 1605 816 erat:
1640 768 1824 830 utpote
1875 757 2017 827 quod

419 870 570 909 nunc
593 863 884 919 evenerat;
917 853 1012 909 sed
1044 853 1165 924 quia
1212 853 1327 921 ipse
1354 851 1500 907 solus
1545 850 1773 916 viderat,
1804 863 2016 904 rursum

423 961 453 999 a
486 946 760 1016 prophetis
792 946 1095 1000 conﬁrmat.
1127 944 1192 998 Et
1220 943 1490 1013 perpende
1515 943 1661 997 illum
1691 956 1796 996 non
1825 940 2014 996 eodem

417 1037 589 1092 modo
620 1039 671 1092 in
696 1038 920 1107 judicio,
952 1046 1007 1092 et
1051 1038 1101 1090 in
1134 1037 1359 1090 ecclesia
1407 1035 1676 1089 disserere
1707 1052 1720 1087 :
1755 1048 1875 1087 nam
1907 1033 2014 1087 illic

423 1130 640 1197 quidem
673 1129 827 1197 dixit,
861 1129 1174 1191 Occidistis;
1205 1129 1292 1182 hic
1320 1142 1449 1181 vero
1478 1127 1608 1181 nihil
1637 1127 1759 1191 tale,
1791 1141 1858 1181 ne
1895 1139 2010 1179 am-

422 1221 564 1291 plius
595 1219 830 1275 furorem
863 1221 1235 1286 succenderet,
1267 1219 1359 1274 sed
1389 1219 1526 1274 idem
1554 1219 1726 1289 ipsum
1755 1217 2007 1283 ostendit,

421 1311 611 1366 dicens
640 1328 651 1363 :
688 1311 747 1365 Si
792 1311 1046 1382 passibilis
1087 1310 1337 1366 Christus.
1369 1309 1458 1364 Sic
1485 1310 1603 1363 illos
1628 1325 1658 1363 a
1689 1309 1913 1363 crimine
1944 1308 2009 1361 li-

417 1404 593 1459 berat.
643 1404 823 1474 Igitur,
871 1404 920 1458 id
971 1405 1110 1473 quod
1157 1419 1257 1472 ego
1302 1402 1580 1466 annuntio,
1630 1417 1757 1455 num
1807 1402 2009 1470 primus

421 1504 756 1549 mortuorum
782 1495 1156 1557 resurrexerit,
1202 1492 1252 1547 id
1277 1508 1338 1546 ex
1365 1491 1638 1561 prophetis
1658 1491 1967 1545 demonstro
1990 1507 2004 1542 :

417 1604 544 1643 nam
580 1598 629 1643 et
673 1588 951 1658 propheta:
992 1589 1093 1642 hoc
1120 1585 1458 1640 annuntiant.
1497 1585 1678 1654 Itaque
1704 1597 2005 1638 sermonem

418 1696 597 1735 meum
630 1680 875 1748 accipite,
906 1679 1071 1747 utqui
1101 1688 1180 1732 est
1221 1678 1621 1747 prophetarum.
1664 1675 1796 1742 Quia
1826 1683 2003 1729 autem

418 1774 678 1827 visionem
710 1771 933 1835 dixerat,
971 1769 1187 1824 demum
1213 1783 1334 1824 cum
1362 1769 1606 1823 libertate
1635 1768 1888 1837 praeclara
1913 1781 2005 1836 ge-

417 1873 498 1917 sta
531 1871 730 1916 narrat.
760 1861 1013 1929 Quaenam
1048 1860 1182 1914 illa?
1216 1859 1284 1914 Ut
1319 1859 1540 1929 aperias,
1589 1857 1777 1926 inquit,
1809 1857 2000 1922 oculos,

417 1962 462 2007 et
490 1963 749 2006 convertas
774 1969 804 2004 a
846 1952 1058 2006 tenebris
1083 1952 1151 2004 ad
1190 1951 1371 2018 lucem,
1405 1961 1450 2004 et
1481 1967 1511 2003 a
1543 1958 1786 2020 potestate
1811 1959 2004 2002 solante

413 2045 482 2097 ad
506 2044 691 2098 Deum.
725 2043 805 2096 Ad
831 2044 925 2096 hoc
953 2043 1107 2106 enim,
1142 2041 1330 2111 inquit,
1363 2040 1584 2111 apparui
1611 2040 1718 2106 tibi,
1765 2039 1865 2094 hoc
1895 2049 1998 2106 est,

412 2149 518 2189 non
545 2143 598 2188 ut
628 2133 863 2202 puniam,
896 2132 987 2187 sed
1019 2140 1074 2186 ut
1103 2131 1402 2201 apostolum
1430 2138 1482 2185 te
1514 2130 1728 2184 faciam.

480 2225 740 2279 Fidelium
771 2225 899 2278 bona
927 2240 1059 2292 qum.
1081 2252 1153 2264 -
1177 2223 1327 2286 Vide,
1361 2222 1499 2276 mala
1532 2237 1651 2292 quin
1693 2220 1999 2276 incredulos

410 2319 649 2373 detinent
681 2317 938 2383 ostendit,
987 2326 1226 2371 satanam
1271 2325 1322 2370 et
1366 2315 1654 2380 tenebras;
1689 2315 1826 2370 sicut
1871 2313 1998 2368 lide-

411 2413 539 2465 lium
569 2412 706 2465 bona
737 2420 862 2465 sunt
888 2411 998 2476 lux,
1033 2411 1195 2476 Deus,
1225 2424 1344 2464 sors
1386 2418 1717 2464 sanctorum.
1763 2409 1872 2463 Nec
1911 2423 2000 2464 so-

411 2504 518 2556 lum
542 2503 606 2556 ad
632 2502 1000 2572 paenitentiam
1028 2501 1293 2567 hortatur,
1317 2500 1412 2555 sed
1435 2501 1500 2554 ad
1524 2501 1818 2554 mirabilem
1845 2515 1999 2570 agen-

409 2596 529 2649 dam
552 2596 734 2648 vitam.
761 2594 828 2647 Et
851 2593 969 2648 vide
993 2593 1187 2662 ubique
1207 2601 1394 2662 gentes
1415 2593 1648 2646 sermoni
1670 2593 1992 2662 permixtas;

411 2704 533 2742 nam
563 2687 653 2757 qui
701 2686 944 2751 aderant,
978 2701 1041 2740 ex
1072 2685 1323 2756 gentibus
1355 2694 1523 2739 erant.
1557 2684 1878 2753 Testiﬁcans,
1916 2687 1995 2740 in-

409 2779 542 2849 quit,
574 2787 679 2831 tum
708 2793 862 2847 parvo
891 2786 994 2830 tun:
1024 2792 1226 2846 magno.
1260 2776 1483 2845 Propter
1513 2775 1712 2830 milites
1740 2776 1810 2829 ita
1837 2775 1991 2831 dixit.

412 2869 614 2924 Deinde
631 2867 970 2922 defendentis
983 2882 1040 2921 se
1053 2867 1242 2921 ordine
1257 2865 1742 2930 dimisso,doctoris
1753 2866 1994 2922 ordinem

407 2962 612 3032 accepit
633 2979 645 3014 :
670 2961 791 3016 ideo
807 2959 880 3015 ait
903 2960 1094 3016 Festus
1113 2961 1185 3014 illi
1209 2978 1222 3014 :
1248 2959 1473 3013 Insanis.
1498 2957 1684 3013 Postea
1705 2975 1769 3012 ne
1786 2959 1998 3014 videre-

409 3066 494 3110 tur
523 3057 636 3125 ipse
656 3055 844 3109 doctor
863 3069 1002 3118 esse,
1035 3053 1233 3108 inducit
1254 3052 1539 3122 prOphetas
1561 3060 1614 3106 et
1635 3051 1869 3122 Moysem
1894 3069 1907 3104 :
1934 3052 1995 3106 Si

409 3149 662 3217 passibilis
687 3189 702 3212 ,
746 3147 950 3216 inquit,
993 3143 1238 3209 Christus,
1271 3145 1315 3197 si
1339 3144 1532 3213 primus
1553 3159 1614 3196 ex
1633 3144 1995 3196 resurrectione

406 3250 715 3294 mortuorum
746 3240 906 3294 lucem
934 3237 1328 3291 annuntiaturus
1357 3237 1419 3289 sit
1451 3235 1637 3304 papula
1665 3242 1712 3287 et
1739 3236 1987 3304 gentibus.

407 3332 592 3386 Festus
616 3346 798 3401 magna
831 3345 947 3382 voce
972 3328 1122 3381 dixit.
1167 3327 1255 3382 Sic
1299 3325 1495 3381 furoris
1523 3332 1578 3380 e:
1604 3325 1697 3378 ira:
1723 3339 1824 3380 vox
1854 3334 1988 3379 erat.

479 3423 532 3476 4.
567 3421 704 3488 Quid
733 3436 862 3489 ergo
893 3417 1132 3473 Paulus?
1179 3416 1302 3470 Non
1354 3426 1428 3470 est
1473 3419 1524 3470 in
1565 3417 1754 3486 angulo
1797 3425 1991 3488 gestum

407 3511 502 3565 hac
527 3551 541 3575 ,
569 3511 665 3565 ait.
691 3510 787 3564 llic
815 3509 882 3563 de
908 3522 1068 3562 cruce
1096 3507 1334 3576 loquitur
1363 3515 1415 3560 et
1441 3507 1509 3561 de
1554 3507 1987 3574 resurrectione,

407 3601 628 3672 etquod
659 3601 848 3669 dogma
884 3599 1079 3668 ubique
1109 3607 1372 3652 terrarum
1417 3599 1734 3669 pervaserit.
1781 3599 1986 3667 Credis,

408 3693 614 3763 inquit,
645 3709 738 3746 rex
766 3691 1015 3762 Agrippa.
1045 3687 1160 3744 Non
1203 3687 1373 3755 dixit,
1413 3688 1807 3744 Resurrectioni
1834 3729 1848 3756 ,
1896 3689 2013 3751 sed,

410 3782 702 3853 Prophetis.
733 3780 934 3837 Deinde
964 3787 1297 3849 praeoccupat
1321 3778 1468 3833 illum
1491 3821 1504 3842 ,
1535 3787 1588 3833 et
1624 3779 1753 3834 dicit
1783 3798 1794 3834 :
1827 3779 1947 3835 Scio
1969 3821 1986 3847 ,

406 3875 546 3944 quod
572 3875 752 3928 credis.
782 3872 875 3928 Cui
907 3872 1137 3956 Agippa
1167 3889 1180 3925 :
1213 3870 1277 3925 In
1304 3872 1498 3926 modico
1526 3873 1650 3926 mihi
1676 3875 1857 3928 suades
1877 3874 1990 3943 ﬁeri

405 3963 769 4021 Christianum.
822 3964 936 4020 Non
986 3963 1250 4018 intellexit
1299 3964 1534 4030 Paulus,
1580 3964 1708 4034 quid
1768 3966 1872 4030 sit,
1920 3964 1986 4020 lu

404 4057 641 4124 modico;
687 4055 780 4111 sed
832 4055 1035 4127 putavit
1076 4054 1178 4109 hoc
1219 4055 1520 4124 significare
1544 4095 1559 4118 ,
1607 4053 1688 4109 Ex
1727 4056 1982 4111 modico:

404 4149 526 4203 ideo
557 4149 636 4202 sic
663 4147 992 4217 respondet;
1035 4147 1104 4200 ita
1149 4145 1310 4200 idiota
1357 4152 1491 4200 erat.
1542 4145 1606 4198 Et
1656 4159 1759 4199 non
1809 4145 1983 4212 dixit,

404 4237 635 4303 Vellem,
668 4237 762 4292 sed
782 4279 797 4303 ,
828 4234 1091 4306 Optarent,
1121 4251 1220 4288 non
1246 4236 1412 4288 solum
1438 4243 1504 4301 te,
1529 4235 1619 4287 sed
1640 4236 1786 4288 etiam
1815 4253 1986 4292 omnes

408 4331 690 4382 audientes.
720 4327 853 4381 Vide
879 4326 1200 4380 adulationis
1229 4335 1502 4394 expertem
1530 4339 1854 4381 sermonem.
1874 4326 1984 4397 0p-

406 4428 566 4472 turent
587 4458 604 4484 ,
632 4416 834 4486 inquit,
868 4416 1017 4469 hodie
1045 4430 1213 4468 omnes
1244 4416 1355 4482 ﬁeri
1384 4415 1509 4468 tales
1529 4455 1542 4480 ,
1575 4416 1741 4484 qualis
1763 4434 1853 4487 ego
1874 4435 1985 4472 sum

405 4508 626 4579 exceptis
646 4506 862 4560 vinculis
888 4507 987 4560 his.
1015 4504 1148 4560 Vide
1180 4525 1192 4559 :
1223 4506 1312 4576 qui
1341 4506 1602 4575 gloriatur
1629 4507 1682 4561 in
1715 4508 1941 4564 vinculis
1965 4551 1981 4577 ,

405 4601 495 4672 qui
527 4597 732 4670 profert
755 4597 844 4653 illa
866 4599 1005 4653 sicut
1028 4605 1269 4651 catenam
1317 4612 1530 4652 auream
1557 4638 1572 4662 ,
1602 4599 1688 4653 illa
1718 4615 1857 4654 nunc
1885 4601 1984 4656 de-

403 4700 675 4764 precatur.
728 4689 796 4745 Et
848 4704 916 4743 ne
956 4687 1411 4742 mireriszadhuc
1463 4690 1606 4744 enim
1662 4689 1984 4748 infirmiores

405 4793 582 4852 erant,
605 4791 659 4837 et
685 4781 757 4836 illi
781 4789 1166 4850 attemperalus
1187 4795 1364 4836 sermo
1390 4789 1526 4834 erat.
1548 4781 1680 4836 Nam
1706 4783 1845 4852 quod
1871 4784 1982 4839 vin-

404 4879 523 4932 cula
548 4875 724 4945 magni
760 4874 994 4938 faceret,
1025 4873 1144 4928 vide
1190 4873 1458 4944 quomodo
1496 4875 1546 4928 in
1603 4875 1857 4945 Epistolis
1897 4880 1983 4934 illa

410 4984 621 5038 semper
653 4976 926 5038 prazponat
949 4967 1099 5034 aliis,
1131 4967 1316 5023 dicens
1348 4985 1361 5023 :
1405 4967 1600 5022 Paulus
1630 4971 1821 5026 vinctus
1861 4974 1983 5027 Jesu

407 5059 592 5114 Christi
617 5062 633 5128 (
658 5059 848 5129 Ephes.
875 5061 930 5115 '5.
969 5059 1064 5129 l);
1097 5071 1149 5114 et
1191 5069 1422 5125 rursum,
1467 5059 1593 5115 Ideo
1631 5059 1993 5129 circumposita

407 5160 479 5203 est
499 5152 621 5202 mihi
647 5161 844 5216 catena,
875 5150 964 5204 sed
991 5152 1191 5204 uerbum
1226 5150 1317 5204 Dei
1338 5167 1438 5204 non
1470 5159 1541 5205 est
1568 5151 1871 5220 alligatum;
1908 5164 1985 5218 et,

413 5238 583 5308 Usque
606 5241 673 5292 ad
700 5241 896 5293 uincula
915 5241 1057 5309 quasi
1078 5241 1372 5311 malefactor
1398 5240 1624 5312 (Coloss.
1655 5243 1708 5296 4.
1753 5242 1805 5305 5,
1840 5253 1886 5295 et
1929 5243 1985 5307 2,

410 5328 547 5384 Tim.
568 5329 624 5382 2.
653 5330 728 5397 9).
751 5329 904 5393 Vide,
933 5345 1034 5384 non
1059 5331 1216 5384 modo
1243 5331 1447 5386 vincula
1479 5335 1662 5400 ponit;
1709 5330 1800 5386 sed
1829 5333 1984 5388 etiam

414 5421 574 5485 Quasi
605 5420 899 5489 malefactor
928 5418 1151 5484 addidit,
1173 5435 1373 5489 augens
1392 5419 1721 5476 vinculorum
1743 5422 1985 5491 gloriam.

414 5513 619 5582 Duplex
647 5511 987 5582 supplicium,
1010 5511 1152 5581 quod
1180 5512 1373 5580 ligatus
1420 5522 1604 5579 esset,
1656 5522 1711 5569 et
1751 5513 1893 5583 quod
1930 5524 1990 5570 ut

413 5606 742 5665 malefactor.
773 5603 907 5662 Nam
937 5606 979 5661 si
1020 5607 1091 5661 ita
1129 5605 1373 5676 alligatus
1420 5605 1642 5676 luisset,
1694 5613 1846 5683 quasi
1895 5631 1990 5685 pro

1172 187 1228 243 S.
1267 185 1544 242 JOANNIS
1579 181 2052 242 CllRYSOSTOMl
2091 182 2406 248 ARCIlIEP.
2447 186 2978 248 CONSTANTINOP.

3619 199 3715 256 36b

2131 297 2273 355 bono
2294 313 2462 369 opere
2484 339 2498 365 ,
2531 300 2763 371 aliquam
2791 303 3214 360 consolationem
3235 305 3544 376 habuisset;
3579 327 3714 368 nunc

2130 399 2311 444 autem
2343 401 2400 445 ut
2431 392 2740 450 malefactor
2760 435 2776 461 ,
2804 404 2858 449 et
2884 396 3037 466 quasi
3075 397 3126 450 in
3155 400 3484 468 gravissimis
3521 403 3713 473 depre-

2131 481 2330 537 hensus
2364 498 2377 534 :
2407 492 2460 538 et
2490 492 2663 540 tamen
2693 486 2826 540 nihil
2857 487 2973 541 haec
2999 488 3239 542 curabat.
3268 489 3412 545 Talis
3435 502 3518 546 est
3540 495 3711 550 anima

2125 571 2326 625 ca-lesti
2354 587 2538 629 amore
2573 574 2818 630 sublimis
2845 576 3056 631 eﬂ'ccta.
3091 577 3224 632 Nam
3272 581 3316 633 si
3363 581 3430 648 ii,
3475 585 3567 652 qui
3616 585 3714 640 hoc

2129 660 2268 729 turpi
2291 676 2475 717 amore
2496 662 2742 734 ﬂagrant,
2775 665 2905 720 nihil
2935 676 3124 735 putant
3153 669 3236 722 vel
3280 670 3575 739 gloriosum
3624 675 3703 729 vel

2124 754 2416 822 pretiosum
2439 797 2454 821 ,
2485 756 2580 811 sed
2606 771 2667 812 ea
2698 757 2904 824 solum,
2937 775 3057 829 qua:
3105 763 3553 831 concupiscentiae
3598 780 3707 820 su.o

2124 845 2386 902 inservire
2415 859 2670 918 possunt,
2701 850 2935 919 gloriosa
2969 860 3023 906 et
3053 853 3288 922 pretiosa
3320 853 3568 924 judicant
3589 897 3607 923 ,
3653 869 3704 912 et

2123 940 2322 993 amasia
2353 940 2410 994 lit
2436 943 2514 995 eis
2543 944 2720 996 omnia
2753 959 2766 995 :
2792 943 2961 997 multo
2991 946 3160 1015 magis
3184 946 3254 1011 ii,
3283 948 3372 1016 qui
3401 946 3503 1002 hoc
3526 964 3704 1004 amore

2120 1034 2260 1102 capti
2284 1043 2408 1088 sunt
2428 1077 2442 1100 ,
2473 1034 2622 1088 nihili
2647 1034 2848 1090 faciunt
2871 1037 3126 1105 pretiosa.
3153 1038 3304 1104 Quod
3330 1040 3374 1092 si
3414 1040 3557 1095 dicta
3599 1057 3701 1096 non

2121 1124 2505 1194 intelligamus,
2530 1126 2662 1180 nihil
2687 1127 2879 1180 mirum
2908 1144 2921 1180 :
2950 1127 3002 1181 in
3031 1125 3131 1182 hac
3153 1131 3349 1198 quippe
3361 1131 3696 1202 philosophia

2117 1214 2348 1284 imperiti
2379 1231 2583 1270 sumus.
2609 1217 2662 1271 Si
2686 1217 2805 1285 quis
2827 1217 2969 1272 enim
3013 1219 3134 1289 igne
3172 1217 3374 1275 Christi
3419 1224 3662 1292 capiatur
3688 1265 3703 1289 ,

2117 1309 2238 1363 talis
2263 1309 2492 1365 efﬁcitur
2509 1351 2525 1377 ,
2551 1310 2724 1379 qualis
2753 1309 2915 1365 fuerit
2936 1311 3097 1368 homo
3116 1313 3264 1367 solus
3288 1313 3340 1368 in
3381 1323 3520 1369 terra
3546 1315 3700 1371 habi-

2115 1411 2233 1460 tans
2264 1422 2278 1457 :
2305 1405 2383 1459 sic
2407 1404 2540 1459 nihil
2567 1415 2737 1465 curat.
2762 1421 2870 1460 non
2896 1407 3143 1474 gloriam,
3176 1422 3282 1461 non
3311 1407 3693 1478 ignominiam;

2113 1497 2208 1551 sed
2238 1497 2375 1551 sicut
2401 1498 2445 1552 is
2465 1539 2480 1564 ,
2508 1498 2598 1567 qui
2649 1497 2797 1552 solus
2818 1499 3082 1553 habitaret
3105 1541 3120 1564 ,
3151 1499 3420 1554 neminem
3450 1513 3696 1566 curaret,

2111 1587 2189 1642 sic
2212 1588 2480 1643 neminem
2511 1589 2599 1644 ille
2625 1599 2798 1644 curat.
2824 1589 3174 1645 Tcntationcs
3199 1599 3411 1656 autem,
3448 1592 3654 1662 ﬂagella
3681 1634 3698 1661 ,

2111 1695 2357 1735 carceres
2387 1681 2459 1736 ita
2491 1681 2824 1746 contemnit,
2852 1697 2916 1737 ac
2943 1682 2987 1737 si
3028 1682 3081 1736 in
3109 1683 3284 1737 alieno
3323 1698 3549 1754 corpore
3586 1686 3701 1742 lucc

2111 1780 2416 1840 pateretur,
2442 1781 2496 1826 et
2526 1787 2589 1826 ac
2614 1772 2660 1828 si
2689 1772 3035 1829 adamantino
3071 1783 3216 1829 esset
3236 1790 3495 1846 corpore;
3519 1792 3584 1833 ea
3604 1794 3700 1833 au-

2110 1869 2239 1924 tem,
2272 1876 2393 1930 quae
2420 1862 2602 1917 suavia
2629 1861 2683 1916 in
2715 1860 2815 1916 hac
2841 1861 2946 1917 vita
2968 1870 3114 1929 sunt,
3136 1862 3206 1917 ita
3234 1863 3463 1931 deridet,
3495 1876 3549 1921 et
3571 1882 3696 1938 erga

2108 1951 2196 2005 illa
2231 1952 2556 2006 insensibilis
2586 1962 2668 2008 est
2688 1994 2704 2019 ,
2738 1962 2796 2007 ut
2822 1967 2920 2008 nos
2947 1968 3070 2023 erga
3097 1963 3304 2010 mortua
3332 1970 3582 2026 corpora,
3614 1958 3695 2012 vel

2106 2057 2169 2096 ac
2190 2047 2232 2097 si
2249 2043 2346 2112 ipsi
2369 2044 2565 2098 mortui
2592 2044 2780 2098 simus.
2800 2043 3029 2098 Tantum
3056 2059 3216 2114 porro
3241 2044 3414 2112 abest,
3433 2053 3494 2100 ut
3516 2045 3695 2117 aliquo

2106 2134 2296 2189 alfcctu
2326 2135 2589 2204 capiatur,
2622 2143 2878 2206 quantum
2908 2149 3099 2189 aurum
3147 2137 3269 2206 igne
3314 2137 3601 2205 probatum
3639 2148 3694 2194 et

2107 2244 2298 2299 purum
2325 2243 2354 2282 a
2381 2227 2629 2284 sordibus
2665 2227 2890 2283 liberum
2921 2237 3024 2282 est.
3055 2227 3206 2283 Sicut
3235 2229 3378 2282 enim
3406 2245 3605 2285 muscae
3639 2232 3689 2285 in

2105 2319 2334 2375 mediam
2366 2319 2632 2373 ﬂammam
2677 2333 2784 2372 non
2828 2318 3154 2386 inciderint,
3192 2317 3287 2372 sed
3334 2318 3540 2388 fugiunt
3568 2338 3583 2373 :
3615 2319 3691 2376 sic

2104 2425 2203 2465 nec
2223 2409 2389 2464 animi
2411 2408 2635 2463 allectus
2663 2409 2731 2463 ad
2774 2408 2915 2463 hunc
2943 2409 3118 2478 ignem
3162 2407 3421 2464 accedere
3461 2409 3685 2465 audent.

2104 2504 2172 2557 Et
2195 2502 2387 2559 horum
2412 2502 2605 2557 vellem
2637 2501 2881 2571 exempla
2924 2516 2988 2555 ex
3033 2500 3188 2555 nobis
3225 2500 3353 2569 ipsis
3399 2500 3682 2569 proferre;

2102 2593 2224 2663 quia
2246 2607 2376 2648 vero
2399 2592 2586 2661 inopes
2608 2606 2814 2658 sumus,
2846 2605 3065 2646 necesse
3089 2599 3171 2645 est
3195 2630 3209 2655 ,
3245 2603 3299 2644 ut
3320 2591 3386 2645 ad
3411 2591 3556 2646 illum
3603 2592 3682 2661 ip-

2102 2701 2218 2740 sum
2238 2685 2623 2754 confugiamus.
2648 2684 2781 2739 Vide
2802 2693 3002 2747 autem,
3025 2684 3295 2754 quomodo
3318 2684 3404 2739 ille
3429 2685 3540 2755 ipse
3561 2700 3680 2754 erga

2104 2784 2273 2831 totum
2297 2776 2554 2830 mundum
2575 2774 2796 2830 aﬂ'ectus
2810 2784 2972 2829 esset.
3008 2773 3139 2827 Mihi
3165 2775 3386 2828 mundus
3411 2776 3682 2843 cruciﬁxus

2101 2880 2202 2935 est,
2234 2871 2425 2941 inquit,
2459 2879 2505 2924 et
2533 2886 2623 2941 ego
2649 2871 2839 2923 mundo
2873 2867 3029 2940 (Gal.
3059 2868 3112 2924 6.
3149 2869 3248 2940 M)
3272 2888 3286 2934 ;
3313 2870 3362 2923 id
3387 2880 3499 2935 est,
3530 2871 3672 2926 Mor-

2102 2971 2223 3018 tuus
2243 2979 2360 3018 sum
2387 2963 2606 3028 mundo,
2627 2971 2680 3016 et
2701 2962 2790 3015 ille
2810 2961 2938 3015 mihi
2963 2969 3206 3016 mortuus
3222 2969 3321 3015 est.
3346 2961 3409 3015 Et
3425 2978 3635 3017 rursum
3658 2977 3674 3015 :

2114 3053 2233 3106 Vivo
2258 3063 2426 3106 autem
2441 3055 2557 3121 jam
2586 3068 2687 3104 non
2719 3066 2830 3121 ego,
2854 3050 2971 3104 vivit
2992 3066 3106 3104 vero
3122 3051 3174 3103 in
3195 3067 3274 3102 me
3309 3050 3538 3105 Christus
3564 3051 3673 3121 (Id.

2098 3144 2151 3197 2.
2185 3142 2320 3214 20).
2354 3143 2481 3197 “me
2499 3143 2678 3198 dicere
2698 3143 2866 3196 solius
2892 3151 2974 3195 est
2998 3141 3167 3196 Pauli.
3212 3141 3319 3196 Nos
3368 3153 3544 3197 autem
3590 3144 3677 3213 qui

2101 3243 2304 3288 tantum
2327 3234 2394 3288 ab
2423 3234 2517 3288 illo
2548 3233 2824 3298 absumus,
2857 3241 3110 3302 quantum
3133 3234 3320 3288 caelum
3343 3248 3372 3286 a
3397 3243 3557 3299 terra,
3583 3249 3678 3289 nos

2098 3325 2491 3381 abscondamus
2530 3339 2594 3379 ac
2634 3340 2808 3395 neque
2845 3339 2908 3380 os
2943 3324 3153 3394 aperire
3184 3325 3497 3380 audeamus.
3526 3325 3675 3393 Quod

2096 3429 2272 3472 autem
2302 3417 2450 3487 quasi
2475 3417 2526 3470 in
2557 3416 2845 3470 solitudine
2884 3425 3055 3483 esset,
3090 3425 3144 3471 et
3184 3417 3262 3470 sic
3292 3417 3573 3485 praesentia
3601 3431 3676 3471 re-

2096 3509 2328 3578 spiceret
2351 3547 2367 3572 ,
2395 3507 2515 3561 audi
2548 3507 2696 3560 illum
2733 3506 2997 3561 dicentem
3029 3522 3043 3560 :
3077 3506 3196 3560 Non
3239 3507 3670 3562 considerantibus

2097 3599 2238 3653 nobis
2267 3613 2380 3668 qua:
2407 3597 2656 3663 uidentur,
2687 3596 2777 3650 sed
2801 3612 2914 3666 qua:
2943 3613 3043 3650 non
3072 3597 3306 3650 videntur
3343 3597 3363 3669 (
3379 3597 3433 3651 2.
3467 3597 3586 3652 Cor.
3615 3600 3669 3653 4.

2097 3691 2208 3759 18).
2232 3689 2367 3758 Quid
2385 3689 2556 3744 dicis?
2584 3689 2740 3759 Atqui
2773 3698 2958 3744 contra
2989 3704 3150 3759 quam
3180 3689 3315 3744 dicis
3335 3731 3352 3755 ,
3383 3704 3468 3744 res
3495 3705 3554 3745 se
3581 3690 3673 3746 ha-

2095 3782 2185 3838 bet
2213 3801 2226 3836 :
2260 3797 2383 3836 nam
2414 3780 2696 3836 invisibilia
2724 3797 2831 3835 non
2861 3780 3104 3836 videmus
3127 3821 3144 3846 ,
3171 3791 3223 3836 et
3257 3780 3485 3837 visibilia
3527 3783 3671 3838 vide-

2095 3886 2233 3927 mus.
2293 3871 2490 3939 Quales
2541 3871 2777 3926 habebas
2828 3871 3047 3936 oculos,
3106 3871 3242 3926 tales
3294 3881 3450 3937 sunt,
3496 3873 3585 3942 qui
3638 3889 3668 3928 a

2092 3962 2308 4018 Christo
2341 3962 2450 4016 dati
2483 3963 2662 4016 :sicut
2685 3961 2828 4016 enim
2855 3961 2907 4016 hi
2931 3961 3157 4015 visibilia
3197 3961 3410 4030 quidem
3452 3963 3665 4030 vident,

2093 4053 2375 4109 invisibilia
2420 4067 2552 4106 vero
2599 4067 2705 4106 non
2748 4051 2932 4106 vident
2962 4068 2975 4104 :
3004 4052 3083 4106 sic
3128 4051 3201 4106 illi
3247 4059 3434 4106 contra
3467 4069 3483 4108 :
3513 4068 3669 4108 nemo

2092 4144 2182 4213 qui
2209 4142 2491 4197 invisibilia
2524 4142 2720 4207 videat,
2754 4141 2982 4196 visibilia
3009 4140 3187 4207 videt;
3217 4157 3375 4198 nemo
3401 4143 3491 4213 qui
3536 4145 3667 4198 visi-

2092 4236 2218 4292 bilia
2238 4236 2437 4302 videat,
2462 4234 2746 4289 invisibilia
2775 4232 2941 4290 videt.
2971 4235 3164 4288 Annon
3196 4235 3358 4289 etiam
3389 4234 3529 4304 apud
3573 4250 3672 4290 nos

2092 4327 2196 4383 hoc
2224 4326 2324 4380 ﬁt?
2353 4325 2579 4393 Quando
2604 4325 2747 4380 enim
2780 4339 3037 4382 conversa
3067 4334 3249 4380 mente
3277 4341 3343 4380 ex
3389 4326 3668 4382 invisibili-

2090 4419 2191 4474 bus
2214 4417 2412 4488 aliquid
2437 4417 2754 4486 cogitamus,
2783 4416 3041 4472 sublimes
3067 4417 3221 4473 nobis
3248 4427 3375 4472 sunt
3402 4419 3669 4488 operatio-

2090 4524 2218 4563 num
2256 4508 2420 4562 oculi.
2468 4506 2886 4562 Contemnamus
2940 4507 3198 4578 gloriam;
3242 4507 3408 4562 rideri
3452 4509 3658 4578 magis,

2090 4616 2252 4671 quam
2283 4598 2486 4653 laudari
2521 4598 2767 4653 velimus.
2796 4596 2929 4652 Nam
2961 4597 3050 4667 qui
3083 4597 3371 4664 irridetur,
3404 4597 3538 4652 nihil
3577 4598 3667 4653 la:-

2089 4692 2265 4758 ditur;
2296 4689 2384 4760 qui
2415 4689 2685 4757 laudatur,
2712 4689 2958 4744 multum.
2984 4688 3063 4744 Ne
3093 4694 3268 4760 magni
3297 4689 3557 4746 faciamus
3587 4705 3670 4753 ea,

2093 4798 2210 4854 quas
2241 4781 2487 4837 homines
2516 4789 2748 4845 terrent;
2783 4775 2874 4831 sed
2893 4776 3041 4831 deiis
3060 4776 3540 4848 utdepuerililusu
3571 4792 3670 4834 tra-

2091 4886 2330 4930 ctemus:
2362 4886 2535 4942 neque
2561 4871 2726 4936 enim,
2745 4870 2789 4924 si
2815 4885 2972 4939 quem
2997 4869 3272 4926 videamus
3302 4871 3555 4940 puerulos
3585 4887 3670 4924 cx-

2093 4972 2383 5020 terrentem
2411 5004 2427 5029 ,
2458 4963 2634 5032 ipsum
2663 4961 2990 5016 admiramur
3019 4978 3033 5014 :
3066 4976 3186 5015 nam
3215 4963 3458 5031 quisquis
3489 4972 3670 5031 terret,

2097 5055 2348 5115 puerulos
2378 5061 2543 5108 terret
2569 5069 2586 5118 ;
2616 5052 2787 5107 virum
2819 5067 3049 5121 namque
3092 5061 3296 5107 terrere
3333 5069 3440 5109 non
3484 5057 3669 5124 possit.

2095 5148 2162 5202 Et
2189 5145 2638 5218 quemadmodum
2666 5145 2754 5213 qui
2783 5153 3004 5207 terrent,
3035 5143 3120 5198 vel
3166 5145 3456 5213 supercilia
3505 5147 3670 5200 surri-

2093 5247 2255 5309 gunt,
2285 5237 2368 5290 vel
2398 5236 2553 5290 aliter
2583 5235 2783 5288 vultum
2809 5232 3183 5302 distorquent;
3215 5243 3269 5285 at
3299 5233 3343 5287 si
3393 5249 3583 5288 sanum
3625 5243 3677 5287 et

2096 5338 2430 5385 mansuetum
2452 5326 2663 5382 oculum
2683 5324 2932 5388 habeant,
2961 5323 3061 5378 hoc
3089 5324 3266 5378 facere
3293 5337 3399 5378 non
3433 5324 3634 5394 pOSsint
3658 5341 3672 5376 :

2097 5421 2175 5474 sic
2199 5427 2256 5473 et
2286 5415 2831 5486 hi,perspicacitatem
2860 5414 3055 5468 mentis
3085 5413 3488 5482 distorquentes
3509 5454 3523 5478 ,
3577 5414 3676 5467 hoc

2097 5512 2321 5568 faciunt.
2345 5510 2525 5580 Itaque
2555 5515 2888 5563 mansuetum
2919 5505 3189 5561 hominem
3221 5516 3274 5561 et
3301 5505 3458 5562 bonae
3486 5505 3675 5560 anima

2105 5630 2261 5672 nemo
2286 5620 2522 5671 ouem;
2541 5651 2559 5679 ,
2585 5599 2680 5658 sed
2710 5600 2856 5654 illum
2883 5613 3201 5655 veneramur
3245 5613 3465 5668 omnes,
3511 5597 3675 5652 homo
