4028 6218
307 415 414 469 56⁸6

304 532 521 587 δύναιτο
561 530 765 600 φοϐεῖν.
817 527 928 581 Καὶ
984 523 1239 592 καθάπερ
1293 521 1342 574 οἱ
1396 518 1759 589 ἐκφοϐοῦντες
1794 518 1828 588 ἦ
1884 517 1983 579 τὰς

306 616 635 690 βλεφαρίδας
662 615 914 676 ἕλκοντες
942 610 1071 674 ἄνω,
1096 608 1129 679 ἢ
1154 608 1328 670 ἄλλως
1348 605 1410 658 τὸ
1432 604 1723 676 πρόσωπον
1746 603 1986 674 διαστρέ-

307 722 499 774 φοντες
525 701 686 755 τοῦτο
708 698 955 752 ποιοῦσιν
976 739 991 761 ,
1027 695 1261 764 ὑγιεινὸν
1303 693 1362 747 δὲ
1384 690 1387 693 ’
1406 692 1623 762 ἔχοντες
1659 691 1751 743 καὶ
1779 691 1985 760 ἥμερον

303 794 365 846 τὸ
401 792 573 861 ὄμμα,
604 789 707 840 οὐκ
749 786 813 840 ἂν
857 785 1108 839 δύναιντο
1138 785 1295 839 τοῦτο
1326 779 1575 849 ποιῆσαι·
1608 776 1753 831 οὓτω
1782 776 1847 848 δὴ
1892 778 1986 831 καὶ

304 874 473 939 οὗτοι,
508 877 569 929 τὸ
593 872 903 946 διορατικδν
938 870 1036 940 τῆς
1069 867 1310 930 διανοίας
1350 864 1794 937 διαστρέφοντες,
1830 862 1990 916 τοῦτο

305 963 570 1017 ποιοῦσιν.
596 962 762 1014 Ὥστε
788 958 998 1030 ἥμερόν
1021 973 1086 1025 γε
1109 954 1395 1024 ἄνθρωπον
1422 953 1518 1007 καὶ
1551 951 1715 1005 καλὸν
1745 952 1813 1022 τῇ
1840 949 1985 1020 ψυχῇ

305 1052 483 1113 οὐδεὶς
514 1049 581 1103 ἂν
628 1046 915 1117 φοϐηθείη,
951 1044 1068 1098 ἀλλ’
1096 1040 1398 1113 αἰδούμεθα
1429 1040 1653 1103 πάντες,
1702 1038 1985 1108 τιμῶμεν,

307 1136 700 1209 ὲντρεπόμεθα.
735 1135 847 1204 Ούχ
887 1133 1073 1203 δρᾶτε,
1117 1128 1233 1193 πῶς
1277 1131 1305 1182 6
1346 1126 1579 1197 φοϐερὸς
1622 1125 1717 1179 καὶ
1761 1123 1989 1196 μισητός

308 1226 423 1278 ἐστι
456 1223 551 1276 καὶ
577 1224 741 1276 πᾶσιν
768 1222 902 1290 ἡμῖν
929 1217 1202 1280 ἀπευκτός
1227 1234 1242 1283 ;
1272 1215 1337 1269 Τί
1366 1216 1472 1287 γὰρ
1505 1212 1661 1286 [595]
1697 1213 1805 1266 τῶν
1827 1212 1988 1265 δυνα-

311 1311 487 1382 μένων
527 1309 714 1379 φοϐεῖν
750 1308 910 1378 μόνον
943 1307 1044 1359 ούκ
1087 1302 1576 1375 ἀποστρεφόμεθα;
1627 1302 1750 1372 ούχί
1791 1298 1986 1382 θηρία,

308 1381 431 1469 ούχὶ
465 1397 671 1467 φωνὰς,
695 1396 815 1467 οὐχὶ
844 1395 1017 1465 ὄψεις,
1046 1394 1169 1464 ούχὶ
1196 1391 1419 1455 τόπους,
1451 1390 1573 1460 ούχὶ
1594 1389 1755 1459 ἀέρα,
1792 1381 1904 1440 οἷον
1931 1385 1991 1438 τὸ

314 1490 505 1549 σκότος
530 1502 546 1551 ;

379 1595 441 1643 ε’.
463 1586 555 1658 Μὴ
570 1586 633 1656 δὴ
651 1585 793 1656 μέγα
809 1582 1140 1654 νομίζοιμεν,
1155 1581 1205 1634 εί
1223 1579 1318 1635 ἄνθ
1326 1597 1499 1651 ρωποι
1515 1577 1803 1647 φοϐοῦνται
1820 1576 1987 1647 ἡμᾶς.

310 1678 533 1750 Πρῶτον
580 1676 679 1746 μὲν
714 1675 823 1744 γὰρ
857 1673 1032 1735 οὐδεὶς
1070 1671 1216 1742 ἡμᾶς
1244 1669 1535 1739 ἄνθρωπος
1575 1663 1992 1750 πτοεῖταιχδεύ-

308 1748 487 1835 τερον,
515 1764 577 1816 16
604 1764 697 1816 καὶ
728 1760 1094 1830 πτοουμένους
1127 1757 1276 1827 ἡμᾶς
1329 1757 1404 1826 μὴ
1450 1756 1594 1825 μέγα
1636 1754 1795 1807 τοῦτο
1828 1748 1987 1805 εἶναι.

310 1853 471 1921 Μέγα
516 1850 720 1919 ἀγαθὸν
761 1850 796 1919 ἡ
828 1848 1020 1918 ἀρετή·
1068 1845 1164 1900 καὶ
1208 1847 1311 1917 ὃρα
1362 1843 1477 1905 πῶς
1513 1842 1675 1912 μέγα.
1705 1840 1902 1893 Ἀθλια
1926 1838 1993 1891 τά

313 1933 651 2012 πράγματα’
665 1938 980 2008 νομίζοντες
1002 1975 1018 1999 ,
1051 1936 1119 1989 δι’
1151 1928 1226 1988 ὧν
1276 1933 1628 2002 συνέστηκεν,
1657 1930 1826 1999 αύτὴν
1867 1927 1995 1981 θαυ⁶

314 2025 565 2095 μάξομεν
597 2025 691 2077 καὶ
732 2022 1135 2095 μακαρίζομεν.
1175 2022 1270 2086 Τίς
1297 2022 1406 2091 γάρ
1436 2020 1537 2072 οὐκ
1570 2020 1636 2072 ἂν
1669 2015 1993 2087 μακαρίσειε

309 2112 401 2165 τὸν
435 2110 760 2179 φιλόσοφον,
817 2110 998 2164 καίτοι
1050 2109 1231 2171 πενία,
1268 2109 1364 2161 καὶ
1408 2108 1509 2160 ὃσα
1553 2102 1798 2167 τοιαῦτα,
1834 2101 1994 2156 ἀθλια

310 2194 451 2251 εἶναι
493 2198 677 2262 δοκεῖ;
711 2198 880 2250 Ὅταν
906 2192 998 2249 οῦν
1032 2196 1124 2250 διὰ
1153 2195 1261 2249 τῶν
1290 2193 1493 2249 ἀθλίων
1520 2188 1662 2246 εἶναι
1692 2189 1994 2245 δοκούντων

308 2285 523 2356 λάμπῃ,
548 2284 650 2355 ἆρα
665 2284 763 2354 τὴν
785 2284 884 2337 ὑπε
894 2284 1113 2355 ρϐολήν.
1141 2283 1302 2351 Μέγα
1322 2283 1540 2352 φρονεῖς
1569 2280 1663 2334 ἐπὶ
1682 2276 1991 2349 δυναστείᾳ,

312 2372 567 2443 ἄνθρωπε
594 2391 608 2439 ;
643 2373 754 2426 Καὶ
784 2372 912 2425 ποία
938 2371 1250 2435 δυναστεία,
1285 2370 1406 2423 εἰπέ
1431 2384 1545 2439 μοι,
1570 2365 1990 2439 ἐχειροτονήθη;

310 2460 471 2530 Παρά
497 2458 803 2529 ἀνθρώπων
840 2459 1025 2526 ἐγένου
1057 2456 1285 2521 δυνατός
1309 2474 1323 2487 ·
1359 2455 1571 2508 ἔνδοθεν
1618 2452 1993 2525 χειροτόνησον

312 2550 562 2601 σεαυτόν.
614 2549 832 2618 ’Ἄρχων
865 2547 977 2617 γὰρ
1014 2548 1112 2616 ούχ
1142 2549 1171 2597 6
1218 2545 1552 2615 καλούμενός
1604 2544 1773 2607 ἐστιν,
1818 2542 1934 2597 ἀλλ’
1966 2542 1994 2593 6

310 2632 408 2687 ὥν.
437 2634 650 2704 Ὥσπερ
680 2634 788 2705 γάρ
830 2633 1011 2704 ἰατρὸν
1041 2632 1140 2685 ούκ
1189 2630 1255 2684 ἂν
1287 2632 1533 2701 ποιήσειε
1576 2628 1830 2701 βασιλεὺς
1873 2627 1994 2681 οὐδὲ

312 2719 537 2791 ῥήτορα,
567 2718 743 2781 ονῦιτως
766 2718 887 2771 ούδέ
917 2719 1170 2789 ἄρχοντα·
1203 2717 1265 2770 οὐ
1288 2717 1397 2788 γὰρ
1419 2716 1486 2770 τά
1514 2716 1819 2788 γράμματα
1854 2715 1996 2766 ποιεῖ

309 2810 547 2879 ἄρχοντα
568 2849 583 2874 ,
617 2809 738 2861 ούδέ
767 2808 826 2861 τὸ
855 2808 1047 2877 ὄνομα.
1094 2807 1269 2872 Ἐπεὶ,
1306 2806 1355 2858 εἰ
1386 2805 1598 2876 βούλει,
1645 2801 1995 2873 οἰκοδομείτω

307 2913 392 2960 τις
431 2898 686 2967 ἰατρεῖον,
721 2894 898 2966 ἐχέτω
944 2894 1041 2947 καί⁵
1093 2895 1367 2966 μαθητὰς,
1422 2893 1595 2964 ἐχέτω
1644 2892 1740 2945 καὶ
1787 2890 1994 2962 ὄργανα

311 2984 404 3036 καὶ
433 2984 723 3055 φάρμακα,
756 2980 851 3035 καὶ
898 2980 1085 3034 εἰσίτω
1131 2980 1268 3051 πρὸς
1318 2981 1445 3043 τοὺς
1500 2978 1810 3050 κάμνοντας
1834 2994 1849 3007 ·
1884 2972 1994 3046 ἆρα

308 3076 468 3146 ἀρκεῖ
503 3071 675 3125 ταῦτα
708 3071 931 3142 ποιῆσαι
979 3069 1200 3140 ἰατρὸν;
1246 3068 1513 3138 Οὐδαμῶς
1537 3084 1552 3099 ·
1592 3066 1728 3120 ἀλλά
1758 3066 1840 3118 δεῖ
1893 3069 1994 3137 τῆς

309 3162 527 3230 τέχνης,
563 3158 658 3210 καὶ
685 3157 887 3227 ταύτης
914 3157 1067 3220 ἄνευ,
1090 3156 1163 3215 ,ού
1200 3155 1359 3225 μόνον
1386 3153 1560 3208 ταῦτα
1583 3154 1744 3206 ούδέν
1769 3151 1989 3220 ὠφελεῖ,

310 3248 451 3301 ἀλλά
504 3247 598 3299 καὶ
655 3244 915 3315 βλάπτει·
945 3244 1037 3296 τὸν
1073 3242 1181 3314 γὰρ
1223 3242 1326 3295 οὐκ
1378 3241 1561 3313 ἰατρὸν
1603 3240 1812 3311 βέλτιον
1858 3240 1994 3310 μηδὲ

307 3336 453 3406 ἐχειν
483 3334 771 3404 φάρμακα.
818 3333 878 3386 '0
920 3332 1019 3403 μὲν
1057 3327 1149 3385 οὖν
1185 3329 1260 3400 μὴ
1293 3329 1431 3400 έχων
1484 3328 1609 3381 οὔτε
1663 3326 1827 3393 σώζει
1868 3328 1994 3381 οὔτε

307 3422 624 3475 ἀπόλλυσιν·
658 3423 687 3474 6
731 3421 790 3474 δὲ
836 3420 1009 3490 έχων,
1046 3419 1341 3472 ἀπόλλυσιν
1367 3429 1417 3481 ι,
1463 3416 1565 3470 οὐκ
1605 3414 1761 3479 εἰδὼς
1784 3454 1801 3482 ,
1845 3417 1995 3480 ὃπως

308 3511 601 3581 χρήσηται·
636 3510 825 3576 ἐπειδὴ
848 3511 949 3562 ούκ
976 3510 1033 3561 ἐν
1062 3510 1128 3578 τῇ
1161 3506 1317 3576 φύσει
1341 3506 1449 3559 τῶν
1491 3506 1802 3577 φαρμάκων
1845 3507 1994 3559 ἐστὶν

309 3599 345 3669 ἡ
376 3598 623 3667 σωτηρία
656 3598 838 3668 μόνον,
870 3596 1008 3650 ἀλλά
1040 3597 1137 3650 καὶ
1168 3597 1226 3647 ἐν
1257 3597 1324 3666 τῇ
1370 3596 1534 3668 τέχνη
1568 3594 1662 3647 τοῦ
1693 3595 1994 3665 προσάγονο

308 3698 419 3745 τος·
445 3681 635 3735 τούτου
664 3681 774 3753 γὰρ
810 3680 886 3752 μὴ
924 3680 1095 3746 ὄντος,
1126 3680 1308 3733 πάντα
1344 3679 1687 3748 διέφθαρται.
1737 3677 1993 3743 Τοιοῦτος

310 3771 405 3823 καί
437 3771 465 3822 6
489 3768 673 3839 ἄρχων
706 3769 875 3822 ἐστίν·
910 3768 1023 3839 ἔχει
1056 3767 1286 3838 ὄργανα,
1315 3768 1417 3838 τὴν
1445 3766 1657 3837 φωνήν,
1680 3768 1770 3821 τὸν
1799 3766 1991 3838 θυμὸν,

307 3860 439 3923 τοὺς
465 3858 712 3929 δημίους,
753 3858 852 3921 τάς
894 3856 1215 3928 ὑπερορίας,
1249 3857 1348 3919 τὰς
1377 3856 1543 3928 τιμὰς
1566 3897 1583 3921 ,
1632 3856 1733 3920 τάς
1760 3854 1990 3926 δωρεὰς,

308 3951 436 4014 τοὺς
460 3949 735 4014 ἐπαίνους·
773 3947 888 4019 ἔχει
920 3951 1014 4001 καί
1036 3948 1327 4018 φάρμακα,
1357 3946 1483 4010 τοὺς
1512 3947 1731 4018 νόμους·
1755 3946 1869 4016 ἔχει
1896 3945 1992 3998 καὶ

310 4038 637 4109 κάμνοντας,
683 4037 809 4100 τοὺς
843 4033 1164 4105 ἀνθρώπους
1190 4052 1206 4067 ·
1239 4034 1349 4106 ἔχει
1385 4034 1770 4106 ἐργαστήριον,
1814 4033 1878 4086 τὸ
1914 4033 1990 4086 δι-

309 4123 625 4195 καστήριον·
658 4121 771 4193 έχει
806 4121 1077 4192 μαθητὰς,
1112 4122 1239 4185 τοὺς
1286 4119 1648 4190 στρατιώτας·
1686 4118 1754 4172 ἂν
1785 4114 1879 4171 οὖν
1909 4116 1986 4188 μὴ

309 4210 424 4280 εἰδῇ
452 4210 551 4281 τὴν
582 4210 895 4280 ἐπιστήμην
915 4209 1014 4279 τὴν
1054 4206 1331 4279 ἰατρικὴν,
1364 4205 1517 4259 οὐδὲν
1543 4204 1746 4257 τούτων
1776 4204 1986 4273 ὄφελος.

321 4296 380 4349 Ὀ
411 4296 669 4365 δικαστὴς
703 4295 888 4365 ἰατρὸς
926 4295 1116 4364 ψυχῶν
1158 4296 1332 4355 ἐστιν,
1369 4292 1491 4362 οὐχὶ
1526 4291 1819 4361 σωμάτων·
1850 4293 1897 4343 εἰ
1932 4290 1989 4342 δὲ

308 4380 448 4450 αὕτη
485 4383 527 4451 ἡ,
565 4381 833 4451 σωμάτων
865 4380 1135 4449 τοσαύτης
1183 4379 1355 4433 δεῖται
1410 4378 1727 4448 ἐπιμελείας
1750 4417 1765 4443 ,
1810 4376 1992 4449 πολλῷ

312 4469 512 4539 μᾶλλον
540 4468 685 4538 ήτῆς
728 4466 927 4537 ψυχῆς,
956 4467 1146 4537 ἐπειδὴ
1176 4467 1271 4521 καὶ
1298 4463 1498 4537 μείζων
1519 4464 1666 4537 ψυχὴ
1702 4464 1987 4537 σωμάτων.

308 4558 424 4612 Οὐκ
451 4555 560 4627 ἄρα
588 4554 648 4608 τὸ
675 4554 846 4626 ϐιομα
875 4553 1017 4624 ἔχειν
1056 4555 1314 4625 ἄρχοντος
1345 4553 1584 4624 ἄρχοντά
1628 4555 1777 4607 ἐστιν
1815 4548 1985 4607 εἶναι·

307 4643 430 4697 ἐπεὶ
456 4642 549 4696 καὶ
575 4641 722 4697 ἄλλοι
754 4640 1047 4696 καλοῦνται
1080 4642 1293 4712 μεγάλα
1316 4641 1576 4713 ὀνόματα·
1609 4636 1721 4694 οἷον
1753 4640 1987 4709 Παῦλος,

305 4731 537 4801 Πέτρος,
575 4729 855 4795 Ἰάκωϐος,
901 4729 1154 4800 Ἰωάννης
1180 4745 1193 4759 ·
1220 4729 1337 4783 ἀλλ’
1372 4729 1472 4782 ούκ
1516 4728 1624 4782 ἀπὸ
1661 4728 1769 4783 τῶν
1799 4729 1991 4800 ὀνομά-

303 4833 413 4869 των
466 4815 604 4869 εἰσὶν
658 4815 804 4885 ἆπερ
857 4814 1192 4879 καλοῦνται,
1242 4814 1493 4885 καθάπερ
1532 4814 1655 4867 οὐδὲ
1703 4814 1833 4883 ἐγώ·
1870 4814 1986 4870 ἀλλ’

306 4902 425 4972 εἰμί
447 4901 542 4956 τοῦ
576 4903 849 4974 μακαρίου
889 4902 986 4973 μὲν
1016 4903 1227 4956 ἐκείνου
1260 4902 1582 4973 ὁμώνυμος,
1617 4903 1678 4955 ού
1728 4902 1835 4974 μὴν
1862 4918 1986 4955 συν-

304 4988 538 5061 ώνυμος·
574 4992 673 5044 οὐκ
715 4992 834 5061 εἰμὶ
871 4991 1150 5062 Ἰωάννης,
1180 4990 1316 5045 ἀλλά
1352 4989 1646 5060 καλοῦμαι.
1686 4988 1842 5043 Οῦτω
1884 4989 1987 5042 κά-

304 5080 475 5131 κεῖνοι
511 5078 611 5132 ούκ
662 5082 804 5133 εἰσὶν
852 5080 1154 5151 ἄρχοντες,
1217 5078 1353 5133 ἀλλά
1396 5077 1709 5131 καλοῦνται.
1763 5077 1886 5129 Εἰσὶ
1929 5077 1985 5130 δὲ

303 5163 500 5217 ἐκεῖνοι
526 5168 783 5235 ἄρχοντες
813 5167 907 5220 καὶ
932 5168 1101 5238 χωρὶς
1122 5169 1349 5228 τούτων,
1370 5165 1559 5236 ὥσπερ
1593 5165 1686 5218 καὶ
1714 5163 1897 5234 ἰατρὸς
1932 5162 1981 5231 δ,

305 5248 406 5301 κᾶν
442 5250 514 5319 μὴ
547 5251 741 5323 χρῆται
770 5256 835 5323 τῇ
865 5254 1163 5324 ἐπιστήμη,
1192 5252 1293 5325 ἔχῃ
1322 5252 1378 5305 δὲ
1412 5252 1583 5321 αὐτὴν
1610 5252 1670 5303 ἐν
1700 5253 1771 5322 τῇ
1797 5250 1945 5320 ψυχῇ
1964 5290 1980 5317 ,

306 5337 487 5406 ίατρός
522 5338 688 5392 ἐστιν.
722 5340 873 5397 Εἰσὶν
920 5340 1180 5410 ἄρχοντες
1235 5340 1444 5393 ἑαυτῶν
1503 5340 1784 5410 ἄρχοντες.
1843 5337 1983 5409 Τρία

302 5425 411 5495 γὰρ
438 5423 611 5479 ταῦτά
634 5427 750 5479 ἐστι
781 5426 948 5498 ψυχῇ,
988 5427 1160 5493 οἰκία,
1193 5428 1368 5493 πόλις,
1402 5427 1720 5499 οἰκουμένη·
1756 5428 1849 5481 καὶ
1878 5425 1983 5497 ὁδῷ

329 5575 554 5654 νξΗφο..
584 5579 715 5654 ἔχων
752 5581 1032 5645 ἀπόλλυσιν,
1078 5580 1256 5633 desunt
1301 5584 1357 5633 ἱιιτ
1380 5597 1492 5634 uno.
1546 5583 1576 5624 ἱ·
1609 5583 1733 5645 Alii,
1775 5584 1975 5633 τούτων.

304 5640 398 5689 Καὶ
420 5642 510 5705 γὰρ
532 5644 560 5692 δ
584 5640 758 5707 ἰατρός.

1098 408 1155 464 S.
1191 403 1484 462 JOANNIS
1520 399 2020 461 CHRYSOSTUMI
2045 398 2371 458 ARCIIIEP.
2408 397 2967 455 CONSTANTINOP.

3665 392 3773 452 566

2092 515 2159 569 τά
2183 515 2482 586 πράγματα
2513 514 2814 587 προϐαίνει.
2862 516 2957 567 Δεῖ
2994 511 3172 566 τοίνυν
3216 512 3307 567 τὸν
3352 509 3619 583 μέλλοντα
3646 511 3775 564 ἐπι-

2094 603 2381 674 στήσεσθαι
2405 603 2602 669 οἰκίας,
2653 605 2749 657 καὶ
2776 601 2959 665 καλῶς
2998 601 3172 670 αὐτὴν
3215 599 3616 670 οἰκοδομήσειν,
3646 600 3777 669 πρό-

2089 708 2244 763 τερον
2269 690 2365 764 τήν
2395 692 2576 762 ψυχὴν
2599 692 2698 763 τὴν
2732 690 2928 745 ἑαυτοῦ
2961 689 3267 761 ῥυθμίζειν·
3292 688 3440 743 οἰκία
3469 688 3579 760 γὰρ
3602 688 3774 743 αὑτοῦ

2091 781 2259 833 ἐστιν·
2284 780 2334 831 εί
2359 779 2416 832 δὲ
2440 778 2538 850 τήν
2564 779 2759 832 ἐαυτοῦ
2792 778 2867 850 μὴ
2895 778 3131 843 δύναιτο,
3163 776 3292 831 ἔνθα
3323 776 3422 847 μία
3443 775 3615 846 ψυχὴ,
3643 775 3778 831 ἔνθα

2092 865 2278 936 κύριος
2305 867 2491 933 αὐτὸς,
2521 865 2651 920 ἔνθα
2680 866 2768 919 ἀεὶ
2802 866 3049 921 σύνεστιν
3088 865 3289 936 ἐαυτῷ,
3338 864 3456 929 πῶς
3500 865 3629 927 τοὺς
3674 863 3775 918 ἄλ-

2091 952 2214 1018 λους
2263 955 2644 1027 οἰκοδομήσει;
2704 953 2857 1027 [596]
2917 954 2977 1007 '0
3036 953 3135 1025 τὴν
3187 953 3366 1025 ψυχὴν
3421 952 3522 1024 τὴν
3573 951 3775 1006 ἐαυτοῦ

2094 1040 2358 1112 ρυθμίσαι
2399 1043 2728 1114 δυνάμενος,
2768 1042 2863 1096 καὶ
2900 1041 2963 1095 16
3017 1042 3118 1113 μὲν
3171 1039 3340 1094 ποιῶν
3367 1039 3587 1111 ἄρχειν,
3619 1037 3682 1091 τδ
3714 1037 3776 1090 δὲ

2093 1127 2375 1198 ἄρχεσθαι,
2411 1123 2568 1194 οὗτος
2600 1131 2695 1183 καὶ
2722 1130 2899 1184 οἰκίαν
2924 1128 3231 1200 δυνήσεται·
3264 1129 3293 1181 6
3325 1126 3383 1179 δὲ
3428 1124 3628 1187 οἰκίαν,
3675 1126 3776 1179 καὶ

2094 1215 2272 1269 πόλιν·
2300 1219 2330 1271 6
2360 1218 2417 1270 δὲ
2445 1217 2619 1282 πόλιν,
2664 1217 2760 1271 καὶ
2789 1216 3138 1286 οἰκουμένην.
3172 1216 3235 1269 Εἰ
3276 1215 3335 1267 δέ
3362 1213 3542 1283 ψυχὴν
3569 1213 3673 1265 οὐκ
3708 1212 3777 1265 ἂν

2093 1303 2331 1367 δύναιτο,
2382 1305 2498 1368 πῶς
2526 1304 2853 1375 οἰκουμένην
2886 1304 3214 1374 δυνήσεται;
3261 1299 3448 1355 Ταῦτά
3489 1317 3581 1370 μοι
3622 1299 3777 1370 εἴρη-

2095 1409 2203 1457 ται,
2243 1393 2330 1446 ἴνα
2359 1392 2434 1464 μὴ
2462 1387 2611 1464 ὦμεν
2646 1392 2979 1462 ἐπτοημένοι
3012 1390 3149 1460 πρὸς
3176 1390 3374 1461 ἀρχὰς,
3404 1390 3492 1443 ἵνα
3514 1388 3777 1458 εἰδῶμεν,

2095 1480 2148 1534 τί
2186 1481 2320 1534 ποτέ
2359 1482 2508 1535 ἐστιν
2550 1482 2714 1552 ἀρχή·
2761 1479 2922 1533 τοῦτο
2962 1479 3072 1550 γὰρ
3104 1479 3205 1533 ούκ
3233 1478 3395 1549 ἀρχὴ,
3433 1477 3572 1531 ἀλλά
3605 1476 3783 1529 κατά-

2096 1568 2271 1637 γελως
2313 1569 2409 1623 καί
2448 1567 2684 1633 δουλεία,
2720 1567 2815 1621 καὶ
2847 1568 3019 1639 μυρία
3048 1567 3212 1638 ἕτερα
3244 1568 3317 1622 ἄν·
3348 1583 3436 1629 τις
3465 1565 3778 1619 καλέσειεν.

2098 1657 2233 1710 Εἰπέ
2272 1675 2385 1728 μοι,
2412 1658 2464 1710 τί
2490 1659 2637 1711 ἐστιν
2659 1656 2917 1728 ἄρχοντος
2944 1655 3103 1722 ἵδιον;
3136 1651 3245 1725 ἆρα
3275 1655 3395 1724 ούχὶ
3422 1654 3482 1707 τὸ
3501 1665 3522 1692 ε
3543 1653 3781 1722 ὠφελεῖν

2096 1747 2222 1809 τοὺς
2270 1746 2604 1817 ἀρχομένους
2653 1746 2746 1798 καὶ
2776 1746 3123 1816 εύεργετεῖν;
3171 1744 3235 1797 Τί
3262 1739 3376 1808 οὖν,
3405 1743 3471 1796 ἂν
3499 1743 3661 1796 τοῦτο
3703 1740 3782 1814 μὴ

2098 1832 2361 1903 γένηται;
2393 1833 2513 1894 πῶς
2545 1833 2767 1904 ἐτέρους
2785 1830 3056 1903 ὠφελήσει
3084 1832 3111 1885 6
3141 1830 3330 1884 ἑαυτὸν
3352 1832 3428 1901 μὴ
3452 1830 3780 1901 ὠφελήσας

2097 1922 2126 1974 6
2158 1922 2359 1991 μυρίας
2384 1920 2525 1992 έχων
2552 1919 2874 1992 τυραννίδας
2903 1921 2960 1973 ἐν
2989 1923 3055 1991 τῇ
3085 1919 3230 1991 ψυχῇ
3259 1921 3369 1971 τῶν
3415 1918 3629 1983 παθῶν,
3659 1921 3783 1984 πῶς

2097 2013 2196 2076 τάς
2229 2012 2432 2085 ἐτέρων
2473 2012 2734 2082 ἐκκόψεις
2782 2010 2939 2065 Οῦτω
2972 2012 3069 2064 καὶ
3109 2011 3322 2082 τρυφή·
3367 2010 3465 2080 οὐχ
3490 2008 3635 2081 αὕτη
3660 2012 3783 2063 ἐστὶ

2099 2101 2302 2172 τρυφὴ,
2336 2100 2455 2154 ἀλλ’
2486 2102 2670 2171 ἑτέρα.
2703 2101 2917 2170 Ὠσπερ
2955 2098 3065 2169 γὰρ
3098 2098 3281 2168 ἄρχων
3308 2097 3520 2169 ἐδείχθη
3561 2099 3659 2167 οὐχ
3686 2094 3781 2153 οὗ·

2097 2205 2212 2253 τος,
2238 2189 2353 2244 ἀλλ’
2382 2189 2585 2261 ἕτερος·
2620 2187 2764 2242 οὕτω
2799 2188 2893 2241 καὶ
2929 2188 2957 2240 ὁ
2987 2187 3206 2256 τρυφῶν
3232 2186 3418 2257 ’έτερός
3450 2188 3589 2239 ἐστι.
3619 2189 3784 2239 Δοκεῖ

2103 2277 2201 2347 μὲν
2258 2277 2362 2347 γὰρ
2415 2274 2552 2331 εἶναι
2603 2275 2807 2347 τρυφὴ,
2862 2273 2923 2326 τὸ
2970 2274 3070 2343 τῆς
3116 2273 3311 2344 ἡδονῆς
3354 2273 3650 2327 ἀπολαύειν
3681 2276 3783 2327 καὶ

2099 2362 2512 2434 γαστρίζεσθαι·
2551 2365 2653 2417 οὐκ
2704 2362 2820 2415 ἔστι
2868 2360 2923 2413 δὲ
2955 2359 3130 2425 τοῦτο,
3167 2361 3303 2414 ἀλλά
3346 2362 3685 2428 τούναντίον,
3720 2362 3784 2415 τὸ

2098 2450 2277 2523 ψυχὴν
2307 2452 2452 2521 ἔχειν
2480 2452 2804 2524 θαυμαστὴν
2836 2446 2931 2505 καὶ
2961 2455 3018 2506 ἐν
3052 2454 3211 2525 ἡδονῇ
3256 2447 3416 2505 εἶναι.
3454 2451 3638 2503 Ἔστω
3666 2452 3783 2521 γάρ

2097 2555 2181 2603 τις
2210 2540 2426 2604 ἐσθίων,
2479 2542 2671 2605 πίνων,
2709 2544 2996 2598 σπαταλῶν
3018 2586 3033 2612 ,
3075 2544 3266 2597 ἔπειτα
3315 2539 3645 2611 φροντιζέτω
3681 2540 3783 2593 καὶ

2099 2626 2396 2699 ἀθυμείτω·
2435 2628 2509 2701 μὴ
2546 2630 2767 2685 δύναται
2795 2626 2948 2696 οὗτος
2979 2627 3122 2685 εἶναι
3149 2633 3206 2684 ἐν
3237 2631 3417 2701 τρυφῇ
3443 2646 3457 2694 ;
3509 2629 3623 2681 Ούκ
3664 2626 3785 2698 ἄρα

2098 2719 2160 2772 16
2181 2719 2379 2774 ἐσθίειν
2418 2722 2511 2775 καὶ
2541 2723 2717 2776 πίνειν
2765 2722 2966 2793 τρυφὴ,
3013 2721 3149 2776 ἀλλά
3190 2720 3252 2773 τὸ
3298 2722 3354 2773 ἐν
3407 2718 3571 2789 ἡδονῇ
3612 2712 3778 2770 εἶναι.

2103 2808 2284 2861 Ἔστω
2318 2825 2401 2873 τις
2454 2809 2617 2880 ξηρὸν
2668 2809 2961 2881 λαμϐάνων
3018 2808 3203 2882 ἄρτον,
3260 2809 3356 2861 καὶ
3408 2804 3785 2876 ἐμπιπλάσθω

2104 2896 2220 2965 μετ’
2245 2896 2603 2968 εὐφροσύνης·
2641 2892 2749 2969 ἆρα
2782 2897 2939 2952 τοῦτο
2972 2898 3168 2969 ήδονή;
3212 2894 3420 2951 Οὐκοῦν
3445 2896 3540 2949 καὶ
3568 2896 3782 2965 τρυφή.

2103 2983 2332 3053 ’Ἰδωμεν
2376 2979 2489 3047 οὗν,
2516 2985 2622 3038 τίνι
2656 2984 3015 3055 παραγίνεται
3049 2984 3210 3054 αῦτη,
3237 2987 3349 3047 τοῖς
3378 2982 3706 3036 πλουτοῦσιν
3744 2981 3781 3053 ἢ

2098 3071 2211 3132 τοῖς
2236 3070 2310 3141 μὴ
2346 3070 2701 3137 πλουτοῦσιν;
2727 3070 2865 3125 Οὔτε
2893 3071 3105 3134 τούτοις
3138 3069 3344 3133 ἀπλῶς,
3369 3068 3493 3123 οὕτε
3522 3069 3782 3132 ἐκείνοις,

2100 3154 2235 3208 ἀλλά
2263 3158 2374 3219 τοῖς
2407 3155 2551 3209 οὕτω
2582 3155 3053 3220 κατασκευάζουσι
3080 3156 3179 3226 τὴν
3205 3154 3383 3226 ψυχὴν
3411 3156 3511 3225 τὴν
3543 3156 3781 3221 ἐαυτῶν,

2100 3244 2240 3298 ὥστε
2274 3244 2348 3315 μή
2389 3243 2590 3309 πολλὰς
2647 3245 2793 3316 ἔχειν
2842 3244 3089 3315 ἀθυμιῶν
3120 3244 3429 3306 ὑποθέσεις.
3467 3244 3578 3296 Καὶ
3625 3242 3784 3307 ποῖός

2100 3333 2248 3386 ἐστιν
2273 3327 2427 3397 οὗτος
2461 3332 2489 3385 6
2525 3332 2665 3403 βίος;
2703 3334 2835 3396 ἴσως
2867 3333 2982 3404 ἐρεῖ
3012 3349 3096 3395 τις
3122 3329 3170 3370 ἀ·
3203 3330 3314 3402 ὁρῶ
3343 3329 3453 3401 γὰρ
3477 3329 3784 3400 κεχηνότας

2101 3420 2348 3484 ἄπαντας
2375 3421 2470 3474 καί.
2499 3420 2854 3492 βουλομένους
2901 3420 3151 3485 ἀκοῦσαι,
3187 3420 3272 3481 τίς
3304 3420 3453 3472 ἐστιν
3486 3420 3513 3471 6
3547 3419 3664 3489 βίος
3687 3411 3785 3471 οὗ.

2098 3525 2189 3571 τος
2211 3510 2240 3562 6
2268 3507 2343 3579 μὴ
2368 3507 2508 3579 ἔχων
2535 3508 2795 3579 ἀθυμίας.
2823 3507 3033 3561 Οὐκοῦν
3066 3507 3434 3578 δμολογείσθω
3462 3509 3589 3577 παρ’
3620 3506 3785 3577 ὑμῶν

2101 3596 2335 3668 πρῶτον,
2365 3598 2448 3649 ὅτι
2476 3595 2634 3650 τοῦτο
2672 3597 2855 3668 ἡδονὴ,
2890 3594 3045 3649 τοῦτο
3069 3594 3270 3667 τρυφὴ,
3303 3595 3429 3648 ὅταν
3455 3594 3667 3664 ἀθυμία
3705 3596 3787 3665 μὴ

2101 3684 2314 3756 ἐνοχλῇ,
2346 3684 2441 3739 καὶ
2473 3684 2547 3755 μὴ
2590 3685 2795 3755 ἀπαιτῇ
2833 3684 2962 3755 παρ’
2994 3682 3130 3753 ἐμοῦ
3178 3682 3316 3753 κρέα
3364 3684 3459 3735 καὶ
3493 3677 3635 3735 οἶνον
3688 3682 3785 3735 καὶ

2101 3771 2501 3842 καρυκεύματα
2531 3772 2628 3824 καὶ
2663 3772 2855 3841 ἰμάτια
2884 3770 3085 3841 σηρικὰ
3115 3770 3212 3823 καὶ
3241 3769 3442 3840 πλῆθος
3474 3768 3781 3840 τραπέζης.

2099 3860 2223 3915 Αλλ’
2283 3859 2349 3914 ἂν
2401 3858 2564 3924 δείξω
2611 3859 2821 3913 τούτων
2871 3859 3043 3930 χωρὶς
3094 3858 3338 3931 παρόντα
3377 3857 3471 3909 τὸν
3518 3856 3631 3926 βίον
3684 3856 3781 3909 τὸν

2098 3946 2362 4011 τοιοῦτον,
2389 3946 2594 4018 ταύτην
2622 3946 2719 4018 τὴν
2749 3945 2941 4018 ἡδονὴν
2967 3947 3276 4015 ἀγάπησον,
3298 3944 3485 3998 τοῦτον
3518 3944 3610 3997 τὸν
3637 3943 3779 4013 βίου’

2099 4035 2169 4089 τά
2199 4035 2308 4106 γὰρ
2343 4034 2515 4089 πολλὰ
2552 4037 2616 4087 ἐκ
2644 4033 2735 4088 τοῦ
2777 4034 2851 4105 μὴ
2886 4032 3196 4102 λογίζεσθαι
3226 4032 3454 4095 δεόντως
3484 4031 3787 4101 παραγίνε-

2097 4140 2188 4176 ται
2214 4125 2345 4193 ήμῖν
2376 4123 2485 4176 τῶν
2508 4122 2786 4192 λυπηρῶν.
2817 4120 2912 4185 Τίς
2952 4117 3048 4174 οὖν
3077 4119 3299 4174 πλείονα
3322 4118 3724 4190 λυπηθήσεται,
3752 4119 3787 4173 ὀ

2101 4210 2328 4283 μηδενὸς
2361 4210 2539 4264 αὐτῶν
2569 4208 2895 4281 φροντίζων,
2927 4208 2959 4277 ἢ
2990 4211 3019 4262 6
3054 4206 3394 4281 φροντίζωνς
3448 4208 3478 4260 6
3508 4206 3785 4278 φοϐούμε-

2098 4314 2187 4361 νος
2216 4296 2315 4360 τὰς
2350 4296 2669 4367 μεταϐολὰς,
2696 4295 2729 4366 ἢ
2763 4298 2790 4349 6
2821 4295 2896 4366 μὴ
2939 4294 3307 4364 φοϐούμενος;
3357 4295 3386 4348 6
3450 4292 3785 4363 βασκανίαν,

2096 4385 2125 4438 6
2157 4383 2368 4453 φθόνον,
2397 4385 2427 4437 6
2465 4383 2851 4452 συκοφαντίας,
2897 4384 2926 4434 6
2959 4381 3271 4447 ἐπιϐουλὰς,
3316 4381 3346 4435 6
3383 4381 3664 4435 ἀπώλειαν
3693 4382 3785 4436 δε-

2096 4471 2311 4538 δοικὼς,
2340 4473 2373 4544 ἢ
2399 4473 2427 4525 6
2457 4470 2662 4526 τούτων
2690 4470 2882 4538 έκτός;
2908 4470 2937 4523 6
2965 4470 3224 4524 πλειόνων
3251 4469 3525 4541 δεόμενος,
3554 4470 3589 4542 ἢ
3616 4472 3647 4524 6
3670 4489 3783 4544 μη-

2096 4561 2272 4625 δενόςς
2301 4562 2329 4613 6
2359 4557 2573 4632 μυρίοις
2593 4558 2883 4625 δουλεύων,
2914 4558 2947 4630 ἢ
2980 4561 3009 4612 6
3038 4557 3263 4629 μηδενί;
3292 4559 3322 4610 6
3353 4557 3562 4628 μυρίων
3582 4558 3784 4629 χρείαν

2097 4647 2256 4719 ἔχων,
2288 4648 2322 4718 ἦ
2355 4650 2383 4701 6
2411 4647 2726 4718 ἐλεύθερος;
2764 4648 2794 4701 6
2830 4647 2926 4700 ένα
2949 4646 3214 4717 δεσπότην
3248 4644 3523 4709 δεδοικὼς,
3549 4645 3584 4715 ἦ
3608 4647 3640 4698 6
3673 4664 3782 4718 μυ-

2098 4737 2279 4809 ρίους;
2310 4733 2521 4789 Οὐκοῦν
2551 4735 2753 4806 μείζων
2787 4736 2821 4805 ή
2855 4733 3018 4805 ἡδονὴ
3047 4732 3296 4786 ἐνταῦθα.
3346 4732 3564 4802 Ταύτην
3592 4734 3779 4787 τοίνυν

2093 4822 2399 4892 διώκωμεν,
2432 4823 2527 4877 καὶ
2566 4822 2643 4894 μὴ
2682 4822 2810 4892 περὶ
2838 4820 2908 4874 τά
2937 4820 3181 4892 παρόντα
3224 4813 3376 4889 ὦμεν
3413 4822 3773 4891 ἐπτοημένοι·

2093 4906 2231 4960 ἀλλὰ
2260 4906 2657 4977 καταγελῶμεν
2689 4907 2870 4974 πάσης
2901 4904 3001 4974 τῆς
3042 4902 3137 4957 τοῦ
3173 4902 3290 4974 βίου
3319 4902 3645 4972 φαντασίας,
3678 4904 3775 4958 καὶ

2094 4994 2369 5064 πανταχοῦ
2399 4994 2499 5063 τῆς
2530 4992 2873 5065 συμμετρίας
2898 4986 3070 5062 ὦμεν,
3097 4991 3185 5044 ἵνα
3221 4990 3537 5061 δυνηθῶμεν
3563 4990 3777 5045 ἄλυπον

2090 5083 2183 5136 τὸν
2236 5081 2351 5151 βίον
2394 5070 2591 5134 τοῦτον
2648 5079 2962 5149 διαγαγεῖν,
3033 5079 3127 5132 καὶ
3172 5077 3281 5131 τῶν
3340 5078 3773 5148 ἐπηγγελμένων

2091 5169 2310 5238 ἀγαθῶν
2342 5170 2642 5239 ἐπιτυχεῖν,
2673 5166 2856 5239 χάριτι
2887 5167 2982 5220 καὶ
3016 5164 3394 5236 φιλανθρωπίᾳ
3424 5164 3522 5218 τοῦ
3562 5166 3772 5237 Κυρίου

2089 5256 2249 5329 ήμῶν
2289 5257 2464 5328 Ἰησοῦ
2508 5254 2778 5327 Χριστοῦ,
2814 5253 2933 5325 μεθ’
2973 5247 3035 5307 οὗ
3061 5254 3139 5325 τῷ
3168 5254 3344 5321 Πατρὶ
3376 5252 3494 5323 ἅμα
3520 5252 3600 5323 τῷ
3629 5252 3777 5323 ἁγίῳ

2092 5344 2371 5414 Πνεύματι
2401 5342 2549 5408 δόξα,
2584 5341 2807 5412 κράτος,
2835 5340 2991 5411 τιμὴ,
3019 5339 3115 5394 νῦν
3148 5340 3244 5395 καὶ
3275 5339 3383 5405 ἀεὶ,
3415 5338 3511 5394 καὶ
3537 5340 3617 5403 είς
3641 5339 3771 5404 τοὺς

2089 5430 2290 5495 αἰῶνας
2318 5430 2427 5483 τῶν
2462 5428 2695 5484 αἰώνων.
2745 5428 2940 5499 Ἀμήν.

2153 5585 2355 5652 οῄιιιυά,
2390 5586 2496 5652 ἆρα-
2520 5584 2919 5652 οὐχὶ-,τὸηάοοει
2952 5586 2998 5636 in
3027 5583 3337 5649 quibusdam.
3404 5584 3435 5625 α
3470 5581 3623 5648 Illud,
3647 5583 3778 5643 ῐσως

2089 5650 2184 5712 ἐρεῖ
2206 5666 2294 5708 τις,
2317 5644 2465 5698 (Ῐθθὲι
2484 5647 2535 5696 iu
2558 5644 2867 5709 (ihibusdam.
