3920 6224
259 392 367 451 505

257 519 441 561 ramus
469 545 482 566 .
512 516 846 559 reveremur.
877 499 1066 554 Annon
1088 494 1283 551 videtis
1302 535 1317 561 ,
1345 492 1617 564 quomodo
1645 492 1690 546 is
1711 533 1726 557 ,
1758 490 1850 560 qui

259 594 523 650 terribilis
550 603 656 659 est,
688 592 941 647 omnibus
971 590 1041 643 sit
1070 588 1273 641 invisus
1315 594 1371 640 et
1416 581 1854 641 abominandus'!

258 686 394 754 Quid
430 685 575 741 enim
602 700 665 739 ex
697 683 797 748 iis,
834 696 953 752 qua:
985 688 1191 733 terrere
1217 684 1471 747 possunt,
1496 690 1602 729 non
1632 687 1851 729 aversa-

261 777 425 831 mur?
458 790 637 829 nonne
669 772 829 837 feras,
864 786 1040 827 nonne
1071 768 1272 834 vultus,
1299 782 1477 822 nonne
1507 766 1645 829 loca,
1676 778 1854 817 nonne

258 884 467 932 aerem,
490 867 679 937 quales
708 862 985 920 tenebrze?

334 961 389 1014 5.
423 959 548 1012 Non
566 958 628 1012 ab
648 958 937 1011 hominibus
962 954 1127 1009 timeri
1152 953 1450 1023 optandum.
1483 952 1742 1018 Quantum
1770 950 1856 1006 bc-

262 1069 384 1105 num
417 1053 487 1105 sit
516 1051 694 1105 virtus.
716 1048 878 1104 —Ne
900 1050 1058 1118 igitur
1084 1061 1334 1117 maguum
1368 1053 1612 1113 putemus
1640 1057 1781 1107 esse,
1812 1041 1854 1095 si

260 1142 516 1197 h-unines
535 1158 631 1197 nos
658 1142 898 1195 timeant.
922 1138 1156 1193 Primum
1184 1137 1327 1192 enim
1352 1134 1528 1188 nullus
1549 1148 1672 1187 vere
1694 1132 1856 1186 homo

260 1250 358 1289 nos
390 1235 552 1289 timet
585 1251 597 1287 :
630 1232 946 1295 secundum,
976 1246 1081 1285 non
1109 1243 1358 1299 magnum
1387 1236 1469 1281 est
1507 1225 1700 1280 timeri.
1743 1223 1853 1279 Ma-

260 1342 423 1396 gnum
456 1326 659 1380 bomnn
692 1325 861 1378 virtus
888 1332 1006 1377 est:
1040 1332 1095 1375 et
1120 1320 1239 1375 vide
1271 1318 1543 1389 quomodo
1582 1331 1851 1383 magnum.

262 1416 376 1471 Etsi
407 1432 498 1470 res
526 1416 670 1481 illas,
689 1416 882 1485 quibus
910 1422 1153 1479 constat,
1188 1411 1412 1465 miseras
1451 1410 1816 1464 existimemus
1837 1448 1853 1475 ,

265 1502 405 1561 il’am
439 1514 625 1561 tamen
665 1503 965 1558 mirabilem
982 1502 1298 1570 beatamque
1319 1497 1692 1571 prmdicamus.
1723 1497 1857 1565 Quis

263 1599 406 1653 enim
440 1614 550 1652 non
582 1598 796 1652 beatum
827 1595 1081 1666 prmdicet
1110 1593 1487 1665 philosophum
1513 1632 1530 1660 ,
1580 1592 1679 1645 etsi
1725 1606 1854 1659 pau-

264 1700 447 1758 pertas
476 1697 530 1741 et
557 1686 755 1742 similia
781 1686 976 1740 misera
1017 1698 1138 1739 esse
1182 1681 1507 1738 videantur?
1551 1679 1682 1735 Cum
1729 1695 1857 1750 ergo

269 1796 361 1847 per
388 1795 479 1846 ea,
502 1794 626 1849 qua:
656 1779 850 1833 misera
876 1792 995 1833 esse
1020 1776 1295 1843 videntur,
1334 1775 1424 1831 ille
1454 1774 1651 1844 fulgeat
1675 1815 1689 1841 ,
1738 1773 1859 1827 vide

266 1870 669 1924 excellentiam.
702 1854 883 1923 Altum
910 1868 1056 1938 sapis
1080 1867 1148 1922 de
1176 1867 1411 1937 potentia
1437 1906 1453 1931 ,
1483 1882 1516 1920 o
1548 1865 1752 1918 homo?
1794 1863 1861 1917 Et

265 1976 387 2029 qua:
416 1959 657 2028 potentia
685 1999 700 2025 ,
728 1973 943 2029 quwso,
976 1957 1221 2013 ordinata
1260 1958 1382 2011 est?
1429 1957 1512 2012 Ab
1554 1954 1859 2009 hominibus

271 2060 462 2118 potens
505 2049 678 2103 factus
723 2064 783 2105 es
820 2062 833 2101 :
870 2049 1011 2103 intus
1057 2048 1245 2102 ordiua
1298 2047 1549 2118 teipsum.
1604 2046 1861 2116 Princeps

269 2142 412 2195 enim
443 2154 551 2206 ρει,
582 2155 689 2195 non
716 2141 809 2211 qui
837 2150 1076 2204 vocatur,
1107 2138 1201 2194 sed
1249 2140 1341 2209 qui
1387 2154 1515 2194 vere
1560 2148 1663 2192 est.
1714 2136 1863 2191 Sicut

272 2231 412 2285 etim
450 2246 543 2285 rex
580 2246 751 2299 neque
782 2229 1046 2285 medicum
1070 2244 1241 2299 neque
1266 2228 1535 2282 rhetorem
1573 2226 1751 2293 faciet,
1785 2226 1863 2280 sic

276 2338 447 2391 neque
474 2321 815 2391 principem;
849 2336 1022 2391 neque
1043 2321 1185 2376 enim
1210 2320 1291 2374 vel
1328 2319 1498 2373 litera:
1537 2319 1619 2373 vel
1668 2333 1863 2372 nomen

277 2414 576 2483 principem
609 2414 827 2467 faciunt.
859 2413 1012 2475 Nam,
1044 2412 1087 2467 si
1119 2412 1218 2475 vis,
1246 2419 1486 2467 exstruat
1527 2411 1645 2482 quis
1692 2410 1864 2465 medi-

278 2506 413 2559 (εἰπεῖν
450 2504 721 2559 officinam
743 2546 755 2567 ,
792 2505 984 2559 habeat
1011 2504 1171 2560 etiam
1204 2503 1515 2573 discipulos,
1547 2502 1740 2558 habeat
1783 2502 1863 2556 in-

278 2607 575 2653 S'rumenla
604 2609 657 2653 et
685 2599 967 2669 pharmaca
988 2639 1003 2663 ,
1033 2608 1087 2653 et
1122 2598 1313 2652 invisat
1343 2606 1574 2667 aegrotos
1606 2614 1619 2651 :
1647 2612 1714 2650 an
1751 2595 1866 2650 hcce

284 2699 508 2758 possunt
542 2689 758 2744 efficere
804 2690 1111 2745 medicum?
1154 2688 1400 2754 Minime;
1444 2688 1539 2744 sed
1582 2696 1698 2742 arte
1732 2702 1867 2757 opus

286 2788 369 2833 cst
392 2823 406 2845 ,
437 2791 493 2835 et
516 2781 632 2835 sine
661 2780 745 2834 illa
775 2796 880 2836 non
922 2779 1081 2835 modo
1111 2780 1241 2834 nihil
1293 2779 1409 2835 haec
1459 2788 1680 2851 prosunt
1709 2819 1723 2843 ,
1773 2778 1867 2833 sed

286 2874 445 2925 etiam
470 2880 668 2926 nocent
699 2887 715 2926 :
746 2887 867 2927 eum
899 2872 1062 2937 enim,
1096 2872 1185 2942 qui
1216 2870 1453 2926 medicus
1484 2884 1588 2924 non
1618 2878 1723 2936 Cal,
1754 2884 1869 2923 me-

290 2963 386 3017 hus
408 2974 492 3017 est
519 2964 808 3033 pharmaca
837 2980 941 3019 non
970 2964 1192 3020 habere.
1220 2964 1319 3033 Qui
1353 2979 1457 3019 non
1487 2963 1669 3029 habet,
1698 2978 1871 3032 neque

288 3066 465 3109 servat
504 3072 677 3125 neque
703 3056 875 3127 perdit
903 3074 919 3123 ;
952 3057 1041 3127 qui
1072 3066 1250 3112 autem
1280 3056 1476 3120 habet,
1526 3055 1868 3125 pessumdat,

291 3147 533 3199 nesciens
566 3145 671 3201 illis
732 3148 856 3201 uli:
904 3147 1165 3217 siquidem
1209 3163 1313 3202 non
1361 3148 1412 3201 in
1464 3146 1872 3215 pharmacorum

290 3245 473 3288 natura
507 3244 709 3291 tantum
736 3237 879 3291 salus
900 3248 982 3293 est
1008 3278 1025 3305 ,
1056 3237 1147 3292 sed
1173 3237 1335 3292 etiam
1366 3238 1417 3291 in
1463 3246 1578 3291 arte
1622 3237 1821 3291 utentis
1855 3254 1867 3289 :

290 3342 404 3395 qtae
429 3328 474 3380 si
505 3344 609 3381 non
642 3328 815 3394 adsit,
844 3329 1024 3382 omnia
1056 3335 1302 3399 pereunt.
1333 3327 1479 3382 Talis
1528 3338 1583 3382 et
1625 3327 1873 3397 princeps

288 3428 370 3470 est
400 3435 413 3471 :
448 3417 607 3472 habet
637 3418 1012 3483 instrumenta,
1046 3433 1255 3485 vocem,
1288 3418 1439 3483 iram,
1474 3418 1706 3482 lictores,
1727 3417 1872 3471 exsi-

292 3508 391 3573 lia,
442 3509 713 3578 honores,
757 3509 935 3577 dona,
984 3511 1202 3577 laudes;
1248 3510 1409 3565 habet
1445 3520 1498 3565 et
1548 3510 1871 3579 pharmaca,

292 3601 463 3671 leges;
497 3602 657 3656 habet
686 3618 893 3673 :cgros,
927 3603 1206 3668 homines;
1256 3602 1416 3657 habet
1445 3603 1711 3657 officinam
1732 3642 1747 3669 ,
1778 3603 1873 3656 Iri-

294 3690 489 3756 bunal;
523 3692 685 3747 habet
714 3693 1025 3763 discipulos,
1059 3693 1260 3749 milites
1289 3711 1302 3747 :
1330 3703 1385 3747 at
1405 3692 1448 3746 si
1490 3708 1594 3747 non
1617 3692 1755 3746 adsit
1788 3706 1875 3747 ars

300 3784 505 3839 medica
526 3825 541 3849 ,
569 3784 687 3839 lucc
710 3784 841 3839 nihil
885 3785 963 3839 illi
994 3784 1306 3855 proderunt.
1334 3783 1505 3839 Judcx
1535 3783 1773 3838 medicus
1793 3792 1876 3837 est

294 3878 616 3942 animarum,
645 3892 751 3933 non
777 3892 1063 3947 corporum
1098 3894 1110 3930 :
1140 3878 1185 3933 si
1207 3889 1384 3933 autem
1414 3891 1697 3946 corporum
1726 3875 1875 3930 vale-

295 3968 418 4024 tudo
442 3977 588 4022 tanta
612 3979 731 4038 eget
751 3983 878 4022 cura
900 4010 915 4033 ,
960 3968 1128 4024 multo
1164 3969 1332 4038 magis
1372 3970 1701 4035 animarum,
1750 3967 1872 4038 quia

296 4059 463 4126 major
500 4058 677 4111 anima
708 4073 954 4127 corpore.
983 4058 1098 4112 Non
1126 4073 1255 4128 ergo
1278 4073 1471 4112 nomen
1504 4058 1701 4113 habere
1726 4058 1877 4128 prin-

293 4150 444 4218 cipis,
476 4159 559 4205 est
590 4164 712 4205 esse
758 4151 1052 4221 principem
1089 4169 1103 4205 :
1135 4151 1567 4221 quandoquidem
1620 4161 1877 4205 vocantur

294 4248 345 4292 et
368 4240 456 4295 alii
490 4241 700 4311 magnis
727 4240 1057 4307 nominibus,
1091 4242 1238 4296 verbi
1278 4243 1448 4313 gratia
1489 4242 1720 4308 Paulus,
1770 4241 1873 4296 Pe—

294 4338 426 4393 trus,
450 4330 708 4399 Jacobus,
734 4331 1002 4398 Joannes;
1033 4332 1129 4388 sed
1158 4349 1263 4387 non
1285 4348 1348 4388 ex
1369 4332 1674 4387 nominibus
1699 4333 1731 4386 ii
1752 4343 1877 4387 sunt

293 4422 379 4489 qui
412 4432 677 4477 vocantur
709 4440 723 4477 :
756 4431 815 4477 ut
843 4433 898 4478 et
927 4439 1025 4493 ego
1053 4439 1170 4478 sum
1195 4423 1410 4494 quidem
1438 4423 1577 4478 beati
1602 4424 1741 4477 illius
1781 4424 1877 4478 ho-

294 4527 581 4583 tuonymus
608 4513 719 4568 sive
748 4514 1080 4583 cognominis
1100 4556 1115 4581 ,
1148 4528 1254 4568 non
1282 4527 1459 4568 autem
1501 4529 1830 4586 synonymus
1860 4532 1874 4568 :

295 4619 395 4658 non
424 4620 544 4659 sum
571 4603 827 4671 Joannes,
857 4606 950 4660 sed
975 4620 1153 4660 vocor.
1180 4605 1269 4661 Sic
1294 4615 1346 4660 et
1376 4605 1446 4659 illi
1471 4620 1575 4659 non
1595 4616 1717 4659 sunt
1736 4607 1879 4675 priu-

294 4698 474 4763 cipes,
500 4698 599 4751 sed
631 4707 910 4751 vocantur.
944 4697 1078 4752 Sunt
1106 4706 1282 4752 autem
1314 4698 1389 4751 illi
1422 4698 1688 4768 principes
1716 4698 1877 4752 etiam

294 4788 405 4841 sine
434 4788 522 4843 his
553 4805 568 4843 :
599 4789 738 4843 sicut
765 4799 820 4844 et
848 4789 1088 4844 medicus
1113 4789 1237 4845 licet
1262 4798 1375 4843 arte
1405 4804 1498 4843 sua
1528 4806 1632 4846 non
1662 4800 1840 4844 utatur
1859 4831 1875 4856 ,

296 4877 338 4931 si
364 4877 507 4932 illam
541 4879 595 4932 iu
624 4879 801 4933 anima
834 4878 1058 4946 habeat,
1090 4879 1330 4935 medicus
1357 4888 1459 4933 est.
1503 4879 1637 4935 Sunt
1683 4881 1881 4951 princi-

301 4982 390 5035 pes
416 4971 496 5023 sui
524 4969 761 5040 ipsorum
790 4970 1077 5039 principes.
1108 4970 1229 5025 Tria
1258 4971 1400 5025 enim
1436 4971 1548 5026 lucc
1592 4981 1713 5025 sunt
1759 4973 1877 5025 ani-

306 5070 425 5122 ma,
450 5058 667 5125 domus,
697 5060 904 5125 civitas,
934 5060 1079 5114 orbis
1107 5077 1120 5126 ;
1153 5070 1207 5115 et
1234 5060 1316 5113 via
1348 5060 1576 5129 quadam
1621 5077 1709 5115 res
1759 5078 1881 5131 pro-

308 5150 507 5203 cedunt.
538 5151 765 5220 Opertet
794 5151 956 5221 igitur
978 5167 1101 5208 eunt
1127 5152 1217 5222 qui
1245 5151 1425 5207 domui
1470 5153 1839 5221 praeficiendus
1862 5192 1878 5217 ,

309 5249 356 5291 et
380 5241 543 5311 ipsam
576 5251 723 5297 recte
752 5242 1109 5298 :edifieaturus
1136 5252 1239 5307 est,
1274 5244 1447 5312 primo
1474 5243 1705 5296 animam
1730 5257 1880 5297 suam

312 5346 622 5404 componere
653 5352 667 5390 :
700 5349 821 5389 nam
848 5334 1041 5391 domus
1071 5349 1166 5389 sua
1197 5344 1296 5389 cst.
1326 5334 1382 5389 Si
1403 5348 1531 5389 vero
1560 5350 1709 5389 suam
1732 5348 1881 5405 rege-

1256 378 1321 435 ιδ
1360 375 1541 434 ACTA
1581 373 2102 433 APOSTOLORUM.
2143 376 2374 435 HOMIL.
2418 377 2527 436 LII.

1886 5528 1964 5549 (τδρ

3438 380 3541 436 386

1964 508 2021 547 re
2055 509 2159 548 non
2186 496 2373 563 possit,
2406 496 2492 551 ubi
2522 509 2624 550 uua
2654 494 2829 550 anima
2856 536 2871 561 ,
2899 493 2989 550 ubi
3041 494 3203 552 herus
3245 496 3359 566 ipse
3382 537 3400 565 ,
3453 500 3543 553 ubi

1960 600 2173 656 semper
2196 602 2377 642 secum
2404 598 2520 654 est,
2562 587 2831 657 quomodo
2884 588 3019 642 alios
3063 588 3393 643 aedificabit?
3444 590 3545 654 Qui

1962 686 2139 746 potest
2167 677 2401 732 animam
2429 692 2752 749 componere
2791 694 2981 743 suam,
3014 679 3106 748 qui
3134 679 3277 734 aliud
3315 694 3505 750 regere
3531 721 3544 743 ,

1959 768 2102 823 aliud
2136 770 2243 840 regi
2276 779 2460 833 curat,
2492 769 2578 824 hic
2603 779 2656 824 et
2682 770 2898 824 domum
2948 786 3134 841 regere
3178 771 3410 841 poterit;
3460 772 3548 841 qui

1960 860 2199 924 domum,
2229 861 2389 916 etiam
2422 862 2725 929 civitatem;
2757 862 2847 933 qui
2887 863 3155 916 civitatem
3177 904 3192 928 ,
3244 864 3402 917 etiam
3463 877 3550 915 or-

1961 952 2101 1007 hem.
2134 954 2186 1007 Si
2216 954 2445 1008 animam
2473 969 2659 1023 regere
2689 970 2793 1009 non
2822 955 3009 1023 possit,
3037 956 3305 1024 quomodo
3348 957 3537 1011 orbem

1961 1044 2201 1114 poterit?
2229 1044 2351 1099 llzrc
2381 1044 2516 1111 dixi,
2546 1054 2601 1098 ut
2632 1059 2699 1100 ne
2729 1045 2793 1098 ad
2824 1044 3153 1115 principatus
3184 1045 3471 1111 inhiemus,
3493 1054 3550 1098 ut

1963 1135 2271 1199 \idcamus,
2301 1134 2427 1206 quid
2474 1137 2543 1189 sit
2582 1136 2951 1207 principatus:
2979 1137 3082 1190 hoc
3123 1138 3266 1191 enim
3310 1153 3415 1193 non
3468 1145 3551 1191 est

1963 1228 2312 1297 principatus,
2347 1228 2441 1283 sed
2472 1228 2709 1294 derisio,
2759 1229 3021 1296 servitus,
3068 1238 3122 1284 et
3164 1230 3310 1283 mille
3355 1228 3550 1284 similia

1963 1320 2082 1389 quis
2107 1318 2329 1375 dixerit.
2365 1321 2456 1375 Dic
2483 1321 2645 1387 mihi,
2678 1320 2804 1389 quid
2838 1330 2919 1375 est
2965 1322 3189 1391 principi
3230 1320 3549 1391 proprium?

1963 1425 2141 1465 nonne
2167 1410 2392 1465 subditis
2423 1410 2679 1481 prodesse
2707 1422 2761 1465 et
2787 1412 2923 1466 bene
2969 1412 3187 1467 facere?
3226 1411 3363 1477 Quid
3392 1426 3547 1482 ergo,

1962 1503 2008 1558 si
2037 1502 2139 1558 hoc
2170 1518 2273 1557 non
2303 1502 2432 1557 fiat?
2461 1501 2731 1572 quomodo
2761 1503 2880 1557 aliis
2906 1502 3167 1574 proderit,
3197 1503 3285 1573 qui
3318 1502 3418 1557 sibi
3447 1516 3551 1556 non

1965 1595 2222 1664 prodest?
2252 1593 2342 1664 qui
2371 1594 2638 1649 sexcentis
2677 1594 2839 1648 animi
2872 1595 3102 1648 motibus
3131 1595 3380 1663 agitatur,
3419 1608 3552 1662 quo-

1964 1684 2122 1739 modo
2166 1684 2392 1739 aliorum
2446 1692 2622 1738 motus
2666 1683 2916 1738 sedabit?
2944 1685 3035 1739 Sic
3078 1687 3237 1739 etiam
3298 1683 3549 1738 delicim:

1964 1792 2071 1831 non
2102 1774 2217 1829 haec
2244 1783 2367 1829 sunt
2406 1775 2615 1829 delicim
2636 1817 2651 1843 ,
2682 1774 2775 1830 sed
2802 1774 2925 1829 alia.
2958 1775 3109 1830 Sicut
3149 1780 3290 1829 enim
3333 1774 3554 1827 deumn-

1964 1874 2188 1921 stratum
2219 1875 2301 1919 est
2329 1865 2622 1935 principem
2656 1880 2774 1919 esse
2804 1880 2907 1919 non
2940 1864 3084 1919 hunc
3105 1863 3197 1919 sed
3226 1863 3391 1918 alium
3428 1879 3441 1916 :
3475 1861 3554 1915 sic

1965 1959 2057 2029 qui
2083 1958 2290 2013 deliciis
2321 1957 2518 2029 gaudet
2543 1998 2557 2023 ,
2586 1958 2723 2011 alius
2751 1966 2853 2012 est.
2885 1955 3151 2011 Videntur
3170 1956 3314 2011 enim
3343 1951 3551 2008 delicia:

1966 2050 2369 2119 esse,voluptati
2394 2057 2450 2103 et
2474 2049 2613 2119 gulae
2638 2048 2880 2112 servire;
2914 2048 3007 2103 sed
3032 2046 3131 2102 hoc
3157 2060 3262 2100 non
3291 2053 3373 2099 cst
3398 2085 3411 2109 ,
3446 2045 3553 2097 imo

1967 2141 2315 2205 contrarium,
2350 2155 2543 2210 nempe
2564 2141 2796 2194 animam
2826 2138 3024 2194 habere
3052 2137 3374 2199 mirabilem,
3403 2135 3551 2189 etsic

1969 2234 2021 2287 in
2050 2234 2322 2302 voluptate
2348 2231 2573 2286 versari.
2616 2231 2743 2285 Esto
2770 2230 2937 2295 enim,
2969 2227 3215 2286 comedat
3240 2227 3378 2295 quis,
3409 2225 3555 2279 bibat

1968 2323 2299 2389 etlasciviat,
2329 2321 2522 2376 deinde
2549 2337 2729 2376 curam
2753 2320 2950 2375 haheat
2970 2336 3031 2375 ac
3058 2327 3280 2373 maereat
3308 2333 3321 2371 :
3357 2333 3423 2371 an
3459 2330 3557 2385 poo

1970 2422 2073 2467 test
2097 2410 2182 2467 hic
2210 2413 2261 2466 in
2293 2412 2498 2467 deliciis
2523 2412 2685 2467 esse?
2709 2410 2825 2466 Non
2852 2426 2981 2481 ergo
3002 2409 3285 2465 comedere
3303 2417 3355 2462 et
3372 2407 3556 2461 bibere

1969 2515 2093 2559 sunt
2118 2503 2323 2558 delicia:
2340 2545 2353 2569 ,
2378 2503 2470 2558 sed
2496 2504 2548 2557 in
2571 2504 2843 2573 voluptate
2865 2517 3004 2557 esse.
3029 2502 3179 2565 Esto,
3204 2499 3324 2570 quis
3347 2498 3555 2553 aridum

1972 2595 2258 2650 manducet
2305 2610 2495 2665 panem
2527 2638 2540 2660 ,
2574 2605 2627 2650 et
2653 2610 2772 2649 cum
2801 2594 2986 2648 laetitia
3018 2593 3302 2663 impleatur
3332 2610 3344 2645 :
3378 2604 3556 2645 annon

1972 2688 2075 2744 hoc
2101 2689 2340 2758 voluptas
2369 2688 2489 2745 est?
2517 2689 2659 2758 Ergo
2691 2697 2743 2743 ct
2771 2688 2885 2743 haec
2914 2687 3155 2742 ciborum
3199 2684 3424 2739 deliciae.
3471 2682 3559 2736 Vi-

1972 2781 2194 2835 deamus
2225 2795 2356 2850 ergo
2381 2819 2395 2843 ,
2425 2780 2614 2849 quibus
2637 2779 2752 2834 hrec
2775 2780 3020 2848 voluptas
3045 2776 3259 2831 accidat
3284 2817 3297 2839 ,
3328 2791 3393 2828 an
3421 2774 3560 2828 divi-

1976 2874 2135 2938 tibus,
2163 2888 2230 2926 an
2259 2887 2364 2925 non
2390 2870 2662 2926 divitibus.
2690 2870 2870 2941 Neque
2904 2870 2985 2923 his
3007 2910 3021 2933 ,
3063 2882 3237 2937 neque
3282 2866 3389 2921 illis
3408 2908 3422 2930 ,
3465 2865 3559 2918 sed

1976 2966 2039 3019 iis
2059 3004 2075 3031 ,
2103 2964 2191 3034 qui
2226 2964 2294 3017 ita
2325 2970 2651 3031 componunt
2679 2963 2913 3014 animam
2936 2974 3087 3013 suam
3109 3001 3121 3023 ,
3152 2966 3209 3012 ut
3252 2973 3319 3011 ne
3363 2954 3560 3010 multas

1976 3056 2205 3111 habeant
2235 3069 2528 3110 maerorum
2551 3067 2761 3107 causas.
2800 3052 2866 3106 Et
2911 3050 3083 3121 qualis
3120 3058 3205 3105 est
3249 3047 3364 3103 hmc
3411 3046 3561 3101 vita?

1976 3150 2117 3205 dicet
2144 3148 2282 3203 forte
2310 3147 2543 3217 aliquis;
2575 3145 2732 3201 video
2757 3146 2899 3199 enim
2937 3158 3032 3199 vos
3077 3157 3266 3198 omnes
3310 3137 3561 3195 audiendi

1979 3241 2155 3297 studio
2186 3239 2494 3311 flagrantes,
2526 3255 2642 3309 qua:
2670 3238 2739 3293 sit
2762 3238 2875 3291 haec
2904 3238 3042 3302 vita,
3076 3250 3195 3306 qua:
3224 3233 3425 3288 nullum
3466 3230 3563 3285 ha-

1978 3334 2101 3388 beat
2129 3344 2435 3385 maerorem.
2466 3326 2629 3399 igitur
2650 3328 2702 3381 in
2728 3326 2974 3382 confesso
2996 3326 3063 3379 sit
3084 3322 3223 3394 apud
3262 3336 3357 3377 vos
3390 3321 3563 3392 primo

1978 3422 2118 3477 hanc
2145 3436 2265 3477 esse
2292 3420 2642 3490 voluptatem,
2676 3419 2773 3473 has
2799 3417 3018 3473 delicias
3044 3459 3058 3482 ,
3102 3414 3316 3487 quando
3364 3426 3565 3468 mmror

1981 3532 2085 3570 non
2118 3513 2336 3579 turbat,
2369 3528 2469 3568 nec
2503 3512 2683 3583 petita
2714 3527 2801 3566 me
2842 3526 3033 3566 carnes
3059 3553 3073 3577 ,
3107 3509 3287 3563 vinum
3310 3548 3326 3571 ,
3378 3504 3568 3561 condi-

1982 3616 2180 3673 menta,
2208 3607 2406 3662 sericas
2428 3613 2605 3661 vestes
2630 3645 2645 3671 ,
2676 3605 2872 3659 lautam
2910 3618 3172 3658 mensam.
3205 3602 3274 3655 At
3300 3599 3344 3654 si
3374 3608 3562 3654 osten-

1980 3701 2111 3757 dero
2136 3701 2339 3770 absque
2367 3700 2449 3754 his
2482 3700 2642 3753 talem
2668 3698 2851 3753 haberi
2886 3698 3044 3750 vitam
3072 3738 3085 3758 ,
3135 3695 3275 3748 hanc
3318 3691 3563 3759 volupta-

1983 3803 2131 3857 tem,
2184 3790 2323 3845 hanc
2374 3790 2535 3845 vitam
2584 3790 2781 3860 dilige:
2811 3789 2976 3843 multa
3021 3788 3162 3843 enim
3214 3785 3366 3840 nobis
3394 3782 3561 3837 tristia

1980 3881 2252 3947 accidunt,
2284 3894 2350 3935 eo
2380 3880 2521 3950 quod
2551 3896 2655 3935 non
2683 3921 2697 3947 ,
2731 3887 2790 3933 ut
2816 3895 2909 3949 par
2930 3888 3009 3933 est
3028 3918 3043 3943 ,
3070 3892 3132 3933 ea
3164 3876 3440 3930 nobiscum
3478 3887 3559 3926 re-

1983 3986 2254 4045 putemus.
2286 3973 2416 4040 Quis
2465 3972 2625 4043 igitur
2668 3973 2837 4042 magis
2889 3971 3133 4037 dolebit,
3176 3970 3291 4024 isne
3339 3967 3429 4037 qui
3478 3966 3567 4019 illa

1982 4064 2113 4119 nihil
2142 4072 2332 4129 curat,
2374 4078 2442 4117 an
2472 4063 2516 4117 is
2543 4062 2630 4132 qui
2671 4061 2866 4116 curat?
2891 4062 2980 4130 qui
3010 4058 3404 4114 vicissitudines
3449 4073 3562 4109 mc-

1984 4155 2082 4210 tuit
2107 4197 2121 4221 ,
2145 4169 2211 4208 an
2239 4154 2328 4224 qui
2359 4169 2462 4208 non
2488 4152 2708 4207 metuit?
2737 4152 2827 4222 qui
2860 4152 3081 4205 livorem
3110 4191 3123 4214 ,
3156 4147 3407 4203 invidiam
3436 4186 3449 4209 ,
3479 4160 3561 4215 sy-

1982 4245 2296 4314 cophantias
2319 4284 2334 4309 ,
2366 4243 2586 4298 insidias
2611 4286 2625 4310 ,
2660 4241 2949 4311 perniciem
2982 4241 3171 4304 timet,
3214 4253 3281 4292 an
3324 4236 3413 4305 qui
3464 4251 3570 4289 non

1985 4335 2178 4390 timet?
2208 4335 2296 4405 qui
2324 4333 2530 4399 multis,
2561 4349 2627 4386 an
2657 4333 2745 4403 qui
2778 4332 2921 4387 nullo
2951 4331 3190 4402 indiget?
3210 4328 3297 4399 qui
3324 4327 3569 4381 innume-

1984 4430 2089 4494 ris,
2123 4443 2189 4482 an
2218 4428 2307 4498 qui
2337 4426 2466 4481 nulli
2496 4426 2701 4480 servit?
2730 4426 2819 4496 qui
2848 4424 3026 4479 multis
3070 4436 3206 4492 Opus
3252 4419 3454 4483 habet,
3501 4431 3570 4471 an

1984 4521 2074 4591 qui
2106 4520 2242 4573 liber
2270 4518 2396 4573 est?
2422 4517 2511 4587 qui
2542 4534 2705 4571 unum
2737 4517 2889 4571 timet
2918 4513 3215 4575 dominum,
3244 4526 3309 4565 an
3334 4507 3423 4579 qui
3451 4521 3574 4562 sex-

1986 4610 2218 4665 centos?
2245 4608 2385 4678 Ergo
2412 4608 2582 4678 major
2610 4606 2697 4662 hic
2742 4607 2986 4678 voluptas
3034 4612 3136 4659 est.
3189 4600 3340 4656 Hanc
3392 4600 3575 4667 itaque

1984 4709 2271 4765 sectemur,
2302 4714 2475 4768 neque
2504 4698 2854 4768 prmsentihus
2876 4696 3178 4759 inhiemus;
3206 4690 3301 4747 sed
3332 4688 3575 4745 deridea-

1986 4806 2105 4845 mus
2125 4805 2337 4844 omnem
2361 4790 2481 4843 vitae
2505 4788 2720 4852 fastum,
2746 4798 2800 4843 et
2823 4787 3017 4855 ubique
3031 4785 3245 4840 modum
3266 4793 3569 4843 servemus,

1986 4890 2044 4936 ut
2072 4882 2335 4951 possimus
2364 4880 2504 4934 hanc
2528 4881 2690 4933 vitam
2716 4879 2833 4933 sine
2859 4891 3093 4933 maerore
3124 4873 3419 4941 transigere
3445 4911 3459 4933 ,
3515 4878 3572 4923 et

1988 4970 2247 5039 promissa
2274 4971 2530 5039 consequi
2549 4969 2708 5033 bona,
2733 4967 2902 5037 gratia
2926 4976 2980 5020 et
3000 4962 3329 5031 benignitate
3353 4958 3563 5014 Domini

1988 5063 2159 5117 nostri
2188 5062 2314 5118 Jesu
2346 5060 2563 5123 Christi,
2594 5060 2807 5129 quicum
2836 5056 2981 5112 Patri
3022 5064 3076 5109 et
3116 5052 3338 5124 Spiritui
3385 5062 3571 5105 sancto

1987 5158 2176 5227 gloria,
2208 5156 2515 5225 imperium,
2547 5154 2743 5221 honor,
2777 5165 2918 5207 nunc
2944 5158 2998 5206 ct
3024 5161 3276 5218 semper,
3306 5152 3363 5201 et
3384 5142 3436 5198 iu
3464 5157 3572 5197 sm.-

1986 5249 2106 5305 cula
2132 5248 2474 5305 sccculorum.
2503 5248 2695 5301 Amen.
