4002 6224
400 352 502 408 ἕω

1107 344 1165 399 S.
1204 338 1484 398 JOANNIS
1522 333 1995 396 CHRYSOSTOMI
2034 333 2346 389 ABtletEP.
2389 332 2919 399 CONSTANTINOP.

3568 353 3671 413 πε

1110 456 3311 482 ————————-—————'—.——-—————————_

3320 471 3607 488 I—n—

1738 518 2075 583 HOMILIA
2120 519 2279 583 LIII.

402 674 537 729 Car.
580 671 673 728 26.
720 687 772 726 v.
814 671 901 727 30.
945 669 1010 724 Et
1051 669 1333 724 exsurrexit
1371 682 1483 734 rex,
1533 680 1721 735 praeses
1760 671 1805 716 et
1851 658 1977 715 Βετ-

466 766 598 829 uice,
628 773 676 819 et
707 765 795 834 qui
821 762 1107 818 assidebam
1146 762 1255 815 eis:
1293 759 1383 814 '51.
1418 768 1463 813 et
1493 773 1609 811 cum
1643 755 1982 815 secessissent,

468 858 801 927 loquebantur
841 854 908 908 ad
946 855 1177 919 invicem,
1220 852 1440 905 dicentes
1470 865 1489 903 :
1523 847 1672 902 Nihil
1711 856 1869 900 morte
1897 852 1984 897 aut

468 951 685 1004 vinculis
718 950 930 1017 dignum
960 948 1077 1016 fecit
1109 946 1191 999 hic
1220 945 1389 999 homo.
1431 943 1521 999 52.
1551 941 1781 1012 Agrippa
1817 946 1985 991 autent

474 1042 625 1096 Festo
655 1042 782 1095 dixit
810 1056 830 1095 :
858 1039 1058 1093 Dimitti
1085 1046 1279 1109 poterat
1307 1037 1456 1091 homo
1484 1033 1583 1100 hic,
1613 1033 1656 1086 si
1683 1047 1783 1085 non
1810 1028 1987 1100 appel-

470 1136 622 1188 lasset
647 1132 919 1188 Cwsarcm.

472 1227 497 1279 1
513 1265 527 1279 .
572 1223 706 1279 Vide
730 1221 1000 1294 quomodo
1022 1235 1232 1277 rursum
1256 1233 1351 1289 pro
1373 1216 1465 1273 illo
1493 1213 1758 1271 calculum
1778 1210 1983 1267 ferunt:

399 1317 563 1371 etiam
602 1323 880 1385 postquam
926 1312 1116 1368 Festus
1156 1311 1388 1375 dixerat,
1431 1306 1659 1372 Insanis,
1705 1303 1989 1358 absolvunt

400 1408 576 1475 illum,
615 1422 720 1463 non
748 1406 922 1461 solum
950 1420 981 1460 a
1012 1410 1206 1469 morte,
1252 1401 1348 1456 sed
1375 1399 1535 1455 etiam
1579 1411 1609 1450 a
1637 1394 1895 1457 vinculis;
1924 1405 1988 1446 ac

402 1500 614 1555 domum
641 1497 969 1553 dimisissent
998 1495 1097 1550 nisi
1130 1494 1397 1548 Carsarem
1429 1488 1764 1559 appellasset.
1790 1483 1986 1537 Verum

404 1596 506 1647 hoc
535 1607 599 1647 ex
626 1588 960 1661 providentia
980 1586 1177 1642 factum
1199 1592 1277 1640 est
1299 1600 1315 1649 ;
1343 1596 1449 1636 non
1470 1580 1642 1634 Solum
1664 1585 1842 1631 autem
1862 1575 1984 1643 hoc,

402 1686 495 1740 sed
530 1685 692 1739 etiam
742 1680 885 1751 quod
932 1695 1052 1734 cum
1087 1676 1312 1731 vinculis
1353 1674 1542 1728 abiret.
1582 1670 1706 1725 Ideo
1745 1667 1984 1735 dicebat,

407 1774 577 1846 Usque
605 1773 673 1827 ad
710 1771 913 1826 vincula
942 1769 1086 1840 quasi
1123 1768 1254 1821 male
1295 1780 1511 1835 operans
1551 1762 1626 1833 (2.
1663 1760 1797 1815 Tim.
1825 1758 1880 1811 2.
1904 1758 1984 1827 9).

402 1869 458 1923 Si
510 1867 653 1921 enim
715 1864 972 1919 Dominus
1019 1861 1137 1932 ejus
1180 1876 1300 1916 cum
1355 1857 1549 1928 iniquis
1592 1861 1866 1925 reputatus
1907 1860 1990 1906 est

407 1957 600 2025 (Marc.
632 1957 721 2012 15.
748 1956 867 2025 28),
909 1954 1081 2009 multo
1111 1951 1276 2021 magis
1311 1949 1424 2013 hic;
1458 1947 1551 2003 sed
1580 1947 1718 2001 sicut
1758 1944 1847 1999 ille
1873 1942 1989 2012 glo-

403 2050 538 2104 riam
570 2065 675 2103 non
716 2046 960 2112 curavit,
992 2045 1063 2099 ita
1111 2056 1286 2113 neque
1328 2041 1437 2099 hic.
1478 2036 1804 2093 Admirabile
1845 2031 1988 2089 enim

404 2150 507 2207 est,
538 2137 679 2209 quod
708 2139 847 2193 inter
870 2136 989 2191 illos
1016 2134 1233 2199 mixtus,
1260 2132 1389 2187 nihil
1413 2129 1536 2185 inde
1566 2126 1745 2184 damni
1767 2139 1990 2195 accepe-

404 2244 491 2288 ru.
525 2231 693 2302 (Cap.
720 2221 840 2293 27.)
866 2247 885 2282 ‹
916 2229 967 2284 1.
996 2227 1065 2284 Ut
1095 2235 1273 2282 autem
1323 2223 1598 2279 decretum
1635 2220 1767 2285 fuit,
1800 2226 1857 2273 ut
1892 2230 1991 2272 nos

404 2325 776 2395 navigaremus
806 2321 860 2376 in
888 2320 1115 2385 Italiam,
1149 2316 1482 2373 tradiderunt
1509 2314 1730 2368 Paulum
1757 2320 1812 2366 et
1830 2323 1991 2381 quos-

408 2419 531 2470 dam
561 2415 697 2469 alios
726 2416 932 2468 vinctos
959 2410 1279 2475 centurioni,
1319 2407 1536 2463 nomine
1562 2405 1725 2472 Julio,
1754 2404 1992 2459 cohortis

406 2514 683 2578 Augusta.
720 2507 775 2562 2.
810 2508 1117 2562 Conscensa
1149 2503 1269 2557 navi
1296 2500 1667 2565 Adrumctina,
1698 2497 1991 2567 navigaturi

408 2602 551 2655 circa
598 2598 741 2653 Asia:
783 2597 900 2652 loca
962 2596 1246 2660 solvimus,
1292 2599 1670 2663 perseverante
1715 2589 1992 2644 nobiscum

412 2689 727 2747 Aristarcho
770 2687 1061 2743 Macedone
1100 2685 1586 2743 Thcssalonicensi.
1638 2683 1692 2739 5.
1735 2680 1996 2751 Sequenti

409 2794 586 2839 autem
614 2783 703 2839 die
726 2781 1030 2853 appulimus
1058 2779 1334 2836 Sidonem.
1364 2795 1386 2831 ι
1422 2777 1556 2833 Vide
1581 2790 1860 2848 quousque
1897 2788 1994 2830 co-

409 2878 632 2933 mitatur
657 2874 880 2930 Paulum
925 2871 1286 2928 Aristarchus.
1322 2869 1467 2926 Bene
1509 2871 1672 2925 etiam
1712 2878 1766 2925 et
1797 2867 1997 2924 utiliter

409 2970 565 3026 adest
604 2966 970 3034 Aristarchus,
1003 2966 1183 3021 omnia
1215 2964 1267 3019 in
1299 2963 1608 3019 Macedonia
1656 2971 1992 3018 narraturus.

416 3080 438 3115 ι
470 3060 782 3115 llumaniter
807 3066 987 3114 autem
1020 3065 1258 3112 tractans
1285 3054 1461 3111 Julius
1482 3053 1731 3119 Paulum,
1757 3052 1999 3122 permisit

410 3151 478 3206 ad
507 3151 710 3206 amicos
735 3149 835 3216 ire,
867 3156 922 3204 et
945 3163 1127 3204 curam
1157 3147 1240 3202 sui
1268 3160 1454 3217 agere.
1497 3145 1551 3200 4.
1601 3144 1671 3199 Et
1715 3142 1839 3200 inde
1874 3157 1997 3199 cum

413 3243 784 3308 solvissemus,
803 3240 1270 3312 subnavigavimus
1286 3236 1542 3310 Cyprum,
1564 3251 1631 3292 eo
1654 3236 1797 3306 quod
1818 3244 1999 3291 essent

412 3335 558 3390 venti
601 3331 879 3389 contrarii.
912 3349 932 3383 ι
975 3329 1235 3393 Permisit,
1290 3328 1482 3398 inquit,
1536 3324 1731 3390 Julius,
1773 3324 1999 3380 Paulum

414 3424 700 3479 humaniter
752 3430 995 3475 tractans.
1043 3419 1188 3475 Bene
1232 3417 1335 3473 hoc
1375 3416 1635 3487 permisit,
1663 3424 1723 3471 ut
1748 3416 1815 3471 ad
1841 3425 1999 3471 notos

416 3513 686 3585 profectus
727 3518 1045 3566 curaretur:
1071 3509 1364 3566 verisimile
1391 3509 1537 3564 enim
1563 3517 1667 3574 est,
1708 3524 1829 3564 eum
1860 3508 2000 3564 male

420 3604 666 3659 habuisse
713 3618 741 3655 a
769 3601 1018 3666 vinculis,
1063 3615 1094 3655 a
1133 3608 1279 3656 metu
1300 3641 1314 3666 ,
1362 3614 1392 3653 a
1424 3600 1833 3670 raptatiouibus.
1866 3599 1999 3655 Vide

415 3694 686 3764 quomodo
716 3694 817 3748 hoc
843 3708 949 3748 non
971 3691 1224 3758 occultet,
1250 3690 1391 3761 quod
1414 3706 1597 3746 curam
1624 3691 1703 3746 sui
1730 3690 1997 3747 habuerit.

416 3790 625 3844 Rursus
651 3785 996 3852 tentationes,
1037 3798 1228 3839 rursus
1255 3784 1399 3839 venti
1425 3784 1701 3839 contrarii.
1742 3784 1874 3840 Vide
1905 3799 2001 3855 per

417 3879 596 3934 omnia
623 3877 786 3932 vitam
813 3884 1117 3931 sanctorum
1138 3875 1217 3930 sic
1239 3875 1448 3931 contexi
1475 3894 1488 3931 :
1518 3873 1815 3946 effugerant
1835 3876 2000 3930 tribu-

416 3970 527 4035 nal,
561 3979 616 4024 et
642 3967 954 4023 inciduntin
984 3966 1314 4038 naufragium
1341 3976 1396 4022 et
1426 3976 1828 4038 tempestatem;
1856 3967 2000 4039 quod

422 4060 665 4116 iudicans
711 4060 927 4131 pergit:
963 4076 983 4112 ι
1008 4059 1063 4115 5.
1100 4058 1169 4114 Ει
1214 4059 1429 4130 pelagus
1477 4059 1620 4113 inter
1663 4058 1899 4114 Ciliciam
1947 4066 2003 4113 et

418 4149 787 4224 Pamphyliam
814 4150 1039 4217 emensi,
1073 4151 1414 4222 pervenimus
1437 4148 1659 4219 Myram,
1690 4163 1808 4219 qua:
1835 4157 1916 4203 est
1946 4148 2000 4203 in

418 4243 602 4315 Lycia.
629 4242 684 4298 6.
714 4243 781 4298 Et
801 4243 874 4299 ibi
901 4242 1140 4297 centurio
1160 4249 1347 4296 nactus
1378 4254 1565 4294 navem
1588 4238 2002 4293 Alexandrinam

427 4336 764 4405 navigantem
817 4334 873 4387 in
930 4333 1157 4400 Italiam,
1214 4330 1481 4386 transtulit
1529 4344 1629 4385 nos
1673 4330 1727 4384 in
1782 4330 1997 4384 illam.»

423 4426 663 4491 Nactus,
705 4426 897 4495 inquit,
937 4438 1113 4476 navem
1162 4422 1583 4475 Alexandrinam.
1628 4421 1885 4491 Apposite
1916 4422 2001 4476 in-

422 4518 657 4585 venitur,
713 4528 769 4572 ut
817 4515 892 4572 illi
936 4532 1054 4585 quae
1120 4518 1344 4573 Paulum
1407 4516 1723 4586 spectabant
1779 4516 1830 4570 in
1878 4515 2003 4570 Asia

423 4611 761 4674 nuntiarent,
794 4618 848 4664 et
885 4608 940 4663 hi
989 4610 1040 4664 in
1070 4609 1253 4681 Lycia.
1284 4608 1418 4665 Vide
1459 4607 1629 4663 Deum
1675 4607 1807 4662 nihil
1851 4608 2006 4661 inno-

403 4715 577 4768 ,vare,
618 4700 751 4755 nihil
794 4708 1022 4764 mutare,
1069 4700 1164 4756 sed
1210 4700 1520 4771 permittere
1559 4714 1681 4754 eum
1720 4699 2004 4754 contrariis

426 4789 603 4846 ventis
639 4790 910 4861 navigare.
952 4789 1055 4845 Sed
1081 4789 1244 4845 etiam
1282 4789 1360 4844 sic
1388 4790 1701 4845 miraculum
1731 4797 2000 4859 operatur.

427 4882 497 4939 Ut
527 4892 640 4938 tuto
671 4883 941 4954 navigent,
973 4898 1076 4937 non
1110 4883 1237 4937 sinit
1265 4896 1357 4938 eos
1388 4882 1440 4936 in
1466 4881 1683 4952 pelagus
1726 4897 1785 4937 se
1809 4882 2007 4937 immit-

428 4984 564 5039 tere,
597 4975 691 5031 sed
721 4989 935 5045 semper
951 4973 1105 5044 juxta
1133 4983 1329 5029 terram
1368 4971 1707 5044 navigabant.
1743 4990 1762 5025 σ
1794 4974 2003 5027 Etcum

430 5064 613 5121 multis
638 5066 826 5121 diebus
855 5065 1005 5121 tarde
1026 5066 1398 5137 navigaremus
1413 5072 1469 5119 et
1491 5065 1577 5119 vix
1602 5062 2004 5119 devenissemus

428 5163 615 5208 contra
649 5153 898 5222 Cnidum,
938 5155 1258 5225 prohibente
1294 5170 1394 5211 nos
1419 5163 1598 5222 vento,
1637 5153 2008 5224 subnavigavi-

428 5257 550 5299 mus
576 5243 749 5299 Creta:
770 5245 919 5314 juxta
945 5247 1270 5313 Salmonea;
1302 5247 1355 5302 8.
1383 5255 1439 5302 et
1453 5248 1539 5301 vix
1574 5245 2007 5316 przetcrlegentcs

430 5335 601 5403 illam,
624 5339 964 5406 pervenimus
994 5340 1047 5395 in
1074 5342 1248 5396 locum
1273 5340 1555 5408 quemdam
1580 5350 1848 5405 vocatum,
1873 5340 2007 5396 Boni

435 5440 639 5498 portus,
676 5428 826 5498 juxta
870 5444 1027 5500 quem
1073 5446 1239 5501 prope
1277 5433 1465 5487 civitas
1494 5432 1697 5490 Lasma.
1745 5432 1798 5488 9.
1844 5432 2009 5487 Multo

433 5530 610 5576 autem
643 5531 883 5592 tempore
910 5531 1148 5591 peracto,
1193 5532 1393 5578 etcum
1420 5524 1528 5593 jam
1576 5540 1684 5579 non
1726 5532 1870 5579 esset
1898 5533 2008 5578 tuta

433 5611 719 5683 navigatio,
745 5626 810 5667 eo
834 5612 973 5683 quod
1000 5613 1263 5682 jejunium
1284 5613 1393 5683 jam
1424 5614 1786 5683 praeteriisset,
1819 5614 2008 5670 admo-

436 5706 599 5761 nebat
623 5720 717 5761 eos
741 5703 953 5771 Paulus,
979 5704 1068 5760 10.
1095 5705 1278 5760 dicens
1302 5723 1315 5760 :
1344 5703 1531 5773 Video,
1565 5705 1684 5773 viri,
1718 5705 1861 5777 quod
1888 5720 2009 5761 cum

436 5798 626 5870 injuria
656 5808 709 5855 et
743 5798 910 5857 multo
931 5798 1130 5859 damno
1169 5813 1272 5856 non
1317 5797 1493 5858 solum
1536 5799 1716 5858 oneris
1756 5808 1811 5857 et
1837 5801 2006 5871 navis,

2090 660 2183 761 sed
2208 663 2372 761 etiam
2403 666 2701 725 animarum
2744 683 3048 732 nostrarum
3082 678 3270 751 incipit
3301 698 3425 745 esse
3463 691 3673 761 naviga-

2092 752 2170 805 tio
2219 755 2310 809 11.
2330 754 2589 813 Centurio
2623 771 2802 817 autem
2830 764 3177 835 gubernatori
3200 781 3254 827 et
3279 776 3534 834 nauclero
3555 752 3668 835 nia-

2090 842 2171 912 gis
2216 844 2488 915 credebat,
2519 865 2679 920 quam
2724 854 2788 909 iis
2812 896 2827 921 ,
2858 872 2979 922 qua:
3006 859 3322 919 dicebantur
3363 881 3392 920 a
3435 868 3617 927 Paulo.
3649 892 3667 926 ι

2091 931 2358 1003 Jejunium
2387 937 2488 993 hoc
2513 942 2705 1010 opinor
2735 945 2841 1000 dici
2861 946 3188 1007 Judaeorum.
3219 954 3353 1013 Nam
3384 971 3502 1030 post
3538 962 3674 1020 Pen-

2095 1030 2333 1120 tecosten
2376 1029 2621 1120 exierant
2666 1035 2812 1092 illiue
2841 1048 2962 1108 post
2988 1043 3215 1100 multum
3255 1029 3483 1120 tempus,
3527 1062 3584 1110 ut
3622 1058 3673 1112 in

2092 1114 2207 1184 ipsa
2249 1116 2364 1174 fere
2407 1119 2581 1177 hieme
2619 1128 2865 1183 venerint
2912 1130 2964 1185 in
3006 1145 3185 1203 partes
3226 1114 3415 1197 Cretae.
3469 1114 3537 1199 lit
3573 1146 3677 1205 hoc

2092 1219 2307 1309 quoque
2354 1225 2477 1309 non.
2508 1220 3113 1309 parvumLmiraculum,
3155 1231 3298 1298 quod
3342 1233 3416 1289 illi
3459 1249 3678 1309 propter

2093 1306 2236 1395 nunc
2282 1300 2479 1395 servati
2519 1302 2648 1358 sint.
2705 1304 2831 1375 Viri,
2872 1311 3014 1366 video
3063 1318 3201 1385 quod
3234 1336 3350 1374 eum
3388 1300 3580 1395 injuria
3630 1342 3677 1384 et

2092 1389 2250 1485 multo
2286 1390 2494 1461 damno,
2530 1396 2723 1467 inquit,
2763 1416 2864 1454 non
2908 1404 3072 1459 solum
3097 1413 3263 1465 oneris
3291 1421 3337 1465 et
3380 1389 3542 1485 navis,
3588 1422 3677 1475 sed

2093 1481 2246 1534 etiam
2274 1486 2558 1541 animarum
2589 1498 2875 1547 nostrarum
2910 1495 3089 1562 incipit
3125 1516 3231 1554 esse
3267 1481 3539 1576 navigatio.
3574 1508 3679 1564 Ita-

2092 1588 2196 1642 que
2239 1575 2434 1632 Paulus
2456 1578 2617 1649 jussit
2663 1598 2912 1654 manere,
2963 1598 3018 1642 et
3058 1586 3233 1647 futura
3266 1575 3548 1666 przedixit;
3602 1603 3679 1659 illi

2095 1679 2229 1757 vero
2254 1667 2585 1757 festinantes,
2608 1687 2728 1728 cum
2760 1690 2791 1729 a
2813 1676 2931 1732 loco
2960 1680 3393 1757 prohiberentur,
3426 1691 3680 1751 volebant

2093 1752 2145 1806 in
2174 1753 2425 1811 Phoenice
2454 1759 2770 1829 hybernare.

2163 1844 2216 1943 2.
2262 1846 2424 1914 Vide,
2470 1866 2682 1920 qua‘so,
2727 1855 3219 1927 dispensationem:
3244 1868 3418 1937 primo
3459 1873 3677 1943 quidem

2095 1940 2268 1993 navim
2300 1942 2592 2013 solverunt,
2623 1946 3008 2022 abieruntque;
3036 1954 3228 2014 deinde
3253 1969 3312 2014 ut
3332 1940 3515 2021 incidit
3545 1982 3679 2021 ven-

2096 2037 2200 2094 tus,
2232 2030 2495 2089 dedernnt
2517 2051 2576 2091 se
2607 2036 2823 2108 ferenti,
2848 2053 2903 2097 et
2924 2044 3010 2099 vix
3035 2051 3405 2109 servabantur.
3439 2056 3528 2111 12.
3566 2077 3584 2109 ι
3615 2060 3682 2114 Et

2245 2134 2400 2195 aptus
2431 2138 2615 2197 portus
2651 2146 2756 2187 non
2800 2146 2945 2191 esset
2988 2138 3055 2194 ad
3085 2139 3513 2216 hybernandum,
3561 2153 3682 2222 plu-

2096 2225 2216 2270 l‘lllll
2243 2225 2546 2275 statuerunt
2572 2225 2853 2281 consilium
2886 2230 3135 2301 navigare
3160 2233 3305 2304 inde,
3334 2238 3379 2293 si
3408 2244 3682 2311 quomodo

2096 2317 2337 2402 possent,
2366 2314 2606 2402 pervecti
2631 2314 2942 2385 thuicen,
2976 2321 3085 2378 illic
3113 2323 3434 2396 hybernare,
3463 2345 3678 2402 portum

2094 2394 2270 2453 Creta:
2291 2401 2662 2471 respicientem
2693 2408 2759 2461 ad
2785 2408 3011 2466 africum
3043 2422 3097 2468 et
3123 2394 3380 2475 Chorum.
3523 2426 3683 2495 Δερι-

2096 2497 2249 2544 rante
2272 2499 2450 2585 autem
2495 2505 2699 2563 austro,
2732 2508 2980 2568 putantes
3009 2508 3337 2575 propositum
3367 2527 3427 2568 se
3470 2522 3675 2585 tenere,

2097 2591 2215 2633 cum
2245 2582 2529 2640 solvissent
2548 2587 2706 2653 Asso,
2730 2593 3173 2665 prmtcrlegebanl
3194 2596 3427 2659 Cretam.
3461 2606 3547 2661 14.
3575 2582 3675 2663 Ve;

2099 2686 2217 2726 rum
2240 2674 2381 2730 haud
2408 2677 2574 2733 multo
2603 2689 2721 2749 post
2741 2694 2957 2739 coortus
2981 2695 3065 2742 est
3088 2699 3275 2746 contra
3294 2692 3459 2763 ipsam
3483 2713 3679 2758 ventus

2100 2764 2450 2837 typhonicus,
2503 2770 2592 2841 qui
2637 2782 2856 2829 vocatur
2907 2775 3267 2849 Euroaquilo;
3314 2786 3399 2841 15.
3445 2801 3678 2859 cumque

2101 2867 2348 2927 correpta
2375 2869 2521 2916 esset
2544 2863 2714 2931 navis,
2744 2880 2843 2921 nec
2865 2879 3044 2937 posset
3074 2881 3232 2928 vento
3257 2877 3525 2946 resistere,
3552 2879 3681 2937 data

2101 2948 2221 3042 navi
2252 2947 2465 3042 [latibus
2488 2953 2807 3011 ferebamur.
2835 2959 2918 3015 16.
2948 2959 3005 3015 In
3032 2961 3261 3021 insulam
3291 2978 3469 3025 autem
3490 2987 3683 3042 quam-

2100 3037 2224 3093 dam
2251 3039 2457 3096 devecti
2488 3046 2703 3102 nomine
2724 3046 2999 3120 Claudam,
3026 3056 3114 3110 vix
3143 3060 3411 3125 potuimus
3434 3037 3684 3123 oblinere

2101 3130 2372 3200 scapham.
2406 3133 2492 3188 17.
2525 3135 2636 3203 Qua
2668 3139 2895 3207 sublata,
2926 3143 3206 3213 adjutoriis
3233 3152 3519 3207 utebantur
3547 3158 3681 3212 sub-

2100 3220 2376 3317 cingentes
2404 3240 2621 3317 navem,
2654 3228 2902 3288 timentes
2930 3250 2999 3290 ne
3025 3236 3077 3290 in
3120 3237 3324 3310 Syrtim
3363 3244 3680 3317 inciderent,

2101 3312 2349 3369 demissis
2380 3316 2511 3373 velis
2554 3319 2624 3373 ita
2656 3321 2974 3382 ferebantur.
3012 3329 3096 3383 18.
3139 3330 3270 3387 Cum
3300 3345 3479 3392 autent
3510 3312 3671 3397 vehes

2102 3407 2268 3500 menti
2319 3416 2635 3479 tempestate
2669 3413 3016 3487 jactaremur,
3061 3425 3305 3493 sequenti
3348 3426 3435 3483 die
3485 3431 3682 3500 jactum

2102 3497 2487 3558 feceruntzl9.
2543 3520 2607 3561 ac
2650 3509 2806 3562 tertio
2845 3510 2933 3565 die
2972 3515 3169 3570 nostris
3213 3519 3462 3575 manibus
3486 3497 3683 3580 varma-

2102 3601 2281 3645 menta
2303 3593 2453 3647 navis
2481 3594 2825 3665 projecimus.
2851 3600 2936 3655 20.
2971 3601 3151 3673 Neque
3172 3615 3351 3663 autem
3376 3612 3490 3667 sole
3513 3629 3687 3686 neque

2102 3683 2365 3739 sideribus
2390 3689 2767 3755 apparentibus
2793 3706 2887 3761 per
2915 3694 3093 3763 plures
3114 3697 3252 3767 dies,
3284 3712 3337 3757 et
3368 3683 3688 3776 tempestate

2103 3788 2209 3870 non
2240 3777 2429 3870 exigua
2470 3779 2801 3848 imminente,
2829 3786 2943 3854 jam
2982 3788 3158 3844 ablata
3203 3803 3320 3848 erat
3358 3801 3536 3854 omnis
3563 3817 3688 3870 spes

2103 3867 2288 3923 salutis
2326 3880 2545 3927 nostrae.
2574 3871 2664 3927 21.
2694 3873 2845 3930 Tunc
2874 3888 3024 3933 stans
3049 3880 3246 3938 Paulus
3272 3883 3325 3939 in
3356 3888 3536 3944 medio
3564 3867 3687 3948 illo-

2104 3975 2220 4014 rum
2238 3960 2391 4017 dixit.
2437 3978 2457 4015 ι
2490 3963 2651 4019 Vide:
2685 3977 2803 4036 post
2825 3978 3023 4027 tantam
3050 3982 3422 4044 tempestatem
3450 3998 3554 4038 non
3584 3985 3691 4041 illis

2105 4052 2365 4109 insultans
2406 4054 2524 4110 lucc
2550 4057 2802 4127 loquitur,
2853 4061 2947 4115 sed
2982 4072 3037 4117 ut
3069 4066 3151 4121 vel
3181 4067 3235 4121 in
3264 4080 3537 4138 posterum
3585 4076 3690 4131 sibi

2104 4143 2348 4199 credant.
2381 4143 2535 4201 Unde
2575 4155 2631 4202 et
2654 4164 2772 4217 qua:
2802 4163 3093 4209 evenerant
3123 4156 3175 4211 in
3206 4159 3568 4217 testimoniqu
3598 4180 3690 4219 as-

2105 4234 2269 4289 sumit
2312 4236 2552 4291 veritatis
2593 4253 2799 4308 eorum,
2843 4258 2963 4313 qua:
3005 4246 3245 4303 dicturus
3286 4260 3423 4305 erat.
3469 4253 3540 4308 Et
3582 4255 3692 4312 duo

2107 4326 2347 4395 praedicit
2370 4345 2382 4382 :
2406 4337 2460 4384 et
2500 4330 2645 4401 quod
2684 4332 2736 4387 in
2775 4335 3000 4391 insulam
3038 4343 3349 4398 exscensuri
3387 4355 3591 4415 essent,
3638 4358 3694 4405 et

2106 4417 2247 4487 quod
2279 4419 2432 4476 navis
2463 4421 2721 4491 peritura,
2748 4436 2995 4483 vectores
3020 4438 3197 4486 autem
3228 4436 3477 4491 servandi
3507 4451 3693 4496 essent

2107 4508 2270 4579 (quod
2296 4525 2405 4565 non
2433 4511 2737 4583 conjectura
2766 4528 2906 4586 erat,
2967 4520 3061 4574 sed
3084 4522 3383 4595 prophetia)
3401 4540 3420 4593 ;
3441 4528 3695 4599 quodque

2109 4599 2224 4670 ipse
2248 4598 2448 4657 Caesari
2475 4605 2746 4662 sistendus
2771 4619 2935 4665 esset.
2972 4610 3102 4666 Illud
3142 4623 3322 4670 autem
3352 4619 3494 4686 quod
3532 4598 3690 4690 dixit,

2110 4692 2333 4748 Donavit
2377 4696 2467 4751 tibi
2504 4698 2643 4754 Deus
2685 4718 2879 4768 omnes,
2912 4719 3017 4759 non
3055 4709 3375 4777 arrogantiae
3414 4722 3555 4785 erat,
3598 4716 3692 4770 sed

2107 4786 2336 4842 Volenlis
2361 4800 2602 4847 vectores
2628 4792 2696 4847 ad
2720 4794 2875 4849 ﬁdem
2894 4795 3159 4854 adducere
3183 4819 3196 4853 :
3223 4815 3344 4855 nam
3368 4817 3480 4857 non
3512 4813 3574 4860 ut
3592 4806 3691 4861 sibi

2109 4883 2333 4953 gratiam
2367 4881 2644 4951 haberent,
2684 4886 2779 4942 sed
2818 4898 2876 4943 ut
2913 4889 3072 4945 dictis
3112 4891 3224 4947 suis
3262 4893 3570 4962 crederent,
3615 4898 3693 4953 sic

2110 4973 2361 5044 loquutus
2409 4984 2506 5032 est.
2557 4976 2689 5033 lllud
2732 4994 2882 5048 vero,
2927 4980 3144 5038 Donavit
3185 4984 3276 5039 tibi
3322 4985 3480 5055 Deus,
3528 4990 3693 5046 Paulo

2111 5063 2310 5120 dictum
2341 5076 2457 5133 est;
2487 5082 2550 5123 ac
2571 5068 2615 5124 si
2635 5068 2856 5125 dixisset
2887 5072 3075 5143 :Digni
3097 5074 3311 5144 quidem
3342 5090 3517 5135 morte
3546 5092 3691 5148 sunt,

2111 5159 2234 5229 quia
2277 5175 2382 5215 non
2409 5161 2762 5229 obedierunt;
2796 5179 2981 5220 verum
3022 5166 3075 5221 in
3110 5168 3184 5223 lui
3225 5169 3449 5239 gratiam
3479 5171 3583 5228 hoc
3614 5176 3691 5228 lit.

2119 5250 2252 5305 «21.
2297 5251 2358 5306 Et
2404 5267 2523 5307 cum
2573 5254 2737 5308 multa
2777 5255 2951 5311 inedia
2997 5266 3159 5325 esset,
3186 5277 3205 5311 ι
3255 5260 3446 5332 inquit,
3500 5281 3521 5316 ς
3548 5274 3695 5321 stans

2116 5342 2311 5398 Paulus
2340 5344 2393 5398 in
2425 5344 2602 5399 medio
2644 5360 2831 5401 eorum
2860 5348 2996 5403 dixit
3018 5368 3032 5404 ;
3056 5350 3346 5419 Oportebat
3382 5354 3624 5423 quidem,
3661 5370 3695 5411 ο

2116 5432 2237 5498 viri,
2263 5434 2448 5490 audire
2474 5451 2579 5501 me,
2613 5451 2714 5492 nec
2745 5439 2955 5494 solvere
2989 5454 3019 5495 a
3061 5438 3237 5506 Creta,
3269 5456 3333 5496 ac
3358 5445 3530 5500 vitare
3560 5446 3695 5501 hanc

2116 5525 2361 5594 iujuriam
2404 5527 2761 5597 etjacturam.
2812 5530 2902 5584 22.
2950 5530 3020 5585 Et
3064 5547 3207 5587 nunc
3234 5531 3423 5589 hortor
3464 5550 3599 5601 vos,
3641 5545 3696 5591 ut

2116 5616 2256 5672 bono
2293 5618 2476 5673 animo
2504 5619 2621 5673 sitis
2649 5621 2888 5690 :jactura
2929 5623 3071 5678 enim
3102 5624 3295 5679 animae
3322 5626 3468 5681 nulla
3498 5629 3603 5682 erit
3631 5642 3695 5682 ex

2114 5710 2284 5774 vobis,
2315 5710 2409 5765 sed
2438 5720 2641 5765 tantum
2672 5713 2845 5769 navis.
2883 5713 2975 5770 25.
3007 5714 3225 5771 Adstitit
3250 5716 3395 5772 enim
3436 5718 3566 5772 mihi
3598 5718 3697 5773 hac

2121 5810 2274 5860 nocte
2299 5801 2519 5874 angelus
2546 5802 2662 5871 Dei,
2692 5805 2843 5879 cujus
2872 5820 3015 5877 sum,
3053 5816 3107 5866 et
3139 5824 3298 5882 quem
3322 5811 3463 5878 colo,
3494 5811 3584 5871 26.
3618 5810 3695 5870 di-
