4002 6224
194 370 281 427 ωτ
1092 380 1095 381 ⁷
1255 372 1324 427 IN
1358 371 1537 431 ACTA
1575 372 2112 433 APOSTOLORUM.
2153 376 2387 440 HOMIL.
2428 384 2559 441 LIII.

724 508 3499 554 ._________________________________

330 508 706 523 ψ

3494 398 3602 453 568

1544 590 1695 665 [δυ-ι]
1723 593 1972 648 omum
2019 595 2148 651 Νιν.

204 681 435 753 ’Δνέστη
464 679 531 733 δέ
549 682 582 734 δ
606 678 905 753 ,ϐασιλεὺς
934 679 1030 753 καί
1056 681 1366 753 όᾲήτεμὼν,
1403 682 1441 749 ἢ
1464 700 1527 736 τε
1548 685 1823 753 Βερνίκη,

256 751 345 804 καὶ
381 752 431 821 οἱ
463 749 905 821 συγκαθήμενοι
943 749 1169 821 αὐτοῖς’
1194 749 1230 781 ’“
1251 751 1348 804 καί
1386 749 1824 821 ἀναχωρήσαν-

260 836 345 883 τες
370 817 632 889 ἐλάλουν
656 817 806 889 πρὸς
828 817 1163 889 ἀλλήλους,
1190 821 1493 889 λέγοντες,
1506 817 1607 874 ’ὅτι
1640 817 1833 875 ὐῦδὲν

256 888 502 960 θανάτου
534 885 708 960 ἀξιον
763 887 828 960 ἢ⁸
849 885 1095 960 δεσμῶν
1151 885 1414 957 πράσσει
1452 885 1493 943 ’ὁ
1519 890 1833 960 ἄνθρωπος

254 956 438 1023 οὗτος.
458 957 778 1025 Ἀγρίππας
792 954 867 1009 δὲ
890 954 969 1019 τῷ
989 954 1204 1027 (ξήστῴ
1218 959 1333 1027 ἐφη
1358 978 1371 991 ·
1398 954 1832 1015 Ἀπολελύσθαι

255 1028 493 1148 ἔριζε-ατο
527 1022 571 1080 ’ὅ
616 1022 927 1096 ἄνθρωπος
968 1022 1165 1093 οὗτος,
1226 1022 1277 1083 εί
1320 1022 1416 1101 ’μὴ
1462 1030 1831 1099 ἐπεκέκλητο

299 1113 335 1148 α
358 1110 528 1148 σαοα.

254 1100 528 1163 Καίσαρα.

254 1180 317 1235 α’.
350 1180 482 1251 Ὀρα
513 1178 630 1243 πῶς
659 1180 755 1233 καὶ
786 1180 949 1235 πάλιν
980 1183 1119 1257 ὑπὲρ
1147 1183 1311 1238 αὐτοῦ
1340 1182 1667 1254 ψηφίζονται
1693 1202 1706 1214 ·
1736 1184 1831 1239 καὶ

194 1268 318 1338 μετά
345 1266 401 1319 τὸ
432 1270 622 1331 εἰπεῖν,
648 1268 868 1336 Μαίνῃ,
902 1269 1124 1339 ἀφιᾶσιν
1153 1271 1335 1335 αὐτὸν,
1359 1271 1420 1324 ού
1442 1272 1535 1325 τοῦ
1572 1272 1826 1338 θανάτου,

191 1354 314 1408 ἀλλά
344 1354 559 1408 καὶτῶν
613 1354 828 1425 δεσμῶν
864 1371 878 1385 ·
917 1357 1010 1410 καὶ
1055 1356 1237 1412 τέλεον
1281 1357 1347 1413 ἂν
1396 1358 1637 1429 ἀφῆκαν,
1670 1362 1717 1412 εί
1752 1360 1828 1433 μὴ

191 1441 425 1511 Καίσαρα
450 1441 801 1513 ἐπεκέκλητο.
837 1442 997 1497 Ἀλλά
1021 1442 1177 1498 τοῦτο
1198 1445 1559 1516 οἰκονομικῶς
1584 1448 1825 1515 γέγονεν’

189 1524 240 1576 οὐ
271 1524 421 1593 μόνον
440 1524 496 1577 δέ
523 1524 698 1590 τοῦτο,
733 1524 868 1579 ἀλλά
911 1526 1005 1580 καὶ
1056 1526 1117 1580 τὸ
1149 1528 1287 1597 μετά
1314 1528 1527 1599 δεσμῶν
1550 1530 1826 1585 ἀπελθεῖν.

190 1609 278 1663 Διά
298 1608 448 1663 τοῦτο
474 1609 625 1679 ἔλεγε
648 1621 670 1642 ⁸
699 1627 714 1643 ο
746 1611 936 1681 Μέχρι
985 1611 1228 1682 δεσμῶν
1255 1614 1337 1680 ώς
1372 1616 1727 1685 κακοῦργος.
1765 1618 1828 1671 El

187 1697 282 1769 γὰρ
304 1698 332 1751 ό
362 1698 559 1769 Κύριος
579 1699 744 1752 αὐτοῦ
770 1702 906 1770 μετά
930 1700 1148 1771 ἀνόμων
1174 1700 1449 1772 ἐλογίσθη,
1483 1702 1663 1773 πολλῷ
1689 1704 1827 1773 μᾶλ-

187 1781 268 1837 λον
302 1777 449 1848 οὗτος
479 1802 492 1816 ο
530 1785 645 1839 ἀλλ’
704 1786 895 1856 ὥσπερ
955 1787 1161 1852 ἐκεῖνος
1220 1788 1322 1841 ούκ
1369 1789 1692 1861 ἐκοινώνησε
1728 1791 1827 1858 τῆς

186 1869 345 1941 δόξης,
373 1871 539 1936 οὕτως
565 1873 689 1926 οὐδὲ
715 1868 888 1937 οὗτος.
919 1873 994 1926 Τὸ
1016 1873 1125 1945 γάρ
1160 1873 1469 1944 θαυμαστὸν
1496 1876 1617 1928 τότε
1642 1876 1827 1945 φαίνε-

186 1973 282 2024 ται,
303 1958 360 2011 τὸ
386 1960 825 2029 ἀναμεμιγμένον
861 1959 1067 2024 τούτοις
1123 1960 1291 2031 μηδὲν
1326 1961 1468 2031 παρ’
1493 1963 1672 2015 αὐτῶν
1694 1962 1825 2034 βλά-

187 2043 413 2098 πτεσθαι.
453 2046 552 2113 Ὧς
575 2045 646 2100 δέ
691 2047 896 2113 ἐκρίθη
922 2044 1028 2100 τοῦ
1074 2046 1375 2100 ἀποπλεῖν
1402 2046 1560 2116 ημᾶς
1595 2051 1684 2114 είς
1710 2049 1828 2118 τὴν

197 2126 453 2197 Ἰταλίαν,
482 2131 851 2201 παρεδίδουν
874 2132 981 2186 τόν
1004 2149 1069 2186 τε
1094 2132 1342 2187 Παῦλον
1366 2134 1467 2187 καί
1501 2150 1669 2202 τινας
1700 2136 1825 2191 ἐτέ-

180 2238 310 2289 ρους
352 2221 659 2291 δεσμώτας
724 2221 1133 2291 ἑκατοντάρχῃ
1158 2262 1173 2287 ,
1236 2223 1481 2292 ὀνόματι
1550 2224 1784 2289 Ἰουλίῳ
1806 2267 1823 2293 ,

186 2310 411 2378 σπείρας
440 2306 767 2377 Σεϐαστῆς.
818 2308 1160 2375 Ἐπιϐἀντες
1204 2307 1273 2362 δέ
1309 2311 1501 2377 πλοίῳ
1541 2309 1825 2381 ’Δδραμυο

186 2395 343 2462 τηνῷ,
373 2395 709 2465 μέλλοντες
740 2394 919 2449 πλεῖν
964 2395 1109 2461 τοὺς
1160 2397 1310 2449 κατὰ
1345 2397 1461 2464 τὴν
1491 2398 1702 2451 Ἀσίαν
1725 2400 1826 2452 τό·-

185 2494 336 2547 πους,
382 2482 753 2551 ἀνήχθημεν,
793 2480 968 2547 ὄντος
1033 2482 1156 2536 σὺν
1225 2482 1370 2552 ἡμῖν
1430 2484 1825 2555 Ἀριστάρχου

184 2570 497 2639 Μακεδόνος
558 2569 1067 2638 Θεσσαλονικέως.
1110 2570 1189 2641 Τῇ
1225 2572 1293 2625 δέ
1327 2572 1498 2641 ἐτέρᾳ
1521 2573 1826 2644 κατήχθη-

179 2671 278 2724 μεν
292 2659 374 2724 είς
410 2655 658 2711 Σιδῶνα.
686 2658 829 2728 Ὅρα
870 2657 1029 2729 μέχρι
1054 2656 1156 2710 ποῦ
1181 2658 1498 2729 συνέρχεται
1526 2659 1603 2729 τῷ
1626 2661 1825 2731 Παύλῳ

182 2746 263 2797 καὶ
288 2744 654 2816 Ἀρίσταρχος.
676 2743 872 2808 Καλῶς
896 2745 991 2797 καὶ
1013 2745 1303 2816 χρησίμως
1334 2746 1598 2817 πάρεστιν
1618 2749 1646 2800 ό
1679 2748 1826 2817 Ἀρί-

184 2847 411 2903 σταρχος,
443 2832 657 2903 μέλλων
704 2832 922 2887 ἅπαντα
950 2832 1317 2901 ἀπαγγέλλειν
1362 2836 1441 2897 είς
1461 2833 1821 2888 Μακεδονίαν.

182 2916 586 2987 Φιλανθρώπως
606 2934 673 2972 τε
694 2920 726 2972 ό
770 2919 1023 2989 Ἰούλιος
1058 2916 1138 2983 τῷ
1177 2920 1395 2984 Παύλῳ
1418 2919 1821 2988 χρησάμενος,

180 3003 438 3075 ἐπέτρεψε
458 3004 619 3075 πρὸς
645 3005 789 3071 τοὺς
830 3005 1053 3074 φίλους
1082 3004 1450 3073 πορευθέντα
1481 3008 1824 3076 ἐπιμελείας

179 3093 378 3161 τυχεῖν.
418 3091 713 3147 Κάκεῖθεν
762 3091 1127 3161 ἀναχθέντες
1188 3095 1663 3163 ὑπεπλεύσαμεν
1706 3095 1824 3163 τὴν

180 3180 391 3247 Κύπρον
411 3180 509 3234 διὰ
534 3179 608 3234 τὸ
647 3178 790 3245 τοὺς
827 3179 1089 3249 ἀνέμους
1130 3179 1283 3234 εἶναι
1315 3180 1650 3248 ἐναντίους.
1679 3183 1820 3236 Ἐπ-

180 3262 395 3335 ἐτρεψε,
448 3267 602 3338 φησὶ,
659 3265 933 3331 Ἰούλιος,
987 3265 1419 3334 φιλανθρώπως
1466 3266 1547 3331 τῷ
1604 3269 1823 3335 Παύλῳ

181 3352 548 3422 Μσάμενος.
568 3350 769 3414 Καλῶς
802 3350 975 3405 ποιῶν
1006 3349 1166 3404 τοῦτο
1187 3353 1495 3423 ἐπιτρέπει,
1526 3353 1667 3407 ὥστε
1701 3356 1822 3408 ἐπι-

184 3440 373 3508 μελείας
406 3444 590 3513 τυχεῖν
616 3439 922 3496 ἀπελθόντα
960 3439 1114 3511 παρά
1133 3441 1261 3503 τοὺς
1284 3441 1599 3512 γνωρίμους
1629 3459 1643 3473 ⁸
1674 3442 1821 3505 είκὸς

179 3528 269 3599 γὰρ
288 3524 351 3601 ἦν
379 3531 537 3585 αὐτὸν
574 3528 688 3583 ἀπὸ
707 3526 909 3598 πολλῆς
944 3525 1241 3589 κακώσεως
1267 3523 1408 3582 εἶναι
1435 3529 1545 3582 τῶν
1578 3529 1817 3598 δεσμῶν,

177 3614 257 3667 τοῦ
280 3617 452 3684 φόϐου,
490 3615 590 3670 τοῦ
612 3614 844 3684 ἄγεσθαι
886 3614 980 3667 καὶ
1018 3612 1303 3687 φέρεσθαι.
1342 3614 1484 3686 Ὅρα
1533 3615 1650 3679 πῶς
1699 3616 1819 3669 οὐδὲ

177 3701 311 3757 τοῦτο
338 3704 587 3775 κρύπτει,
628 3704 711 3757 ὅτι
755 3702 1006 3755 ἐϐούλετο
1050 3700 1366 3772 ἐπιμελείας
1410 3705 1613 3771 τυχεῖν.
1650 3703 1818 3756 Πάλιν

178 3793 464 3860 πειρασμοὶ,
523 3789 692 3843 πάλιν
742 3788 934 3859 ἄνεμοι
990 3786 1243 3842 ἐναντίοι.
1280 3788 1424 3860 Ὅρα
1463 3788 1552 3841 διὰ
1601 3788 1819 3841 πάντων

177 3874 299 3929 οὕτω
324 3877 409 3931 τὸν
447 3877 560 3948 βίον
607 3876 718 3930 τῶν
754 3876 923 3944 ἀγίων
970 3874 1329 3945 ὑφαινόμενον
1364 3891 1379 3906 ⁸
1421 3874 1679 3944 ἐξέφυγον
1705 3875 1734 3915 b
1757 3875 1820 3930 τὸ

173 3964 514 4038 δικαστήριον,
566 3965 667 4019 καὶ
703 3963 1096 4036 περιπίπτουσι
1130 3962 1373 4033 ναυαγίῳ
1406 3962 1503 4017 καὶ
1538 3962 1768 4034 χειμῶνι
1799 3979 1814 3994 ο

174 4050 300 4105 ὁκαὶ
318 4053 507 4125 δηλῶν,
569 4053 768 4121 ἐπάγει
801 4066 815 4083 ο
871 4051 943 4105 Τό
1001 4066 1065 4104 τε
1119 4049 1384 4120 πέλαγος
1409 4049 1474 4103 τὸ
1510 4050 1661 4103 κατὰ
1703 4048 1818 4118 τὴν

174 4139 422 4194 Κιλικίαν
450 4141 547 4194 καὶ
584 4138 952 4208 Παμφυλίαν
994 4137 1496 4202 διαπλεύσαντες,
1527 4134 1814 4202 κατήλθοο

170 4240 269 4291 μεν
298 4229 379 4292 εις
407 4230 577 4296 Μύρα
609 4226 721 4294 τῆς
758 4226 1005 4292 Λυκίας.
1035 4223 1221 4280 Κάκεῖ
1242 4223 1435 4293 εὑρὼν
1470 4226 1503 4278 ό
1544 4223 1818 4277 ἑκατόντ-

171 4327 333 4380 αρχος
357 4315 568 4368 πλοῖον
596 4312 1057 4380 Ἀλεξανδρῖνον
1078 4310 1270 4366 πλέον
1282 4314 1369 4377 είς
1392 4310 1506 4379 τὴν
1533 4311 1814 4375 Ἰταλίαν,

173 4398 501 4455 ἀνεϐίϐασεν
527 4399 690 4471 ἡμᾶς
729 4404 816 4468 είς
867 4400 1041 4455 αὑτό.
1077 4399 1288 4468 Εύρὼν
1338 4398 1575 4465 πλοῖον,
1629 4398 1815 4470 φησὶν,

183 4484 644 4559 ’Δλεξανδρῖνον.
684 4488 926 4553 Εἰκότως
955 4487 1300 4559 εὑρίσκεται,
1355 4486 1497 4539 ὥστε
1528 4485 1819 4550 κάκείνους

173 4574 478 4646 ἀπαγγεῖλαι
503 4582 585 4643 είς
612 4578 711 4649 τὴν
729 4578 919 4631 Ἀσίαν
950 4577 1019 4631 τά
1049 4577 1191 4631 κατά
1222 4576 1313 4631 τὸν
1335 4576 1542 4631 Παῦλον
1571 4578 1665 4631 καὶ
1689 4576 1816 4630 τού-

171 4678 280 4727 τους
299 4667 375 4730 εἰς
413 4668 512 4738 τὴν
571 4667 800 4720 Λυκίαν.
825 4667 970 4737 ὐρα
993 4664 1085 4719 τὸν
1129 4664 1262 4718 Θεὸν
1312 4664 1463 4719 ούδέν
1510 4664 1818 4729 καινίζοντα

172 4750 276 4805 οὐδὲ
298 4755 712 4821 μεταϐάλλοντα,
741 4754 876 4807 ἀλλά
901 4753 1129 4823 ἀφιέντα
1152 4752 1311 4806 αὐτὸν
1334 4753 1413 4815 είς
1431 4754 1557 4816 τοὺς
1581 4754 1817 4824 ἀνέμους

172 4839 282 4903 τοὺς
310 4842 711 4913 ἀνεπιτηδείους
753 4841 931 4893 πλεῖν.
978 4839 1139 4894 Ἀλλά
1192 4839 1289 4893 καὶ
1337 4839 1480 4893 οὕτω
1522 4839 1706 4910 θαῦμα
1732 4840 1820 4911 ἐρ-

173 4924 393 4989 γάζεται.
427 4930 593 4982 Ὥστε
617 4929 725 4998 γάρ
751 4926 1014 4997 ἀσφαλῶς
1040 4928 1216 4993 πλεῖν,
1244 4928 1346 4980 οὐκ
1372 4927 1587 4997 ἀφῆκεν
1616 4927 1815 4993 αὐτοὺς

176 5008 308 5085 [398]
323 5018 397 5078 είς
419 5016 677 5084 πέλαγος,
700 5016 815 5068 ἀλλ’
834 5017 922 5069 ἀεὶ
939 5015 1089 5085 παρά
1104 5015 1208 5085 γῆν
1235 5014 1448 5070 ἔπλεον.
1466 5016 1562 5068 Ἐν
1582 5014 1818 5082 ίκαναῖς

175 5098 234 5150 δὲ
270 5101 507 5171 ήμέραις
551 5102 1088 5171 ,ϐραδυπλοοῦντες
1111 5141 1127 5166 ,
1168 5102 1268 5156 καὶ
1293 5103 1474 5171 μόλις
1509 5104 1819 5173 γενόμενοι

174 5189 306 5241 κατὰ
332 5190 439 5256 τὴν
461 5191 703 5253 Κνίδον,
732 5190 818 5259 μὴ
845 5189 1226 5257 προσεῶντος
1246 5188 1404 5258 ἡμᾶς
1442 5190 1547 5244 τοῦ
1569 5190 1815 5259 ἀνέμου,

172 5276 619 5348 ὑπεπλεύσαμεν
642 5277 757 5345 τὴν
773 5277 1013 5347 Κρήτην
1027 5278 1176 5332 κατὰ
1190 5275 1541 5345 Σαλμώνην·
1562 5279 1736 5346 μόλις
1754 5295 1818 5332 τε

174 5369 624 5435 παραλεγόμενοι
659 5364 876 5434 αὐτὴν,
900 5364 1165 5434 ἤλθομεν
1202 5368 1292 5430 εὶς
1334 5364 1522 5417 τόπον
1549 5363 1683 5417 τινὰ
1714 5382 1820 5418 κα-

174 5452 444 5520 λούμενον
460 5452 699 5518 Καλοὺς
715 5451 983 5521 λιμένας,
1000 5444 1047 5517 ᾧ
1060 5450 1240 5522 ἐγγὺς
1266 5450 1345 5520 ἦν
1364 5450 1541 5516 πόλις
1559 5451 1816 5506 Λασαία.

185 5536 396 5593 Ἱκανοῦ
449 5540 517 5592 δέ
566 5542 787 5608 χρόνου
832 5538 1294 5608 διαγενομένου,
1347 5535 1449 5590 καί
1491 5534 1659 5602 ὄντος
1699 5537 1816 5605 ἤδη

177 5625 266 5678 τοῦ
284 5628 465 5693 πλοὸς
485 5627 864 5695 ἐπισφαλοῦς
902 5625 1000 5679 διὰ
1024 5625 1085 5679 τὸ
1111 5623 1211 5678 καὶ
1239 5623 1354 5692 τὴν
1384 5624 1676 5693 νηστείαν
1701 5622 1816 5691 ἤδη

177 5714 662 5781 παρεληλυθέναι,
702 5714 955 5780 παρῄνει
977 5713 1008 5765 ὁ
1051 5712 1309 5777 Παῦλος,
1339 5711 1546 5777 αὐτοῖς
1568 5709 1761 5780 λέγων
1804 5726 1816 5737 ·

180 5797 414 5868 Ἄνδρες,
444 5799 661 5869 θεωρῶ,
690 5800 778 5853 ὅτι
798 5800 948 5870 μετὰ
974 5800 1192 5868 ὕϐρεως
1228 5799 1327 5854 καὶ
1346 5799 1586 5867 πολλῆς
1613 5797 1818 5869 ζημίας

234 5945 356 5999 ⁸Διὰι
376 5950 515 6001 τοῦτο
545 5948 673 6015 ἔλεγε
694 5950 835 6001 deest
859 5950 909 5999 in
933 5960 1048 5996 uno.
1170 5944 1303 5997 Unus
1329 5947 1532 6016 ἐξέφυγε.

1938 688 2010 740 οὐ
2032 688 2228 755 μόνον
2272 690 2378 745 τοῦ
2421 693 2668 760 φορτίου
2715 694 2812 747 καί
2860 698 2968 752 τοῦ
3026 702 3264 768 πλοίου,
3312 704 3479 760 ἀλλὰ
3501 710 3599 763 καὶ

1934 769 2055 823 τῶν
2078 772 2484 843 ψυχῶνήμῶν
2531 775 2783 844 μέλλειν
2844 779 3093 836 ἔσεσθαι
3134 784 3240 838 τόν
3270 788 3491 844 πλοῦν.
3545 793 3600 844 Ὀ

1932 855 2002 946 δέ
2036 858 2475 930 ἐκατόνταρχος
2526 860 2607 927 τῷ
2652 865 2991 934 κυϐερνήτῃ
3030 868 3127 922 καὶ
3164 870 3244 936 τῷ
3280 877 3602 946 ναυκλήρῳ

1931 945 2199 1001 ἐπείθετο
2232 947 2496 1018 μᾶλλον,
2526 949 2564 1019 ἢ
2616 950 2738 1017 τοῖς
2776 951 2895 1005 ὑπὸ
2944 953 3053 1006 τοῦ
3094 958 3337 1012 Παύλου
3364 945 3603 1033 λεγομέο

1930 1045 2081 1117 νοις.
2114 1033 2230 1104 Τὴν
2252 1035 2508 1104 νηστείαν
2541 1035 2777 1091 ἐνταῦθα
2830 1037 2930 1108 τὴν
2974 1038 3083 1091 τῶν
3128 1040 3393 1098 Ἰουδαίων
3421 1047 3601 1117 λέγειν

1930 1115 2195 1187 ἠγοῦμαι.
2219 1118 2371 1171 Μετὰ
2397 1120 2507 1191 γὰρ
2550 1121 2651 1191 τὴν
2696 1124 3073 1195 Πεντηκοστὴν
3116 1124 3336 1198 ἐξῆλθον
3391 1115 3600 1190 ἐκεῖθεν

1934 1204 2070 1272 μετά
2096 1204 2264 1258 πολὺν
2316 1207 2527 1278 χρόνον,
2581 1209 2658 1272 ὡς
2696 1209 2753 1263 ἐν
2807 1211 2957 1280 αύτῷ
3006 1213 3190 1283 σχεδὸν
3241 1215 3320 1287 τῷ
3373 1222 3597 1290 χειμῶνι

1931 1292 2331 1379 παραγενέσθαι
2367 1296 2448 1356 είς
2479 1296 2547 1349 τά
2586 1296 2725 1368 μέρη
2754 1297 2856 1367 τῆς
2878 1300 3122 1369 Κρήτης.
3150 1302 3260 1356 Καὶ
3282 1303 3506 1379 τοῦτοδὲ
3535 1309 3599 1362 ού

1933 1376 2126 1446 μικρὸν
2160 1376 2378 1446 θαῦμα,
2416 1381 2475 1433 τὸ
2527 1382 2855 1455 διασωθῆναι
2905 1386 2971 1439 δι’
3010 1389 3173 1441 αὑτὸν
3215 1390 3308 1443 καὶ
3336 1376 3596 1457 ἐκείνους.

1933 1462 2207 1531 Ἄνδρες,
2233 1465 2445 1534 θεωρῶ,
2478 1467 2568 1520 ὅτι
2601 1472 2752 1538 μετὰ
2816 1471 3038 1540 ὕϐρεως
3093 1474 3192 1527 καὶ
3220 1476 3457 1545 πολλῆς
3503 1478 3600 1547 ζη-

1924 1552 2089 1618 μίας,
2117 1551 2301 1621 φησὶν,
2334 1555 2405 1608 οὐ
2435 1555 2626 1624 μόνον
2652 1555 2759 1611 τοῦ
2795 1560 3041 1627 φορτίου
3074 1560 3176 1613 καὶ
3222 1562 3329 1615 τοῦ
3354 1565 3597 1630 πλοίου,

1922 1635 2090 1709 ⁹ἀλλὰ
2108 1637 2205 1691 καὶ
2251 1637 2371 1693 τῶν
2423 1640 2642 1711 ψυχῶν
2690 1645 2859 1714 ἡμῶν
2902 1646 3157 1715 μέλλειν
3210 1648 3458 1704 ἐσεσθαι
3491 1652 3601 1706 τὸν

1928 1726 2148 1781 πλοῦν.
2186 1728 2245 1783 Ὀ
2280 1730 2378 1800 μὲν
2431 1727 2524 1785 οὖν
2570 1733 2783 1799 Παῦλος
2831 1736 3083 1789 ἐκέλευσε
3134 1737 3340 1807 μένειν,
3401 1740 3495 1794 καὶ
3528 1740 3597 1795 τά

1931 1814 2193 1884 μέλλοντα
2240 1817 2497 1889 προλέγει
2533 1837 2548 1851 ·
2584 1822 2783 1875 ἐκεῖνοι
2846 1824 2903 1878 δὲ
2949 1825 3315 1896 ἐπειγόμενοι,
3374 1827 3469 1881 καὶ
3491 1828 3598 1882 ὑπὸ

1925 1900 2019 1954 τοῦ
2081 1904 2247 1958 τόπου
2291 1904 2645 1977 κωλυόμενοι,
2704 1909 2895 1981 ἧθελον
2946 1912 3027 1975 είς
3060 1912 3277 1966 Φοίνικα
3327 1929 3595 1986 παραχει-

1929 1988 2123 2060 μάσαι.

1998 2075 2065 2146 β’.
2093 2078 2203 2131 Καὶ
2232 2081 2423 2133 σκόπει
2451 2082 2551 2153 τὴν
2584 2083 2896 2153 οἰκονομίαν
2915 2099 2930 2115 ’
2966 2084 3184 2155 πρῶτον
3226 2086 3327 2156 μὲν
3355 2084 3498 2159 ἦραν
3532 2088 3596 2143 τδ

1929 2163 2138 2233 σκάφος
2165 2166 2258 2219 καὶ
2287 2168 2601 2238 ἐξήρχοντο,
2625 2169 2814 2223 ἔπειτα
2842 2169 2917 2233 ὠς
2939 2171 3197 2225 ἐνέπεσεν
3220 2174 3442 2243 ἄνεμος,
3485 2176 3595 2228 ἐδί-

1923 2248 2047 2303 δουν
2076 2249 2154 2320 τῷ
2181 2251 2420 2321 φέροντι,
2480 2255 2575 2308 καὶ
2627 2255 2779 2325 μόλις
2813 2255 3098 2320 ἐσώζοντο.
3136 2259 3486 2314 Ἀνευθέτου
3524 2261 3595 2314 δέ

1924 2335 2034 2390 τοῦ
2067 2338 2318 2406 λιμένος
2361 2340 2745 2409 ὑπάρχοντος
2792 2343 2941 2411 πρὸς
2992 2347 3505 2414 παραχειμασίαν,
3536 2349 3593 2401 οι

1924 2424 2177 2491 πλείους
2197 2424 2403 2480 ἐθεντο
2451 2428 2700 2496 βουλὴν
2753 2429 3089 2499 ἀναχθῆναι
3116 2430 3363 2496 ἐκεῖθεν,
3389 2432 3446 2486 εί
3468 2448 3593 2499 πως

1924 2508 2204 2566 δύναιντο
2227 2514 2715 2584 καταντήσαντες
2741 2518 2829 2583 είς
2853 2518 3099 2572 Φοίνικα
3126 2519 3588 2589 παραχειμάσαι.

1922 2596 2138 2665 λιμένα
2165 2599 2274 2667 τῆς
2307 2599 2545 2669 Κρήτης
2571 2601 2885 2665 ,βλέποντα
2940 2605 3091 2658 κατά
3125 2606 3267 2659 λίϐα
3314 2605 3409 2658 καί
3438 2607 3591 2660 κατὰ

1922 2681 2146 2750 Χῶρον.
2197 2682 2722 2755 Ὑποπνεύσαντος
2770 2687 2838 2741 δέ
2886 2690 3088 2755 νότου,
3140 2689 3429 2757 δόξαντες
3479 2691 3590 2760 τῆς

1923 2770 2263 2838 προθέσεως
2286 2774 2736 2843 κεκρατηκέναι,
2767 2776 3021 2844 ἄραντες
3059 2778 3306 2842 Ἄσσον,
3338 2779 3591 2845 παρελέ-

1923 2874 2100 2927 γοντο
2123 2858 2240 2926 τὴν
2264 2860 2527 2927 Κρήτην.
2555 2866 2672 2915 Μετ
2690 2863 2704 2885 ’
2730 2866 2801 2917 οὐ
2832 2863 2992 2918 πολὺ
3016 2864 3084 2917 δὲ
3113 2866 3291 2919 ἔϐαλε
3319 2868 3457 2919 κατ’
3479 2870 3590 2921 αύ-

1922 2944 2036 3014 τήν
2071 2946 2293 3015 ἄνεμος
2320 2949 2669 3017 τυφωνικὸς,
2700 2953 2735 3004 ό
2768 2953 3139 3020 καλούμενος
3170 2955 3585 3020 Εύροκλύδων’

1921 3034 2459 3102 συναρπασθέντος
2507 3035 2575 3088 δέ
2612 3036 2716 3090 τοῦ
2754 3039 2970 3092 πλοίου
2995 3039 3093 3092 καί
3128 3042 3213 3110 μὴ
3244 3041 3586 3111 δυναμένου

1920 3121 2364 3193 ἀντοφθαλμεῖν
2393 3124 2474 3190 τῷ
2497 3126 2711 3195 ἀνέμῳ,
2750 3127 3061 3194 ἐπιδόντες
3087 3129 3437 3199 ἐφερόμεθα.
3464 3134 3585 3201 Νη-

1919 3211 2062 3264 σίον
2116 3210 2183 3264 δέ
2234 3228 2289 3266 τι
2340 3212 2788 3282 ὑποδραμόντες
2838 3216 3215 3284 καλούμενον
3278 3218 3585 3287 Κλαύδην,

1914 3298 2097 3365 μόλις
2118 3300 2461 3369 ἰσχύσαμεν
2480 3301 2848 3369 περικρατεῖς
2872 3302 3150 3371 γενέσθαι
3180 3303 3289 3371 τῆς
3318 3305 3584 3374 σκάφης

1919 3384 2001 3453 ἦν
2026 3386 2299 3454 ἄραντες,
2356 3388 2667 3456 ,ϐοηθείαις
2730 3388 2992 3457 ἐχρῶντο
3045 3388 3494 3459 ὑποζωννύντες
3518 3392 3588 3447 τό

1918 3474 2138 3529 πλοῖον
2165 3493 2179 3507 ο
2201 3476 2560 3545 φοϐούμενοί
2581 3494 2645 3530 τε
2662 3476 2749 3546 μὴ
2774 3480 2860 3543 εἰς
2883 3476 2998 3546 τὴν
3025 3479 3237 3547 Σύρτιν
3260 3479 3585 3551 ἐκπέσωσι,

1918 3562 2300 3633 χαλάσαντες
2350 3564 2424 3618 τὰ
2462 3564 2625 3618 ίστία
2659 3564 2847 3630 οὕτως
2868 3564 3171 3634 ἐφέροντο.
3212 3566 3491 3635 Σφοδρῶς
3517 3567 3588 3619 δέ

1916 3650 2350 3721 χειμαζομένων
2389 3650 2574 3720 ἡμῶν,
2618 3649 2690 3721 τῇ
2742 3651 2891 3719 ἑξῆς
2942 3650 3204 3719 ἐκϐολὴν
3229 3652 3545 3706 ἐποιοῦντο
3569 3669 3584 3685 ·

1918 3739 2017 3791 καί
2043 3737 2119 3806 τῇ
2148 3740 2313 3807 τρίτῃ
2342 3739 2687 3807 αὐτόχειρες
2718 3738 2831 3806 τὴν
2861 3739 3098 3807 σκευὴν
3117 3739 3226 3794 τοῦ
3259 3740 3478 3794 πλοίου
3498 3739 3589 3810 έρ-

1907 3825 2199 3894 ῥίψαμεν.
2227 3825 2393 3890 Μήτε
2423 3825 2491 3878 δέ
2522 3826 2699 3894 ἡλίου
2736 3825 2890 3895 μήτε
2936 3827 3176 3903 ἄστρων
3214 3826 3587 3894 ἐπιφαινομέ-

1917 3929 2044 3966 νων
2072 3911 2170 3965 ἐπῖ
2198 3911 2486 3977 πλείονας
2509 3911 2754 3980 ἡμέρας,
2807 3911 3100 3981 χειμῶνός
3148 3930 3214 3966 τε
3238 3916 3349 3967 οὐκ
3376 3915 3586 3982 ὀλίγου

1916 4001 2322 4069 ἐπικειμένου,
2362 3997 2580 4052 λοιπὸν
2603 3998 2933 4066 περιῃρεῖτο
2958 3998 3125 4052 πᾶσα
3148 3999 3325 4065 ἐλπίς
3343 4000 3452 4053 τοῦ
3478 3998 3588 4052 σώο

1918 4089 2117 4152 (εσθαι
2140 4086 2317 4158 ἡμᾶς.
2354 4085 2601 4155 Πολλῆς
2623 4083 2691 4138 δέ
2719 4084 2958 4150 ἀσιτίας
2991 4087 3408 4153 ὑπαρχούσης,
3450 4088 3586 4139 τότε

1917 4175 2161 4243 σταθεὶς
2187 4179 2220 4229 ό
2241 4175 2484 4239 Παῦλος
2519 4173 2589 4226 ἐν
2608 4171 2772 4242 μέσῳ
2798 4172 3016 4235 αὐτῶν,
3040 4169 3228 4226 εἶπεν.
3260 4172 3419 4241 Ὅρα·
3446 4173 3584 4242 μετά

1916 4265 2007 4318 τὸν
2038 4261 2291 4317 τοσοῦτον
2316 4260 2563 4332 χειμῶνα
2599 4260 2700 4313 οὐκ
2736 4259 3081 4331 ἐπεμϐαίνων
3121 4259 3304 4321 αὐτοῖς
3337 4257 3582 4327 διαλέγε-

1916 4369 2027 4416 ται,
2057 4351 2194 4407 ἀλλά
2226 4350 2546 4421 βουλόμενος
2598 4346 2702 4402 κάν
2762 4348 2842 4410 είς
2898 4346 2959 4399 τὸ
2990 4345 3179 4416 μέλλον
3207 4343 3581 4413 πιστευθῆναι.

1918 4441 2083 4495 Ὅθεν
2110 4438 2206 4495 καὶ
2230 4440 2299 4492 τὰ
2323 4436 2669 4507 γεγενημένα
2712 4432 3131 4506 παραλαμϐάνει
3164 4432 3244 4496 εἰς
3276 4431 3584 4502 μαρτυρίαν

1914 4528 2015 4598 τῆς
2038 4526 2148 4580 τῶν
2178 4524 2566 4598 ῥηθησομένων
2609 4522 2887 4594 ἀληθείας.
2935 4519 3043 4573 Καὶ
3064 4518 3156 4572 δύο
3187 4518 3462 4589 προλέγει,
3501 4517 3583 4571 ὃτι

1916 4629 1978 4665 τε
2001 4612 2082 4675 είς
2108 4611 2271 4682 νῆσον
2304 4611 2557 4665 ἐκπεσεῖν
2589 4609 2689 4674 δεῖ,
2739 4609 2835 4662 καὶ
2873 4606 2954 4659 ὅτι
3002 4606 3061 4659 τὸ
3096 4606 3194 4675 μὲν
3230 4603 3412 4657 πλοῖον
3448 4605 3585 4657 ἀπο-

1917 4701 2108 4767 λεῖται,
2141 4702 2189 4754 οί
2214 4700 2270 4753 δὲ
2318 4700 2529 4762 ἐνόντες
2581 4697 2912 4768 σωθήσονται
2964 4697 3120 4765 (ὅπερ
3151 4694 3251 4747 οὐκ
3296 4689 3364 4765 ἦν
3397 4711 3587 4763 στοχα-

1921 4787 2083 4859 σμοῦ,
2118 4786 2254 4841 ἀλλά
2292 4784 2676 4857 προφητείας),
2726 4785 2821 4837 καὶ
2878 4784 2960 4835 ὅτι
3018 4780 3180 4835 αὐτὸν
3222 4779 3459 4848 Καίσαρι
3505 4779 3588 4831 δεῖ

1920 4876 2284 4947 παραστῆναι.
2308 4874 2380 4926 Τὸ
2404 4874 2482 4938 δὲ,
2506 4869 2867 4939 Κεχάρισταί
2912 4883 3010 4922 σοι
3050 4870 3082 4921 ό
3118 4865 3262 4930 Θεὸς
3290 4864 3583 4927 ἅπαντας,

1918 4962 2056 5033 ὅπερ
2086 4956 2260 5024 εἶπεν,
2302 4961 2403 5013 οὐκ
2428 4958 2576 5031 [399]
2603 4957 2919 5019 ἀλαζονείας
2953 4954 3122 5015 ἐστὶν,
3154 4949 3288 5004 ἀλλά
3332 4948 3589 5019 βουλομέ-

1919 5066 2011 5103 νου
2047 5047 2497 5117 προσαγαγέσθαι
2527 5046 2650 5107 τοὺς
2672 5040 3007 5112 ἐμπλέοντας
3033 5054 3047 5069 ’
3074 5037 3173 5107 οὐχ
3192 5037 3281 5089 ἵνα
3304 5034 3411 5105 γὰρ
3439 5033 3588 5105 αὐτῷ

1919 5137 2082 5210 χάριν
2105 5136 2320 5207 ἔχωσιν,
2366 5135 2477 5189 ἀλλ’
2518 5133 2606 5186 ἴνα
2640 5129 2935 5183 πείθωνται
2966 5127 3077 5189 τοῖς
3120 5125 3213 5178 ὑπ’
3244 5122 3410 5178 αὑτοῦ
3439 5122 3590 5191 λεγο-

1925 5227 2133 5299 μένοις,
2158 5223 2331 5287 οὖτως
2356 5219 2499 5276 εἷπε.
2536 5221 2610 5273 Τὸ
2643 5219 2722 5281 δὲ,
2751 5214 3111 5285 Κεχάρισταί
3141 5228 3239 5268 σοι
3262 5214 3296 5267 ό
3312 5210 3590 5299 ,Θεὸς,τῷ

1923 5297 2121 5384 Παύλῳ
2141 5315 2379 5383 εἴρηται.
2427 5307 2598 5362 Τοῦτο
2639 5303 2920 5377 μονονουχὶ
2956 5301 3131 5369 λέγων
3180 5298 3330 5370 αύτῷ
3359 5314 3375 5331 ⁸
3411 5297 3589 5384 Ἀξιοι

1926 5401 2024 5471 μὲν
2047 5383 2184 5453 εἰσὶν
2214 5395 2529 5461 ἀποθανεῖν,
2564 5390 2751 5463 ἐπειδὴ
2778 5390 3135 5460 παρήκουσαν
3164 5402 3180 5417 ⁸
3221 5385 3361 5457 πλὴν
3382 5385 3462 5447 είς
3489 5383 3588 5454 τὴν

1921 5489 2081 5560 χάριν
2111 5486 2207 5558 τὴν
2239 5485 2338 5556 σὴν
2389 5483 2546 5537 τοῦτο
2588 5482 2815 5549 γίνεται.
2842 5473 3095 5543 Πολλῆς
3131 5473 3219 5537 δὲ,
3251 5472 3435 5543 φησὶν,
3458 5471 3588 5560 ἀσι-

1922 5555 2060 5641 τίας
2083 5555 2503 5643 ὑπαρχούσης,
2534 5569 2667 5622 τότε
2695 5564 2939 5630 σταθεὶς
2968 5566 3000 5617 ό
3034 5562 3280 5626 Παῦλος
3314 5560 3384 5612 ἐν
3418 5555 3589 5643 μέσιρ

1920 5640 2121 5720 αὐτῶν
2140 5640 2311 5719 εἶπεν
2331 5680 2345 5694 ·
2376 5660 2534 5714 Ἔδει
2551 5659 2689 5727 μὲν,
2716 5648 2763 5707 ὦ
2813 5654 3047 5721 ἄνδρες,
3066 5640 3587 5727 πειθαρχήσαντάς

1916 5771 2039 5825 μοι,
2064 5753 2152 5823 μὴ
2186 5752 2513 5822 ἀνάγεσθαι
2543 5725 2663 5803 ἀπὸ
2712 5744 2821 5813 τῆς
2864 5740 3120 5810 Κρήτης,
3177 5725 3469 5825 κερδῆσαί
3523 5741 3587 5821 τε

1924 5819 2039 5910 ἢν
2065 5819 2242 5910 θσριλν
2273 5819 2497 5905 ταύτην
2535 5836 2633 5891 καὶ
2666 5832 2779 5900 τὴν
2818 5828 3048 5913 ζημίαν.
3086 5819 3193 5913 Καὶ
3223 5819 3411 5913 τανῦν
3429 5826 3585 5913 ἔταρ-

1933 5896 2077 5986 αίνῶ
2104 5896 2257 6002 ὑμᾶς
2296 5896 2575 5999 εὐθυμεῖν
2609 5941 2620 5954 '
2671 5896 2941 5983 ἀποϐολὴ
2972 5910 3077 5982 γὰρ
3107 5900 3312 5975 ψυχῆς
3346 5896 3590 5969 οὐδεμία
