4002 6224
429 341 534 396 369

428 455 601 508 ἕσται
636 447 705 513 ἐξ
733 445 920 516 ὑμῶν,
954 439 1121 509 πλὴν
1141 437 1244 498 τοῦ
1284 438 1522 491 πλοίου.
1558 432 1833 516 Παρέστη
1863 424 1976 516 γάρ
1997 439 2098 516 μοι

427 505 617 603 ταύτῃ
655 505 730 602 τ’τῙ
767 505 948 585 νυκτί
999 505 1253 596 ἀντελος
1295 523 1402 577 τοῦ
1435 521 1605 585 Θεοῦ,
1635 515 1706 574 οὗ
1738 520 1877 585 είμι,
1918 505 1966 580 ᾧ
1999 507 2098 564 καί

427 595 930 690 λατρεύωῖλέγων
957 631 973 646 ⁸
1001 595 1096 680 Μὴ
1119 609 1338 680 φοϐοῦ.
1369 606 1568 662 Παῦλε
1588 621 1603 634 ο
1637 601 1893 670 Καίσαρί
1916 616 1988 654 σε
2009 595 2100 650 δεῖ

427 685 844 778 παραστῆναι)
866 701 964 756 καί
992 698 1121 755 ιδοὺ
1149 695 1496 768 κεχάρισταί
1521 707 1618 746 σοι
1644 694 1676 745 ό
1699 689 1838 754 Θεὸς
1871 685 2104 748 πάντας

428 772 571 863 τοῦς
601 772 901 857 πλέοντας
921 787 1072 858 μετὰ
1094 784 1233 839 σοῦ.
1281 783 1377 837 Διό
1425 777 1767 849 εὐθυμεῖτε,
1814 772 2031 840 ἄνδρες
2093 784 2104 800 ’

429 855 691 937 πιστεύω
747 855 982 950 γὰρτῷ
1039 872 1183 938 Θεῷ,
1243 871 1330 924 ότι
1385 869 1571 933 οὕτως
1622 865 1794 919 ἔσται
1849 858 1978 914 καθ’
2032 855 2099 910 δν

428 971 654 1040 τρόπον
683 941 1015 1030 λελάληταί
1032 978 1153 1030 μοι.
1199 960 1300 1023 Εἰς
1335 954 1529 1025 νῆσον
1551 953 1617 1006 δέ
1645 967 1778 1004 τινα
1805 945 1896 1001 δεῖ
1946 941 2107 1014 ἡμᾶς

423 1031 725 1113 ἐκπεσεῖν.
787 1053 883 1116 Ὠς
919 1050 987 1102 δὲ
1029 1039 1647 1114 τεσσαρεσκαιδεκάτη
1674 1035 1790 1100 νὺξ
1842 1031 2100 1104 ἐγένετο,

423 1141 871 1213 διαφερομένων
937 1134 1108 1206 ἡμῶν
1184 1134 1253 1187 ἐν
1305 1130 1384 1196 τῷ
1453 1128 1651 1196 Ἀδρίῃ
1709 1121 1859 1177 κατὰ
1909 1120 2104 1190 μέσον

427 1231 541 1298 τῆς
591 1227 827 1294 νυκτὸς,
888 1223 1189 1280 ὑπενόουν
1235 1221 1290 1274 οἱ
1353 1215 1565 1271 ναῦται
1615 1211 1940 1281 προσάγειν
1973 1204 2105 1259 τινὰ

429 1294 634 1381 αὑτοῖς
675 1313 874 1384 χώραν
914 1327 929 1344 ⁶
975 1310 1070 1364 καὶ
1119 1308 1504 1373 βολίσαντες,
1550 1297 1730 1369 εὗρον
1756 1294 1996 1366 ὀργυιὰς
2021 1298 2099 1346 κ’·

424 1403 628 1474 βραχὺ
678 1383 751 1456 δὲ
807 1396 1247 1463 διαστήσαντες
1296 1390 1392 1444 καί
1451 1387 1637 1442 πάλιν
1682 1383 2052 1449 βολίσαντες
2087 1417 2103 1443 ,

427 1466 610 1560 εὑρον
663 1487 904 1557 ὀργυιὰς
973 1490 1036 1537 ιε’
1092 1497 1105 1511 °
1161 1475 1518 1550 φοϐούμενοί
1577 1489 1641 1526 τε
1707 1469 1791 1540 μή
1845 1483 1971 1532 πως
2018 1466 2106 1530 εις

429 1555 943 1649 τραχεῖςντόπους
995 1569 1376 1636 ἐκπέσωμεν,
1433 1563 1502 1616 ἐκ
1553 1561 1826 1629 πρύμνης
1886 1555 2106 1625 ῥίψαν-

430 1641 846 1732 τέςηάαξκύρας
877 1657 1198 1723 τέσσαρας,
1234 1652 1486 1721 εὔχοντο
1529 1646 1755 1719 ἡμέραν
1807 1641 2102 1713 γενέσθαι.

440 1727 566 1806 Τῶν
596 1727 664 1802 δὲ
683 1727 921 1801 ναυτῶν
962 1742 1295 1810 ζητούντων
1335 1735 1549 1807 φυγεῖν
1592 1733 1660 1786 ἐκ
1715 1729 1820 1784 τοῦ
1864 1727 2102 1789 πλοίου,

432 1838 531 1894 καί
591 1832 990 1906 χαλασάντων
1028 1828 1143 1896 τὴν
1188 1824 1436 1892 σκάφην
1479 1823 1567 1886 είς
1615 1819 1731 1886 τὴν
1761 1814 2103 1873 θάλασσαν,

433 1897 728 1993 προφάσει
752 1920 831 1985 ὼς
856 1918 924 1971 ἐκ
960 1913 1198 1983 πρώρας
1224 1909 1576 1980 μελλόντων
1611 1904 1875 1973 ἀγκύρας
1919 1897 2106 1951 ἐκτεί-

432 1984 581 2076 νειν,
645 1984 816 2062 εἶπεν
865 2009 897 2060 ό
941 2003 1182 2066 Παῦλος
1237 1997 1316 2063 τῷ
1371 1992 1778 2060 ἑκατοντάρχῃ
1839 1988 1935 2042 καί
1980 1984 2106 2052 τοῖς

431 2072 822 2168 στρατιώταις
850 2109 864 2122 ·
915 2092 1055 2145 Ἐὰν
1076 2087 1160 2158 μὴ
1194 2082 1357 2141 οὗτοι
1371 2083 1661 2152 μείνωσιν
1687 2078 1757 2131 ἐν
1793 2075 1872 2140 τῷ
1892 2072 2104 2136 πλοίῳ,

432 2157 603 2256 ὑμεῖς
649 2157 921 2250 σωθῆναι
973 2179 1045 2232 οὐ
1079 2157 1393 2228 δύνασθε.
1449 2169 1584 2222 Τότε
1648 2165 1703 2219 οἱ
1757 2157 2104 2230 στρατιῶται

427 2247 752 2340 ἀπέκοψαν
784 2247 856 2322 τὰ
885 2264 1129 2335 σχοινία
1156 2259 1266 2327 τῆς
1312 2255 1576 2324 σκάφης,
1630 2251 1728 2305 καὶ
1755 2250 1972 2304 εἴασαν
1999 2247 2105 2298 αὺ-

433 2362 548 2429 τὴν
570 2355 882 2412 ἐκπεσεῖν.
933 2348 1196 2404 Ἐνταῦθα
1230 2346 1518 2406 δείκνυσιν,
1544 2343 1625 2394 ὅτι
1653 2336 1876 2408 ἔμελλον
1905 2335 1951 2386 οἰ
1975 2330 2107 2385 ναῦ-

431 2420 522 2504 ται
558 2447 778 2517 φεύγειν
813 2437 1164 2498 ἀπιστοῦντες
1215 2433 1295 2503 τῷ
1331 2429 1610 2499 λεγομένῳ
1642 2443 1656 2456 ·
1705 2426 1732 2477 6
1764 2423 1822 2476 δὲ
1851 2420 2108 2475 ἑκατόντ-

435 2551 603 2605 αρχος
646 2527 890 2584 πιστεύει
926 2526 1023 2579 σὺν
1071 2524 1182 2584 τοῖς
1217 2516 1576 2590 στρατιώταις
1604 2526 1652 2566 ﬂ.
1684 2511 1775 2563 Διὸ
1797 2509 1891 2562 καί
1919 2522 2104 2578 φησιν’

447 2596 590 2675 ’ἐάν
633 2613 798 2672 οὗτοι
833 2613 1128 2683 φύγωσιν,
1174 2604 1343 2676 ὑμεῖς
1381 2599 1647 2668 σωθῆναι
1689 2600 1761 2652 οὑ
1790 2596 2057 2650 δύνασθε
2091 2609 2104 2624 ·

433 2708 495 2763 ού
525 2705 612 2761 διὰ
640 2703 798 2758 τοῦτο
853 2697 1045 2764 εἰπὼν,
1095 2694 1208 2750 ἀλλ’
1267 2693 1352 2746 ἴνα
1405 2689 1651 2758 κατάσχῃ
1709 2685 1928 2746 αὐτοὺς,
1957 2682 2107 2752 καὶὴ

435 2791 744 2866 προφητεία
782 2788 858 2860 μὴ
881 2785 1136 2854 διαπέσῃ.
1157 2782 1300 2852 Ὅρα
1324 2776 1575 2846 καθάπερ
1598 2776 1656 2826 ἐν
1696 2769 1962 2841 ἐκκλησίᾳ
1985 2786 2111 2822 παι-

433 2857 755 2956 δευομένους
783 2857 981 2938 αύτούς
1013 2871 1107 2926 τοῦ
1140 2868 1352 2923 Παύλου
1386 2865 1484 2935 τὴν
1521 2861 1859 2932 φιλοσοφίαν,
1899 2857 1992 2920 οὒς
2017 2857 2110 2909 καὶ

435 2973 498 3026 ἐκ
534 2969 714 3041 μέσων
743 2962 921 3019 αὐτῶν
953 2959 1116 3025 σώζει
1147 2957 1254 3010 τῶν
1283 2953 1562 3008 κινδύνων.
1599 2952 1710 3004 Καὶ
1748 2944 2110 3016 οἰκονομικῶς

435 3032 745 3111 ἀπιστεῖται
773 3051 800 3102 6
833 3049 1063 3112 Παῦλος,
1108 3045 1195 3098 ἴνα
1245 3040 1383 3114 μετὰ
1425 3039 1524 3110 τὴν
1567 3038 1763 3106 πεῖραν
1791 3032 1899 3086 τῶν
1929 3047 2111 3103 πραγ-

436 3144 624 3215 μάτων
657 3137 924 3207 πιστευθῇ
956 3148 971 3163 ·
1001 3136 1139 3204 ὅπερ
1186 3125 1278 3184 οὖν
1333 3127 1430 3182 καλ⁵
1474 3125 1685 3194 γέγονε.
1713 3119 1824 3175 Καὶ
1858 3118 2112 3189 παραινεῖ

435 3203 535 3284 τά)
552 3246 598 3282 ιν
645 3203 968 3298 μεταλαϐεῖν
1015 3203 1245 3292 τροφῆς,
1289 3214 1381 3267 καὶ
1422 3211 1698 3265 πείθονται
1731 3221 1745 3236 ⁸
1803 3207 1899 3258 καὶ
1949 3203 2111 3266 αὐτὸς

437 3291 659 3378 ’πρῶτος⁷
687 3291 1110 3384 μεταλαμϐάνει,
1142 3306 1202 3359 ού
1230 3305 1396 3373 λόγῳ,
1420 3299 1556 3354 ἀλλὰ
1584 3298 1678 3351 καὶ
1715 3295 1861 3367 ἔργῳ
1906 3291 2109 3345 πείθων

437 3404 510 3464 ώς
539 3378 700 3456 οὐδὲν.
754 3378 986 3467 ιολαῴεν
1033 3397 1061 3448 6
1121 3389 1352 3464 χειμὼν,
1402 3387 1536 3442 ἀλλὰ
1577 3383 1775 3456 μᾶλλον
1811 3379 1990 3434 αὑτῶν
2013 3378 2112 3441 τὰς

436 3490 611 3560 ψυχὰς
658 3487 750 3541 καί.
811 3465 1114 3554 ὠφέλησεν.
1151 3481 1322 3546 Ἀχρι
1368 3474 1436 3528 δέ
1479 3469 1550 3560 οὗ
1603 3471 1857 3540 ἔμελλεν
1884 3465 2113 3535 ἡμέραν

439 3579 728 3648 γίνεσθαι,
753 3570 1079 3640 παρεκάλει
1115 3569 1159 3620 ,ό
1195 3563 1435 3626 Παῦλος
1467 3559 1736 3622 ἅπαντας
1753 3551 2112 3625 μεταλαϐεῖν

439 3640 688 3732 τροφῆς,
759 3659 955 3727 λέγων
1021 3672 1036 3686 ο
1108 3642 1782 3717 Τεσσαρεσκαιδεκάτην
1843 3640 2113 3710 σήμερον

723 3726 1174 3815 προσδοκῶντες
1202 3780 1217 3804 ,
1282 3737 1475 3790 άσιτοι
1532 3731 1857 3786 διατελεῖτε
1911 3726 2113 3798 μηδὲν

439 3813 939 3907 ⁸προσλαϐόμενοι.
1000 3829 1096 3883 Διὸ
1155 3821 1484 3894 παρακαλῶ
1547 3817 1704 3889 ὑμᾶς
1753 3813 2113 3887 μεταλαϐεῖν

438 3901 704 3994 τροφῆςο
735 3901 914 3975 τοῦτο
955 3917 1062 3988 γὰρ
1114 3913 1263 3984 πρὸς
1310 3908 1416 3978 τῆς
1474 3906 1765 3994 ὑμετέρας
1813 3901 2112 3969 σωτηρίας

440 3988 692 4079 ύπάρχει
721 4025 734 4039 ·
771 4003 1021 4068 οὐδενὸς
1055 4002 1164 4072 γὰρ
1193 3996 1358 4068 ὑμῶν
1398 3995 1531 4064 θρὶξ
1559 3992 1667 4060 τῆς
1691 3988 1964 4060 κεφαλῆς
2010 4002 2113 4039 πε-

435 4071 653 4153 σεῖίαί.
693 4092 893 4149 Εἰπὼν
923 4089 992 4144 δὲ
1035 4071 1237 4152 ταῦτα,
1276 4083 1375 4138 καί
1406 4082 1608 4137 λαϐὼν
1627 4079 1829 4148 ἄρτον,
1871 4071 2112 4142 εὐχαρί-

437 4198 634 4251 στησε
672 4179 751 4245 τῷ
779 4175 900 4243 Θεῷ
929 4174 1184 4230 ἐνώπιον
1205 4171 1466 4232 πάντων,
1498 4165 1597 4219 καί
1626 4161 1866 4228 κλάσας
1885 4159 2112 4228 ἤρξατο

438 4245 594 4344 μθθ]
623 4267 869 4322 ἐσθίειν.
905 4263 1165 4332 Εὔθυμοι
1191 4258 1258 4312 δὲ
1278 4257 1586 4344 γενόμενοι
1613 4250 1856 4314 πάντες,
1888 4246 1986 4299 καί
2006 4245 2112 4300 αὑ-

438 4332 531 4411 τοὶ
555 4332 1000 4422 προσελάϐοντο
1040 4345 1285 4416 τροφῆς.
1317 4339 1513 4412 Ἦμεν
1538 4338 1608 4392 δὲ
1631 4339 1701 4390 ἐν
1727 4335 1809 4400 τῷ
1833 4333 2027 4399 πλοίῳ
2049 4332 2114 4384 αἱ

439 4418 634 4501 πᾶσαι
650 4437 842 4509 ψυχαὶ
864 4435 1164 4489 διακόσιαι
1189 4418 2113 4509 ἐϐδομηκονταέξ.ᾴι(ορεσθέντες

443 4526 512 4578 δὲ
546 4504 673 4592 τῆς⁷
686 4504 931 4589 τροφῆς,
959 4516 1274 4586 ἐκούφιζον
1304 4513 1372 4566 τὸ
1413 4511 1649 4573 πλοῖον,
1676 4504 2112 4571 ἐκϐαλλόμενοι

445 4613 552 4666 τὸν
589 4609 760 4664 σῖτον
791 4609 878 4672 είς
906 4604 1018 4672 τὴν
1042 4599 1527 4659 θάλασσαν-,Ὅτε
1553 4595 1620 4648 δὲ
1643 4593 1831 4662 ἡμέρα
1851 4591 2110 4659 ἐγένετο,

446 4700 559 4768 τὴν
579 4695 691 4769 γῆν
714 4697 826 4750 οὐκ
872 4693 1281 4763 ἐπεγίνωσκον
1314 4701 1328 4716 ·
1388 4685 1622 4739 κόλπον
1677 4679 1748 4734 δέ
1799 4694 1934 4732 τινα
1974 4692 2116 4729 κατ-

440 4764 660 4843 ενόοῦν
681 4785 900 4851 ἔχοντα
914 4780 1206 4850 αἰγιαλὸν,
1239 4777 1325 4840 είς
1345 4773 1416 4826 ὃν
1440 4770 1909 4829 ἐϐουλεύσαντο,
1932 4768 1986 4819 εὶ
2005 4764 2113 4818 δυ-

445 4865 892 4935 νατόν’,ἐξῶσαι
947 4864 1014 4919 τὸ
1055 4861 1290 4916 πλοῖον.
1338 4858 1445 4912 Καὶ
1492 4857 1599 4920 τὰς
1640 4853 1902 4924 ἀγκύρας
1950 4865 2114 4919 περι-

444 4963 692 5024 ελόντες
732 4955 874 5010 εἴων
913 4955 998 5016 είς
1021 4949 1134 5016 τὴν
1187 4946 1530 5006 θάλασσαν,
1550 4943 1670 5012 ἅμα
1710 4940 1958 5005 ἀνέντες
2007 4938 2113 5003 τὰς

444 5045 789 5114 ζευκτηρίας
857 5038 975 5094 τῶν
1032 5035 1340 5103 πηδαλίων
1392 5048 1406 5062 ·
1464 5030 1563 5083 καὶ
1629 5029 1958 5097 ἐπάραντες
2008 5024 2116 5079 τὸν

443 5134 740 5202 άρτέμονα
764 5169 779 5194 ,
825 5127 899 5196 τῇ
955 5125 1226 5192 πνεούσῃ
1287 5119 1565 5189 κατεῖχον
1610 5121 1697 5183 εις
1750 5116 1860 5170 τὸν
1914 5116 2117 5184 αἰτια-

442 5201 1034 5285 λόνξΠεριπεσόντες
1062 5209 1130 5264 δὲ
1176 5211 1264 5276 είς
1314 5208 1500 5261 τόπον
1552 5205 1953 5266 διθάλασσον,
2011 5201 2116 5255 ἐπ-

443 5307 705 5364 ώκειλαν
747 5303 863 5372 τὴν
917 5299 1110 5355 ναῦνο
1153 5297 1251 5352 καί
1289 5296 1326 5364 ἠ
1360 5296 1477 5366 μὲν
1528 5292 1731 5363 πρῶρα
1786 5291 2114 5362 ἐρείσασα,

445 5395 679 5463 ἔμεινεν
714 5389 1074 5452 ἀσάλευτος,
1113 5384 1151 5453 ἠ
1206 5384 1274 5438 δέ
1314 5383 1553 5452 πρύμνα
1588 5381 1798 5434 ἐλύετο
1845 5377 1965 5432 ὑπὸ
2010 5375 2117 5444 τῆς

437 5481 584 5554 βίας
611 5477 728 5534 τῶν
749 5475 1044 5545 κυμάτων.

517 5579 586 5641 γ’.
620 5569 787 5623 Πάλιν
807 5567 1062 5635 πειρᾶται
1081 5563 1110 5617 6
1128 5562 1373 5627 διάϐολος
1391 5561 1679 5632 ἐμποδίσαι
1703 5561 1770 5629 τῇ
1789 5554 2116 5630 προφητείᾳ·

447 5662 540 5714 καὶ
567 5655 912 5713 ὲϐουλεύοντό
937 5671 1090 5716 τινας
1142 5651 1374 5712 ἀνελεῖν,
1411 5648 1526 5703 ἀλλ’
1577 5648 1678 5700 οὐκ
1715 5646 1896 5698 εἴασεν
1924 5645 1952 5695 6
1988 5643 2120 5694 ἐκα·

442 5752 758 5818 τόπαρχος,
793 5745 878 5798 ἵνα
913 5743 1003 5795 τὸν
1044 5740 1254 5795 Παῦλον
1279 5737 1428 5809 σώσῃ
1453 5752 1466 5766 ·
1504 5733 1676 5797 οὕτως
1702 5732 1803 5802 ἤδη
1833 5727 2118 5801 ᾠκειωμέ-

511 5925 535 5951 ¹
560 5921 714 5983 Unus,
739 5923 947 5973 πιστεύει
982 5923 1065 5972 σὺν
1089 5921 1156 5984 τῷ
1182 5917 1376 5975 nam),

1274 323 1333 380 S.
1373 317 1661 378 JOANNIS
1697 305 2190 373 CHRYSOSTOHI
2229 305 2552 364 ARCHIEP.
2595 307 3142 366 CONSTANTINOP.

3767 313 3865 371 370

2203 438 2292 485 νος
2320 418 2388 494 ἦν
2417 424 2586 495 αύτῷ.
2616 424 2739 479 Τῶν
2760 423 2829 477 δέ
2858 423 3232 492 στρατιωτῶν
3252 424 3457 496 βουλή
3481 425 3748 498 ἐγένετο,
3770 430 3866 482 ἵνα

2203 509 2345 576 τοὺς
2382 509 2687 580 δεσμώτας
2715 513 3134 573 ἀποκτείνωσι,
3169 512 3254 581 μή
3286 531 3376 580 τις
3407 513 3867 583 ἐκκολυμϐήσας

2204 593 2483 666 διαφύγῃ.
2519 598 2582 650 '0
2611 597 2678 650 δὲ
2697 599 3134 667 ἑκατόνταρχος
3165 600 3548 670 βουλόμενος
3575 601 3864 655 διασῶσαι

2199 681 2306 734 τὸν
2351 683 2614 749 Παῦλον,
2673 683 2983 738 ἐκώλυσεν
3029 686 3250 751 αὐτοὺς
3306 685 3412 739 τοῦ
3456 687 3859 755 βουλήματος,

2197 767 2486 823 ἐκέλευσέ
2508 786 2572 824 τε
2599 770 2743 837 τοὺς
2759 770 3136 841 δυναμένους
3163 770 3471 841 κολυμϐᾷν
3503 774 3862 843 ἀπορρίζιανυ

2199 870 2306 920 τας
2343 855 2612 924 πρώτους
2640 857 2738 911 ἐπὶ
2767 857 2881 926 τὴν
2900 856 3019 929 γῆν
3035 857 3276 923 ἐξιέναι,
3317 860 3415 913 καὶ
3455 859 3600 925 τοὺς
3622 861 3858 927 λοιποὺς

2199 941 2308 1008 οὓς
2324 942 2440 1010 μὲν
2463 944 2559 996 ἐπί
2591 946 2865 1009 σανίσιν,
2891 946 2996 1013 οὓς
3031 945 3101 999 δέ
3127 947 3229 1000 ἐπί
3267 964 3446 1001 τινων
3472 947 3594 1002 τῶν
3618 949 3736 1003 ἀπὸ
3764 949 3858 1002 τοῦ

2200 1030 2439 1083 πλοίου.
2465 1030 2575 1084 Καὶ
2602 1030 2790 1098 οὕτως
2817 1031 3057 1100 ἐγένετο
3107 1032 3339 1100 πάντας
3373 1033 3743 1102 διασωθῆναι
3770 1037 3855 1090 ἐπι

2199 1116 2315 1183 τὴν
2340 1115 2478 1185 γῆν.
2531 1117 2641 1172 Καὶ
2693 1117 3108 1184 διασωθέντες,
3161 1121 3295 1174 τότε
3341 1120 3718 1190 ἐπέγνωσαν,
3781 1122 3858 1175 ὅτι

2200 1206 2429 1272 Μελίτη
2450 1205 2488 1272 ἡ
2521 1205 2716 1272 νῆσος
2745 1206 3032 1261 καλεῖται.
3075 1208 3241 1278 Ὀρᾷς
3271 1208 3392 1261 ὅσον
3423 1207 3651 1277 γέγονεν
3677 1210 3857 1276 ἀγαθὸν

2201 1292 2309 1345 ἀπὸ
2340 1291 2434 1344 τοῦ
2480 1293 2778 1363 χειμιῖινοςς
2817 1295 2929 1348 Ούκ
2982 1294 3090 1366 ἄρα
3145 1294 3590 1364 ἐγκαταλείψεως
3618 1298 3684 1372 ἦν
3712 1298 3738 1348 6
3763 1314 3859 1366 χει-

2205 1376 2342 1448 μών.
2372 1379 2484 1431 Καὶ
2509 1377 2648 1445 πῶς,
2690 1380 2875 1452 φησὶν,
2905 1381 3101 1453 ἔφερον
3128 1383 3303 1438 ἄσιτοι
3327 1383 3477 1447 ὄντες
3517 1385 3620 1438 καὶ
3657 1384 3858 1456 μηδενὸς

2205 1467 2671 1538 μεταλαόόμενοι;
2714 1471 2774 1524 '0
2806 1470 2970 1540 φόϐος
2999 1473 3250 1542 κατεῖχεν
3293 1471 3490 1536 αὐτοὺς
3531 1474 3631 1528 καὶ
3668 1475 3761 1527 ούκ
3788 1474 3860 1526 εἴα

2203 1559 2283 1620 εἰς
2313 1556 2608 1628 ἐπιθυμίαν
2653 1558 2866 1630 τροφῆς
2911 1561 3192 1629 ἐμπεσεῖν,
3249 1558 3546 1629 μέλλοντας
3602 1562 3738 1633 ὑπὲρ
3768 1562 3858 1614 τῶν

2183 1646 2449 1716 ιέσχάτων
2496 1644 2849 1700 κινδυνεύειν.
2908 1646 2982 1699 Τὸ
3035 1646 3134 1716 μὲν
3189 1643 3282 1700 οὖν
3321 1647 3622 1717 γενόμενον
3652 1646 3857 1702 ἀπὸτοῦ

2203 1731 2398 1804 καιροῦ
2451 1733 2670 1802 ἐγένετο
2719 1750 2734 1764 ο
2783 1733 2843 1786 τὸ
2885 1733 2940 1786 δὲ
2998 1731 3183 1804 θαῦμα
3243 1733 3448 1804 μεῖξον,
3476 1736 3564 1789 ὅτι
3604 1738 3662 1790 ἐν
3705 1733 3858 1808 καιρῷ

2202 1820 2430 1892 τοιούτῳ
2458 1823 2522 1875 ἐκ
2549 1821 2731 1888 μέσων
2793 1820 3075 1892 ἐσώθησαν
3133 1822 3243 1876 τῶν
3301 1823 3594 1890 κινδύνων,
3627 1826 3777 1888 αὑτός
3808 1841 3856 1876 τε

2204 1909 2299 1961 καὶ
2333 1909 2411 1962 δι’
2438 1908 2601 1962 αὐτὸν
2626 1911 2676 1962 οἰ
2707 1908 2902 1963 λοιποί.
2950 1908 3059 1962 Καὶ
3117 1909 3450 1977 ἐπάραντες
3495 1915 3610 1967 τὸν
3637 1914 3857 1983 ἀρτέμο-

2202 2015 2300 2063 να,
2343 1996 2418 2067 τῇ
2452 1999 2725 2067 πνεούσῃ
2771 1997 3050 2066 κατεῖχον
3089 2001 3176 2065 εἰς
3219 2000 3327 2053 τὸν
3376 2003 3681 2069 αἰγιαλόν.
3714 2003 3860 2056 Τοῦτο

2204 2082 2347 2154 εἰπε,
2378 2085 2475 2158 τὴν
2503 2086 2626 2158 βίαν
2647 2086 2813 2152 δεῖξαι
2869 2086 3212 2158 βουλόμενος,
3275 2087 3340 2159 ἣν
3389 2088 3666 2159 ὑπέμενον
3687 2108 3858 2162 χειμα-

2205 2173 2423 2244 ζόμενοι
2455 2191 2470 2206 ⁸
2507 2174 2770 2239 πολλάκις
2800 2175 2909 2245 γὰρ
2936 2175 3037 2246 οὐχ
3069 2174 3212 2229 οὕτω
3239 2175 3473 2230 ποιοῦσι.
3504 2178 3603 2230 Διὸ
3622 2179 3714 2231 καὶ
3749 2195 3860 2230 κατ-

2203 2265 2409 2334 ήγαγον
2434 2264 2534 2336 τὴν
2557 2263 2770 2335 ὀθόνην,
2797 2266 3046 2318 τουτέστι
3071 2265 3139 2318 τὰ
3176 2265 3319 2318 ἰστία
3345 2267 3493 2336 (ὅταν
3521 2267 3637 2339 γὰρ
3658 2267 3860 2336 σφοδρὸς

2204 2349 2492 2425 ἄνεμοςῇ,
2533 2352 2689 2406 τοῦτο
2741 2353 2996 2424 γίνεται),
3039 2353 3396 2422 ἐγκόπτοντες
3443 2353 3544 2407 τοῦ
3576 2355 3863 2425 πνεύματος

2205 2437 2304 2508 τὴν
2337 2437 2540 2510 ῥύμην.
2567 2439 2753 2494 Ταῦτα
2779 2440 2836 2494 δὲ
2879 2442 3179 2511 πάσχουσιν
3215 2443 3272 2494 ἐν
3313 2440 3393 2511 τῷ
3431 2442 3642 2514 Ἁδρίᾳ,
3675 2443 3794 2496 ἔνθα
3813 2444 3864 2495 τὸ

2207 2527 2474 2591 σώζεσθαι
2512 2526 2769 2597 χαλεπόν.
2810 2523 2997 2596 Ἦμεν
3039 2526 3108 2580 δὲ
3138 2528 3208 2580 ἐν
3260 2526 3338 2593 τῷ
3385 2531 3581 2593 πλοίῳ
3604 2533 3663 2584 αἱ
3691 2527 3866 2585 πᾶσαι

2206 2614 2397 2683 ψυχαί
2418 2613 2717 2669 διακόσιαι
2746 2613 3244 2684 ἐϐδομηκονταέξ.
3274 2617 3381 2669 Καὶ
3404 2616 3568 2670 πόθεν
3591 2617 3766 2689 δῆλον,
3793 2619 3867 2672 ὅτι

2206 2702 2453 2756 τοσοῦτοι
2479 2698 2620 2774 ἦσαν
2639 2705 2689 2756 οἰ
2719 2703 3087 2775 συμπλέοντες
3109 2721 3124 2770 ;
3155 2704 3317 2769 Εἰκὸς
3340 2700 3406 2776 ἦν
3433 2707 3638 2771 αὐτοὺς
3670 2709 3868 2779 ἐρωτᾷν

2209 2791 2306 2861 τὴν
2328 2792 2527 2859 αἰτίαν,
2567 2794 2647 2848 δι’
2686 2796 2752 2864 ἢν
2790 2793 3032 2858 πλέουσι,
3085 2793 3182 2846 καὶ
3227 2792 3419 2864 μαθεῖν
3465 2796 3672 2849 πάντα.
3708 2798 3768 2850 Ol
3818 2797 3866 2849 δέ

2208 2881 2418 2944 οὐδενὸς
2450 2880 2766 2951 μετέλαϐον,
2802 2881 2884 2934 ὅτι
2936 2881 3038 2934 οὐκ
3087 2875 3156 2952 ἦν
3187 2882 3371 2946 αὐτοῖς
3399 2883 3622 2950 φροντὶς
3650 2884 3864 2954 τροφῆς,

2209 2969 2307 3023 ἆτε
2338 2970 2399 3022 ού
2434 2969 2563 3039 περὶ
2587 2967 2696 3022 τῶν
2718 2969 2988 3038 τυχόντων
3020 2967 3171 3032 ὄντος
3203 2969 3296 3021 τοῦ
3330 2968 3606 3024 κινδύνου.
3644 2973 3750 3025 Καὶ
3779 2973 3866 3040 ὅρα

2211 3057 2330 3119 πῶς
2361 3057 2458 3126 οὐχ
2498 3055 2685 3119 ἁπλῶς
2708 3058 2830 3110 οὐδὲ
2875 3059 2908 3127 ἡ
2953 3055 3202 3127 παρολκὴ
3249 3056 3340 3109 τοῦ
3373 3058 3540 3122 πλοὸς
3591 3060 3775 3128 γέγονε
3799 3059 3867 3130 τῷ

2211 3144 2431 3221 Παύλῳ,
2463 3143 2584 3198 οὐδὲ
2622 3144 2852 3214 ἄκαιρος
2893 3146 2922 3198 6
2964 3143 3151 3208 πλοῦς,
3187 3144 3323 3198 ἀλλὰ
3354 3149 3594 3201 ποιεῖται
3621 3148 3777 3204 αὐτὸν
3796 3149 3866 3201 δι-

2209 3233 2509 3296 δασκαλίας
2539 3233 2750 3303 καιρόν.
2783 3232 2856 3285 υύ
2894 3232 3090 3304 μικρὸν
3128 3231 3188 3285 δὲ
3230 3231 3410 3296 τοῦτο,
3461 3235 3517 3286 ετ
3573 3251 3635 3303 γε
3687 3234 3867 3296 πάντες

2208 3314 2355 3374 οὗτοι
2385 3319 2736 3374 ἐπίστευσαν.
2804 3319 2953 3372 Ἀλλ’
3009 3318 3206 3388 ἴδωμεν
3250 3319 3456 3373 ἄνωθεν
3491 3320 3568 3374 τὰ
3600 3323 3865 3392 εἰρημένα.

2222 3406 2459 3462 Ἱκανοῦ
2479 3404 2547 3458 δὲ
2567 3406 2791 3475 χρόνου
2813 3403 3256 3476 διαγενομένου,
3293 3405 3389 3458 καί
3417 3405 3600 3473 ὄντος
3624 3407 3736 3476 ἤδη
3757 3407 3867 3460 ἐπι-

2209 3493 2490 3563 σφαλοῦς
2525 3493 2633 3548 τοῦ
2679 3495 2890 3560 πλοὸς,
2933 3495 3186 3564 παρῄνει
3217 3497 3249 3548 ό
3281 3493 3530 3560 Παῦλος
3552 3496 3746 3564 λέγων
3776 3497 3868 3550 αὺ-

2209 3583 2367 3648 τοῖς·
2407 3582 2669 3651 Ἄνδρες,
2703 3580 2918 3650 θεωρῶ,
2963 3581 3052 3636 ὅτι
3092 3581 3243 3651 μετὰ
3284 3581 3506 3649 ὕϐρεως
3545 3583 3648 3635 καί
3681 3580 3866 3648 ζημίας

2204 3671 2458 3740 μέλλειν
2491 3670 2739 3724 ἔσεσθαι
2768 3669 2875 3722 τὸν
2903 3667 3122 3721 πλοῦν.
3158 3668 3304 3738 Ὅρα
3329 3668 3391 3720 τὸ
3417 3667 3630 3736 ἄτυφον
3658 3682 3671 3695 ·
3705 3669 3785 3721 ἵνα
3803 3668 3867 3738 μὴ

2209 3758 2334 3830 δόξῃ
2365 3757 2749 3830 προφητεύειν,
2780 3755 2905 3810 ἀλλ’
2931 3756 3007 3819 ὡς
3027 3756 3136 3808 ἀπὸ
3168 3753 3475 3825 στοχασμοῦ
3506 3754 3660 3829 [401]
3689 3756 3866 3822 λέγειν,

2214 3845 2438 3912 Θεωρῶ,
2469 3844 2636 3916 φησίν
2676 3861 2689 3874 ·
2725 3845 2786 3896 ού
2825 3841 2936 3914 γὰρ
2981 3842 3046 3895 ἂν
3096 3842 3366 3907 ἐδέξαντο,
3417 3842 3627 3908 εὐθέως
3658 3846 3704 3896 εἰ
3730 3841 3870 3895 τοῦτο

2211 3931 2357 3988 εἰπε.
2391 3934 2661 4005 Πρότερον
2691 3930 2824 4002 γοῦν
2853 3931 3208 4003 προφητεύει,
3263 3932 3358 3984 καὶ
3386 3930 3537 4000 λέγει
3573 3949 3590 3962 ·
3642 3934 3693 3985 Ὀ
3719 3931 3868 3995 Θεὸς,

2210 4016 2258 4090 ᾧ
2285 4022 2573 4090 λατρεύω,
2614 4021 2825 4088 ἐνάγων
2855 4018 3075 4081 αύτούς.
3105 4018 3228 4082 Πῶς
3259 4014 3350 4071 οῦν
3378 4018 3478 4071 οὐκ
3509 4019 3728 4087 ἐγένετο
3749 4015 3870 4087 μετὰ

2213 4111 2415 4182 ζημίας
2441 4109 2662 4180 ψυχῶνς
2708 4108 2954 4176 Ἐγένετο
3006 4107 3093 4169 ἂν,
3117 4108 3165 4159 εἰ
3196 4107 3270 4178 μὴ
3318 4104 3494 4170 ὁΘεὸς
3553 4106 3582 4146 δ
3613 4106 3867 4159 διέσωσεν.

2213 4203 2378 4255 Ὅσον
2403 4199 2510 4271 γὰρ
2562 4197 2703 4252 κατὰ
2720 4197 2816 4268 τὴν
2875 4195 3036 4264 φύσιν
3092 4193 3186 4248 τοῦ
3237 4193 3584 4264 πράγματος,
3615 4193 3871 4248 ἀπώλοντο

2211 4291 2276 4346 ἄν
2313 4305 2328 4320 ·
2363 4288 2492 4343 ἀλλ’
2536 4289 2564 4341 6
2621 4286 2752 4346 Θεὸς
2813 4285 3110 4338 ἐκώλυσεν.
3163 4285 3224 4336 '0
3283 4281 3354 4335 δὲ
3415 4281 3868 4351 ἑκατοντάρχης.

2212 4377 2384 4449 φησὶ,
2425 4374 2506 4442 τῷ
2551 4374 2889 4444 κυϐερνήτῃ
2935 4371 3176 4444 μᾶλλον
3219 4373 3490 4426 ἐπείθετο
3534 4371 3573 4440 ἢ
3624 4371 3744 4436 τοῖς
3764 4369 3870 4424 ὑπὸ

2211 4465 2318 4518 τοῦ
2355 4464 2602 4518 Παύλου
2652 4461 3025 4531 λεγομένοις.
3061 4461 3180 4513 Ἵνα
3221 4460 3429 4530 δειχθῇ,
3493 4461 3575 4514 ὅτι
3623 4461 3722 4514 οὐκ
3776 4454 3871 4512 ἀπὸ

2213 4550 2522 4625 στοχασμοῦ
2576 4550 2748 4605 ταῦτα
2803 4550 3008 4619 ἐλεγεν,
3063 4551 3091 4602 ό
3153 4548 3496 4619 κυϐερνήτης
3543 4547 3614 4600 τὰ
3673 4544 3871 4600 ἐναντία

2211 4643 2383 4712 λέγει,
2431 4641 2526 4694 καὶ
2553 4639 2725 4693 ταῦτα
2751 4637 3015 4710 ἔμπειρος
3065 4635 3141 4691 ὢν
3174 4651 3190 4667 ⁶
3219 4635 3392 4697 οὕτως
3429 4635 3530 4688 οὐκ
3556 4635 3666 4687 ἀπὸ
3698 4647 3872 4701 στοχαο

2215 4729 2353 4801 σμοῦ
2403 4725 2470 4801 ἦν
2518 4727 2586 4782 τὰ
2629 4726 2921 4796 λεγόμενα.
2967 4721 3311 4778 Ἀνευθέτου
3357 4721 3428 4775 δὲ
3475 4722 3584 4776 τοῦ
3623 4719 3868 4790 λιμένος,

2214 4821 2400 4892 φησιν,
2435 4817 2834 4886 ὑπάρχοντος.
2861 4816 3006 4886 ’Ὅρα
3028 4815 3123 4867 καὶ
3141 4815 3171 4868 ὁ
3205 4814 3368 4875 τόπος
3390 4811 3634 4865 διδάσκει
3672 4811 3744 4880 μὴ
3776 4804 3870 4859 61:6

2218 4906 2530 4979 στοχασμοῦ
2567 4901 2729 4970 εἶναι,
2779 4903 3065 4966 ἁνεύθετος
3119 4900 3195 4954 ὧν
3231 4919 3244 4932 ·
3302 4899 3504 4970 μᾶλλον
3541 4898 3598 4951 δὲ
3635 4897 3741 4950 ἀπὸ
3769 4909 3871 4947 στο·

2215 4994 2427 5068 χασμοῦ
2451 4993 2736 5064 φαίνονται
2769 4990 3018 5061 λέγοντες
3069 4989 3293 5043 ἐκείνων
3341 4988 3390 5040 οἰ
3435 4985 3676 5048 πλείους,
3707 4982 3754 5034 οἳ
3791 4981 3868 5032 καὶ

2219 5085 2560 5158 βουλεύονται
2617 5083 2917 5154 ἀναχθῆναι
2975 5079 3184 5134 ἐκεῖθεν
3243 5093 3258 5108 ⁸
3324 5074 3456 5128 ἀλλ’
3503 5073 3654 5127 οὐδὲν
3706 5068 3866 5128 αὐτοῖς

2218 5156 2379 5233 πλέον
2405 5177 2470 5227 ἐκ
2515 5173 2703 5226 τούτου
2753 5171 2965 5241 γίνεται
2990 5186 3004 5200 ο
3038 5165 3436 5240 περιπίπτουσι
3487 5161 3596 5231 γὰρ
3638 5156 3866 5215 κλύδωνι,

2218 5268 2312 5321 κα)⁸
2366 5261 2593 5334 ἐκϐολὴν
2646 5255 2722 5316 ὧν
2782 5259 3116 5330 ἐπεφέροντο
3159 5253 3460 5309 ποιοῦνται.
3495 5251 3586 5305 Διὸ
3615 5243 3870 5303 καὶτοῦτο

2216 5354 2415 5426 δηλῶν,
2441 5329 2691 5422 ἐπήχαγε
2728 5365 2741 5378 ·
2781 5329 3063 5417 Σφοδρῶς
3113 5341 3182 5398 δὲ
3221 5337 3658 5412 χειμαζομένων
3694 5329 3868 5426 ἡμῶν.

2217 5415 2698 5510 αύτόχειρεςττῆν
2735 5415 2973 5503 σκευὴν
3000 5435 3105 5490 τοῦ
3145 5429 3364 5486 πλοίου
3388 5427 3737 5496 ἐῤῥίψαμεν.
3768 5415 3871 5510 Ἵνα

2223 5530 2296 5600 μὴ
2517 5503 2655 5598 μετα
2688 5524 2858 5579 ταῦτα
2884 5522 3152 5588 ἀπειθεῖν,
3179 5519 3350 5574 ταῦτα
3373 5516 3748 5587 σνγχωρεῖται.
3775 5503 3873 5558 Καὶ

2225 5597 2459 5688 χαλεπὸς
2481 5597 2692 5688 χειμὼν
2723 5613 3015 5684 ἐγείρεται,
3048 5613 3144 5665 καὶ
3171 5609 3305 5664 πολὺ
3345 5607 3406 5660 τὸ
3445 5605 3630 5664 σκότος
3659 5597 3870 5666 γίνεται.

2224 5708 2353 5761 Εἶτα
2383 5709 2469 5761 ἵνα
2493 5706 2565 5778 μὴ
2592 5704 2922 5766 ἀπόλωνται,
2947 5702 3040 5754 καί
3071 5703 3099 5754 6
3134 5702 3278 5761 σῖτος
3298 5696 3550 5769 ρίπτεται
3575 5687 3663 5742 καὶ
3679 5682 3842 5737 πάντα
3859 5690 3870 5702 ·

2289 5851 2314 5888 δ
2338 5849 2518 5904 Verba.
2546 5851 2585 5910 ᾧ
2617 5845 2954 5910 λατρεύειν-εἰ
2981 5845 3044 5902 μή
3068 5845 3093 5891 ὁ
3119 5841 3256 5895 θεός,
3298 5838 3360 5885 ob
3386 5831 3736 5896 ὁμοιοτέὶενττν
3758 5827 3868 5884 νῖν

2233 5910 2475 5974 termissu,
2506 5901 2532 5961 ε
2559 5901 2748 5978 ῌυυὺιὶε
2788 5906 2928 5956 codd.
2960 5901 3202 5956 rcslilula-
3237 5906 3368 5950 sum.
3411 5901 3546 5948 Low.
