  <div class='ocr_page' id='page_1' title='image "/cluster/home/n/w/nwhite01/storage/ocr_20150623/60/hvd.32044073501942/376.png"; bbox 0 0 3920 6224; ppageno 0'>
   <div class='ocr_carea' id='block_1_1' title="bbox 205 312 311 371">
    <p class='ocr_par' dir='ltr' id='par_1_1' title="bbox 205 312 311 371">
     <span class='ocr_line' id='line_1_1' title="bbox 205 312 311 371; baseline 0 0"><span class='ocrx_word' id='word_1_1' title='bbox 205 312 311 371; x_wconf 74' lang='lat'><strong>569</strong></span> 
     </span>
    </p>
   </div>
   <div class='ocr_carea' id='block_1_2' title="bbox 201 420 1790 493">
    <p class='ocr_par' dir='ltr' id='par_1_2' title="bbox 201 420 1790 493">
     <span class='ocr_line' id='line_1_2' title="bbox 201 420 1790 493; baseline -0.003 -13"><span class='ocrx_word' id='word_1_2' title='bbox 201 438 368 480; x_wconf 83' lang='lat' dir='ltr'><strong>cens:</strong></span> <span class='ocrx_word' id='word_1_3' title='bbox 396 420 474 479; x_wconf 74' lang='lat' dir='ltr'><strong>Ne</strong></span> <span class='ocrx_word' id='word_1_4' title='bbox 502 421 712 487; x_wconf 82' lang='lat' dir='ltr'><strong>timeas,</strong></span> <span class='ocrx_word' id='word_1_5' title='bbox 736 420 931 488; x_wconf 83' lang='lat' dir='ltr'><strong>Paule;</strong></span> <span class='ocrx_word' id='word_1_6' title='bbox 958 420 1160 477; x_wconf 72' lang='lat' dir='ltr'><strong>Ctesari</strong></span> <span class='ocrx_word' id='word_1_7' title='bbox 1207 429 1261 477; x_wconf 89' lang='lat' dir='ltr'><strong>te</strong></span> <span class='ocrx_word' id='word_1_8' title='bbox 1306 430 1520 493; x_wconf 76' lang='lat' dir='ltr'><strong>oportet</strong></span> <span class='ocrx_word' id='word_1_9' title='bbox 1551 422 1666 477; x_wconf 93' lang='lat' dir='ltr'><strong>sisti</strong></span> <span class='ocrx_word' id='word_1_10' title='bbox 1698 428 1790 476; x_wconf 89' lang='lat' dir='ltr'><strong>:et</strong></span> 
     </span>
    </p>
   </div>
   <div class='ocr_carea' id='block_1_3' title="bbox 201 512 1785 583">
    <p class='ocr_par' dir='ltr' id='par_1_3' title="bbox 201 512 1785 583">
     <span class='ocr_line' id='line_1_3' title="bbox 201 512 1785 583; baseline -0.003 -13"><span class='ocrx_word' id='word_1_11' title='bbox 201 529 328 570; x_wconf 83' lang='lat' dir='ltr'><strong>ecce</strong></span> <span class='ocrx_word' id='word_1_12' title='bbox 356 512 577 568; x_wconf 78' lang='lat' dir='ltr'><strong>donarit</strong></span> <span class='ocrx_word' id='word_1_13' title='bbox 605 512 697 567; x_wconf 83' lang='lat' dir='ltr'><strong>tibi</strong></span> <span class='ocrx_word' id='word_1_14' title='bbox 729 512 871 568; x_wconf 86' lang='lat' dir='ltr'><strong>Deus</strong></span> <span class='ocrx_word' id='word_1_15' title='bbox 917 526 1137 579; x_wconf 87' lang='lat' dir='ltr'><strong>omnes,</strong></span> <span class='ocrx_word' id='word_1_16' title='bbox 1184 513 1274 583; x_wconf 89' lang='lat' dir='ltr'><strong>qui</strong></span> <span class='ocrx_word' id='word_1_17' title='bbox 1299 513 1550 582; x_wconf 77' lang='lat' dir='ltr'><strong>navigant</strong></span> <span class='ocrx_word' id='word_1_18' title='bbox 1587 522 1785 568; x_wconf 82' lang='lat' dir='ltr'><strong>tecum.</strong></span> 
     </span>
    </p>
   </div>
   <div class='ocr_carea' id='block_1_4' title="bbox 199 603 1785 669">
    <p class='ocr_par' dir='ltr' id='par_1_4' title="bbox 199 603 1785 669">
     <span class='ocr_line' id='line_1_4' title="bbox 199 603 1785 669; baseline 0.001 -9"><span class='ocrx_word' id='word_1_19' title='bbox 199 605 283 660; x_wconf 72' lang='lat'><strong>25.</strong></span> <span class='ocrx_word' id='word_1_20' title='bbox 319 604 445 659; x_wconf 88' lang='lat' dir='ltr'><strong>ideo</strong></span> <span class='ocrx_word' id='word_1_21' title='bbox 474 603 619 658; x_wconf 88' lang='lat' dir='ltr'><strong>bono</strong></span> <span class='ocrx_word' id='word_1_22' title='bbox 658 604 839 657; x_wconf 87' lang='lat' dir='ltr'><strong>animo</strong></span> <span class='ocrx_word' id='word_1_23' title='bbox 878 613 1074 669; x_wconf 80' lang='lat' dir='ltr'><strong>eStote,</strong></span> <span class='ocrx_word' id='word_1_24' title='bbox 1105 603 1202 658; x_wconf 92' lang='lat' dir='ltr'><strong>viri</strong></span> <span class='ocrx_word' id='word_1_25' title='bbox 1229 603 1431 660; x_wconf 89' lang='lat' dir='ltr'><strong>:credo</strong></span> <span class='ocrx_word' id='word_1_26' title='bbox 1470 604 1611 659; x_wconf 90' lang='lat' dir='ltr'><strong>enim</strong></span> <span class='ocrx_word' id='word_1_27' title='bbox 1655 606 1785 662; x_wconf 87' lang='lat' dir='ltr'><strong>Deo.</strong></span> 
     </span>
    </p>
   </div>
   <div class='ocr_carea' id='block_1_5' title="bbox 199 694 1785 767">
    <p class='ocr_par' dir='ltr' id='par_1_5' title="bbox 199 694 1785 767">
     <span class='ocr_line' id='line_1_5' title="bbox 199 694 1785 767; baseline 0.001 -18"><span class='ocrx_word' id='word_1_28' title='bbox 199 696 336 767; x_wconf 88' lang='lat' dir='ltr'><strong>quod</strong></span> <span class='ocrx_word' id='word_1_29' title='bbox 357 696 437 750; x_wconf 90' lang='lat' dir='ltr'><strong>sic</strong></span> <span class='ocrx_word' id='word_1_30' title='bbox 465 696 571 750; x_wconf 90' lang='lat' dir='ltr'><strong>erit</strong></span> <span class='ocrx_word' id='word_1_31' title='bbox 600 694 1052 765; x_wconf 82' lang='lat' dir='ltr'><strong>quemadmodum</strong></span> <span class='ocrx_word' id='word_1_32' title='bbox 1079 696 1280 751; x_wconf 91' lang='lat' dir='ltr'><strong>dictum</strong></span> <span class='ocrx_word' id='word_1_33' title='bbox 1310 707 1392 752; x_wconf 86' lang='lat' dir='ltr'><strong>est</strong></span> <span class='ocrx_word' id='word_1_34' title='bbox 1417 697 1569 750; x_wconf 90' lang='lat' dir='ltr'><strong>mihi.</strong></span> <span class='ocrx_word' id='word_1_35' title='bbox 1607 697 1698 750; x_wconf 74' lang='lat'><strong>26.</strong></span> <span class='ocrx_word' id='word_1_36' title='bbox 1729 696 1785 751; x_wconf 90' lang='lat' dir='ltr'><strong>ln</strong></span> 
     </span>
    </p>
   </div>
   <div class='ocr_carea' id='block_1_6' title="bbox 200 786 1783 856">
    <p class='ocr_par' dir='ltr' id='par_1_6' title="bbox 200 786 1783 856">
     <span class='ocr_line' id='line_1_6' title="bbox 200 786 1783 856; baseline -0.001 -15"><span class='ocrx_word' id='word_1_37' title='bbox 200 787 422 841; x_wconf 78' lang='lat' dir='ltr'><strong>insulam</strong></span> <span class='ocrx_word' id='word_1_38' title='bbox 445 794 627 840; x_wconf 87' lang='lat' dir='ltr'><strong>autem</strong></span> <span class='ocrx_word' id='word_1_39' title='bbox 654 786 941 856; x_wconf 80' lang='lat' dir='ltr'><strong>quamdam</strong></span> <span class='ocrx_word' id='word_1_40' title='bbox 964 794 1176 855; x_wconf 84' lang='lat' dir='ltr'><strong>oportet</strong></span> <span class='ocrx_word' id='word_1_41' title='bbox 1205 800 1303 840; x_wconf 89' lang='lat' dir='ltr'><strong>nos</strong></span> <span class='ocrx_word' id='word_1_42' title='bbox 1329 786 1581 841; x_wconf 80' lang='lat' dir='ltr'><strong>incidere.</strong></span> <span class='ocrx_word' id='word_1_43' title='bbox 1604 786 1691 840; x_wconf 75' lang='lat'><strong>27.</strong></span> <span class='ocrx_word' id='word_1_44' title='bbox 1714 786 1783 841; x_wconf 87' lang='lat' dir='ltr'><strong>Ut</strong></span> 
     </span>
    </p>
   </div>
   <div class='ocr_carea' id='block_1_7' title="bbox 198 876 1786 948">
    <p class='ocr_par' dir='ltr' id='par_1_7' title="bbox 198 876 1786 948">
     <span class='ocr_line' id='line_1_7' title="bbox 198 876 1786 948; baseline 0.001 -17"><span class='ocrx_word' id='word_1_45' title='bbox 198 889 372 931; x_wconf 75' lang='lat' dir='ltr'><strong>autem</strong></span> <span class='ocrx_word' id='word_1_46' title='bbox 420 876 819 947; x_wconf 86' lang='lat' dir='ltr'><strong>quartadecima</strong></span> <span class='ocrx_word' id='word_1_47' title='bbox 865 892 972 931; x_wconf 78' lang='lat' dir='ltr'><strong>nox</strong></span> <span class='ocrx_word' id='word_1_48' title='bbox 1024 876 1368 947; x_wconf 81' lang='lat' dir='ltr'><strong>supervenit,</strong></span> <span class='ocrx_word' id='word_1_49' title='bbox 1412 878 1786 948; x_wconf 74' lang='lat' dir='ltr'><strong>navigantibus</strong></span> 
     </span>
    </p>
   </div>
   <div class='ocr_carea' id='block_1_8' title="bbox 199 966 1786 1037">
    <p class='ocr_par' dir='ltr' id='par_1_8' title="bbox 199 966 1786 1037">
     <span class='ocr_line' id='line_1_8' title="bbox 199 966 1786 1037; baseline 0.001 -17"><span class='ocrx_word' id='word_1_50' title='bbox 199 967 348 1021; x_wconf 89' lang='lat' dir='ltr'><strong>nobis</strong></span> <span class='ocrx_word' id='word_1_51' title='bbox 388 967 441 1021; x_wconf 92' lang='lat' dir='ltr'><strong>in</strong></span> <span class='ocrx_word' id='word_1_52' title='bbox 470 966 634 1020; x_wconf 76' lang='lat' dir='ltr'><strong>Adi-ia</strong></span> <span class='ocrx_word' id='word_1_53' title='bbox 665 968 807 1021; x_wconf 89' lang='lat' dir='ltr'><strong>circa</strong></span> <span class='ocrx_word' id='word_1_54' title='bbox 858 967 1094 1023; x_wconf 90' lang='lat' dir='ltr'><strong>medium</strong></span> <span class='ocrx_word' id='word_1_55' title='bbox 1126 969 1295 1024; x_wconf 90' lang='lat' dir='ltr'><strong>noctis</strong></span> <span class='ocrx_word' id='word_1_56' title='bbox 1315 1010 1330 1033; x_wconf 96' lang='lat'><strong>,</strong></span> <span class='ocrx_word' id='word_1_57' title='bbox 1376 968 1786 1037; x_wconf 83' lang='lat' dir='ltr'><strong>suSpicabantur</strong></span> 
     </span>
    </p>
   </div>
   <div class='ocr_carea' id='block_1_9' title="bbox 197 1054 1781 1130">
    <p class='ocr_par' dir='ltr' id='par_1_9' title="bbox 197 1054 1781 1130">
     <span class='ocr_line' id='line_1_9' title="bbox 197 1054 1781 1130; baseline 0.003 -19"><span class='ocrx_word' id='word_1_58' title='bbox 197 1066 371 1111; x_wconf 62' lang='lat' dir='ltr'><strong>nauci:</strong></span> <span class='ocrx_word' id='word_1_59' title='bbox 401 1054 664 1127; x_wconf 82' lang='lat' dir='ltr'><strong>apparere</strong></span> <span class='ocrx_word' id='word_1_60' title='bbox 692 1058 924 1128; x_wconf 84' lang='lat' dir='ltr'><strong>aliquam</strong></span> <span class='ocrx_word' id='word_1_61' title='bbox 966 1059 1278 1130; x_wconf 89' lang='lat' dir='ltr'><strong>regionem;</strong></span> <span class='ocrx_word' id='word_1_62' title='bbox 1302 1058 1397 1115; x_wconf 74' lang='grc'><strong>28.</strong></span> <span class='ocrx_word' id='word_1_63' title='bbox 1428 1061 1518 1130; x_wconf 87' lang='lat' dir='ltr'><strong>qui</strong></span> <span class='ocrx_word' id='word_1_64' title='bbox 1548 1059 1781 1115; x_wconf 89' lang='lat' dir='ltr'><strong>demissa</strong></span> 
     </span>
    </p>
   </div>
   <div class='ocr_carea' id='block_1_10' title="bbox 196 1148 1782 1223">
    <p class='ocr_par' dir='ltr' id='par_1_10' title="bbox 196 1148 1782 1223">
     <span class='ocr_line' id='line_1_10' title="bbox 196 1148 1782 1223; baseline 0.002 -21"><span class='ocrx_word' id='word_1_65' title='bbox 196 1148 370 1202; x_wconf 89' lang='lat' dir='ltr'><strong>bolide</strong></span> <span class='ocrx_word' id='word_1_66' title='bbox 414 1156 737 1218; x_wconf 83' lang='lat' dir='ltr'><strong>repererunt</strong></span> <span class='ocrx_word' id='word_1_67' title='bbox 765 1148 979 1221; x_wconf 88' lang='lat' dir='ltr'><strong>orgyias</strong></span> <span class='ocrx_word' id='word_1_68' title='bbox 1003 1150 1188 1219; x_wconf 83' lang='lat' dir='ltr'><strong>viginti</strong></span> <span class='ocrx_word' id='word_1_69' title='bbox 1221 1166 1322 1206; x_wconf 88' lang='lat' dir='ltr'><strong>:ac</strong></span> <span class='ocrx_word' id='word_1_70' title='bbox 1364 1151 1616 1223; x_wconf 88' lang='lat' dir='ltr'><strong>pusillum</strong></span> <span class='ocrx_word' id='word_1_71' title='bbox 1659 1150 1782 1205; x_wconf 89' lang='lat' dir='ltr'><strong>inde</strong></span> 
     </span>
    </p>
   </div>
   <div class='ocr_carea' id='block_1_11' title="bbox 194 1239 1783 1312">
    <p class='ocr_par' dir='ltr' id='par_1_11' title="bbox 194 1239 1783 1312">
     <span class='ocr_line' id='line_1_11' title="bbox 194 1239 1783 1312; baseline 0.001 -19"><span class='ocrx_word' id='word_1_72' title='bbox 194 1239 454 1310; x_wconf 78' lang='lat' dir='ltr'><strong>digressi,</strong></span> <span class='ocrx_word' id='word_1_73' title='bbox 502 1254 714 1294; x_wconf 85' lang='lat' dir='ltr'><strong>rursum</strong></span> <span class='ocrx_word' id='word_1_74' title='bbox 756 1240 898 1309; x_wconf 87' lang='lat' dir='ltr'><strong>jacta</strong></span> <span class='ocrx_word' id='word_1_75' title='bbox 938 1240 1154 1307; x_wconf 88' lang='lat' dir='ltr'><strong>bolide,</strong></span> <span class='ocrx_word' id='word_1_76' title='bbox 1205 1252 1524 1312; x_wconf 88' lang='lat' dir='ltr'><strong>repererunt</strong></span> <span class='ocrx_word' id='word_1_77' title='bbox 1568 1241 1783 1311; x_wconf 77' lang='lat' dir='ltr'><strong>orgyias</strong></span> 
     </span>
    </p>
   </div>
   <div class='ocr_carea' id='block_1_12' title="bbox 192 1329 1783 1401">
    <p class='ocr_par' dir='ltr' id='par_1_12' title="bbox 192 1329 1783 1401">
     <span class='ocr_line' id='line_1_12' title="bbox 192 1329 1783 1401; baseline 0.003 -20"><span class='ocrx_word' id='word_1_78' title='bbox 192 1329 531 1399; x_wconf 84' lang='lat' dir='ltr'><strong>quindecim;</strong></span> <span class='ocrx_word' id='word_1_79' title='bbox 570 1329 662 1384; x_wconf 71' lang='lat'><strong>29.</strong></span> <span class='ocrx_word' id='word_1_80' title='bbox 695 1330 1054 1399; x_wconf 85' lang='lat' dir='ltr'><strong>timentesque</strong></span> <span class='ocrx_word' id='word_1_81' title='bbox 1099 1346 1166 1385; x_wconf 90' lang='lat' dir='ltr'><strong>ne</strong></span> <span class='ocrx_word' id='word_1_82' title='bbox 1198 1332 1249 1385; x_wconf 92' lang='lat' dir='ltr'><strong>in</strong></span> <span class='ocrx_word' id='word_1_83' title='bbox 1288 1347 1479 1401; x_wconf 87' lang='lat' dir='ltr'><strong>aspera</strong></span> <span class='ocrx_word' id='word_1_84' title='bbox 1507 1332 1623 1386; x_wconf 90' lang='lat' dir='ltr'><strong>loca</strong></span> <span class='ocrx_word' id='word_1_85' title='bbox 1652 1330 1783 1385; x_wconf 88' lang='lat' dir='ltr'><strong>inci-</strong></span> 
     </span>
    </p>
   </div>
   <div class='ocr_carea' id='block_1_13' title="bbox 190 1420 1782 1491">
    <p class='ocr_par' dir='ltr' id='par_1_13' title="bbox 190 1420 1782 1491">
     <span class='ocr_line' id='line_1_13' title="bbox 190 1420 1782 1491; baseline -0.001 -16"><span class='ocrx_word' id='word_1_86' title='bbox 190 1421 465 1487; x_wconf 86' lang='lat' dir='ltr'><strong>deremus,</strong></span> <span class='ocrx_word' id='word_1_87' title='bbox 497 1420 563 1475; x_wconf 88' lang='lat' dir='ltr'><strong>de</strong></span> <span class='ocrx_word' id='word_1_88' title='bbox 588 1423 749 1491; x_wconf 88' lang='lat' dir='ltr'><strong>puppi</strong></span> <span class='ocrx_word' id='word_1_89' title='bbox 770 1420 931 1491; x_wconf 90' lang='lat' dir='ltr'><strong>jactis</strong></span> <span class='ocrx_word' id='word_1_90' title='bbox 960 1421 1211 1477; x_wconf 86' lang='lat' dir='ltr'><strong>anchoris</strong></span> <span class='ocrx_word' id='word_1_91' title='bbox 1245 1432 1495 1490; x_wconf 85' lang='lat' dir='ltr'><strong>quatuor,</strong></span> <span class='ocrx_word' id='word_1_92' title='bbox 1525 1422 1782 1491; x_wconf 87' lang='lat' dir='ltr'><strong>optabant</strong></span> 
     </span>
    </p>
   </div>
   <div class='ocr_carea' id='block_1_14' title="bbox 190 1511 1779 1583">
    <p class='ocr_par' dir='ltr' id='par_1_14' title="bbox 190 1511 1779 1583">
     <span class='ocr_line' id='line_1_14' title="bbox 190 1511 1779 1583; baseline -0.001 -17"><span class='ocrx_word' id='word_1_93' title='bbox 190 1512 330 1566; x_wconf 87' lang='lat' dir='ltr'><strong>diem</strong></span> <span class='ocrx_word' id='word_1_94' title='bbox 372 1512 525 1566; x_wconf 88' lang='lat' dir='ltr'><strong>oriri.</strong></span> <span class='ocrx_word' id='word_1_95' title='bbox 566 1512 659 1567; x_wconf 90' lang='lat'><strong>50.</strong></span> <span class='ocrx_word' id='word_1_96' title='bbox 709 1511 895 1567; x_wconf 85' lang='lat' dir='ltr'><strong>Nautis</strong></span> <span class='ocrx_word' id='word_1_97' title='bbox 928 1527 1055 1567; x_wconf 88' lang='lat' dir='ltr'><strong>vero</strong></span> <span class='ocrx_word' id='word_1_98' title='bbox 1086 1513 1450 1582; x_wconf 76' lang='lat' dir='ltr'><strong>quzerentibus</strong></span> <span class='ocrx_word' id='word_1_99' title='bbox 1494 1513 1675 1583; x_wconf 85' lang='lat' dir='ltr'><strong>fugere</strong></span> <span class='ocrx_word' id='word_1_100' title='bbox 1715 1528 1779 1565; x_wconf 83' lang='lat' dir='ltr'><strong>ex</strong></span> 
     </span>
    </p>
   </div>
   <div class='ocr_carea' id='block_1_15' title="bbox 190 1601 1782 1674">
    <p class='ocr_par' dir='ltr' id='par_1_15' title="bbox 190 1601 1782 1674">
     <span class='ocr_line' id='line_1_15' title="bbox 190 1601 1782 1674; baseline -0.001 -17"><span class='ocrx_word' id='word_1_101' title='bbox 190 1603 331 1667; x_wconf 82' lang='lat' dir='ltr'><strong>navi,</strong></span> <span class='ocrx_word' id='word_1_102' title='bbox 380 1618 504 1656; x_wconf 89' lang='lat' dir='ltr'><strong>cum</strong></span> <span class='ocrx_word' id='word_1_103' title='bbox 533 1601 881 1657; x_wconf 88' lang='lat' dir='ltr'><strong>demisissent</strong></span> <span class='ocrx_word' id='word_1_104' title='bbox 925 1603 1178 1673; x_wconf 81' lang='lat' dir='ltr'><strong>scapham</strong></span> <span class='ocrx_word' id='word_1_105' title='bbox 1206 1604 1259 1657; x_wconf 91' lang='lat' dir='ltr'><strong>in</strong></span> <span class='ocrx_word' id='word_1_106' title='bbox 1299 1618 1471 1669; x_wconf 88' lang='lat' dir='ltr'><strong>mare,</strong></span> <span class='ocrx_word' id='word_1_107' title='bbox 1515 1603 1615 1657; x_wconf 90' lang='lat' dir='ltr'><strong>sub</strong></span> <span class='ocrx_word' id='word_1_108' title='bbox 1644 1618 1782 1674; x_wconf 81' lang='lat' dir='ltr'><strong>prae-</strong></span> 
     </span>
    </p>
   </div>
   <div class='ocr_carea' id='block_1_16' title="bbox 191 1692 1775 1763">
    <p class='ocr_par' dir='ltr' id='par_1_16' title="bbox 191 1692 1775 1763">
     <span class='ocr_line' id='line_1_16' title="bbox 191 1692 1775 1763; baseline 0 -16"><span class='ocrx_word' id='word_1_109' title='bbox 191 1703 330 1749; x_wconf 79' lang='lat' dir='ltr'><strong>textu</strong></span> <span class='ocrx_word' id='word_1_110' title='bbox 382 1707 447 1747; x_wconf 87' lang='lat' dir='ltr'><strong>ac</strong></span> <span class='ocrx_word' id='word_1_111' title='bbox 498 1692 541 1746; x_wconf 94' lang='lat' dir='ltr'><strong>si</strong></span> <span class='ocrx_word' id='word_1_112' title='bbox 588 1709 655 1746; x_wconf 85' lang='lat' dir='ltr'><strong>ex</strong></span> <span class='ocrx_word' id='word_1_113' title='bbox 713 1708 870 1763; x_wconf 90' lang='lat' dir='ltr'><strong>prora</strong></span> <span class='ocrx_word' id='word_1_114' title='bbox 919 1693 1185 1747; x_wconf 82' lang='lat' dir='ltr'><strong>anchoras</strong></span> <span class='ocrx_word' id='word_1_115' title='bbox 1230 1693 1507 1749; x_wconf 80' lang='lat' dir='ltr'><strong>extensuri</strong></span> <span class='ocrx_word' id='word_1_116' title='bbox 1562 1704 1775 1759; x_wconf 87' lang='lat' dir='ltr'><strong>essent,</strong></span> 
     </span>
    </p>
   </div>
   <div class='ocr_carea' id='block_1_17' title="bbox 188 1782 1777 1841">
    <p class='ocr_par' dir='ltr' id='par_1_17' title="bbox 188 1782 1777 1841">
     <span class='ocr_line' id='line_1_17' title="bbox 188 1782 1777 1841; baseline -0.001 0"><span class='ocrx_word' id='word_1_117' title='bbox 188 1785 268 1841; x_wconf 82' lang='grc'><strong>51.</strong></span> <span class='ocrx_word' id='word_1_118' title='bbox 302 1784 444 1837; x_wconf 78' lang='lat' dir='ltr'><strong>dixit</strong></span> <span class='ocrx_word' id='word_1_119' title='bbox 485 1782 682 1838; x_wconf 84' lang='lat' dir='ltr'><strong>Paulus</strong></span> <span class='ocrx_word' id='word_1_120' title='bbox 720 1785 1018 1839; x_wconf 88' lang='lat' dir='ltr'><strong>centurioni</strong></span> <span class='ocrx_word' id='word_1_121' title='bbox 1060 1793 1115 1839; x_wconf 91' lang='lat' dir='ltr'><strong>et</strong></span> <span class='ocrx_word' id='word_1_122' title='bbox 1160 1785 1459 1840; x_wconf 90' lang='lat' dir='ltr'><strong>militibus:</strong></span> <span class='ocrx_word' id='word_1_123' title='bbox 1490 1784 1599 1840; x_wconf 86' lang='lat' dir='ltr'><strong>Nisi</strong></span> <span class='ocrx_word' id='word_1_124' title='bbox 1643 1785 1694 1838; x_wconf 90' lang='lat' dir='ltr'><strong>hi</strong></span> <span class='ocrx_word' id='word_1_125' title='bbox 1725 1786 1777 1839; x_wconf 92' lang='lat' dir='ltr'><strong>in</strong></span> 
     </span>
    </p>
   </div>
   <div class='ocr_carea' id='block_1_18' title="bbox 190 1876 1777 1946">
    <p class='ocr_par' dir='ltr' id='par_1_18' title="bbox 190 1876 1777 1946">
     <span class='ocr_line' id='line_1_18' title="bbox 190 1876 1777 1946; baseline 0.002 -18"><span class='ocrx_word' id='word_1_126' title='bbox 190 1876 301 1929; x_wconf 82' lang='lat' dir='ltr'><strong>navi</strong></span> <span class='ocrx_word' id='word_1_127' title='bbox 332 1877 651 1940; x_wconf 87' lang='lat' dir='ltr'><strong>manserint,</strong></span> <span class='ocrx_word' id='word_1_128' title='bbox 682 1890 780 1930; x_wconf 91' lang='lat' dir='ltr'><strong>vos</strong></span> <span class='ocrx_word' id='word_1_129' title='bbox 805 1876 937 1930; x_wconf 81' lang='lat' dir='ltr'><strong>solvi</strong></span> <span class='ocrx_word' id='word_1_130' title='bbox 965 1891 1084 1931; x_wconf 89' lang='lat' dir='ltr'><strong>esse</strong></span> <span class='ocrx_word' id='word_1_131' title='bbox 1108 1891 1213 1930; x_wconf 92' lang='lat' dir='ltr'><strong>non</strong></span> <span class='ocrx_word' id='word_1_132' title='bbox 1240 1876 1489 1946; x_wconf 81' lang='lat' dir='ltr'><strong>potestis.</strong></span> <span class='ocrx_word' id='word_1_133' title='bbox 1518 1876 1608 1931; x_wconf 74' lang='grc'><strong>52.</strong></span> <span class='ocrx_word' id='word_1_134' title='bbox 1629 1876 1777 1931; x_wconf 86' lang='lat' dir='ltr'><strong>Tunc</strong></span> 
     </span>
    </p>
   </div>
   <div class='ocr_carea' id='block_1_19' title="bbox 188 1968 1774 2040">
    <p class='ocr_par' dir='ltr' id='par_1_19' title="bbox 188 1968 1774 2040">
     <span class='ocr_line' id='line_1_19' title="bbox 188 1968 1774 2040; baseline -0.001 -16"><span class='ocrx_word' id='word_1_135' title='bbox 188 1971 381 2025; x_wconf 85' lang='lat' dir='ltr'><strong>milites</strong></span> <span class='ocrx_word' id='word_1_136' title='bbox 410 1970 758 2025; x_wconf 86' lang='lat' dir='ltr'><strong>absciderunt</strong></span> <span class='ocrx_word' id='word_1_137' title='bbox 784 1968 936 2024; x_wconf 89' lang='lat' dir='ltr'><strong>funes</strong></span> <span class='ocrx_word' id='word_1_138' title='bbox 975 1969 1207 2040; x_wconf 73' lang='lat' dir='ltr'><strong>scaphzc,</strong></span> <span class='ocrx_word' id='word_1_139' title='bbox 1243 1978 1297 2025; x_wconf 91' lang='lat' dir='ltr'><strong>et</strong></span> <span class='ocrx_word' id='word_1_140' title='bbox 1324 1970 1467 2040; x_wconf 90' lang='lat' dir='ltr'><strong>passi</strong></span> <span class='ocrx_word' id='word_1_141' title='bbox 1502 1979 1628 2023; x_wconf 91' lang='lat' dir='ltr'><strong>sunt</strong></span> <span class='ocrx_word' id='word_1_142' title='bbox 1655 1984 1774 2023; x_wconf 88' lang='lat' dir='ltr'><strong>eam</strong></span> 
     </span>
    </p>
   </div>
   <div class='ocr_carea' id='block_1_20' title="bbox 187 2060 1773 2131">
    <p class='ocr_par' dir='ltr' id='par_1_20' title="bbox 187 2060 1773 2131">
     <span class='ocr_line' id='line_1_20' title="bbox 187 2060 1773 2131; baseline -0.001 -15"><span class='ocrx_word' id='word_1_143' title='bbox 187 2062 452 2116; x_wconf 80' lang='lat' dir='ltr'><strong>decidere.</strong></span> <span class='ocrx_word' id='word_1_144' title='bbox 489 2080 509 2113; x_wconf 87' lang='grc'><strong>›</strong></span> <span class='ocrx_word' id='word_1_145' title='bbox 547 2061 643 2116; x_wconf 92' lang='lat' dir='ltr'><strong>llic</strong></span> <span class='ocrx_word' id='word_1_146' title='bbox 684 2061 921 2116; x_wconf 80' lang='lat' dir='ltr'><strong>ostendit</strong></span> <span class='ocrx_word' id='word_1_147' title='bbox 947 2060 1124 2131; x_wconf 82' lang='lat' dir='ltr'><strong>fugam</strong></span> <span class='ocrx_word' id='word_1_148' title='bbox 1163 2060 1399 2116; x_wconf 90' lang='lat' dir='ltr'><strong>facturos</strong></span> <span class='ocrx_word' id='word_1_149' title='bbox 1431 2077 1551 2117; x_wconf 90' lang='lat' dir='ltr'><strong>esse</strong></span> <span class='ocrx_word' id='word_1_150' title='bbox 1583 2072 1773 2115; x_wconf 88' lang='lat' dir='ltr'><strong>nautas</strong></span> 
     </span>
    </p>
   </div>
   <div class='ocr_carea' id='block_1_21' title="bbox 186 2152 1777 2217">
    <p class='ocr_par' dir='ltr' id='par_1_21' title="bbox 186 2152 1777 2217">
     <span class='ocr_line' id='line_1_21' title="bbox 186 2152 1777 2217; baseline 0 -11"><span class='ocrx_word' id='word_1_151' title='bbox 186 2152 319 2207; x_wconf 77' lang='lat' dir='ltr'><strong>dicto</strong></span> <span class='ocrx_word' id='word_1_152' title='bbox 346 2168 457 2207; x_wconf 89' lang='lat' dir='ltr'><strong>non</strong></span> <span class='ocrx_word' id='word_1_153' title='bbox 488 2153 803 2217; x_wconf 83' lang='lat' dir='ltr'><strong>credentes;</strong></span> <span class='ocrx_word' id='word_1_154' title='bbox 836 2153 1080 2207; x_wconf 91' lang='lat' dir='ltr'><strong>centurio</strong></span> <span class='ocrx_word' id='word_1_155' title='bbox 1116 2162 1296 2208; x_wconf 92' lang='lat' dir='ltr'><strong>autem</strong></span> <span class='ocrx_word' id='word_1_156' title='bbox 1326 2152 1496 2207; x_wconf 88' lang='lat' dir='ltr'><strong>credit</strong></span> <span class='ocrx_word' id='word_1_157' title='bbox 1525 2168 1645 2208; x_wconf 91' lang='lat' dir='ltr'><strong>cum</strong></span> <span class='ocrx_word' id='word_1_158' title='bbox 1678 2153 1777 2206; x_wconf 91' lang='lat' dir='ltr'><strong>mi-</strong></span> 
     </span>
    </p>
   </div>
   <div class='ocr_carea' id='block_1_22' title="bbox 186 2243 1776 2317">
    <p class='ocr_par' dir='ltr' id='par_1_22' title="bbox 186 2243 1776 2317">
     <span class='ocr_line' id='line_1_22' title="bbox 186 2243 1776 2317; baseline 0 -18"><span class='ocrx_word' id='word_1_159' title='bbox 186 2246 381 2299; x_wconf 67' lang='lat' dir='ltr'><strong>litibus.</strong></span> <span class='ocrx_word' id='word_1_160' title='bbox 432 2245 560 2299; x_wconf 89' lang='lat' dir='ltr'><strong>Ideo</strong></span> <span class='ocrx_word' id='word_1_161' title='bbox 597 2245 672 2299; x_wconf 86' lang='lat' dir='ltr'><strong>ait</strong></span> <span class='ocrx_word' id='word_1_162' title='bbox 702 2263 716 2299; x_wconf 88' lang='lat'><strong>:</strong></span> <span class='ocrx_word' id='word_1_163' title='bbox 749 2243 810 2299; x_wconf 89' lang='lat' dir='ltr'><strong>Si</strong></span> <span class='ocrx_word' id='word_1_164' title='bbox 850 2245 906 2297; x_wconf 85' lang='lat' dir='ltr'><strong>Iti</strong></span> <span class='ocrx_word' id='word_1_165' title='bbox 944 2246 1186 2317; x_wconf 77' lang='lat' dir='ltr'><strong>fugerint,</strong></span> <span class='ocrx_word' id='word_1_166' title='bbox 1234 2262 1321 2299; x_wconf 81' lang='lat' dir='ltr'><strong>vos</strong></span> <span class='ocrx_word' id='word_1_167' title='bbox 1364 2246 1492 2300; x_wconf 87' lang='lat' dir='ltr'><strong>salvi</strong></span> <span class='ocrx_word' id='word_1_168' title='bbox 1529 2263 1637 2299; x_wconf 84' lang='lat' dir='ltr'><strong>esse</strong></span> <span class='ocrx_word' id='word_1_169' title='bbox 1673 2262 1776 2299; x_wconf 87' lang='lat' dir='ltr'><strong>non</strong></span> 
     </span>
    </p>
   </div>
   <div class='ocr_carea' id='block_1_23' title="bbox 185 2337 1771 2406">
    <p class='ocr_par' dir='ltr' id='par_1_23' title="bbox 185 2337 1771 2406">
     <span class='ocr_line' id='line_1_23' title="bbox 185 2337 1771 2406; baseline 0.001 -16"><span class='ocrx_word' id='word_1_170' title='bbox 185 2341 410 2406; x_wconf 74' lang='lat' dir='ltr'><strong>potestis.</strong></span> <span class='ocrx_word' id='word_1_171' title='bbox 444 2337 562 2392; x_wconf 81' lang='lat' dir='ltr'><strong>Non</strong></span> <span class='ocrx_word' id='word_1_172' title='bbox 591 2352 651 2392; x_wconf 88' lang='lat' dir='ltr'><strong>ea</strong></span> <span class='ocrx_word' id='word_1_173' title='bbox 684 2338 751 2393; x_wconf 93' lang='lat' dir='ltr'><strong>de</strong></span> <span class='ocrx_word' id='word_1_174' title='bbox 778 2352 937 2391; x_wconf 81' lang='lat' dir='ltr'><strong>causa</strong></span> <span class='ocrx_word' id='word_1_175' title='bbox 970 2338 1123 2402; x_wconf 84' lang='lat' dir='ltr'><strong>dixit,</strong></span> <span class='ocrx_word' id='word_1_176' title='bbox 1153 2338 1246 2393; x_wconf 90' lang='lat' dir='ltr'><strong>sed</strong></span> <span class='ocrx_word' id='word_1_177' title='bbox 1272 2348 1328 2393; x_wconf 92' lang='lat' dir='ltr'><strong>ut</strong></span> <span class='ocrx_word' id='word_1_178' title='bbox 1369 2339 1627 2393; x_wconf 88' lang='lat' dir='ltr'><strong>retineret</strong></span> <span class='ocrx_word' id='word_1_179' title='bbox 1657 2353 1771 2403; x_wconf 92' lang='lat' dir='ltr'><strong>eos,</strong></span> 
     </span>
    </p>
   </div>
   <div class='ocr_carea' id='block_1_24' title="bbox 184 2428 1774 2500">
    <p class='ocr_par' dir='ltr' id='par_1_24' title="bbox 184 2428 1774 2500">
     <span class='ocr_line' id='line_1_24' title="bbox 184 2428 1774 2500; baseline -0.002 -15"><span class='ocrx_word' id='word_1_180' title='bbox 184 2446 245 2485; x_wconf 88' lang='lat' dir='ltr'><strong>ne</strong></span> <span class='ocrx_word' id='word_1_181' title='bbox 272 2430 560 2499; x_wconf 70' lang='lat' dir='ltr'><strong>prophetia</strong></span> <span class='ocrx_word' id='word_1_182' title='bbox 608 2428 901 2484; x_wconf 80' lang='lat' dir='ltr'><strong>excideret.</strong></span> <span class='ocrx_word' id='word_1_183' title='bbox 937 2429 1069 2484; x_wconf 76' lang='lat' dir='ltr'><strong>Vide</strong></span> <span class='ocrx_word' id='word_1_184' title='bbox 1108 2430 1227 2483; x_wconf 92' lang='lat' dir='ltr'><strong>illos</strong></span> <span class='ocrx_word' id='word_1_185' title='bbox 1256 2429 1406 2500; x_wconf 90' lang='lat' dir='ltr'><strong>quasi</strong></span> <span class='ocrx_word' id='word_1_186' title='bbox 1448 2429 1501 2482; x_wconf 92' lang='lat' dir='ltr'><strong>in</strong></span> <span class='ocrx_word' id='word_1_187' title='bbox 1546 2429 1774 2485; x_wconf 88' lang='lat' dir='ltr'><strong>ecclesia</strong></span> 
     </span>
    </p>
   </div>
   <div class='ocr_carea' id='block_1_25' title="bbox 183 2519 1771 2591">
    <p class='ocr_par' dir='ltr' id='par_1_25' title="bbox 183 2519 1771 2591">
     <span class='ocr_line' id='line_1_25' title="bbox 183 2519 1771 2591; baseline -0.001 -17"><span class='ocrx_word' id='word_1_188' title='bbox 183 2520 359 2576; x_wconf 82' lang='lat' dir='ltr'><strong>doceri</strong></span> <span class='ocrx_word' id='word_1_189' title='bbox 395 2520 788 2590; x_wconf 85' lang='lat' dir='ltr'><strong>philosophiam</strong></span> <span class='ocrx_word' id='word_1_190' title='bbox 815 2535 844 2573; x_wconf 89' lang='lat' dir='ltr'><strong>a</strong></span> <span class='ocrx_word' id='word_1_191' title='bbox 877 2519 1063 2587; x_wconf 88' lang='lat' dir='ltr'><strong>Paulo,</strong></span> <span class='ocrx_word' id='word_1_192' title='bbox 1091 2534 1227 2591; x_wconf 90' lang='lat' dir='ltr'><strong>quos</strong></span> <span class='ocrx_word' id='word_1_193' title='bbox 1254 2536 1321 2576; x_wconf 82' lang='lat' dir='ltr'><strong>ex</strong></span> <span class='ocrx_word' id='word_1_194' title='bbox 1345 2520 1535 2575; x_wconf 90' lang='lat' dir='ltr'><strong>mediis</strong></span> <span class='ocrx_word' id='word_1_195' title='bbox 1558 2520 1771 2591; x_wconf 87' lang='lat' dir='ltr'><strong>pericu-</strong></span> 
     </span>
    </p>
   </div>
   <div class='ocr_carea' id='block_1_26' title="bbox 182 2611 1769 2682">
    <p class='ocr_par' dir='ltr' id='par_1_26' title="bbox 182 2611 1769 2682">
     <span class='ocr_line' id='line_1_26' title="bbox 182 2611 1769 2682; baseline 0 -16"><span class='ocrx_word' id='word_1_196' title='bbox 182 2612 244 2667; x_wconf 91' lang='lat' dir='ltr'><strong>lis</strong></span> <span class='ocrx_word' id='word_1_197' title='bbox 273 2613 457 2682; x_wconf 87' lang='lat' dir='ltr'><strong>eripit.</strong></span> <span class='ocrx_word' id='word_1_198' title='bbox 507 2612 574 2667; x_wconf 86' lang='lat' dir='ltr'><strong>Et</strong></span> <span class='ocrx_word' id='word_1_199' title='bbox 604 2627 701 2682; x_wconf 91' lang='lat' dir='ltr'><strong>per</strong></span> <span class='ocrx_word' id='word_1_200' title='bbox 728 2611 1119 2682; x_wconf 83' lang='lat' dir='ltr'><strong>providentiam</strong></span> <span class='ocrx_word' id='word_1_201' title='bbox 1150 2628 1255 2667; x_wconf 91' lang='lat' dir='ltr'><strong>non</strong></span> <span class='ocrx_word' id='word_1_202' title='bbox 1288 2612 1529 2669; x_wconf 89' lang='lat' dir='ltr'><strong>creditur</strong></span> <span class='ocrx_word' id='word_1_203' title='bbox 1571 2612 1769 2678; x_wconf 90' lang='lat' dir='ltr'><strong>Paulo,</strong></span> 
     </span>
    </p>
   </div>
   <div class='ocr_carea' id='block_1_27' title="bbox 183 2703 1770 2775">
    <p class='ocr_par' dir='ltr' id='par_1_27' title="bbox 183 2703 1770 2775">
     <span class='ocr_line' id='line_1_27' title="bbox 183 2703 1770 2775; baseline -0.001 -16"><span class='ocrx_word' id='word_1_204' title='bbox 183 2715 234 2759; x_wconf 89' lang='lat' dir='ltr'><strong>ut</strong></span> <span class='ocrx_word' id='word_1_205' title='bbox 261 2716 389 2775; x_wconf 85' lang='lat' dir='ltr'><strong>post</strong></span> <span class='ocrx_word' id='word_1_206' title='bbox 418 2721 601 2761; x_wconf 89' lang='lat' dir='ltr'><strong>rerum</strong></span> <span class='ocrx_word' id='word_1_207' title='bbox 630 2704 1017 2775; x_wconf 82' lang='lat' dir='ltr'><strong>experientiam</strong></span> <span class='ocrx_word' id='word_1_208' title='bbox 1047 2703 1147 2774; x_wconf 91' lang='lat' dir='ltr'><strong>ipsi</strong></span> <span class='ocrx_word' id='word_1_209' title='bbox 1175 2704 1448 2769; x_wconf 90' lang='lat' dir='ltr'><strong>credatur,</strong></span> <span class='ocrx_word' id='word_1_210' title='bbox 1480 2714 1537 2757; x_wconf 94' lang='lat' dir='ltr'><strong>ut</strong></span> <span class='ocrx_word' id='word_1_211' title='bbox 1574 2704 1770 2758; x_wconf 86' lang='lat' dir='ltr'><strong>factum</strong></span> 
     </span>
    </p>
   </div>
   <div class='ocr_carea' id='block_1_28' title="bbox 181 2795 1772 2862">
    <p class='ocr_par' dir='ltr' id='par_1_28' title="bbox 181 2795 1772 2862">
     <span class='ocr_line' id='line_1_28' title="bbox 181 2795 1772 2862; baseline -0.002 -10"><span class='ocrx_word' id='word_1_212' title='bbox 181 2807 277 2852; x_wconf 82' lang='lat' dir='ltr'><strong>est.</strong></span> <span class='ocrx_word' id='word_1_213' title='bbox 305 2800 392 2851; x_wconf 80' lang='lat' dir='ltr'><strong>Ac</strong></span> <span class='ocrx_word' id='word_1_214' title='bbox 429 2812 643 2851; x_wconf 81' lang='lat' dir='ltr'><strong>rursum</strong></span> <span class='ocrx_word' id='word_1_215' title='bbox 691 2796 956 2862; x_wconf 89' lang='lat' dir='ltr'><strong>hortatur,</strong></span> <span class='ocrx_word' id='word_1_216' title='bbox 1002 2805 1060 2850; x_wconf 92' lang='lat' dir='ltr'><strong>ut</strong></span> <span class='ocrx_word' id='word_1_217' title='bbox 1094 2804 1307 2849; x_wconf 89' lang='lat' dir='ltr'><strong>sumant</strong></span> <span class='ocrx_word' id='word_1_218' title='bbox 1334 2796 1533 2861; x_wconf 89' lang='lat' dir='ltr'><strong>cibum,</strong></span> <span class='ocrx_word' id='word_1_219' title='bbox 1579 2805 1632 2849; x_wconf 94' lang='lat' dir='ltr'><strong>et</strong></span> <span class='ocrx_word' id='word_1_220' title='bbox 1669 2795 1772 2850; x_wconf 86' lang='lat' dir='ltr'><strong>ob-</strong></span> 
     </span>
    </p>
   </div>
   <div class='ocr_carea' id='block_1_29' title="bbox 183 2885 1773 2958">
    <p class='ocr_par' dir='ltr' id='par_1_29' title="bbox 183 2885 1773 2958">
     <span class='ocr_line' id='line_1_29' title="bbox 183 2885 1773 2958; baseline -0.001 -15"><span class='ocrx_word' id='word_1_221' title='bbox 183 2897 516 2958; x_wconf 78' lang='lat' dir='ltr'><strong>temperant;</strong></span> <span class='ocrx_word' id='word_1_222' title='bbox 547 2889 767 2957; x_wconf 88' lang='lat' dir='ltr'><strong>ipseque</strong></span> <span class='ocrx_word' id='word_1_223' title='bbox 799 2888 1004 2958; x_wconf 89' lang='lat' dir='ltr'><strong>primus</strong></span> <span class='ocrx_word' id='word_1_224' title='bbox 1031 2887 1213 2953; x_wconf 86' lang='lat' dir='ltr'><strong>sumit,</strong></span> <span class='ocrx_word' id='word_1_225' title='bbox 1248 2902 1354 2940; x_wconf 93' lang='lat' dir='ltr'><strong>non</strong></span> <span class='ocrx_word' id='word_1_226' title='bbox 1381 2887 1571 2953; x_wconf 90' lang='lat' dir='ltr'><strong>verbo,</strong></span> <span class='ocrx_word' id='word_1_227' title='bbox 1604 2885 1696 2940; x_wconf 92' lang='lat' dir='ltr'><strong>sed</strong></span> <span class='ocrx_word' id='word_1_228' title='bbox 1720 2897 1773 2941; x_wconf 83' lang='lat' dir='ltr'><strong>ct</strong></span> 
     </span>
    </p>
   </div>
   <div class='ocr_carea' id='block_1_30' title="bbox 182 2979 1768 3052">
    <p class='ocr_par' dir='ltr' id='par_1_30' title="bbox 182 2979 1768 3052">
     <span class='ocr_line' id='line_1_30' title="bbox 182 2979 1768 3052; baseline -0.001 -17"><span class='ocrx_word' id='word_1_229' title='bbox 182 2995 340 3052; x_wconf 85' lang='lat' dir='ltr'><strong>opere</strong></span> <span class='ocrx_word' id='word_1_230' title='bbox 383 2980 619 3036; x_wconf 89' lang='lat' dir='ltr'><strong>suadens</strong></span> <span class='ocrx_word' id='word_1_231' title='bbox 659 2979 792 3035; x_wconf 91' lang='lat' dir='ltr'><strong>nihil</strong></span> <span class='ocrx_word' id='word_1_232' title='bbox 840 2980 1138 3036; x_wconf 89' lang='lat' dir='ltr'><strong>nocituram</strong></span> <span class='ocrx_word' id='word_1_233' title='bbox 1190 2994 1311 3035; x_wconf 87' lang='lat' dir='ltr'><strong>esse</strong></span> <span class='ocrx_word' id='word_1_234' title='bbox 1360 2988 1768 3049; x_wconf 87' lang='lat' dir='ltr'><strong>tempestatem,</strong></span> 
     </span>
    </p>
   </div>
   <div class='ocr_carea' id='block_1_31' title="bbox 184 3070 1771 3141">
    <p class='ocr_par' dir='ltr' id='par_1_31' title="bbox 184 3070 1771 3141">
     <span class='ocr_line' id='line_1_31' title="bbox 184 3070 1771 3141; baseline -0.001 -14"><span class='ocrx_word' id='word_1_235' title='bbox 184 3074 282 3127; x_wconf 86' lang='lat' dir='ltr'><strong>imo</strong></span> <span class='ocrx_word' id='word_1_236' title='bbox 306 3072 531 3126; x_wconf 89' lang='lat' dir='ltr'><strong>illorum</strong></span> <span class='ocrx_word' id='word_1_237' title='bbox 559 3070 839 3125; x_wconf 90' lang='lat' dir='ltr'><strong>animabus</strong></span> <span class='ocrx_word' id='word_1_238' title='bbox 860 3070 1212 3141; x_wconf 82' lang='lat' dir='ltr'><strong>profuturam.</strong></span> <span class='ocrx_word' id='word_1_239' title='bbox 1254 3088 1272 3121; x_wconf 74' lang='grc' dir='ltr'>ι</span> <span class='ocrx_word' id='word_1_240' title='bbox 1297 3071 1387 3125; x_wconf 86' lang='grc'><strong>55.</strong></span> <span class='ocrx_word' id='word_1_241' title='bbox 1418 3071 1484 3124; x_wconf 83' lang='lat' dir='ltr'><strong>Et</strong></span> <span class='ocrx_word' id='word_1_242' title='bbox 1512 3085 1631 3125; x_wconf 91' lang='lat' dir='ltr'><strong>cum</strong></span> <span class='ocrx_word' id='word_1_243' title='bbox 1655 3070 1771 3125; x_wconf 85' lang='lat' dir='ltr'><strong>dies</strong></span> 
     </span>
    </p>
   </div>
   <div class='ocr_carea' id='block_1_32' title="bbox 184 3160 1771 3230">
    <p class='ocr_par' dir='ltr' id='par_1_32' title="bbox 184 3160 1771 3230">
     <span class='ocr_line' id='line_1_32' title="bbox 184 3160 1771 3230; baseline -0.001 -15"><span class='ocrx_word' id='word_1_244' title='bbox 184 3162 443 3230; x_wconf 79' lang='lat' dir='ltr'><strong>inciperet</strong></span> <span class='ocrx_word' id='word_1_245' title='bbox 470 3161 625 3226; x_wconf 89' lang='lat' dir='ltr'><strong>oriri,</strong></span> <span class='ocrx_word' id='word_1_246' title='bbox 655 3160 968 3216; x_wconf 87' lang='lat' dir='ltr'><strong>hortabatur</strong></span> <span class='ocrx_word' id='word_1_247' title='bbox 991 3160 1189 3215; x_wconf 90' lang='lat' dir='ltr'><strong>Paulus</strong></span> <span class='ocrx_word' id='word_1_248' title='bbox 1225 3175 1413 3215; x_wconf 88' lang='lat' dir='ltr'><strong>omnes</strong></span> <span class='ocrx_word' id='word_1_249' title='bbox 1455 3175 1669 3215; x_wconf 91' lang='lat' dir='ltr'><strong>sumere</strong></span> <span class='ocrx_word' id='word_1_250' title='bbox 1696 3160 1771 3214; x_wconf 85' lang='lat' dir='ltr'><strong>ci-</strong></span> 
     </span>
    </p>
   </div>
   <div class='ocr_carea' id='block_1_33' title="bbox 182 3251 1771 3324">
    <p class='ocr_par' dir='ltr' id='par_1_33' title="bbox 182 3251 1771 3324">
     <span class='ocr_line' id='line_1_33' title="bbox 182 3251 1771 3324; baseline 0 -16"><span class='ocrx_word' id='word_1_251' title='bbox 182 3253 319 3318; x_wconf 84' lang='lat' dir='ltr'><strong>bum,</strong></span> <span class='ocrx_word' id='word_1_252' title='bbox 356 3254 549 3308; x_wconf 88' lang='lat' dir='ltr'><strong>dicens</strong></span> <span class='ocrx_word' id='word_1_253' title='bbox 574 3271 586 3304; x_wconf 89' lang='lat'>:</span> <span class='ocrx_word' id='word_1_254' title='bbox 608 3252 730 3307; x_wconf 87' lang='lat' dir='ltr'><strong>Dies</strong></span> <span class='ocrx_word' id='word_1_255' title='bbox 770 3251 1009 3310; x_wconf 88' lang='lat' dir='ltr'><strong>decimus</strong></span> <span class='ocrx_word' id='word_1_256' title='bbox 1035 3260 1259 3323; x_wconf 88' lang='lat' dir='ltr'><strong>quartus</strong></span> <span class='ocrx_word' id='word_1_257' title='bbox 1298 3262 1381 3308; x_wconf 91' lang='lat' dir='ltr'><strong>est</strong></span> <span class='ocrx_word' id='word_1_258' title='bbox 1406 3253 1548 3323; x_wconf 87' lang='lat' dir='ltr'><strong>quod</strong></span> <span class='ocrx_word' id='word_1_259' title='bbox 1578 3268 1771 3324; x_wconf 79' lang='lat' dir='ltr'><strong>exSpe-</strong></span> 
     </span>
    </p>
   </div>
   <div class='ocr_carea' id='block_1_34' title="bbox 182 3345 1771 3416">
    <p class='ocr_par' dir='ltr' id='par_1_34' title="bbox 182 3345 1771 3416">
     <span class='ocr_line' id='line_1_34' title="bbox 182 3345 1771 3416; baseline 0.001 -16"><span class='ocrx_word' id='word_1_260' title='bbox 182 3355 393 3401; x_wconf 85' lang='lat' dir='ltr'><strong>ctantes</strong></span> <span class='ocrx_word' id='word_1_261' title='bbox 414 3345 585 3415; x_wconf 89' lang='lat' dir='ltr'><strong>jejuni</strong></span> <span class='ocrx_word' id='word_1_262' title='bbox 614 3346 958 3415; x_wconf 87' lang='lat' dir='ltr'><strong>permanetis.</strong></span> <span class='ocrx_word' id='word_1_263' title='bbox 988 3345 1121 3399; x_wconf 90' lang='lat' dir='ltr'><strong>nihil</strong></span> <span class='ocrx_word' id='word_1_264' title='bbox 1151 3345 1497 3416; x_wconf 89' lang='lat' dir='ltr'><strong>accipientes.</strong></span> <span class='ocrx_word' id='word_1_265' title='bbox 1527 3347 1615 3401; x_wconf 71' lang='grc'><strong>54.</strong></span> <span class='ocrx_word' id='word_1_266' title='bbox 1640 3347 1771 3402; x_wconf 88' lang='lat' dir='ltr'><strong>Pro-</strong></span> 
     </span>
    </p>
   </div>
   <div class='ocr_carea' id='block_1_35' title="bbox 183 3436 1769 3508">
    <p class='ocr_par' dir='ltr' id='par_1_35' title="bbox 183 3436 1769 3508">
     <span class='ocr_line' id='line_1_35' title="bbox 183 3436 1769 3508; baseline 0.006 -21"><span class='ocrx_word' id='word_1_267' title='bbox 183 3448 289 3507; x_wconf 81' lang='lat' dir='ltr'><strong>pter</strong></span> <span class='ocrx_word' id='word_1_268' title='bbox 317 3437 472 3508; x_wconf 88' lang='lat' dir='ltr'><strong>quod</strong></span> <span class='ocrx_word' id='word_1_269' title='bbox 500 3436 687 3492; x_wconf 87' lang='lat' dir='ltr'><strong>hortor</strong></span> <span class='ocrx_word' id='word_1_270' title='bbox 710 3452 805 3492; x_wconf 90' lang='lat' dir='ltr'><strong>vos</strong></span> <span class='ocrx_word' id='word_1_271' title='bbox 834 3446 891 3493; x_wconf 91' lang='lat' dir='ltr'><strong>ut</strong></span> <span class='ocrx_word' id='word_1_272' title='bbox 914 3439 1136 3492; x_wconf 89' lang='lat' dir='ltr'><strong>sumatis</strong></span> <span class='ocrx_word' id='word_1_273' title='bbox 1161 3438 1338 3493; x_wconf 89' lang='lat' dir='ltr'><strong>cibum</strong></span> <span class='ocrx_word' id='word_1_274' title='bbox 1364 3456 1378 3492; x_wconf 87' lang='lat'><strong>:</strong></span> <span class='ocrx_word' id='word_1_275' title='bbox 1409 3438 1510 3495; x_wconf 91' lang='lat' dir='ltr'><strong>hoc</strong></span> <span class='ocrx_word' id='word_1_276' title='bbox 1536 3442 1677 3494; x_wconf 75' lang='lat' dir='ltr'><strong>enim</strong></span> <span class='ocrx_word' id='word_1_277' title='bbox 1701 3440 1769 3496; x_wconf 91' lang='lat' dir='ltr'><strong>ad</strong></span> 
     </span>
    </p>
   </div>
   <div class='ocr_carea' id='block_1_36' title="bbox 180 3530 1765 3600">
    <p class='ocr_par' dir='ltr' id='par_1_36' title="bbox 180 3530 1765 3600">
     <span class='ocr_line' id='line_1_36' title="bbox 180 3530 1765 3600; baseline 0.003 -17"><span class='ocrx_word' id='word_1_278' title='bbox 180 3531 407 3587; x_wconf 81' lang='lat' dir='ltr'><strong>salutem</strong></span> <span class='ocrx_word' id='word_1_279' title='bbox 465 3539 697 3585; x_wconf 81' lang='lat' dir='ltr'><strong>chIram</strong></span> <span class='ocrx_word' id='word_1_280' title='bbox 750 3531 1034 3600; x_wconf 89' lang='lat' dir='ltr'><strong>pertinet:</strong></span> <span class='ocrx_word' id='word_1_281' title='bbox 1080 3530 1278 3586; x_wconf 91' lang='lat' dir='ltr'><strong>nullius</strong></span> <span class='ocrx_word' id='word_1_282' title='bbox 1329 3532 1474 3587; x_wconf 91' lang='lat' dir='ltr'><strong>enim</strong></span> <span class='ocrx_word' id='word_1_283' title='bbox 1532 3543 1765 3587; x_wconf 89' lang='lat' dir='ltr'><strong>vestrum</strong></span> 
     </span>
    </p>
   </div>
   <div class='ocr_carea' id='block_1_37' title="bbox 180 3622 1765 3693">
    <p class='ocr_par' dir='ltr' id='par_1_37' title="bbox 180 3622 1765 3693">
     <span class='ocr_line' id='line_1_37' title="bbox 180 3622 1765 3693; baseline 0 -16"><span class='ocrx_word' id='word_1_284' title='bbox 180 3624 407 3693; x_wconf 78' lang='lat' dir='ltr'><strong>capillus</strong></span> <span class='ocrx_word' id='word_1_285' title='bbox 432 3622 501 3677; x_wconf 88' lang='lat' dir='ltr'><strong>de</strong></span> <span class='ocrx_word' id='word_1_286' title='bbox 536 3624 712 3691; x_wconf 87' lang='lat' dir='ltr'><strong>capite</strong></span> <span class='ocrx_word' id='word_1_287' title='bbox 757 3622 929 3677; x_wconf 88' lang='lat' dir='ltr'><strong>cadet.</strong></span> <span class='ocrx_word' id='word_1_288' title='bbox 966 3623 1056 3678; x_wconf 87' lang='lat'><strong>55.</strong></span> <span class='ocrx_word' id='word_1_289' title='bbox 1099 3622 1166 3677; x_wconf 88' lang='lat' dir='ltr'><strong>Et</strong></span> <span class='ocrx_word' id='word_1_290' title='bbox 1195 3638 1317 3676; x_wconf 92' lang='lat' dir='ltr'><strong>cum</strong></span> <span class='ocrx_word' id='word_1_291' title='bbox 1359 3623 1473 3679; x_wconf 63' lang='lat' dir='ltr'><strong>haec</strong></span> <span class='ocrx_word' id='word_1_292' title='bbox 1505 3623 1765 3691; x_wconf 81' lang='lat' dir='ltr'><strong>dixisset,</strong></span> 
     </span>
    </p>
   </div>
   <div class='ocr_carea' id='block_1_38' title="bbox 178 3713 1764 3784">
    <p class='ocr_par' dir='ltr' id='par_1_38' title="bbox 178 3713 1764 3784">
     <span class='ocr_line' id='line_1_38' title="bbox 178 3713 1764 3784; baseline 0.003 -17"><span class='ocrx_word' id='word_1_293' title='bbox 178 3727 395 3784; x_wconf 84' lang='lat' dir='ltr'><strong>sumpto</strong></span> <span class='ocrx_word' id='word_1_294' title='bbox 420 3729 557 3783; x_wconf 89' lang='lat' dir='ltr'><strong>pane</strong></span> <span class='ocrx_word' id='word_1_295' title='bbox 584 3713 782 3783; x_wconf 76' lang='lat' dir='ltr'><strong>gratias</strong></span> <span class='ocrx_word' id='word_1_296' title='bbox 814 3713 922 3783; x_wconf 82' lang='lat' dir='ltr'><strong>egit</strong></span> <span class='ocrx_word' id='word_1_297' title='bbox 950 3714 1059 3768; x_wconf 88' lang='lat' dir='ltr'><strong>Deo</strong></span> <span class='ocrx_word' id='word_1_298' title='bbox 1085 3713 1137 3768; x_wconf 91' lang='lat' dir='ltr'><strong>in</strong></span> <span class='ocrx_word' id='word_1_299' title='bbox 1165 3724 1457 3784; x_wconf 88' lang='lat' dir='ltr'><strong>conspectu</strong></span> <span class='ocrx_word' id='word_1_300' title='bbox 1486 3716 1721 3770; x_wconf 90' lang='lat' dir='ltr'><strong>omnium</strong></span> <span class='ocrx_word' id='word_1_301' title='bbox 1750 3734 1764 3771; x_wconf 90' lang='lat'><strong>:</strong></span> 
     </span>
    </p>
   </div>
   <div class='ocr_carea' id='block_1_39' title="bbox 178 3802 1766 3875">
    <p class='ocr_par' dir='ltr' id='par_1_39' title="bbox 178 3802 1766 3875">
     <span class='ocr_line' id='line_1_39' title="bbox 178 3802 1766 3875; baseline 0.001 -16"><span class='ocrx_word' id='word_1_302' title='bbox 178 3815 226 3859; x_wconf 84' lang='lat' dir='ltr'><strong>ct</strong></span> <span class='ocrx_word' id='word_1_303' title='bbox 256 3820 390 3859; x_wconf 85' lang='lat' dir='ltr'><strong>cum</strong></span> <span class='ocrx_word' id='word_1_304' title='bbox 430 3804 713 3873; x_wconf 79' lang='lat' dir='ltr'><strong>fregisset,</strong></span> <span class='ocrx_word' id='word_1_305' title='bbox 756 3805 920 3873; x_wconf 71' lang='lat' dir='ltr'><strong>cmpit</strong></span> <span class='ocrx_word' id='word_1_306' title='bbox 947 3802 1128 3859; x_wconf 76' lang='lat' dir='ltr'><strong>edere.</strong></span> <span class='ocrx_word' id='word_1_307' title='bbox 1168 3805 1254 3859; x_wconf 83' lang='lat'><strong>56.</strong></span> <span class='ocrx_word' id='word_1_308' title='bbox 1286 3806 1419 3859; x_wconf 81' lang='lat' dir='ltr'><strong>Cum</strong></span> <span class='ocrx_word' id='word_1_309' title='bbox 1462 3821 1623 3875; x_wconf 86' lang='lat' dir='ltr'><strong>porro</strong></span> <span class='ocrx_word' id='word_1_310' title='bbox 1653 3806 1766 3875; x_wconf 87' lang='lat' dir='ltr'><strong>jam</strong></span> 
     </span>
    </p>
   </div>
   <div class='ocr_carea' id='block_1_40' title="bbox 178 3895 1763 3967">
    <p class='ocr_par' dir='ltr' id='par_1_40' title="bbox 178 3895 1763 3967">
     <span class='ocr_line' id='line_1_40' title="bbox 178 3895 1763 3967; baseline 0 -18"><span class='ocrx_word' id='word_1_311' title='bbox 178 3911 367 3952; x_wconf 79' lang='lat' dir='ltr'><strong>amnes</strong></span> <span class='ocrx_word' id='word_1_312' title='bbox 395 3896 533 3949; x_wconf 90' lang='lat' dir='ltr'><strong>bono</strong></span> <span class='ocrx_word' id='word_1_313' title='bbox 560 3895 741 3949; x_wconf 89' lang='lat' dir='ltr'><strong>animo</strong></span> <span class='ocrx_word' id='word_1_314' title='bbox 763 3905 963 3960; x_wconf 89' lang='lat' dir='ltr'><strong>essent,</strong></span> <span class='ocrx_word' id='word_1_315' title='bbox 984 3904 1332 3966; x_wconf 90' lang='lat' dir='ltr'><strong>sumpserunt</strong></span> <span class='ocrx_word' id='word_1_316' title='bbox 1358 3906 1411 3951; x_wconf 91' lang='lat' dir='ltr'><strong>et</strong></span> <span class='ocrx_word' id='word_1_317' title='bbox 1440 3897 1538 3967; x_wconf 91' lang='lat' dir='ltr'><strong>ipsi</strong></span> <span class='ocrx_word' id='word_1_318' title='bbox 1565 3898 1763 3954; x_wconf 88' lang='lat' dir='ltr'><strong>cibum.</strong></span> 
     </span>
    </p>
   </div>
   <div class='ocr_carea' id='block_1_41' title="bbox 178 3986 1766 4043">
    <p class='ocr_par' dir='ltr' id='par_1_41' title="bbox 178 3986 1766 4043">
     <span class='ocr_line' id='line_1_41' title="bbox 178 3986 1766 4043; baseline 0.002 -3"><span class='ocrx_word' id='word_1_319' title='bbox 178 3986 258 4041; x_wconf 80' lang='lat'><strong>57.</strong></span> <span class='ocrx_word' id='word_1_320' title='bbox 294 3988 531 4041; x_wconf 81' lang='lat' dir='ltr'><strong>Eramus</strong></span> <span class='ocrx_word' id='word_1_321' title='bbox 564 4001 690 4041; x_wconf 79' lang='lat' dir='ltr'><strong>vero</strong></span> <span class='ocrx_word' id='word_1_322' title='bbox 733 3986 785 4040; x_wconf 92' lang='lat' dir='ltr'><strong>in</strong></span> <span class='ocrx_word' id='word_1_323' title='bbox 818 3986 939 4041; x_wconf 86' lang='lat' dir='ltr'><strong>navi</strong></span> <span class='ocrx_word' id='word_1_324' title='bbox 974 4001 1165 4042; x_wconf 91' lang='lat' dir='ltr'><strong>omnes</strong></span> <span class='ocrx_word' id='word_1_325' title='bbox 1189 3987 1381 4041; x_wconf 74' lang='lat' dir='ltr'><strong>animae</strong></span> <span class='ocrx_word' id='word_1_326' title='bbox 1408 3987 1655 4043; x_wconf 71' lang='lat' dir='ltr'><strong>ducenta:</strong></span> <span class='ocrx_word' id='word_1_327' title='bbox 1681 4002 1766 4043; x_wconf 85' lang='lat' dir='ltr'><strong>se-</strong></span> 
     </span>
    </p>
   </div>
   <div class='ocr_carea' id='block_1_42' title="bbox 180 4079 1767 4151">
    <p class='ocr_par' dir='ltr' id='par_1_42' title="bbox 180 4079 1767 4151">
     <span class='ocr_line' id='line_1_42' title="bbox 180 4079 1767 4151; baseline 0.001 -19"><span class='ocrx_word' id='word_1_328' title='bbox 180 4081 457 4151; x_wconf 81' lang='lat' dir='ltr'><strong>ptuaginta</strong></span> <span class='ocrx_word' id='word_1_329' title='bbox 501 4094 617 4135; x_wconf 82' lang='lat' dir='ltr'><strong>sex.</strong></span> <span class='ocrx_word' id='word_1_330' title='bbox 659 4081 749 4137; x_wconf 89' lang='lat'><strong>58.</strong></span> <span class='ocrx_word' id='word_1_331' title='bbox 793 4079 982 4135; x_wconf 87' lang='lat' dir='ltr'><strong>Satiati</strong></span> <span class='ocrx_word' id='word_1_332' title='bbox 1027 4092 1207 4135; x_wconf 91' lang='lat' dir='ltr'><strong>autem</strong></span> <span class='ocrx_word' id='word_1_333' title='bbox 1253 4080 1395 4145; x_wconf 93' lang='lat' dir='ltr'><strong>cibo,</strong></span> <span class='ocrx_word' id='word_1_334' title='bbox 1445 4080 1767 4135; x_wconf 76' lang='lat' dir='ltr'><strong>alleviabant</strong></span> 
     </span>
    </p>
   </div>
   <div class='ocr_carea' id='block_1_43' title="bbox 176 4172 1762 4243">
    <p class='ocr_par' dir='ltr' id='par_1_43' title="bbox 176 4172 1762 4243">
     <span class='ocr_line' id='line_1_43' title="bbox 176 4172 1762 4243; baseline 0.001 -18"><span class='ocrx_word' id='word_1_335' title='bbox 176 4186 392 4235; x_wconf 69' lang='lat' dir='ltr'><strong>navem,</strong></span> <span class='ocrx_word' id='word_1_336' title='bbox 432 4173 709 4243; x_wconf 83' lang='lat' dir='ltr'><strong>ejicientes</strong></span> <span class='ocrx_word' id='word_1_337' title='bbox 740 4173 971 4229; x_wconf 88' lang='lat' dir='ltr'><strong>triticum</strong></span> <span class='ocrx_word' id='word_1_338' title='bbox 1014 4173 1068 4228; x_wconf 90' lang='lat' dir='ltr'><strong>in</strong></span> <span class='ocrx_word' id='word_1_339' title='bbox 1098 4188 1266 4229; x_wconf 89' lang='lat' dir='ltr'><strong>mare.</strong></span> <span class='ocrx_word' id='word_1_340' title='bbox 1300 4173 1390 4228; x_wconf 88' lang='lat'><strong>59.</strong></span> <span class='ocrx_word' id='word_1_341' title='bbox 1424 4172 1557 4228; x_wconf 90' lang='lat' dir='ltr'><strong>Cum</strong></span> <span class='ocrx_word' id='word_1_342' title='bbox 1584 4182 1762 4228; x_wconf 90' lang='lat' dir='ltr'><strong>autem</strong></span> 
     </span>
    </p>
   </div>
   <div class='ocr_carea' id='block_1_44' title="bbox 175 4262 1763 4335">
    <p class='ocr_par' dir='ltr' id='par_1_44' title="bbox 175 4262 1763 4335">
     <span class='ocr_line' id='line_1_44' title="bbox 175 4262 1763 4335; baseline -0.001 -18"><span class='ocrx_word' id='word_1_343' title='bbox 175 4264 286 4318; x_wconf 80' lang='lat' dir='ltr'><strong>dies</strong></span> <span class='ocrx_word' id='word_1_344' title='bbox 308 4263 435 4329; x_wconf 85' lang='lat' dir='ltr'><strong>fuit,</strong></span> <span class='ocrx_word' id='word_1_345' title='bbox 466 4272 665 4318; x_wconf 88' lang='lat' dir='ltr'><strong>terram</strong></span> <span class='ocrx_word' id='word_1_346' title='bbox 691 4279 795 4318; x_wconf 91' lang='lat' dir='ltr'><strong>non</strong></span> <span class='ocrx_word' id='word_1_347' title='bbox 820 4263 1209 4335; x_wconf 78' lang='lat' dir='ltr'><strong>agnoscebant:</strong></span> <span class='ocrx_word' id='word_1_348' title='bbox 1226 4262 1401 4318; x_wconf 90' lang='lat' dir='ltr'><strong>sinum</strong></span> <span class='ocrx_word' id='word_1_349' title='bbox 1421 4279 1550 4319; x_wconf 92' lang='lat' dir='ltr'><strong>vero</strong></span> <span class='ocrx_word' id='word_1_350' title='bbox 1574 4279 1763 4334; x_wconf 85' lang='lat' dir='ltr'><strong>quem-</strong></span> 
     </span>
    </p>
   </div>
   <div class='ocr_carea' id='block_1_45' title="bbox 177 4353 1765 4426">
    <p class='ocr_par' dir='ltr' id='par_1_45' title="bbox 177 4353 1765 4426">
     <span class='ocr_line' id='line_1_45' title="bbox 177 4353 1765 4426; baseline 0.001 -19"><span class='ocrx_word' id='word_1_351' title='bbox 177 4353 292 4408; x_wconf 90' lang='lat' dir='ltr'><strong>dam</strong></span> <span class='ocrx_word' id='word_1_352' title='bbox 319 4353 822 4409; x_wconf 86' lang='lat' dir='ltr'><strong>animadverterunt</strong></span> <span class='ocrx_word' id='word_1_353' title='bbox 852 4355 1000 4409; x_wconf 86' lang='lat' dir='ltr'><strong>littus</strong></span> <span class='ocrx_word' id='word_1_354' title='bbox 1027 4354 1335 4421; x_wconf 89' lang='lat' dir='ltr'><strong>habentem,</strong></span> <span class='ocrx_word' id='word_1_355' title='bbox 1368 4355 1423 4409; x_wconf 91' lang='lat' dir='ltr'><strong>in</strong></span> <span class='ocrx_word' id='word_1_356' title='bbox 1453 4356 1593 4426; x_wconf 90' lang='lat' dir='ltr'><strong>quod</strong></span> <span class='ocrx_word' id='word_1_357' title='bbox 1620 4356 1765 4425; x_wconf 87' lang='lat' dir='ltr'><strong>cogi-</strong></span> 
     </span>
    </p>
   </div>
   <div class='ocr_carea' id='block_1_46' title="bbox 177 4446 1762 4518">
    <p class='ocr_par' dir='ltr' id='par_1_46' title="bbox 177 4446 1762 4518">
     <span class='ocr_line' id='line_1_46' title="bbox 177 4446 1762 4518; baseline 0.003 -18"><span class='ocrx_word' id='word_1_358' title='bbox 177 4448 386 4513; x_wconf 82' lang='lat' dir='ltr'><strong>tabant,</strong></span> <span class='ocrx_word' id='word_1_359' title='bbox 431 4446 477 4500; x_wconf 92' lang='lat' dir='ltr'><strong>si</strong></span> <span class='ocrx_word' id='word_1_360' title='bbox 518 4456 757 4516; x_wconf 83' lang='lat' dir='ltr'><strong>possent,</strong></span> <span class='ocrx_word' id='word_1_361' title='bbox 801 4446 1095 4518; x_wconf 84' lang='lat' dir='ltr'><strong>impingere</strong></span> <span class='ocrx_word' id='word_1_362' title='bbox 1138 4464 1351 4503; x_wconf 90' lang='lat' dir='ltr'><strong>navem.</strong></span> <span class='ocrx_word' id='word_1_363' title='bbox 1395 4449 1486 4505; x_wconf 69' lang='lat'><strong>40.</strong></span> <span class='ocrx_word' id='word_1_364' title='bbox 1536 4449 1604 4504; x_wconf 89' lang='lat' dir='ltr'><strong>Et</strong></span> <span class='ocrx_word' id='word_1_365' title='bbox 1642 4464 1762 4505; x_wconf 92' lang='lat' dir='ltr'><strong>cum</strong></span> 
     </span>
    </p>
   </div>
   <div class='ocr_carea' id='block_1_47' title="bbox 174 4539 1762 4608">
    <p class='ocr_par' dir='ltr' id='par_1_47' title="bbox 174 4539 1762 4608">
     <span class='ocr_line' id='line_1_47' title="bbox 174 4539 1762 4608; baseline 0.002 -14"><span class='ocrx_word' id='word_1_366' title='bbox 174 4539 443 4594; x_wconf 79' lang='lat' dir='ltr'><strong>anchoras</strong></span> <span class='ocrx_word' id='word_1_367' title='bbox 472 4539 837 4605; x_wconf 89' lang='lat' dir='ltr'><strong>sustulissent,</strong></span> <span class='ocrx_word' id='word_1_368' title='bbox 868 4541 1277 4596; x_wconf 89' lang='lat' dir='ltr'><strong>committebant</strong></span> <span class='ocrx_word' id='word_1_369' title='bbox 1315 4557 1373 4596; x_wconf 88' lang='lat' dir='ltr'><strong>se</strong></span> <span class='ocrx_word' id='word_1_370' title='bbox 1411 4541 1567 4608; x_wconf 87' lang='lat' dir='ltr'><strong>mari,</strong></span> <span class='ocrx_word' id='word_1_371' title='bbox 1601 4542 1762 4597; x_wconf 89' lang='lat' dir='ltr'><strong>simul</strong></span> 
     </span>
    </p>
   </div>
   <div class='ocr_carea' id='block_1_48' title="bbox 177 4631 1760 4702">
    <p class='ocr_par' dir='ltr' id='par_1_48' title="bbox 177 4631 1760 4702">
     <span class='ocr_line' id='line_1_48' title="bbox 177 4631 1760 4702; baseline 0.004 -20"><span class='ocrx_word' id='word_1_372' title='bbox 177 4632 371 4685; x_wconf 78' lang='lat' dir='ltr'><strong>laxatis</strong></span> <span class='ocrx_word' id='word_1_373' title='bbox 390 4631 663 4701; x_wconf 86' lang='lat' dir='ltr'><strong>juncturis</strong></span> <span class='ocrx_word' id='word_1_374' title='bbox 705 4633 1222 4702; x_wconf 88' lang='lat' dir='ltr'><strong>gubernaculorum;</strong></span> <span class='ocrx_word' id='word_1_375' title='bbox 1269 4642 1324 4688; x_wconf 92' lang='lat' dir='ltr'><strong>et</strong></span> <span class='ocrx_word' id='word_1_376' title='bbox 1360 4634 1571 4689; x_wconf 88' lang='lat' dir='ltr'><strong>sublato</strong></span> <span class='ocrx_word' id='word_1_377' title='bbox 1614 4644 1760 4689; x_wconf 82' lang='lat' dir='ltr'><strong>arte-</strong></span> 
     </span>
    </p>
   </div>
   <div class='ocr_carea' id='block_1_49' title="bbox 179 4724 1760 4783">
    <p class='ocr_par' dir='ltr' id='par_1_49' title="bbox 179 4724 1760 4783">
     <span class='ocr_line' id='line_1_49' title="bbox 179 4724 1760 4783; baseline 0.001 -3"><span class='ocrx_word' id='word_1_378' title='bbox 179 4741 333 4780; x_wconf 71' lang='lat' dir='ltr'><strong>none</strong></span> <span class='ocrx_word' id='word_1_379' title='bbox 360 4725 427 4780; x_wconf 85' lang='lat' dir='ltr'><strong>ad</strong></span> <span class='ocrx_word' id='word_1_380' title='bbox 448 4741 596 4780; x_wconf 73' lang='lat' dir='ltr'><strong>aura:</strong></span> <span class='ocrx_word' id='word_1_381' title='bbox 619 4724 802 4780; x_wconf 71' lang='lat' dir='ltr'><strong>flatum</strong></span> <span class='ocrx_word' id='word_1_382' title='bbox 828 4725 1117 4782; x_wconf 88' lang='lat' dir='ltr'><strong>tendebant</strong></span> <span class='ocrx_word' id='word_1_383' title='bbox 1144 4726 1212 4781; x_wconf 89' lang='lat' dir='ltr'><strong>ad</strong></span> <span class='ocrx_word' id='word_1_384' title='bbox 1235 4727 1402 4781; x_wconf 89' lang='lat' dir='ltr'><strong>littus.</strong></span> <span class='ocrx_word' id='word_1_385' title='bbox 1433 4728 1526 4783; x_wconf 74' lang='lat'><strong>41.</strong></span> <span class='ocrx_word' id='word_1_386' title='bbox 1551 4727 1760 4783; x_wconf 85' lang='lat' dir='ltr'><strong>Etcum</strong></span> 
     </span>
    </p>
   </div>
   <div class='ocr_carea' id='block_1_50' title="bbox 180 4820 1756 4890">
    <p class='ocr_par' dir='ltr' id='par_1_50' title="bbox 180 4820 1756 4890">
     <span class='ocr_line' id='line_1_50' title="bbox 180 4820 1756 4890; baseline -0.001 -14"><span class='ocrx_word' id='word_1_387' title='bbox 180 4822 495 4877; x_wconf 74' lang='lat' dir='ltr'><strong>incidissent</strong></span> <span class='ocrx_word' id='word_1_388' title='bbox 536 4821 592 4875; x_wconf 92' lang='lat' dir='ltr'><strong>in</strong></span> <span class='ocrx_word' id='word_1_389' title='bbox 622 4821 800 4876; x_wconf 88' lang='lat' dir='ltr'><strong>locum</strong></span> <span class='ocrx_word' id='word_1_390' title='bbox 828 4820 1112 4887; x_wconf 90' lang='lat' dir='ltr'><strong>bimarem,</strong></span> <span class='ocrx_word' id='word_1_391' title='bbox 1156 4820 1494 4890; x_wconf 81' lang='lat' dir='ltr'><strong>impegerunt</strong></span> <span class='ocrx_word' id='word_1_392' title='bbox 1524 4835 1714 4875; x_wconf 89' lang='lat' dir='ltr'><strong>navem</strong></span> <span class='ocrx_word' id='word_1_393' title='bbox 1742 4837 1756 4874; x_wconf 90' lang='lat'><strong>:</strong></span> 
     </span>
    </p>
   </div>
   <div class='ocr_carea' id='block_1_51' title="bbox 180 4912 1762 4984">
    <p class='ocr_par' dir='ltr' id='par_1_51' title="bbox 180 4912 1762 4984">
     <span class='ocr_line' id='line_1_51' title="bbox 180 4912 1762 4984; baseline 0.001 -17"><span class='ocrx_word' id='word_1_394' title='bbox 180 4923 231 4967; x_wconf 84' lang='lat' dir='ltr'><strong>ct</strong></span> <span class='ocrx_word' id='word_1_395' title='bbox 253 4929 410 4983; x_wconf 78' lang='lat' dir='ltr'><strong>prora</strong></span> <span class='ocrx_word' id='word_1_396' title='bbox 448 4912 669 4984; x_wconf 87' lang='lat' dir='ltr'><strong>quidem</strong></span> <span class='ocrx_word' id='word_1_397' title='bbox 699 4913 881 4979; x_wconf 81' lang='lat' dir='ltr'><strong>inﬁxa,</strong></span> <span class='ocrx_word' id='word_1_398' title='bbox 931 4912 1181 4968; x_wconf 87' lang='lat' dir='ltr'><strong>manebat</strong></span> <span class='ocrx_word' id='word_1_399' title='bbox 1218 4912 1527 4981; x_wconf 91' lang='lat' dir='ltr'><strong>immobilis,</strong></span> <span class='ocrx_word' id='word_1_400' title='bbox 1571 4912 1762 4984; x_wconf 90' lang='lat' dir='ltr'><strong>puppis</strong></span> 
     </span>
    </p>
   </div>
   <div class='ocr_carea' id='block_1_52' title="bbox 183 5003 1120 5062">
    <p class='ocr_par' dir='ltr' id='par_1_52' title="bbox 183 5003 1120 5062">
     <span class='ocr_line' id='line_1_52' title="bbox 183 5003 1120 5062; baseline -0.006 0"><span class='ocrx_word' id='word_1_401' title='bbox 183 5020 303 5061; x_wconf 72' lang='lat' dir='ltr'><strong>vero</strong></span> <span class='ocrx_word' id='word_1_402' title='bbox 326 5006 635 5062; x_wconf 74' lang='lat' dir='ltr'><strong>solvebatur</strong></span> <span class='ocrx_word' id='word_1_403' title='bbox 652 5021 681 5057; x_wconf 87' lang='lat' dir='ltr'><strong>a</strong></span> <span class='ocrx_word' id='word_1_404' title='bbox 703 5005 752 5058; x_wconf 81' lang='lat' dir='ltr'><strong>vi</strong></span> <span class='ocrx_word' id='word_1_405' title='bbox 782 5003 1060 5059; x_wconf 81' lang='lat' dir='ltr'><strong>fluctuum.</strong></span> <span class='ocrx_word' id='word_1_406' title='bbox 1100 5022 1120 5056; x_wconf 75' lang='grc' dir='ltr'><strong><em>ι</em></strong></span> 
     </span>
    </p>
   </div>
   <div class='ocr_carea' id='block_1_53' title="bbox 248 5092 1762 5163">
    <p class='ocr_par' dir='ltr' id='par_1_53' title="bbox 248 5092 1762 5163">
     <span class='ocr_line' id='line_1_53' title="bbox 248 5092 1762 5163; baseline -0.001 -13"><span class='ocrx_word' id='word_1_407' title='bbox 248 5096 303 5151; x_wconf 85' lang='grc'><strong>5.</strong></span> <span class='ocrx_word' id='word_1_408' title='bbox 345 5096 551 5151; x_wconf 72' lang='lat' dir='ltr'><strong>Rursus</strong></span> <span class='ocrx_word' id='word_1_409' title='bbox 581 5102 754 5154; x_wconf 78' lang='lat' dir='ltr'><strong>tentat</strong></span> <span class='ocrx_word' id='word_1_410' title='bbox 772 5093 1017 5149; x_wconf 86' lang='lat' dir='ltr'><strong>diabolus</strong></span> <span class='ocrx_word' id='word_1_411' title='bbox 1047 5092 1346 5163; x_wconf 78' lang='lat' dir='ltr'><strong>prophetia:</strong></span> <span class='ocrx_word' id='word_1_412' title='bbox 1374 5105 1624 5149; x_wconf 85' lang='lat' dir='ltr'><strong>eventum</strong></span> <span class='ocrx_word' id='word_1_413' title='bbox 1657 5093 1762 5149; x_wconf 90' lang='lat' dir='ltr'><strong>im-</strong></span> 
     </span>
    </p>
   </div>
   <div class='ocr_carea' id='block_1_54' title="bbox 183 5185 1758 5257">
    <p class='ocr_par' dir='ltr' id='par_1_54' title="bbox 183 5185 1758 5257">
     <span class='ocr_line' id='line_1_54' title="bbox 183 5185 1758 5257; baseline -0.001 -15"><span class='ocrx_word' id='word_1_414' title='bbox 183 5187 674 5257; x_wconf 60' lang='lat' dir='ltr'><strong>pedirenolebant</strong></span> <span class='ocrx_word' id='word_1_415' title='bbox 696 5186 957 5257; x_wconf 88' lang='lat' dir='ltr'><strong>quosdam</strong></span> <span class='ocrx_word' id='word_1_416' title='bbox 998 5185 1325 5251; x_wconf 83' lang='lat' dir='ltr'><strong>interficere,</strong></span> <span class='ocrx_word' id='word_1_417' title='bbox 1353 5186 1448 5241; x_wconf 88' lang='lat' dir='ltr'><strong>sed</strong></span> <span class='ocrx_word' id='word_1_418' title='bbox 1488 5202 1593 5242; x_wconf 91' lang='lat' dir='ltr'><strong>non</strong></span> <span class='ocrx_word' id='word_1_419' title='bbox 1634 5202 1758 5256; x_wconf 90' lang='lat' dir='ltr'><strong>per-</strong></span> 
     </span>
    </p>
   </div>
   <div class='ocr_carea' id='block_1_55' title="bbox 182 5276 1757 5347">
    <p class='ocr_par' dir='ltr' id='par_1_55' title="bbox 182 5276 1757 5347">
     <span class='ocr_line' id='line_1_55' title="bbox 182 5276 1757 5347; baseline 0.001 -16"><span class='ocrx_word' id='word_1_420' title='bbox 182 5279 325 5332; x_wconf 67' lang='lat' dir='ltr'><strong>misit</strong></span> <span class='ocrx_word' id='word_1_421' title='bbox 365 5278 637 5343; x_wconf 86' lang='lat' dir='ltr'><strong>centurio,</strong></span> <span class='ocrx_word' id='word_1_422' title='bbox 683 5286 738 5332; x_wconf 92' lang='lat' dir='ltr'><strong>ut</strong></span> <span class='ocrx_word' id='word_1_423' title='bbox 777 5276 1001 5333; x_wconf 84' lang='lat' dir='ltr'><strong>Paulum</strong></span> <span class='ocrx_word' id='word_1_424' title='bbox 1045 5278 1419 5332; x_wconf 88' lang='lat' dir='ltr'><strong>servaret:ita</strong></span> <span class='ocrx_word' id='word_1_425' title='bbox 1452 5276 1604 5331; x_wconf 92' lang='lat' dir='ltr'><strong>illum</strong></span> <span class='ocrx_word' id='word_1_426' title='bbox 1646 5277 1757 5347; x_wconf 86' lang='lat' dir='ltr'><strong>jam</strong></span> 
     </span>
    </p>
   </div>
   <div class='ocr_carea' id='block_1_56' title="bbox 180 5367 1762 5439">
    <p class='ocr_par' dir='ltr' id='par_1_56' title="bbox 180 5367 1762 5439">
     <span class='ocr_line' id='line_1_56' title="bbox 180 5367 1762 5439; baseline 0 -16"><span class='ocrx_word' id='word_1_427' title='bbox 180 5370 450 5439; x_wconf 79' lang='lat' dir='ltr'><strong>diligebat.</strong></span> <span class='ocrx_word' id='word_1_428' title='bbox 498 5388 518 5421; x_wconf 78' lang='grc' dir='ltr'>ι</span> <span class='ocrx_word' id='word_1_429' title='bbox 550 5368 638 5423; x_wconf 65' lang='grc'><strong>62.</strong></span> <span class='ocrx_word' id='word_1_430' title='bbox 676 5368 902 5424; x_wconf 74' lang='lat' dir='ltr'><strong>Militum</strong></span> <span class='ocrx_word' id='word_1_431' title='bbox 948 5377 1126 5423; x_wconf 91' lang='lat' dir='ltr'><strong>autem</strong></span> <span class='ocrx_word' id='word_1_432' title='bbox 1171 5367 1454 5424; x_wconf 91' lang='lat' dir='ltr'><strong>concilium</strong></span> <span class='ocrx_word' id='word_1_433' title='bbox 1503 5376 1649 5433; x_wconf 91' lang='lat' dir='ltr'><strong>erat,</strong></span> <span class='ocrx_word' id='word_1_434' title='bbox 1705 5377 1762 5423; x_wconf 90' lang='lat' dir='ltr'><strong>ut</strong></span> 
     </span>
    </p>
   </div>
   <div class='ocr_carea' id='block_1_57' title="bbox 182 5459 1761 5530">
    <p class='ocr_par' dir='ltr' id='par_1_57' title="bbox 182 5459 1761 5530">
     <span class='ocr_line' id='line_1_57' title="bbox 182 5459 1761 5530; baseline 0.002 -19"><span class='ocrx_word' id='word_1_435' title='bbox 182 5464 388 5517; x_wconf 69' lang='lat' dir='ltr'><strong>vinctos</strong></span> <span class='ocrx_word' id='word_1_436' title='bbox 413 5461 740 5527; x_wconf 86' lang='lat' dir='ltr'><strong>occiderent,</strong></span> <span class='ocrx_word' id='word_1_437' title='bbox 769 5474 837 5515; x_wconf 89' lang='lat' dir='ltr'><strong>ne</strong></span> <span class='ocrx_word' id='word_1_438' title='bbox 863 5459 985 5530; x_wconf 88' lang='lat' dir='ltr'><strong>quis</strong></span> <span class='ocrx_word' id='word_1_439' title='bbox 1008 5468 1232 5516; x_wconf 88' lang='lat' dir='ltr'><strong>enatans</strong></span> <span class='ocrx_word' id='word_1_440' title='bbox 1259 5459 1537 5529; x_wconf 80' lang='lat' dir='ltr'><strong>effugeret.</strong></span> <span class='ocrx_word' id='word_1_441' title='bbox 1564 5460 1657 5513; x_wconf 74' lang='grc'><strong>45.</strong></span> <span class='ocrx_word' id='word_1_442' title='bbox 1689 5461 1761 5514; x_wconf 83' lang='lat' dir='ltr'><strong>At</strong></span> 
     </span>
    </p>
   </div>
   <div class='ocr_carea' id='block_1_58' title="bbox 184 5552 1758 5622">
    <p class='ocr_par' dir='ltr' id='par_1_58' title="bbox 184 5552 1758 5622">
     <span class='ocr_line' id='line_1_58' title="bbox 184 5552 1758 5622; baseline 0.003 -17"><span class='ocrx_word' id='word_1_443' title='bbox 184 5556 421 5608; x_wconf 75' lang='lat' dir='ltr'><strong>centurio</strong></span> <span class='ocrx_word' id='word_1_444' title='bbox 468 5554 650 5608; x_wconf 74' lang='lat' dir='ltr'><strong>volens</strong></span> <span class='ocrx_word' id='word_1_445' title='bbox 687 5569 905 5609; x_wconf 78' lang='lat' dir='ltr'><strong>servare</strong></span> <span class='ocrx_word' id='word_1_446' title='bbox 950 5552 1203 5622; x_wconf 81' lang='lat' dir='ltr'><strong>Paulum,</strong></span> <span class='ocrx_word' id='word_1_447' title='bbox 1244 5569 1431 5612; x_wconf 90' lang='lat' dir='ltr'><strong>eorum</strong></span> <span class='ocrx_word' id='word_1_448' title='bbox 1475 5552 1758 5609; x_wconf 83' lang='lat' dir='ltr'><strong>consilium</strong></span> 
     </span>
    </p>
   </div>
   <div class='ocr_carea' id='block_1_59' title="bbox 186 5645 1759 5718">
    <p class='ocr_par' dir='ltr' id='par_1_59' title="bbox 186 5645 1759 5718">
     <span class='ocr_line' id='line_1_59' title="bbox 186 5645 1759 5718; baseline 0.002 -21"><span class='ocrx_word' id='word_1_449' title='bbox 186 5646 477 5714; x_wconf 77' lang='lat' dir='ltr'><strong>impedivit,</strong></span> <span class='ocrx_word' id='word_1_450' title='bbox 502 5646 767 5718; x_wconf 86' lang='lat' dir='ltr'><strong>jussitque</strong></span> <span class='ocrx_word' id='word_1_451' title='bbox 792 5662 979 5701; x_wconf 88' lang='lat' dir='ltr'><strong>omnes</strong></span> <span class='ocrx_word' id='word_1_452' title='bbox 1016 5647 1105 5717; x_wconf 86' lang='lat' dir='ltr'><strong>qui</strong></span> <span class='ocrx_word' id='word_1_453' title='bbox 1132 5658 1317 5704; x_wconf 87' lang='lat' dir='ltr'><strong>natare</strong></span> <span class='ocrx_word' id='word_1_454' title='bbox 1349 5655 1589 5717; x_wconf 86' lang='lat' dir='ltr'><strong>possent,</strong></span> <span class='ocrx_word' id='word_1_455' title='bbox 1618 5645 1759 5716; x_wconf 73' lang='lat' dir='ltr'><strong>abji-</strong></span> 
     </span>
    </p>
   </div>
   <div class='ocr_carea' id='block_1_60' title="bbox 192 5738 1757 5809">
    <p class='ocr_par' dir='ltr' id='par_1_60' title="bbox 192 5738 1757 5809">
     <span class='ocr_line' id='line_1_60' title="bbox 192 5738 1757 5809; baseline 0.003 -17"><span class='ocrx_word' id='word_1_456' title='bbox 192 5748 307 5792; x_wconf 71' lang='grc' dir='ltr'><strong>ειη</strong></span> <span class='ocrx_word' id='word_1_457' title='bbox 335 5752 393 5792; x_wconf 82' lang='lat' dir='ltr'><strong>se</strong></span> <span class='ocrx_word' id='word_1_458' title='bbox 420 5739 621 5809; x_wconf 75' lang='lat' dir='ltr'><strong>primos</strong></span> <span class='ocrx_word' id='word_1_459' title='bbox 644 5780 660 5807; x_wconf 90' lang='lat'><strong>,</strong></span> <span class='ocrx_word' id='word_1_460' title='bbox 691 5748 747 5795; x_wconf 87' lang='lat' dir='ltr'><strong>et</strong></span> <span class='ocrx_word' id='word_1_461' title='bbox 784 5738 838 5794; x_wconf 90' lang='lat' dir='ltr'><strong>in</strong></span> <span class='ocrx_word' id='word_1_462' title='bbox 867 5747 1061 5796; x_wconf 86' lang='lat' dir='ltr'><strong>terram</strong></span> <span class='ocrx_word' id='word_1_463' title='bbox 1098 5742 1351 5805; x_wconf 80' lang='lat' dir='ltr'><strong>evadere,</strong></span> <span class='ocrx_word' id='word_1_464' title='bbox 1400 5742 1491 5797; x_wconf 74' lang='grc' dir='ltr'><strong>Η.</strong></span> <span class='ocrx_word' id='word_1_465' title='bbox 1532 5748 1757 5797; x_wconf 83' lang='lat' dir='ltr'><strong>cateros</strong></span> 
     </span>
    </p>
   </div>
   <div class='ocr_carea' id='block_1_61' title="bbox 1182 306 2476 367">
    <p class='ocr_par' dir='ltr' id='par_1_61' title="bbox 1182 306 2476 367">
     <span class='ocr_line' id='line_1_61' title="bbox 1182 306 2476 367; baseline 0.002 -3"><span class='ocrx_word' id='word_1_466' title='bbox 1182 308 1249 365; x_wconf 79' lang='lat' dir='ltr'><strong>lN</strong></span> <span class='ocrx_word' id='word_1_467' title='bbox 1287 309 1465 367; x_wconf 79' lang='lat' dir='ltr'><strong>ACTA</strong></span> <span class='ocrx_word' id='word_1_468' title='bbox 1506 306 2031 366; x_wconf 70' lang='lat' dir='ltr'><strong>:‘tPOSTOLORUM.</strong></span> <span class='ocrx_word' id='word_1_469' title='bbox 2072 308 2303 365; x_wconf 73' lang='lat' dir='ltr'><strong>llOMll...</strong></span> <span class='ocrx_word' id='word_1_470' title='bbox 2344 310 2476 367; x_wconf 62' lang='grc' dir='ltr'><strong>λιιι.</strong></span> 
     </span>
    </p>
   </div>
   <div class='ocr_carea' id='block_1_62' title="bbox 3380 322 3485 378">
    <p class='ocr_par' dir='ltr' id='par_1_62' title="bbox 3380 322 3485 378">
     <span class='ocr_line' id='line_1_62' title="bbox 3380 322 3485 378; baseline 0 0"><span class='ocrx_word' id='word_1_471' title='bbox 3380 322 3485 378; x_wconf 76' lang='lat'><strong>570</strong></span> 
     </span>
    </p>
   </div>
   <div class='ocr_carea' id='block_1_63' title="bbox 1897 422 3481 499">
    <p class='ocr_par' dir='ltr' id='par_1_63' title="bbox 1897 422 3481 499">
     <span class='ocr_line' id='line_1_63' title="bbox 1897 422 3481 499; baseline 0.01 -26"><span class='ocrx_word' id='word_1_472' title='bbox 1897 429 2075 475; x_wconf 88' lang='lat' dir='ltr'><strong>autem</strong></span> <span class='ocrx_word' id='word_1_473' title='bbox 2120 422 2311 490; x_wconf 87' lang='lat' dir='ltr'><strong>partim</strong></span> <span class='ocrx_word' id='word_1_474' title='bbox 2359 424 2412 477; x_wconf 90' lang='lat' dir='ltr'><strong>in</strong></span> <span class='ocrx_word' id='word_1_475' title='bbox 2453 424 2677 492; x_wconf 89' lang='lat' dir='ltr'><strong>tabulis,</strong></span> <span class='ocrx_word' id='word_1_476' title='bbox 2728 428 2924 497; x_wconf 91' lang='lat' dir='ltr'><strong>partim</strong></span> <span class='ocrx_word' id='word_1_477' title='bbox 2974 429 3293 499; x_wconf 88' lang='lat' dir='ltr'><strong>quibusdam</strong></span> <span class='ocrx_word' id='word_1_478' title='bbox 3328 438 3481 490; x_wconf 86' lang='lat' dir='ltr'><strong>navis</strong></span> 
     </span>
    </p>
   </div>
   <div class='ocr_carea' id='block_1_64' title="bbox 1894 510 3477 583">
    <p class='ocr_par' dir='ltr' id='par_1_64' title="bbox 1894 510 3477 583">
     <span class='ocr_line' id='line_1_64' title="bbox 1894 510 3477 583; baseline 0.009 -18"><span class='ocrx_word' id='word_1_479' title='bbox 1894 510 2225 582; x_wconf 87' lang='lat' dir='ltr'><strong>fragmentis.</strong></span> <span class='ocrx_word' id='word_1_480' title='bbox 2264 513 2330 567; x_wconf 86' lang='lat' dir='ltr'><strong>Et</strong></span> <span class='ocrx_word' id='word_1_481' title='bbox 2364 515 2443 569; x_wconf 91' lang='lat' dir='ltr'><strong>sic</strong></span> <span class='ocrx_word' id='word_1_482' title='bbox 2470 514 2670 570; x_wconf 88' lang='lat' dir='ltr'><strong>factum</strong></span> <span class='ocrx_word' id='word_1_483' title='bbox 2712 528 2814 583; x_wconf 90' lang='lat' dir='ltr'><strong>est,</strong></span> <span class='ocrx_word' id='word_1_484' title='bbox 2855 527 2913 573; x_wconf 89' lang='lat' dir='ltr'><strong>ut</strong></span> <span class='ocrx_word' id='word_1_485' title='bbox 2950 536 3139 576; x_wconf 89' lang='lat' dir='ltr'><strong>omnes</strong></span> <span class='ocrx_word' id='word_1_486' title='bbox 3181 523 3477 579; x_wconf 88' lang='lat' dir='ltr'><strong>incolumes</strong></span> 
     </span>
    </p>
   </div>
   <div class='ocr_carea' id='block_1_65' title="bbox 1893 603 3472 682">
    <p class='ocr_par' dir='ltr' id='par_1_65' title="bbox 1893 603 3472 682">
     <span class='ocr_line' id='line_1_65' title="bbox 1893 603 3472 682; baseline 0.009 -26"><span class='ocrx_word' id='word_1_487' title='bbox 1893 603 2183 658; x_wconf 88' lang='lat' dir='ltr'><strong>evaderent</strong></span> <span class='ocrx_word' id='word_1_488' title='bbox 2220 604 2273 658; x_wconf 88' lang='lat' dir='ltr'><strong>in</strong></span> <span class='ocrx_word' id='word_1_489' title='bbox 2306 615 2521 660; x_wconf 89' lang='lat' dir='ltr'><strong>terram.</strong></span> <span class='ocrx_word' id='word_1_490' title='bbox 2549 608 2700 678; x_wconf 87' lang='lat' dir='ltr'><strong>(Cap.</strong></span> <span class='ocrx_word' id='word_1_491' title='bbox 2728 607 2846 682; x_wconf 79' lang='lat'><strong>‘28.)</strong></span> <span class='ocrx_word' id='word_1_492' title='bbox 2886 612 2938 666; x_wconf 81' lang='grc'><strong>1.</strong></span> <span class='ocrx_word' id='word_1_493' title='bbox 2990 613 3055 666; x_wconf 84' lang='lat' dir='ltr'><strong>Et</strong></span> <span class='ocrx_word' id='word_1_494' title='bbox 3100 627 3220 667; x_wconf 89' lang='lat' dir='ltr'><strong>cum</strong></span> <span class='ocrx_word' id='word_1_495' title='bbox 3265 618 3472 670; x_wconf 78' lang='lat' dir='ltr'><strong>evasis-</strong></span> 
     </span>
    </p>
   </div>
   <div class='ocr_carea' id='block_1_66' title="bbox 1893 700 3475 770">
    <p class='ocr_par' dir='ltr' id='par_1_66' title="bbox 1893 700 3475 770">
     <span class='ocr_line' id='line_1_66' title="bbox 1893 700 3475 770; baseline 0.009 -24"><span class='ocrx_word' id='word_1_496' title='bbox 1893 702 2032 757; x_wconf 85' lang='lat' dir='ltr'><strong>sent,</strong></span> <span class='ocrx_word' id='word_1_497' title='bbox 2074 702 2197 749; x_wconf 87' lang='lat' dir='ltr'><strong>tunc</strong></span> <span class='ocrx_word' id='word_1_498' title='bbox 2235 709 2623 767; x_wconf 86' lang='lat' dir='ltr'><strong>cognoverunt,</strong></span> <span class='ocrx_word' id='word_1_499' title='bbox 2667 700 2810 770; x_wconf 89' lang='lat' dir='ltr'><strong>quod</strong></span> <span class='ocrx_word' id='word_1_500' title='bbox 2838 702 3015 757; x_wconf 83' lang='lat' dir='ltr'><strong>Melite</strong></span> <span class='ocrx_word' id='word_1_501' title='bbox 3053 704 3225 759; x_wconf 87' lang='lat' dir='ltr'><strong>insula</strong></span> <span class='ocrx_word' id='word_1_502' title='bbox 3255 720 3475 760; x_wconf 48' lang='lat' dir='ltr'><strong>vocare‘</strong></span> 
     </span>
    </p>
   </div>
   <div class='ocr_carea' id='block_1_67' title="bbox 1893 785 3466 864">
    <p class='ocr_par' dir='ltr' id='par_1_67' title="bbox 1893 785 3466 864">
     <span class='ocr_line' id='line_1_67' title="bbox 1893 785 3466 864; baseline 0.01 -26"><span class='ocrx_word' id='word_1_503' title='bbox 1893 793 1997 839; x_wconf 91' lang='lat' dir='ltr'><strong>tur.</strong></span> <span class='ocrx_word' id='word_1_504' title='bbox 2029 803 2048 836; x_wconf 71' lang='grc' dir='ltr'><strong><em>ι</em></strong></span> <span class='ocrx_word' id='word_1_505' title='bbox 2088 785 2273 842; x_wconf 85' lang='lat' dir='ltr'><strong>Viden&#39;</strong></span> <span class='ocrx_word' id='word_1_506' title='bbox 2293 798 2548 857; x_wconf 87' lang='lat' dir='ltr'><strong>quantum</strong></span> <span class='ocrx_word' id='word_1_507' title='bbox 2590 791 2786 846; x_wconf 91' lang='lat' dir='ltr'><strong>bonum</strong></span> <span class='ocrx_word' id='word_1_508' title='bbox 2828 808 2895 847; x_wconf 83' lang='lat' dir='ltr'><strong>ex</strong></span> <span class='ocrx_word' id='word_1_509' title='bbox 2925 803 3239 864; x_wconf 80' lang='lat' dir='ltr'><strong>tempestate</strong></span> <span class='ocrx_word' id='word_1_510' title='bbox 3266 813 3466 852; x_wconf 86' lang='lat' dir='ltr'><strong>evene-</strong></span> 
     </span>
    </p>
   </div>
   <div class='ocr_carea' id='block_1_68' title="bbox 1891 874 3553 958">
    <p class='ocr_par' dir='ltr' id='par_1_68' title="bbox 1891 874 3553 958">
     <span class='ocr_line' id='line_1_68' title="bbox 1891 874 3553 958; baseline 0.011 -32"><span class='ocrx_word' id='word_1_511' title='bbox 1891 874 2003 927; x_wconf 84' lang='lat' dir='ltr'><strong>rit?</strong></span> <span class='ocrx_word' id='word_1_512' title='bbox 2044 875 2158 931; x_wconf 89' lang='lat' dir='ltr'><strong>Non</strong></span> <span class='ocrx_word' id='word_1_513' title='bbox 2216 877 2394 947; x_wconf 88' lang='lat' dir='ltr'><strong>igitur,</strong></span> <span class='ocrx_word' id='word_1_514' title='bbox 2445 880 2586 949; x_wconf 89' lang='lat' dir='ltr'><strong>quod</strong></span> <span class='ocrx_word' id='word_1_515' title='bbox 2636 881 2875 938; x_wconf 91' lang='lat' dir='ltr'><strong>derelicti</strong></span> <span class='ocrx_word' id='word_1_516' title='bbox 2926 896 3143 951; x_wconf 90' lang='lat' dir='ltr'><strong>essent,</strong></span> <span class='ocrx_word' id='word_1_517' title='bbox 3184 898 3475 958; x_wconf 87' lang='lat' dir='ltr'><strong>tempestas</strong></span> <span class='ocrx_word' id='word_1_518' title='bbox 3546 924 3553 930; x_wconf 94' lang='lat'><strong><em>-</em></strong></span> 
     </span>
    </p>
   </div>
   <div class='ocr_carea' id='block_1_69' title="bbox 1889 965 3472 1046">
    <p class='ocr_par' dir='ltr' id='par_1_69' title="bbox 1889 965 3472 1046">
     <span class='ocr_line' id='line_1_69' title="bbox 1889 965 3472 1046; baseline 0.01 -30"><span class='ocrx_word' id='word_1_519' title='bbox 1889 965 2103 1019; x_wconf 90' lang='lat' dir='ltr'><strong>accidit.</strong></span> <span class='ocrx_word' id='word_1_520' title='bbox 2147 967 2214 1020; x_wconf 86' lang='lat' dir='ltr'><strong>Et</strong></span> <span class='ocrx_word' id='word_1_521' title='bbox 2258 969 2549 1037; x_wconf 87' lang='lat' dir='ltr'><strong>quomodo,</strong></span> <span class='ocrx_word' id='word_1_522' title='bbox 2585 972 2811 1040; x_wconf 89' lang='lat' dir='ltr'><strong>inquies,</strong></span> <span class='ocrx_word' id='word_1_523' title='bbox 2852 974 3095 1029; x_wconf 82' lang='lat' dir='ltr'><strong>ferebant</strong></span> <span class='ocrx_word' id='word_1_524' title='bbox 3128 975 3319 1046; x_wconf 88' lang='lat' dir='ltr'><strong>jejuni,</strong></span> <span class='ocrx_word' id='word_1_525' title='bbox 3351 994 3472 1033; x_wconf 89' lang='lat' dir='ltr'><strong>cum</strong></span> 
     </span>
    </p>
   </div>
   <div class='ocr_carea' id='block_1_70' title="bbox 1890 1054 3475 1131">
    <p class='ocr_par' dir='ltr' id='par_1_70' title="bbox 1890 1054 3475 1131">
     <span class='ocr_line' id='line_1_70' title="bbox 1890 1054 3475 1131; baseline 0.009 -25"><span class='ocrx_word' id='word_1_526' title='bbox 1890 1054 2089 1109; x_wconf 91' lang='lat' dir='ltr'><strong>nullum</strong></span> <span class='ocrx_word' id='word_1_527' title='bbox 2135 1058 2313 1112; x_wconf 92' lang='lat' dir='ltr'><strong>cibum</strong></span> <span class='ocrx_word' id='word_1_528' title='bbox 2359 1064 2670 1115; x_wconf 89' lang='lat' dir='ltr'><strong>sumerent?</strong></span> <span class='ocrx_word' id='word_1_529' title='bbox 2702 1063 2887 1118; x_wconf 87' lang='lat' dir='ltr'><strong>Timor</strong></span> <span class='ocrx_word' id='word_1_530' title='bbox 2932 1066 3147 1119; x_wconf 88' lang='lat' dir='ltr'><strong>tenebat</strong></span> <span class='ocrx_word' id='word_1_531' title='bbox 3186 1066 3325 1131; x_wconf 92' lang='lat' dir='ltr'><strong>illos,</strong></span> <span class='ocrx_word' id='word_1_532' title='bbox 3373 1082 3475 1121; x_wconf 79' lang='lat' dir='ltr'><strong>nec</strong></span> 
     </span>
    </p>
   </div>
   <div class='ocr_carea' id='block_1_71' title="bbox 1888 1143 3471 1225">
    <p class='ocr_par' dir='ltr' id='par_1_71' title="bbox 1888 1143 3471 1225">
     <span class='ocr_line' id='line_1_71' title="bbox 1888 1143 3471 1225; baseline 0.008 -29"><span class='ocrx_word' id='word_1_533' title='bbox 1888 1143 2094 1199; x_wconf 87' lang='lat' dir='ltr'><strong>sinebat</strong></span> <span class='ocrx_word' id='word_1_534' title='bbox 2127 1147 2177 1200; x_wconf 90' lang='lat' dir='ltr'><strong>in</strong></span> <span class='ocrx_word' id='word_1_535' title='bbox 2217 1151 2510 1217; x_wconf 78' lang='lat' dir='ltr'><strong>appetitum</strong></span> <span class='ocrx_word' id='word_1_536' title='bbox 2554 1152 2656 1205; x_wconf 90' lang='lat' dir='ltr'><strong>cibi</strong></span> <span class='ocrx_word' id='word_1_537' title='bbox 2685 1152 2921 1208; x_wconf 89' lang='lat' dir='ltr'><strong>incidere</strong></span> <span class='ocrx_word' id='word_1_538' title='bbox 2948 1154 3015 1209; x_wconf 86' lang='lat' dir='ltr'><strong>de</strong></span> <span class='ocrx_word' id='word_1_539' title='bbox 3046 1156 3300 1209; x_wconf 80' lang='lat' dir='ltr'><strong>extremis</strong></span> <span class='ocrx_word' id='word_1_540' title='bbox 3329 1156 3471 1225; x_wconf 87' lang='lat' dir='ltr'><strong>peri-</strong></span> 
     </span>
    </p>
   </div>
   <div class='ocr_carea' id='block_1_72' title="bbox 1887 1232 3470 1315">
    <p class='ocr_par' dir='ltr' id='par_1_72' title="bbox 1887 1232 3470 1315">
     <span class='ocr_line' id='line_1_72' title="bbox 1887 1232 3470 1315; baseline 0.009 -30"><span class='ocrx_word' id='word_1_541' title='bbox 1887 1232 2184 1288; x_wconf 86' lang='lat' dir='ltr'><strong>clitaturos.</strong></span> <span class='ocrx_word' id='word_1_542' title='bbox 2235 1236 2394 1307; x_wconf 88' lang='lat' dir='ltr'><strong>Igitur</strong></span> <span class='ocrx_word' id='word_1_543' title='bbox 2422 1240 2562 1310; x_wconf 90' lang='lat' dir='ltr'><strong>quod</strong></span> <span class='ocrx_word' id='word_1_544' title='bbox 2594 1240 2789 1297; x_wconf 85' lang='lat' dir='ltr'><strong>factum</strong></span> <span class='ocrx_word' id='word_1_545' title='bbox 2839 1253 2941 1309; x_wconf 91' lang='lat' dir='ltr'><strong>est,</strong></span> <span class='ocrx_word' id='word_1_546' title='bbox 2985 1259 3013 1298; x_wconf 89' lang='lat' dir='ltr'><strong>a</strong></span> <span class='ocrx_word' id='word_1_547' title='bbox 3058 1254 3301 1315; x_wconf 88' lang='lat' dir='ltr'><strong>tempore</strong></span> <span class='ocrx_word' id='word_1_548' title='bbox 3330 1244 3470 1300; x_wconf 87' lang='lat' dir='ltr'><strong>fuit:</strong></span> 
     </span>
    </p>
   </div>
   <div class='ocr_carea' id='block_1_73' title="bbox 1887 1325 3474 1405">
    <p class='ocr_par' dir='ltr' id='par_1_73' title="bbox 1887 1325 3474 1405">
     <span class='ocr_line' id='line_1_73' title="bbox 1887 1325 3474 1405; baseline 0.009 -29"><span class='ocrx_word' id='word_1_549' title='bbox 1887 1325 2059 1393; x_wconf 85' lang='lat' dir='ltr'><strong>majus</strong></span> <span class='ocrx_word' id='word_1_550' title='bbox 2084 1336 2263 1382; x_wconf 88' lang='lat' dir='ltr'><strong>autem</strong></span> <span class='ocrx_word' id='word_1_551' title='bbox 2297 1330 2630 1397; x_wconf 86' lang='lat' dir='ltr'><strong>miraculum,</strong></span> <span class='ocrx_word' id='word_1_552' title='bbox 2663 1333 2804 1403; x_wconf 86' lang='lat' dir='ltr'><strong>quod</strong></span> <span class='ocrx_word' id='word_1_553' title='bbox 2837 1335 2923 1388; x_wconf 80' lang='lat' dir='ltr'><strong>tali</strong></span> <span class='ocrx_word' id='word_1_554' title='bbox 2962 1345 3201 1404; x_wconf 82' lang='lat' dir='ltr'><strong>tempore</strong></span> <span class='ocrx_word' id='word_1_555' title='bbox 3235 1351 3298 1389; x_wconf 83' lang='lat' dir='ltr'><strong>ex</strong></span> <span class='ocrx_word' id='word_1_556' title='bbox 3333 1336 3474 1405; x_wconf 81' lang='lat' dir='ltr'><strong>peri-</strong></span> 
     </span>
    </p>
   </div>
   <div class='ocr_carea' id='block_1_74' title="bbox 1885 1416 3466 1499">
    <p class='ocr_par' dir='ltr' id='par_1_74' title="bbox 1885 1416 3466 1499">
     <span class='ocr_line' id='line_1_74' title="bbox 1885 1416 3466 1499; baseline 0.009 -31"><span class='ocrx_word' id='word_1_557' title='bbox 1885 1416 2018 1469; x_wconf 86' lang='lat' dir='ltr'><strong>culis</strong></span> <span class='ocrx_word' id='word_1_558' title='bbox 2039 1420 2206 1489; x_wconf 91' lang='lat' dir='ltr'><strong>erepti</strong></span> <span class='ocrx_word' id='word_1_559' title='bbox 2236 1420 2362 1487; x_wconf 90' lang='lat' dir='ltr'><strong>sint,</strong></span> <span class='ocrx_word' id='word_1_560' title='bbox 2394 1433 2501 1476; x_wconf 90' lang='lat' dir='ltr'><strong>tum</strong></span> <span class='ocrx_word' id='word_1_561' title='bbox 2531 1425 2643 1492; x_wconf 91' lang='lat' dir='ltr'><strong>ipse</strong></span> <span class='ocrx_word' id='word_1_562' title='bbox 2671 1435 2779 1479; x_wconf 93' lang='lat' dir='ltr'><strong>tum</strong></span> <span class='ocrx_word' id='word_1_563' title='bbox 2808 1436 3026 1497; x_wconf 88' lang='lat' dir='ltr'><strong>propter</strong></span> <span class='ocrx_word' id='word_1_564' title='bbox 3053 1430 3226 1497; x_wconf 90' lang='lat' dir='ltr'><strong>ipsum</strong></span> <span class='ocrx_word' id='word_1_565' title='bbox 3257 1428 3466 1499; x_wconf 88' lang='lat' dir='ltr'><strong>reliqui.</strong></span> 
     </span>
    </p>
   </div>
   <div class='ocr_carea' id='block_1_75' title="bbox 1885 1502 3471 1586">
    <p class='ocr_par' dir='ltr' id='par_1_75' title="bbox 1885 1502 3471 1586">
     <span class='ocr_line' id='line_1_75' title="bbox 1885 1502 3471 1586; baseline 0.01 -29"><span class='ocrx_word' id='word_1_566' title='bbox 1885 1502 1954 1559; x_wconf 87' lang='lat' dir='ltr'><strong>Et</strong></span> <span class='ocrx_word' id='word_1_567' title='bbox 1982 1508 2179 1563; x_wconf 83' lang='lat' dir='ltr'><strong>sublato</strong></span> <span class='ocrx_word' id='word_1_568' title='bbox 2219 1521 2507 1579; x_wconf 86' lang='lat' dir='ltr'><strong>artemonc,</strong></span> <span class='ocrx_word' id='word_1_569' title='bbox 2553 1514 2622 1567; x_wconf 88' lang='lat' dir='ltr'><strong>ad</strong></span> <span class='ocrx_word' id='word_1_570' title='bbox 2654 1517 2785 1569; x_wconf 85' lang='lat' dir='ltr'><strong>venti</strong></span> <span class='ocrx_word' id='word_1_571' title='bbox 2813 1520 2993 1586; x_wconf 83' lang='lat' dir='ltr'><strong>ﬂatum</strong></span> <span class='ocrx_word' id='word_1_572' title='bbox 3037 1520 3363 1574; x_wconf 78' lang='lat' dir='ltr'><strong>contendebat</strong></span> <span class='ocrx_word' id='word_1_573' title='bbox 3402 1521 3471 1573; x_wconf 82' lang='lat' dir='ltr'><strong>ad</strong></span> 
     </span>
    </p>
   </div>
   <div class='ocr_carea' id='block_1_76' title="bbox 1885 1597 3469 1681">
    <p class='ocr_par' dir='ltr' id='par_1_76' title="bbox 1885 1597 3469 1681">
     <span class='ocr_line' id='line_1_76' title="bbox 1885 1597 3469 1681; baseline 0.009 -31"><span class='ocrx_word' id='word_1_574' title='bbox 1885 1597 2044 1652; x_wconf 80' lang='lat' dir='ltr'><strong>littus.</strong></span> <span class='ocrx_word' id='word_1_575' title='bbox 2087 1599 2199 1656; x_wconf 83' lang='lat' dir='ltr'><strong>Hoc</strong></span> <span class='ocrx_word' id='word_1_576' title='bbox 2240 1602 2394 1668; x_wconf 78' lang='lat' dir='ltr'><strong>dixit,</strong></span> <span class='ocrx_word' id='word_1_577' title='bbox 2424 1605 2732 1660; x_wconf 89' lang='lat' dir='ltr'><strong>violentiam</strong></span> <span class='ocrx_word' id='word_1_578' title='bbox 2759 1608 3043 1665; x_wconf 83' lang='lat' dir='ltr'><strong>ostendere</strong></span> <span class='ocrx_word' id='word_1_579' title='bbox 3069 1610 3274 1676; x_wconf 86' lang='lat' dir='ltr'><strong>volens,</strong></span> <span class='ocrx_word' id='word_1_580' title='bbox 3307 1626 3469 1681; x_wconf 91' lang='lat' dir='ltr'><strong>quam</strong></span> 
     </span>
    </p>
   </div>
   <div class='ocr_carea' id='block_1_77' title="bbox 1879 1689 3467 1769">
    <p class='ocr_par' dir='ltr' id='par_1_77' title="bbox 1879 1689 3467 1769">
     <span class='ocr_line' id='line_1_77' title="bbox 1879 1689 3467 1769; baseline 0.009 -27"><span class='ocrx_word' id='word_1_581' title='bbox 1879 1689 2062 1759; x_wconf 89' lang='lat' dir='ltr'><strong>jactati</strong></span> <span class='ocrx_word' id='word_1_582' title='bbox 2112 1694 2491 1750; x_wconf 90' lang='lat' dir='ltr'><strong>sustinebant:</strong></span> <span class='ocrx_word' id='word_1_583' title='bbox 2524 1712 2667 1767; x_wconf 62' lang='lat' dir='ltr'><strong>saepe</strong></span> <span class='ocrx_word' id='word_1_584' title='bbox 2709 1714 2940 1769; x_wconf 88' lang='lat' dir='ltr'><strong>namque</strong></span> <span class='ocrx_word' id='word_1_585' title='bbox 2985 1716 3091 1755; x_wconf 90' lang='lat' dir='ltr'><strong>non</strong></span> <span class='ocrx_word' id='word_1_586' title='bbox 3139 1701 3207 1755; x_wconf 87' lang='lat' dir='ltr'><strong>ita</strong></span> <span class='ocrx_word' id='word_1_587' title='bbox 3248 1702 3467 1757; x_wconf 91' lang='lat' dir='ltr'><strong>faciunt.</strong></span> 
     </span>
    </p>
   </div>
   <div class='ocr_carea' id='block_1_78' title="bbox 1884 1780 3466 1861">
    <p class='ocr_par' dir='ltr' id='par_1_78' title="bbox 1884 1780 3466 1861">
     <span class='ocr_line' id='line_1_78' title="bbox 1884 1780 3466 1861; baseline 0.01 -29"><span class='ocrx_word' id='word_1_588' title='bbox 1884 1780 2009 1834; x_wconf 90' lang='lat' dir='ltr'><strong>Ideo</strong></span> <span class='ocrx_word' id='word_1_589' title='bbox 2041 1782 2380 1841; x_wconf 77' lang='lat' dir='ltr'><strong>deduxerunt</strong></span> <span class='ocrx_word' id='word_1_590' title='bbox 2427 1787 2677 1853; x_wconf 84' lang='lat' dir='ltr'><strong>carbasa,</strong></span> <span class='ocrx_word' id='word_1_591' title='bbox 2724 1788 2773 1843; x_wconf 93' lang='lat' dir='ltr'><strong>id</strong></span> <span class='ocrx_word' id='word_1_592' title='bbox 2805 1799 2921 1856; x_wconf 91' lang='lat' dir='ltr'><strong>est,</strong></span> <span class='ocrx_word' id='word_1_593' title='bbox 2964 1791 3082 1845; x_wconf 86' lang='lat' dir='ltr'><strong>vela</strong></span> <span class='ocrx_word' id='word_1_594' title='bbox 3129 1790 3282 1861; x_wconf 90' lang='lat' dir='ltr'><strong>(cum</strong></span> <span class='ocrx_word' id='word_1_595' title='bbox 3324 1793 3466 1848; x_wconf 91' lang='lat' dir='ltr'><strong>enim</strong></span> 
     </span>
    </p>
   </div>
   <div class='ocr_carea' id='block_1_79' title="bbox 1880 1870 3467 1951">
    <p class='ocr_par' dir='ltr' id='par_1_79' title="bbox 1880 1870 3467 1951">
     <span class='ocr_line' id='line_1_79' title="bbox 1880 1870 3467 1951; baseline 0.007 -27"><span class='ocrx_word' id='word_1_596' title='bbox 1880 1870 2174 1927; x_wconf 87' lang='lat' dir='ltr'><strong>vehemens</strong></span> <span class='ocrx_word' id='word_1_597' title='bbox 2203 1885 2390 1930; x_wconf 90' lang='lat' dir='ltr'><strong>ventus</strong></span> <span class='ocrx_word' id='word_1_598' title='bbox 2418 1886 2519 1941; x_wconf 90' lang='lat' dir='ltr'><strong>est,</strong></span> <span class='ocrx_word' id='word_1_599' title='bbox 2568 1878 2670 1933; x_wconf 89' lang='lat' dir='ltr'><strong>hoc</strong></span> <span class='ocrx_word' id='word_1_600' title='bbox 2697 1878 2811 1933; x_wconf 83' lang='lat' dir='ltr'><strong>ﬁeri</strong></span> <span class='ocrx_word' id='word_1_601' title='bbox 2842 1878 3035 1951; x_wconf 88' lang='lat' dir='ltr'><strong>solet),</strong></span> <span class='ocrx_word' id='word_1_602' title='bbox 3084 1891 3142 1935; x_wconf 93' lang='lat' dir='ltr'><strong>ut</strong></span> <span class='ocrx_word' id='word_1_603' title='bbox 3186 1883 3327 1937; x_wconf 89' lang='lat' dir='ltr'><strong>venti</strong></span> <span class='ocrx_word' id='word_1_604' title='bbox 3358 1883 3467 1935; x_wconf 69' lang='lat' dir='ltr'><strong>vi0«</strong></span> 
     </span>
    </p>
   </div>
   <div class='ocr_carea' id='block_1_80' title="bbox 1879 1958 3464 2039">
    <p class='ocr_par' dir='ltr' id='par_1_80' title="bbox 1879 1958 3464 2039">
     <span class='ocr_line' id='line_1_80' title="bbox 1879 1958 3464 2039; baseline 0.007 -27"><span class='ocrx_word' id='word_1_605' title='bbox 1879 1958 2038 2015; x_wconf 89' lang='lat' dir='ltr'><strong>lentia</strong></span> <span class='ocrx_word' id='word_1_606' title='bbox 2084 1964 2425 2032; x_wconf 87' lang='lat' dir='ltr'><strong>reprimatur.</strong></span> <span class='ocrx_word' id='word_1_607' title='bbox 2501 1967 2624 2021; x_wconf 71' lang='lat' dir='ltr'><strong>llaec</strong></span> <span class='ocrx_word' id='word_1_608' title='bbox 2680 1984 2807 2022; x_wconf 87' lang='lat' dir='ltr'><strong>vero</strong></span> <span class='ocrx_word' id='word_1_609' title='bbox 2866 1970 3140 2039; x_wconf 89' lang='lat' dir='ltr'><strong>patiuntur</strong></span> <span class='ocrx_word' id='word_1_610' title='bbox 3182 1970 3233 2024; x_wconf 91' lang='lat' dir='ltr'><strong>in</strong></span> <span class='ocrx_word' id='word_1_611' title='bbox 3279 1972 3464 2036; x_wconf 81' lang='lat' dir='ltr'><strong>Adria,</strong></span> 
     </span>
    </p>
   </div>
   <div class='ocr_carea' id='block_1_81' title="bbox 1881 2050 3470 2118">
    <p class='ocr_par' dir='ltr' id='par_1_81' title="bbox 1881 2050 3470 2118">
     <span class='ocr_line' id='line_1_81' title="bbox 1881 2050 3470 2118; baseline 0.009 -15"><span class='ocrx_word' id='word_1_612' title='bbox 1881 2050 1971 2103; x_wconf 89' lang='lat' dir='ltr'><strong>ubi</strong></span> <span class='ocrx_word' id='word_1_613' title='bbox 1997 2054 2196 2108; x_wconf 79' lang='lat' dir='ltr'><strong>servari</strong></span> <span class='ocrx_word' id='word_1_614' title='bbox 2226 2054 2441 2110; x_wconf 82' lang='lat' dir='ltr'><strong>difﬁcile</strong></span> <span class='ocrx_word' id='word_1_615' title='bbox 2463 2066 2597 2110; x_wconf 86' lang='lat' dir='ltr'><strong>erat.</strong></span> <span class='ocrx_word' id='word_1_616' title='bbox 2628 2056 2848 2113; x_wconf 84' lang='lat' dir='ltr'><strong>Eramtts</strong></span> <span class='ocrx_word' id='word_1_617' title='bbox 2871 2069 3036 2112; x_wconf 86' lang='lat' dir='ltr'><strong>autem</strong></span> <span class='ocrx_word' id='word_1_618' title='bbox 3062 2062 3114 2113; x_wconf 84' lang='lat' dir='ltr'><strong>in</strong></span> <span class='ocrx_word' id='word_1_619' title='bbox 3141 2063 3257 2113; x_wconf 83' lang='lat' dir='ltr'><strong>navi</strong></span> <span class='ocrx_word' id='word_1_620' title='bbox 3283 2067 3470 2118; x_wconf 75' lang='lat' dir='ltr'><strong>anima</strong></span> 
     </span>
    </p>
   </div>
   <div class='ocr_carea' id='block_1_82' title="bbox 1881 2144 3462 2219">
    <p class='ocr_par' dir='ltr' id='par_1_82' title="bbox 1881 2144 3462 2219">
     <span class='ocr_line' id='line_1_82' title="bbox 1881 2144 3462 2219; baseline 0.008 -25"><span class='ocrx_word' id='word_1_621' title='bbox 1881 2157 2052 2196; x_wconf 87' lang='lat' dir='ltr'><strong>omnes</strong></span> <span class='ocrx_word' id='word_1_622' title='bbox 2080 2144 2308 2198; x_wconf 67' lang='lat' dir='ltr'><strong>ducentia</strong></span> <span class='ocrx_word' id='word_1_623' title='bbox 2347 2149 2667 2217; x_wconf 80' lang='lat' dir='ltr'><strong>septuaginta</strong></span> <span class='ocrx_word' id='word_1_624' title='bbox 2709 2163 2818 2201; x_wconf 75' lang='lat' dir='ltr'><strong>sex.</strong></span> <span class='ocrx_word' id='word_1_625' title='bbox 2851 2148 2917 2202; x_wconf 86' lang='lat' dir='ltr'><strong>Et</strong></span> <span class='ocrx_word' id='word_1_626' title='bbox 2960 2150 3100 2205; x_wconf 88' lang='lat' dir='ltr'><strong>unde</strong></span> <span class='ocrx_word' id='word_1_627' title='bbox 3144 2152 3316 2219; x_wconf 89' lang='lat' dir='ltr'><strong>palam</strong></span> <span class='ocrx_word' id='word_1_628' title='bbox 3356 2164 3462 2219; x_wconf 74' lang='lat' dir='ltr'><strong>e-t,</strong></span> 
     </span>
    </p>
   </div>
   <div class='ocr_carea' id='block_1_83' title="bbox 1879 2231 3465 2307">
    <p class='ocr_par' dir='ltr' id='par_1_83' title="bbox 1879 2231 3465 2307">
     <span class='ocr_line' id='line_1_83' title="bbox 1879 2231 3465 2307; baseline 0.009 -23"><span class='ocrx_word' id='word_1_629' title='bbox 1879 2231 2020 2298; x_wconf 89' lang='lat' dir='ltr'><strong>quod</strong></span> <span class='ocrx_word' id='word_1_630' title='bbox 2048 2242 2123 2286; x_wconf 90' lang='lat' dir='ltr'><strong>tot</strong></span> <span class='ocrx_word' id='word_1_631' title='bbox 2153 2246 2333 2289; x_wconf 85' lang='lat' dir='ltr'><strong>essent</strong></span> <span class='ocrx_word' id='word_1_632' title='bbox 2360 2237 2449 2305; x_wconf 92' lang='lat' dir='ltr'><strong>qui</strong></span> <span class='ocrx_word' id='word_1_633' title='bbox 2477 2237 2635 2291; x_wconf 91' lang='lat' dir='ltr'><strong>simul</strong></span> <span class='ocrx_word' id='word_1_634' title='bbox 2663 2239 3020 2307; x_wconf 82' lang='lat' dir='ltr'><strong>navigabant?</strong></span> <span class='ocrx_word' id='word_1_635' title='bbox 3055 2240 3355 2299; x_wconf 84' lang='lat' dir='ltr'><strong>Verisimile</strong></span> <span class='ocrx_word' id='word_1_636' title='bbox 3381 2255 3465 2299; x_wconf 88' lang='lat' dir='ltr'><strong>est</strong></span> 
     </span>
    </p>
   </div>
   <div class='ocr_carea' id='block_1_84' title="bbox 1880 2322 3457 2401">
    <p class='ocr_par' dir='ltr' id='par_1_84' title="bbox 1880 2322 3457 2401">
     <span class='ocr_line' id='line_1_84' title="bbox 1880 2322 3457 2401; baseline 0.009 -25"><span class='ocrx_word' id='word_1_637' title='bbox 1880 2322 1999 2377; x_wconf 91' lang='lat' dir='ltr'><strong>illos</strong></span> <span class='ocrx_word' id='word_1_638' title='bbox 2027 2324 2388 2397; x_wconf 84' lang='lat' dir='ltr'><strong>interrogasse</strong></span> <span class='ocrx_word' id='word_1_639' title='bbox 2407 2343 2503 2382; x_wconf 92' lang='lat' dir='ltr'><strong>cur</strong></span> <span class='ocrx_word' id='word_1_640' title='bbox 2530 2331 2858 2401; x_wconf 88' lang='lat' dir='ltr'><strong>navigarent,</strong></span> <span class='ocrx_word' id='word_1_641' title='bbox 2892 2341 2947 2386; x_wconf 91' lang='lat' dir='ltr'><strong>et</strong></span> <span class='ocrx_word' id='word_1_642' title='bbox 2978 2331 3230 2388; x_wconf 89' lang='lat' dir='ltr'><strong>didicisse</strong></span> <span class='ocrx_word' id='word_1_643' title='bbox 3257 2336 3457 2391; x_wconf 87' lang='lat' dir='ltr'><strong>omnia.</strong></span> 
     </span>
    </p>
   </div>
   <div class='ocr_carea' id='block_1_85' title="bbox 1879 2413 3462 2490">
    <p class='ocr_par' dir='ltr' id='par_1_85' title="bbox 1879 2413 3462 2490">
     <span class='ocr_line' id='line_1_85' title="bbox 1879 2413 3462 2490; baseline 0.008 -23"><span class='ocrx_word' id='word_1_644' title='bbox 1879 2413 2021 2469; x_wconf 88' lang='lat' dir='ltr'><strong>Nihil</strong></span> <span class='ocrx_word' id='word_1_645' title='bbox 2050 2416 2152 2471; x_wconf 93' lang='lat' dir='ltr'><strong>cibi</strong></span> <span class='ocrx_word' id='word_1_646' title='bbox 2203 2418 2502 2484; x_wconf 90' lang='lat' dir='ltr'><strong>sumebant,</strong></span> <span class='ocrx_word' id='word_1_647' title='bbox 2537 2421 2658 2490; x_wconf 88' lang='lat' dir='ltr'><strong>quia</strong></span> <span class='ocrx_word' id='word_1_648' title='bbox 2697 2422 2800 2476; x_wconf 89' lang='lat' dir='ltr'><strong>cibi</strong></span> <span class='ocrx_word' id='word_1_649' title='bbox 2831 2422 2977 2476; x_wconf 89' lang='lat' dir='ltr'><strong>nulla</strong></span> <span class='ocrx_word' id='word_1_650' title='bbox 3005 2438 3131 2476; x_wconf 89' lang='lat' dir='ltr'><strong>cura</strong></span> <span class='ocrx_word' id='word_1_651' title='bbox 3176 2433 3291 2479; x_wconf 86' lang='lat' dir='ltr'><strong>erat</strong></span> <span class='ocrx_word' id='word_1_652' title='bbox 3335 2439 3462 2480; x_wconf 87' lang='lat' dir='ltr'><strong>cum</strong></span> 
     </span>
    </p>
   </div>
   <div class='ocr_carea' id='block_1_86' title="bbox 1880 2508 3465 2586">
    <p class='ocr_par' dir='ltr' id='par_1_86' title="bbox 1880 2508 3465 2586">
     <span class='ocr_line' id='line_1_86' title="bbox 1880 2508 3465 2586; baseline 0.008 -26"><span class='ocrx_word' id='word_1_653' title='bbox 1880 2522 1983 2562; x_wconf 91' lang='lat' dir='ltr'><strong>non</strong></span> <span class='ocrx_word' id='word_1_654' title='bbox 2011 2508 2129 2564; x_wconf 90' lang='lat' dir='ltr'><strong>leve</strong></span> <span class='ocrx_word' id='word_1_655' title='bbox 2169 2510 2387 2567; x_wconf 89' lang='lat' dir='ltr'><strong>instaret</strong></span> <span class='ocrx_word' id='word_1_656' title='bbox 2432 2513 2747 2581; x_wconf 90' lang='lat' dir='ltr'><strong>periculum.</strong></span> <span class='ocrx_word' id='word_1_657' title='bbox 2791 2515 2857 2568; x_wconf 89' lang='lat' dir='ltr'><strong>Et</strong></span> <span class='ocrx_word' id='word_1_658' title='bbox 2888 2515 3009 2570; x_wconf 89' lang='lat' dir='ltr'><strong>vide</strong></span> <span class='ocrx_word' id='word_1_659' title='bbox 3046 2516 3315 2586; x_wconf 87' lang='lat' dir='ltr'><strong>quomodo</strong></span> <span class='ocrx_word' id='word_1_660' title='bbox 3357 2534 3465 2573; x_wconf 89' lang='lat' dir='ltr'><strong>non</strong></span> 
     </span>
    </p>
   </div>
   <div class='ocr_carea' id='block_1_87' title="bbox 1880 2599 3466 2677">
    <p class='ocr_par' dir='ltr' id='par_1_87' title="bbox 1880 2599 3466 2677">
     <span class='ocr_line' id='line_1_87' title="bbox 1880 2599 3466 2677; baseline 0.006 -24"><span class='ocrx_word' id='word_1_661' title='bbox 1880 2599 2207 2655; x_wconf 89' lang='lat' dir='ltr'><strong>infructuosa</strong></span> <span class='ocrx_word' id='word_1_662' title='bbox 2259 2604 2617 2672; x_wconf 85' lang='lat' dir='ltr'><strong>navigationis</strong></span> <span class='ocrx_word' id='word_1_663' title='bbox 2665 2605 2889 2661; x_wconf 86' lang='lat' dir='ltr'><strong>tarditas</strong></span> <span class='ocrx_word' id='word_1_664' title='bbox 2928 2616 2981 2661; x_wconf 92' lang='lat' dir='ltr'><strong>et</strong></span> <span class='ocrx_word' id='word_1_665' title='bbox 3022 2607 3466 2677; x_wconf 82' lang='lat' dir='ltr'><strong>intempestivitas</strong></span> 
     </span>
    </p>
   </div>
   <div class='ocr_carea' id='block_1_88' title="bbox 1878 2691 3461 2768">
    <p class='ocr_par' dir='ltr' id='par_1_88' title="bbox 1878 2691 3461 2768">
     <span class='ocr_line' id='line_1_88' title="bbox 1878 2691 3461 2768; baseline 0.006 -22"><span class='ocrx_word' id='word_1_666' title='bbox 1878 2691 2044 2746; x_wconf 89' lang='lat' dir='ltr'><strong>Paulo</strong></span> <span class='ocrx_word' id='word_1_667' title='bbox 2073 2693 2252 2757; x_wconf 87' lang='lat' dir='ltr'><strong>fuerit,</strong></span> <span class='ocrx_word' id='word_1_668' title='bbox 2282 2694 2376 2749; x_wconf 89' lang='lat' dir='ltr'><strong>sed</strong></span> <span class='ocrx_word' id='word_1_669' title='bbox 2413 2696 2557 2751; x_wconf 93' lang='lat' dir='ltr'><strong>illam</strong></span> <span class='ocrx_word' id='word_1_670' title='bbox 2599 2698 2653 2751; x_wconf 94' lang='lat' dir='ltr'><strong>in</strong></span> <span class='ocrx_word' id='word_1_671' title='bbox 2681 2697 2942 2753; x_wconf 60' lang='lat' dir='ltr'><strong>doctrinas</strong></span> <span class='ocrx_word' id='word_1_672' title='bbox 2972 2709 3181 2768; x_wconf 89' lang='lat' dir='ltr'><strong>tempus</strong></span> <span class='ocrx_word' id='word_1_673' title='bbox 3218 2701 3461 2756; x_wconf 85' lang='lat' dir='ltr'><strong>verterit.</strong></span> 
     </span>
    </p>
   </div>
   <div class='ocr_carea' id='block_1_89' title="bbox 1875 2784 3462 2861">
    <p class='ocr_par' dir='ltr' id='par_1_89' title="bbox 1875 2784 3462 2861">
     <span class='ocr_line' id='line_1_89' title="bbox 1875 2784 3462 2861; baseline 0.007 -22"><span class='ocrx_word' id='word_1_674' title='bbox 1875 2784 1992 2839; x_wconf 88' lang='lat' dir='ltr'><strong>Non</strong></span> <span class='ocrx_word' id='word_1_675' title='bbox 2023 2801 2205 2855; x_wconf 90' lang='lat' dir='ltr'><strong>parum</strong></span> <span class='ocrx_word' id='word_1_676' title='bbox 2240 2787 2368 2842; x_wconf 93' lang='lat' dir='ltr'><strong>illud</strong></span> <span class='ocrx_word' id='word_1_677' title='bbox 2405 2799 2543 2857; x_wconf 89' lang='lat' dir='ltr'><strong>erat,</strong></span> <span class='ocrx_word' id='word_1_678' title='bbox 2592 2791 2635 2844; x_wconf 91' lang='lat' dir='ltr'><strong>si</strong></span> <span class='ocrx_word' id='word_1_679' title='bbox 2661 2792 2874 2861; x_wconf 91' lang='lat' dir='ltr'><strong>quidem</strong></span> <span class='ocrx_word' id='word_1_680' title='bbox 2902 2792 2955 2846; x_wconf 94' lang='lat' dir='ltr'><strong>hi</strong></span> <span class='ocrx_word' id='word_1_681' title='bbox 2985 2809 3172 2848; x_wconf 91' lang='lat' dir='ltr'><strong>omnes</strong></span> <span class='ocrx_word' id='word_1_682' title='bbox 3200 2795 3462 2850; x_wconf 91' lang='lat' dir='ltr'><strong>credidis-</strong></span> 
     </span>
    </p>
   </div>
   <div class='ocr_carea' id='block_1_90' title="bbox 1875 2875 3464 2953">
    <p class='ocr_par' dir='ltr' id='par_1_90' title="bbox 1875 2875 3464 2953">
     <span class='ocr_line' id='line_1_90' title="bbox 1875 2875 3464 2953; baseline 0.006 -24"><span class='ocrx_word' id='word_1_683' title='bbox 1875 2884 2015 2931; x_wconf 90' lang='lat' dir='ltr'><strong>sent.</strong></span> <span class='ocrx_word' id='word_1_684' title='bbox 2042 2875 2145 2931; x_wconf 86' lang='lat' dir='ltr'><strong>Sed</strong></span> <span class='ocrx_word' id='word_1_685' title='bbox 2179 2878 2456 2947; x_wconf 89' lang='lat' dir='ltr'><strong>superiora</strong></span> <span class='ocrx_word' id='word_1_686' title='bbox 2486 2890 2808 2950; x_wconf 89' lang='lat' dir='ltr'><strong>repetamus.</strong></span> <span class='ocrx_word' id='word_1_687' title='bbox 2840 2881 3007 2937; x_wconf 64' lang='lat' dir='ltr'><strong>Jlulto</strong></span> <span class='ocrx_word' id='word_1_688' title='bbox 3036 2894 3201 2937; x_wconf 87' lang='lat' dir='ltr'><strong>autem</strong></span> <span class='ocrx_word' id='word_1_689' title='bbox 3213 2885 3327 2953; x_wconf 85' lang='lat' dir='ltr'><strong>jam</strong></span> <span class='ocrx_word' id='word_1_690' title='bbox 3353 2886 3464 2939; x_wconf 88' lang='lat' dir='ltr'><strong>ela-</strong></span> 
     </span>
    </p>
   </div>
   <div class='ocr_carea' id='block_1_91' title="bbox 1875 2971 3464 3044">
    <p class='ocr_par' dir='ltr' id='par_1_91' title="bbox 1875 2971 3464 3044">
     <span class='ocr_line' id='line_1_91' title="bbox 1875 2971 3464 3044; baseline 0.006 -25"><span class='ocrx_word' id='word_1_691' title='bbox 1875 2982 1966 3035; x_wconf 89' lang='lat' dir='ltr'><strong>pso</strong></span> <span class='ocrx_word' id='word_1_692' title='bbox 1993 2975 2236 3037; x_wconf 87' lang='lat' dir='ltr'><strong>tempore,</strong></span> <span class='ocrx_word' id='word_1_693' title='bbox 2260 2984 2372 3021; x_wconf 83' lang='lat' dir='ltr'><strong>cum</strong></span> <span class='ocrx_word' id='word_1_694' title='bbox 2401 2980 2527 3024; x_wconf 85' lang='lat' dir='ltr'><strong>esset</strong></span> <span class='ocrx_word' id='word_1_695' title='bbox 2538 2971 2651 3040; x_wconf 88' lang='lat' dir='ltr'><strong>jam</strong></span> <span class='ocrx_word' id='word_1_696' title='bbox 2679 2973 2963 3040; x_wconf 83' lang='lat' dir='ltr'><strong>periculosa</strong></span> <span class='ocrx_word' id='word_1_697' title='bbox 2989 2976 3260 3044; x_wconf 79' lang='lat' dir='ltr'><strong>navigatio,</strong></span> <span class='ocrx_word' id='word_1_698' title='bbox 3285 2976 3464 3029; x_wconf 81' lang='lat' dir='ltr'><strong>admo-</strong></span> 
     </span>
    </p>
   </div>
   <div class='ocr_carea' id='block_1_92' title="bbox 1875 3057 3462 3135">
    <p class='ocr_par' dir='ltr' id='par_1_92' title="bbox 1875 3057 3462 3135">
     <span class='ocr_line' id='line_1_92' title="bbox 1875 3057 3462 3135; baseline 0.006 -25"><span class='ocrx_word' id='word_1_699' title='bbox 1875 3057 2021 3111; x_wconf 81' lang='lat' dir='ltr'><strong>nebat</strong></span> <span class='ocrx_word' id='word_1_700' title='bbox 2050 3075 2132 3112; x_wconf 86' lang='lat' dir='ltr'><strong>eos</strong></span> <span class='ocrx_word' id='word_1_701' title='bbox 2162 3058 2373 3127; x_wconf 80' lang='lat' dir='ltr'><strong>Paulus,</strong></span> <span class='ocrx_word' id='word_1_702' title='bbox 2402 3062 2573 3116; x_wconf 84' lang='lat' dir='ltr'><strong>dicens</strong></span> <span class='ocrx_word' id='word_1_703' title='bbox 2597 3078 2616 3117; x_wconf 89' lang='lat'><strong><em>:</em></strong></span> <span class='ocrx_word' id='word_1_704' title='bbox 2645 3062 2777 3129; x_wconf 86' lang='lat' dir='ltr'><strong>Viri,</strong></span> <span class='ocrx_word' id='word_1_705' title='bbox 2808 3064 2951 3118; x_wconf 84' lang='lat' dir='ltr'><strong>video</strong></span> <span class='ocrx_word' id='word_1_706' title='bbox 2971 3066 3106 3135; x_wconf 87' lang='lat' dir='ltr'><strong>quod</strong></span> <span class='ocrx_word' id='word_1_707' title='bbox 3127 3083 3239 3118; x_wconf 88' lang='lat' dir='ltr'><strong>cum</strong></span> <span class='ocrx_word' id='word_1_708' title='bbox 3269 3067 3462 3135; x_wconf 84' lang='lat' dir='ltr'><strong>injuria</strong></span> 
     </span>
    </p>
   </div>
   <div class='ocr_carea' id='block_1_93' title="bbox 1876 3149 3461 3226">
    <p class='ocr_par' dir='ltr' id='par_1_93' title="bbox 1876 3149 3461 3226">
     <span class='ocr_line' id='line_1_93' title="bbox 1876 3149 3461 3226; baseline 0.009 -26"><span class='ocrx_word' id='word_1_709' title='bbox 1876 3158 1919 3201; x_wconf 88' lang='lat' dir='ltr'><strong>et</strong></span> <span class='ocrx_word' id='word_1_710' title='bbox 1945 3149 2131 3205; x_wconf 88' lang='lat' dir='ltr'><strong>damno</strong></span> <span class='ocrx_word' id='word_1_711' title='bbox 2159 3154 2335 3223; x_wconf 81' lang='lat' dir='ltr'><strong>futura</strong></span> <span class='ocrx_word' id='word_1_712' title='bbox 2363 3154 2426 3207; x_wconf 79' lang='lat' dir='ltr'><strong>sit</strong></span> <span class='ocrx_word' id='word_1_713' title='bbox 2448 3155 2720 3222; x_wconf 79' lang='lat' dir='ltr'><strong>navigatio.</strong></span> <span class='ocrx_word' id='word_1_714' title='bbox 2755 3155 2889 3211; x_wconf 83' lang='lat' dir='ltr'><strong>Vide</strong></span> <span class='ocrx_word' id='word_1_715' title='bbox 2912 3172 3069 3226; x_wconf 88' lang='lat' dir='ltr'><strong>quam</strong></span> <span class='ocrx_word' id='word_1_716' title='bbox 3102 3158 3173 3212; x_wconf 90' lang='lat' dir='ltr'><strong>sit</strong></span> <span class='ocrx_word' id='word_1_717' title='bbox 3199 3160 3404 3215; x_wconf 88' lang='lat' dir='ltr'><strong>alienus</strong></span> <span class='ocrx_word' id='word_1_718' title='bbox 3430 3176 3461 3215; x_wconf 84' lang='lat' dir='ltr'><strong>a</strong></span> 
     </span>
    </p>
   </div>
   <div class='ocr_carea' id='block_1_94' title="bbox 1876 3238 3461 3321">
    <p class='ocr_par' dir='ltr' id='par_1_94' title="bbox 1876 3238 3461 3321">
     <span class='ocr_line' id='line_1_94' title="bbox 1876 3238 3461 3321; baseline 0.009 -28"><span class='ocrx_word' id='word_1_719' title='bbox 1876 3238 2151 3297; x_wconf 71' lang='lat' dir='ltr'><strong>fastuane</strong></span> <span class='ocrx_word' id='word_1_720' title='bbox 2190 3244 2509 3312; x_wconf 90' lang='lat' dir='ltr'><strong>prophetare</strong></span> <span class='ocrx_word' id='word_1_721' title='bbox 2532 3247 2792 3314; x_wconf 86' lang='lat' dir='ltr'><strong>videatur,</strong></span> <span class='ocrx_word' id='word_1_722' title='bbox 2838 3249 2932 3303; x_wconf 90' lang='lat' dir='ltr'><strong>sed</strong></span> <span class='ocrx_word' id='word_1_723' title='bbox 2977 3251 3128 3320; x_wconf 89' lang='lat' dir='ltr'><strong>quasi</strong></span> <span class='ocrx_word' id='word_1_724' title='bbox 3174 3267 3243 3306; x_wconf 83' lang='lat' dir='ltr'><strong>ex</strong></span> <span class='ocrx_word' id='word_1_725' title='bbox 3275 3253 3461 3321; x_wconf 86' lang='lat' dir='ltr'><strong>conje-</strong></span> 
     </span>
    </p>
   </div>
   <div class='ocr_carea' id='block_1_95' title="bbox 1872 3333 3457 3411">
    <p class='ocr_par' dir='ltr' id='par_1_95' title="bbox 1872 3333 3457 3411">
     <span class='ocr_line' id='line_1_95' title="bbox 1872 3333 3457 3411; baseline 0.009 -26"><span class='ocrx_word' id='word_1_726' title='bbox 1872 3339 2023 3386; x_wconf 90' lang='lat' dir='ltr'><strong>ctura</strong></span> <span class='ocrx_word' id='word_1_727' title='bbox 2049 3333 2228 3388; x_wconf 90' lang='lat' dir='ltr'><strong>dicere</strong></span> <span class='ocrx_word' id='word_1_728' title='bbox 2256 3352 2268 3387; x_wconf 91' lang='lat'><strong>:</strong></span> <span class='ocrx_word' id='word_1_729' title='bbox 2302 3334 2481 3401; x_wconf 82' lang='lat' dir='ltr'><strong>Video,</strong></span> <span class='ocrx_word' id='word_1_730' title='bbox 2512 3338 2681 3407; x_wconf 92' lang='lat' dir='ltr'><strong>inquit</strong></span> <span class='ocrx_word' id='word_1_731' title='bbox 2707 3357 2721 3393; x_wconf 88' lang='lat'><strong>:</strong></span> <span class='ocrx_word' id='word_1_732' title='bbox 2748 3354 2853 3394; x_wconf 91' lang='lat' dir='ltr'><strong>non</strong></span> <span class='ocrx_word' id='word_1_733' title='bbox 2890 3340 3033 3395; x_wconf 89' lang='lat' dir='ltr'><strong>enim</strong></span> <span class='ocrx_word' id='word_1_734' title='bbox 3073 3344 3457 3411; x_wconf 86' lang='lat' dir='ltr'><strong>suscepissent,</strong></span> 
     </span>
    </p>
   </div>
   <div class='ocr_carea' id='block_1_96' title="bbox 1873 3424 3461 3502">
    <p class='ocr_par' dir='ltr' id='par_1_96' title="bbox 1873 3424 3461 3502">
     <span class='ocr_line' id='line_1_96' title="bbox 1873 3424 3461 3502; baseline 0.007 -25"><span class='ocrx_word' id='word_1_735' title='bbox 1873 3424 2052 3479; x_wconf 87' lang='lat' dir='ltr'><strong>statim</strong></span> <span class='ocrx_word' id='word_1_736' title='bbox 2098 3425 2146 3481; x_wconf 88' lang='lat' dir='ltr'><strong>si</strong></span> <span class='ocrx_word' id='word_1_737' title='bbox 2192 3426 2309 3482; x_wconf 69' lang='lat' dir='ltr'><strong>hmo</strong></span> <span class='ocrx_word' id='word_1_738' title='bbox 2359 3427 2603 3484; x_wconf 80' lang='lat' dir='ltr'><strong>dixisset.</strong></span> <span class='ocrx_word' id='word_1_739' title='bbox 2651 3429 2807 3485; x_wconf 88' lang='lat' dir='ltr'><strong>Prius</strong></span> <span class='ocrx_word' id='word_1_740' title='bbox 2858 3431 3019 3501; x_wconf 87' lang='lat' dir='ltr'><strong>igitur</strong></span> <span class='ocrx_word' id='word_1_741' title='bbox 3072 3434 3356 3502; x_wconf 86' lang='lat' dir='ltr'><strong>prophetat</strong></span> <span class='ocrx_word' id='word_1_742' title='bbox 3405 3444 3461 3489; x_wconf 89' lang='lat' dir='ltr'><strong>et</strong></span> 
     </span>
    </p>
   </div>
   <div class='ocr_carea' id='block_1_97' title="bbox 1872 3518 3461 3594">
    <p class='ocr_par' dir='ltr' id='par_1_97' title="bbox 1872 3518 3461 3594">
     <span class='ocr_line' id='line_1_97' title="bbox 1872 3518 3461 3594; baseline 0.006 -21"><span class='ocrx_word' id='word_1_743' title='bbox 1872 3518 2294 3594; x_wconf 75' lang='lat' dir='ltr'><strong>dicit:‘[Deus,</strong></span> <span class='ocrx_word' id='word_1_744' title='bbox 2337 3524 2420 3577; x_wconf 88' lang='lat' dir='ltr'><strong>cui</strong></span> <span class='ocrx_word' id='word_1_745' title='bbox 2462 3526 2642 3592; x_wconf 83' lang='lat' dir='ltr'><strong>servio,</strong></span> <span class='ocrx_word' id='word_1_746' title='bbox 2690 3523 2947 3581; x_wconf 89' lang='lat' dir='ltr'><strong>inducens</strong></span> <span class='ocrx_word' id='word_1_747' title='bbox 3000 3526 3137 3581; x_wconf 91' lang='lat' dir='ltr'><strong>illos.</strong></span> <span class='ocrx_word' id='word_1_748' title='bbox 3180 3527 3461 3593; x_wconf 87' lang='lat' dir='ltr'><strong>Quomodo</strong></span> 
     </span>
    </p>
   </div>
   <div class='ocr_carea' id='block_1_98' title="bbox 1873 3609 3460 3687">
    <p class='ocr_par' dir='ltr' id='par_1_98' title="bbox 1873 3609 3460 3687">
     <span class='ocr_line' id='line_1_98' title="bbox 1873 3609 3460 3687; baseline 0.006 -25"><span class='ocrx_word' id='word_1_749' title='bbox 1873 3609 2035 3679; x_wconf 86' lang='lat' dir='ltr'><strong>igitur</strong></span> <span class='ocrx_word' id='word_1_750' title='bbox 2064 3611 2179 3667; x_wconf 90' lang='lat' dir='ltr'><strong>sine</strong></span> <span class='ocrx_word' id='word_1_751' title='bbox 2196 3612 2403 3681; x_wconf 88' lang='lat' dir='ltr'><strong>jactura</strong></span> <span class='ocrx_word' id='word_1_752' title='bbox 2444 3615 2747 3669; x_wconf 91' lang='lat' dir='ltr'><strong>animarum</strong></span> <span class='ocrx_word' id='word_1_753' title='bbox 2779 3631 2866 3671; x_wconf 89' lang='lat' dir='ltr'><strong>res</strong></span> <span class='ocrx_word' id='word_1_754' title='bbox 2905 3626 3054 3687; x_wconf 89' lang='lat' dir='ltr'><strong>gesta</strong></span> <span class='ocrx_word' id='word_1_755' title='bbox 3093 3618 3215 3672; x_wconf 85' lang='lat' dir='ltr'><strong>est?</strong></span> <span class='ocrx_word' id='word_1_756' title='bbox 3242 3618 3460 3672; x_wconf 72' lang='lat' dir='ltr'><strong>iactura</strong></span> 
     </span>
    </p>
   </div>
   <div class='ocr_carea' id='block_1_99' title="bbox 1872 3700 3461 3780">
    <p class='ocr_par' dir='ltr' id='par_1_99' title="bbox 1872 3700 3461 3780">
     <span class='ocr_line' id='line_1_99' title="bbox 1872 3700 3461 3780; baseline 0.007 -27"><span class='ocrx_word' id='word_1_757' title='bbox 1872 3700 2009 3755; x_wconf 92' lang='lat' dir='ltr'><strong>facta</strong></span> <span class='ocrx_word' id='word_1_758' title='bbox 2048 3711 2193 3756; x_wconf 90' lang='lat' dir='ltr'><strong>esset</strong></span> <span class='ocrx_word' id='word_1_759' title='bbox 2236 3703 2334 3757; x_wconf 90' lang='lat' dir='ltr'><strong>nisi</strong></span> <span class='ocrx_word' id='word_1_760' title='bbox 2381 3714 2648 3760; x_wconf 85' lang='lat' dir='ltr'><strong>servasset</strong></span> <span class='ocrx_word' id='word_1_761' title='bbox 2689 3704 2875 3780; x_wconf 89' lang='lat' dir='ltr'><strong>Deus.]</strong></span> <span class='ocrx_word' id='word_1_762' title='bbox 2901 3708 3166 3774; x_wconf 85' lang='lat' dir='ltr'><strong>Quantum</strong></span> <span class='ocrx_word' id='word_1_763' title='bbox 3212 3710 3353 3763; x_wconf 91' lang='lat' dir='ltr'><strong>enim</strong></span> <span class='ocrx_word' id='word_1_764' title='bbox 3391 3709 3461 3764; x_wconf 90' lang='lat' dir='ltr'><strong>ad</strong></span> 
     </span>
    </p>
   </div>
   <div class='ocr_carea' id='block_1_100' title="bbox 1873 3792 3449 3868">
    <p class='ocr_par' dir='ltr' id='par_1_100' title="bbox 1873 3792 3449 3868">
     <span class='ocr_line' id='line_1_100' title="bbox 1873 3792 3449 3868; baseline 0.006 -25"><span class='ocrx_word' id='word_1_765' title='bbox 1873 3800 2115 3845; x_wconf 89' lang='lat' dir='ltr'><strong>naturam</strong></span> <span class='ocrx_word' id='word_1_766' title='bbox 2150 3792 2248 3857; x_wconf 91' lang='lat' dir='ltr'><strong>rei,</strong></span> <span class='ocrx_word' id='word_1_767' title='bbox 2277 3807 2463 3847; x_wconf 91' lang='lat' dir='ltr'><strong>omnes</strong></span> <span class='ocrx_word' id='word_1_768' title='bbox 2490 3796 2795 3864; x_wconf 88' lang='lat' dir='ltr'><strong>periissent,</strong></span> <span class='ocrx_word' id='word_1_769' title='bbox 2836 3796 2932 3851; x_wconf 84' lang='lat' dir='ltr'><strong>sed</strong></span> <span class='ocrx_word' id='word_1_770' title='bbox 2974 3799 3115 3854; x_wconf 90' lang='lat' dir='ltr'><strong>Deus</strong></span> <span class='ocrx_word' id='word_1_771' title='bbox 3153 3799 3449 3868; x_wconf 79' lang='lat' dir='ltr'><strong>impedivit.</strong></span> 
     </span>
    </p>
   </div>
   <div class='ocr_carea' id='block_1_101' title="bbox 1870 3881 3455 3959">
    <p class='ocr_par' dir='ltr' id='par_1_101' title="bbox 1870 3881 3455 3959">
     <span class='ocr_line' id='line_1_101' title="bbox 1870 3881 3455 3959; baseline 0.003 -21"><span class='ocrx_word' id='word_1_772' title='bbox 1870 3881 2109 3938; x_wconf 64' lang='lat' dir='ltr'><strong>Centurio</strong></span> <span class='ocrx_word' id='word_1_773' title='bbox 2161 3894 2349 3945; x_wconf 86' lang='lat' dir='ltr'><strong>autem,</strong></span> <span class='ocrx_word' id='word_1_774' title='bbox 2392 3884 2583 3953; x_wconf 89' lang='lat' dir='ltr'><strong>inquit,</strong></span> <span class='ocrx_word' id='word_1_775' title='bbox 2632 3886 2959 3956; x_wconf 73' lang='lat' dir='ltr'><strong>gubernatori</strong></span> <span class='ocrx_word' id='word_1_776' title='bbox 3000 3890 3162 3959; x_wconf 87' lang='lat' dir='ltr'><strong>magis</strong></span> <span class='ocrx_word' id='word_1_777' title='bbox 3214 3891 3455 3957; x_wconf 85' lang='lat' dir='ltr'><strong>credidit,</strong></span> 
     </span>
    </p>
   </div>
   <div class='ocr_carea' id='block_1_102' title="bbox 1870 3974 3455 4047">
    <p class='ocr_par' dir='ltr' id='par_1_102' title="bbox 1870 3974 3455 4047">
     <span class='ocr_line' id='line_1_102' title="bbox 1870 3974 3455 4047; baseline 0.005 -21"><span class='ocrx_word' id='word_1_778' title='bbox 1870 3993 2021 4047; x_wconf 85' lang='lat' dir='ltr'><strong>quam</strong></span> <span class='ocrx_word' id='word_1_779' title='bbox 2044 3976 2105 4029; x_wconf 88' lang='lat' dir='ltr'><strong>iis</strong></span> <span class='ocrx_word' id='word_1_780' title='bbox 2129 3992 2241 4046; x_wconf 80' lang='lat' dir='ltr'><strong>qua:</strong></span> <span class='ocrx_word' id='word_1_781' title='bbox 2258 3994 2288 4028; x_wconf 90' lang='lat' dir='ltr'><strong>a</strong></span> <span class='ocrx_word' id='word_1_782' title='bbox 2318 3974 2485 4030; x_wconf 81' lang='lat' dir='ltr'><strong>Paulo</strong></span> <span class='ocrx_word' id='word_1_783' title='bbox 2507 3977 2820 4034; x_wconf 80' lang='lat' dir='ltr'><strong>dicebantur.</strong></span> <span class='ocrx_word' id='word_1_784' title='bbox 2846 3979 2913 4034; x_wconf 91' lang='lat' dir='ltr'><strong>Ut</strong></span> <span class='ocrx_word' id='word_1_785' title='bbox 2938 3980 3311 4035; x_wconf 89' lang='lat' dir='ltr'><strong>ostenderetur</strong></span> <span class='ocrx_word' id='word_1_786' title='bbox 3333 3997 3455 4035; x_wconf 91' lang='lat' dir='ltr'><strong>eum</strong></span> 
     </span>
    </p>
   </div>
   <div class='ocr_carea' id='block_1_103' title="bbox 1872 4070 3456 4142">
    <p class='ocr_par' dir='ltr' id='par_1_103' title="bbox 1872 4070 3456 4142">
     <span class='ocr_line' id='line_1_103' title="bbox 1872 4070 3456 4142; baseline 0.003 -19"><span class='ocrx_word' id='word_1_787' title='bbox 1872 4087 1975 4124; x_wconf 91' lang='lat' dir='ltr'><strong>non</strong></span> <span class='ocrx_word' id='word_1_788' title='bbox 2004 4086 2071 4125; x_wconf 84' lang='lat' dir='ltr'><strong>ex</strong></span> <span class='ocrx_word' id='word_1_789' title='bbox 2106 4070 2412 4140; x_wconf 88' lang='lat' dir='ltr'><strong>conjectura</strong></span> <span class='ocrx_word' id='word_1_790' title='bbox 2441 4070 2554 4125; x_wconf 77' lang='lat' dir='ltr'><strong>htec</strong></span> <span class='ocrx_word' id='word_1_791' title='bbox 2580 4070 2801 4138; x_wconf 81' lang='lat' dir='ltr'><strong>dixisse,</strong></span> <span class='ocrx_word' id='word_1_792' title='bbox 2830 4072 3158 4142; x_wconf 89' lang='lat' dir='ltr'><strong>gubernator</strong></span> <span class='ocrx_word' id='word_1_793' title='bbox 3184 4074 3456 4128; x_wconf 86' lang='lat' dir='ltr'><strong>contraria</strong></span> 
     </span>
    </p>
   </div>
   <div class='ocr_carea' id='block_1_104' title="bbox 1870 4162 3455 4231">
    <p class='ocr_par' dir='ltr' id='par_1_104' title="bbox 1870 4162 3455 4231">
     <span class='ocr_line' id='line_1_104' title="bbox 1870 4162 3455 4231; baseline 0.001 -14"><span class='ocrx_word' id='word_1_794' title='bbox 1870 4162 2017 4229; x_wconf 89' lang='lat' dir='ltr'><strong>dicit,</strong></span> <span class='ocrx_word' id='word_1_795' title='bbox 2063 4177 2184 4217; x_wconf 90' lang='lat' dir='ltr'><strong>cum</strong></span> <span class='ocrx_word' id='word_1_796' title='bbox 2229 4162 2307 4216; x_wconf 90' lang='lat' dir='ltr'><strong>rei</strong></span> <span class='ocrx_word' id='word_1_797' title='bbox 2349 4163 2552 4231; x_wconf 89' lang='lat' dir='ltr'><strong>peritus</strong></span> <span class='ocrx_word' id='word_1_798' title='bbox 2592 4162 2877 4217; x_wconf 87' lang='lat' dir='ltr'><strong>esset:sic</strong></span> <span class='ocrx_word' id='word_1_799' title='bbox 2918 4176 3022 4217; x_wconf 89' lang='lat' dir='ltr'><strong>non</strong></span> <span class='ocrx_word' id='word_1_800' title='bbox 3053 4178 3118 4218; x_wconf 85' lang='lat' dir='ltr'><strong>ex</strong></span> <span class='ocrx_word' id='word_1_801' title='bbox 3149 4162 3455 4231; x_wconf 89' lang='lat' dir='ltr'><strong>conjectura</strong></span> 
     </span>
    </p>
   </div>
   <div class='ocr_carea' id='block_1_105' title="bbox 1871 4252 3463 4325">
    <p class='ocr_par' dir='ltr' id='par_1_105' title="bbox 1871 4252 3463 4325">
     <span class='ocr_line' id='line_1_105' title="bbox 1871 4252 3463 4325; baseline -0.002 -17"><span class='ocrx_word' id='word_1_802' title='bbox 1871 4254 1984 4308; x_wconf 60' lang='lat' dir='ltr'><strong>haec</strong></span> <span class='ocrx_word' id='word_1_803' title='bbox 2009 4254 2341 4308; x_wconf 90' lang='lat' dir='ltr'><strong>dicebantur.</strong></span> <span class='ocrx_word' id='word_1_804' title='bbox 2372 4252 2438 4305; x_wconf 87' lang='lat' dir='ltr'><strong>Et</strong></span> <span class='ocrx_word' id='word_1_805' title='bbox 2470 4270 2587 4307; x_wconf 87' lang='lat' dir='ltr'><strong>cum</strong></span> <span class='ocrx_word' id='word_1_806' title='bbox 2612 4262 2784 4325; x_wconf 85' lang='lat' dir='ltr'><strong>aptus,</strong></span> <span class='ocrx_word' id='word_1_807' title='bbox 2818 4253 3009 4323; x_wconf 91' lang='lat' dir='ltr'><strong>inquit,</strong></span> <span class='ocrx_word' id='word_1_808' title='bbox 3041 4270 3143 4308; x_wconf 89' lang='lat' dir='ltr'><strong>non</strong></span> <span class='ocrx_word' id='word_1_809' title='bbox 3179 4263 3306 4307; x_wconf 71' lang='lat' dir='ltr'><strong>esset</strong></span> <span class='ocrx_word' id='word_1_810' title='bbox 3333 4268 3463 4322; x_wconf 87' lang='lat' dir='ltr'><strong>pon-</strong></span> 
     </span>
    </p>
   </div>
   <div class='ocr_carea' id='block_1_106' title="bbox 1871 4344 3454 4414">
    <p class='ocr_par' dir='ltr' id='par_1_106' title="bbox 1871 4344 3454 4414">
     <span class='ocr_line' id='line_1_106' title="bbox 1871 4344 3454 4414; baseline -0.001 -15"><span class='ocrx_word' id='word_1_811' title='bbox 1871 4357 1971 4400; x_wconf 84' lang='lat' dir='ltr'><strong>tus.</strong></span> <span class='ocrx_word' id='word_1_812' title='bbox 2014 4345 2171 4411; x_wconf 83' lang='lat' dir='ltr'><strong>Vide,</strong></span> <span class='ocrx_word' id='word_1_813' title='bbox 2201 4344 2349 4399; x_wconf 89' lang='lat' dir='ltr'><strong>locus</strong></span> <span class='ocrx_word' id='word_1_814' title='bbox 2398 4344 2512 4414; x_wconf 87' lang='lat' dir='ltr'><strong>ipse</strong></span> <span class='ocrx_word' id='word_1_815' title='bbox 2557 4344 2716 4399; x_wconf 90' lang='lat' dir='ltr'><strong>docet</strong></span> <span class='ocrx_word' id='word_1_816' title='bbox 2758 4344 2849 4399; x_wconf 89' lang='lat' dir='ltr'><strong>illa</strong></span> <span class='ocrx_word' id='word_1_817' title='bbox 2896 4359 3002 4398; x_wconf 90' lang='lat' dir='ltr'><strong>non</strong></span> <span class='ocrx_word' id='word_1_818' title='bbox 3039 4360 3104 4399; x_wconf 84' lang='lat' dir='ltr'><strong>ex</strong></span> <span class='ocrx_word' id='word_1_819' title='bbox 3145 4345 3454 4411; x_wconf 80' lang='lat' dir='ltr'><strong>conjectura</strong></span> 
     </span>
    </p>
   </div>
   <div class='ocr_carea' id='block_1_107' title="bbox 1869 4433 3454 4504">
    <p class='ocr_par' dir='ltr' id='par_1_107' title="bbox 1869 4433 3454 4504">
     <span class='ocr_line' id='line_1_107' title="bbox 1869 4433 3454 4504; baseline -0.003 -11"><span class='ocrx_word' id='word_1_820' title='bbox 1869 4438 2008 4493; x_wconf 89' lang='lat' dir='ltr'><strong>dicta</strong></span> <span class='ocrx_word' id='word_1_821' title='bbox 2042 4436 2224 4501; x_wconf 85' lang='lat' dir='ltr'><strong>luisse,</strong></span> <span class='ocrx_word' id='word_1_822' title='bbox 2273 4451 2394 4491; x_wconf 89' lang='lat' dir='ltr'><strong>cum</strong></span> <span class='ocrx_word' id='word_1_823' title='bbox 2441 4443 2596 4504; x_wconf 90' lang='lat' dir='ltr'><strong>aptus</strong></span> <span class='ocrx_word' id='word_1_824' title='bbox 2640 4449 2747 4489; x_wconf 92' lang='lat' dir='ltr'><strong>non</strong></span> <span class='ocrx_word' id='word_1_825' title='bbox 2790 4434 3105 4490; x_wconf 86' lang='lat' dir='ltr'><strong>esset:imo</strong></span> <span class='ocrx_word' id='word_1_826' title='bbox 3144 4433 3356 4504; x_wconf 90' lang='lat' dir='ltr'><strong>plurimi</strong></span> <span class='ocrx_word' id='word_1_827' title='bbox 3387 4448 3454 4488; x_wconf 87' lang='lat' dir='ltr'><strong>ex</strong></span> 
     </span>
    </p>
   </div>
   <div class='ocr_carea' id='block_1_108' title="bbox 1870 4524 3454 4596">
    <p class='ocr_par' dir='ltr' id='par_1_108' title="bbox 1870 4524 3454 4596">
     <span class='ocr_line' id='line_1_108' title="bbox 1870 4524 3454 4596; baseline -0.002 -14"><span class='ocrx_word' id='word_1_828' title='bbox 1870 4528 1976 4583; x_wconf 90' lang='lat' dir='ltr'><strong>illis</strong></span> <span class='ocrx_word' id='word_1_829' title='bbox 2004 4544 2069 4583; x_wconf 85' lang='lat' dir='ltr'><strong>ex</strong></span> <span class='ocrx_word' id='word_1_830' title='bbox 2097 4527 2404 4596; x_wconf 88' lang='lat' dir='ltr'><strong>conjectura</strong></span> <span class='ocrx_word' id='word_1_831' title='bbox 2435 4525 2638 4596; x_wconf 92' lang='lat' dir='ltr'><strong>loquuti</strong></span> <span class='ocrx_word' id='word_1_832' title='bbox 2667 4524 2935 4591; x_wconf 88' lang='lat' dir='ltr'><strong>videntur,</strong></span> <span class='ocrx_word' id='word_1_833' title='bbox 2960 4524 3051 4596; x_wconf 91' lang='lat' dir='ltr'><strong>qui</strong></span> <span class='ocrx_word' id='word_1_834' title='bbox 3087 4525 3210 4579; x_wconf 90' lang='lat' dir='ltr'><strong>inde</strong></span> <span class='ocrx_word' id='word_1_835' title='bbox 3238 4525 3454 4579; x_wconf 84' lang='lat' dir='ltr'><strong>solven-</strong></span> 
     </span>
    </p>
   </div>
   <div class='ocr_carea' id='block_1_109' title="bbox 1868 4616 3456 4687">
    <p class='ocr_par' dir='ltr' id='par_1_109' title="bbox 1868 4616 3456 4687">
     <span class='ocr_line' id='line_1_109' title="bbox 1868 4616 3456 4687; baseline -0.001 -14"><span class='ocrx_word' id='word_1_836' title='bbox 1868 4619 1995 4673; x_wconf 92' lang='lat' dir='ltr'><strong>dum</strong></span> <span class='ocrx_word' id='word_1_837' title='bbox 2037 4618 2366 4676; x_wconf 90' lang='lat' dir='ltr'><strong>suadebant:</strong></span> <span class='ocrx_word' id='word_1_838' title='bbox 2400 4616 2495 4671; x_wconf 89' lang='lat' dir='ltr'><strong>sed</strong></span> <span class='ocrx_word' id='word_1_839' title='bbox 2528 4616 2658 4671; x_wconf 90' lang='lat' dir='ltr'><strong>nihil</strong></span> <span class='ocrx_word' id='word_1_840' title='bbox 2706 4617 2835 4686; x_wconf 91' lang='lat' dir='ltr'><strong>ipsis</strong></span> <span class='ocrx_word' id='word_1_841' title='bbox 2877 4616 3111 4687; x_wconf 88' lang='lat' dir='ltr'><strong>profuit;</strong></span> <span class='ocrx_word' id='word_1_842' title='bbox 3154 4617 3456 4672; x_wconf 88' lang='lat' dir='ltr'><strong>inciderunt</strong></span> 
     </span>
    </p>
   </div>
   <div class='ocr_carea' id='block_1_110' title="bbox 1868 4708 3456 4778">
    <p class='ocr_par' dir='ltr' id='par_1_110' title="bbox 1868 4708 3456 4778">
     <span class='ocr_line' id='line_1_110' title="bbox 1868 4708 3456 4778; baseline -0.001 -14"><span class='ocrx_word' id='word_1_843' title='bbox 1868 4711 2011 4764; x_wconf 89' lang='lat' dir='ltr'><strong>enim</strong></span> <span class='ocrx_word' id='word_1_844' title='bbox 2040 4710 2091 4763; x_wconf 89' lang='lat' dir='ltr'><strong>in</strong></span> <span class='ocrx_word' id='word_1_845' title='bbox 2121 4717 2513 4778; x_wconf 90' lang='lat' dir='ltr'><strong>tempestatem,</strong></span> <span class='ocrx_word' id='word_1_846' title='bbox 2542 4717 2595 4762; x_wconf 92' lang='lat' dir='ltr'><strong>et</strong></span> <span class='ocrx_word' id='word_1_847' title='bbox 2620 4708 2881 4777; x_wconf 89' lang='lat' dir='ltr'><strong>jacturam</strong></span> <span class='ocrx_word' id='word_1_848' title='bbox 2923 4722 3107 4761; x_wconf 88' lang='lat' dir='ltr'><strong>eorum</strong></span> <span class='ocrx_word' id='word_1_849' title='bbox 3144 4723 3262 4776; x_wconf 72' lang='lat' dir='ltr'><strong>qua:</strong></span> <span class='ocrx_word' id='word_1_850' title='bbox 3293 4708 3456 4763; x_wconf 83' lang='lat' dir='ltr'><strong>vehe-</strong></span> 
     </span>
    </p>
   </div>
   <div class='ocr_carea' id='block_1_111' title="bbox 1866 4795 3453 4854">
    <p class='ocr_par' dir='ltr' id='par_1_111' title="bbox 1866 4795 3453 4854">
     <span class='ocr_line' id='line_1_111' title="bbox 1866 4795 3453 4854; baseline -0.005 0"><span class='ocrx_word' id='word_1_851' title='bbox 1866 4799 1996 4854; x_wconf 90' lang='lat' dir='ltr'><strong>bant</strong></span> <span class='ocrx_word' id='word_1_852' title='bbox 2023 4799 2238 4853; x_wconf 88' lang='lat' dir='ltr'><strong>faciunt.</strong></span> <span class='ocrx_word' id='word_1_853' title='bbox 2272 4797 2396 4853; x_wconf 88' lang='lat' dir='ltr'><strong>ideo</strong></span> <span class='ocrx_word' id='word_1_854' title='bbox 2428 4797 2542 4851; x_wconf 69' lang='lat' dir='ltr'><strong>hanc</strong></span> <span class='ocrx_word' id='word_1_855' title='bbox 2569 4798 2638 4851; x_wconf 90' lang='lat' dir='ltr'><strong>ita</strong></span> <span class='ocrx_word' id='word_1_856' title='bbox 2659 4796 2897 4851; x_wconf 90' lang='lat' dir='ltr'><strong>declarat</strong></span> <span class='ocrx_word' id='word_1_857' title='bbox 2926 4795 3087 4851; x_wconf 88' lang='lat' dir='ltr'><strong>:Cum</strong></span> <span class='ocrx_word' id='word_1_858' title='bbox 3114 4807 3278 4849; x_wconf 86' lang='lat' dir='ltr'><strong>autem</strong></span> <span class='ocrx_word' id='word_1_859' title='bbox 3307 4796 3453 4847; x_wconf 80' lang='lat' dir='ltr'><strong>vehe-</strong></span> 
     </span>
    </p>
   </div>
   <div class='ocr_carea' id='block_1_112' title="bbox 1868 4886 3451 4962">
    <p class='ocr_par' dir='ltr' id='par_1_112' title="bbox 1868 4886 3451 4962">
     <span class='ocr_line' id='line_1_112' title="bbox 1868 4886 3451 4962; baseline -0.005 -16"><span class='ocrx_word' id='word_1_860' title='bbox 1868 4892 2020 4947; x_wconf 87' lang='lat' dir='ltr'><strong>menti</strong></span> <span class='ocrx_word' id='word_1_861' title='bbox 2056 4901 2346 4962; x_wconf 85' lang='lat' dir='ltr'><strong>tempestate</strong></span> <span class='ocrx_word' id='word_1_862' title='bbox 2372 4892 2699 4959; x_wconf 79' lang='lat' dir='ltr'><strong>iactarentur,</strong></span> <span class='ocrx_word' id='word_1_863' title='bbox 2741 4888 2962 4959; x_wconf 87' lang='lat' dir='ltr'><strong>propriis</strong></span> <span class='ocrx_word' id='word_1_864' title='bbox 3009 4886 3239 4940; x_wconf 84' lang='lat' dir='ltr'><strong>manibus</strong></span> <span class='ocrx_word' id='word_1_865' title='bbox 3278 4901 3451 4939; x_wconf 83' lang='lat' dir='ltr'><strong>arma-</strong></span> 
     </span>
    </p>
   </div>
   <div class='ocr_carea' id='block_1_113' title="bbox 1867 4978 3450 5055">
    <p class='ocr_par' dir='ltr' id='par_1_113' title="bbox 1867 4978 3450 5055">
     <span class='ocr_line' id='line_1_113' title="bbox 1867 4978 3450 5055; baseline -0.005 -16"><span class='ocrx_word' id='word_1_866' title='bbox 1867 4995 2033 5039; x_wconf 86' lang='lat' dir='ltr'><strong>menta</strong></span> <span class='ocrx_word' id='word_1_867' title='bbox 2063 4986 2203 5038; x_wconf 82' lang='lat' dir='ltr'><strong>navis</strong></span> <span class='ocrx_word' id='word_1_868' title='bbox 2240 4984 2564 5055; x_wconf 81' lang='lat' dir='ltr'><strong>projecimns.</strong></span> <span class='ocrx_word' id='word_1_869' title='bbox 2596 4980 2673 5035; x_wconf 83' lang='lat' dir='ltr'><strong>Nc</strong></span> <span class='ocrx_word' id='word_1_870' title='bbox 2700 4980 2920 5051; x_wconf 90' lang='lat' dir='ltr'><strong>posthac</strong></span> <span class='ocrx_word' id='word_1_871' title='bbox 2960 4986 3141 5034; x_wconf 88' lang='lat' dir='ltr'><strong>essent</strong></span> <span class='ocrx_word' id='word_1_872' title='bbox 3166 4978 3450 5045; x_wconf 85' lang='lat' dir='ltr'><strong>increduli,</strong></span> 
     </span>
    </p>
   </div>
   <div class='ocr_carea' id='block_1_114' title="bbox 1870 5072 3453 5147">
    <p class='ocr_par' dir='ltr' id='par_1_114' title="bbox 1870 5072 3453 5147">
     <span class='ocr_line' id='line_1_114' title="bbox 1870 5072 3453 5147; baseline -0.004 -14"><span class='ocrx_word' id='word_1_873' title='bbox 1870 5080 1983 5134; x_wconf 61' lang='lat' dir='ltr'><strong>hinc</strong></span> <span class='ocrx_word' id='word_1_874' title='bbox 2011 5078 2122 5133; x_wconf 87' lang='lat' dir='ltr'><strong>fieri</strong></span> <span class='ocrx_word' id='word_1_875' title='bbox 2153 5077 2551 5147; x_wconf 88' lang='lat' dir='ltr'><strong>permittuntur.</strong></span> <span class='ocrx_word' id='word_1_876' title='bbox 2593 5072 2890 5142; x_wconf 83' lang='lat' dir='ltr'><strong>Gravisque</strong></span> <span class='ocrx_word' id='word_1_877' title='bbox 2933 5079 3220 5142; x_wconf 89' lang='lat' dir='ltr'><strong>tempestas</strong></span> <span class='ocrx_word' id='word_1_878' title='bbox 3250 5072 3453 5127; x_wconf 79' lang='lat' dir='ltr'><strong>excita-</strong></span> 
     </span>
    </p>
   </div>
   <div class='ocr_carea' id='block_1_115' title="bbox 1868 5164 3448 5239">
    <p class='ocr_par' dir='ltr' id='par_1_115' title="bbox 1868 5164 3448 5239">
     <span class='ocr_line' id='line_1_115' title="bbox 1868 5164 3448 5239; baseline -0.003 -14"><span class='ocrx_word' id='word_1_879' title='bbox 1868 5180 1974 5238; x_wconf 93' lang='lat' dir='ltr'><strong>tur,</strong></span> <span class='ocrx_word' id='word_1_880' title='bbox 2013 5170 2301 5239; x_wconf 64' lang='lat' dir='ltr'><strong>multaeque</strong></span> <span class='ocrx_word' id='word_1_881' title='bbox 2350 5167 2585 5221; x_wconf 60' lang='lat' dir='ltr'><strong>tenebrae</strong></span> <span class='ocrx_word' id='word_1_882' title='bbox 2632 5165 2783 5219; x_wconf 82' lang='lat' dir='ltr'><strong>fiunt.</strong></span> <span class='ocrx_word' id='word_1_883' title='bbox 2826 5164 3028 5219; x_wconf 91' lang='lat' dir='ltr'><strong>Deinde</strong></span> <span class='ocrx_word' id='word_1_884' title='bbox 3078 5180 3145 5220; x_wconf 91' lang='lat' dir='ltr'><strong>ne</strong></span> <span class='ocrx_word' id='word_1_885' title='bbox 3186 5168 3448 5235; x_wconf 86' lang='lat' dir='ltr'><strong>perirent,</strong></span> 
     </span>
    </p>
   </div>
   <div class='ocr_carea' id='block_1_116' title="bbox 1865 5254 3452 5327">
    <p class='ocr_par' dir='ltr' id='par_1_116' title="bbox 1865 5254 3452 5327">
     <span class='ocr_line' id='line_1_116' title="bbox 1865 5254 3452 5327; baseline -0.002 -11"><span class='ocrx_word' id='word_1_886' title='bbox 1865 5262 2023 5316; x_wconf 89' lang='lat' dir='ltr'><strong>etiam</strong></span> <span class='ocrx_word' id='word_1_887' title='bbox 2065 5261 2296 5314; x_wconf 90' lang='lat' dir='ltr'><strong>triticum</strong></span> <span class='ocrx_word' id='word_1_888' title='bbox 2341 5266 2395 5312; x_wconf 89' lang='lat' dir='ltr'><strong>et</strong></span> <span class='ocrx_word' id='word_1_889' title='bbox 2433 5256 2612 5310; x_wconf 89' lang='lat' dir='ltr'><strong>omnia</strong></span> <span class='ocrx_word' id='word_1_890' title='bbox 2658 5255 2946 5327; x_wconf 91' lang='lat' dir='ltr'><strong>ejiciuntur</strong></span> <span class='ocrx_word' id='word_1_891' title='bbox 2972 5271 2985 5309; x_wconf 92' lang='lat'><strong>:</strong></span> <span class='ocrx_word' id='word_1_892' title='bbox 3016 5254 3119 5310; x_wconf 93' lang='lat' dir='ltr'><strong>hoc</strong></span> <span class='ocrx_word' id='word_1_893' title='bbox 3164 5255 3308 5310; x_wconf 90' lang='lat' dir='ltr'><strong>enim</strong></span> <span class='ocrx_word' id='word_1_894' title='bbox 3345 5256 3452 5313; x_wconf 88' lang='lat' dir='ltr'><strong>sibi</strong></span> 
     </span>
    </p>
   </div>
   <div class='ocr_carea' id='block_1_117' title="bbox 1865 5346 3448 5417">
    <p class='ocr_par' dir='ltr' id='par_1_117' title="bbox 1865 5346 3448 5417">
     <span class='ocr_line' id='line_1_117' title="bbox 1865 5346 3448 5417; baseline -0.005 -8"><span class='ocrx_word' id='word_1_895' title='bbox 1865 5356 1976 5409; x_wconf 84' lang='lat' dir='ltr'><strong>vult</strong></span> <span class='ocrx_word' id='word_1_896' title='bbox 2035 5351 2195 5415; x_wconf 87' lang='lat' dir='ltr'><strong>illud,</strong></span> <span class='ocrx_word' id='word_1_897' title='bbox 2254 5350 2581 5402; x_wconf 81' lang='lat' dir='ltr'><strong>Armamenta</strong></span> <span class='ocrx_word' id='word_1_898' title='bbox 2625 5347 2766 5401; x_wconf 81' lang='lat' dir='ltr'><strong>navis</strong></span> <span class='ocrx_word' id='word_1_899' title='bbox 2804 5347 3061 5417; x_wconf 78' lang='lat' dir='ltr'><strong>ejecimus.</strong></span> <span class='ocrx_word' id='word_1_900' title='bbox 3102 5346 3230 5402; x_wconf 85' lang='lat' dir='ltr'><strong>Cum</strong></span> <span class='ocrx_word' id='word_1_901' title='bbox 3279 5358 3448 5401; x_wconf 81' lang='lat' dir='ltr'><strong>autem</strong></span> 
     </span>
    </p>
   </div>
   <div class='ocr_carea' id='block_1_118' title="bbox 1863 5438 3447 5511">
    <p class='ocr_par' dir='ltr' id='par_1_118' title="bbox 1863 5438 3447 5511">
     <span class='ocr_line' id='line_1_118' title="bbox 1863 5438 3447 5511; baseline 0.002 -20"><span class='ocrx_word' id='word_1_902' title='bbox 1863 5440 2025 5496; x_wconf 86' lang='lat' dir='ltr'><strong>multa</strong></span> <span class='ocrx_word' id='word_1_903' title='bbox 2074 5443 2244 5497; x_wconf 84' lang='lat' dir='ltr'><strong>inedia</strong></span> <span class='ocrx_word' id='word_1_904' title='bbox 2288 5450 2432 5509; x_wconf 86' lang='lat' dir='ltr'><strong>esset,</strong></span> <span class='ocrx_word' id='word_1_905' title='bbox 2475 5440 2603 5495; x_wconf 79' lang='lat' dir='ltr'><strong>dixit</strong></span> <span class='ocrx_word' id='word_1_906' title='bbox 2658 5438 2860 5494; x_wconf 82' lang='lat' dir='ltr'><strong>Paulus</strong></span> <span class='ocrx_word' id='word_1_907' title='bbox 2889 5455 2907 5494; x_wconf 81' lang='lat'><strong>.&#39;</strong></span> <span class='ocrx_word' id='word_1_908' title='bbox 2937 5438 3216 5511; x_wconf 85' lang='lat' dir='ltr'><strong>Oportebat</strong></span> <span class='ocrx_word' id='word_1_909' title='bbox 3259 5454 3447 5494; x_wconf 82' lang='lat' dir='ltr'><strong>morem</strong></span> 
     </span>
    </p>
   </div>
   <div class='ocr_carea' id='block_1_119' title="bbox 1919 5607 3440 5681">
    <p class='ocr_par' dir='ltr' id='par_1_119' title="bbox 1919 5607 3440 5681">
     <span class='ocr_line' id='line_1_119' title="bbox 1919 5607 3440 5681; baseline -0.009 -10"><span class='ocrx_word' id='word_1_910' title='bbox 1919 5624 2064 5670; x_wconf 72' lang='lat' dir='ltr'><strong>&#39;l.oco</strong></span> <span class='ocrx_word' id='word_1_911' title='bbox 2088 5630 2256 5681; x_wconf 87' lang='lat' dir='ltr'><strong>eorum</strong></span> <span class='ocrx_word' id='word_1_912' title='bbox 2276 5628 2503 5681; x_wconf 80' lang='lat' dir='ltr'><strong>omnium</strong></span> <span class='ocrx_word' id='word_1_913' title='bbox 2523 5628 2645 5681; x_wconf 44' lang='lat' dir='ltr'><strong>qua;</strong></span> <span class='ocrx_word' id='word_1_914' title='bbox 2666 5618 2860 5665; x_wconf 85' lang='lat' dir='ltr'><strong>uncinis</strong></span> <span class='ocrx_word' id='word_1_915' title='bbox 2888 5615 3179 5681; x_wconf 81' lang='lat' dir='ltr'><strong>clauduntur</strong></span> <span class='ocrx_word' id='word_1_916' title='bbox 3192 5624 3285 5681; x_wconf 83' lang='lat' dir='ltr'><strong>non</strong></span> <span class='ocrx_word' id='word_1_917' title='bbox 3311 5607 3440 5681; x_wconf 79' lang='lat' dir='ltr'><strong>aliud</strong></span> 
     </span>
    </p>
   </div>
   <div class='ocr_carea' id='block_1_120' title="bbox 1866 5676 3441 5739">
    <p class='ocr_par' dir='ltr' id='par_1_120' title="bbox 1866 5676 3441 5739">
     <span class='ocr_line' id='line_1_120' title="bbox 1866 5676 3441 5739; baseline -0.011 -5"><span class='ocrx_word' id='word_1_918' title='bbox 1866 5684 2077 5734; x_wconf 79' lang='lat' dir='ltr'><strong>efferunt</strong></span> <span class='ocrx_word' id='word_1_919' title='bbox 2100 5680 2395 5729; x_wconf 81' lang='lat' dir='ltr'><strong>Benedictini</strong></span> <span class='ocrx_word' id='word_1_920' title='bbox 2418 5679 2508 5727; x_wconf 84' lang='lat' dir='ltr'><strong>nisi</strong></span> <span class='ocrx_word' id='word_1_921' title='bbox 2534 5676 2667 5739; x_wconf 79' lang='lat' dir='ltr'><strong>illud,</strong></span> <span class='ocrx_word' id='word_1_922' title='bbox 2684 5685 2810 5729; x_wconf 78' lang='lat' dir='ltr'><strong>Deus</strong></span> <span class='ocrx_word' id='word_1_923' title='bbox 2833 5676 3049 5730; x_wconf 72' lang='lat' dir='ltr'><strong>servavit.</strong></span> <span class='ocrx_word' id='word_1_924' title='bbox 3066 5682 3239 5724; x_wconf 76' lang='lat' dir='ltr'><strong>Locum</strong></span> <span class='ocrx_word' id='word_1_925' title='bbox 3255 5676 3441 5725; x_wconf 62' lang='lat' dir='ltr'><strong>meum</strong></span> 
     </span>
    </p>
   </div>
   <div class='ocr_carea' id='block_1_121' title="bbox 1865 5743 2517 5799">
    <p class='ocr_par' dir='ltr' id='par_1_121' title="bbox 1865 5743 2517 5799">
     <span class='ocr_line' id='line_1_121' title="bbox 1865 5743 2517 5799; baseline -0.008 -1"><span class='ocrx_word' id='word_1_926' title='bbox 1865 5751 2074 5799; x_wconf 81' lang='lat' dir='ltr'><strong>ravimus</strong></span> <span class='ocrx_word' id='word_1_927' title='bbox 2095 5758 2123 5794; x_wconf 91' lang='lat' dir='ltr'><strong>c</strong></span> <span class='ocrx_word' id='word_1_928' title='bbox 2147 5743 2340 5796; x_wconf 79' lang='lat' dir='ltr'><strong>duobus</strong></span> <span class='ocrx_word' id='word_1_929' title='bbox 2372 5745 2517 5798; x_wconf 84' lang='lat' dir='ltr'><strong>Codd.</strong></span> 
     </span>
    </p>
   </div>
  </div>
