4002 6224
473 408 569 463 371

472 525 698 584 qerentes
736 508 859 563 milii
903 506 1060 560 vitare
1079 500 1357 573 iacturam.
1395 494 1578 560 Vides,
1622 489 1891 562 quomodo
1939 502 2045 540 non

474 620 658 677 parum
685 600 751 655 ad
790 594 1111 652 audiendum
1151 589 1458 646 conterrent
1487 590 1775 652 tempestas
1803 588 1874 677 .et
1898 585 2047 677 tene-

473 669 623 753 brae?
652 693 715 747 Et
738 689 880 752 vide,
908 682 1177 758 quomodo
1207 694 1410 734 morem
1434 685 1582 747 gerat
1610 670 1875 736 centurio,
1904 669 1973 758 ita
1998 676 2055 720 ut

474 783 726 854 scapham
766 757 977 834 amittat
1020 784 1074 830 et
1105 771 1311 844 perdat.
1341 766 1495 835 Quod
1525 767 1570 820 si
1599 771 1774 819 nauta:
1796 757 2054 854 Anondum

474 851 839 935 crediderunt,
868 867 962 924 sed
989 874 1196 936 postea,
1226 876 1293 917 ne
1318 857 1565 921 mireris;
1595 854 1697 908 hoc
1723 851 1866 908 enim
1891 862 2058 921 genus

476 963 756 1018 hominum
785 959 1026 1030 petulans
1051 963 1134 1011 est
1161 961 1215 1008 et
1243 951 1435 1005 durum
1465 947 1531 1001 ad
1556 942 1905 1001 credendum.

552 1051 709 1105 Pauli
740 1047 1029 1119 prudentia.
1057 1073 1128 1084 -
1152 1043 1231 1097 Tu
1260 1054 1385 1095 vero
1427 1038 1588 1093 etiam
1620 1036 1744 1088 hinc
1776 1031 1905 1087 mihi
1948 1044 2063 1101 per-

482 1143 655 1212 pende
694 1140 842 1196 Pauli
881 1135 1239 1209 prudentiam.
1286 1131 1469 1201 Neque
1514 1127 1658 1183 enim
1700 1127 1937 1194 increpat
1976 1119 2061 1176 vel

481 1243 851 1303 exasperatur,
883 1229 977 1286 sed
1001 1234 1277 1284 mansuete
1303 1224 1399 1291 ait,
1424 1222 1514 1277 Sic
1534 1220 1814 1291 Oportebat.
1848 1214 2065 1271 Sciebat

483 1330 626 1385 enim
656 1327 708 1381 in
735 1324 1039 1381 calamitate
1067 1322 1430 1388 increpantem
1472 1328 1577 1369 non
1606 1326 1726 1366 esse
1754 1318 2061 1377 acceptum;

485 1420 581 1475 sed
600 1428 877 1489 postquam
906 1414 1136 1469 maxima
1157 1407 1472 1467 calamitatis
1495 1420 1618 1477 pars
1641 1400 1915 1473 prmteriit,
1941 1408 2068 1453 tunc

485 1526 605 1567 esse
631 1518 930 1579 acceptum.
958 1505 1109 1560 Tunc
1139 1517 1267 1572 ergo
1297 1502 1479 1565 instat,
1521 1510 1641 1551 cum
1671 1494 1846 1549 onmis
1883 1491 2069 1546 salutis

486 1615 610 1670 spes
641 1599 848 1655 sublata
893 1607 976 1653 est
1001 1611 1016 1648 :
1041 1604 1166 1649 tunc
1209 1591 1355 1645 utilia
1384 1587 1641 1659 praedicit.
1682 1584 1750 1640 Ut
1787 1594 1953 1637 autem
1982 1581 2071 1635 de-

487 1694 620 1747 cima
664 1700 843 1761 quarta
883 1704 987 1743 nos:
1030 1686 1266 1750 advenit,
1312 1682 1517 1752 inquit,
1559 1680 1783 1733 timentes
1829 1673 2069 1745 optabant

491 1783 729 1837 advenire
771 1780 925 1833 diem.
973 1777 1049 1832 Ne
1076 1775 1199 1846 quis
1226 1773 1432 1828 diceret
1472 1769 1604 1825 nihil
1652 1767 1931 1830 evenisse,
1971 1764 2072 1818 hoc

491 1873 640 1934 dicit,
678 1869 967 1925 ostendens
994 1866 1173 1921 omnia
1214 1865 1348 1919 facta
1385 1876 1526 1918 esse.
1554 1858 1706 1927 Quod
1733 1865 1909 1911 autem
1934 1854 2071 1910 facta

492 1963 619 2027 sint,
650 1962 809 2015 timor
830 1957 1063 2014 ostendit
1091 1974 1104 2009 :
1140 1953 1394 2024 Optabant
1422 1952 1573 2015 enim,
1600 1949 1788 2019 inquit,
1821 1947 1953 2000 diem
1981 1945 2074 1998 ad-

493 2053 659 2106 venire
697 2052 941 2104 timentes.
988 2049 1055 2103 Et
1094 2048 1242 2102 locus
1282 2043 1517 2100 difﬁcilis
1565 2049 1680 2097 erat
1704 2057 1717 2093 :
1741 2038 1938 2095 etenim
1982 2052 2077 2107 per

496 2144 712 2198 Adriam
746 2142 861 2197 haec
904 2140 1220 2210 contingunt
1248 2157 1262 2192 :
1291 2146 1346 2192 et
1373 2144 1488 2191 erat
1513 2148 1699 2203 magna
1730 2130 1942 2186 inedia:
1976 2126 2076 2182 Hic

492 2234 715 2289 decimus
739 2242 946 2305 quartus
970 2233 1075 2286 dies
1102 2241 1195 2298 est,
1224 2228 1360 2297 quod
1404 2235 1743 2296 exspectantes
1762 2223 1933 2294 jejuni
1964 2238 2069 2291 per-

495 2329 729 2381 manetis.
760 2326 901 2396 Ergo
930 2325 1165 2394 undique
1212 2326 1266 2378 in
1310 2321 1482 2377 media
1526 2330 1699 2376 morte
1740 2327 1925 2373 erant:
1952 2315 2073 2370 ideo

496 2420 698 2484 subdit,
733 2418 951 2473 Obsecro
983 2433 1089 2482 vos,
1123 2425 1177 2469 ut
1222 2416 1433 2469 sumatis
1459 2414 1656 2475 cibum;
1686 2410 1789 2464 hoc
1822 2409 1963 2463 enim
2009 2406 2078 2461 ad

501 2522 735 2566 vestram
765 2511 989 2565 salutem
1018 2508 1204 2573 fuerit;
1240 2508 1341 2561 hoc
1380 2515 1487 2570 est,
1517 2504 1594 2559 Ne
1620 2502 1759 2557 forte
1791 2500 1931 2555 fame
1956 2515 2081 2569 per-

499 2602 664 2668 eatis,
706 2601 882 2655 cibum
932 2598 1148 2653 sumite.
1196 2598 1414 2667 Sumpta
1457 2603 1625 2650 autem
1666 2607 1833 2664 pane,
1876 2590 2078 2660 inquit,

501 2694 689 2762 gratias
708 2692 808 2763 egit
833 2690 961 2747 Deo.

574 2784 626 2837 4.
657 2781 791 2837 Vide
834 2781 974 2852 quod
1021 2781 1110 2837 ille
1150 2780 1349 2851 gratias
1386 2779 1494 2849 agit
1522 2778 1590 2834 de
1634 2777 1700 2831 iis
1724 2792 1843 2847 qua:
1871 2775 2084 2831 accide-

503 2882 643 2938 rant,
676 2872 777 2927 ltoc
802 2889 906 2926 non
938 2871 1098 2927 modo
1123 2872 1244 2927 illos
1272 2869 1638 2934 confirmavit,
1666 2869 1759 2923 sed
1786 2869 1945 2923 etiam
1968 2865 2086 2920 ani-

503 2977 621 3016 mos
647 2962 855 3016 indidit.
889 2962 1127 3027 Eramus,
1160 2961 1346 3030 inquit,
1380 2976 1551 3014 omnes
1570 2960 1755 3013 anima:
1775 2959 1828 3011 in
1848 2957 1965 3011 navi
1983 2956 2084 3008 du-

500 3061 661 3105 centa:
689 3052 1007 3123 septuaginta
1034 3068 1140 3106 sex.
1180 3051 1252 3104 De
1281 3048 1363 3105 his
1397 3048 1626 3114 dicebat,
1666 3046 1881 3101 Iactura
1903 3046 2087 3099 animle

505 3145 697 3199 nullius
725 3145 817 3198 erit
843 3145 896 3198 in
922 3142 1077 3198 vobis.
1107 3142 1218 3197 Hoc
1246 3151 1396 3197 certo
1423 3140 1641 3196 scientis
1666 3147 1750 3194 est
1770 3139 1984 3196 animae.
2013 3137 2088 3191 di-

504 3251 629 3292 cere
663 3237 839 3291 salvos
890 3236 1095 3290 loturos
1134 3249 1274 3290 esse.
1321 3234 1506 3289 Satiati
1551 3241 1716 3285 autent
1745 3231 1854 3284 cibo
1879 3229 2090 3283 allevia-

507 3329 625 3381 bant
655 3329 842 3393 navim,
875 3327 1124 3398 ejicientes
1152 3326 1393 3379 triticum.
1426 3323 1651 3378 Vidcn'?
1676 3322 1741 3376 ad
1769 3320 2089 3375 sumendum

506 3421 684 3475 cibum
710 3419 1097 3490 persuadeatur
1131 3427 1336 3472 tantum
1364 3436 1378 3472 :
1407 3417 1503 3472 sed
1532 3417 1610 3471 sic
1632 3417 1743 3485 jam
1773 3424 1940 3470 totum
1966 3414 2091 3483 reji-

506 3514 720 3568 ciebant
744 3513 795 3567 in
829 3512 1071 3576 Paulum,
1102 3512 1172 3565 ita
1214 3520 1274 3565 ut
1298 3519 1353 3565 et
1396 3510 1625 3564 triticum
1656 3507 1929 3579 ejicerent.
1958 3508 2091 3563 Vide

511 3603 633 3657 illos
677 3604 907 3657 humana
960 3603 1235 3668 facientes,
1288 3616 1385 3656 nec
1431 3598 1797 3670 prohibentem
1845 3599 2087 3653 Paulum.

514 3695 732 3761 Quando
755 3704 922 3748 autem
948 3694 1055 3747 dies
1082 3695 1204 3763 fuit,
1250 3693 1439 3762 inquit,
1472 3692 1765 3745 laxaverant
1794 3692 2087 3757 iuncturas.

510 3784 747 3839 Solvitur
774 3784 922 3840 navis
968 3783 1019 3838 in
1050 3784 1157 3849 die,
1203 3799 1269 3838 ne
1308 3783 1383 3837 illi
1424 3790 1569 3837 metu
1607 3781 2005 3837 dissolvantur:
2037 3790 2096 3836 ut

513 3875 695 3930 videas
725 3875 1061 3945 prophetiam
1100 3890 1262 3945 opere
1292 3875 1629 3945 completam.
1676 3872 1901 3927 Militum
1926 3882 2096 3926 autem

510 3967 781 4020 concilium
805 3968 920 4037 fuit,
954 3978 1007 4020 ut
1030 3967 1219 4021 vinctos
1240 3968 1537 4021 occiderent.
1569 3965 1747 4031 Vides,
1770 3965 1910 4036 quod
1936 3965 2096 4020 etiam

518 4058 571 4113 in
602 4058 704 4113 hoc
728 4058 894 4113 Paulo
919 4059 1142 4129 gratiam
1172 4058 1493 4114 habuerint?
1524 4068 1742 4128 propter
1774 4058 1921 4112 illum
1950 4057 2095 4111 enim

514 4151 759 4205 centurio
795 4167 899 4206 non
946 4152 1188 4222 permisit
1217 4162 1274 4207 ut
1312 4150 1702 4206 occiderentur.
1741 4147 1815 4202 Ita
1860 4148 1989 4201 mihi
2023 4147 2102 4201 vi-

514 4243 710 4297 dentur
737 4244 815 4298 illi
845 4260 909 4298 ex
938 4244 1189 4300 confesso
1230 4244 1442 4299 scelesti
1473 4242 1656 4307 fuisse,
1702 4242 1774 4295 ita
1820 4251 1876 4295 ut
1902 4241 2103 4295 vellent

517 4335 664 4403 ipsos
683 4333 931 4389 occidere
956 4353 970 4387 :
1001 4335 1095 4389 sed
1130 4333 1403 4402 prohibiti,
1435 4348 1539 4387 non
1570 4332 1808 4387 fecerunt
1838 4346 1853 4395 ;
1893 4330 1986 4384 sed
2012 4330 2101 4385 alii

517 4423 733 4492 quidem
761 4431 1028 4490 natarunt,
1059 4423 1147 4476 alii
1180 4423 1454 4478 iu'tabulis
1485 4420 1809 4485 ferebantur.
1835 4430 1891 4476 et
1916 4436 2103 4476 omnes

521 4514 592 4568 ita
625 4513 848 4568 salutem
879 4514 1019 4568 nacti
1049 4522 1209 4579 sunt,
1252 4529 1316 4568 ac
1363 4513 1641 4584 prophetia
1687 4512 1847 4568 linem
1878 4514 2100 4581 accepit,

522 4603 737 4659 etiamsi
766 4620 871 4659 non
899 4619 927 4657 a
966 4614 1206 4676 tempore
1235 4605 1377 4659 clara
1407 4615 1550 4660 esset
1580 4625 1592 4659 :
1622 4619 1796 4675 neque
1818 4606 1959 4659 enim
1982 4614 2106 4660 ante

523 4696 721 4751 multos
742 4711 914 4751 annos
942 4696 1083 4750 illam
1110 4696 1509 4767 prtenuutiarat,
1540 4696 1632 4752 sed
1658 4712 1837 4751 rerum
1862 4705 2105 4750 naturam

522 4804 756 4859 sequens
790 4806 802 4842 :
835 4789 1102 4858 insperata
1148 4789 1291 4843 enim
1334 4798 1488 4844 erant
1515 4789 1716 4853 omnia,
1761 4798 1817 4843 et
1860 4803 1955 4857 per
1985 4803 2109 4857 pro-

522 4882 695 4950 priam
726 4880 956 4935 salutem
983 4880 1265 4936 discebant
1293 4879 1415 4949 quis
1449 4889 1592 4934 esset
1632 4879 1849 4935 Paulus.
1895 4877 2000 4933 Sed
2028 4878 2111 4933 di-

525 4976 665 5031 xerit
692 4975 975 5046 quispiam,
1019 4972 1126 5029 Cor
1172 4988 1278 5027 non
1319 4972 1479 5027 etiam
1520 4972 1694 5026 navim
1735 4971 2007 5025 servavit?
2039 4969 2111 5026 Ut

526 5066 798 5121 discerent
837 5073 1093 5135 quantum
1129 5063 1425 5135 periculum
1459 5063 1727 5117 evaserint
1764 5079 1777 5116 :
1816 5062 1957 5133 quod
2003 5077 2110 5117 non

529 5154 745 5209 humani
769 5155 950 5209 auxilii
983 5163 1149 5210 totum
1178 5162 1341 5219 esset,
1370 5153 1467 5209 sed
1500 5154 1591 5208 Dei
1619 5168 1806 5207 manus
1833 5153 1948 5207 sine
1977 5169 2112 5209 nave

529 5244 815 5298 servantis.
845 5245 1169 5315 ltaquejusti
1203 5245 1306 5302 etsi
1337 5246 1388 5299 in
1425 5253 1741 5315 tempestate
1767 5244 1895 5307 sint,
1925 5246 2027 5299 etsi
2059 5246 2109 5300 in

532 5332 665 5385 mari
692 5333 774 5387 vel
803 5334 853 5386 in
882 5335 1090 5403 pelago,
1110 5334 1239 5388 nihil
1262 5350 1428 5405 grave
1456 5335 1746 5403 patiuntur,
1769 5334 1876 5390 imo
1905 5344 1959 5389 et
1980 5336 2115 5394 alios

532 5436 713 5476 secum
754 5433 989 5478 servant.
1039 5425 1096 5480 Si
1139 5425 1260 5478 navi
1302 5426 1638 5494 periclitante
1683 5434 1738 5481 et
1779 5426 2111 5498 naufragiurn

534 5527 691 5584 passa
732 5514 891 5569 vincti
934 5529 963 5568 a
996 5514 1159 5569 Paulo
1205 5517 1405 5570 servati
1451 5525 1574 5571 sunt
1606 5534 1619 5569 :
1648 5517 1843 5585 cogita,
1884 5517 2009 5587 quid
2048 5518 2118 5571 sit

536 5608 705 5662 virum
751 5615 993 5663 sanctum
1026 5606 1225 5663 habere
1267 5606 1411 5663 domi
1446 5625 1458 5661 :
1494 5610 1672 5663 multa:
1716 5625 1944 5681 namque
1984 5620 2117 5666 tem-

538 5708 774 5768 pestates
800 5714 897 5755 nos
917 5699 1118 5769 jactant
1137 5741 1152 5765 ,
1181 5709 1237 5755 et
1266 5699 1349 5754 his
1376 5700 1532 5770 longe
1562 5701 1868 5770 graviores;
1895 5702 1988 5757 sed
2021 5719 2118 5773 po-

537 5802 641 5849 test
666 5793 806 5851 Deus
825 5801 877 5850 et
900 5807 998 5850 nos
1024 5807 1259 5861 scrvare,
1280 5791 1439 5849 modo
1458 5792 1740 5850 credamus
1760 5795 1960 5850 sanctis
1980 5796 2116 5856 sicut

1154 387 1211 444 S.
1250 377 1526 440 JOANNIS
1560 368 2024 434 CllBVSOSTOMI
2065 364 2381 424 ARCIHEP.
2423 361 2957 421 CONSTANTINOP.

3640 357 3750 413 37¢

2148 505 2250 572 llli,
2298 499 2343 559 si
2389 500 2645 557 faciamus
2688 513 2808 568 qua:
2852 497 2926 550 illi
2969 494 3305 565 prmcipiunt.
3355 490 3543 562 Neque
3593 492 3737 547 enim

2150 594 2467 665 simpliciter
2489 599 2787 655 servantur,
2818 588 2912 643 sed
2935 588 3094 642 etiam
3124 586 3221 657 ipsi
3246 585 3403 641 tidem
3425 586 3743 641 attulerunt.

2157 686 2379 741 Etiamsi
2410 684 2617 737 vinctus
2657 683 2727 735 sit
2768 688 3006 744 sanctus,
3037 677 3237 747 majora
3277 685 3552 746 operatur,
3586 692 3746 746 quam

2158 776 2192 831 ii
2223 776 2312 845 qui
2339 774 2499 830 soluti
2525 781 2668 828 sunt.
2705 771 2770 825 Et
2793 770 2894 825 hoc
2922 768 3204 824 considera
3236 768 3322 822 hic
3347 766 3545 821 factum
3574 770 3616 821 ⁸.
3649 768 3750 822 So-

2158 868 2298 923 lutus
2326 866 2571 922 centurio
2602 866 2779 919 vincto
2818 862 2909 917 illo
2936 860 3165 916 habebat
3203 875 3380 930 opus:
3417 858 3749 929 gubernator

2161 960 2362 1030 peritus
2405 973 2493 1021 eo,
2540 955 2630 1026 qui
2676 970 2781 1010 non
2826 953 3150 1024 gubernator
3196 960 3333 1018 erat,
3378 950 3605 1021 egebat;
3644 952 3751 1005 imo

2160 1064 2290 1104 vero
2312 1049 2690 1119 gubernatore.
2723 1045 2838 1100 Non
2884 1046 3027 1099 enim
3056 1044 3215 1098 talem
3255 1042 3511 1112 scapham
3551 1042 3750 1114 guber-

2164 1140 2344 1205 nabat,
2389 1138 2485 1193 sed
2531 1137 2678 1193 orbis
2722 1136 3037 1199 Ecclesiam,
3086 1135 3155 1189 ab
3199 1136 3292 1190 illo
3330 1134 3554 1190 edoctus
3583 1136 3756 1205 quiet

2164 1232 2329 1287 maris
2356 1230 2605 1286 dominus
2645 1236 2749 1292 est,
2779 1244 2887 1282 non
2915 1227 3145 1281 humana
3187 1235 3321 1291 arte,
3364 1225 3458 1281 sed
3503 1236 3563 1282 et
3599 1227 3757 1297 spirio

2167 1323 2295 1379 tuali
2321 1322 2599 1393 sapientia.
2634 1320 2689 1375 In
2716 1319 2815 1374 hac
2841 1319 3039 1389 scapha
3068 1318 3234 1373 multa
3278 1317 3578 1389 naufragia,
3609 1319 3759 1373 multi

2166 1414 2381 1481 ﬂuctus,
2412 1413 2631 1481 spiritus
2674 1411 2945 1480 nequitiae,
2977 1408 3129 1463 Intus
3166 1425 3369 1480 pugnae,
3399 1411 3526 1480 [oris
3556 1410 3759 1464 timores

2169 1506 2245 1578 (2.
2275 1505 2393 1560 Cor.
2416 1506 2470 1559 7.
2498 1504 2577 1573 5).
2609 1502 2793 1572 Itaque
2820 1517 2945 1557 vcre
2970 1499 3299 1571 gubernator
3328 1500 3417 1555 ille
3450 1509 3592 1556 erat.
3626 1499 3761 1556 Vide

2168 1608 2348 1652 autem
2376 1604 2541 1650 totam
2581 1594 2744 1649 vitam
2774 1602 3037 1659 nostram,
3066 1592 3335 1663 quomodo
3362 1592 3485 1648 talis
3512 1593 3609 1648 sit.
3642 1594 3760 1648 Alio

2169 1686 2383 1758 quando
2410 1687 2554 1741 enim
2599 1684 2882 1740 clementia
2931 1683 3177 1749 fruimur,
3221 1683 3508 1753 aliquando
3549 1694 3759 1754 tempe-

2172 1787 2309 1835 smte
2328 1777 2632 1848 jactamur;
2675 1774 2837 1830 modo
2879 1774 2948 1829 ob
2989 1773 3491 1829 inconsiderantiam
3530 1783 3587 1829 et
3615 1774 3764 1845 igna-

2174 1869 2312 1923 viam
2354 1868 2405 1922 in
2449 1867 2598 1922 mille
2644 1866 2780 1921 mala
2822 1864 3147 1920 incidimus:
3178 1865 3284 1920 imo
3331 1864 3435 1919 hoc
3463 1866 3633 1935 magis
3684 1866 3760 1931 lit,

2173 1962 2297 2030 quia
2330 1960 2549 2014 Paulum
2577 1974 2683 2013 non
2708 1958 2973 2023 audimus,
3002 1957 3090 2012 ubi
3117 1956 3430 2012 festinamus
3455 1957 3634 2027 aliquo
3663 1958 3761 2024 ire,

2175 2068 2279 2122 quo
2310 2052 2401 2106 ille
2430 2067 2538 2105 non
2564 2050 2737 2121 jubet.
2768 2048 3055 2104 Nobiscum
3081 2050 3223 2104 enim
3250 2048 3410 2104 etiam
3440 2063 3583 2103 nunc
3608 2050 3765 2104 navi-

2175 2150 2283 2211 gat,
2317 2140 2413 2196 sed
2458 2156 2566 2195 non
2613 2149 2671 2195 ut
2716 2149 2839 2194 tunc
2865 2139 3115 2194 vinctus:
3146 2138 3391 2193 hortatur
3426 2138 3589 2195 etiam
3622 2154 3768 2194 nunc

2179 2250 2292 2297 eos,
2322 2234 2413 2304 qui
2454 2234 2506 2287 in
2558 2232 2660 2288 hoc
2709 2233 2840 2287 mari
2887 2232 3167 2301 navigant.
3199 2231 3476 2302 dicitque:
3513 2232 3769 2286 Attendite

2179 2325 2316 2378 vobis
2345 2325 2517 2393 ipsis:
2562 2324 2911 2393 ingredientur
2955 2324 3087 2377 enim
3130 2332 3241 2392 post
3280 2323 3553 2377 discessum
3602 2340 3771 2377 meum

2180 2415 2289 2483 lupi
2313 2432 2486 2486 graves
2513 2416 2565 2469 in
2590 2416 2725 2469 vobis
2746 2414 2881 2485 (Act.
2920 2402 3031 2469 202'
3050 2413 3140 2469 28.
3168 2413 3284 2484 29);
3312 2423 3367 2468 et
3410 2429 3621 2468 rursum
3654 2431 3668 2467 :
3703 2413 3770 2469 In

2181 2509 2462 2563 novissimis
2509 2509 2815 2577 temporibus
2876 2508 3128 2561 instabunt
3183 2516 3409 2575 tempora
3458 2508 3666 2576 gravia.
3722 2517 3772 2561 et

2183 2607 2326 2652 erunt
2359 2597 2585 2651 homines
2623 2597 2699 2652 sui
2730 2605 2985 2663 amantes,
3018 2596 3196 2661 avari,
3225 2605 3520 2665 arrogantes
3542 2594 3599 2667 (Ξ
3626 2594 3768 2649 Tim.

2182 2689 2239 2743 3.
2272 2690 2323 2743 l.
2352 2687 2431 2758 2).
2463 2688 2558 2743 Hic
2581 2688 2723 2743 enim
2751 2686 2987 2742 omnium
3012 2686 3356 2757 gravissimus
3380 2685 3597 2757 spiritus
3623 2694 3732 2741 est.

2254 2782 2309 2837 ὅ.
2341 2779 2497 2834 Fides
2522 2790 2657 2834 tutus
2682 2778 3265 2851 portus.—Maneamns
3282 2778 3434 2848 igitur
3454 2776 3541 2831 ubi
3571 2778 3661 2833 ille
3677 2781 3775 2847 ju-

2187 2872 2297 2935 bet,
2330 2874 2384 2927 in
2414 2872 2538 2939 ﬁde,
2586 2872 2639 2926 in
2672 2880 2786 2926 tuto
2815 2880 2971 2941 portu
3001 2888 3014 2923 :
3045 2870 3220 2941 ipsum
3251 2870 3420 2941 magis
3458 2868 3775 2935 audiamus,

2185 2978 2344 3034 quam
2385 2962 2794 3032 gubernatorem
2832 2962 2922 3031 qui
2963 2970 3047 3016 est
3077 2962 3129 3015 iu
3173 2961 3347 3027 nobis,
3399 2962 3659 3016 rationem
3693 2962 3779 3017 in-

2187 3069 2365 3124 quam.
2397 3053 2474 3108 Ne
2520 3053 2775 3107 faciamus
2815 3066 2879 3107 ea
2921 3068 3041 3122 qua:
3081 3051 3170 3107 hic
3210 3052 3467 3123 suggerit,
3512 3067 3613 3108 nec
3654 3067 3777 3122 qua:

2188 3145 2490 3209 nauclerus,
2537 3143 2633 3198 sed
2683 3158 2801 3213 quae
2843 3142 3037 3197 Paulus
3069 3160 3082 3194 :
3115 3143 3310 3197 multas
3361 3142 3564 3198 similes
3610 3144 3779 3199 subiit

2190 3244 2556 3305 tempestates.
2604 3235 2683 3290 Ne
2730 3234 3059 3305 experientia
3127 3235 3438 3301 discamus;
3493 3236 3590 3291 sed
3651 3247 3779 3293 ante

2189 3327 2576 3396 experientiam
2608 3327 2834 3381 vitemus
2854 3337 2908 3382 et
2952 3326 3201 3395 injuriam
3231 3336 3284 3381 et
3308 3327 3601 3396 jacturam.
3634 3327 3777 3383 Audi

2189 3418 2316 3487 quid
2342 3416 2485 3471 dicat
2518 3434 2531 3470 :
2564 3417 2665 3483 Qui
2694 3416 2870 3471 volunt
2895 3417 3071 3470 divites
3097 3416 3230 3485 ﬁeri,
3258 3416 3489 3469 incidunt
3522 3417 3578 3470 in
3610 3427 3780 3471 tenta-

2191 3511 2375 3563 tionem
2406 3510 2481 3582 (1.
2516 3509 2646 3563 Tim.
2683 3510 2734 3564 6.
2768 3509 2850 3581 9).
2887 3508 3184 3564 Credamus
3227 3523 3357 3578 ergo
3386 3509 3434 3564 ei
3466 3528 3480 3563 :
3509 3524 3631 3563 nam
3658 3508 3784 3565 vide

2192 3602 2319 3673 quid
2358 3601 2612 3657 acciderit
2655 3602 2739 3665 iis,
2785 3600 2875 3672 qui
2914 3616 3019 3656 non
3050 3600 3413 3656 crediderunt.
3458 3600 3523 3655 Et
3566 3617 3783 3656 rursum

2194 3695 2320 3750 alibi
2356 3694 2503 3761 dicit,
2546 3693 2673 3766 quid
2720 3693 2993 3765 naufragia
3033 3694 3261 3763 pariant.
3299 3694 3399 3761 Qui
3437 3695 3782 3764 naufragave-

2195 3795 2312 3841 runt
2336 3786 2469 3841 circa
2495 3785 2648 3854 [idem
2678 3784 2696 3856 (
2732 3783 2818 3839 Id.
2869 3786 2921 3840 1.
2975 3783 3041 3840 19
3068 3784 3113 3854 ),
3142 3785 3334 3854 inquit.
3356 3784 3435 3839 Tu
3466 3800 3593 3839 vero
3623 3800 3785 3841 mane

2196 3880 2250 3935 in
2281 3880 2366 3943 iis,
2398 3893 2518 3950 qua:
2563 3877 2793 3933 didicisti
2825 3884 2879 3932 et
2917 3875 3209 3932 credidisti.
3241 3874 3534 3931 Credamus
3575 3876 3783 3931 Paulo:

2199 3972 2323 4027 licet
2354 3972 2405 4025 in
2436 3970 2608 4026 mcdia
2638 3977 2956 4039 tempestate
2993 3968 3181 4034 simus,
3225 3983 3445 4023 omnino
3471 3983 3501 4021 a
3529 3968 3789 4037 periculis

2200 4062 2580 4123 liberabimor;
2626 4060 2835 4116 etiamsi
2895 4058 3299 4129 qualuordecim
3362 4058 3552 4113 diebus
3614 4058 3789 4127 jejuni

2201 4154 2577 4219 manserimus,
2607 4153 2707 4207 etsi
2735 4166 2859 4221 spes
2892 4151 3079 4205 salutis
3105 4149 3390 4215 exciderit,
3424 4150 3523 4205 etsi
3554 4150 3608 4205 in
3636 4160 3790 4205 tene-

2203 4244 2313 4299 bris
2335 4252 2390 4299 et
2432 4244 2657 4313 caligine
2688 4257 2987 4309 versemur,
3034 4241 3317 4296 credentes
3362 4241 3411 4296 ei
3455 4256 3485 4295 a
3533 4241 3791 4311 periculis

2205 4333 2572 4389 liherabimur.
2598 4332 2783 4388 Navim
2813 4347 2933 4388 esse
2960 4342 3204 4403 putemus
3230 4342 3399 4388 totum
3422 4333 3632 4398 orbem,
3658 4342 3713 4388 et
3734 4333 3791 4388 in

2206 4426 2293 4480 illa
2325 4425 2597 4495 improbos
2631 4434 2687 4479 et
2711 4426 2979 4480 sexcentis
3013 4423 3223 4494 ﬂagitiis
3251 4425 3544 4490 obnoxios;
3572 4435 3627 4481 et
3655 4426 3794 4481 alios

2206 4517 2419 4588 quidem
2449 4517 2737 4587 principes.
2769 4517 2905 4572 alios
2943 4532 3071 4573 vero
3096 4516 3366 4579 custodes,
3415 4517 3550 4573 alios
3591 4518 3790 4587 justos,

2208 4617 2265 4663 ut
2296 4607 2512 4675 Paulus,
2541 4608 2675 4662 alios
2700 4607 2908 4663 vinctos
2933 4616 2988 4663 et
3032 4610 3262 4678 peccatis
3291 4609 3617 4665 constrictos
3646 4628 3660 4664 :
3690 4610 3793 4664 ita-

2208 4715 2310 4770 quc
2354 4700 2399 4754 si
2443 4698 2609 4754 Paulo
2650 4696 2954 4765 credamus,
2996 4714 3102 4754 non
3146 4700 3306 4755 vincti
3339 4700 3655 4769 peribimus,
3699 4701 3795 4756 sed

2210 4792 2523 4847 solvemnr:
2570 4806 2667 4845 nos
2709 4805 2920 4862 quoque
2952 4790 3025 4845 illi
3068 4788 3289 4845 donabit
3331 4790 3492 4844 Deus.
3523 4792 3607 4845 An
3636 4806 3798 4861 negas

2212 4893 2430 4958 peccata
2460 4892 2515 4940 et
2553 4882 2774 4938 allectus
2818 4898 2982 4954 grave
3029 4882 3300 4937 vinculum
3327 4884 3492 4938 esse?
3518 4899 3626 4938 non
3656 4887 3795 4940 enim

2213 4976 2343 5032 sola:
2382 4990 2571 5030 manus
2601 4975 2793 5029 vinctae
2820 4982 2967 5039 sunt,
3014 4974 3106 5029 sed
3140 4983 3283 5029 totus
3317 4973 3499 5029 homo.
3534 4975 3631 5030 Dic
3656 4977 3795 5031 enim

2216 5068 2367 5134 mihi,
2397 5068 2440 5122 si
2469 5068 2588 5138 quis
2631 5067 2823 5121 multas
2870 5066 3125 5136 pecunias
3156 5066 3436 5135 possidens
3479 5082 3588 5122 non
3618 5077 3800 5137 eroget

2217 5160 2299 5214 vel
2350 5159 2634 5229 expendat,
2693 5158 2788 5213 sed
2840 5158 3071 5212 retineat
3104 5175 3117 5212 :
3149 5173 3330 5213 nonne
3380 5158 3601 5230 gravius
3646 5176 3798 5230 quam

2216 5252 2424 5305 vinctos
2453 5252 2627 5320 quivis
2658 5249 2987 5319 parcimonia
3028 5249 3296 5304 insolubili
3327 5250 3541 5305 vinculo
3569 5251 3801 5321 ligatur?

2217 5343 2376 5412 Quid,
2410 5344 2452 5396 si
2480 5342 2600 5413 quis
2622 5342 2728 5396 fato
2769 5357 2828 5396 se
2854 5341 3120 5411 subjiciat,
3152 5356 3329 5396 nonne
3360 5341 3446 5397 hic
3470 5342 3592 5398 aliis
3614 5343 3803 5415 ligatus

2218 5444 2301 5490 est
2326 5435 2594 5489 vinculis?
2615 5433 2764 5504 quid,
2794 5434 2839 5488 si
2879 5432 3385 5488 observationibus?
3410 5433 3559 5503 quid,
3591 5435 3636 5489 si
3665 5450 3803 5506 sym-

2220 5527 2387 5581 bolis?
2416 5541 2591 5580 uonne
2619 5526 2732 5579 haec
2771 5524 2919 5578 omni
2947 5523 3163 5577 vinculo
3192 5533 3317 5578 sunt
3344 5524 3586 5593 graviora
3605 5525 3631 5577 t
3655 5524 3801 5594 quid,

2218 5619 2264 5674 si
2295 5618 2539 5675 absurdae
2568 5617 2779 5673 cuidam
2820 5616 3272 5686 concupiscentia:
3315 5614 3400 5670 vel
3440 5617 3654 5671 amori?
3678 5617 3806 5685 Quis

2286 5804 2302 5834 ι
2329 5799 2470 5859 illud,
2495 5805 2538 5849 ct
2561 5797 2647 5848 hoc
2671 5795 2922 5848 considera
2943 5794 3021 5848 hic
3043 5796 3244 5860 factum,
3260 5794 3406 5848 deest
3430 5796 3476 5846 in
3499 5794 3802 5859 quibusdam.
