4028 6218
222 266 327 321 δ”ὖ

221 386 334 439 tunc
371 378 516 434 vobis
546 373 755 431 vincula
799 373 1139 443 disrumpct?
1170 372 1279 427 Deo
1325 387 1460 441 opus
1490 381 1572 427 est
1603 383 1660 427 ut
1688 373 1799 428 sol-

219 486 430 531 ventur.
460 472 523 527 Et
552 484 715 525 unum
743 468 955 537 quidem
986 465 1173 519 horum
1197 464 1391 518 sufficit
1416 464 1481 517 ad
1510 466 1801 533 periculum

218 567 505 625 creandum
536 584 550 617 :
578 578 702 621 cum
745 569 927 614 autem
957 558 1163 612 vincula
1208 567 1261 612 et
1293 566 1601 626 tempestas,
1630 559 1801 629 cogita

218 672 414 734 quanta
444 659 551 715 sint
580 655 838 727 pericula.
869 652 1007 720 Quid
1040 652 1183 707 enim
1227 666 1332 706 non
1366 652 1558 706 sufficit
1583 653 1651 707 ad
1679 669 1793 722 pcr-

219 752 487 809 dendum?
541 763 719 804 nonne
768 745 964 801 sufficit
1007 743 1221 799 fames?
1261 759 1439 799 nonne
1470 745 1802 814 tempestas?

223 860 401 899 nonne
429 850 701 895 vectorum
732 836 1007 906 nequitia?
1038 850 1217 889 nonne
1248 844 1458 904 tempus
1489 836 1801 904 inopportu-

221 933 385 989 num?
409 930 608 986 Verum
632 927 697 981 ad
729 930 841 981 haec
870 925 1048 979 omnia
1069 923 1216 979 stetit
1236 923 1563 979 clarissimus
1586 924 1799 980 Paulus.

220 1025 289 1081 Ita
330 1034 383 1080 et
414 1037 556 1077 nunc
588 1040 601 1075 :
636 1020 963 1076 retineamus
1011 1016 1289 1071 nobiscum
1333 1025 1566 1084 sanctos,
1600 1028 1652 1071 et
1694 1034 1798 1072 non

219 1120 317 1171 erit
347 1121 671 1184 tempestas;
696 1111 803 1165 imo
828 1110 987 1164 etiam
1018 1108 1064 1164 si
1088 1108 1157 1163 sit
1188 1115 1495 1176 tempestas,
1529 1108 1628 1162 erit
1657 1122 1799 1164 scre-

220 1210 354 1262 nitas
375 1218 431 1261 et
456 1200 807 1274 tranquillitas
834 1213 1046 1269 magna,
1076 1213 1139 1252 ac
1166 1197 1410 1252 liberatio
1455 1212 1482 1251 a
1523 1198 1797 1268 periculis.

221 1298 427 1351 Etenim
460 1292 615 1347 vidua
646 1290 731 1345 illa
761 1298 1003 1343 sanctum
1047 1287 1275 1342 habebat
1298 1287 1550 1353 amicum,
1580 1295 1634 1341 et
1656 1302 1801 1342 mors

218 1385 306 1440 filii
354 1384 530 1440 soluta
573 1389 674 1448 est,
723 1392 1051 1450 puerumque
1076 1378 1373 1432 redivivum
1425 1379 1650 1447 accepit.
1696 1377 1801 1433 Ubi

217 1475 377 1544 pedes
404 1481 714 1529 sanctorum
744 1478 1044 1534 versantur,
1088 1468 1220 1522 nihil
1261 1466 1454 1523 accidit
1499 1469 1687 1523 triste:
1717 1469 1799 1523 sin

215 1564 442 1629 accidat,
475 1562 541 1618 ad
570 1562 935 1631 probationem
966 1571 1022 1614 et
1063 1559 1127 1613 ad
1160 1560 1418 1629 majorem
1453 1559 1547 1614 Dei
1576 1560 1797 1630 gloriam

214 1659 426 1713 accidit.
474 1656 581 1711 Fac
633 1664 688 1710 ut
732 1654 925 1708 domus
972 1653 1331 1722 pavimentum
1381 1653 1687 1723 frequenter
1731 1653 1800 1707 ab

217 1748 519 1820 ltujusmodi
551 1748 789 1803 calcetur
815 1745 1059 1815 pedibus,
1092 1761 1189 1800 nec
1217 1745 1286 1799 ibi
1316 1745 1534 1799 calcabit
1564 1744 1795 1809 dwmon;

216 1854 267 1898 ct
296 1840 491 1896 merito
517 1838 753 1910 quidem.
782 1837 929 1893 Sicut
957 1836 1099 1890 enim
1130 1836 1218 1891 ubi
1251 1835 1560 1905 fragrantia,
1593 1834 1663 1889 ibi
1694 1834 1796 1889 fte-

217 1944 293 1988 tor
320 1935 499 1989 locum
540 1945 645 1985 non
692 1928 886 1983 habet:
918 1928 996 1982 sic
1040 1926 1125 1982 ubi
1172 1938 1500 1994 unguentum
1530 1935 1794 1991 sanctum,

214 2026 282 2080 ibi
312 2023 607 2079 suffocatur
632 2019 862 2084 daemon,
887 2017 1045 2072 simul
1070 2028 1288 2088 agentes
1318 2017 1567 2081 laetificat,
1591 2026 1798 2072 recreat

214 2115 468 2169 animam.
501 2110 604 2168 Ubi
649 2111 838 2180 spirae,
880 2109 950 2163 ibi
988 2111 1114 2163 fera:
1146 2126 1159 2162 :
1191 2107 1280 2161 ubi
1334 2107 1684 2178 hospitalitas,
1726 2106 1796 2160 ibi

216 2206 375 2275 spinae
400 2218 514 2258 non
546 2208 669 2258 sunt
697 2218 708 2254 :
740 2215 861 2255 nam
892 2199 1127 2269 ingressa
1152 2198 1490 2268 clcemosyna
1522 2196 1654 2251 falce
1672 2211 1797 2250 acu-

219 2297 315 2351 tior
340 2294 529 2366 spinas
564 2291 811 2354 succidit,
842 2298 895 2343 et
926 2290 1046 2359 igne
1078 2288 1446 2343 vehementius
1476 2288 1651 2342 exurit
1680 2300 1793 2340 cas.

1186 256 1251 312 IN
1288 256 1467 313 ACTA
1545 256 2064 315 APOSTOLORUM.
2111 259 2333 315 IIOSIIL.
2379 257 2511 319 LIV.

3390 272 3493 328 ὅτι

1910 374 1984 429 Nc
2010 374 2236 429 timeas:
2266 377 2454 430 timent
2496 386 2799 434 sanctarum
2834 382 3053 454 vestigia
3097 385 3231 441 sicut
3277 388 3485 445 leonem

1910 467 2111 536 vulpes.
2154 465 2331 521 Jusms
2360 473 2512 536 enim,
2543 471 2729 538 inquit,
2774 483 2826 525 ut
2854 473 2929 527 leo
2955 478 3160 545 conﬁdit
3184 475 3361 548 (Prov.
3395 482 3487 538 28.

1911 559 1986 629 1).
2020 559 2127 615 llos
2159 560 2559 615 introducamus
2584 562 2764 618 leones
2797 566 2846 619 in
2878 566 3116 635 dounun,
3143 580 3196 625 ct
3222 569 3348 626 fera:
3374 589 3484 628 om-

1909 664 2004 703 nes
2049 648 2390 720 fugabuntur,
2424 668 2529 706 non
2565 651 2670 707 illis
2695 656 3113 715 occlamantibus
3143 662 3237 715 scd
3286 665 3492 735 simpli-

1907 741 2042 795 citer
2068 741 2429 811 quucnt'bus.
2459 742 2573 797 Non
2599 745 2742 798 enim
2766 747 2968 816 rugitus
2993 749 3161 806 leonis
3189 752 3384 810 bestias
3413 757 3493 812 sic

1909 828 2073 901 fugat,
2116 839 2174 886 ut
2210 832 2338 901 justi
2385 834 2620 902 precatio
2663 833 2935 890 dmmonas
2972 854 2986 890 :
3019 840 3063 893 si
3093 840 3340 912 loquatur
3368 855 3489 899 tan-

1909 931 2042 989 tum,
2077 924 2363 979 formidant
2400 925 2495 979 illi.
2531 927 2594 980 Et
2640 927 2876 995 ubinam,
2920 929 3147 998 inquies,
3185 930 3325 991 nunc
3355 939 3490 992 tales

1909 1012 2151 1069 homines
2187 1017 2350 1069 sunt?
2377 1014 2603 1086 Ubique,
2647 1018 2690 1072 si
2743 1032 2840 1072 nos
2869 1019 3170 1088 credamus,
3212 1026 3255 1079 si
3284 1036 3491 1095 qumra‘

1908 1119 2049 1171 mus,
2079 1106 2124 1159 si
2158 1106 2367 1161 curiose
2395 1108 2838 1178 pcrvestigemus.
2875 1110 2975 1165 Ubi
3007 1113 3319 1181 qumsivisti,
3346 1134 3493 1186 quae-

1908 1195 2003 1249 so?
2031 1196 2368 1266 quandonam
2406 1197 2506 1251 hoc
2531 1199 2769 1254 curasti?
2796 1200 2851 1256 Si
2894 1217 3000 1257 non
3030 1220 3258 1273 qumras,
3294 1223 3363 1262 ne
3391 1209 3493 1263 mi-

1907 1289 2063 1355 reris,
2083 1289 2126 1343 si
2155 1305 2261 1344 non
2286 1290 2554 1360 reperias:
2580 1306 2701 1345 nam
2729 1291 2825 1359 Qui
2842 1296 3040 1364 quierit,
3065 1298 3251 1351 invenit
3273 1299 3485 1369 (Matth.

1907 1376 1959 1433 7.
1992 1379 2069 1448 7),
2102 1394 2207 1435 non
2238 1381 2327 1449 qui
2362 1395 2468 1434 non
2496 1382 2710 1450 quierit.
2740 1384 2879 1438 Audi
2910 1399 3005 1440 eos
3031 1389 3118 1456 qui
3156 1390 3207 1442 in
3237 1390 3489 1445 solitudi-

1908 1470 2063 1524 nibus
2110 1480 2233 1525 sunt
2279 1488 2292 1525 :
2338 1471 2509 1541 abjice
2566 1488 2755 1528 aurum
2806 1484 2860 1530 et
2919 1488 3232 1548 argentum;
3294 1482 3490 1550 ubique

1907 1570 2169 1616 terrarum
2197 1572 2340 1616 sunt.
2371 1563 2426 1618 Si
2459 1578 2567 1618 non
2593 1563 2734 1619 domi
2768 1567 3018 1637 recipias,
3048 1570 3193 1624 illum
3224 1570 3328 1637 adi,
3364 1588 3486 1628 cum

1906 1652 1996 1706 illo
2022 1667 2266 1718 versare,
2313 1652 2379 1707 ad
2408 1655 2524 1724 ejus
2561 1655 2781 1711 domum
2827 1660 3060 1726 accede,
3095 1672 3153 1716 ut
3193 1665 3365 1733 possis
3398 1666 3489 1720 illo

1906 1740 2006 1797 frui
2036 1742 2257 1814 ejusque
2287 1745 2678 1802 benedictione.
2727 1749 2912 1819 Magna
2942 1752 3137 1822 quippe
3166 1763 3247 1808 est
3277 1766 3491 1811 sancto-

1904 1849 2022 1889 rum
2069 1834 2389 1903 benedictio,
2432 1853 2590 1907 quam
2646 1841 2857 1910 assequi
2904 1856 3171 1910 curemus,
3205 1855 3261 1900 ut
3303 1863 3486 1903 eorum

1907 1924 2150 1994 precibus
2195 1925 2381 1995 adjuti,
2427 1926 2519 1982 Dei
2550 1926 2661 2000 [qui
2694 1930 2812 1984 illos
2842 1930 3081 2004 roborat]
3124 1935 3488 1993 misericordia

1906 2014 2161 2079 fruamur,
2219 2016 2390 2085 gratia
2439 2022 2494 2071 ct
2548 2018 2871 2089 benignitate
2919 2021 3185 2093 Unigeniti
3231 2028 3346 2095 ejus
3375 2027 3489 2099 [Fi-

1906 2104 2006 2176 lii},
2047 2106 2260 2175 quicum
2307 2106 2447 2160 Patri
2497 2116 2551 2162 et
2600 2108 2818 2177 Spiritui
2863 2121 3047 2167 Sancto
3085 2114 3285 2184 gloria,
3317 2119 3487 2188 impc-

1903 2195 2061 2258 rium,
2082 2194 2275 2263 honor,
2296 2210 2435 2251 nunc
2452 2204 2505 2252 et
2520 2212 2753 2269 semper,
2777 2209 2829 2254 et
2853 2200 2904 2255 iu
2927 2204 3121 2257 sarcula
3144 2207 3482 2265 surculorum.

1904 2288 2100 2342 Amen.

217 2420 3064 2446 Μ

1608 2492 1946 2554 HOMILIA
1982 2493 2140 2555 LIV.

220 2653 337 2711 Car.
361 2654 458 2709 28.
488 2667 543 2707 ν.
582 2652 632 2707 1.
668 2648 887 2704 Barbari
920 2661 1034 2700 vero
1075 2642 1378 2713 praestabunt
1417 2655 1516 2693 non
1546 2638 1796 2692 modicam

284 2745 649 2800 humanitatem
693 2742 853 2796 nobis.
897 2738 954 2793 2.
1005 2738 1225 2790 Accensa
1251 2734 1382 2787 enim
1425 2748 1574 2801 pyra,
1604 2730 1800 2795 reﬁcie-

283 2841 398 2894 bant
422 2854 520 2893 nos
545 2852 734 2899 omnes,
759 2842 960 2905 propter
978 2833 1184 2885 imbrem
1201 2829 1287 2899 qui
1308 2825 1617 2891 imminebat,
1637 2834 1684 2877 et
1704 2824 1798 2893 fri-

283 2947 392 3002 gus.
423 2932 479 2985 5.
506 2928 633 2983 Cum
656 2934 1001 2997 congregasset
1026 2932 1190 2977 autem
1216 2921 1409 2975 Paulus
1430 2927 1798 2973 sarmentorum

284 3020 659 3074 multitudinem
699 3027 744 3070 et
771 3015 1089 3085 imposuisset
1116 3013 1169 3065 in
1209 3013 1396 3081 ignem,
1432 3010 1604 3079 uipera
1649 3023 1682 3060 a
1713 3022 1799 3059 ca-

286 3114 387 3168 lore
409 3127 531 3167 cum
554 3109 893 3180 processisset,
922 3105 1193 3159 momordit
1220 3119 1427 3156 mnum
1455 3102 1586 3169 ejus.

285 3206 333 3261 I.
366 3201 654 3272 Quomodo
692 3198 1073 3255 humanitatem
1106 3200 1420 3264 prmstarent
1445 3191 1677 3254 barbari,
1710 3189 1796 3243 iu-

222 3302 545 3365 terpretatur
573 3310 587 3345 :
618 3292 853 3350 Accensa,
884 3288 1073 3358 inquit,
1103 3302 1230 3356 pyra
1250 3284 1537 3352 reﬁciebant
1558 3298 1647 3336 nos
1667 3279 1798 3353 [om-

222 3383 341 3456 nes].
368 3384 505 3453 Quia
531 3382 674 3437 enim
702 3380 843 3434 nulla
864 3394 928 3433 ex
957 3377 1206 3431 evasione
1228 3375 1424 3429 utilitas
1446 3372 1653 3438 fuisset,
1676 3385 1796 3425 cum

222 3475 375 3545 frigus
420 3473 548 3528 illos
576 3472 1016 3540 interempturum
1042 3475 1208 3531 esset,
1256 3464 1558 3522 accendunt
1589 3477 1791 3534 pyram.

224 3567 348 3623 Ilinc
376 3565 582 3621 Paulus
624 3572 841 3632 accepta
881 3566 1148 3615 sarmenta
1196 3558 1247 3611 in
1294 3570 1481 3625 rogum
1522 3553 1700 3617 infert,
1742 3560 1800 3607 ut

224 3657 306 3713 ille
331 3657 648 3725 subjunglt:
676 3652 801 3706 Cum
848 3656 1200 3721 congregasset
1240 3657 1407 3700 autem
1452 3645 1649 3699 Paulus
1687 3661 1801 3698 sar-

224 3759 499 3802 mentorum
522 3743 919 3799 multitudinem.
935 3741 1072 3795 \lide
1089 3739 1234 3793 illum
1252 3744 1583 3807 operantem;
1602 3745 1653 3791 et
1677 3750 1803 3789 nus-

225 3859 372 3913 quam
388 3844 590 3899 frustra
608 3839 868 3895 mirabilia
882 3854 942 3909 pa
952 3844 1199 3901 trantem,
1215 3834 1308 3890 sed
1323 3834 1392 3889 ob
1408 3832 1800 3887 necessitatem:

227 3951 338 3989 nam
358 3936 409 3989 in
434 3940 755 4002 tempestate
776 3944 985 4000 quoque
1012 3942 1116 3983 non
1134 3927 1252 3981 sine
1264 3939 1423 3980 causa
1443 3920 1797 3994 prupltctavit,

226 4036 277 4082 et
296 4027 380 4082 hic
399 4042 616 4082 rursum
642 4032 906 4079 sarmenta
928 4021 1128 4092 colligit
1151 4028 1205 4075 et
1232 4018 1473 4089 imponit.
1500 4016 1630 4071 Vide
1653 4015 1802 4070 illum

227 4132 325 4173 non
343 4120 409 4173 ad
431 4117 632 4172 fastum
652 4116 733 4171 vel
758 4114 1025 4184 superflue
1041 4119 1307 4182 agentem,
1331 4108 1424 4165 sed
1447 4116 1505 4161 ut
1527 4107 1599 4161 illi
1617 4120 1804 4161 serva-

229 4207 600 4265 renturcalore
616 4208 844 4279 quodam
864 4204 1117 4259 fruentes.
1133 4201 1334 4258 Deinde
1349 4200 1529 4269 vipera
1547 4214 1612 4254 ex
1625 4196 1806 4252 calore

230 4314 435 4369 egressa
459 4313 677 4353 manum
699 4297 815 4367 ejus
836 4296 1029 4350 invasit
1054 4313 1065 4347 :
1090 4303 1141 4350 et
1166 4292 1307 4363 quod
1332 4291 1605 4357 invaserit,
1628 4290 1803 4360 palam

233 4398 311 4443 est
334 4405 397 4444 ex
435 4388 809 4459 sequentibus.
841 4387 895 4442 4.
930 4385 999 4441 Ut
1042 4401 1157 4439 vero
1194 4385 1422 4438 viderunt
1459 4382 1660 4437 barbari
1687 4398 1807 4450 pen-

234 4478 422 4533 dentem
452 4479 663 4533 bestiam
684 4480 746 4531 de
770 4493 921 4530 manu
945 4478 1073 4548 ejus,
1090 4476 1220 4529 inter
1238 4491 1291 4528 se
1319 4474 1589 4528 dicebant:
1614 4472 1802 4541 Utique

236 4569 484 4623 homicida
513 4580 585 4623 est
629 4569 780 4623 homo
808 4568 887 4621 hic
910 4608 925 4631 ,
965 4583 1111 4638 quem
1140 4576 1388 4621 servatum
1430 4566 1491 4619 de
1517 4566 1646 4618 mari
1683 4564 1808 4618 ultio

237 4674 331 4712 non
353 4660 475 4713 sinit
503 4660 680 4713 vivere.
711 4658 853 4713 Bene
877 4658 979 4713 hoc
1003 4658 1318 4728 permissum
1350 4664 1450 4721 est,
1478 4666 1531 4710 ut
1561 4656 1683 4710 talia
1732 4655 1807 4710 illi

236 4750 471 4805 viderent
492 4760 545 4806 et
567 4751 926 4820 loquerentur,
958 4761 1013 4805 ut
1036 4749 1213 4805 futuro
1237 4750 1494 4804 miraculo
1522 4747 1678 4803 fidem
1702 4765 1807 4804 non

239 4850 509 4911 negarent.
541 4840 673 4895 Vide
715 4841 958 4897 naturale
998 4842 1256 4912 judicium
1287 4857 1315 4895 a
1349 4841 1588 4896 barbaris
1628 4839 1809 4911 prola-

239 4937 343 4984 tum
366 4974 381 4997 ,
417 4933 666 5002 ipsosque
704 4932 927 4987 honeste
954 4934 1092 4989 inter
1117 4950 1176 4989 se
1216 4934 1529 5004 loquentes,
1560 4949 1657 4989 nec
1683 4934 1811 4989 sim-

244 5020 441 5088 pliciter
481 5022 815 5078 damnantes.
858 5023 933 5079 Ita
974 5024 1061 5080 hic
1102 5026 1253 5095 prius
1286 5025 1494 5092 vident,
1535 5034 1592 5080 ut
1644 5026 1819 5096 magis

242 5110 512 5168 mirentur.
540 5114 593 5170 5.
632 5131 656 5166 ο
698 5116 785 5169 At“
796 5115 888 5171 ille
908 5130 1129 5171 excussa
1153 5117 1318 5173 bestia
1346 5118 1401 5172 in
1437 5118 1613 5189 ignem
1636 5160 1651 5185 ,
1683 5118 1811 5173 nihil

245 5202 360 5255 mali
392 5218 575 5273 passus
602 5214 685 5260 est
709 5224 723 5260 :
748 5206 801 5261 6.
828 5207 902 5261 illi
924 5220 1054 5262 vero
1081 5206 1458 5262 existimabant
1486 5222 1610 5262 eum
1640 5208 1693 5262 in
1724 5217 1810 5262 tu-

244 5304 440 5347 morem
488 5296 908 5351 convertendum
933 5306 988 5352 ει
1023 5297 1200 5352 ευὺίιο
1228 5313 1475 5354 casurum
1518 5308 1807 5354 mortuum.

248 5379 340 5435 Diu
364 5395 539 5439 autem
562 5386 665 5441 illis
691 5388 1112 5456 expectantibus,
1142 5399 1194 5445 et
1226 5389 1528 5445 videntibus
1573 5390 1704 5445 nihil
1731 5390 1810 5446 illi

247 5471 363 5526 nudi
387 5474 647 5543 accidere,
680 5487 881 5533 mutata
910 5480 1201 5546 sententia,
1221 5479 1471 5535 dicebant
1500 5480 1671 5550 ipsum
1693 5496 1812 5538 esse

248 5558 417 5617 deum.
460 5582 479 5615 ι
508 5564 605 5631 Qui
647 5568 1021 5625 existimabant
1048 5569 1194 5625 illum
1224 5569 1291 5625 In
1326 5580 1575 5626 tumorem
1606 5587 1813 5627 conver-

252 5653 476 5723 tendum,
495 5655 544 5711 id
570 5666 671 5726 est,
697 5657 1107 5730 dirumpendum
1132 5677 1147 5717 :
1174 5660 1411 5717 videntes
1436 5659 1491 5715 hi
1532 5673 1655 5718 eum
1678 5660 1811 5717 nihil

1912 2637 2035 2692 mali
2059 2652 2294 2708 passum,
2315 2641 2498 2696 dicunt
2521 2658 2642 2700 esse
2660 2643 2839 2701 deum.
2859 2646 3065 2705 Rursus
3088 2666 3249 2721 supra
3272 2654 3487 2709 modum

1907 2730 2051 2784 illum
2085 2731 2365 2797 honorant,
2392 2748 2448 2791 ut
2472 2740 2639 2793 turba:
2670 2741 2774 2795 illa:
2796 2743 2847 2797 in
2873 2744 3156 2815 Lycaonia.
3188 2748 3239 2802 7.
3274 2747 3339 2802 In
3361 2750 3486 2803 locis

1904 2832 2072 2876 autem
2116 2826 2291 2881 vicinis
2334 2839 2475 2882 erant
2528 2832 2720 2899 pradia
2766 2835 3008 2906 principis
3055 2837 3237 2892 insula:
3289 2841 3489 2893 nomine

1907 2915 2115 2979 Publii;
2145 2920 2232 2987 qui
2260 2936 2350 2974 nos
2374 2924 2673 2992 suscipiens,
2705 2927 2873 2980 triduo
2899 2945 2990 2981 nos
3037 2930 3246 2999 benigne
3268 2933 3488 3001 hospitio

1904 3011 2111 3078 recepit.
2156 3011 2295 3067 Ecce
2323 3015 2511 3068 iterum
2539 3016 2676 3070 alius
2701 3017 2976 3088 hospitalis
3004 3021 3223 3075 Publius
3254 3023 3405 3078 dives
3433 3035 3488 3079 et

1904 3100 2191 3169 opulentus
2217 3119 2230 3156 :
2261 3103 2347 3173 qui
2380 3120 2501 3158 cum
2533 3105 2663 3160 nihil
2688 3108 2905 3163 vidisset
2935 3151 2953 3175 ,
2982 3111 3074 3165 sed
3107 3113 3177 3166 ob
3198 3113 3364 3167 solam
3393 3129 3487 3167 ca-

1906 3192 2195 3249 lamitatem
2226 3195 2476 3250 misertus
2506 3197 2735 3263 illarum,
2764 3198 2993 3269 hospitio
3016 3205 3225 3273 excepit
3249 3214 3303 3259 et
3332 3204 3482 3259 fovit.

1905 3282 1958 3338 8.
1980 3284 2199 3355 Contigit
2227 3295 2411 3350 autem,
2431 3298 2624 3356 putrem
2654 3289 2827 3344 Publii
2847 3292 3064 3362 febribus
3090 3310 3151 3347 ac
3198 3295 3485 3367 dysenteria

1906 3389 2139 3430 emtum
2165 3378 2461 3433 decumbere
2491 3396 2510 3433 :
2533 3380 2601 3433 ad
2626 3398 2770 3451 quem
2806 3381 2999 3438 Paulus
3020 3386 3276 3456 ingressus
3302 3390 3483 3453 oravit,

1905 3468 2252 3537 impositisque
2277 3472 2356 3523 illi
2376 3470 2605 3527 manibus
2628 3475 2818 3527 curavit
2839 3491 2972 3529 eum.
3002 3476 3131 3541 Quia
3159 3478 3348 3548 dignus
3372 3488 3488 3534 erat

1908 3558 2190 3625 beneficio,
2225 3561 2392 3616 vicem
2423 3561 2497 3616 illi
2525 3562 2905 3630 hospitalitatis
2924 3566 3243 3634 rependens,
3278 3571 3486 3623 curavit

1907 3658 2137 3718 patrem.
2166 3651 2220 3707 9.
2262 3652 2375 3719 Quo
2422 3655 2578 3722 facto,
2623 3672 2793 3709 omnes
2827 3656 2913 3726 qui
2941 3658 2992 3711 in
3033 3658 3200 3711 insula
3241 3658 3489 3713 habebant

1907 3741 2223 3807 inﬁrmitates
2246 3782 2259 3807 ,
2295 3745 2590 3799 accedebant
2638 3757 2683 3800 et
2727 3751 3035 3803 curabuntur
3064 3766 3082 3803 :
3116 3750 3196 3806 I0.
3227 3752 3313 3821 qui
3337 3753 3487 3805 etiam

1908 3831 2082 3885 multis
2106 3833 2380 3887 honoribus
2405 3850 2496 3888 nos
2516 3837 2889 3890 honoraverunt
2913 3878 2929 3904 ,
2975 3848 3018 3893 et
3052 3840 3357 3895 solventibus
3392 3842 3489 3894 iut-

1910 3932 2181 3993 posuerunt
2208 3938 2321 3993 qua:
2349 3926 2628 3978 necessaria
2658 3938 2800 3979 erant
2832 3944 2849 3980 :
2876 3928 2926 3981 id
2965 3937 3047 3983 est
3072 3970 3085 3992 ,
3112 3938 3167 3983 et
3195 3933 3346 3985 nobis
3374 3930 3487 3985 sol;

1910 4013 2152 4067 ventibus
2202 4016 2502 4070 necessaria
2538 4016 2803 4073 dederunt
2853 4028 2906 4073 et
2946 4020 3083 4075 aliis.
3137 4021 3266 4077 Vide
3297 4023 3417 4078 illos
3456 4038 3490 4078 a

1910 4113 2225 4175 tempestate
2246 4106 2517 4173 liberatos,
2548 4124 2652 4163 non
2684 4109 2846 4164 fuisse
2868 4112 3140 4181 neglectos
3165 4128 3181 4176 ;
3210 4113 3303 4168 sed
3326 4116 3490 4168 etiam

1911 4206 2129 4266 propter
2158 4197 2377 4252 Paulum
2403 4199 2608 4253 liberali
2648 4199 2879 4270 hospitio
2909 4214 3185 4269 susceptos
3217 4224 3230 4258 :
3262 4218 3354 4272 per
3382 4213 3496 4259 tres

1910 4290 2052 4343 enim
2071 4304 2282 4344 menses
2297 4291 2548 4345 alimenta
2564 4292 2811 4347 omnibus
2827 4294 3160 4363 suppeditata
3176 4304 3317 4350 sunt.
3337 4294 3493 4364 Quod

1912 4381 2055 4435 enim
2098 4390 2299 4435 tantum
2332 4384 2584 4451 temporis
2614 4383 2684 4439 ibi
2714 4386 3048 4452 manserint,
3072 4386 3192 4440 audi
3224 4387 3497 4457 quomodo

1912 4481 2093 4542 postea
2123 4483 2305 4528 narret
2333 4490 2348 4527 :
2378 4474 2468 4529 11.
2506 4491 2524 4525 t
2562 4474 2690 4529 Post
2720 4491 2936 4531 menses
2962 4488 3139 4532 autem
3179 4483 3287 4532 tres
3306 4520 3320 4537 .
3346 4478 3492 4532 navi-

1913 4563 2151 4632 gavimus
2179 4564 2230 4617 in
2264 4564 2386 4617 navi
2414 4564 2771 4621 Alexandrina
2798 4610 2813 4634 ,
2842 4584 2961 4638 qua:
2988 4569 3038 4622 in
3083 4569 3253 4624 insula
3284 4569 3490 4625 hicma-

1915 4662 2082 4718 verat,
2113 4654 2196 4707 cui
2226 4664 2340 4708 erat
2379 4655 2592 4726 insigne
2607 4658 2795 4712 Castor
2826 4668 2876 4713 et
2906 4659 3114 4713 Pollux.
3145 4660 3232 4714 12.
3269 4660 3334 4714 Ει
3362 4676 3489 4715 cum

1913 4746 2247 4800 venissemus
2271 4745 2897 4817 Syracusas,mansimus
2925 4751 2993 4805 ibi
3024 4751 3217 4807 triduo.
3248 4752 3334 4807 1⁸5.
3364 4752 3502 4807 Inde

1914 4836 2359 4907 cireumlcgcntes
2402 4837 2716 4894 devenimus
2756 4840 3016 4909 Rhegium
3050 4858 3065 4891 ε
3096 4851 3148 4895 et
3181 4850 3300 4910 post
3329 4858 3499 4895 unum

1916 4928 2055 4983 diem
2084 4927 2245 4983 flante
2271 4940 2454 4984 austro
2481 4973 2495 4995 ,
2525 4930 2759 4985 secunda
2786 4931 2875 4985 die
2915 4933 3159 4985 venimus
3196 4932 3445 4985 Puteolos
3476 4948 3497 4985 ι

1918 5020 2004 5074 14.
2038 5020 2127 5073 ubi
2155 5020 2387 5075 inventis
2412 5021 2674 5086 fratribus,
2707 5021 2871 5090 rogati
2899 5035 3083 5075 sumus
3109 5036 3326 5075 manere
3347 5023 3494 5090 apud

1915 5126 2009 5166 eos
2040 5120 2244 5181 septem
2269 5111 2414 5175 dies;
2440 5121 2493 5167 et
2522 5112 2598 5166 sic
2621 5112 2860 5166 venimus
2888 5112 3133 5167 Romam.
3168 5113 3253 5168 15.
3281 5112 3342 5166 Et
3372 5112 3503 5167 inde

1916 5218 2035 5256 eum
2067 5202 2340 5257 audissent
2384 5202 2576 5256 fratres
2600 5242 2613 5264 .
2646 5210 3001 5256 occurrerunt
3039 5202 3192 5256 nobis
3222 5217 3395 5273 usque
3425 5202 3501 5257 ad

1919 5294 2075 5365 Appii
2123 5294 2294 5348 forum
2340 5304 2392 5350 et
2433 5294 2568 5349 Tres
2616 5293 2886 5350 tabernas.
2919 5294 3064 5361 Quos
3109 5310 3229 5350 cum
3276 5294 3504 5352 vidisset

1917 5385 2133 5452 Paulus,
2159 5399 2323 5454 agens
2351 5385 2549 5454 gratias
2572 5384 2682 5440 Deo
2703 5426 2717 5450 ,
2761 5386 2966 5456 accepit
2997 5384 3264 5440 fiduciam.
3307 5404 3326 5439 s
3360 5384 3500 5442 Vide

1915 5477 2185 5549 quomodo
2206 5486 2427 5548 propter
2449 5477 2669 5532 Paulum
2702 5476 2816 5532 haec
2835 5477 3012 5531 omnia
3045 5477 3194 5545 fiant,
3227 5486 3283 5532 ut
3306 5477 3501 5533 crede.-

1916 5579 2035 5625 rent
2066 5570 2251 5636 vincti,
2293 5570 2490 5625 milites
2510 5611 2523 5635 ,
2555 5571 2818 5626 centurio.
2848 5569 2979 5625 Nam
3006 5572 3105 5625 etsi
3136 5571 3325 5641 Iapidei
3368 5570 3497 5623 fuis-

1917 5671 2036 5719 sent
2060 5702 2081 5732 ,
2109 5670 2161 5716 et
2205 5677 2300 5733 per
2328 5677 2390 5718 ea
2416 5677 2533 5732 qua:
2568 5662 2940 5719 consulentem
2967 5662 3245 5717 audierant
3270 5701 3285 5728 ,
3316 5667 3366 5714 et
3400 5674 3500 5727 per
