3920 6224
663 223 728 277 τε
1323 215 1382 272 S.
1423 211 1697 270 JOANNIS
1734 201 2207 267 CIIRYSOSTOIII
2253 201 2570 261 ARCIIIEP.
2609 207 3139 265 CONSTANTINOP.
3708 224 3782 279 εἷς

618 346 680 388 ea
708 351 823 403 qua
853 331 1172 404 prmdiserat
1197 369 1212 395 ,
1242 342 1445 398 perque
1488 325 1744 380 miracula
1771 341 1889 396 quae
1921 331 2156 394 patrarat
2178 359 2196 386 ,

617 437 671 480 et
698 443 764 480 ex
791 424 1057 480 alimentis
1083 421 1186 476 sibi
1213 418 1583 490 suppeditatis,
1614 433 1806 487 magna
1843 416 1912 472 de
1945 415 2037 471 illo
2058 430 2192 470 con-

620 518 906 586 cepissent.
963 513 1094 567 Vide
1149 510 1361 581 quando
1410 519 1612 564 rectum
1648 509 1906 578 judicium
1955 517 2058 572 est,
2101 519 2204 561 nev.

621 607 814 663 affectu
868 613 1314 676 praeoccupatum,
1365 602 1632 672 quomodo
1682 601 1862 655 statim
1916 609 2089 656 rectas
2146 611 2201 654 et

621 697 874 768 probatas
900 697 1194 752 sententias
1223 693 1467 763 accipiat.
1515 692 1630 746 Jam
1664 692 1715 744 in
1754 690 1987 746 Siciliam
2017 704 2202 759 perve-

624 801 776 844 uerat
795 787 1102 858 praedicatio
1126 803 1141 852 ;
1168 785 1278 854 jam
1300 799 1468 853 usque
1493 783 1746 836 Puteolos
1778 783 2078 851 pertigerat,
2113 780 2200 834 ubi

622 881 851 950 repertis
897 877 1210 948 quibusdam
1268 875 1519 929 fratribus
1574 873 1712 942 apud
1784 872 1901 927 illos
1962 881 2200 926 manent.

622 969 824 1026 Deinde
856 967 968 1032 alii,
991 968 1127 1020 fama
1158 965 1407 1037 permoti,
1440 964 1569 1032 ipsis
1603 970 1952 1017 occurrerunt
1981 979 1994 1013 :
2026 969 2204 1014 tantus

623 1068 738 1114 erat
782 1057 1004 1112 fratrum
1053 1055 1293 1118 affectus,
1342 1053 1432 1124 qui
1475 1067 1580 1107 non
1632 1052 1828 1107 turbati
1875 1061 2020 1117 sunt,
2061 1050 2201 1120 quod

623 1149 818 1203 Paulus
845 1155 991 1202 esset
1015 1147 1069 1202 in
1095 1145 1345 1209 vinculis,
1377 1143 1471 1198 sed
1514 1144 1726 1198 obviam
1749 1150 2032 1196 venerunt.
2067 1142 2200 1196 Vide

628 1248 806 1293 autem
840 1238 985 1292 illum
1018 1237 1306 1290 humanum
1320 1234 1600 1305 ‘quidpiam
1632 1248 1843 1303 passum
1870 1248 2010 1289 esse.
2036 1233 2203 1286 Fidu-

621 1330 772 1395 ciam,
803 1328 992 1397 inquit,
1022 1327 1213 1397 aecepit
1234 1327 1404 1379 videns
1426 1327 1626 1395 fratres.
1650 1324 1904 1390 Quamvis
1952 1331 2029 1377 tot
2053 1324 2201 1392 signa

627 1421 860 1484 fecisset,
890 1419 1096 1488 accepit
1138 1426 1316 1471 tamen
1348 1433 1413 1472 ex
1468 1425 1689 1485 aspectu
1721 1415 1925 1469 ﬁducia:
1952 1431 2205 1486 augmen-

625 1523 758 1567 tum.
793 1512 926 1566 IIinc
951 1511 1204 1565 discimus
1235 1510 1380 1564 illurn
1402 1509 1635 1563 humano
1656 1508 1814 1562 etiam
1844 1521 1992 1562 more
2008 1522 2204 1561 conso-

627 1605 881 1659 lationem
906 1603 1177 1673 accepisse
1201 1643 1216 1668 ,
1247 1610 1302 1656 et
1331 1610 1540 1654 contra.
1568 1582 1654 1653 lii.
1695 1600 1822 1653 Cum
1851 1610 2015 1652 autem
2042 1600 2206 1652 venis-

624 1713 788 1751 semus
819 1697 1032 1750 Romam
1060 1733 1078 1760 ,
1108 1694 1407 1762 permissum
1435 1701 1505 1745 est
1537 1689 1705 1744 Paulo
1747 1706 1949 1743 manere
1980 1706 2202 1744 seorsum

628 1804 740 1841 cum
767 1787 923 1839 milite
960 1802 1012 1839 se
1039 1784 1366 1838 custodiente.
1395 1782 1625 1836 Viden'?
1653 1781 1970 1850 permissunt
1993 1791 2076 1837 est
2103 1782 2202 1848 illi,

626 1887 684 1933 nt
704 1878 926 1932 seorsim
950 1885 1209 1931 maneret.
1240 1875 1354 1930 Non
1385 1889 1603 1944 parvum
1629 1882 1712 1928 est
1733 1883 1786 1928 et
1807 1873 1909 1928 hoc
1930 1889 2204 1944 argumen-

625 1981 734 2026 tum
761 1971 908 2025 illum
929 1971 981 2024 in
1001 1985 1185 2039 magna
1202 1969 1553 2024 admiratione
1571 1966 1732 2021 fuisse
1756 1985 1769 2020 :
1793 1982 1898 2020 non
1920 1967 2060 2021 enim
2080 1981 2202 2021 cum

626 2063 746 2115 aliis
773 2063 944 2128 ipsum
972 2059 1416 2115 anntnnerabant.
1461 2057 1588 2111 Post
1629 2066 1726 2111 tres
1751 2065 1917 2110 autem
1947 2056 2053 2111 dies
2077 2073 2202 2110 con-

622 2152 812 2206 vocavit
839 2152 1027 2220 primos
1043 2151 1073 2204 J
1083 2152 1358 2203 udazorum.
1391 2148 1516 2202 Post
1537 2147 1767 2202 triduum
1794 2148 1983 2202 accivit
2001 2147 2202 2216 primos

623 2243 926 2298 Judaiorum
953 2284 968 2307 ,
1003 2258 1069 2297 ne
1096 2257 1254 2296 aures
1301 2241 1514 2295 illorum
1559 2248 2084 2308 praeoccuparentur.
2136 2239 2203 2293 Et

622 2335 749 2404 quid
790 2350 1072 2390 commune
1101 2350 1220 2389 cum
1253 2333 1359 2387 illis
1383 2333 1604 2386 habuit?
1635 2347 1739 2386 non
1767 2333 1909 2387 enim
1938 2332 2014 2386 illi
2042 2348 2201 2388 accn-

622 2425 787 2478 saturi
822 2426 991 2495 ipsum
1021 2433 1191 2480 erant.
1226 2426 1295 2478 At
1322 2424 1410 2478 ille
1437 2439 1541 2478 non
1571 2423 1672 2479 hoc
1697 2424 1950 2487 curabat,
1974 2425 2068 2479 sed
2101 2425 2202 2481 hoc

622 2515 817 2570 docere
847 2516 1077 2582 volebat,
1109 2525 1164 2570 ut
1191 2531 1257 2570 ne
1287 2531 1350 2570 ex
1381 2515 1538 2570 dictis
1568 2515 1984 2570 offenderentur.

693 2607 748 2658 ἰ.
781 2605 948 2660 Juda-i
977 2620 1105 2675 ergo
1138 2615 1212 2660 tot
1238 2605 1479 2660 videntes
1507 2605 1784 2670 miracula,
1815 2606 2203 2676 persequeban-

624 2705 729 2761 tur,
763 2696 1073 2765 pellebant;
1104 2696 1317 2750 barbari
1347 2711 1474 2749 vero
1494 2735 1508 2761 ,
1538 2696 1628 2765 qui
1659 2695 1789 2749 nihil
1817 2695 2056 2750 viderant
2082 2736 2097 2762 ,
2134 2711 2202 2752 ex

625 2788 737 2840 sola
769 2787 1071 2842 calamitate
1109 2786 1482 2841 misericordes
1511 2793 1686 2840 erant.
1723 2785 1964 2852 Omnino,
1993 2786 2201 2856 inquie-

627 2878 775 2942 bant,
795 2877 1046 2931 homicida
1069 2886 1144 2931 est
1175 2878 1256 2930 hic
1284 2878 1452 2930 homo.
1481 2875 1593 2930 Non
1624 2876 1937 2945 simpliciter
1968 2891 2203 2945 pronun-

622 2971 756 3024 tiant
780 3011 794 3033 ,
827 2969 919 3023 sed
945 3010 962 3035 ,
994 2970 1236 3036 Omnino,
1268 2969 1491 3034 dicunt;
1522 2967 1575 3022 id
1603 2977 1685 3022 est
1709 3006 1725 3033 ,
1756 2976 1814 3022 ut
1844 2967 2024 3022 videre
2053 2968 2197 3022 licet.

629 3062 692 3115 Et
721 3063 845 3116 ultio
865 3104 878 3128 ,
913 3063 1190 3132 inquiunt,
1219 3063 1386 3130 ipsum
1416 3062 1575 3115 vivere
1599 3077 1698 3114 non
1727 3060 1865 3114 sinit.
1906 3060 2045 3130 Ergo
2076 3075 2201 3130 pro-

624 3153 874 3208 videntia:
919 3154 1179 3207 rationem
1229 3153 1532 3218 habebant,
1581 3161 1634 3206 et
1678 3152 1845 3221 magis
1903 3151 2202 3221 philosophi

623 3251 774 3295 erant
794 3281 812 3307 ,
847 3257 1006 3311 quam
1050 3242 1147 3311 ipsi
1194 3241 1514 3310 philosotihi.
1561 3240 1622 3294 Ili
1650 3241 1792 3295 enim
1819 3255 1880 3296 ea
1907 3282 1922 3306 ,
1954 3257 2074 3310 qua:
2103 3242 2203 3296 sub

625 3332 747 3384 luna
781 3330 935 3394 ﬁunt,
960 3330 1289 3400 pr0t'identia
1319 3332 1416 3385 frui
1448 3346 1551 3384 non
1579 3335 1760 3385 sinunt
1785 3349 1799 3386 :
1830 3331 1902 3385 illi
1933 3347 2062 3386 vero
2091 3332 2205 3387 ubi-

622 3436 723 3488 que
756 3421 1009 3490 putabant
1039 3420 1203 3475 Deum
1245 3435 1364 3476 esse
1395 3428 1711 3489 praesentem
1737 3461 1754 3488 ,
1800 3429 1853 3476 et
1895 3422 2038 3491 quod
2081 3423 2205 3479 licet

625 3510 790 3563 multa
819 3510 939 3578 quis
966 3510 1233 3580 effugerit,
1266 3526 1371 3564 non
1401 3526 1568 3580 usque
1595 3511 1646 3565 in
1677 3511 1836 3566 ﬁnem
1867 3520 2042 3567 tamen
2071 3513 2204 3569 effu-

625 3600 753 3666 giet.
790 3599 858 3652 Et
889 3599 1030 3665 ride,
1060 3599 1329 3669 quomodo
1351 3614 1455 3653 non
1485 3600 1761 3670 insurgant
1788 3602 1840 3656 in
1869 3601 2016 3657 illum
2041 3603 2206 3657 omni-

627 3705 735 3753 no,
782 3689 874 3744 sed
920 3699 1138 3759 propter
1167 3691 1524 3745 calamitatem
1569 3691 1781 3746 interim
1827 3701 2202 3758 revercantur;

629 3796 801 3850 neque
833 3781 920 3835 illa
960 3781 1267 3851 divulgant,
1299 3782 1390 3837 sed
1425 3783 1563 3838 inter
1589 3798 1646 3838 se
1681 3784 1900 3838 dicunt:
1933 3799 2054 3838 nam
2088 3785 2206 3840 vin-

623 3871 743 3924 cula
769 3869 902 3926 hanc
926 3871 1231 3940 injiciebant
1257 3873 1614 3942 suspicionem
1643 3890 1655 3926 :
1683 3873 1841 3928 vincti
1869 3873 2010 3928 enim
2033 3883 2203 3929 erant.

628 3961 959 4016 Erubescant
987 3962 1021 4016 ii
1051 3963 1141 4032 qui
1169 3962 1380 4029 dicunt,
1413 3962 1490 4019 Ne
1534 3964 1835 4019 benefacias
1870 3964 1948 4017 eis
1971 4003 1987 4029 ,
2034 3964 2122 4033 qui
2154 3964 2204 4017 in

625 4055 934 4108 carceribus
977 4065 1134 4122 sunt;
1186 4055 1448 4125 pudorem
1493 4056 1647 4111 nobis
1684 4055 1907 4111 afferant
1950 4055 2203 4111 barbari:

631 4159 737 4199 non
766 4148 907 4202 enim
935 4147 1174 4203 sciebant
1199 4148 1415 4217 quinam
1441 4147 1516 4200 illi
1543 4157 1743 4211 essent,
1774 4148 1868 4202 sed
1897 4163 1962 4202 ex
1992 4149 2209 4202 calami-

627 4244 736 4289 tate
767 4236 907 4304 ipsos
928 4251 1048 4291 esse
1075 4237 1320 4292 homines
1350 4237 1681 4302 didicerunt;
1713 4237 1936 4307 ideoque
1962 4253 2081 4293 cum
2104 4239 2207 4294 hu-

631 4325 882 4379 inanitate
911 4326 1031 4380 illos
1059 4335 1408 4394 exceperunt.
1445 4326 1666 4380 Multum
1704 4337 1870 4380 autem
1897 4327 1999 4382 illis
2025 4345 2206 4399 exspe-

627 4416 919 4479 ctantibus,
968 4417 1182 4485 inquit;
1238 4417 1289 4470 id
1337 4425 1462 4483 est,
1512 4417 1603 4472 diu
1653 4419 2034 4488 exspectabant
2083 4435 2206 4476 eum

633 4504 972 4559 moriturum.
1020 4506 1114 4560 Ille
1142 4521 1267 4561 \CI'O
1295 4506 1521 4561 bestiam
1549 4509 1782 4563 excussit
1811 4509 1862 4564 in
1895 4510 2068 4580 ignem
2093 4553 2110 4578 ,
2154 4520 2209 4567 et

628 4610 842 4648 manum
875 4595 1003 4650 nihil
1035 4610 1243 4665 passam
1275 4598 1606 4652 monstravit.
1659 4599 1770 4654 Hoc
1809 4600 2049 4656 videntes
2091 4611 2206 4658 stu-

632 4682 826 4753 pefacti
853 4694 906 4740 et
930 4685 1103 4740 mirati
1133 4697 1275 4741 sunt.
1300 4686 1480 4757 Neque
1505 4687 1681 4741 statim
1708 4688 2098 4760 deprehensum
2127 4702 2208 4749 est

626 4775 836 4844 signum
862 4816 877 4842 ,
923 4777 1017 4832 sed
1044 4778 1370 4848 aliquamdiu
1401 4788 1785 4849 exspectarunt
1813 4781 2053 4839 homines
2076 4825 2092 4852 ,
2139 4800 2206 4841 ne

629 4864 901 4920 videretur
930 4866 1208 4936 phantasia
1235 4883 1356 4923 esse
1385 4885 1397 4920 :
1431 4869 1510 4923 sic
1541 4883 1646 4923 non
1677 4879 1792 4925 erat
1821 4871 2023 4926 fallacia
2050 4914 2064 4937 ,
2097 4890 2204 4929 non

629 4956 792 5012 fraus.
835 4957 902 5012 In
931 4959 1105 5013 vicinis
1131 4969 1300 5013 autem
1327 4960 1456 5014 locis
1483 4969 1627 5013 erant
1652 4962 1844 5030 praedia
1874 4964 2026 5032 primi
2065 4965 2208 5018 insu-

624 5048 711 5110 lar,
752 5051 954 5104 nomine
984 5048 1195 5105 Publii:
1223 5054 1306 5120 qui
1347 5068 1438 5106 nos
1475 5053 1778 5122 suscipiens,
1809 5053 2017 5124 benigne
2043 5056 2207 5125 hospi-

627 5137 696 5189 tio
739 5144 953 5209 excepit.
990 5141 1131 5196 Bene
1171 5143 1249 5197 sic
1296 5143 1528 5213 loquitur
1565 5160 1579 5198 :
1631 5143 1967 5214 benignitatis
2011 5147 2204 5217 quippe

630 5243 836 5298 magum
876 5240 958 5284 est
982 5232 1240 5287 ducentas
1261 5236 1596 5304 septuaginta
1621 5237 1824 5290 animas
1851 5236 2080 5305 hospitio
2109 5254 2201 5292 ex-

625 5317 1026 5388 cipere.Cogita
1053 5332 1306 5388 quantum
1333 5325 1402 5376 sit
1432 5325 1810 5392 hospitalitatis
1839 5326 2063 5380 lucrum.
2089 5325 2201 5380 Non

626 5405 767 5475 quod
800 5423 902 5461 nec
932 5411 1222 5465 necessitas
1253 5423 1414 5478 esset,
1447 5429 1619 5482 neque
1646 5415 1787 5484 quod
1817 5417 2010 5470 invitus
2045 5427 2199 5485 agat,

627 5497 722 5550 scd
747 5498 890 5566 quod
923 5498 1128 5554 lucrum
1160 5510 1346 5570 putet,
1392 5519 1486 5572 per
1515 5513 1621 5557 tres
1663 5505 1777 5560 dies
1816 5506 2044 5576 hospitio
2086 5508 2204 5562 illos

629 5590 854 5661 excepit.
906 5589 1135 5663 Ideoque
1179 5593 1298 5648 talis
1339 5594 1714 5666 hospitalitatis
1745 5600 2044 5656 mercedem
2083 5600 2204 5671 jure

2303 322 2496 389 accipit
2513 361 2532 388 ,
2562 319 2672 377 imo
2695 321 2854 392 longe
2877 322 3024 378 dono
3050 323 3297 393 majorem
3324 345 3336 383 :
3375 344 3486 386 nam
3511 343 3682 403 patrem
3703 345 3788 408 ejus

2301 419 2505 466 curata
2526 413 2830 484 dysenteria
2855 414 2996 469 male
3019 415 3335 484 patientem;
3369 435 3459 476 nec
3478 424 3615 479 modo
3640 428 3790 496 ipsum,

2307 503 2401 559 sed
2433 505 2631 559 multos
2654 507 2814 560 etiam
2843 507 2978 561 alios
3000 508 3234 564 inﬁrmos
3253 522 3422 579 curat,
3448 518 3528 585 qui
3555 518 3693 574 vicem
3726 539 3791 578 te-

2306 592 2544 662 pendunt
2567 593 2881 662 honoribus,
2903 607 3204 654 commeatu
3227 616 3242 658 :
3269 603 3400 670 quod
3427 605 3502 658 hic
3523 607 3786 665 declaratur:

2309 681 2408 747 Qui
2437 684 2606 738 multis
2634 685 2907 742 honoribus
2932 704 3024 742 nos
3061 694 3346 760 prosequuti
3369 705 3473 748 sunt
3491 737 3504 759 ,
3545 707 3586 751 et
3613 701 3790 756 solventi-

2305 776 2396 830 bus
2421 777 2767 847 imposuerunt
2791 795 2904 850 qtae
2928 784 3209 836 necessaria
3232 794 3385 838 erant.
3419 786 3524 842 Non
3556 794 3788 849 mercedem

2307 870 2541 937 recepit,
2589 870 2766 935 absit;
2799 871 2896 927 sed
2927 873 3179 943 impletur
3207 875 3256 928 id
3286 877 3417 945 quod
3453 880 3673 948 scriptum
3704 898 3786 939 est:

2306 957 2508 1028 Dignus
2533 969 2606 1013 est
2634 963 2900 1030 operarius
2923 965 3034 1018 cibo
3057 981 3150 1018 suo
3178 964 3382 1036 (Matth.
3421 970 3501 1024 10.
3537 971 3633 1040 l0).
3657 973 3788 1030 Palam

2304 1060 2481 1105 autem
2524 1061 2606 1108 est
2635 1069 2729 1108 eos
2755 1095 2770 1120 ,
2817 1055 2907 1125 qui
2945 1056 3024 1112 sic
3066 1056 3212 1110 illum
3251 1071 3588 1129 exceperunt,
3623 1066 3787 1120 verbum

2308 1142 2698 1210 przudicationis
2741 1147 3014 1215 accepisse
3042 1165 3056 1202 :
3085 1163 3256 1218 neque
3291 1151 3424 1204 enim
3455 1152 3675 1207 trimestri
3697 1167 3790 1208 tem-

2307 1246 2437 1301 pore
2467 1233 2841 1300 disseruisset,
2883 1238 2984 1291 nisi
3025 1237 3100 1291 illi
3129 1254 3252 1293 vere
3277 1239 3601 1296 credidissent
3636 1255 3679 1299 et
3713 1247 3790 1298 fru-

2305 1333 2448 1378 ctum
2473 1325 2862 1382 exhibuissent.
2884 1328 3062 1398 Itaque
3085 1328 3208 1382 hinc
3230 1331 3470 1385 indicium
3493 1343 3583 1396 est,
3604 1350 3788 1403 magnum

2307 1414 2472 1469 fuisse
2500 1416 2835 1474 credentium
2862 1434 3164 1474 numerum.
3198 1419 3262 1472 Et
3286 1421 3539 1486 solvimus,
3569 1426 3728 1492 inquit,
3754 1427 3787 1475 in

2305 1507 2422 1560 navi
2462 1507 2811 1562 Alexandrina
2834 1550 2850 1576 ,
2891 1526 3005 1580 qua:
3047 1510 3347 1564 hiemaverat
3387 1512 3437 1565 in
3473 1513 3648 1580 insula,
3688 1517 3790 1580 cujus

2305 1596 2500 1668 insigne
2528 1598 2811 1653 Castorum.
2845 1599 2900 1654 Id
2929 1599 3154 1654 fortasse
3186 1600 3239 1655 in
3269 1601 3353 1655 illa
3381 1603 3564 1671 pictum
3598 1613 3718 1663 erat;
3743 1605 3788 1654 ita

2306 1695 2463 1740 erant
2497 1688 2654 1742 idolis
2691 1689 2880 1743 dediti.
2925 1689 3060 1745 Vide
3099 1690 3221 1746 illos
3257 1706 3427 1745 moras
3463 1692 3720 1754 trahentes,
3755 1702 3790 1745 et

2306 1793 2516 1833 rursum
2549 1778 2881 1836 festinantes.
2915 1781 3082 1835 Paulo
3108 1792 3274 1836 autem
3301 1783 3573 1851 permissum
3596 1785 3674 1852 fuit
3696 1800 3790 1836 seor-

2304 1888 2417 1924 sum
2455 1888 2682 1928 manere.
2711 1873 2935 1928 Demum
2967 1873 3037 1927 ita
3068 1874 3386 1929 venerabilis
3411 1882 3517 1928 erat
3543 1873 3730 1938 Paulus,
3754 1885 3791 1928 ut

2303 1976 2548 2018 seorsum
2577 1979 2795 2019 manere
2826 1964 3247 2035 permitteretur.
3264 1965 3437 2035 Neque
3465 1965 3510 2019 id
3534 1967 3689 2020 mirum
3710 1976 3789 2018 est:

2303 2067 2426 2106 nam
2455 2054 2499 2107 si
2525 2054 2750 2108 antehac
2783 2054 3008 2124 benigne
3035 2055 3180 2109 illum
3212 2063 3535 2125 exceperunt,
3561 2056 3696 2109 multo
3713 2070 3790 2108 ma-

2302 2142 2383 2211 gis
2410 2159 2574 2198 nune.
2616 2143 2684 2196 Et
2721 2146 2876 2214 ﬂante
2905 2154 3075 2199 austro
3098 2185 3115 2210 ,
3149 2145 3324 2216 inquit
3345 2188 3360 2212 ,
3391 2146 3606 2213 postridie
3627 2149 3790 2199 ttt‘ttt'ntus

2308 2235 2581 2299 Puteolos,
2629 2237 2714 2289 ubi
2752 2236 2965 2290 inventis
3008 2237 3288 2306 fratribus,
3328 2239 3482 2309 rogati
3515 2254 3661 2292 sumus
3693 2237 3791 2303 apud

2302 2327 2417 2381 illos
2447 2344 2648 2380 manere
2672 2339 2856 2397 septem
2885 2329 3055 2382 diebus
3081 2345 3099 2383 :
3126 2339 3170 2381 et
3203 2331 3275 2382 sic
3303 2328 3505 2383 Romam
3529 2329 3725 2382 venimus.
3747 2325 3792 2376 Et

2301 2419 2419 2472 inde
2443 2429 2497 2471 ut
2524 2424 2702 2489 fratres
2727 2419 2997 2472 audierunt
3027 2421 3088 2474 de
3103 2422 3270 2484 nobis,
3292 2421 3503 2474 exierunt
3525 2420 3570 2472 in
3592 2434 3793 2471 occursum

2302 2510 2444 2563 nobis
2472 2527 2626 2580 usque
2650 2510 2719 2563 ad
2741 2510 2897 2581 Appii
2923 2515 3089 2582 forum
3114 2522 3158 2565 et
3186 2511 3314 2566 Tres
3341 2511 3567 2564 tabernas.
3593 2508 3712 2575 Quod
3732 2524 3796 2575 pe.

2301 2601 2528 2655 riculum
2571 2609 2870 2657 metuentes
2914 2603 3178 2668 exierint,
3229 2604 3310 2658 vel
3346 2603 3440 2657 hoc
3473 2602 3586 2656 satis
3619 2616 3694 2671 pro
3717 2600 3793 2652 illis

2301 2692 2550 2761 Spondet.
2585 2691 2716 2746 Vide
2741 2693 3010 2763 quomodo
3038 2695 3088 2748 in
3120 2702 3271 2748 tanta
3303 2695 3603 2765 navigatione
3631 2691 3683 2745 ad
3706 2690 3796 2743 nul-

2301 2785 2406 2841 lam
2439 2785 2715 2856 appellunt
2741 2787 3032 2853 civitatem,
3065 2788 3157 2843 sed
3191 2789 3261 2843 ad
3289 2789 3594 2851 insulam;et
3615 2785 3793 2838 hiemem

2303 2883 2468 2930 totam
2494 2878 2792 2947 transigunt
2818 2878 2869 2932 in
2896 2879 3238 2949 navigatione
3263 2898 3276 2933 :
3308 2879 3389 2934 his
3414 2880 3478 2934 ita
3500 2876 3737 2948 dispositis,
3754 2883 3799 2927 ut

2302 2969 2390 3036 qui
2422 2968 2580 3021 simul
2610 2969 2968 3038 navigabant,
2999 2969 3064 3023 ad
3098 2969 3263 3025 ﬁdem
3291 2970 3658 3025 deducerentur.
3698 2965 3796 3018 Per-

2302 3059 2509 3112 missum
2536 3067 2605 3112 est
2634 3060 2679 3113 ei
2697 3101 2712 3126 ,
2744 3061 2952 3131 inquit,
2992 3071 3044 3114 ut
3073 3071 3388 3132 permaneret
3416 3062 3540 3116 solus
3564 3077 3659 3114 cum
3683 3057 3799 3110 milite

2301 3150 2468 3218 ipsum
2491 3151 2820 3208 custodiente.
2861 3152 2929 3206 Et
2957 3162 3262 3222 opportune
3290 3163 3458 3217 certe,
3485 3161 3535 3206 ut
3561 3149 3718 3204 nemini
3753 3147 3797 3198 li-

2301 3250 2446 3295 ceret
2472 3241 2644 3310 ipsum
2667 3242 2871 3298 insidiis
2891 3251 3145 3313 appetere
3169 3259 3186 3299 :
3220 3259 3389 3314 neque
3413 3243 3543 3298 enim
3567 3240 3694 3294 isthic
3710 3240 3801 3290 lice-

2303 3331 2394 3386 bat
2420 3332 2714 3388 seditiones
2744 3348 2981 3388 movere.
3011 3335 3197 3403 Itaque
3225 3351 3329 3390 non
3360 3336 3495 3388 illum
3519 3329 3801 3388 custodiebat,

2303 3422 2396 3477 sed
2422 3423 2665 3489 curabat,
2699 3439 2767 3480 ne
2799 3424 2874 3478 illi
2905 3424 3101 3494 aliquid
3131 3425 3413 3480 molestum
3441 3421 3673 3478 accidet-ct
3694 3435 3704 3471 ε
3726 3431 3802 3468 non

2303 3514 2446 3569 cnim
2486 3514 2680 3569 licebat
2726 3517 2776 3569 in
2823 3525 2965 3570 tanta
2993 3516 3243 3583 civitate,
3277 3515 3364 3570 ubi
3408 3514 3666 3584 Imperator
3695 3516 3803 3568 erat,

2303 3619 2460 3673 quem
2505 3605 2867 3674 appellaverat
2905 3606 3138 3672 Paulus,
3186 3606 3386 3676 aliquid
3423 3613 3597 3674 prater
3619 3600 3802 3654 ordinem

2306 3694 2439 3748 ﬁeri.
2488 3695 2564 3749 Ita
2609 3710 2823 3765 semper
2867 3711 2962 3765 per
2985 3711 3084 3761 ea,
3127 3712 3250 3766 qua:
3293 3697 3528 3753 videntur
3553 3702 3707 3748 contra
3739 3701 3807 3740 nos

2305 3799 2446 3851 esse,
2473 3799 2570 3854 pro
2593 3785 2748 3839 nobis
2778 3785 2956 3840 omnia
2986 3787 3118 3840 ﬁunt
3144 3803 3158 3839 :
3184 3797 3368 3842 custos
3397 3787 3529 3841 enim
3555 3782 3692 3838 Paulo
3707 3786 3804 3832 erat.

2305 3874 2372 3928 Et
2400 3875 2711 3930 convocatis
2743 3875 2926 3944 primis
2955 3874 3267 3932 Juda-orum
3293 3919 3308 3944 ,
3335 3891 3454 3932 cum
3483 3876 3578 3929 illis
3610 3869 3809 3926 disserit:

2305 3965 2394 4034 qui
2426 3975 2480 4020 et
2505 3965 2872 4021 contradicere
2895 3976 3170 4033 verentur,
3200 3978 3363 4038 atque
3390 3967 3454 4020 ab
3483 3966 3565 4019 illo
3590 3963 3808 4027 increpan-

2317 4064 2402 4109 tur
2429 4065 2484 4111 et
2532 4056 2662 4110 nihil
2691 4057 2888 4112 audent
2930 4057 3142 4123 dicere;
3176 4059 3312 4112 nihil
3362 4057 3500 4113 enim
3544 4055 3641 4124 jam
3674 4057 3813 4104 contra

2308 4143 2454 4199 illum
2487 4154 2692 4200 tentare
2744 4146 2937 4200 licebat
2967 4147 3088 4200 illis.
3137 4147 3254 4202 Iloc
3288 4148 3430 4201 enim
3477 4142 3688 4198 mirabile
3727 4143 3809 4194 est.

2306 4235 2448 4306 quod
2499 4252 2603 4290 non
2662 4250 2758 4305 per
2817 4251 2914 4303 ea,
2955 4251 3073 4306 qua:
3127 4237 3380 4292 videntur
3422 4234 3484 4290 ad
3544 4231 3815 4288 securitatem

2306 4327 2572 4392 conferre,
2613 4327 2706 4383 sed
2755 4343 2850 4398 per
2895 4329 3159 4384 contraria
3207 4345 3305 4400 pro
3346 4328 3495 4383 nobis
3528 4325 3680 4379 omnia
3707 4321 3814 4371 ﬁant.

2307 4417 2457 4485 Quod
2513 4429 2571 4473 ut
2625 4419 2827 4485 discas,
2899 4419 3021 4475 hinc
3075 4421 3376 4491 perpende.
3443 4418 3600 4475 Iussit
3659 4412 3815 4468 Pharao

2309 4524 2505 4580 pueros
2537 4511 2588 4564 in
2619 4509 2815 4565 ﬁumen
2842 4511 3056 4580 conjici.
3077 4511 3189 4566 Nisi
3213 4511 3438 4581 proiecti
3466 4509 3666 4563 fuissent
3689 4498 3815 4570 pueri.

2307 4603 2407 4656 nisi
2440 4601 2492 4655 id
2514 4601 2762 4670 jussisset
2787 4601 3013 4666 Pharao,
3041 4617 3148 4657 non
3174 4611 3422 4656 servatus
3450 4599 3622 4653 fuisset
3641 4592 3815 4661 Moyses,

2308 4707 2412 4747 non
2437 4693 2490 4747 in
2512 4694 2654 4764 regia
2667 4692 2944 4749 educatus.
2974 4693 3109 4749 Cum
3127 4693 3464 4757 servabatur,
3495 4706 3590 4746 non
3604 4689 3648 4741 in
3668 4685 3815 4739 honori=

2307 4790 2454 4848 erat;
2483 4798 2601 4837 cum
2634 4784 2906 4853 expositus
2938 4785 3070 4848 fuit,
3111 4793 3219 4838 tum
3265 4784 3317 4837 in
3362 4783 3563 4836 honore
3604 4777 3704 4831 fuit.
3741 4769 3815 4824 Hoc

2307 4888 2440 4928 vero
2487 4873 2716 4928 faciebat
2761 4875 2902 4930 Deus
2926 4916 2939 4939 ,
2986 4885 3042 4928 ιιι
3073 4885 3127 4929 ει
3161 4875 3453 4944 potentiam
3483 4881 3535 4926 et
3571 4864 3815 4936 sapientth

2307 4977 2457 5018 suam
2500 4965 2826 5020 ostenderet.
2851 4965 3076 5019 Minatus
3103 4974 3185 5020 est
3210 4964 3432 5019 Judaaus
3451 5004 3466 5030 ,
3495 4961 3658 5015 dicens
3683 4971 3693 5006 :
3721 4951 3815 5004 Νωνε

2307 5055 2533 5109 occidere
2560 5069 2636 5108 me
2662 5055 2733 5109 vis
2765 5054 2958 5126 (Exod.
2987 5056 3040 5109 2.
3071 5056 3157 5124 H)
3177 5056 3199 5108 ‘l
3223 5065 3281 5110 et
3309 5055 3414 5108 hoc
3442 5053 3510 5107 illi
3541 5047 3726 5121 profuit.
3753 5043 3815 5095 Ita-

2306 5165 2409 5219 que
2453 5164 2522 5203 ex
2569 5147 2904 5219 providentia
2954 5149 3148 5202 factum
3193 5156 3320 5212 est,
3363 5155 3422 5200 ut
3456 5144 3690 5198 visionem
3717 5135 3815 5188 illam

2309 5239 2511 5293 videret
2551 5238 2602 5292 in
2644 5238 2889 5304 deserto,
2933 5249 2991 5292 ut
3031 5248 3239 5308 tempus
3281 5248 3578 5306 congruens
3627 5226 3815 5295 implere-

2307 5339 2413 5394 tur,
2449 5339 2504 5384 ut
2533 5328 3000 5398 philosopharetur
3030 5331 3080 5384 in
3113 5329 3425 5391 solitudine,
3455 5335 3507 5379 et
3529 5334 3694 5377 secure
3715 5316 3815 5366 vit-c-

2307 5429 2407 5476 ret.
2430 5419 2499 5475 Et
2526 5421 2578 5474 in
2601 5420 2848 5474 omnibus
2869 5435 2987 5489 quae
3014 5437 3042 5474 a
3066 5419 3267 5475 Judaris
3286 5418 3388 5488 ipsi
3411 5424 3645 5488 parantur
3665 5403 3815 5462 insidii!

2308 5501 2538 5582 idipsum
2572 5511 2665 5565 fit:
2718 5519 2842 5566 tunc
2871 5511 3069 5566 clarior
3093 5511 3362 5566 efficitur:
3399 5519 3453 5564 ut
3491 5511 3634 5562 etiam
3668 5504 3815 5587 Mitti"

2306 5603 2552 5676 contigit.
2585 5602 3000 5660 lnsurreseruut
3031 5603 3083 5659 in
3117 5602 3288 5672 illum,
3319 5611 3373 5659 et
3397 5600 3654 5658 clariorem
3679 5583 3815 5647 reddi‘
