  <div class='ocr_page' id='page_1' title='image "/cluster/home/n/w/nwhite01/storage/ocr_20150623/60/hvd.32044073501942/382.png"; bbox 0 0 4002 6224; ppageno 0'>
   <div class='ocr_carea' id='block_1_1' title="bbox 183 275 274 329">
    <p class='ocr_par' dir='ltr' id='par_1_1' title="bbox 183 275 274 329">
     <span class='ocr_line' id='line_1_1' title="bbox 183 275 274 329; baseline -0.011 0"><span class='ocrx_word' id='word_1_1' title='bbox 183 275 274 329; x_wconf 77' lang='grc'>375</span> 
     </span>
    </p>
   </div>
   <div class='ocr_carea' id='block_1_2' title="bbox 175 381 1806 459">
    <p class='ocr_par' dir='ltr' id='par_1_2' title="bbox 175 381 1806 459">
     <span class='ocr_line' id='line_1_2' title="bbox 175 381 1806 459; baseline -0.006 -16"><span class='ocrx_word' id='word_1_2' title='bbox 175 390 345 458; x_wconf 79' lang='grc' dir='ltr'>έδραμε</span> <span class='ocrx_word' id='word_1_3' title='bbox 371 385 462 439; x_wconf 70' lang='grc' dir='ltr'>καὶ</span> <span class='ocrx_word' id='word_1_4' title='bbox 502 384 558 437; x_wconf 76' lang='grc' dir='ltr'>ἐν</span> <span class='ocrx_word' id='word_1_5' title='bbox 585 381 878 446; x_wconf 77' lang='grc' dir='ltr'>Ποτιόλοις,</span> <span class='ocrx_word' id='word_1_6' title='bbox 900 381 1028 436; x_wconf 73' lang='grc' dir='ltr'>ἔνθα</span> <span class='ocrx_word' id='word_1_7' title='bbox 1053 382 1147 437; x_wconf 71' lang='grc' dir='ltr'>καὶ</span> <span class='ocrx_word' id='word_1_8' title='bbox 1165 383 1428 452; x_wconf 85' lang='grc' dir='ltr'>ἀδελφούς</span> <span class='ocrx_word' id='word_1_9' title='bbox 1455 386 1806 459; x_wconf 74' lang='grc' dir='ltr'>τιναςέὐρόν-</span> 
     </span>
    </p>
   </div>
   <div class='ocr_carea' id='block_1_3' title="bbox 173 462 1802 542">
    <p class='ocr_par' dir='ltr' id='par_1_3' title="bbox 173 462 1802 542">
     <span class='ocr_line' id='line_1_3' title="bbox 173 462 1802 542; baseline 0.014 -22"><span class='ocrx_word' id='word_1_10' title='bbox 173 489 249 534; x_wconf 85' lang='grc' dir='ltr'>τες</span> <span class='ocrx_word' id='word_1_11' title='bbox 272 471 570 537; x_wconf 76' lang='grc' dir='ltr'>ἐπιμένουσι</span> <span class='ocrx_word' id='word_1_12' title='bbox 603 465 730 537; x_wconf 78' lang='grc' dir='ltr'>παρ’</span> <span class='ocrx_word' id='word_1_13' title='bbox 757 466 961 527; x_wconf 78' lang='grc' dir='ltr'>αὐτοῖς.</span> <span class='ocrx_word' id='word_1_14' title='bbox 989 462 1120 519; x_wconf 76' lang='grc' dir='ltr'>Εἶτα</span> <span class='ocrx_word' id='word_1_15' title='bbox 1143 468 1238 520; x_wconf 60' lang='grc' dir='ltr'>καὶ</span> <span class='ocrx_word' id='word_1_16' title='bbox 1269 468 1415 521; x_wconf 72' lang='grc' dir='ltr'>ἄλλοι</span> <span class='ocrx_word' id='word_1_17' title='bbox 1438 471 1578 523; x_wconf 60' lang='grc' dir='ltr'>κατὰ</span> <span class='ocrx_word' id='word_1_18' title='bbox 1615 473 1802 542; x_wconf 75' lang='grc' dir='ltr'>φήμην</span> 
     </span>
    </p>
   </div>
   <div class='ocr_carea' id='block_1_4' title="bbox 171 545 1798 622">
    <p class='ocr_par' dir='ltr' id='par_1_4' title="bbox 171 545 1798 622">
     <span class='ocr_line' id='line_1_4' title="bbox 171 545 1798 622; baseline 0 -15"><span class='ocrx_word' id='word_1_19' title='bbox 171 555 329 613; x_wconf 85' lang='grc' dir='ltr'>αὐτοῖς</span> <span class='ocrx_word' id='word_1_20' title='bbox 361 548 652 602; x_wconf 85' lang='grc' dir='ltr'>ἀπαντῶσι·</span> <span class='ocrx_word' id='word_1_21' title='bbox 676 547 912 619; x_wconf 78' lang='grc' dir='ltr'>τοσαύτη</span> <span class='ocrx_word' id='word_1_22' title='bbox 934 545 1004 619; x_wconf 83' lang='grc' dir='ltr'>ἦν</span> <span class='ocrx_word' id='word_1_23' title='bbox 1030 551 1062 620; x_wconf 87' lang='grc' dir='ltr'>ἡ</span> <span class='ocrx_word' id='word_1_24' title='bbox 1089 551 1367 620; x_wconf 81' lang='grc' dir='ltr'>προθυμία</span> <span class='ocrx_word' id='word_1_25' title='bbox 1396 552 1504 605; x_wconf 91' lang='grc' dir='ltr'>τῶν</span> <span class='ocrx_word' id='word_1_26' title='bbox 1533 554 1798 622; x_wconf 82' lang='grc' dir='ltr'>ἀδελφῶν,</span> 
     </span>
    </p>
   </div>
   <div class='ocr_carea' id='block_1_5' title="bbox 171 630 1803 703">
    <p class='ocr_par' dir='ltr' id='par_1_5' title="bbox 171 630 1803 703">
     <span class='ocr_line' id='line_1_5' title="bbox 171 630 1803 703; baseline 0.001 -14"><span class='ocrx_word' id='word_1_27' title='bbox 171 639 239 689; x_wconf 76' lang='grc' dir='ltr'>ὅτι</span> <span class='ocrx_word' id='word_1_28' title='bbox 264 637 352 688; x_wconf 75' lang='grc' dir='ltr'>οὐκ</span> <span class='ocrx_word' id='word_1_29' title='bbox 381 632 708 703; x_wconf 87' lang='grc' dir='ltr'>ἐθορύϐησεν</span> <span class='ocrx_word' id='word_1_30' title='bbox 731 633 928 694; x_wconf 76' lang='grc' dir='ltr'>αὐτοὺς</span> <span class='ocrx_word' id='word_1_31' title='bbox 947 632 1006 683; x_wconf 86' lang='grc' dir='ltr'>τὸ</span> <span class='ocrx_word' id='word_1_32' title='bbox 1037 634 1095 684; x_wconf 88' lang='grc' dir='ltr'>ἐν</span> <span class='ocrx_word' id='word_1_33' title='bbox 1118 632 1337 703; x_wconf 82' lang='grc' dir='ltr'>δεσμοῖς</span> <span class='ocrx_word' id='word_1_34' title='bbox 1362 630 1502 688; x_wconf 75' lang='grc' dir='ltr'>εἶναι</span> <span class='ocrx_word' id='word_1_35' title='bbox 1531 635 1622 688; x_wconf 78' lang='grc' dir='ltr'>τὸν</span> <span class='ocrx_word' id='word_1_36' title='bbox 1651 637 1803 690; x_wconf 84' lang='grc' dir='ltr'>Παῦ-</span> 
     </span>
    </p>
   </div>
   <div class='ocr_carea' id='block_1_6' title="bbox 168 713 1802 786">
    <p class='ocr_par' dir='ltr' id='par_1_6' title="bbox 168 713 1802 786">
     <span class='ocr_line' id='line_1_6' title="bbox 168 713 1802 786; baseline -0.001 -16"><span class='ocrx_word' id='word_1_37' title='bbox 168 719 244 772; x_wconf 88' lang='grc' dir='ltr'>λον</span> <span class='ocrx_word' id='word_1_38' title='bbox 265 730 307 780; x_wconf 79' lang='grc' dir='ltr'>ι,</span> <span class='ocrx_word' id='word_1_39' title='bbox 345 715 450 768; x_wconf 81' lang='grc' dir='ltr'>ἀλλ’</span> <span class='ocrx_word' id='word_1_40' title='bbox 482 715 704 785; x_wconf 80' lang='grc' dir='ltr'>ἐξῆλθον</span> <span class='ocrx_word' id='word_1_41' title='bbox 737 716 815 776; x_wconf 79' lang='grc' dir='ltr'>είς</span> <span class='ocrx_word' id='word_1_42' title='bbox 859 713 1185 783; x_wconf 79' lang='grc' dir='ltr'>ἀπάντησιν.</span> <span class='ocrx_word' id='word_1_43' title='bbox 1235 715 1379 785; x_wconf 84' lang='grc' dir='ltr'>Ὅρα</span> <span class='ocrx_word' id='word_1_44' title='bbox 1416 716 1471 768; x_wconf 91' lang='grc' dir='ltr'>δέ</span> <span class='ocrx_word' id='word_1_45' title='bbox 1506 733 1597 786; x_wconf 90' lang='grc' dir='ltr'>μοι</span> <span class='ocrx_word' id='word_1_46' title='bbox 1640 716 1802 770; x_wconf 74' lang='grc' dir='ltr'>αὑτὸν</span> 
     </span>
    </p>
   </div>
   <div class='ocr_carea' id='block_1_7' title="bbox 169 795 1805 869">
    <p class='ocr_par' dir='ltr' id='par_1_7' title="bbox 169 795 1805 869">
     <span class='ocr_line' id='line_1_7' title="bbox 169 795 1805 869; baseline -0.002 -16"><span class='ocrx_word' id='word_1_47' title='bbox 169 802 248 853; x_wconf 80' lang='grc' dir='ltr'>καὶ</span> <span class='ocrx_word' id='word_1_48' title='bbox 268 797 586 869; x_wconf 82' lang='grc' dir='ltr'>ἀνθρώπινόν</span> <span class='ocrx_word' id='word_1_49' title='bbox 605 813 657 848; x_wconf 89' lang='grc' dir='ltr'>τι</span> <span class='ocrx_word' id='word_1_50' title='bbox 682 795 944 849; x_wconf 83' lang='grc' dir='ltr'>παθόντα.</span> <span class='ocrx_word' id='word_1_51' title='bbox 975 795 1210 864; x_wconf 81' lang='grc' dir='ltr'>Θάρσος</span> <span class='ocrx_word' id='word_1_52' title='bbox 1225 797 1355 866; x_wconf 84' lang='grc' dir='ltr'>γὰρ,</span> <span class='ocrx_word' id='word_1_53' title='bbox 1379 798 1564 867; x_wconf 71' lang='grc' dir='ltr'>φησὶν,</span> <span class='ocrx_word' id='word_1_54' title='bbox 1587 799 1805 851; x_wconf 80' lang='grc' dir='ltr'>ἐλαϐεν</span> 
     </span>
    </p>
   </div>
   <div class='ocr_carea' id='block_1_8' title="bbox 167 877 1802 948">
    <p class='ocr_par' dir='ltr' id='par_1_8' title="bbox 167 877 1802 948">
     <span class='ocr_line' id='line_1_8' title="bbox 167 877 1802 948; baseline -0.003 -13"><span class='ocrx_word' id='word_1_55' title='bbox 167 881 291 936; x_wconf 72' lang='grc' dir='ltr'>ἰδὼν</span> <span class='ocrx_word' id='word_1_56' title='bbox 331 880 462 944; x_wconf 87' lang='grc' dir='ltr'>τοὺς</span> <span class='ocrx_word' id='word_1_57' title='bbox 505 879 829 947; x_wconf 71' lang='grc' dir='ltr'>ἀδελφούς.</span> <span class='ocrx_word' id='word_1_58' title='bbox 868 877 1058 930; x_wconf 80' lang='grc' dir='ltr'>Καίτοι</span> <span class='ocrx_word' id='word_1_59' title='bbox 1101 878 1340 933; x_wconf 88' lang='grc' dir='ltr'>τοσαῦτα</span> <span class='ocrx_word' id='word_1_60' title='bbox 1389 881 1590 948; x_wconf 85' lang='grc' dir='ltr'>σημεῖα</span> <span class='ocrx_word' id='word_1_61' title='bbox 1635 881 1802 948; x_wconf 88' lang='grc' dir='ltr'>ἐργα-</span> 
     </span>
    </p>
   </div>
   <div class='ocr_carea' id='block_1_9' title="bbox 167 960 1802 1035">
    <p class='ocr_par' dir='ltr' id='par_1_9' title="bbox 167 960 1802 1035">
     <span class='ocr_line' id='line_1_9' title="bbox 167 960 1802 1035; baseline -0.003 -17"><span class='ocrx_word' id='word_1_62' title='bbox 167 966 391 1035; x_wconf 85' lang='grc' dir='ltr'>σάμενος,</span> <span class='ocrx_word' id='word_1_63' title='bbox 432 963 545 1018; x_wconf 84' lang='grc' dir='ltr'>ἀλλ’</span> <span class='ocrx_word' id='word_1_64' title='bbox 572 964 725 1032; x_wconf 86' lang='grc' dir='ltr'>ὅμως</span> <span class='ocrx_word' id='word_1_65' title='bbox 764 961 923 1014; x_wconf 72' lang='grc' dir='ltr'>έλαϐε</span> <span class='ocrx_word' id='word_1_66' title='bbox 955 960 1050 1013; x_wconf 74' lang='grc' dir='ltr'>καὶ</span> <span class='ocrx_word' id='word_1_67' title='bbox 1085 960 1196 1014; x_wconf 89' lang='grc' dir='ltr'>ἀπὸ</span> <span class='ocrx_word' id='word_1_68' title='bbox 1220 963 1322 1032; x_wconf 79' lang='grc' dir='ltr'>τῆς</span> <span class='ocrx_word' id='word_1_69' title='bbox 1349 961 1522 1029; x_wconf 70' lang='grc' dir='ltr'>ὅψεως</span> <span class='ocrx_word' id='word_1_70' title='bbox 1558 961 1802 1032; x_wconf 86' lang='grc' dir='ltr'>προσθή-</span> 
     </span>
    </p>
   </div>
   <div class='ocr_carea' id='block_1_10' title="bbox 165 1042 1804 1118">
    <p class='ocr_par' dir='ltr' id='par_1_10' title="bbox 165 1042 1804 1118">
     <span class='ocr_line' id='line_1_10' title="bbox 165 1042 1804 1118; baseline -0.002 -18"><span class='ocrx_word' id='word_1_71' title='bbox 165 1064 272 1118; x_wconf 87' lang='grc' dir='ltr'>κην.</span> <span class='ocrx_word' id='word_1_72' title='bbox 333 1046 453 1099; x_wconf 80' lang='grc' dir='ltr'>Ἀπὸ</span> <span class='ocrx_word' id='word_1_73' title='bbox 505 1046 697 1097; x_wconf 89' lang='grc' dir='ltr'>τούτου</span> <span class='ocrx_word' id='word_1_74' title='bbox 747 1042 1124 1113; x_wconf 88' lang='grc' dir='ltr'>μανθάνομεν,</span> <span class='ocrx_word' id='word_1_75' title='bbox 1171 1043 1252 1094; x_wconf 84' lang='grc' dir='ltr'>ὅτι</span> <span class='ocrx_word' id='word_1_76' title='bbox 1298 1042 1655 1112; x_wconf 75' lang='grc' dir='ltr'>ἀνθρωπίνως</span> <span class='ocrx_word' id='word_1_77' title='bbox 1710 1044 1804 1096; x_wconf 74' lang='grc' dir='ltr'>καὶ</span> 
     </span>
    </p>
   </div>
   <div class='ocr_carea' id='block_1_11' title="bbox 163 1123 1804 1197">
    <p class='ocr_par' dir='ltr' id='par_1_11' title="bbox 163 1123 1804 1197">
     <span class='ocr_line' id='line_1_11' title="bbox 163 1123 1804 1197; baseline -0.002 -17"><span class='ocrx_word' id='word_1_78' title='bbox 163 1127 513 1197; x_wconf 59' lang='grc' dir='ltr'>πρεκαλεῖτο,</span> <span class='ocrx_word' id='word_1_79' title='bbox 536 1125 631 1178; x_wconf 75' lang='grc' dir='ltr'>καὶ</span> <span class='ocrx_word' id='word_1_80' title='bbox 657 1126 986 1180; x_wconf 79' lang='grc' dir='ltr'>τούναντίον.</span> <span class='ocrx_word' id='word_1_81' title='bbox 1014 1126 1152 1178; x_wconf 87' lang='grc' dir='ltr'>Ὅτε</span> <span class='ocrx_word' id='word_1_82' title='bbox 1171 1124 1241 1177; x_wconf 81' lang='grc' dir='ltr'>δὲ</span> <span class='ocrx_word' id='word_1_83' title='bbox 1267 1125 1532 1195; x_wconf 81' lang='grc' dir='ltr'>ἤλθομεν</span> <span class='ocrx_word' id='word_1_84' title='bbox 1551 1129 1639 1192; x_wconf 86' lang='grc' dir='ltr'>εὶς</span> <span class='ocrx_word' id='word_1_85' title='bbox 1673 1123 1804 1179; x_wconf 87' lang='grc' dir='ltr'>Ῥώ-</span> 
     </span>
    </p>
   </div>
   <div class='ocr_carea' id='block_1_12' title="bbox 158 1207 1806 1280">
    <p class='ocr_par' dir='ltr' id='par_1_12' title="bbox 158 1207 1806 1280">
     <span class='ocr_line' id='line_1_12' title="bbox 158 1207 1806 1280; baseline -0.001 -17"><span class='ocrx_word' id='word_1_86' title='bbox 158 1228 288 1280; x_wconf 81' lang='grc' dir='ltr'>μην,</span> <span class='ocrx_word' id='word_1_87' title='bbox 335 1209 626 1278; x_wconf 79' lang='grc' dir='ltr'>ἐπετράπη</span> <span class='ocrx_word' id='word_1_88' title='bbox 671 1207 750 1274; x_wconf 85' lang='grc' dir='ltr'>τῷ</span> <span class='ocrx_word' id='word_1_89' title='bbox 790 1209 1008 1273; x_wconf 80' lang='grc' dir='ltr'>Παύλῳ</span> <span class='ocrx_word' id='word_1_90' title='bbox 1034 1207 1244 1276; x_wconf 86' lang='grc' dir='ltr'>μένειν</span> <span class='ocrx_word' id='word_1_91' title='bbox 1277 1207 1405 1262; x_wconf 82' lang='grc' dir='ltr'>καθ’</span> <span class='ocrx_word' id='word_1_92' title='bbox 1434 1208 1654 1262; x_wconf 79' lang='grc' dir='ltr'>ἑαυτὸν</span> <span class='ocrx_word' id='word_1_93' title='bbox 1681 1209 1806 1262; x_wconf 87' lang='grc' dir='ltr'>σὺν</span> 
     </span>
    </p>
   </div>
   <div class='ocr_carea' id='block_1_13' title="bbox 160 1290 1802 1364">
    <p class='ocr_par' dir='ltr' id='par_1_13' title="bbox 160 1290 1802 1364">
     <span class='ocr_line' id='line_1_13' title="bbox 160 1290 1802 1364; baseline -0.001 -19"><span class='ocrx_word' id='word_1_94' title='bbox 160 1293 232 1357; x_wconf 87' lang='grc' dir='ltr'>τῷ</span> <span class='ocrx_word' id='word_1_95' title='bbox 248 1292 612 1362; x_wconf 64' lang='grc' dir='ltr'>φυλάσσοντι</span> <span class='ocrx_word' id='word_1_96' title='bbox 634 1291 820 1344; x_wconf 79' lang='grc' dir='ltr'>αὐτὸν</span> <span class='ocrx_word' id='word_1_97' title='bbox 839 1290 1188 1358; x_wconf 80' lang='grc' dir='ltr'>στρατιώτῃ.</span> <span class='ocrx_word' id='word_1_98' title='bbox 1226 1292 1424 1362; x_wconf 76' lang='grc' dir='ltr'>Ὀρᾷς;</span> <span class='ocrx_word' id='word_1_99' title='bbox 1450 1292 1802 1364; x_wconf 76' lang='grc' dir='ltr'>συνεχωρήθη</span> 
     </span>
    </p>
   </div>
   <div class='ocr_carea' id='block_1_14' title="bbox 161 1367 1805 1446">
    <p class='ocr_par' dir='ltr' id='par_1_14' title="bbox 161 1367 1805 1446">
     <span class='ocr_line' id='line_1_14' title="bbox 161 1367 1805 1446; baseline -0.001 -16"><span class='ocrx_word' id='word_1_100' title='bbox 161 1374 294 1444; x_wconf 82' lang='grc' dir='ltr'>αύτῷ</span> <span class='ocrx_word' id='word_1_101' title='bbox 313 1373 426 1426; x_wconf 78' lang='grc' dir='ltr'>καθ’</span> <span class='ocrx_word' id='word_1_102' title='bbox 449 1367 635 1427; x_wconf 83' lang='grc' dir='ltr'>ἐαυτὸν</span> <span class='ocrx_word' id='word_1_103' title='bbox 665 1373 866 1442; x_wconf 90' lang='grc' dir='ltr'>μένειν.</span> <span class='ocrx_word' id='word_1_104' title='bbox 890 1373 962 1426; x_wconf 83' lang='grc' dir='ltr'>Ού</span> <span class='ocrx_word' id='word_1_105' title='bbox 987 1373 1183 1444; x_wconf 87' lang='grc' dir='ltr'>μικρὸν</span> <span class='ocrx_word' id='word_1_106' title='bbox 1212 1373 1307 1426; x_wconf 80' lang='grc' dir='ltr'>καὶ</span> <span class='ocrx_word' id='word_1_107' title='bbox 1327 1374 1488 1427; x_wconf 88' lang='grc' dir='ltr'>τοῦτο</span> <span class='ocrx_word' id='word_1_108' title='bbox 1507 1378 1805 1446; x_wconf 86' lang='grc' dir='ltr'>τεκμήριον</span> 
     </span>
    </p>
   </div>
   <div class='ocr_carea' id='block_1_15' title="bbox 158 1455 1806 1527">
    <p class='ocr_par' dir='ltr' id='par_1_15' title="bbox 158 1455 1806 1527">
     <span class='ocr_line' id='line_1_15' title="bbox 158 1455 1806 1527; baseline 0.001 -19"><span class='ocrx_word' id='word_1_109' title='bbox 158 1455 241 1508; x_wconf 88' lang='grc' dir='ltr'>τοῦ</span> <span class='ocrx_word' id='word_1_110' title='bbox 273 1457 406 1508; x_wconf 85' lang='grc' dir='ltr'>πάνυ</span> <span class='ocrx_word' id='word_1_111' title='bbox 440 1455 816 1526; x_wconf 72' lang='grc' dir='ltr'>θαυμασθῆναι</span> <span class='ocrx_word' id='word_1_112' title='bbox 847 1455 1031 1508; x_wconf 82' lang='grc' dir='ltr'>αὐτόν·</span> <span class='ocrx_word' id='word_1_113' title='bbox 1075 1457 1138 1508; x_wconf 85' lang='grc' dir='ltr'>ού</span> <span class='ocrx_word' id='word_1_114' title='bbox 1170 1456 1280 1527; x_wconf 84' lang='grc' dir='ltr'>γὰρ</span> <span class='ocrx_word' id='word_1_115' title='bbox 1309 1456 1374 1527; x_wconf 80' lang='grc' dir='ltr'>δή</span> <span class='ocrx_word' id='word_1_116' title='bbox 1404 1458 1542 1526; x_wconf 86' lang='grc' dir='ltr'>μετά</span> <span class='ocrx_word' id='word_1_117' title='bbox 1575 1458 1680 1510; x_wconf 90' lang='grc' dir='ltr'>τῶν</span> <span class='ocrx_word' id='word_1_118' title='bbox 1709 1459 1806 1512; x_wconf 83' lang='grc' dir='ltr'>άλ-</span> 
     </span>
    </p>
   </div>
   <div class='ocr_carea' id='block_1_16' title="bbox 157 1537 1808 1610">
    <p class='ocr_par' dir='ltr' id='par_1_16' title="bbox 157 1537 1808 1610">
     <span class='ocr_line' id='line_1_16' title="bbox 157 1537 1808 1610; baseline 0.002 -21"><span class='ocrx_word' id='word_1_119' title='bbox 157 1538 254 1592; x_wconf 88' lang='grc' dir='ltr'>λων</span> <span class='ocrx_word' id='word_1_120' title='bbox 289 1539 545 1610; x_wconf 79' lang='grc' dir='ltr'>ήρίθμουν</span> <span class='ocrx_word' id='word_1_121' title='bbox 582 1538 763 1591; x_wconf 77' lang='grc' dir='ltr'>αὐτόν.</span> <span class='ocrx_word' id='word_1_122' title='bbox 813 1537 1085 1605; x_wconf 78' lang='grc' dir='ltr'>Ἐγένετο</span> <span class='ocrx_word' id='word_1_123' title='bbox 1115 1537 1183 1590; x_wconf 83' lang='grc' dir='ltr'>δέ</span> <span class='ocrx_word' id='word_1_124' title='bbox 1213 1539 1364 1606; x_wconf 83' lang='grc' dir='ltr'>μετὰ</span> <span class='ocrx_word' id='word_1_125' title='bbox 1396 1537 1551 1606; x_wconf 86' lang='grc' dir='ltr'>τρεῖς</span> <span class='ocrx_word' id='word_1_126' title='bbox 1585 1539 1808 1608; x_wconf 75' lang='grc' dir='ltr'>ἡμέρας</span> 
     </span>
    </p>
   </div>
   <div class='ocr_carea' id='block_1_17' title="bbox 158 1617 1808 1690">
    <p class='ocr_par' dir='ltr' id='par_1_17' title="bbox 158 1617 1808 1690">
     <span class='ocr_line' id='line_1_17' title="bbox 158 1617 1808 1690; baseline 0 -17"><span class='ocrx_word' id='word_1_127' title='bbox 158 1619 628 1690; x_wconf 63' lang='grc' dir='ltr'>συγκαλέσασωιι</span> <span class='ocrx_word' id='word_1_128' title='bbox 677 1619 865 1672; x_wconf 78' lang='grc' dir='ltr'>αὐτὸν</span> <span class='ocrx_word' id='word_1_129' title='bbox 902 1618 1046 1684; x_wconf 82' lang='grc' dir='ltr'>τοὺς</span> <span class='ocrx_word' id='word_1_130' title='bbox 1089 1617 1270 1682; x_wconf 79' lang='grc' dir='ltr'>ὄντας</span> <span class='ocrx_word' id='word_1_131' title='bbox 1320 1617 1437 1671; x_wconf 82' lang='grc' dir='ltr'>τῶν</span> <span class='ocrx_word' id='word_1_132' title='bbox 1503 1619 1808 1674; x_wconf 72' lang='grc' dir='ltr'>Ἰουδαίων</span> 
     </span>
    </p>
   </div>
   <div class='ocr_carea' id='block_1_18' title="bbox 157 1700 1807 1772">
    <p class='ocr_par' dir='ltr' id='par_1_18' title="bbox 157 1700 1807 1772">
     <span class='ocr_line' id='line_1_18' title="bbox 157 1700 1807 1772; baseline -0.002 -14"><span class='ocrx_word' id='word_1_133' title='bbox 157 1705 424 1772; x_wconf 83' lang='grc' dir='ltr'>πρώτους.</span> <span class='ocrx_word' id='word_1_134' title='bbox 465 1701 620 1756; x_wconf 82' lang='grc' dir='ltr'>Μετά</span> <span class='ocrx_word' id='word_1_135' title='bbox 655 1703 806 1771; x_wconf 85' lang='grc' dir='ltr'>τρεῖς</span> <span class='ocrx_word' id='word_1_136' title='bbox 847 1700 1065 1770; x_wconf 78' lang='grc' dir='ltr'>ἡμέρας</span> <span class='ocrx_word' id='word_1_137' title='bbox 1105 1700 1333 1753; x_wconf 88' lang='grc' dir='ltr'>ἐκάλεσε</span> <span class='ocrx_word' id='word_1_138' title='bbox 1382 1700 1511 1764; x_wconf 77' lang='grc' dir='ltr'>τοὺς</span> <span class='ocrx_word' id='word_1_139' title='bbox 1559 1701 1807 1772; x_wconf 78' lang='grc' dir='ltr'>πρώτους</span> 
     </span>
    </p>
   </div>
   <div class='ocr_carea' id='block_1_19' title="bbox 157 1783 1803 1858">
    <p class='ocr_par' dir='ltr' id='par_1_19' title="bbox 157 1783 1803 1858">
     <span class='ocr_line' id='line_1_19' title="bbox 157 1783 1803 1858; baseline -0.004 -18"><span class='ocrx_word' id='word_1_140' title='bbox 157 1790 254 1840; x_wconf 88' lang='grc' dir='ltr'>τῶν</span> <span class='ocrx_word' id='word_1_141' title='bbox 295 1785 573 1858; x_wconf 66' lang='grc' dir='ltr'>Ἰουδαίων,</span> <span class='ocrx_word' id='word_1_142' title='bbox 606 1783 746 1837; x_wconf 84' lang='grc' dir='ltr'>ὥστε</span> <span class='ocrx_word' id='word_1_143' title='bbox 781 1783 855 1854; x_wconf 83' lang='grc' dir='ltr'>μὴ</span> <span class='ocrx_word' id='word_1_144' title='bbox 883 1783 1260 1854; x_wconf 83' lang='grc' dir='ltr'>προληφθῆναι</span> <span class='ocrx_word' id='word_1_145' title='bbox 1288 1783 1464 1836; x_wconf 80' lang='grc' dir='ltr'>αὐτῶν</span> <span class='ocrx_word' id='word_1_146' title='bbox 1492 1783 1592 1847; x_wconf 81' lang='grc' dir='ltr'>τάς</span> <span class='ocrx_word' id='word_1_147' title='bbox 1616 1783 1803 1845; x_wconf 84' lang='grc' dir='ltr'>ἀκοάς.</span> 
     </span>
    </p>
   </div>
   <div class='ocr_carea' id='block_1_20' title="bbox 155 1861 1808 1937">
    <p class='ocr_par' dir='ltr' id='par_1_20' title="bbox 155 1861 1808 1937">
     <span class='ocr_line' id='line_1_20' title="bbox 155 1861 1808 1937; baseline -0.002 -17"><span class='ocrx_word' id='word_1_148' title='bbox 155 1869 256 1920; x_wconf 63' lang='grc' dir='ltr'>Καὶ</span> <span class='ocrx_word' id='word_1_149' title='bbox 296 1868 344 1920; x_wconf 88' lang='grc' dir='ltr'>τί</span> <span class='ocrx_word' id='word_1_150' title='bbox 388 1867 564 1920; x_wconf 88' lang='grc' dir='ltr'>κοινὸν</span> <span class='ocrx_word' id='word_1_151' title='bbox 598 1867 737 1937; x_wconf 89' lang='grc' dir='ltr'>πρὸς</span> <span class='ocrx_word' id='word_1_152' title='bbox 783 1866 1021 1928; x_wconf 74' lang='grc' dir='ltr'>ἐκείνους</span> <span class='ocrx_word' id='word_1_153' title='bbox 1065 1861 1246 1934; x_wconf 74' lang='grc' dir='ltr'>εἶχεν;</span> <span class='ocrx_word' id='word_1_154' title='bbox 1277 1865 1339 1916; x_wconf 73' lang='grc' dir='ltr'>οὐ</span> <span class='ocrx_word' id='word_1_155' title='bbox 1388 1863 1496 1934; x_wconf 83' lang='grc' dir='ltr'>γάρ</span> <span class='ocrx_word' id='word_1_156' title='bbox 1532 1865 1599 1918; x_wconf 80' lang='grc' dir='ltr'>ἂν</span> <span class='ocrx_word' id='word_1_157' title='bbox 1650 1864 1808 1917; x_wconf 74' lang='grc' dir='ltr'>αὐτοὶ</span> 
     </span>
    </p>
   </div>
   <div class='ocr_carea' id='block_1_21' title="bbox 156 1948 1806 2020">
    <p class='ocr_par' dir='ltr' id='par_1_21' title="bbox 156 1948 1806 2020">
     <span class='ocr_line' id='line_1_21' title="bbox 156 1948 1806 2020; baseline -0.002 -19"><span class='ocrx_word' id='word_1_158' title='bbox 156 1951 360 2020; x_wconf 73' lang='grc' dir='ltr'>ἔμελλον</span> <span class='ocrx_word' id='word_1_159' title='bbox 410 1951 812 2019; x_wconf 72' lang='grc' dir='ltr'>κατηγορήσειν</span> <span class='ocrx_word' id='word_1_160' title='bbox 861 1948 1046 2002; x_wconf 85' lang='grc' dir='ltr'>αὑτοῦ.</span> <span class='ocrx_word' id='word_1_161' title='bbox 1116 1948 1256 2000; x_wconf 83' lang='grc' dir='ltr'>Ἀλλ’</span> <span class='ocrx_word' id='word_1_162' title='bbox 1314 1949 1462 2018; x_wconf 85' lang='grc' dir='ltr'>ὅμως</span> <span class='ocrx_word' id='word_1_163' title='bbox 1509 1949 1569 2001; x_wconf 84' lang='grc' dir='ltr'>οὐ</span> <span class='ocrx_word' id='word_1_164' title='bbox 1617 1948 1806 2001; x_wconf 87' lang='grc' dir='ltr'>τούτου</span> 
     </span>
    </p>
   </div>
   <div class='ocr_carea' id='block_1_22' title="bbox 154 2029 1808 2102">
    <p class='ocr_par' dir='ltr' id='par_1_22' title="bbox 154 2029 1808 2102">
     <span class='ocr_line' id='line_1_22' title="bbox 154 2029 1808 2102; baseline -0.002 -17"><span class='ocrx_word' id='word_1_165' title='bbox 154 2032 469 2102; x_wconf 73' lang='grc' dir='ltr'>ἐφρόντιζεν,</span> <span class='ocrx_word' id='word_1_166' title='bbox 492 2030 630 2084; x_wconf 79' lang='grc' dir='ltr'>ἀλλὰ</span> <span class='ocrx_word' id='word_1_167' title='bbox 664 2031 822 2084; x_wconf 81' lang='grc' dir='ltr'>τοῦτο</span> <span class='ocrx_word' id='word_1_168' title='bbox 846 2030 1054 2095; x_wconf 76' lang='grc' dir='ltr'>διδάξαι</span> <span class='ocrx_word' id='word_1_169' title='bbox 1077 2030 1173 2083; x_wconf 82' lang='grc' dir='ltr'>καί</span> <span class='ocrx_word' id='word_1_170' title='bbox 1199 2029 1274 2100; x_wconf 84' lang='grc' dir='ltr'>μὴ</span> <span class='ocrx_word' id='word_1_171' title='bbox 1305 2031 1606 2101; x_wconf 81' lang='grc' dir='ltr'>προστῆναι</span> <span class='ocrx_word' id='word_1_172' title='bbox 1626 2030 1808 2087; x_wconf 79' lang='grc' dir='ltr'>αὐτοῖς</span> 
     </span>
    </p>
   </div>
   <div class='ocr_carea' id='block_1_23' title="bbox 153 2115 514 2183">
    <p class='ocr_par' dir='ltr' id='par_1_23' title="bbox 153 2115 514 2183">
     <span class='ocr_line' id='line_1_23' title="bbox 153 2115 514 2183; baseline -0.003 -16"><span class='ocrx_word' id='word_1_173' title='bbox 153 2115 216 2167; x_wconf 73' lang='grc' dir='ltr'>τὰ</span> <span class='ocrx_word' id='word_1_174' title='bbox 238 2115 514 2183; x_wconf 74' lang='grc' dir='ltr'>λεγόμενα.</span> 
     </span>
    </p>
   </div>
   <div class='ocr_carea' id='block_1_24' title="bbox 216 2196 1805 2271">
    <p class='ocr_par' dir='ltr' id='par_1_24' title="bbox 216 2196 1805 2271">
     <span class='ocr_line' id='line_1_24' title="bbox 216 2196 1805 2271; baseline -0.002 -17"><span class='ocrx_word' id='word_1_175' title='bbox 216 2201 278 2271; x_wconf 86' lang='grc' dir='ltr'>β’.</span> <span class='ocrx_word' id='word_1_176' title='bbox 315 2203 374 2254; x_wconf 82' lang='grc' dir='ltr'>Οἱ</span> <span class='ocrx_word' id='word_1_177' title='bbox 414 2201 515 2270; x_wconf 80' lang='grc' dir='ltr'>μὲν</span> <span class='ocrx_word' id='word_1_178' title='bbox 551 2196 646 2252; x_wconf 79' lang='grc' dir='ltr'>οὗν</span> <span class='ocrx_word' id='word_1_179' title='bbox 693 2199 940 2253; x_wconf 82' lang='grc' dir='ltr'>Ἰουδαῖοι</span> <span class='ocrx_word' id='word_1_180' title='bbox 975 2201 1211 2254; x_wconf 87' lang='grc' dir='ltr'>τοσαῦτα</span> <span class='ocrx_word' id='word_1_181' title='bbox 1254 2200 1488 2271; x_wconf 78' lang='grc' dir='ltr'>δρῶντες</span> <span class='ocrx_word' id='word_1_182' title='bbox 1528 2199 1805 2268; x_wconf 75' lang='grc' dir='ltr'>θαύματα,</span> 
     </span>
    </p>
   </div>
   <div class='ocr_carea' id='block_1_25' title="bbox 153 2287 1811 2360">
    <p class='ocr_par' dir='ltr' id='par_1_25' title="bbox 153 2287 1811 2360">
     <span class='ocr_line' id='line_1_25' title="bbox 153 2287 1811 2360; baseline -0.001 -20"><span class='ocrx_word' id='word_1_183' title='bbox 153 2289 379 2354; x_wconf 76' lang='grc' dir='ltr'>ἐδίωκον,</span> <span class='ocrx_word' id='word_1_184' title='bbox 408 2288 643 2360; x_wconf 78' lang='grc' dir='ltr'>ήλαυνον</span> <span class='ocrx_word' id='word_1_185' title='bbox 665 2304 676 2316; x_wconf 91' lang='grc'>·</span> <span class='ocrx_word' id='word_1_186' title='bbox 703 2289 751 2340; x_wconf 89' lang='grc' dir='ltr'>οί</span> <span class='ocrx_word' id='word_1_187' title='bbox 781 2287 834 2340; x_wconf 77' lang='grc' dir='ltr'>δὲ</span> <span class='ocrx_word' id='word_1_188' title='bbox 859 2287 1126 2358; x_wconf 74' lang='grc' dir='ltr'>βάρϐαροι</span> <span class='ocrx_word' id='word_1_189' title='bbox 1145 2289 1297 2340; x_wconf 76' lang='grc' dir='ltr'>οὐδὲν</span> <span class='ocrx_word' id='word_1_190' title='bbox 1321 2287 1671 2356; x_wconf 87' lang='grc' dir='ltr'>θεασάμενοι,</span> <span class='ocrx_word' id='word_1_191' title='bbox 1703 2287 1811 2338; x_wconf 83' lang='grc' dir='ltr'>ἀπὸ</span> 
     </span>
    </p>
   </div>
   <div class='ocr_carea' id='block_1_26' title="bbox 156 2366 1805 2442">
    <p class='ocr_par' dir='ltr' id='par_1_26' title="bbox 156 2366 1805 2442">
     <span class='ocr_line' id='line_1_26' title="bbox 156 2366 1805 2442; baseline -0.003 -19"><span class='ocrx_word' id='word_1_192' title='bbox 156 2371 308 2442; x_wconf 78' lang='grc' dir='ltr'>μόνης</span> <span class='ocrx_word' id='word_1_193' title='bbox 335 2372 427 2440; x_wconf 76' lang='grc' dir='ltr'>τῆς</span> <span class='ocrx_word' id='word_1_194' title='bbox 459 2373 748 2441; x_wconf 73' lang='grc' dir='ltr'>συμφορᾶς</span> <span class='ocrx_word' id='word_1_195' title='bbox 778 2369 1147 2440; x_wconf 86' lang='grc' dir='ltr'>φιλάνθρωποι</span> <span class='ocrx_word' id='word_1_196' title='bbox 1169 2366 1331 2441; x_wconf 82' lang='grc' dir='ltr'>ἦσαν.</span> <span class='ocrx_word' id='word_1_197' title='bbox 1363 2368 1626 2434; x_wconf 81' lang='grc' dir='ltr'>Πάντως,</span> <span class='ocrx_word' id='word_1_198' title='bbox 1654 2368 1805 2438; x_wconf 73' lang='grc' dir='ltr'>φησὶ,</span> 
     </span>
    </p>
   </div>
   <div class='ocr_carea' id='block_1_27' title="bbox 152 2452 1809 2526">
    <p class='ocr_par' dir='ltr' id='par_1_27' title="bbox 152 2452 1809 2526">
     <span class='ocr_line' id='line_1_27' title="bbox 152 2452 1809 2526; baseline -0.001 -17"><span class='ocrx_word' id='word_1_199' title='bbox 152 2460 354 2524; x_wconf 67' lang='grc' dir='ltr'>φονεύς</span> <span class='ocrx_word' id='word_1_200' title='bbox 394 2461 571 2510; x_wconf 83' lang='grc' dir='ltr'>ἐστιν</span> <span class='ocrx_word' id='word_1_201' title='bbox 617 2459 650 2510; x_wconf 83' lang='grc' dir='ltr'><em>ό</em></span> <span class='ocrx_word' id='word_1_202' title='bbox 688 2457 998 2525; x_wconf 80' lang='grc' dir='ltr'>ἄνθρωπος</span> <span class='ocrx_word' id='word_1_203' title='bbox 1047 2452 1244 2522; x_wconf 87' lang='grc' dir='ltr'>οὗτος.</span> <span class='ocrx_word' id='word_1_204' title='bbox 1288 2457 1401 2526; x_wconf 72' lang='grc' dir='ltr'>Οὐχ</span> <span class='ocrx_word' id='word_1_205' title='bbox 1436 2455 1622 2517; x_wconf 75' lang='grc' dir='ltr'>ἁπλῶς</span> <span class='ocrx_word' id='word_1_206' title='bbox 1673 2455 1809 2507; x_wconf 84' lang='grc' dir='ltr'>άπο-</span> 
     </span>
    </p>
   </div>
   <div class='ocr_carea' id='block_1_28' title="bbox 155 2541 1810 2612">
    <p class='ocr_par' dir='ltr' id='par_1_28' title="bbox 155 2541 1810 2612">
     <span class='ocr_line' id='line_1_28' title="bbox 155 2541 1810 2612; baseline -0.002 -16"><span class='ocrx_word' id='word_1_207' title='bbox 155 2547 440 2612; x_wconf 83' lang='grc' dir='ltr'>φαίνονται,</span> <span class='ocrx_word' id='word_1_208' title='bbox 480 2544 640 2607; x_wconf 75' lang='grc' dir='ltr'>ἀλλὰ,</span> <span class='ocrx_word' id='word_1_209' title='bbox 669 2545 930 2610; x_wconf 85' lang='grc' dir='ltr'>πάντως,</span> <span class='ocrx_word' id='word_1_210' title='bbox 956 2543 1118 2611; x_wconf 84' lang='grc' dir='ltr'>φασί·</span> <span class='ocrx_word' id='word_1_211' title='bbox 1153 2543 1452 2606; x_wconf 80' lang='grc' dir='ltr'>τουτέστιν,</span> <span class='ocrx_word' id='word_1_212' title='bbox 1495 2543 1570 2604; x_wconf 84' lang='grc' dir='ltr'>ὡς</span> <span class='ocrx_word' id='word_1_213' title='bbox 1601 2541 1810 2594; x_wconf 77' lang='grc' dir='ltr'>ἔνεστιν</span> 
     </span>
    </p>
   </div>
   <div class='ocr_carea' id='block_1_29' title="bbox 152 2628 1811 2698">
    <p class='ocr_par' dir='ltr' id='par_1_29' title="bbox 152 2628 1811 2698">
     <span class='ocr_line' id='line_1_29' title="bbox 152 2628 1811 2698; baseline -0.002 -16"><span class='ocrx_word' id='word_1_214' title='bbox 152 2632 284 2683; x_wconf 80' lang='grc' dir='ltr'>ίὸεῖν.</span> <span class='ocrx_word' id='word_1_215' title='bbox 316 2632 422 2684; x_wconf 77' lang='grc' dir='ltr'>Καὶ</span> <span class='ocrx_word' id='word_1_216' title='bbox 457 2632 494 2698; x_wconf 78' lang='grc' dir='ltr'><strong><em>ὴ</em></strong></span> <span class='ocrx_word' id='word_1_217' title='bbox 531 2630 694 2696; x_wconf 82' lang='grc' dir='ltr'>δίκη,</span> <span class='ocrx_word' id='word_1_218' title='bbox 727 2629 881 2698; x_wconf 74' lang='grc' dir='ltr'>φησὶ,</span> <span class='ocrx_word' id='word_1_219' title='bbox 917 2628 1026 2696; x_wconf 71' lang='grc' dir='ltr'>ζῇν</span> <span class='ocrx_word' id='word_1_220' title='bbox 1060 2630 1172 2682; x_wconf 79' lang='grc' dir='ltr'>οὐκ</span> <span class='ocrx_word' id='word_1_221' title='bbox 1204 2630 1376 2681; x_wconf 71' lang='lat' dir='ltr'><strong><em>etuas</em></strong></span> <span class='ocrx_word' id='word_1_222' title='bbox 1407 2628 1612 2681; x_wconf 80' lang='grc' dir='ltr'>αὐτόν.</span> <span class='ocrx_word' id='word_1_223' title='bbox 1665 2629 1811 2696; x_wconf 81' lang='grc' dir='ltr'>Ἀρα</span> 
     </span>
    </p>
   </div>
   <div class='ocr_carea' id='block_1_30' title="bbox 152 2712 1811 2786">
    <p class='ocr_par' dir='ltr' id='par_1_30' title="bbox 152 2712 1811 2786">
     <span class='ocr_line' id='line_1_30' title="bbox 152 2712 1811 2786; baseline -0.001 -19"><span class='ocrx_word' id='word_1_224' title='bbox 152 2717 235 2768; x_wconf 70' lang='grc' dir='ltr'>καὶ</span> <span class='ocrx_word' id='word_1_225' title='bbox 250 2717 337 2769; x_wconf 84' lang='grc' dir='ltr'>τὸν</span> <span class='ocrx_word' id='word_1_226' title='bbox 365 2735 431 2769; x_wconf 90' lang='grc' dir='ltr'>πε</span> <span class='ocrx_word' id='word_1_227' title='bbox 442 2718 493 2786; x_wconf 80' lang='lat' dir='ltr'><strong><em>pl</em></strong></span> <span class='ocrx_word' id='word_1_228' title='bbox 531 2717 789 2786; x_wconf 81' lang='grc' dir='ltr'>προνοίας</span> <span class='ocrx_word' id='word_1_229' title='bbox 815 2716 970 2783; x_wconf 80' lang='grc' dir='ltr'>λόγον</span> <span class='ocrx_word' id='word_1_230' title='bbox 1005 2712 1172 2785; x_wconf 77' lang='grc' dir='ltr'>εἶχον,</span> <span class='ocrx_word' id='word_1_231' title='bbox 1201 2718 1295 2769; x_wconf 74' lang='grc' dir='ltr'>καὶ</span> <span class='ocrx_word' id='word_1_232' title='bbox 1319 2715 1499 2785; x_wconf 81' lang='grc' dir='ltr'>πολλῷ</span> <span class='ocrx_word' id='word_1_233' title='bbox 1525 2716 1632 2766; x_wconf 90' lang='grc' dir='ltr'>τῶν</span> <span class='ocrx_word' id='word_1_234' title='bbox 1663 2714 1811 2783; x_wconf 89' lang='grc' dir='ltr'>φιλο-</span> 
     </span>
    </p>
   </div>
   <div class='ocr_carea' id='block_1_31' title="bbox 151 2802 1810 2876">
    <p class='ocr_par' dir='ltr' id='par_1_31' title="bbox 151 2802 1810 2876">
     <span class='ocr_line' id='line_1_31' title="bbox 151 2802 1810 2876; baseline -0.002 -19"><span class='ocrx_word' id='word_1_235' title='bbox 151 2805 318 2874; x_wconf 75' lang='grc' dir='ltr'>σόφων</span> <span class='ocrx_word' id='word_1_236' title='bbox 343 2803 490 2861; x_wconf 81' lang='grc' dir='ltr'>οῦτοι</span> <span class='ocrx_word' id='word_1_237' title='bbox 525 2808 576 2858; x_wconf 87' lang='grc' dir='ltr'>οί</span> <span class='ocrx_word' id='word_1_238' title='bbox 606 2805 870 2876; x_wconf 82' lang='grc' dir='ltr'>βάρϐαροι</span> <span class='ocrx_word' id='word_1_239' title='bbox 905 2803 1330 2875; x_wconf 84' lang='grc' dir='ltr'>φιλοσοφώτεροι</span> <span class='ocrx_word' id='word_1_240' title='bbox 1359 2803 1673 2873; x_wconf 91' lang='grc' dir='ltr'>ἐτύγχανον.</span> <span class='ocrx_word' id='word_1_241' title='bbox 1702 2802 1810 2855; x_wconf 81' lang='grc' dir='ltr'>Αύ-</span> 
     </span>
    </p>
   </div>
   <div class='ocr_carea' id='block_1_32' title="bbox 149 2891 1812 2966">
    <p class='ocr_par' dir='ltr' id='par_1_32' title="bbox 149 2891 1812 2966">
     <span class='ocr_line' id='line_1_32' title="bbox 149 2891 1812 2966; baseline -0.002 -20"><span class='ocrx_word' id='word_1_242' title='bbox 149 2895 223 2946; x_wconf 72' lang='grc' dir='ltr'>τοὶ</span> <span class='ocrx_word' id='word_1_243' title='bbox 249 2897 344 2965; x_wconf 88' lang='grc' dir='ltr'>μέν</span> <span class='ocrx_word' id='word_1_244' title='bbox 373 2896 482 2966; x_wconf 73' lang='grc' dir='ltr'>γὰρ</span> <span class='ocrx_word' id='word_1_245' title='bbox 511 2896 617 2949; x_wconf 76' lang='grc' dir='ltr'>οὐκ</span> <span class='ocrx_word' id='word_1_246' title='bbox 645 2896 840 2964; x_wconf 79' lang='grc' dir='ltr'>ἀφιᾶσι</span> <span class='ocrx_word' id='word_1_247' title='bbox 877 2893 1136 2965; x_wconf 85' lang='grc' dir='ltr'>προνοίας</span> <span class='ocrx_word' id='word_1_248' title='bbox 1174 2893 1471 2946; x_wconf 76' lang='grc' dir='ltr'>ἀπολαύειν</span> <span class='ocrx_word' id='word_1_249' title='bbox 1497 2893 1565 2943; x_wconf 86' lang='grc' dir='ltr'>τὰ</span> <span class='ocrx_word' id='word_1_250' title='bbox 1588 2891 1692 2943; x_wconf 79' lang='grc' dir='ltr'>ὑπὸ</span> <span class='ocrx_word' id='word_1_251' title='bbox 1723 2907 1812 2942; x_wconf 90' lang='grc' dir='ltr'>σε-</span> 
     </span>
    </p>
   </div>
   <div class='ocr_carea' id='block_1_33' title="bbox 149 2977 1814 3052">
    <p class='ocr_par' dir='ltr' id='par_1_33' title="bbox 149 2977 1814 3052">
     <span class='ocr_line' id='line_1_33' title="bbox 149 2977 1814 3052; baseline -0.002 -20"><span class='ocrx_word' id='word_1_252' title='bbox 149 2977 322 3051; x_wconf 87' lang='grc' dir='ltr'>λήνην·</span> <span class='ocrx_word' id='word_1_253' title='bbox 355 2984 404 3035; x_wconf 83' lang='grc' dir='ltr'>οί</span> <span class='ocrx_word' id='word_1_254' title='bbox 434 2984 493 3036; x_wconf 85' lang='grc' dir='ltr'>δέ</span> <span class='ocrx_word' id='word_1_255' title='bbox 525 2982 805 3052; x_wconf 82' lang='grc' dir='ltr'>πανταχοῦ</span> <span class='ocrx_word' id='word_1_256' title='bbox 837 2981 1116 3052; x_wconf 78' lang='grc' dir='ltr'>νομίζουσι</span> <span class='ocrx_word' id='word_1_257' title='bbox 1149 2983 1403 3052; x_wconf 87' lang='grc' dir='ltr'>παρεῖναι</span> <span class='ocrx_word' id='word_1_258' title='bbox 1426 2980 1514 3033; x_wconf 91' lang='grc' dir='ltr'>τὸν</span> <span class='ocrx_word' id='word_1_259' title='bbox 1546 2979 1698 3041; x_wconf 80' lang='grc' dir='ltr'>Θεὸν,</span> <span class='ocrx_word' id='word_1_260' title='bbox 1722 2979 1814 3029; x_wconf 73' lang='grc' dir='ltr'>καὶ</span> 
     </span>
    </p>
   </div>
   <div class='ocr_carea' id='block_1_34' title="bbox 147 3065 1810 3139">
    <p class='ocr_par' dir='ltr' id='par_1_34' title="bbox 147 3065 1810 3139">
     <span class='ocr_line' id='line_1_34' title="bbox 147 3065 1810 3139; baseline -0.002 -19"><span class='ocrx_word' id='word_1_261' title='bbox 147 3069 238 3131; x_wconf 80' lang='grc' dir='ltr'>ὅτι,</span> <span class='ocrx_word' id='word_1_262' title='bbox 268 3070 368 3123; x_wconf 81' lang='grc' dir='ltr'>κᾶν</span> <span class='ocrx_word' id='word_1_263' title='bbox 405 3070 584 3124; x_wconf 90' lang='grc' dir='ltr'>πολλά</span> <span class='ocrx_word' id='word_1_264' title='bbox 610 3087 692 3133; x_wconf 91' lang='grc' dir='ltr'>τις</span> <span class='ocrx_word' id='word_1_265' title='bbox 723 3068 960 3139; x_wconf 75' lang='grc' dir='ltr'>διαφύγῃ</span> <span class='ocrx_word' id='word_1_266' title='bbox 987 3110 1001 3133; x_wconf 88' lang='grc'>,</span> <span class='ocrx_word' id='word_1_267' title='bbox 1037 3069 1096 3121; x_wconf 83' lang='grc' dir='ltr'>οὐ</span> <span class='ocrx_word' id='word_1_268' title='bbox 1139 3066 1486 3135; x_wconf 78' lang='grc' dir='ltr'>διαφεύξεται</span> <span class='ocrx_word' id='word_1_269' title='bbox 1522 3067 1602 3128; x_wconf 84' lang='grc' dir='ltr'>είς</span> <span class='ocrx_word' id='word_1_270' title='bbox 1637 3065 1810 3127; x_wconf 86' lang='grc' dir='ltr'>τέλος.</span> 
     </span>
    </p>
   </div>
   <div class='ocr_carea' id='block_1_35' title="bbox 149 3153 1813 3228">
    <p class='ocr_par' dir='ltr' id='par_1_35' title="bbox 149 3153 1813 3228">
     <span class='ocr_line' id='line_1_35' title="bbox 149 3153 1813 3228; baseline -0.003 -18"><span class='ocrx_word' id='word_1_271' title='bbox 149 3157 248 3210; x_wconf 80' lang='lat' dir='ltr'><strong><em>Kal</em></strong></span> <span class='ocrx_word' id='word_1_272' title='bbox 287 3159 406 3228; x_wconf 84' lang='grc' dir='ltr'>ὅρα,</span> <span class='ocrx_word' id='word_1_273' title='bbox 451 3159 577 3221; x_wconf 85' lang='grc' dir='ltr'>πῶς</span> <span class='ocrx_word' id='word_1_274' title='bbox 627 3157 727 3210; x_wconf 84' lang='grc' dir='ltr'>ούκ</span> <span class='ocrx_word' id='word_1_275' title='bbox 763 3156 1096 3210; x_wconf 84' lang='grc' dir='ltr'>ἐπιτίθενται</span> <span class='ocrx_word' id='word_1_276' title='bbox 1144 3155 1338 3217; x_wconf 85' lang='grc' dir='ltr'>διόλου,</span> <span class='ocrx_word' id='word_1_277' title='bbox 1383 3154 1497 3207; x_wconf 86' lang='grc' dir='ltr'>ἀλλ’</span> <span class='ocrx_word' id='word_1_278' title='bbox 1544 3153 1813 3206; x_wconf 77' lang='grc' dir='ltr'>αἰδοῦνται</span> 
     </span>
    </p>
   </div>
   <div class='ocr_carea' id='block_1_36' title="bbox 147 3240 1816 3315">
    <p class='ocr_par' dir='ltr' id='par_1_36' title="bbox 147 3240 1816 3315">
     <span class='ocr_line' id='line_1_36' title="bbox 147 3240 1816 3315; baseline -0.001 -21"><span class='ocrx_word' id='word_1_279' title='bbox 147 3242 270 3306; x_wconf 81' lang='grc' dir='ltr'>τέως</span> <span class='ocrx_word' id='word_1_280' title='bbox 298 3245 383 3298; x_wconf 80' lang='grc' dir='ltr'>διὰ</span> <span class='ocrx_word' id='word_1_281' title='bbox 406 3246 510 3315; x_wconf 79' lang='grc' dir='ltr'>τὴν</span> <span class='ocrx_word' id='word_1_282' title='bbox 539 3243 830 3313; x_wconf 84' lang='grc' dir='ltr'>συμφοράν</span> <span class='ocrx_word' id='word_1_283' title='bbox 847 3257 860 3269; x_wconf 82' lang='lat'><strong><em>°</em></strong></span> <span class='ocrx_word' id='word_1_284' title='bbox 885 3244 1006 3296; x_wconf 79' lang='grc' dir='ltr'>οὐδὲ</span> <span class='ocrx_word' id='word_1_285' title='bbox 1029 3243 1492 3312; x_wconf 85' lang='grc' dir='ltr'>ἐκπομπεύουσιν,</span> <span class='ocrx_word' id='word_1_286' title='bbox 1520 3241 1653 3294; x_wconf 84' lang='grc' dir='ltr'>ἀλλά</span> <span class='ocrx_word' id='word_1_287' title='bbox 1678 3240 1816 3310; x_wconf 87' lang='grc' dir='ltr'>πρὸς</span> 
     </span>
    </p>
   </div>
   <div class='ocr_carea' id='block_1_37' title="bbox 149 3329 1817 3402">
    <p class='ocr_par' dir='ltr' id='par_1_37' title="bbox 149 3329 1817 3402">
     <span class='ocr_line' id='line_1_37' title="bbox 149 3329 1817 3402; baseline -0.002 -20"><span class='ocrx_word' id='word_1_288' title='bbox 149 3329 395 3398; x_wconf 81' lang='grc' dir='ltr'>ἀλλήλους</span> <span class='ocrx_word' id='word_1_289' title='bbox 425 3333 656 3402; x_wconf 82' lang='grc' dir='ltr'>λέγουσι</span> <span class='ocrx_word' id='word_1_290' title='bbox 675 3347 689 3360; x_wconf 75' lang='grc'><strong>⁸</strong></span> <span class='ocrx_word' id='word_1_291' title='bbox 725 3331 793 3384; x_wconf 79' lang='grc' dir='ltr'>τά</span> <span class='ocrx_word' id='word_1_292' title='bbox 834 3331 943 3402; x_wconf 82' lang='grc' dir='ltr'>γὰρ</span> <span class='ocrx_word' id='word_1_293' title='bbox 979 3331 1156 3400; x_wconf 73' lang='grc' dir='ltr'>δεσμά</span> <span class='ocrx_word' id='word_1_294' title='bbox 1181 3329 1340 3382; x_wconf 88' lang='grc' dir='ltr'>τοῦτο</span> <span class='ocrx_word' id='word_1_295' title='bbox 1369 3329 1650 3382; x_wconf 87' lang='grc' dir='ltr'>ἐδίδασκεν</span> <span class='ocrx_word' id='word_1_296' title='bbox 1685 3329 1817 3380; x_wconf 79' lang='grc' dir='ltr'>ὑπο-</span> 
     </span>
    </p>
   </div>
   <div class='ocr_carea' id='block_1_38' title="bbox 149 3413 1816 3488">
    <p class='ocr_par' dir='ltr' id='par_1_38' title="bbox 149 3413 1816 3488">
     <span class='ocr_line' id='line_1_38' title="bbox 149 3413 1816 3488; baseline -0.001 -19"><span class='ocrx_word' id='word_1_297' title='bbox 149 3419 383 3472; x_wconf 79' lang='grc' dir='ltr'>πτεύειν·</span> <span class='ocrx_word' id='word_1_298' title='bbox 418 3421 610 3474; x_wconf 86' lang='grc' dir='ltr'>καίτοι</span> <span class='ocrx_word' id='word_1_299' title='bbox 650 3418 927 3488; x_wconf 81' lang='grc' dir='ltr'>δεσμῶται</span> <span class='ocrx_word' id='word_1_300' title='bbox 962 3413 1122 3488; x_wconf 78' lang='grc' dir='ltr'>ἦσαν.</span> <span class='ocrx_word' id='word_1_301' title='bbox 1166 3415 1618 3485; x_wconf 81' lang='grc' dir='ltr'>Αίσχυνέσθωσαν</span> <span class='ocrx_word' id='word_1_302' title='bbox 1649 3415 1699 3466; x_wconf 89' lang='grc' dir='ltr'>οί</span> <span class='ocrx_word' id='word_1_303' title='bbox 1730 3413 1816 3467; x_wconf 84' lang='grc' dir='ltr'>λέ-</span> 
     </span>
    </p>
   </div>
   <div class='ocr_carea' id='block_1_39' title="bbox 150 3500 1818 3578">
    <p class='ocr_par' dir='ltr' id='par_1_39' title="bbox 150 3500 1818 3578">
     <span class='ocr_line' id='line_1_39' title="bbox 150 3500 1818 3578; baseline -0.003 -21"><span class='ocrx_word' id='word_1_304' title='bbox 150 3519 344 3570; x_wconf 84' lang='grc' dir='ltr'>γοντες,</span> <span class='ocrx_word' id='word_1_305' title='bbox 374 3509 468 3578; x_wconf 82' lang='grc' dir='ltr'>Μὴ</span> <span class='ocrx_word' id='word_1_306' title='bbox 489 3504 553 3561; x_wconf 76' lang='grc' dir='ltr'>εὖ</span> <span class='ocrx_word' id='word_1_307' title='bbox 582 3505 726 3558; x_wconf 84' lang='grc' dir='ltr'>ποίει</span> <span class='ocrx_word' id='word_1_308' title='bbox 753 3505 876 3567; x_wconf 82' lang='grc' dir='ltr'>τοὺς</span> <span class='ocrx_word' id='word_1_309' title='bbox 900 3506 959 3557; x_wconf 91' lang='grc' dir='ltr'>ἐν</span> <span class='ocrx_word' id='word_1_310' title='bbox 981 3507 1102 3567; x_wconf 86' lang='grc' dir='ltr'>ταῖς</span> <span class='ocrx_word' id='word_1_311' title='bbox 1126 3503 1414 3572; x_wconf 86' lang='grc' dir='ltr'>φυλακαῖς·</span> <span class='ocrx_word' id='word_1_312' title='bbox 1441 3500 1818 3570; x_wconf 80' lang='grc' dir='ltr'>αἰσχυνθῶμεν</span> 
     </span>
    </p>
   </div>
   <div class='ocr_carea' id='block_1_40' title="bbox 146 3585 1817 3666">
    <p class='ocr_par' dir='ltr' id='par_1_40' title="bbox 146 3585 1817 3666">
     <span class='ocr_line' id='line_1_40' title="bbox 146 3585 1817 3666; baseline -0.004 -22"><span class='ocrx_word' id='word_1_313' title='bbox 146 3593 260 3657; x_wconf 69' lang='grc' dir='ltr'>τοὺς</span> <span class='ocrx_word' id='word_1_314' title='bbox 290 3595 635 3666; x_wconf 79' lang='grc' dir='ltr'>βαρϐάρους·</span> <span class='ocrx_word' id='word_1_315' title='bbox 666 3593 726 3644; x_wconf 85' lang='grc' dir='ltr'>οὐ</span> <span class='ocrx_word' id='word_1_316' title='bbox 749 3591 858 3663; x_wconf 86' lang='grc' dir='ltr'>γὰρ</span> <span class='ocrx_word' id='word_1_317' title='bbox 887 3591 1084 3662; x_wconf 69' lang='grc' dir='ltr'>ᾔδεσαν</span> <span class='ocrx_word' id='word_1_318' title='bbox 1111 3590 1256 3654; x_wconf 90' lang='grc' dir='ltr'>τίνες</span> <span class='ocrx_word' id='word_1_319' title='bbox 1283 3585 1422 3660; x_wconf 81' lang='grc' dir='ltr'>ἦσαν</span> <span class='ocrx_word' id='word_1_320' title='bbox 1451 3591 1671 3650; x_wconf 85' lang='grc' dir='ltr'>ἐκεῖνοι,</span> <span class='ocrx_word' id='word_1_321' title='bbox 1702 3587 1817 3640; x_wconf 82' lang='grc' dir='ltr'>ἀλλ’</span> 
     </span>
    </p>
   </div>
   <div class='ocr_carea' id='block_1_41' title="bbox 148 3671 1816 3752">
    <p class='ocr_par' dir='ltr' id='par_1_41' title="bbox 148 3671 1816 3752">
     <span class='ocr_line' id='line_1_41' title="bbox 148 3671 1816 3752; baseline -0.003 -22"><span class='ocrx_word' id='word_1_322' title='bbox 148 3677 245 3733; x_wconf 76' lang='grc' dir='ltr'>ἀπὸ</span> <span class='ocrx_word' id='word_1_323' title='bbox 267 3681 364 3750; x_wconf 75' lang='grc' dir='ltr'>τῆς</span> <span class='ocrx_word' id='word_1_324' title='bbox 397 3699 462 3734; x_wconf 86' lang='grc' dir='ltr'>συ</span> <span class='ocrx_word' id='word_1_325' title='bbox 471 3681 699 3752; x_wconf 75' lang='grc' dir='ltr'>μφορᾱς</span> <span class='ocrx_word' id='word_1_326' title='bbox 719 3679 876 3742; x_wconf 91' lang='grc' dir='ltr'>τέως,</span> <span class='ocrx_word' id='word_1_327' title='bbox 901 3679 983 3730; x_wconf 84' lang='grc' dir='ltr'>ὅτι</span> <span class='ocrx_word' id='word_1_328' title='bbox 1006 3677 1280 3752; x_wconf 79' lang='grc' dir='ltr'>ἄνθρωποι</span> <span class='ocrx_word' id='word_1_329' title='bbox 1301 3671 1462 3746; x_wconf 83' lang='grc' dir='ltr'>ἦσαν,</span> <span class='ocrx_word' id='word_1_330' title='bbox 1493 3673 1816 3744; x_wconf 84' lang='grc' dir='ltr'>ἐμάνθανον·</span> 
     </span>
    </p>
   </div>
   <div class='ocr_carea' id='block_1_42' title="bbox 146 3761 1816 3838">
    <p class='ocr_par' dir='ltr' id='par_1_42' title="bbox 146 3761 1816 3838">
     <span class='ocr_line' id='line_1_42' title="bbox 146 3761 1816 3838; baseline -0.004 -20"><span class='ocrx_word' id='word_1_331' title='bbox 146 3764 218 3820; x_wconf 76' lang='grc' dir='ltr'>διὸ</span> <span class='ocrx_word' id='word_1_332' title='bbox 246 3770 337 3823; x_wconf 75' lang='grc' dir='ltr'>καὶ</span> <span class='ocrx_word' id='word_1_333' title='bbox 369 3767 793 3838; x_wconf 72' lang='grc' dir='ltr'>φιλανθρωπίας</span> <span class='ocrx_word' id='word_1_334' title='bbox 821 3765 1061 3836; x_wconf 78' lang='grc' dir='ltr'>ήξίωσαν</span> <span class='ocrx_word' id='word_1_335' title='bbox 1103 3763 1320 3826; x_wconf 79' lang='grc' dir='ltr'>αὐτούς.</span> <span class='ocrx_word' id='word_1_336' title='bbox 1375 3763 1499 3816; x_wconf 78' lang='grc' dir='ltr'>Ἐπὶ</span> <span class='ocrx_word' id='word_1_337' title='bbox 1535 3761 1693 3814; x_wconf 85' lang='grc' dir='ltr'>πολὺ</span> <span class='ocrx_word' id='word_1_338' title='bbox 1727 3761 1816 3823; x_wconf 80' lang='grc' dir='ltr'>δὲ,</span> 
     </span>
    </p>
   </div>
   <div class='ocr_carea' id='block_1_43' title="bbox 149 3847 1820 3925">
    <p class='ocr_par' dir='ltr' id='par_1_43' title="bbox 149 3847 1820 3925">
     <span class='ocr_line' id='line_1_43' title="bbox 149 3847 1820 3925; baseline -0.006 -18"><span class='ocrx_word' id='word_1_339' title='bbox 149 3854 290 3923; x_wconf 72' lang='grc' dir='ltr'>φησὶ,</span> <span class='ocrx_word' id='word_1_340' title='bbox 324 3852 812 3925; x_wconf 84' lang='grc' dir='ltr'>προσδοκώντων</span> <span class='ocrx_word' id='word_1_341' title='bbox 836 3851 1053 3915; x_wconf 79' lang='grc' dir='ltr'>αὐτῶν,</span> <span class='ocrx_word' id='word_1_342' title='bbox 1081 3852 1380 3912; x_wconf 83' lang='grc' dir='ltr'>τουτέστιν,</span> <span class='ocrx_word' id='word_1_343' title='bbox 1405 3849 1480 3912; x_wconf 81' lang='grc' dir='ltr'>ὡς</span> <span class='ocrx_word' id='word_1_344' title='bbox 1504 3847 1668 3900; x_wconf 77' lang='grc' dir='ltr'>πολὺν</span> <span class='ocrx_word' id='word_1_345' title='bbox 1689 3847 1820 3916; x_wconf 84' lang='grc' dir='ltr'>χρό-</span> 
     </span>
    </p>
   </div>
   <div class='ocr_carea' id='block_1_44' title="bbox 149 3937 1822 4017">
    <p class='ocr_par' dir='ltr' id='par_1_44' title="bbox 149 3937 1822 4017">
     <span class='ocr_line' id='line_1_44' title="bbox 149 3937 1822 4017; baseline -0.003 -21"><span class='ocrx_word' id='word_1_346' title='bbox 149 3958 228 3996; x_wconf 84' lang='grc' dir='ltr'>νον</span> <span class='ocrx_word' id='word_1_347' title='bbox 253 3944 528 4017; x_wconf 81' lang='grc' dir='ltr'>ἀνέμενον</span> <span class='ocrx_word' id='word_1_348' title='bbox 566 3942 976 3996; x_wconf 89' lang='grc' dir='ltr'>ἀποθανεῖσθαι.</span> <span class='ocrx_word' id='word_1_349' title='bbox 1016 3943 1072 3996; x_wconf 84' lang='grc' dir='ltr'><strong>Ὀ</strong></span> <span class='ocrx_word' id='word_1_350' title='bbox 1096 3941 1153 3994; x_wconf 82' lang='grc' dir='ltr'>δὲ</span> <span class='ocrx_word' id='word_1_351' title='bbox 1187 3941 1248 3994; x_wconf 91' lang='grc' dir='ltr'>τό</span> <span class='ocrx_word' id='word_1_352' title='bbox 1277 3957 1333 3993; x_wconf 91' lang='grc' dir='ltr'>τε</span> <span class='ocrx_word' id='word_1_353' title='bbox 1367 3939 1553 4011; x_wconf 78' lang='grc' dir='ltr'>θηρίον</span> <span class='ocrx_word' id='word_1_354' title='bbox 1584 3937 1822 4002; x_wconf 81' lang='grc' dir='ltr'>ἐξετίνα-</span> 
     </span>
    </p>
   </div>
   <div class='ocr_carea' id='block_1_45' title="bbox 148 4024 1817 4102">
    <p class='ocr_par' dir='ltr' id='par_1_45' title="bbox 148 4024 1817 4102">
     <span class='ocr_line' id='line_1_45' title="bbox 148 4024 1817 4102; baseline -0.004 -20"><span class='ocrx_word' id='word_1_355' title='bbox 148 4028 228 4092; x_wconf 76' lang='grc' dir='ltr'>ξεν</span> <span class='ocrx_word' id='word_1_356' title='bbox 261 4034 339 4095; x_wconf 85' lang='grc' dir='ltr'>είς</span> <span class='ocrx_word' id='word_1_357' title='bbox 362 4032 427 4085; x_wconf 89' lang='grc' dir='ltr'>τὸ</span> <span class='ocrx_word' id='word_1_358' title='bbox 465 4031 610 4102; x_wconf 85' lang='grc' dir='ltr'>πῦρ,</span> <span class='ocrx_word' id='word_1_359' title='bbox 659 4031 754 4084; x_wconf 69' lang='grc' dir='ltr'>καὶ</span> <span class='ocrx_word' id='word_1_360' title='bbox 792 4030 889 4102; x_wconf 81' lang='grc' dir='ltr'>τὴν</span> <span class='ocrx_word' id='word_1_361' title='bbox 920 4032 1075 4102; x_wconf 87' lang='grc' dir='ltr'>χεῖρα</span> <span class='ocrx_word' id='word_1_362' title='bbox 1114 4028 1282 4092; x_wconf 80' lang='grc' dir='ltr'>ἔδειξε</span> <span class='ocrx_word' id='word_1_363' title='bbox 1317 4027 1591 4081; x_wconf 81' lang='grc' dir='ltr'>παθοῦσαν</span> <span class='ocrx_word' id='word_1_364' title='bbox 1633 4024 1817 4095; x_wconf 87' lang='grc' dir='ltr'>μηδέν.</span> 
     </span>
    </p>
   </div>
   <div class='ocr_carea' id='block_1_46' title="bbox 147 4111 1824 4186">
    <p class='ocr_par' dir='ltr' id='par_1_46' title="bbox 147 4111 1824 4186">
     <span class='ocr_line' id='line_1_46' title="bbox 147 4111 1824 4186; baseline -0.005 -16"><span class='ocrx_word' id='word_1_365' title='bbox 147 4113 307 4172; x_wconf 83' lang='grc' dir='ltr'>Τοῦτο</span> <span class='ocrx_word' id='word_1_366' title='bbox 361 4119 576 4181; x_wconf 81' lang='grc' dir='ltr'>ἰδόντες</span> <span class='ocrx_word' id='word_1_367' title='bbox 615 4118 711 4170; x_wconf 71' lang='grc' dir='ltr'>καὶ</span> <span class='ocrx_word' id='word_1_368' title='bbox 761 4117 1141 4186; x_wconf 76' lang='grc' dir='ltr'>ἐξεπλάγησαν</span> <span class='ocrx_word' id='word_1_369' title='bbox 1188 4116 1282 4168; x_wconf 70' lang='grc' dir='ltr'>καὶ</span> <span class='ocrx_word' id='word_1_370' title='bbox 1321 4112 1659 4183; x_wconf 85' lang='grc' dir='ltr'>ἐθαύμασαν.</span> <span class='ocrx_word' id='word_1_371' title='bbox 1708 4111 1824 4164; x_wconf 84' lang='grc' dir='ltr'>Ούκ</span> 
     </span>
    </p>
   </div>
   <div class='ocr_carea' id='block_1_47' title="bbox 144 4197 1822 4275">
    <p class='ocr_par' dir='ltr' id='par_1_47' title="bbox 144 4197 1822 4275">
     <span class='ocr_line' id='line_1_47' title="bbox 144 4197 1822 4275; baseline -0.003 -20"><span class='ocrx_word' id='word_1_372' title='bbox 144 4203 352 4273; x_wconf 79' lang='grc' dir='ltr'>ἐγένετο</span> <span class='ocrx_word' id='word_1_373' title='bbox 387 4207 446 4260; x_wconf 83' lang='grc' dir='ltr'>δέ</span> <span class='ocrx_word' id='word_1_374' title='bbox 477 4207 544 4260; x_wconf 86' lang='grc' dir='ltr'>τὸ</span> <span class='ocrx_word' id='word_1_375' title='bbox 584 4208 812 4275; x_wconf 87' lang='grc' dir='ltr'>σημεῖον</span> <span class='ocrx_word' id='word_1_376' title='bbox 866 4205 1050 4266; x_wconf 78' lang='grc' dir='ltr'>εὐθὺς.</span> <span class='ocrx_word' id='word_1_377' title='bbox 1081 4202 1215 4256; x_wconf 76' lang='grc' dir='ltr'>ἀλλὰ</span> <span class='ocrx_word' id='word_1_378' title='bbox 1249 4199 1324 4271; x_wconf 79' lang='grc' dir='ltr'>τῷ</span> <span class='ocrx_word' id='word_1_379' title='bbox 1355 4199 1530 4271; x_wconf 83' lang='grc' dir='ltr'>χρόνῳ</span> <span class='ocrx_word' id='word_1_380' title='bbox 1564 4197 1822 4268; x_wconf 84' lang='grc' dir='ltr'>ἐνδιέτρι-</span> 
     </span>
    </p>
   </div>
   <div class='ocr_carea' id='block_1_48' title="bbox 143 4279 1820 4364">
    <p class='ocr_par' dir='ltr' id='par_1_48' title="bbox 143 4279 1820 4364">
     <span class='ocr_line' id='line_1_48' title="bbox 143 4279 1820 4364; baseline -0.005 -21"><span class='ocrx_word' id='word_1_381' title='bbox 143 4289 243 4358; x_wconf 73' lang='grc' dir='ltr'>ψαν</span> <span class='ocrx_word' id='word_1_382' title='bbox 264 4293 313 4345; x_wconf 88' lang='grc' dir='ltr'>οἱ</span> <span class='ocrx_word' id='word_1_383' title='bbox 344 4293 658 4364; x_wconf 70' lang='grc' dir='ltr'>ἄνθρωποι,</span> <span class='ocrx_word' id='word_1_384' title='bbox 687 4289 829 4344; x_wconf 76' lang='grc' dir='ltr'>ὥστε</span> <span class='ocrx_word' id='word_1_385' title='bbox 869 4291 942 4360; x_wconf 78' lang='grc' dir='ltr'>μή</span> <span class='ocrx_word' id='word_1_386' title='bbox 974 4288 1120 4352; x_wconf 78' lang='grc' dir='ltr'>δόξαι</span> <span class='ocrx_word' id='word_1_387' title='bbox 1151 4286 1452 4358; x_wconf 81' lang='grc' dir='ltr'>φαντασίας</span> <span class='ocrx_word' id='word_1_388' title='bbox 1484 4284 1632 4356; x_wconf 72' lang='grc' dir='ltr'>[ωτι</span> <span class='ocrx_word' id='word_1_389' title='bbox 1662 4279 1820 4336; x_wconf 83' lang='grc' dir='ltr'>εἶναι·</span> 
     </span>
    </p>
   </div>
   <div class='ocr_carea' id='block_1_49' title="bbox 139 4369 1824 4451">
    <p class='ocr_par' dir='ltr' id='par_1_49' title="bbox 139 4369 1824 4451">
     <span class='ocr_line' id='line_1_49' title="bbox 139 4369 1824 4451; baseline -0.005 -21"><span class='ocrx_word' id='word_1_390' title='bbox 139 4377 307 4444; x_wconf 79' lang='grc' dir='ltr'>οὕτως</span> <span class='ocrx_word' id='word_1_391' title='bbox 338 4380 444 4434; x_wconf 79' lang='grc' dir='ltr'>οὐκ</span> <span class='ocrx_word' id='word_1_392' title='bbox 484 4376 560 4451; x_wconf 78' lang='grc' dir='ltr'>ἦν</span> <span class='ocrx_word' id='word_1_393' title='bbox 592 4377 798 4446; x_wconf 88' lang='grc' dir='ltr'>ἀπάτη,</span> <span class='ocrx_word' id='word_1_394' title='bbox 844 4379 945 4430; x_wconf 78' lang='grc' dir='ltr'>οὐκ</span> <span class='ocrx_word' id='word_1_395' title='bbox 972 4371 1039 4446; x_wconf 81' lang='grc' dir='ltr'>ἦν</span> <span class='ocrx_word' id='word_1_396' title='bbox 1076 4376 1420 4444; x_wconf 85' lang='grc' dir='ltr'>συναρπαγή.</span> <span class='ocrx_word' id='word_1_397' title='bbox 1468 4373 1569 4426; x_wconf 84' lang='grc' dir='ltr'>Ἐν</span> <span class='ocrx_word' id='word_1_398' title='bbox 1600 4371 1667 4423; x_wconf 80' lang='grc' dir='ltr'>δὲ</span> <span class='ocrx_word' id='word_1_399' title='bbox 1702 4369 1824 4434; x_wconf 86' lang='grc' dir='ltr'>τοῖς</span> 
     </span>
    </p>
   </div>
   <div class='ocr_carea' id='block_1_50' title="bbox 143 4455 1823 4532">
    <p class='ocr_par' dir='ltr' id='par_1_50' title="bbox 143 4455 1823 4532">
     <span class='ocr_line' id='line_1_50' title="bbox 143 4455 1823 4532; baseline -0.005 -14"><span class='ocrx_word' id='word_1_400' title='bbox 143 4467 266 4532; x_wconf 79' lang='grc' dir='ltr'>περι</span> <span class='ocrx_word' id='word_1_401' title='bbox 294 4467 404 4520; x_wconf 81' lang='grc' dir='ltr'>τὸν</span> <span class='ocrx_word' id='word_1_402' title='bbox 435 4469 637 4520; x_wconf 86' lang='grc' dir='ltr'>τόπον</span> <span class='ocrx_word' id='word_1_403' title='bbox 659 4464 894 4518; x_wconf 83' lang='grc' dir='ltr'>ἐκεῖνον</span> <span class='ocrx_word' id='word_1_404' title='bbox 915 4461 1151 4532; x_wconf 82' lang='grc' dir='ltr'>ὑπῆρχε</span> <span class='ocrx_word' id='word_1_405' title='bbox 1177 4462 1356 4530; x_wconf 79' lang='grc' dir='ltr'>χωρία</span> <span class='ocrx_word' id='word_1_406' title='bbox 1384 4459 1463 4524; x_wconf 86' lang='grc' dir='ltr'>τῷ</span> <span class='ocrx_word' id='word_1_407' title='bbox 1485 4458 1690 4526; x_wconf 83' lang='grc' dir='ltr'>πρώτῳ</span> <span class='ocrx_word' id='word_1_408' title='bbox 1715 4455 1823 4522; x_wconf 77' lang='grc' dir='ltr'>τῆς</span> 
     </span>
    </p>
   </div>
   <div class='ocr_carea' id='block_1_51' title="bbox 140 4543 1825 4623">
    <p class='ocr_par' dir='ltr' id='par_1_51' title="bbox 140 4543 1825 4623">
     <span class='ocr_line' id='line_1_51' title="bbox 140 4543 1825 4623; baseline -0.007 -14"><span class='ocrx_word' id='word_1_409' title='bbox 140 4553 355 4622; x_wconf 78' lang='grc' dir='ltr'>νήσου,</span> <span class='ocrx_word' id='word_1_410' title='bbox 407 4555 668 4623; x_wconf 85' lang='grc' dir='ltr'>ὀνόματι</span> <span class='ocrx_word' id='word_1_411' title='bbox 724 4551 996 4614; x_wconf 85' lang='grc' dir='ltr'>Ποπλίῳ·</span> <span class='ocrx_word' id='word_1_412' title='bbox 1047 4549 1116 4615; x_wconf 86' lang='grc' dir='ltr'>ὃς</span> <span class='ocrx_word' id='word_1_413' title='bbox 1176 4545 1622 4616; x_wconf 77' lang='grc' dir='ltr'>ἀναδεξάμενος</span> <span class='ocrx_word' id='word_1_414' title='bbox 1665 4543 1825 4614; x_wconf 73' lang='grc' dir='ltr'>ἡμᾶς</span> 
     </span>
    </p>
   </div>
   <div class='ocr_carea' id='block_1_52' title="bbox 141 4630 1823 4708">
    <p class='ocr_par' dir='ltr' id='par_1_52' title="bbox 141 4630 1823 4708">
     <span class='ocr_line' id='line_1_52' title="bbox 141 4630 1823 4708; baseline -0.007 -14"><span class='ocrx_word' id='word_1_415' title='bbox 141 4643 528 4708; x_wconf 65' lang='grc' dir='ltr'>φιλοφρόνως</span> <span class='ocrx_word' id='word_1_416' title='bbox 548 4640 808 4704; x_wconf 75' lang='grc' dir='ltr'>ἐξένισε.</span> <span class='ocrx_word' id='word_1_417' title='bbox 833 4635 1028 4699; x_wconf 84' lang='grc' dir='ltr'>Καλῶς</span> <span class='ocrx_word' id='word_1_418' title='bbox 1055 4635 1226 4698; x_wconf 72' lang='grc' dir='ltr'>οὕτως</span> <span class='ocrx_word' id='word_1_419' title='bbox 1252 4630 1394 4686; x_wconf 75' lang='grc' dir='ltr'>εἷπε·</span> <span class='ocrx_word' id='word_1_420' title='bbox 1426 4631 1823 4702; x_wconf 81' lang='grc' dir='ltr'>φιλοφροσύνης</span> 
     </span>
    </p>
   </div>
   <div class='ocr_carea' id='block_1_53' title="bbox 142 4719 1821 4799">
    <p class='ocr_par' dir='ltr' id='par_1_53' title="bbox 142 4719 1821 4799">
     <span class='ocr_line' id='line_1_53' title="bbox 142 4719 1821 4799; baseline -0.007 -18"><span class='ocrx_word' id='word_1_421' title='bbox 142 4725 243 4798; x_wconf 68' lang='grc' dir='ltr'>γὰρ</span> <span class='ocrx_word' id='word_1_422' title='bbox 272 4729 556 4799; x_wconf 78' lang='grc' dir='ltr'>μεγάλης,</span> <span class='ocrx_word' id='word_1_423' title='bbox 591 4726 872 4788; x_wconf 82' lang='grc' dir='ltr'>διακοσίας</span> <span class='ocrx_word' id='word_1_424' title='bbox 901 4724 1275 4794; x_wconf 88' lang='grc' dir='ltr'>ἐϐδομήκοντα</span> <span class='ocrx_word' id='word_1_425' title='bbox 1303 4721 1366 4772; x_wconf 89' lang='grc' dir='ltr'>τὸ</span> <span class='ocrx_word' id='word_1_426' title='bbox 1393 4719 1596 4784; x_wconf 81' lang='grc' dir='ltr'>ξενίσαι</span> <span class='ocrx_word' id='word_1_427' title='bbox 1623 4719 1821 4789; x_wconf 65' lang='grc' dir='ltr'>ψυχάς.</span> 
     </span>
    </p>
   </div>
   <div class='ocr_carea' id='block_1_54' title="bbox 151 4806 1826 4885">
    <p class='ocr_par' dir='ltr' id='par_1_54' title="bbox 151 4806 1826 4885">
     <span class='ocr_line' id='line_1_54' title="bbox 151 4806 1826 4885; baseline -0.005 -19"><span class='ocrx_word' id='word_1_428' title='bbox 151 4813 436 4885; x_wconf 80' lang='grc' dir='ltr'>Ἐννόησον</span> <span class='ocrx_word' id='word_1_429' title='bbox 461 4817 567 4882; x_wconf 69' lang='grc' dir='ltr'>τῆς</span> <span class='ocrx_word' id='word_1_430' title='bbox 591 4812 892 4882; x_wconf 71' lang='grc' dir='ltr'>φιλοξενίας</span> <span class='ocrx_word' id='word_1_431' title='bbox 913 4813 1037 4864; x_wconf 77' lang='grc' dir='ltr'>ὅσον</span> <span class='ocrx_word' id='word_1_432' title='bbox 1060 4810 1118 4862; x_wconf 92' lang='grc' dir='ltr'>τὸ</span> <span class='ocrx_word' id='word_1_433' title='bbox 1138 4810 1198 4862; x_wconf 81' lang='grc' dir='ltr'>κέ</span> <span class='ocrx_word' id='word_1_434' title='bbox 1208 4809 1345 4878; x_wconf 68' lang='grc' dir='ltr'>ρδοςο</span> <span class='ocrx_word' id='word_1_435' title='bbox 1370 4808 1468 4876; x_wconf 79' lang='grc' dir='ltr'>οὐχ</span> <span class='ocrx_word' id='word_1_436' title='bbox 1486 4806 1560 4869; x_wconf 85' lang='grc' dir='ltr'>ῶς</span> <span class='ocrx_word' id='word_1_437' title='bbox 1580 4807 1826 4875; x_wconf 83' lang='grc' dir='ltr'>ἀνάγκης</span> 
     </span>
    </p>
   </div>
   <div class='ocr_carea' id='block_1_55' title="bbox 140 4894 1826 4970">
    <p class='ocr_par' dir='ltr' id='par_1_55' title="bbox 140 4894 1826 4970">
     <span class='ocr_line' id='line_1_55' title="bbox 140 4894 1826 4970; baseline -0.004 -19"><span class='ocrx_word' id='word_1_438' title='bbox 140 4899 301 4970; x_wconf 82' lang='grc' dir='ltr'>οῦσης</span> <span class='ocrx_word' id='word_1_439' title='bbox 332 4903 461 4955; x_wconf 77' lang='grc' dir='ltr'>ούδέ</span> <span class='ocrx_word' id='word_1_440' title='bbox 493 4901 575 4964; x_wconf 82' lang='grc' dir='ltr'>ὡς</span> <span class='ocrx_word' id='word_1_441' title='bbox 611 4901 782 4963; x_wconf 79' lang='grc' dir='ltr'>ἄκων,</span> <span class='ocrx_word' id='word_1_442' title='bbox 815 4899 928 4950; x_wconf 77' lang='grc' dir='ltr'>ἀλλ’</span> <span class='ocrx_word' id='word_1_443' title='bbox 974 4898 1050 4960; x_wconf 83' lang='grc' dir='ltr'>ὡς</span> <span class='ocrx_word' id='word_1_444' title='bbox 1085 4897 1274 4967; x_wconf 86' lang='grc' dir='ltr'>κέρδος</span> <span class='ocrx_word' id='word_1_445' title='bbox 1318 4894 1632 4963; x_wconf 84' lang='grc' dir='ltr'>τιθέμενος,</span> <span class='ocrx_word' id='word_1_446' title='bbox 1677 4895 1826 4962; x_wconf 83' lang='grc' dir='ltr'>τρεῖς</span> 
     </span>
    </p>
   </div>
   <div class='ocr_carea' id='block_1_56' title="bbox 138 4980 1828 5056">
    <p class='ocr_par' dir='ltr' id='par_1_56' title="bbox 138 4980 1828 5056">
     <span class='ocr_line' id='line_1_56' title="bbox 138 4980 1828 5056; baseline -0.007 -14"><span class='ocrx_word' id='word_1_447' title='bbox 138 4987 349 5056; x_wconf 75' lang='grc' dir='ltr'>ἡμέρας</span> <span class='ocrx_word' id='word_1_448' title='bbox 385 4988 640 5053; x_wconf 82' lang='grc' dir='ltr'>ἐξένισεν</span> <span class='ocrx_word' id='word_1_449' title='bbox 669 4985 884 5047; x_wconf 79' lang='grc' dir='ltr'>αὐτούς.</span> <span class='ocrx_word' id='word_1_450' title='bbox 931 4984 1022 5037; x_wconf 84' lang='grc' dir='ltr'>Διὸ</span> <span class='ocrx_word' id='word_1_451' title='bbox 1061 4985 1154 5036; x_wconf 68' lang='grc' dir='ltr'>καὶ</span> <span class='ocrx_word' id='word_1_452' title='bbox 1181 4981 1415 5052; x_wconf 81' lang='grc' dir='ltr'>ἀμοιϐὴν</span> <span class='ocrx_word' id='word_1_453' title='bbox 1440 4984 1538 5052; x_wconf 79' lang='grc' dir='ltr'>τῆς</span> <span class='ocrx_word' id='word_1_454' title='bbox 1573 4980 1828 5050; x_wconf 89' lang='grc' dir='ltr'>τοιαύτης</span> 
     </span>
    </p>
   </div>
   <div class='ocr_carea' id='block_1_57' title="bbox 140 5061 1823 5136">
    <p class='ocr_par' dir='ltr' id='par_1_57' title="bbox 140 5061 1823 5136">
     <span class='ocr_line' id='line_1_57' title="bbox 140 5061 1823 5136; baseline -0.003 -18"><span class='ocrx_word' id='word_1_455' title='bbox 140 5069 449 5134; x_wconf 76' lang='grc' dir='ltr'>φιλοξενίας</span> <span class='ocrx_word' id='word_1_456' title='bbox 472 5069 706 5131; x_wconf 82' lang='grc' dir='ltr'>είκότως</span> <span class='ocrx_word' id='word_1_457' title='bbox 727 5067 1014 5136; x_wconf 89' lang='grc' dir='ltr'>λαμϐάνει,</span> <span class='ocrx_word' id='word_1_458' title='bbox 1029 5066 1121 5119; x_wconf 74' lang='grc' dir='ltr'>καὶ</span> <span class='ocrx_word' id='word_1_459' title='bbox 1144 5063 1320 5134; x_wconf 87' lang='grc' dir='ltr'>πολλῷ</span> <span class='ocrx_word' id='word_1_460' title='bbox 1340 5061 1611 5135; x_wconf 77' lang='grc' dir='ltr'>μείζοναῆ</span> <span class='ocrx_word' id='word_1_461' title='bbox 1635 5062 1823 5114; x_wconf 78' lang='grc' dir='ltr'>ἔδωκε’</span> 
     </span>
    </p>
   </div>
   <div class='ocr_carea' id='block_1_58' title="bbox 138 5149 1826 5228">
    <p class='ocr_par' dir='ltr' id='par_1_58' title="bbox 138 5149 1826 5228">
     <span class='ocr_line' id='line_1_58' title="bbox 138 5149 1826 5228; baseline -0.004 -23"><span class='ocrx_word' id='word_1_462' title='bbox 138 5155 225 5208; x_wconf 82' lang='grc' dir='ltr'>τὸν</span> <span class='ocrx_word' id='word_1_463' title='bbox 251 5158 366 5228; x_wconf 80' lang='grc' dir='ltr'>γὰρ</span> <span class='ocrx_word' id='word_1_464' title='bbox 390 5159 619 5228; x_wconf 79' lang='grc' dir='ltr'>πατέρα</span> <span class='ocrx_word' id='word_1_465' title='bbox 641 5153 806 5208; x_wconf 80' lang='grc' dir='ltr'>αὐτοῦ</span> <span class='ocrx_word' id='word_1_466' title='bbox 827 5151 1120 5221; x_wconf 86' lang='grc' dir='ltr'>θεραπεύει</span> <span class='ocrx_word' id='word_1_467' title='bbox 1140 5151 1245 5204; x_wconf 84' lang='grc' dir='ltr'>ὑπὸ</span> <span class='ocrx_word' id='word_1_468' title='bbox 1265 5149 1613 5219; x_wconf 87' lang='grc' dir='ltr'>δυσεντερίας</span> <span class='ocrx_word' id='word_1_469' title='bbox 1641 5149 1826 5210; x_wconf 90' lang='grc' dir='ltr'>κακῶς</span> 
     </span>
    </p>
   </div>
   <div class='ocr_carea' id='block_1_59' title="bbox 142 5235 1828 5311">
    <p class='ocr_par' dir='ltr' id='par_1_59' title="bbox 142 5235 1828 5311">
     <span class='ocr_line' id='line_1_59' title="bbox 142 5235 1828 5311; baseline -0.003 -19"><span class='ocrx_word' id='word_1_470' title='bbox 142 5241 443 5311; x_wconf 76' lang='grc' dir='ltr'>πάσχοντα·</span> <span class='ocrx_word' id='word_1_471' title='bbox 478 5243 548 5295; x_wconf 72' lang='grc' dir='ltr'>οὐ</span> <span class='ocrx_word' id='word_1_472' title='bbox 584 5241 744 5311; x_wconf 85' lang='grc' dir='ltr'>μόνον</span> <span class='ocrx_word' id='word_1_473' title='bbox 772 5240 829 5293; x_wconf 83' lang='grc' dir='ltr'>δὲ</span> <span class='ocrx_word' id='word_1_474' title='bbox 862 5239 1045 5298; x_wconf 80' lang='grc' dir='ltr'>αὐτὸν,</span> <span class='ocrx_word' id='word_1_475' title='bbox 1064 5238 1201 5292; x_wconf 88' lang='grc' dir='ltr'>ἀλλά</span> <span class='ocrx_word' id='word_1_476' title='bbox 1225 5237 1321 5292; x_wconf 77' lang='grc' dir='ltr'>καὶ</span> <span class='ocrx_word' id='word_1_477' title='bbox 1351 5236 1580 5298; x_wconf 78' lang='grc' dir='ltr'>πολλοὺς</span> <span class='ocrx_word' id='word_1_478' title='bbox 1607 5235 1828 5304; x_wconf 74' lang='grc' dir='ltr'>ἔχοντας</span> 
     </span>
    </p>
   </div>
   <div class='ocr_carea' id='block_1_60' title="bbox 139 5323 1828 5395">
    <p class='ocr_par' dir='ltr' id='par_1_60' title="bbox 139 5323 1828 5395">
     <span class='ocr_line' id='line_1_60' title="bbox 139 5323 1828 5395; baseline -0.004 -16"><span class='ocrx_word' id='word_1_479' title='bbox 139 5328 425 5394; x_wconf 80' lang='grc' dir='ltr'>ἀσθενείας</span> <span class='ocrx_word' id='word_1_480' title='bbox 459 5331 583 5382; x_wconf 86' lang='grc' dir='ltr'>τῶν</span> <span class='ocrx_word' id='word_1_481' title='bbox 611 5328 791 5381; x_wconf 85' lang='grc' dir='ltr'>αὐτῶν</span> <span class='ocrx_word' id='word_1_482' title='bbox 819 5328 986 5393; x_wconf 80' lang='grc' dir='ltr'>ἀξιοῖ·</span> <span class='ocrx_word' id='word_1_483' title='bbox 1018 5325 1077 5379; x_wconf 80' lang='grc' dir='ltr'>ὃν</span> <span class='ocrx_word' id='word_1_484' title='bbox 1106 5326 1200 5378; x_wconf 71' lang='grc' dir='ltr'>καὶ</span> <span class='ocrx_word' id='word_1_485' title='bbox 1237 5324 1614 5395; x_wconf 83' lang='grc' dir='ltr'>ἀμειϐόμενοι,</span> <span class='ocrx_word' id='word_1_486' title='bbox 1644 5323 1828 5390; x_wconf 85' lang='grc' dir='ltr'>τιμαῖς</span> 
     </span>
    </p>
   </div>
   <div class='ocr_carea' id='block_1_61' title="bbox 141 5405 1829 5486">
    <p class='ocr_par' dir='ltr' id='par_1_61' title="bbox 141 5405 1829 5486">
     <span class='ocr_line' id='line_1_61' title="bbox 141 5405 1829 5486; baseline -0.004 -20"><span class='ocrx_word' id='word_1_487' title='bbox 141 5416 296 5470; x_wconf 79' lang='grc' dir='ltr'>αὑτὸν</span> <span class='ocrx_word' id='word_1_488' title='bbox 341 5419 445 5472; x_wconf 73' lang='grc' dir='ltr'>καὶ</span> <span class='ocrx_word' id='word_1_489' title='bbox 479 5416 778 5486; x_wconf 81' lang='grc' dir='ltr'>χορηγίαις</span> <span class='ocrx_word' id='word_1_490' title='bbox 807 5414 1128 5484; x_wconf 87' lang='grc' dir='ltr'>δωροῦνται.</span> <span class='ocrx_word' id='word_1_491' title='bbox 1179 5413 1350 5466; x_wconf 84' lang='grc' dir='ltr'>Τοῦτο</span> <span class='ocrx_word' id='word_1_492' title='bbox 1385 5412 1442 5465; x_wconf 85' lang='grc' dir='ltr'>δέ</span> <span class='ocrx_word' id='word_1_493' title='bbox 1475 5411 1632 5481; x_wconf 80' lang='grc' dir='ltr'>δῆλον</span> <span class='ocrx_word' id='word_1_494' title='bbox 1661 5405 1829 5462; x_wconf 85' lang='grc' dir='ltr'>ποιῶν</span> 
     </span>
    </p>
   </div>
   <div class='ocr_carea' id='block_1_62' title="bbox 143 5494 1829 5574">
    <p class='ocr_par' dir='ltr' id='par_1_62' title="bbox 143 5494 1829 5574">
     <span class='ocr_line' id='line_1_62' title="bbox 143 5494 1829 5574; baseline -0.002 -20"><span class='ocrx_word' id='word_1_495' title='bbox 143 5503 332 5574; x_wconf 82' lang='grc' dir='ltr'>ἐπάγει</span> <span class='ocrx_word' id='word_1_496' title='bbox 358 5523 372 5535; x_wconf 91' lang='grc'>·</span> <span class='ocrx_word' id='word_1_497' title='bbox 410 5504 488 5558; x_wconf 83' lang='grc' dir='ltr'>Οῖ</span> <span class='ocrx_word' id='word_1_498' title='bbox 525 5503 631 5557; x_wconf 78' lang='grc' dir='ltr'>καὶ</span> <span class='ocrx_word' id='word_1_499' title='bbox 671 5501 931 5566; x_wconf 84' lang='grc' dir='ltr'>πολλαῖς</span> <span class='ocrx_word' id='word_1_500' title='bbox 957 5501 1150 5570; x_wconf 80' lang='grc' dir='ltr'>τιμαῖς</span> <span class='ocrx_word' id='word_1_501' title='bbox 1185 5500 1480 5568; x_wconf 83' lang='grc' dir='ltr'>ἐτίμησαν</span> <span class='ocrx_word' id='word_1_502' title='bbox 1508 5495 1665 5564; x_wconf 74' lang='grc' dir='ltr'>ἡμᾶς</span> <span class='ocrx_word' id='word_1_503' title='bbox 1685 5534 1700 5558; x_wconf 89' lang='grc'>,</span> <span class='ocrx_word' id='word_1_504' title='bbox 1731 5494 1829 5546; x_wconf 80' lang='grc' dir='ltr'>καὶ</span> 
     </span>
    </p>
   </div>
   <div class='ocr_carea' id='block_1_63' title="bbox 143 5579 1823 5662">
    <p class='ocr_par' dir='ltr' id='par_1_63' title="bbox 143 5579 1823 5662">
     <span class='ocr_line' id='line_1_63' title="bbox 143 5579 1823 5662; baseline 0.004 -21"><span class='ocrx_word' id='word_1_505' title='bbox 143 5589 557 5662; x_wconf 76' lang='grc' dir='ltr'>ἀναγομένοις</span> <span class='ocrx_word' id='word_1_506' title='bbox 606 5589 888 5642; x_wconf 81' lang='grc' dir='ltr'>ἐπέθεντο</span> <span class='ocrx_word' id='word_1_507' title='bbox 934 5589 1004 5642; x_wconf 79' lang='grc' dir='ltr'>τὰ</span> <span class='ocrx_word' id='word_1_508' title='bbox 1058 5586 1208 5654; x_wconf 81' lang='grc' dir='ltr'>πρὸς</span> <span class='ocrx_word' id='word_1_509' title='bbox 1248 5585 1362 5653; x_wconf 77' lang='grc' dir='ltr'>τὴν</span> <span class='ocrx_word' id='word_1_510' title='bbox 1404 5583 1633 5653; x_wconf 64' lang='grc' dir='ltr'>χρείαν.</span> <span class='ocrx_word' id='word_1_511' title='bbox 1690 5579 1823 5647; x_wconf 51' lang='grc' dir='ltr'>Οὐχὶ</span> 
     </span>
    </p>
   </div>
   <div class='ocr_carea' id='block_1_64' title="bbox 200 5845 1394 5916">
    <p class='ocr_par' dir='ltr' id='par_1_64' title="bbox 200 5845 1394 5916">
     <span class='ocr_line' id='line_1_64' title="bbox 200 5845 1394 5916; baseline -0.011 -9"><span class='ocrx_word' id='word_1_512' title='bbox 200 5859 224 5886; x_wconf 77' lang='grc'><em>³</em></span> <span class='ocrx_word' id='word_1_513' title='bbox 249 5854 455 5916; x_wconf 72' lang='lat' dir='ltr'>Verbis,</span> <span class='ocrx_word' id='word_1_514' title='bbox 499 5851 742 5904; x_wconf 79' lang='grc' dir='ltr'>αὐτοὺς...</span> <span class='ocrx_word' id='word_1_515' title='bbox 771 5849 979 5908; x_wconf 79' lang='grc' dir='ltr'>Παῦλον,</span> <span class='ocrx_word' id='word_1_516' title='bbox 1001 5848 1200 5898; x_wconf 72' lang='lat' dir='ltr'>carebat</span> <span class='ocrx_word' id='word_1_517' title='bbox 1225 5845 1394 5896; x_wconf 70' lang='lat' dir='ltr'>Morel.</span> 
     </span>
    </p>
   </div>
   <div class='ocr_carea' id='block_1_65' title="bbox 485 5935 1103 6001">
    <p class='ocr_par' dir='ltr' id='par_1_65' title="bbox 485 5935 1103 6001">
     <span class='ocr_line' id='line_1_65' title="bbox 485 5935 1103 6001; baseline -0.008 0"><span class='ocrx_word' id='word_1_518' title='bbox 485 5944 770 6001; x_wconf 73' lang='grc' dir='ltr'>ΡΔτιιοι..</span> <span class='ocrx_word' id='word_1_519' title='bbox 817 5937 933 5997; x_wconf 78' lang='lat' dir='ltr'>Gn.</span> <span class='ocrx_word' id='word_1_520' title='bbox 980 5935 1103 5996; x_wconf 77' lang='lat' dir='ltr'>LX.</span> 
     </span>
    </p>
   </div>
   <div class='ocr_carea' id='block_1_66' title="bbox 1161 265 2524 328">
    <p class='ocr_par' dir='ltr' id='par_1_66' title="bbox 1161 265 2524 328">
     <span class='ocr_line' id='line_1_66' title="bbox 1161 265 2524 328; baseline 0.004 -6"><span class='ocrx_word' id='word_1_521' title='bbox 1161 266 1226 322; x_wconf 83' lang='lat' dir='ltr'>IN</span> <span class='ocrx_word' id='word_1_522' title='bbox 1267 266 1450 323; x_wconf 78' lang='lat' dir='ltr'><strong>ACTA</strong></span> <span class='ocrx_word' id='word_1_523' title='bbox 1511 265 2062 325; x_wconf 75' lang='lat' dir='ltr'>APOSTOLORUM.</span> <span class='ocrx_word' id='word_1_524' title='bbox 2115 269 2352 326; x_wconf 73' lang='lat' dir='ltr'>llOMIL.</span> <span class='ocrx_word' id='word_1_525' title='bbox 2396 271 2524 328; x_wconf 77' lang='lat' dir='ltr'>LIV.</span> 
     </span>
    </p>
   </div>
   <div class='ocr_carea' id='block_1_67' title="bbox 3485 276 3586 330">
    <p class='ocr_par' dir='ltr' id='par_1_67' title="bbox 3485 276 3586 330">
     <span class='ocr_line' id='line_1_67' title="bbox 3485 276 3586 330; baseline 0 0"><span class='ocrx_word' id='word_1_526' title='bbox 3485 276 3586 330; x_wconf 60' lang='lat'>576</span> 
     </span>
    </p>
   </div>
   <div class='ocr_carea' id='block_1_68' title="bbox 1920 385 3585 460">
    <p class='ocr_par' dir='ltr' id='par_1_68' title="bbox 1920 385 3585 460">
     <span class='ocr_line' id='line_1_68' title="bbox 1920 385 3585 460; baseline 0.004 -22"><span class='ocrx_word' id='word_1_527' title='bbox 1920 385 2112 454; x_wconf 87' lang='grc' dir='ltr'>μισθὸν</span> <span class='ocrx_word' id='word_1_528' title='bbox 2125 385 2309 448; x_wconf 77' lang='grc' dir='ltr'>Ξλαϐε,</span> <span class='ocrx_word' id='word_1_529' title='bbox 2336 389 2411 458; x_wconf 84' lang='grc' dir='ltr'>μὴ</span> <span class='ocrx_word' id='word_1_530' title='bbox 2435 387 2643 454; x_wconf 82' lang='grc' dir='ltr'>γένοιτο</span> <span class='ocrx_word' id='word_1_531' title='bbox 2661 406 2675 420; x_wconf 90' lang='grc'>·</span> <span class='ocrx_word' id='word_1_532' title='bbox 2699 389 2836 443; x_wconf 81' lang='grc' dir='ltr'>ἀλλὰ</span> <span class='ocrx_word' id='word_1_533' title='bbox 2857 388 2919 443; x_wconf 88' lang='grc' dir='ltr'>τὸ</span> <span class='ocrx_word' id='word_1_534' title='bbox 2937 387 3322 460; x_wconf 76' lang='grc' dir='ltr'>γεγραμμένον</span> <span class='ocrx_word' id='word_1_535' title='bbox 3347 388 3585 460; x_wconf 81' lang='grc' dir='ltr'>πληροῦ-</span> 
     </span>
    </p>
   </div>
   <div class='ocr_carea' id='block_1_69' title="bbox 1911 469 3586 540">
    <p class='ocr_par' dir='ltr' id='par_1_69' title="bbox 1911 469 3586 540">
     <span class='ocr_line' id='line_1_69' title="bbox 1911 469 3586 540; baseline 0.003 -20"><span class='ocrx_word' id='word_1_536' title='bbox 1911 485 2033 521; x_wconf 91' lang='grc' dir='ltr'>ται·</span> <span class='ocrx_word' id='word_1_537' title='bbox 2070 470 2262 535; x_wconf 79' lang='grc' dir='ltr'>Ἄξιος</span> <span class='ocrx_word' id='word_1_538' title='bbox 2288 473 2320 522; x_wconf 86' lang='grc' dir='ltr'>ό</span> <span class='ocrx_word' id='word_1_539' title='bbox 2344 469 2596 538; x_wconf 79' lang='grc' dir='ltr'>ἐργάτης</span> <span class='ocrx_word' id='word_1_540' title='bbox 2620 471 2729 538; x_wconf 81' lang='grc' dir='ltr'>τῆς</span> <span class='ocrx_word' id='word_1_541' title='bbox 2767 471 2994 540; x_wconf 73' lang='grc' dir='ltr'>τροφῆς</span> <span class='ocrx_word' id='word_1_542' title='bbox 3014 472 3202 526; x_wconf 82' lang='grc' dir='ltr'>αὑτοῦ</span> <span class='ocrx_word' id='word_1_543' title='bbox 3224 473 3412 525; x_wconf 82' lang='grc' dir='ltr'>ἐστιν.</span> <span class='ocrx_word' id='word_1_544' title='bbox 3442 475 3502 525; x_wconf 86' lang='grc' dir='ltr'><strong>Οἱ</strong></span> <span class='ocrx_word' id='word_1_545' title='bbox 3529 473 3586 525; x_wconf 85' lang='grc' dir='ltr'>δέ</span> 
     </span>
    </p>
   </div>
   <div class='ocr_carea' id='block_1_70' title="bbox 1907 549 3585 625">
    <p class='ocr_par' dir='ltr' id='par_1_70' title="bbox 1907 549 3585 625">
     <span class='ocr_line' id='line_1_70' title="bbox 1907 549 3585 625; baseline 0.002 -23"><span class='ocrx_word' id='word_1_546' title='bbox 1907 549 2083 616; x_wconf 70' lang='grc' dir='ltr'>οὕτως</span> <span class='ocrx_word' id='word_1_547' title='bbox 2119 552 2318 614; x_wconf 78' lang='grc' dir='ltr'>αὐτοὺς</span> <span class='ocrx_word' id='word_1_548' title='bbox 2347 553 2758 622; x_wconf 82' lang='grc' dir='ltr'>ὑποδεξάμενοι,</span> <span class='ocrx_word' id='word_1_549' title='bbox 2800 554 3022 625; x_wconf 81' lang='grc' dir='ltr'>εῦδηλον</span> <span class='ocrx_word' id='word_1_550' title='bbox 3049 555 3130 606; x_wconf 82' lang='grc' dir='ltr'>ὃτι</span> <span class='ocrx_word' id='word_1_551' title='bbox 3169 555 3263 606; x_wconf 73' lang='grc' dir='ltr'>καὶ</span> <span class='ocrx_word' id='word_1_552' title='bbox 3301 553 3390 608; x_wconf 86' lang='grc' dir='ltr'>τὸν</span> <span class='ocrx_word' id='word_1_553' title='bbox 3428 554 3585 622; x_wconf 84' lang='grc' dir='ltr'>λόγον</span> 
     </span>
    </p>
   </div>
   <div class='ocr_carea' id='block_1_71' title="bbox 1903 632 3583 706">
    <p class='ocr_par' dir='ltr' id='par_1_71' title="bbox 1903 632 3583 706">
     <span class='ocr_line' id='line_1_71' title="bbox 1903 632 3583 706; baseline -0.001 -19"><span class='ocrx_word' id='word_1_554' title='bbox 1903 632 2150 697; x_wconf 81' lang='grc' dir='ltr'>ἐδέξαντο</span> <span class='ocrx_word' id='word_1_555' title='bbox 2176 633 2268 687; x_wconf 86' lang='grc' dir='ltr'>τοῦ</span> <span class='ocrx_word' id='word_1_556' title='bbox 2294 633 2667 704; x_wconf 84' lang='grc' dir='ltr'>κηρύγματος·</span> <span class='ocrx_word' id='word_1_557' title='bbox 2688 636 2750 688; x_wconf 81' lang='grc' dir='ltr'>ού</span> <span class='ocrx_word' id='word_1_558' title='bbox 2771 636 2880 706; x_wconf 79' lang='grc' dir='ltr'>γὰρ</span> <span class='ocrx_word' id='word_1_559' title='bbox 2903 636 2969 690; x_wconf 78' lang='grc' dir='ltr'>ἂν</span> <span class='ocrx_word' id='word_1_560' title='bbox 2991 637 3047 688; x_wconf 90' lang='grc' dir='ltr'>ἐν</span> <span class='ocrx_word' id='word_1_561' title='bbox 3070 637 3320 706; x_wconf 78' lang='grc' dir='ltr'>τριμήνῳ</span> <span class='ocrx_word' id='word_1_562' title='bbox 3344 635 3583 688; x_wconf 82' lang='grc' dir='ltr'>τοσαῦτα</span> 
     </span>
    </p>
   </div>
   <div class='ocr_carea' id='block_1_72' title="bbox 1899 715 3580 789">
    <p class='ocr_par' dir='ltr' id='par_1_72' title="bbox 1899 715 3580 789">
     <span class='ocr_line' id='line_1_72' title="bbox 1899 715 3580 789; baseline 0.001 -21"><span class='ocrx_word' id='word_1_563' title='bbox 1899 715 2179 786; x_wconf 85' lang='grc' dir='ltr'>διελέχθη,</span> <span class='ocrx_word' id='word_1_564' title='bbox 2213 715 2288 786; x_wconf 82' lang='grc' dir='ltr'>μὴ</span> <span class='ocrx_word' id='word_1_565' title='bbox 2330 717 2537 786; x_wconf 89' lang='grc' dir='ltr'>σφόδρα</span> <span class='ocrx_word' id='word_1_566' title='bbox 2563 717 2740 770; x_wconf 80' lang='grc' dir='ltr'>αὐτῶν</span> <span class='ocrx_word' id='word_1_567' title='bbox 2771 721 3181 773; x_wconf 85' lang='grc' dir='ltr'>πιστευσάντων</span> <span class='ocrx_word' id='word_1_568' title='bbox 3208 721 3303 772; x_wconf 77' lang='grc' dir='ltr'>καὶ</span> <span class='ocrx_word' id='word_1_569' title='bbox 3335 717 3580 789; x_wconf 74' lang='grc' dir='ltr'>καρποὺς</span> 
     </span>
    </p>
   </div>
   <div class='ocr_carea' id='block_1_73' title="bbox 1899 798 3581 871">
    <p class='ocr_par' dir='ltr' id='par_1_73' title="bbox 1899 798 3581 871">
     <span class='ocr_line' id='line_1_73' title="bbox 1899 798 3581 871; baseline 0 -20"><span class='ocrx_word' id='word_1_570' title='bbox 1899 798 2326 868; x_wconf 81' lang='grc' dir='ltr'>ἐπιδειξαμένων</span> <span class='ocrx_word' id='word_1_571' title='bbox 2350 813 2364 828; x_wconf 82' lang='lat'><strong><em>°</em></strong></span> <span class='ocrx_word' id='word_1_572' title='bbox 2415 798 2556 852; x_wconf 79' lang='grc' dir='ltr'>ὥστε</span> <span class='ocrx_word' id='word_1_573' title='bbox 2605 800 2717 853; x_wconf 84' lang='grc' dir='ltr'>άπὸ</span> <span class='ocrx_word' id='word_1_574' title='bbox 2753 800 2944 854; x_wconf 86' lang='grc' dir='ltr'>τούτου</span> <span class='ocrx_word' id='word_1_575' title='bbox 2969 803 3266 871; x_wconf 89' lang='grc' dir='ltr'>τεκμήριον</span> <span class='ocrx_word' id='word_1_576' title='bbox 3302 801 3444 870; x_wconf 83' lang='grc' dir='ltr'>μέγα</span> <span class='ocrx_word' id='word_1_577' title='bbox 3486 799 3581 851; x_wconf 89' lang='grc' dir='ltr'>τοῦ</span> 
     </span>
    </p>
   </div>
   <div class='ocr_carea' id='block_1_74' title="bbox 1899 878 3574 950">
    <p class='ocr_par' dir='ltr' id='par_1_74' title="bbox 1899 878 3574 950">
     <span class='ocr_line' id='line_1_74' title="bbox 1899 878 3574 950; baseline -0.001 -17"><span class='ocrx_word' id='word_1_578' title='bbox 1899 879 2136 950; x_wconf 82' lang='grc' dir='ltr'>πλήθους</span> <span class='ocrx_word' id='word_1_579' title='bbox 2158 878 2265 932; x_wconf 87' lang='grc' dir='ltr'>τῶν</span> <span class='ocrx_word' id='word_1_580' title='bbox 2290 881 2693 934; x_wconf 86' lang='grc' dir='ltr'>πιστευσάντων</span> <span class='ocrx_word' id='word_1_581' title='bbox 2718 881 2863 934; x_wconf 81' lang='grc' dir='ltr'>ἔστιν</span> <span class='ocrx_word' id='word_1_582' title='bbox 2895 883 3044 934; x_wconf 81' lang='grc' dir='ltr'>ίδεῖν.</span> <span class='ocrx_word' id='word_1_583' title='bbox 3070 883 3178 936; x_wconf 73' lang='grc' dir='ltr'>Καὶ</span> <span class='ocrx_word' id='word_1_584' title='bbox 3205 883 3574 950; x_wconf 79' lang='grc' dir='ltr'>ἀνήχθημεν,</span> 
     </span>
    </p>
   </div>
   <div class='ocr_carea' id='block_1_75' title="bbox 1902 961 3580 1033">
    <p class='ocr_par' dir='ltr' id='par_1_75' title="bbox 1902 961 3580 1033">
     <span class='ocr_line' id='line_1_75' title="bbox 1902 961 3580 1033; baseline 0.004 -21"><span class='ocrx_word' id='word_1_585' title='bbox 1902 961 2054 1030; x_wconf 76' lang='grc' dir='ltr'>φησὶ,</span> <span class='ocrx_word' id='word_1_586' title='bbox 2098 962 2169 1015; x_wconf 83' lang='grc' dir='ltr'>ἐν</span> <span class='ocrx_word' id='word_1_587' title='bbox 2194 963 2384 1027; x_wconf 80' lang='grc' dir='ltr'>πλοίῳ</span> <span class='ocrx_word' id='word_1_588' title='bbox 2421 964 2852 1031; x_wconf 79' lang='grc' dir='ltr'>Ἀλεξανδρίνῳ</span> <span class='ocrx_word' id='word_1_589' title='bbox 2870 969 3400 1033; x_wconf 76' lang='grc' dir='ltr'>παρακεχειμακότι</span> <span class='ocrx_word' id='word_1_590' title='bbox 3419 965 3487 1018; x_wconf 86' lang='grc' dir='ltr'>ἐν</span> <span class='ocrx_word' id='word_1_591' title='bbox 3508 964 3580 1033; x_wconf 77' lang='grc' dir='ltr'>τῇ</span> 
     </span>
    </p>
   </div>
   <div class='ocr_carea' id='block_1_76' title="bbox 1900 1042 3579 1118">
    <p class='ocr_par' dir='ltr' id='par_1_76' title="bbox 1900 1042 3579 1118">
     <span class='ocr_line' id='line_1_76' title="bbox 1900 1042 3579 1118; baseline 0.002 -22"><span class='ocrx_word' id='word_1_592' title='bbox 1900 1044 2093 1111; x_wconf 77' lang='grc' dir='ltr'>νήσῳ,</span> <span class='ocrx_word' id='word_1_593' title='bbox 2119 1045 2455 1114; x_wconf 80' lang='grc' dir='ltr'>παρασήμῳ</span> <span class='ocrx_word' id='word_1_594' title='bbox 2474 1047 3047 1113; x_wconf 76' lang='grc' dir='ltr'>Διοσκούροις,”1σως</span> <span class='ocrx_word' id='word_1_595' title='bbox 3065 1045 3226 1099; x_wconf 90' lang='grc' dir='ltr'>τοῦτο</span> <span class='ocrx_word' id='word_1_596' title='bbox 3247 1042 3313 1114; x_wconf 77' lang='grc' dir='ltr'>ἦν</span> <span class='ocrx_word' id='word_1_597' title='bbox 3339 1063 3579 1118; x_wconf 76' lang='grc' dir='ltr'>γεγραμ-</span> 
     </span>
    </p>
   </div>
   <div class='ocr_carea' id='block_1_77' title="bbox 1906 1125 3581 1200">
    <p class='ocr_par' dir='ltr' id='par_1_77' title="bbox 1906 1125 3581 1200">
     <span class='ocr_line' id='line_1_77' title="bbox 1906 1125 3581 1200; baseline 0 -21"><span class='ocrx_word' id='word_1_598' title='bbox 1906 1127 2068 1197; x_wconf 88' lang='grc' dir='ltr'>μένον</span> <span class='ocrx_word' id='word_1_599' title='bbox 2103 1129 2159 1181; x_wconf 92' lang='grc' dir='ltr'>ἐν</span> <span class='ocrx_word' id='word_1_600' title='bbox 2186 1128 2354 1198; x_wconf 78' lang='grc' dir='ltr'>αὐτῷ·</span> <span class='ocrx_word' id='word_1_601' title='bbox 2395 1129 2570 1188; x_wconf 75' lang='grc' dir='ltr'>οὕτως</span> <span class='ocrx_word' id='word_1_602' title='bbox 2595 1125 2736 1199; x_wconf 79' lang='grc' dir='ltr'>ἦσαν</span> <span class='ocrx_word' id='word_1_603' title='bbox 2766 1127 3102 1184; x_wconf 88' lang='grc' dir='ltr'>κατείδωλοι.</span> <span class='ocrx_word' id='word_1_604' title='bbox 3136 1128 3281 1200; x_wconf 85' lang='grc' dir='ltr'>Ὅρα</span> <span class='ocrx_word' id='word_1_605' title='bbox 3315 1127 3581 1198; x_wconf 86' lang='grc' dir='ltr'>ἐνδιατρί-</span> 
     </span>
    </p>
   </div>
   <div class='ocr_carea' id='block_1_78' title="bbox 1903 1208 3578 1276">
    <p class='ocr_par' dir='ltr' id='par_1_78' title="bbox 1903 1208 3578 1276">
     <span class='ocr_line' id='line_1_78' title="bbox 1903 1208 3578 1276; baseline 0.001 -17"><span class='ocrx_word' id='word_1_606' title='bbox 1903 1208 2115 1273; x_wconf 88' lang='grc' dir='ltr'>ϐοντας,</span> <span class='ocrx_word' id='word_1_607' title='bbox 2139 1211 2232 1261; x_wconf 79' lang='grc' dir='ltr'>καὶ</span> <span class='ocrx_word' id='word_1_608' title='bbox 2249 1209 2410 1262; x_wconf 89' lang='grc' dir='ltr'>πάλιν</span> <span class='ocrx_word' id='word_1_609' title='bbox 2435 1210 2760 1273; x_wconf 86' lang='grc' dir='ltr'>σπεύδοντας</span> <span class='ocrx_word' id='word_1_610' title='bbox 2782 1211 2830 1262; x_wconf 71' lang='grc' dir='ltr'>δ.</span> <span class='ocrx_word' id='word_1_611' title='bbox 2857 1209 2940 1275; x_wconf 77' lang='grc' dir='ltr'>Τῷ</span> <span class='ocrx_word' id='word_1_612' title='bbox 2951 1209 3019 1262; x_wconf 85' lang='grc' dir='ltr'>δὲ</span> <span class='ocrx_word' id='word_1_613' title='bbox 3043 1211 3260 1274; x_wconf 80' lang='grc' dir='ltr'>Παύλῳ</span> <span class='ocrx_word' id='word_1_614' title='bbox 3275 1209 3578 1276; x_wconf 82' lang='grc' dir='ltr'>ἐπετράπη</span> 
     </span>
    </p>
   </div>
   <div class='ocr_carea' id='block_1_79' title="bbox 1903 1288 3582 1363">
    <p class='ocr_par' dir='ltr' id='par_1_79' title="bbox 1903 1288 3582 1363">
     <span class='ocr_line' id='line_1_79' title="bbox 1903 1288 3582 1363; baseline 0.001 -20"><span class='ocrx_word' id='word_1_615' title='bbox 1903 1291 2106 1356; x_wconf 80' lang='grc' dir='ltr'>μένειν</span> <span class='ocrx_word' id='word_1_616' title='bbox 2135 1293 2264 1345; x_wconf 73' lang='grc' dir='ltr'>καθ’</span> <span class='ocrx_word' id='word_1_617' title='bbox 2293 1293 2531 1346; x_wconf 83' lang='grc' dir='ltr'>ἑαυτόν.</span> <span class='ocrx_word' id='word_1_618' title='bbox 2558 1293 2758 1345; x_wconf 80' lang='grc' dir='ltr'>Λοιπὸν</span> <span class='ocrx_word' id='word_1_619' title='bbox 2785 1293 3058 1363; x_wconf 79' lang='grc' dir='ltr'>αἰδέσιμος</span> <span class='ocrx_word' id='word_1_620' title='bbox 3091 1292 3263 1363; x_wconf 70' lang='grc' dir='ltr'>οὕτως</span> <span class='ocrx_word' id='word_1_621' title='bbox 3286 1288 3353 1362; x_wconf 80' lang='grc' dir='ltr'>ἦν</span> <span class='ocrx_word' id='word_1_622' title='bbox 3378 1293 3406 1343; x_wconf 77' lang='grc' dir='ltr'><strong>ὁ</strong></span> <span class='ocrx_word' id='word_1_623' title='bbox 3433 1290 3582 1344; x_wconf 85' lang='grc' dir='ltr'>Παῦ-</span> 
     </span>
    </p>
   </div>
   <div class='ocr_carea' id='block_1_80' title="bbox 1903 1355 3582 1445">
    <p class='ocr_par' dir='ltr' id='par_1_80' title="bbox 1903 1355 3582 1445">
     <span class='ocr_line' id='line_1_80' title="bbox 1903 1355 3582 1445; baseline 0.001 -21"><span class='ocrx_word' id='word_1_624' title='bbox 1903 1355 2016 1436; x_wconf 90' lang='grc' dir='ltr'>λος,</span> <span class='ocrx_word' id='word_1_625' title='bbox 2045 1374 2121 1438; x_wconf 86' lang='grc' dir='ltr'>ὡς</span> <span class='ocrx_word' id='word_1_626' title='bbox 2152 1376 2248 1427; x_wconf 78' lang='grc' dir='ltr'>καὶ</span> <span class='ocrx_word' id='word_1_627' title='bbox 2279 1375 2688 1445; x_wconf 85' lang='grc' dir='ltr'>συγχωρεῖσθαι</span> <span class='ocrx_word' id='word_1_628' title='bbox 2722 1375 2844 1428; x_wconf 83' lang='grc' dir='ltr'>καθ’</span> <span class='ocrx_word' id='word_1_629' title='bbox 2878 1355 3068 1428; x_wconf 76' lang='grc' dir='ltr'>ἐαυτὸν</span> <span class='ocrx_word' id='word_1_630' title='bbox 3095 1355 3256 1430; x_wconf 73' lang='grc' dir='ltr'>έῖναι.</span> <span class='ocrx_word' id='word_1_631' title='bbox 3293 1355 3403 1428; x_wconf 68' lang='grc' dir='ltr'>Καὶ</span> <span class='ocrx_word' id='word_1_632' title='bbox 3433 1375 3582 1438; x_wconf 81' lang='grc' dir='ltr'>ξένον</span> 
     </span>
    </p>
   </div>
   <div class='ocr_carea' id='block_1_81' title="bbox 1903 1456 3581 1529">
    <p class='ocr_par' dir='ltr' id='par_1_81' title="bbox 1903 1456 3581 1529">
     <span class='ocr_line' id='line_1_81' title="bbox 1903 1456 3581 1529; baseline -0.001 -21"><span class='ocrx_word' id='word_1_633' title='bbox 1903 1456 2091 1509; x_wconf 80' lang='grc' dir='ltr'>οὐδέν·</span> <span class='ocrx_word' id='word_1_634' title='bbox 2128 1459 2174 1508; x_wconf 88' lang='grc' dir='ltr'>εί</span> <span class='ocrx_word' id='word_1_635' title='bbox 2203 1457 2313 1527; x_wconf 73' lang='grc' dir='ltr'>γὰρ</span> <span class='ocrx_word' id='word_1_636' title='bbox 2347 1458 2441 1510; x_wconf 79' lang='grc' dir='ltr'>καὶ</span> <span class='ocrx_word' id='word_1_637' title='bbox 2482 1457 2588 1529; x_wconf 89' lang='grc' dir='ltr'>πρὸ</span> <span class='ocrx_word' id='word_1_638' title='bbox 2619 1457 2810 1510; x_wconf 84' lang='grc' dir='ltr'>τούτου</span> <span class='ocrx_word' id='word_1_639' title='bbox 2850 1457 3243 1526; x_wconf 84' lang='grc' dir='ltr'>φιλανθρώπως</span> <span class='ocrx_word' id='word_1_640' title='bbox 3279 1457 3581 1526; x_wconf 79' lang='grc' dir='ltr'>ἐχρήσαντο</span> 
     </span>
    </p>
   </div>
   <div class='ocr_carea' id='block_1_82' title="bbox 1905 1537 3580 1610">
    <p class='ocr_par' dir='ltr' id='par_1_82' title="bbox 1905 1537 3580 1610">
     <span class='ocr_line' id='line_1_82' title="bbox 1905 1537 3580 1610; baseline 0.002 -21"><span class='ocrx_word' id='word_1_641' title='bbox 1905 1537 2073 1608; x_wconf 78' lang='grc' dir='ltr'>αύτῷ,</span> <span class='ocrx_word' id='word_1_642' title='bbox 2130 1538 2312 1609; x_wconf 85' lang='grc' dir='ltr'>πολλῴ</span> <span class='ocrx_word' id='word_1_643' title='bbox 2356 1540 2559 1610; x_wconf 76' lang='grc' dir='ltr'>μᾶλλον</span> <span class='ocrx_word' id='word_1_644' title='bbox 2605 1539 2721 1592; x_wconf 83' lang='grc' dir='ltr'>νῦν.</span> <span class='ocrx_word' id='word_1_645' title='bbox 2778 1539 2884 1592; x_wconf 78' lang='grc' dir='ltr'>Καὶ</span> <span class='ocrx_word' id='word_1_646' title='bbox 2919 1540 3379 1607; x_wconf 72' lang='grc' dir='ltr'>ἐπιγενομένου,</span> <span class='ocrx_word' id='word_1_647' title='bbox 3422 1541 3580 1609; x_wconf 68' lang='grc' dir='ltr'>φησὶ,</span> 
     </span>
    </p>
   </div>
   <div class='ocr_carea' id='block_1_83' title="bbox 1905 1619 3580 1691">
    <p class='ocr_par' dir='ltr' id='par_1_83' title="bbox 1905 1619 3580 1691">
     <span class='ocr_line' id='line_1_83' title="bbox 1905 1619 3580 1691; baseline 0.002 -18"><span class='ocrx_word' id='word_1_648' title='bbox 1905 1622 2112 1686; x_wconf 84' lang='grc' dir='ltr'>νότου,</span> <span class='ocrx_word' id='word_1_649' title='bbox 2169 1622 2494 1691; x_wconf 85' lang='grc' dir='ltr'>δευτεραῖοι</span> <span class='ocrx_word' id='word_1_650' title='bbox 2536 1622 2800 1691; x_wconf 77' lang='grc' dir='ltr'>ἤλθομεν</span> <span class='ocrx_word' id='word_1_651' title='bbox 2847 1625 2934 1688; x_wconf 84' lang='grc' dir='ltr'>είς</span> <span class='ocrx_word' id='word_1_652' title='bbox 2979 1626 3327 1688; x_wconf 79' lang='grc' dir='ltr'>Ποτιόλους,</span> <span class='ocrx_word' id='word_1_653' title='bbox 3361 1619 3432 1678; x_wconf 83' lang='grc' dir='ltr'>οὗ</span> <span class='ocrx_word' id='word_1_654' title='bbox 3478 1626 3580 1677; x_wconf 82' lang='grc' dir='ltr'>εὐ-</span> 
     </span>
    </p>
   </div>
   <div class='ocr_carea' id='block_1_84' title="bbox 1901 1704 3582 1774">
    <p class='ocr_par' dir='ltr' id='par_1_84' title="bbox 1901 1704 3582 1774">
     <span class='ocr_line' id='line_1_84' title="bbox 1901 1704 3582 1774; baseline 0.002 -18"><span class='ocrx_word' id='word_1_655' title='bbox 1901 1704 2112 1772; x_wconf 80' lang='grc' dir='ltr'>ρόντες</span> <span class='ocrx_word' id='word_1_656' title='bbox 2158 1705 2492 1774; x_wconf 65' lang='grc' dir='ltr'>ἀδελφοὺς,</span> <span class='ocrx_word' id='word_1_657' title='bbox 2545 1705 3014 1774; x_wconf 74' lang='grc' dir='ltr'>παρεκλήθημεν</span> <span class='ocrx_word' id='word_1_658' title='bbox 3061 1706 3154 1758; x_wconf 81' lang='grc' dir='ltr'>ἐπ’</span> <span class='ocrx_word' id='word_1_659' title='bbox 3199 1706 3404 1771; x_wconf 83' lang='grc' dir='ltr'>αὐτοῖς</span> <span class='ocrx_word' id='word_1_660' title='bbox 3450 1706 3582 1759; x_wconf 73' lang='grc' dir='ltr'>ἐπι-</span> 
     </span>
    </p>
   </div>
   <div class='ocr_carea' id='block_1_85' title="bbox 1901 1787 3582 1857">
    <p class='ocr_par' dir='ltr' id='par_1_85' title="bbox 1901 1787 3582 1857">
     <span class='ocr_line' id='line_1_85' title="bbox 1901 1787 3582 1857; baseline 0 -17"><span class='ocrx_word' id='word_1_661' title='bbox 1901 1787 2099 1854; x_wconf 80' lang='grc' dir='ltr'>μεῖναι</span> <span class='ocrx_word' id='word_1_662' title='bbox 2152 1788 2377 1857; x_wconf 77' lang='grc' dir='ltr'>ήμέρας</span> <span class='ocrx_word' id='word_1_663' title='bbox 2429 1787 2606 1841; x_wconf 78' lang='grc' dir='ltr'>ἑπτά·</span> <span class='ocrx_word' id='word_1_664' title='bbox 2655 1788 2752 1841; x_wconf 81' lang='grc' dir='ltr'>καὶ</span> <span class='ocrx_word' id='word_1_665' title='bbox 2805 1788 2990 1854; x_wconf 79' lang='grc' dir='ltr'>οὕτως</span> <span class='ocrx_word' id='word_1_666' title='bbox 3033 1789 3122 1853; x_wconf 84' lang='grc' dir='ltr'>εις</span> <span class='ocrx_word' id='word_1_667' title='bbox 3165 1787 3281 1855; x_wconf 79' lang='grc' dir='ltr'>τὴν</span> <span class='ocrx_word' id='word_1_668' title='bbox 3351 1787 3582 1857; x_wconf 82' lang='grc' dir='ltr'>Ῥώμην</span> 
     </span>
    </p>
   </div>
   <div class='ocr_carea' id='block_1_86' title="bbox 1905 1875 3579 1945">
    <p class='ocr_par' dir='ltr' id='par_1_86' title="bbox 1905 1875 3579 1945">
     <span class='ocr_line' id='line_1_86' title="bbox 1905 1875 3579 1945; baseline -0.001 -16"><span class='ocrx_word' id='word_1_669' title='bbox 1905 1875 2192 1945; x_wconf 75' lang='grc' dir='ltr'>ἤλθομεν.</span> <span class='ocrx_word' id='word_1_670' title='bbox 2229 1876 2514 1930; x_wconf 78' lang='grc' dir='ltr'>Κάκεῖθεν</span> <span class='ocrx_word' id='word_1_671' title='bbox 2552 1879 2606 1929; x_wconf 81' lang='grc' dir='ltr'>οὶ</span> <span class='ocrx_word' id='word_1_672' title='bbox 2643 1876 2894 1945; x_wconf 65' lang='grc' dir='ltr'>ἀδελφοὶ</span> <span class='ocrx_word' id='word_1_673' title='bbox 2927 1877 3310 1942; x_wconf 76' lang='grc' dir='ltr'>ἀκούσαντες</span> <span class='ocrx_word' id='word_1_674' title='bbox 3340 1877 3412 1929; x_wconf 83' lang='grc' dir='ltr'>τὰ</span> <span class='ocrx_word' id='word_1_675' title='bbox 3445 1877 3579 1943; x_wconf 75' lang='grc' dir='ltr'>περὶ</span> 
     </span>
    </p>
   </div>
   <div class='ocr_carea' id='block_1_87' title="bbox 1907 1962 3580 2032">
    <p class='ocr_par' dir='ltr' id='par_1_87' title="bbox 1907 1962 3580 2032">
     <span class='ocr_line' id='line_1_87' title="bbox 1907 1962 3580 2032; baseline 0.001 -16"><span class='ocrx_word' id='word_1_676' title='bbox 1907 1963 2104 2031; x_wconf 76' lang='grc' dir='ltr'>ἡμῶν,</span> <span class='ocrx_word' id='word_1_677' title='bbox 2130 1963 2397 2031; x_wconf 75' lang='grc' dir='ltr'>ἐξῆλθον</span> <span class='ocrx_word' id='word_1_678' title='bbox 2421 1967 2508 2030; x_wconf 80' lang='grc' dir='ltr'>εἰς</span> <span class='ocrx_word' id='word_1_679' title='bbox 2539 1963 2884 2030; x_wconf 78' lang='grc' dir='ltr'>ἀπάντησιν</span> <span class='ocrx_word' id='word_1_680' title='bbox 2923 1962 3070 2031; x_wconf 68' lang='grc' dir='ltr'>⁴ἡμῖν</span> <span class='ocrx_word' id='word_1_681' title='bbox 3097 1963 3271 2032; x_wconf 79' lang='grc' dir='ltr'>ἄχρις</span> <span class='ocrx_word' id='word_1_682' title='bbox 3327 1963 3580 2017; x_wconf 83' lang='grc' dir='ltr'>Ἀππίου</span> 
     </span>
    </p>
   </div>
   <div class='ocr_carea' id='block_1_88' title="bbox 1906 2048 3579 2118">
    <p class='ocr_par' dir='ltr' id='par_1_88' title="bbox 1906 2048 3579 2118">
     <span class='ocr_line' id='line_1_88' title="bbox 1906 2048 3579 2118; baseline -0.001 -16"><span class='ocrx_word' id='word_1_683' title='bbox 1906 2053 2095 2117; x_wconf 71' lang='grc' dir='ltr'>φόρου</span> <span class='ocrx_word' id='word_1_684' title='bbox 2151 2051 2248 2103; x_wconf 76' lang='grc' dir='ltr'>καὶ</span> <span class='ocrx_word' id='word_1_685' title='bbox 2315 2049 2494 2118; x_wconf 83' lang='grc' dir='ltr'>Τριῶν</span> <span class='ocrx_word' id='word_1_686' title='bbox 2548 2048 2867 2117; x_wconf 56' lang='grc' dir='ltr'>ταϐερνῶιθ.</span> <span class='ocrx_word' id='word_1_687' title='bbox 2932 2051 3054 2101; x_wconf 86' lang='grc' dir='ltr'>’Ότι</span> <span class='ocrx_word' id='word_1_688' title='bbox 3111 2049 3442 2118; x_wconf 83' lang='grc' dir='ltr'>φοϐηθέντες</span> <span class='ocrx_word' id='word_1_689' title='bbox 3489 2049 3579 2100; x_wconf 87' lang='grc' dir='ltr'>τὸν</span> 
     </span>
    </p>
   </div>
   <div class='ocr_carea' id='block_1_89' title="bbox 1907 2135 3578 2203">
    <p class='ocr_par' dir='ltr' id='par_1_89' title="bbox 1907 2135 3578 2203">
     <span class='ocr_line' id='line_1_89' title="bbox 1907 2135 3578 2203; baseline 0 -15"><span class='ocrx_word' id='word_1_690' title='bbox 1907 2135 2148 2188; x_wconf 84' lang='grc' dir='ltr'>κίνδυνον</span> <span class='ocrx_word' id='word_1_691' title='bbox 2165 2136 2407 2203; x_wconf 71' lang='grc' dir='ltr'>ἐξῆλθον,</span> <span class='ocrx_word' id='word_1_692' title='bbox 2428 2137 2519 2188; x_wconf 74' lang='grc' dir='ltr'>καὶ</span> <span class='ocrx_word' id='word_1_693' title='bbox 2541 2136 2711 2188; x_wconf 89' lang='grc' dir='ltr'>ταῦτα</span> <span class='ocrx_word' id='word_1_694' title='bbox 2738 2137 2896 2188; x_wconf 70' lang='grc' dir='ltr'>ἱκανά</span> <span class='ocrx_word' id='word_1_695' title='bbox 2917 2136 3155 2198; x_wconf 85' lang='grc' dir='ltr'>ἐκείνους</span> <span class='ocrx_word' id='word_1_696' title='bbox 3181 2135 3578 2188; x_wconf 79' lang='grc' dir='ltr'>πιστώσασθαι.</span> 
     </span>
    </p>
   </div>
   <div class='ocr_carea' id='block_1_90' title="bbox 1909 2221 3576 2294">
    <p class='ocr_par' dir='ltr' id='par_1_90' title="bbox 1909 2221 3576 2294">
     <span class='ocr_line' id='line_1_90' title="bbox 1909 2221 3576 2294; baseline -0.002 -20"><span class='ocrx_word' id='word_1_697' title='bbox 1909 2223 2052 2292; x_wconf 84' lang='grc' dir='ltr'>Ὅρα</span> <span class='ocrx_word' id='word_1_698' title='bbox 2097 2224 2214 2284; x_wconf 84' lang='grc' dir='ltr'>πῶς</span> <span class='ocrx_word' id='word_1_699' title='bbox 2247 2223 2482 2293; x_wconf 79' lang='grc' dir='ltr'>οὐδαμοῦ</span> <span class='ocrx_word' id='word_1_700' title='bbox 2530 2224 2680 2276; x_wconf 82' lang='grc' dir='ltr'>πόλει</span> <span class='ocrx_word' id='word_1_701' title='bbox 2720 2223 3026 2294; x_wconf 79' lang='grc' dir='ltr'>παρέϐαλον</span> <span class='ocrx_word' id='word_1_702' title='bbox 3063 2224 3119 2275; x_wconf 88' lang='grc' dir='ltr'>ἐν</span> <span class='ocrx_word' id='word_1_703' title='bbox 3165 2221 3406 2292; x_wconf 89' lang='grc' dir='ltr'>τοσούτῳ</span> <span class='ocrx_word' id='word_1_704' title='bbox 3441 2222 3576 2292; x_wconf 81' lang='grc' dir='ltr'>πλῷ,</span> 
     </span>
    </p>
   </div>
   <div class='ocr_carea' id='block_1_91' title="bbox 1907 2309 3582 2381">
    <p class='ocr_par' dir='ltr' id='par_1_91' title="bbox 1907 2309 3582 2381">
     <span class='ocr_line' id='line_1_91' title="bbox 1907 2309 3582 2381; baseline -0.001 -18"><span class='ocrx_word' id='word_1_705' title='bbox 1907 2311 2042 2363; x_wconf 70' lang='grc' dir='ltr'>ἀλλὰ</span> <span class='ocrx_word' id='word_1_706' title='bbox 2071 2313 2237 2380; x_wconf 82' lang='grc' dir='ltr'>νήσῳ,</span> <span class='ocrx_word' id='word_1_707' title='bbox 2269 2311 2362 2363; x_wconf 77' lang='grc' dir='ltr'>καὶ</span> <span class='ocrx_word' id='word_1_708' title='bbox 2387 2311 2476 2363; x_wconf 91' lang='grc' dir='ltr'>τὸν</span> <span class='ocrx_word' id='word_1_709' title='bbox 2503 2310 2746 2381; x_wconf 90' lang='grc' dir='ltr'>χειμῶνα</span> <span class='ocrx_word' id='word_1_710' title='bbox 2779 2309 3067 2380; x_wconf 78' lang='grc' dir='ltr'>ὀλόκληρον</span> <span class='ocrx_word' id='word_1_711' title='bbox 3098 2309 3359 2380; x_wconf 77' lang='grc' dir='ltr'>διήγαγον</span> <span class='ocrx_word' id='word_1_712' title='bbox 3393 2310 3582 2363; x_wconf 80' lang='grc' dir='ltr'>πλέον·</span> 
     </span>
    </p>
   </div>
   <div class='ocr_carea' id='block_1_92' title="bbox 1907 2395 3585 2467">
    <p class='ocr_par' dir='ltr' id='par_1_92' title="bbox 1907 2395 3585 2467">
     <span class='ocr_line' id='line_1_92' title="bbox 1907 2395 3585 2467; baseline -0.001 -18"><span class='ocrx_word' id='word_1_713' title='bbox 1907 2415 2020 2461; x_wconf 86' lang='grc' dir='ltr'>τες,</span> <span class='ocrx_word' id='word_1_714' title='bbox 2073 2399 2300 2450; x_wconf 85' lang='grc' dir='ltr'>ἐκείνων</span> <span class='ocrx_word' id='word_1_715' title='bbox 2338 2396 2754 2467; x_wconf 74' lang='grc' dir='ltr'>ῥυθμιζομένων</span> <span class='ocrx_word' id='word_1_716' title='bbox 2804 2399 2884 2460; x_wconf 88' lang='grc' dir='ltr'>εἰς</span> <span class='ocrx_word' id='word_1_717' title='bbox 2920 2398 3021 2465; x_wconf 79' lang='grc' dir='ltr'>τὴν</span> <span class='ocrx_word' id='word_1_718' title='bbox 3057 2395 3238 2448; x_wconf 85' lang='grc' dir='ltr'>πίστιν</span> <span class='ocrx_word' id='word_1_719' title='bbox 3285 2396 3394 2448; x_wconf 89' lang='grc' dir='ltr'>τῶν</span> <span class='ocrx_word' id='word_1_720' title='bbox 3446 2413 3585 2466; x_wconf 91' lang='grc' dir='ltr'>συμ-</span> 
     </span>
    </p>
   </div>
   <div class='ocr_carea' id='block_1_93' title="bbox 1909 2483 3581 2554">
    <p class='ocr_par' dir='ltr' id='par_1_93' title="bbox 1909 2483 3581 2554">
     <span class='ocr_line' id='line_1_93' title="bbox 1909 2483 3581 2554; baseline 0 -19"><span class='ocrx_word' id='word_1_721' title='bbox 1909 2483 2281 2546; x_wconf 76' lang='grc' dir='ltr'>πλευσάντων,</span> <span class='ocrx_word' id='word_1_722' title='bbox 2310 2483 2474 2551; x_wconf 88' lang='grc' dir='ltr'>λέγω.</span> <span class='ocrx_word' id='word_1_723' title='bbox 2519 2484 2855 2554; x_wconf 84' lang='grc' dir='ltr'>Ἐπετράπη,</span> <span class='ocrx_word' id='word_1_724' title='bbox 2894 2483 3046 2552; x_wconf 71' lang='grc' dir='ltr'>φησὶ,</span> <span class='ocrx_word' id='word_1_725' title='bbox 3081 2484 3264 2553; x_wconf 83' lang='grc' dir='ltr'>μένειν</span> <span class='ocrx_word' id='word_1_726' title='bbox 3293 2483 3415 2536; x_wconf 79' lang='grc' dir='ltr'>καθ’</span> <span class='ocrx_word' id='word_1_727' title='bbox 3451 2484 3581 2536; x_wconf 82' lang='grc' dir='ltr'>ἐαυ-</span> 
     </span>
    </p>
   </div>
   <div class='ocr_carea' id='block_1_94' title="bbox 1906 2570 3576 2640">
    <p class='ocr_par' dir='ltr' id='par_1_94' title="bbox 1906 2570 3576 2640">
     <span class='ocr_line' id='line_1_94' title="bbox 1906 2570 3576 2640; baseline 0.001 -18"><span class='ocrx_word' id='word_1_728' title='bbox 1906 2572 1997 2622; x_wconf 87' lang='grc' dir='ltr'>τὸν</span> <span class='ocrx_word' id='word_1_729' title='bbox 2024 2572 2119 2623; x_wconf 71' lang='grc' dir='ltr'>σὺν</span> <span class='ocrx_word' id='word_1_730' title='bbox 2150 2571 2225 2640; x_wconf 82' lang='grc' dir='ltr'>τῷ</span> <span class='ocrx_word' id='word_1_731' title='bbox 2255 2571 2584 2638; x_wconf 85' lang='grc' dir='ltr'>φυλάσσοντι</span> <span class='ocrx_word' id='word_1_732' title='bbox 2613 2571 2774 2622; x_wconf 79' lang='grc' dir='ltr'>αὑτὸν</span> <span class='ocrx_word' id='word_1_733' title='bbox 2798 2570 3124 2640; x_wconf 79' lang='grc' dir='ltr'>στρατιώτῃ.</span> <span class='ocrx_word' id='word_1_734' title='bbox 3150 2570 3312 2624; x_wconf 84' lang='grc' dir='ltr'>Μάλα</span> <span class='ocrx_word' id='word_1_735' title='bbox 3332 2571 3576 2637; x_wconf 88' lang='grc' dir='ltr'>είκότως,</span> 
     </span>
    </p>
   </div>
   <div class='ocr_carea' id='block_1_95' title="bbox 1907 2657 3572 2728">
    <p class='ocr_par' dir='ltr' id='par_1_95' title="bbox 1907 2657 3572 2728">
     <span class='ocr_line' id='line_1_95' title="bbox 1907 2657 3572 2728; baseline 0 -18"><span class='ocrx_word' id='word_1_736' title='bbox 1907 2657 2048 2710; x_wconf 88' lang='grc' dir='ltr'>ῶστε</span> <span class='ocrx_word' id='word_1_737' title='bbox 2087 2658 2160 2726; x_wconf 82' lang='grc' dir='ltr'>μὴ</span> <span class='ocrx_word' id='word_1_738' title='bbox 2195 2657 2394 2721; x_wconf 81' lang='grc' dir='ltr'>ἐξεῖναι</span> <span class='ocrx_word' id='word_1_739' title='bbox 2431 2658 2566 2728; x_wconf 81' lang='grc' dir='ltr'>μηδέ</span> <span class='ocrx_word' id='word_1_740' title='bbox 2611 2661 2730 2710; x_wconf 83' lang='grc' dir='ltr'>ἐκεῖ</span> <span class='ocrx_word' id='word_1_741' title='bbox 2758 2657 3050 2727; x_wconf 78' lang='grc' dir='ltr'>ἐπιϐουλήν</span> <span class='ocrx_word' id='word_1_742' title='bbox 3077 2673 3200 2710; x_wconf 82' lang='grc' dir='ltr'>τινα</span> <span class='ocrx_word' id='word_1_743' title='bbox 3245 2657 3405 2711; x_wconf 78' lang='grc' dir='ltr'>αὑτὸν</span> <span class='ocrx_word' id='word_1_744' title='bbox 3441 2657 3572 2710; x_wconf 66' lang='lat' dir='ltr'>bno-</span> 
     </span>
    </p>
   </div>
   <div class='ocr_carea' id='block_1_96' title="bbox 1911 2744 3582 2814">
    <p class='ocr_par' dir='ltr' id='par_1_96' title="bbox 1911 2744 3582 2814">
     <span class='ocr_line' id='line_1_96' title="bbox 1911 2744 3582 2814; baseline -0.001 -17"><span class='ocrx_word' id='word_1_745' title='bbox 1911 2748 2120 2813; x_wconf 80' lang='grc' dir='ltr'>στῆναι·</span> <span class='ocrx_word' id='word_1_746' title='bbox 2150 2744 2211 2796; x_wconf 81' lang='grc' dir='ltr'>οὐ</span> <span class='ocrx_word' id='word_1_747' title='bbox 2238 2744 2346 2813; x_wconf 83' lang='grc' dir='ltr'>γάρ</span> <span class='ocrx_word' id='word_1_748' title='bbox 2375 2745 2500 2814; x_wconf 82' lang='grc' dir='ltr'>ἐνῆν</span> <span class='ocrx_word' id='word_1_749' title='bbox 2521 2747 2806 2798; x_wconf 76' lang='grc' dir='ltr'>στασιάσαι</span> <span class='ocrx_word' id='word_1_750' title='bbox 2836 2744 3041 2797; x_wconf 87' lang='grc' dir='ltr'>λοιπόν.</span> <span class='ocrx_word' id='word_1_751' title='bbox 3065 2745 3226 2796; x_wconf 74' lang='grc' dir='ltr'>’Ὥστε</span> <span class='ocrx_word' id='word_1_752' title='bbox 3252 2746 3351 2797; x_wconf 69' lang='grc' dir='ltr'>οὐκ</span> <span class='ocrx_word' id='word_1_753' title='bbox 3377 2746 3582 2797; x_wconf 84' lang='grc' dir='ltr'>ἐκεῖνον</span> 
     </span>
    </p>
   </div>
   <div class='ocr_carea' id='block_1_97' title="bbox 1909 2831 3580 2900">
    <p class='ocr_par' dir='ltr' id='par_1_97' title="bbox 1909 2831 3580 2900">
     <span class='ocr_line' id='line_1_97' title="bbox 1909 2831 3580 2900; baseline 0.001 -17"><span class='ocrx_word' id='word_1_754' title='bbox 1909 2831 2214 2900; x_wconf 81' lang='grc' dir='ltr'>ἐφύλασσεν</span> <span class='ocrx_word' id='word_1_755' title='bbox 2235 2871 2250 2894; x_wconf 91' lang='grc'>,</span> <span class='ocrx_word' id='word_1_756' title='bbox 2282 2831 2396 2883; x_wconf 81' lang='grc' dir='ltr'>ἀλλ’</span> <span class='ocrx_word' id='word_1_757' title='bbox 2432 2831 2572 2884; x_wconf 80' lang='grc' dir='ltr'>ὥστε</span> <span class='ocrx_word' id='word_1_758' title='bbox 2609 2832 2683 2900; x_wconf 83' lang='grc' dir='ltr'>μὴ</span> <span class='ocrx_word' id='word_1_759' title='bbox 2733 2831 2988 2897; x_wconf 76' lang='grc' dir='ltr'>γενέσθαι</span> <span class='ocrx_word' id='word_1_760' title='bbox 3036 2848 3087 2883; x_wconf 77' lang='grc' dir='ltr'>τι</span> <span class='ocrx_word' id='word_1_761' title='bbox 3120 2832 3228 2884; x_wconf 90' lang='grc' dir='ltr'>τῶν</span> <span class='ocrx_word' id='word_1_762' title='bbox 3258 2831 3471 2900; x_wconf 85' lang='grc' dir='ltr'>ἀηδῶν·</span> <span class='ocrx_word' id='word_1_763' title='bbox 3517 2833 3580 2884; x_wconf 82' lang='grc' dir='ltr'>ού</span> 
     </span>
    </p>
   </div>
   <div class='ocr_carea' id='block_1_98' title="bbox 1909 2916 3579 2988">
    <p class='ocr_par' dir='ltr' id='par_1_98' title="bbox 1909 2916 3579 2988">
     <span class='ocr_line' id='line_1_98' title="bbox 1909 2916 3579 2988; baseline -0.001 -17"><span class='ocrx_word' id='word_1_764' title='bbox 1909 2922 2016 2988; x_wconf 75' lang='grc' dir='ltr'>γάρ</span> <span class='ocrx_word' id='word_1_765' title='bbox 2041 2918 2166 2988; x_wconf 74' lang='grc' dir='ltr'>ἐξῆν</span> <span class='ocrx_word' id='word_1_766' title='bbox 2193 2917 2376 2971; x_wconf 86' lang='grc' dir='ltr'>λοιπὸν</span> <span class='ocrx_word' id='word_1_767' title='bbox 2401 2918 2494 2970; x_wconf 73' lang='grc' dir='ltr'>καὶ</span> <span class='ocrx_word' id='word_1_768' title='bbox 2531 2917 2734 2979; x_wconf 88' lang='grc' dir='ltr'>πόλεως</span> <span class='ocrx_word' id='word_1_769' title='bbox 2773 2916 2938 2986; x_wconf 79' lang='grc' dir='ltr'>οῦσης</span> <span class='ocrx_word' id='word_1_770' title='bbox 2969 2921 3258 2987; x_wconf 78' lang='grc' dir='ltr'>τοσαύτης,</span> <span class='ocrx_word' id='word_1_771' title='bbox 3291 2919 3384 2970; x_wconf 70' lang='grc' dir='ltr'>καὶ</span> <span class='ocrx_word' id='word_1_772' title='bbox 3423 2917 3579 2987; x_wconf 81' lang='grc' dir='ltr'>βασι-</span> 
     </span>
    </p>
   </div>
   <div class='ocr_carea' id='block_1_99' title="bbox 1910 3003 3581 3076">
    <p class='ocr_par' dir='ltr' id='par_1_99' title="bbox 1910 3003 3581 3076">
     <span class='ocr_line' id='line_1_99' title="bbox 1910 3003 3581 3076; baseline 0 -18"><span class='ocrx_word' id='word_1_773' title='bbox 1910 3007 2044 3068; x_wconf 81' lang='grc' dir='ltr'>λέως</span> <span class='ocrx_word' id='word_1_774' title='bbox 2074 3007 2225 3069; x_wconf 79' lang='grc' dir='ltr'>δντος</span> <span class='ocrx_word' id='word_1_775' title='bbox 2247 3047 2261 3068; x_wconf 90' lang='grc'>,</span> <span class='ocrx_word' id='word_1_776' title='bbox 2295 3005 2391 3058; x_wconf 73' lang='grc' dir='ltr'>καὶ</span> <span class='ocrx_word' id='word_1_777' title='bbox 2430 3005 2668 3072; x_wconf 83' lang='grc' dir='ltr'>ἐφέσεως</span> <span class='ocrx_word' id='word_1_778' title='bbox 2699 3005 2864 3074; x_wconf 75' lang='grc' dir='ltr'>οὔσης</span> <span class='ocrx_word' id='word_1_779' title='bbox 2884 3045 2900 3063; x_wconf 88' lang='grc'>,</span> <span class='ocrx_word' id='word_1_780' title='bbox 2934 3003 3187 3072; x_wconf 77' lang='grc' dir='ltr'>γενέσθαι</span> <span class='ocrx_word' id='word_1_781' title='bbox 3219 3022 3271 3058; x_wconf 88' lang='grc' dir='ltr'>τι</span> <span class='ocrx_word' id='word_1_782' title='bbox 3301 3006 3452 3076; x_wconf 70' lang='grc' dir='ltr'>παρὰ</span> <span class='ocrx_word' id='word_1_783' title='bbox 3483 3005 3581 3076; x_wconf 84' lang='grc' dir='ltr'>τὴν</span> 
     </span>
    </p>
   </div>
   <div class='ocr_carea' id='block_1_100' title="bbox 1913 3083 3580 3150">
    <p class='ocr_par' dir='ltr' id='par_1_100' title="bbox 1913 3083 3580 3150">
     <span class='ocr_line' id='line_1_100' title="bbox 1913 3083 3580 3150; baseline -0.001 -8"><span class='ocrx_word' id='word_1_784' title='bbox 1913 3087 2246 3142; x_wconf 74' lang='grc' dir='ltr'>ἀκολουθίαν.</span> <span class='ocrx_word' id='word_1_785' title='bbox 2301 3086 2486 3150; x_wconf 75' lang='grc' dir='ltr'>Οὕτως</span> <span class='ocrx_word' id='word_1_786' title='bbox 2526 3087 2612 3139; x_wconf 70' lang='grc' dir='ltr'>ἀεὶ</span> <span class='ocrx_word' id='word_1_787' title='bbox 2659 3086 2745 3140; x_wconf 71' lang='grc' dir='ltr'>διὰ</span> <span class='ocrx_word' id='word_1_788' title='bbox 2789 3087 2896 3138; x_wconf 88' lang='grc' dir='ltr'>τῶν</span> <span class='ocrx_word' id='word_1_789' title='bbox 2934 3085 3230 3139; x_wconf 82' lang='grc' dir='ltr'>δοκούντων</span> <span class='ocrx_word' id='word_1_790' title='bbox 3274 3083 3411 3140; x_wconf 75' lang='grc' dir='ltr'>εἶναι</span> <span class='ocrx_word' id='word_1_791' title='bbox 3458 3089 3580 3140; x_wconf 80' lang='grc' dir='ltr'>καθ’</span> 
     </span>
    </p>
   </div>
   <div class='ocr_carea' id='block_1_101' title="bbox 1910 3170 3579 3244">
    <p class='ocr_par' dir='ltr' id='par_1_101' title="bbox 1910 3170 3579 3244">
     <span class='ocr_line' id='line_1_101' title="bbox 1910 3170 3579 3244; baseline -0.001 -17"><span class='ocrx_word' id='word_1_792' title='bbox 1910 3174 2104 3244; x_wconf 74' lang='grc' dir='ltr'>ήμῶν,</span> <span class='ocrx_word' id='word_1_793' title='bbox 2135 3175 2274 3243; x_wconf 80' lang='grc' dir='ltr'>ὑπὲρ</span> <span class='ocrx_word' id='word_1_794' title='bbox 2321 3173 2477 3243; x_wconf 88' lang='grc' dir='ltr'>ήμῶν</span> <span class='ocrx_word' id='word_1_795' title='bbox 2525 3173 2700 3225; x_wconf 82' lang='grc' dir='ltr'>πάντα</span> <span class='ocrx_word' id='word_1_796' title='bbox 2738 3174 2964 3240; x_wconf 80' lang='grc' dir='ltr'>γίνεται⁸</span> <span class='ocrx_word' id='word_1_797' title='bbox 3009 3172 3185 3240; x_wconf 83' lang='grc' dir='ltr'>φύλαξ</span> <span class='ocrx_word' id='word_1_798' title='bbox 3219 3173 3327 3242; x_wconf 75' lang='grc' dir='ltr'>γάρ</span> <span class='ocrx_word' id='word_1_799' title='bbox 3372 3170 3439 3244; x_wconf 79' lang='grc' dir='ltr'>ἦν</span> <span class='ocrx_word' id='word_1_800' title='bbox 3485 3172 3579 3226; x_wconf 89' lang='grc' dir='ltr'>τοῦ</span> 
     </span>
    </p>
   </div>
   <div class='ocr_carea' id='block_1_102' title="bbox 1914 3259 3579 3329">
    <p class='ocr_par' dir='ltr' id='par_1_102' title="bbox 1914 3259 3579 3329">
     <span class='ocr_line' id='line_1_102' title="bbox 1914 3259 3579 3329; baseline -0.001 -15"><span class='ocrx_word' id='word_1_801' title='bbox 1914 3262 2148 3314; x_wconf 84' lang='grc' dir='ltr'>Παύλου.</span> <span class='ocrx_word' id='word_1_802' title='bbox 2185 3262 2294 3314; x_wconf 83' lang='lat' dir='ltr'><strong><em>Kal</em></strong></span> <span class='ocrx_word' id='word_1_803' title='bbox 2326 3259 2665 3328; x_wconf 80' lang='grc' dir='ltr'>συγκαλέσας</span> <span class='ocrx_word' id='word_1_804' title='bbox 2698 3261 2823 3323; x_wconf 77' lang='grc' dir='ltr'>τοὺς</span> <span class='ocrx_word' id='word_1_805' title='bbox 2856 3259 3101 3329; x_wconf 81' lang='grc' dir='ltr'>πρώτους</span> <span class='ocrx_word' id='word_1_806' title='bbox 3131 3259 3241 3312; x_wconf 87' lang='grc' dir='ltr'>τῶν</span> <span class='ocrx_word' id='word_1_807' title='bbox 3283 3260 3579 3320; x_wconf 82' lang='grc' dir='ltr'>Ἰουδαίων,</span> 
     </span>
    </p>
   </div>
   <div class='ocr_carea' id='block_1_103' title="bbox 1913 3345 3578 3416">
    <p class='ocr_par' dir='ltr' id='par_1_103' title="bbox 1913 3345 3578 3416">
     <span class='ocr_line' id='line_1_103' title="bbox 1913 3345 3578 3416; baseline -0.002 -15"><span class='ocrx_word' id='word_1_808' title='bbox 1913 3348 2219 3416; x_wconf 87' lang='grc' dir='ltr'>διαλέγεται</span> <span class='ocrx_word' id='word_1_809' title='bbox 2261 3348 2444 3409; x_wconf 76' lang='grc' dir='ltr'>αὐτοῖς</span> <span class='ocrx_word' id='word_1_810' title='bbox 2469 3362 2480 3374; x_wconf 78' lang='grc'><strong><em>⁸</em></strong></span> <span class='ocrx_word' id='word_1_811' title='bbox 2523 3345 2572 3398; x_wconf 84' lang='grc' dir='ltr'>οἳ</span> <span class='ocrx_word' id='word_1_812' title='bbox 2616 3348 2706 3398; x_wconf 68' lang='grc' dir='ltr'>καὶ</span> <span class='ocrx_word' id='word_1_813' title='bbox 2748 3345 3120 3412; x_wconf 83' lang='grc' dir='ltr'>ἀντιλέγοντες</span> <span class='ocrx_word' id='word_1_814' title='bbox 3145 3357 3165 3383; x_wconf 77' lang='grc' dir='ltr'>ε</span> <span class='ocrx_word' id='word_1_815' title='bbox 3207 3345 3578 3415; x_wconf 82' lang='grc' dir='ltr'>ἀναχωροῦσι,</span> 
     </span>
    </p>
   </div>
   <div class='ocr_carea' id='block_1_104' title="bbox 1914 3431 3579 3506">
    <p class='ocr_par' dir='ltr' id='par_1_104' title="bbox 1914 3431 3579 3506">
     <span class='ocr_line' id='line_1_104' title="bbox 1914 3431 3579 3506; baseline -0.002 -19"><span class='ocrx_word' id='word_1_816' title='bbox 1914 3436 2010 3488; x_wconf 71' lang='grc' dir='ltr'>καὶ</span> <span class='ocrx_word' id='word_1_817' title='bbox 2038 3435 2350 3506; x_wconf 71' lang='grc' dir='ltr'>ὑϐρίζονται</span> <span class='ocrx_word' id='word_1_818' title='bbox 2382 3433 2509 3501; x_wconf 77' lang='grc' dir='ltr'>παρ’</span> <span class='ocrx_word' id='word_1_819' title='bbox 2549 3431 2734 3495; x_wconf 73' lang='grc' dir='ltr'>αὑτοῦ,</span> <span class='ocrx_word' id='word_1_820' title='bbox 2771 3433 2865 3484; x_wconf 76' lang='grc' dir='ltr'>καὶ</span> <span class='ocrx_word' id='word_1_821' title='bbox 2896 3431 3047 3484; x_wconf 77' lang='grc' dir='ltr'>οὐδὲν</span> <span class='ocrx_word' id='word_1_822' title='bbox 3076 3432 3351 3502; x_wconf 82' lang='grc' dir='ltr'>τολμῶσιν</span> <span class='ocrx_word' id='word_1_823' title='bbox 3384 3434 3579 3484; x_wconf 86' lang='grc' dir='ltr'>εἰπεῖν·</span> 
     </span>
    </p>
   </div>
   <div class='ocr_carea' id='block_1_105' title="bbox 1914 3521 3587 3597">
    <p class='ocr_par' dir='ltr' id='par_1_105' title="bbox 1914 3521 3587 3597">
     <span class='ocr_line' id='line_1_105' title="bbox 1914 3521 3587 3597; baseline -0.004 -17"><span class='ocrx_word' id='word_1_824' title='bbox 1914 3529 1976 3580; x_wconf 85' lang='grc' dir='ltr'>ού</span> <span class='ocrx_word' id='word_1_825' title='bbox 2008 3527 2116 3597; x_wconf 80' lang='grc' dir='ltr'>γὰρ</span> <span class='ocrx_word' id='word_1_826' title='bbox 2146 3523 2298 3596; x_wconf 69' lang='grc'>[408]</span> <span class='ocrx_word' id='word_1_827' title='bbox 2326 3527 2393 3594; x_wconf 77' lang='grc' dir='ltr'>τῇ</span> <span class='ocrx_word' id='word_1_828' title='bbox 2429 3522 2648 3594; x_wconf 76' lang='grc' dir='ltr'>ἐξουσίᾳ</span> <span class='ocrx_word' id='word_1_829' title='bbox 2691 3521 2871 3576; x_wconf 77' lang='grc' dir='ltr'>αὐτῶν</span> <span class='ocrx_word' id='word_1_830' title='bbox 2923 3522 3260 3591; x_wconf 79' lang='grc' dir='ltr'>ἐπετρέπετο</span> <span class='ocrx_word' id='word_1_831' title='bbox 3303 3522 3487 3574; x_wconf 85' lang='grc' dir='ltr'>λοιπὸν</span> <span class='ocrx_word' id='word_1_832' title='bbox 3517 3521 3587 3574; x_wconf 68' lang='grc' dir='ltr'>τὰ</span> 
     </span>
    </p>
   </div>
   <div class='ocr_carea' id='block_1_106' title="bbox 1916 3608 3588 3681">
    <p class='ocr_par' dir='ltr' id='par_1_106' title="bbox 1916 3608 3588 3681">
     <span class='ocr_line' id='line_1_106' title="bbox 1916 3608 3588 3681; baseline -0.005 -13"><span class='ocrx_word' id='word_1_833' title='bbox 1916 3615 2037 3668; x_wconf 78' lang='grc' dir='ltr'>κατ’</span> <span class='ocrx_word' id='word_1_834' title='bbox 2065 3613 2248 3666; x_wconf 80' lang='grc' dir='ltr'>αὐτόν.</span> <span class='ocrx_word' id='word_1_835' title='bbox 2285 3611 2360 3664; x_wconf 84' lang='grc' dir='ltr'>Τὸ</span> <span class='ocrx_word' id='word_1_836' title='bbox 2401 3611 2510 3681; x_wconf 77' lang='grc' dir='ltr'>γὰρ</span> <span class='ocrx_word' id='word_1_837' title='bbox 2539 3610 2849 3680; x_wconf 85' lang='grc' dir='ltr'>θαυμαστὸν</span> <span class='ocrx_word' id='word_1_838' title='bbox 2878 3608 3036 3661; x_wconf 88' lang='grc' dir='ltr'>τοῦτό</span> <span class='ocrx_word' id='word_1_839' title='bbox 3069 3610 3238 3670; x_wconf 91' lang='grc' dir='ltr'>ἐστιν,</span> <span class='ocrx_word' id='word_1_840' title='bbox 3270 3609 3352 3661; x_wconf 83' lang='grc' dir='ltr'>ὅτι</span> <span class='ocrx_word' id='word_1_841' title='bbox 3393 3609 3456 3661; x_wconf 77' lang='grc' dir='ltr'>οὐ</span> <span class='ocrx_word' id='word_1_842' title='bbox 3498 3608 3588 3660; x_wconf 71' lang='grc' dir='ltr'>διὰ</span> 
     </span>
    </p>
   </div>
   <div class='ocr_carea' id='block_1_107' title="bbox 1916 3693 3587 3766">
    <p class='ocr_par' dir='ltr' id='par_1_107' title="bbox 1916 3693 3587 3766">
     <span class='ocr_line' id='line_1_107' title="bbox 1916 3693 3587 3766; baseline -0.004 -13"><span class='ocrx_word' id='word_1_843' title='bbox 1916 3699 2024 3753; x_wconf 88' lang='grc' dir='ltr'>τῶν</span> <span class='ocrx_word' id='word_1_844' title='bbox 2049 3698 2350 3752; x_wconf 87' lang='grc' dir='ltr'>δοκούντων</span> <span class='ocrx_word' id='word_1_845' title='bbox 2380 3693 2518 3750; x_wconf 81' lang='grc' dir='ltr'>εἶναι</span> <span class='ocrx_word' id='word_1_846' title='bbox 2549 3697 2687 3766; x_wconf 86' lang='grc' dir='ltr'>πρὸς</span> <span class='ocrx_word' id='word_1_847' title='bbox 2715 3695 3036 3764; x_wconf 80' lang='grc' dir='ltr'>ἀσφάλειαν,</span> <span class='ocrx_word' id='word_1_848' title='bbox 3067 3695 3202 3749; x_wconf 85' lang='grc' dir='ltr'>άλλά</span> <span class='ocrx_word' id='word_1_849' title='bbox 3237 3697 3327 3748; x_wconf 77' lang='grc' dir='ltr'>καὶ</span> <span class='ocrx_word' id='word_1_850' title='bbox 3358 3696 3447 3749; x_wconf 74' lang='grc' dir='ltr'>διὰ</span> <span class='ocrx_word' id='word_1_851' title='bbox 3477 3696 3587 3748; x_wconf 90' lang='grc' dir='ltr'>τῶν</span> 
     </span>
    </p>
   </div>
   <div class='ocr_carea' id='block_1_108' title="bbox 1916 3781 3585 3854">
    <p class='ocr_par' dir='ltr' id='par_1_108' title="bbox 1916 3781 3585 3854">
     <span class='ocr_line' id='line_1_108' title="bbox 1916 3781 3585 3854; baseline -0.002 -16"><span class='ocrx_word' id='word_1_852' title='bbox 1916 3784 2174 3838; x_wconf 88' lang='grc' dir='ltr'>ἐναντίων</span> <span class='ocrx_word' id='word_1_853' title='bbox 2228 3784 2406 3836; x_wconf 89' lang='grc' dir='ltr'>πάντα</span> <span class='ocrx_word' id='word_1_854' title='bbox 2449 3784 2591 3852; x_wconf 77' lang='grc' dir='ltr'>ὑπὲρ</span> <span class='ocrx_word' id='word_1_855' title='bbox 2629 3781 2783 3852; x_wconf 87' lang='grc' dir='ltr'>ήμῶν</span> <span class='ocrx_word' id='word_1_856' title='bbox 2828 3783 3058 3850; x_wconf 90' lang='grc' dir='ltr'>γίνεται.</span> <span class='ocrx_word' id='word_1_857' title='bbox 3101 3784 3212 3836; x_wconf 80' lang='grc' dir='ltr'>Καὶ</span> <span class='ocrx_word' id='word_1_858' title='bbox 3257 3783 3346 3837; x_wconf 81' lang='grc' dir='ltr'>ἵνα</span> <span class='ocrx_word' id='word_1_859' title='bbox 3386 3783 3585 3854; x_wconf 81' lang='grc' dir='ltr'>μάθῃς,</span> 
     </span>
    </p>
   </div>
   <div class='ocr_carea' id='block_1_109' title="bbox 1921 3867 3588 3938">
    <p class='ocr_par' dir='ltr' id='par_1_109' title="bbox 1921 3867 3588 3938">
     <span class='ocr_line' id='line_1_109' title="bbox 1921 3867 3588 3938; baseline -0.001 -14"><span class='ocrx_word' id='word_1_860' title='bbox 1921 3872 2112 3924; x_wconf 85' lang='grc' dir='ltr'>σκόπει</span> <span class='ocrx_word' id='word_1_861' title='bbox 2146 3868 2417 3923; x_wconf 90' lang='grc' dir='ltr'>ἐντεῦθεν.</span> <span class='ocrx_word' id='word_1_862' title='bbox 2457 3869 2771 3920; x_wconf 79' lang='grc' dir='ltr'>Ἑκέλευσεν</span> <span class='ocrx_word' id='word_1_863' title='bbox 2797 3869 2825 3918; x_wconf 83' lang='grc' dir='ltr'><strong>ὁ</strong></span> <span class='ocrx_word' id='word_1_864' title='bbox 2851 3867 3051 3938; x_wconf 83' lang='grc' dir='ltr'>Φαραὼ</span> <span class='ocrx_word' id='word_1_865' title='bbox 3083 3867 3370 3938; x_wconf 75' lang='grc' dir='ltr'>ῥίπτεσθαι</span> <span class='ocrx_word' id='word_1_866' title='bbox 3397 3872 3474 3930; x_wconf 90' lang='grc' dir='ltr'>είς</span> <span class='ocrx_word' id='word_1_867' title='bbox 3497 3870 3588 3922; x_wconf 87' lang='grc' dir='ltr'>τὸν</span> 
     </span>
    </p>
   </div>
   <div class='ocr_carea' id='block_1_110' title="bbox 1919 3954 3589 4029">
    <p class='ocr_par' dir='ltr' id='par_1_110' title="bbox 1919 3954 3589 4029">
     <span class='ocr_line' id='line_1_110' title="bbox 1919 3954 3589 4029; baseline -0.003 -19"><span class='ocrx_word' id='word_1_868' title='bbox 1919 3957 2162 4029; x_wconf 86' lang='grc' dir='ltr'>ποταμὸν</span> <span class='ocrx_word' id='word_1_869' title='bbox 2202 3957 2272 4010; x_wconf 74' lang='grc' dir='ltr'>τὰ</span> <span class='ocrx_word' id='word_1_870' title='bbox 2299 3955 2494 4026; x_wconf 78' lang='grc' dir='ltr'>βρέφη.</span> <span class='ocrx_word' id='word_1_871' title='bbox 2539 3955 2600 4006; x_wconf 72' lang='lat' dir='ltr'><strong><em>El</em></strong></span> <span class='ocrx_word' id='word_1_872' title='bbox 2639 3954 2715 4022; x_wconf 83' lang='grc' dir='ltr'>μὴ</span> <span class='ocrx_word' id='word_1_873' title='bbox 2754 3955 2954 4023; x_wconf 79' lang='grc' dir='ltr'>ἐρρίφη</span> <span class='ocrx_word' id='word_1_874' title='bbox 2998 3955 3066 4006; x_wconf 79' lang='grc' dir='ltr'>τὰ</span> <span class='ocrx_word' id='word_1_875' title='bbox 3103 3954 3314 4025; x_wconf 78' lang='grc' dir='ltr'>βρέφη,</span> <span class='ocrx_word' id='word_1_876' title='bbox 3349 3957 3398 4006; x_wconf 87' lang='grc' dir='ltr'>εἰ</span> <span class='ocrx_word' id='word_1_877' title='bbox 3439 3955 3514 4024; x_wconf 87' lang='grc' dir='ltr'>μὴ</span> <span class='ocrx_word' id='word_1_878' title='bbox 3552 3957 3589 4026; x_wconf 86' lang='grc' dir='ltr'>ή</span> 
     </span>
    </p>
   </div>
   <div class='ocr_carea' id='block_1_111' title="bbox 1925 4039 3586 4118">
    <p class='ocr_par' dir='ltr' id='par_1_111' title="bbox 1925 4039 3586 4118">
     <span class='ocr_line' id='line_1_111' title="bbox 1925 4039 3586 4118; baseline -0.005 -18"><span class='ocrx_word' id='word_1_879' title='bbox 1925 4047 2220 4118; x_wconf 79' lang='grc' dir='ltr'>πρόσταξις</span> <span class='ocrx_word' id='word_1_880' title='bbox 2247 4045 2338 4097; x_wconf 82' lang='grc' dir='ltr'>τοῦ</span> <span class='ocrx_word' id='word_1_881' title='bbox 2366 4042 2561 4109; x_wconf 77' lang='grc' dir='ltr'>Φαραὼ</span> <span class='ocrx_word' id='word_1_882' title='bbox 2589 4043 2805 4109; x_wconf 88' lang='grc' dir='ltr'>ἐγένετο</span> <span class='ocrx_word' id='word_1_883' title='bbox 2830 4041 2878 4107; x_wconf 74' lang='grc'>-1,</span> <span class='ocrx_word' id='word_1_884' title='bbox 2904 4042 3005 4094; x_wconf 81' lang='grc' dir='ltr'>οὐκ</span> <span class='ocrx_word' id='word_1_885' title='bbox 3030 4043 3094 4094; x_wconf 80' lang='grc' dir='ltr'>ἂν</span> <span class='ocrx_word' id='word_1_886' title='bbox 3118 4039 3296 4109; x_wconf 85' lang='grc' dir='ltr'>ἐσώθη</span> <span class='ocrx_word' id='word_1_887' title='bbox 3323 4042 3586 4110; x_wconf 80' lang='grc' dir='ltr'>Μωῡσῆς,</span> 
     </span>
    </p>
   </div>
   <div class='ocr_carea' id='block_1_112' title="bbox 1919 4124 3586 4200">
    <p class='ocr_par' dir='ltr' id='par_1_112' title="bbox 1919 4124 3586 4200">
     <span class='ocr_line' id='line_1_112' title="bbox 1919 4124 3586 4200; baseline -0.005 -13"><span class='ocrx_word' id='word_1_888' title='bbox 1919 4135 2020 4188; x_wconf 77' lang='grc' dir='ltr'>οὐκ</span> <span class='ocrx_word' id='word_1_889' title='bbox 2052 4134 2116 4186; x_wconf 82' lang='grc' dir='ltr'>ἂν</span> <span class='ocrx_word' id='word_1_890' title='bbox 2147 4136 2200 4185; x_wconf 86' lang='grc' dir='ltr'>ἐν</span> <span class='ocrx_word' id='word_1_891' title='bbox 2236 4130 2525 4200; x_wconf 84' lang='grc' dir='ltr'>βασιλείοις</span> <span class='ocrx_word' id='word_1_892' title='bbox 2560 4129 2788 4198; x_wconf 84' lang='grc' dir='ltr'>ἐτράφη.</span> <span class='ocrx_word' id='word_1_893' title='bbox 2833 4128 2964 4182; x_wconf 81' lang='grc' dir='ltr'>Ὅτε</span> <span class='ocrx_word' id='word_1_894' title='bbox 3004 4127 3257 4190; x_wconf 78' lang='grc' dir='ltr'>ἐσώζετο,</span> <span class='ocrx_word' id='word_1_895' title='bbox 3292 4129 3391 4180; x_wconf 84' lang='grc' dir='ltr'>οὐκ</span> <span class='ocrx_word' id='word_1_896' title='bbox 3424 4124 3491 4198; x_wconf 81' lang='grc' dir='ltr'>ἦν</span> <span class='ocrx_word' id='word_1_897' title='bbox 3530 4129 3586 4179; x_wconf 93' lang='grc' dir='ltr'>ἐν</span> 
     </span>
    </p>
   </div>
   <div class='ocr_carea' id='block_1_113' title="bbox 1919 4213 3589 4291">
    <p class='ocr_par' dir='ltr' id='par_1_113' title="bbox 1919 4213 3589 4291">
     <span class='ocr_line' id='line_1_113' title="bbox 1919 4213 3589 4291; baseline -0.003 -18"><span class='ocrx_word' id='word_1_898' title='bbox 1919 4223 2074 4291; x_wconf 80' lang='grc' dir='ltr'>τιμῇ·</span> <span class='ocrx_word' id='word_1_899' title='bbox 2108 4220 2195 4272; x_wconf 82' lang='grc' dir='ltr'>ὅτε</span> <span class='ocrx_word' id='word_1_900' title='bbox 2217 4217 2462 4286; x_wconf 78' lang='grc' dir='ltr'>ἐξετέθη,</span> <span class='ocrx_word' id='word_1_901' title='bbox 2485 4215 2606 4268; x_wconf 90' lang='grc' dir='ltr'>τότε</span> <span class='ocrx_word' id='word_1_902' title='bbox 2628 4215 2844 4282; x_wconf 87' lang='grc' dir='ltr'>ἐγένετο</span> <span class='ocrx_word' id='word_1_903' title='bbox 2871 4216 2928 4267; x_wconf 89' lang='grc' dir='ltr'>ἐν</span> <span class='ocrx_word' id='word_1_904' title='bbox 2955 4217 3111 4286; x_wconf 80' lang='grc' dir='ltr'>τιμῇ.</span> <span class='ocrx_word' id='word_1_905' title='bbox 3141 4213 3310 4267; x_wconf 85' lang='grc' dir='ltr'>Τοῦτο</span> <span class='ocrx_word' id='word_1_906' title='bbox 3332 4214 3387 4266; x_wconf 85' lang='grc' dir='ltr'>δέ</span> <span class='ocrx_word' id='word_1_907' title='bbox 3414 4215 3589 4268; x_wconf 84' lang='grc' dir='ltr'>ἐποίει</span> 
     </span>
    </p>
   </div>
   <div class='ocr_carea' id='block_1_114' title="bbox 1920 4302 3590 4377">
    <p class='ocr_par' dir='ltr' id='par_1_114' title="bbox 1920 4302 3590 4377">
     <span class='ocr_line' id='line_1_114' title="bbox 1920 4302 3590 4377; baseline -0.005 -15"><span class='ocrx_word' id='word_1_908' title='bbox 1920 4312 1949 4363; x_wconf 86' lang='grc' dir='ltr'>ὁ</span> <span class='ocrx_word' id='word_1_909' title='bbox 1967 4309 2119 4371; x_wconf 85' lang='grc' dir='ltr'>Θεὸς,</span> <span class='ocrx_word' id='word_1_910' title='bbox 2145 4307 2206 4360; x_wconf 85' lang='grc' dir='ltr'>τὸ</span> <span class='ocrx_word' id='word_1_911' title='bbox 2232 4305 2461 4377; x_wconf 79' lang='grc' dir='ltr'>εὔπορον</span> <span class='ocrx_word' id='word_1_912' title='bbox 2492 4303 2656 4357; x_wconf 85' lang='grc' dir='ltr'>αὐτοῦ</span> <span class='ocrx_word' id='word_1_913' title='bbox 2683 4303 2895 4366; x_wconf 84' lang='grc' dir='ltr'>δεικνὺς</span> <span class='ocrx_word' id='word_1_914' title='bbox 2924 4304 3015 4356; x_wconf 77' lang='grc' dir='ltr'>καὶ</span> <span class='ocrx_word' id='word_1_915' title='bbox 3041 4303 3366 4374; x_wconf 83' lang='grc' dir='ltr'>εὐμήχανον.</span> <span class='ocrx_word' id='word_1_916' title='bbox 3407 4302 3590 4354; x_wconf 79' lang='grc' dir='ltr'>Ἦπεί·</span> 
     </span>
    </p>
   </div>
   <div class='ocr_carea' id='block_1_115' title="bbox 1919 4389 3589 4467">
    <p class='ocr_par' dir='ltr' id='par_1_115' title="bbox 1919 4389 3589 4467">
     <span class='ocr_line' id='line_1_115' title="bbox 1919 4389 3589 4467; baseline -0.004 -17"><span class='ocrx_word' id='word_1_917' title='bbox 1919 4397 2083 4467; x_wconf 86' lang='grc' dir='ltr'>λησεν</span> <span class='ocrx_word' id='word_1_918' title='bbox 2133 4393 2282 4463; x_wconf 73' lang='grc' dir='ltr'>αὐτῷ</span> <span class='ocrx_word' id='word_1_919' title='bbox 2329 4395 2356 4446; x_wconf 89' lang='grc' dir='ltr'>ό</span> <span class='ocrx_word' id='word_1_920' title='bbox 2411 4392 2664 4454; x_wconf 80' lang='grc' dir='ltr'>Ἰουδαῖος</span> <span class='ocrx_word' id='word_1_921' title='bbox 2706 4390 2915 4458; x_wconf 88' lang='grc' dir='ltr'>λέγων·</span> <span class='ocrx_word' id='word_1_922' title='bbox 2967 4389 3060 4458; x_wconf 71' lang='grc' dir='ltr'>Μὴ</span> <span class='ocrx_word' id='word_1_923' title='bbox 3103 4390 3348 4444; x_wconf 81' lang='grc' dir='ltr'>ἀνελεῖν</span> <span class='ocrx_word' id='word_1_924' title='bbox 3390 4406 3466 4459; x_wconf 87' lang='grc' dir='ltr'>με</span> <span class='ocrx_word' id='word_1_925' title='bbox 3506 4391 3589 4443; x_wconf 85' lang='grc' dir='ltr'>σὺ</span> 
     </span>
    </p>
   </div>
   <div class='ocr_carea' id='block_1_116' title="bbox 1922 4476 3590 4548">
    <p class='ocr_par' dir='ltr' id='par_1_116' title="bbox 1922 4476 3590 4548">
     <span class='ocr_line' id='line_1_116' title="bbox 1922 4476 3590 4548; baseline -0.006 -10"><span class='ocrx_word' id='word_1_926' title='bbox 1922 4483 2152 4548; x_wconf 77' lang='grc' dir='ltr'>θέλεις;</span> <span class='ocrx_word' id='word_1_927' title='bbox 2180 4482 2275 4534; x_wconf 67' lang='grc' dir='ltr'>καλ¹</span> <span class='ocrx_word' id='word_1_928' title='bbox 2303 4479 2460 4533; x_wconf 87' lang='grc' dir='ltr'>τοῦτο</span> <span class='ocrx_word' id='word_1_929' title='bbox 2491 4478 2652 4532; x_wconf 83' lang='grc' dir='ltr'>αὑτὸν</span> <span class='ocrx_word' id='word_1_930' title='bbox 2677 4476 2906 4548; x_wconf 77' lang='grc' dir='ltr'>ὤνησεν.</span> <span class='ocrx_word' id='word_1_931' title='bbox 2943 4479 3087 4548; x_wconf 69' lang='grc' dir='ltr'>Ἀρά</span> <span class='ocrx_word' id='word_1_932' title='bbox 3116 4477 3472 4546; x_wconf 84' lang='grc' dir='ltr'>οἰκονομικῶς</span> <span class='ocrx_word' id='word_1_933' title='bbox 3495 4478 3590 4544; x_wconf 82' lang='grc' dir='ltr'>γέ-</span> 
     </span>
    </p>
   </div>
   <div class='ocr_carea' id='block_1_117' title="bbox 1922 4563 3588 4640">
    <p class='ocr_par' dir='ltr' id='par_1_117' title="bbox 1922 4563 3588 4640">
     <span class='ocr_line' id='line_1_117' title="bbox 1922 4563 3588 4640; baseline -0.006 -17"><span class='ocrx_word' id='word_1_934' title='bbox 1922 4588 2098 4640; x_wconf 88' lang='grc' dir='ltr'>γονεν,</span> <span class='ocrx_word' id='word_1_935' title='bbox 2147 4569 2289 4621; x_wconf 83' lang='grc' dir='ltr'>ὥστε</span> <span class='ocrx_word' id='word_1_936' title='bbox 2332 4567 2431 4636; x_wconf 86' lang='grc' dir='ltr'>τὴν</span> <span class='ocrx_word' id='word_1_937' title='bbox 2476 4566 2599 4635; x_wconf 73' lang='grc' dir='ltr'>ὕψιν</span> <span class='ocrx_word' id='word_1_938' title='bbox 2643 4565 2804 4618; x_wconf 80' lang='grc' dir='ltr'>αὐτὸν</span> <span class='ocrx_word' id='word_1_939' title='bbox 2848 4565 3064 4634; x_wconf 88' lang='grc' dir='ltr'>ἐκείνην</span> <span class='ocrx_word' id='word_1_940' title='bbox 3109 4564 3235 4616; x_wconf 82' lang='grc' dir='ltr'>ἰδεῖν</span> <span class='ocrx_word' id='word_1_941' title='bbox 3273 4563 3370 4634; x_wconf 83' lang='grc' dir='ltr'>τὴν</span> <span class='ocrx_word' id='word_1_942' title='bbox 3419 4566 3478 4616; x_wconf 90' lang='grc' dir='ltr'>ἐν</span> <span class='ocrx_word' id='word_1_943' title='bbox 3522 4567 3588 4636; x_wconf 79' lang='grc' dir='ltr'>τῇ</span> 
     </span>
    </p>
   </div>
   <div class='ocr_carea' id='block_1_118' title="bbox 1923 4649 3590 4727">
    <p class='ocr_par' dir='ltr' id='par_1_118' title="bbox 1923 4649 3590 4727">
     <span class='ocr_line' id='line_1_118' title="bbox 1923 4649 3590 4727; baseline -0.006 -17"><span class='ocrx_word' id='word_1_944' title='bbox 1923 4658 2137 4727; x_wconf 85' lang='grc' dir='ltr'>ἐρήμῳ,</span> <span class='ocrx_word' id='word_1_945' title='bbox 2162 4655 2303 4707; x_wconf 82' lang='grc' dir='ltr'>ὥστε</span> <span class='ocrx_word' id='word_1_946' title='bbox 2328 4653 2419 4706; x_wconf 89' lang='grc' dir='ltr'>τὸν</span> <span class='ocrx_word' id='word_1_947' title='bbox 2447 4654 2792 4723; x_wconf 86' lang='grc' dir='ltr'>προσήκοντα</span> <span class='ocrx_word' id='word_1_948' title='bbox 2816 4653 3008 4722; x_wconf 89' lang='grc' dir='ltr'>χρόνον</span> <span class='ocrx_word' id='word_1_949' title='bbox 3035 4650 3414 4721; x_wconf 77' lang='grc' dir='ltr'>πληρωθῆναι,</span> <span class='ocrx_word' id='word_1_950' title='bbox 3445 4649 3590 4702; x_wconf 84' lang='grc' dir='ltr'>ὥστε</span> 
     </span>
    </p>
   </div>
   <div class='ocr_carea' id='block_1_119' title="bbox 1923 4738 3588 4812">
    <p class='ocr_par' dir='ltr' id='par_1_119' title="bbox 1923 4738 3588 4812">
     <span class='ocr_line' id='line_1_119' title="bbox 1923 4738 3588 4812; baseline -0.005 -14"><span class='ocrx_word' id='word_1_951' title='bbox 1923 4743 2086 4798; x_wconf 81' lang='grc' dir='ltr'>αὑτὸν</span> <span class='ocrx_word' id='word_1_952' title='bbox 2128 4741 2561 4812; x_wconf 83' lang='grc' dir='ltr'>ἐμφιλοσοφῆσαι</span> <span class='ocrx_word' id='word_1_953' title='bbox 2590 4741 2656 4810; x_wconf 73' lang='grc' dir='ltr'>τῇ</span> <span class='ocrx_word' id='word_1_954' title='bbox 2691 4741 2900 4810; x_wconf 84' lang='grc' dir='ltr'>ἐρήμῳ,</span> <span class='ocrx_word' id='word_1_955' title='bbox 2937 4739 3031 4792; x_wconf 68' lang='grc' dir='ltr'>καὶ</span> <span class='ocrx_word' id='word_1_956' title='bbox 3068 4739 3126 4789; x_wconf 87' lang='grc' dir='ltr'>ἐν</span> <span class='ocrx_word' id='word_1_957' title='bbox 3155 4738 3424 4807; x_wconf 81' lang='grc' dir='ltr'>ἀσφαλείᾳ</span> <span class='ocrx_word' id='word_1_958' title='bbox 3468 4738 3588 4807; x_wconf 79' lang='grc' dir='ltr'>ζῇν.</span> 
     </span>
    </p>
   </div>
   <div class='ocr_carea' id='block_1_120' title="bbox 1926 4822 3592 4890">
    <p class='ocr_par' dir='ltr' id='par_1_120' title="bbox 1926 4822 3592 4890">
     <span class='ocr_line' id='line_1_120' title="bbox 1926 4822 3592 4890; baseline -0.005 -7"><span class='ocrx_word' id='word_1_959' title='bbox 1926 4831 2036 4884; x_wconf 74' lang='grc' dir='ltr'>Καὶ</span> <span class='ocrx_word' id='word_1_960' title='bbox 2061 4830 2119 4880; x_wconf 87' lang='grc' dir='ltr'>ἐν</span> <span class='ocrx_word' id='word_1_961' title='bbox 2146 4829 2348 4890; x_wconf 87' lang='grc' dir='ltr'>πάσαις</span> <span class='ocrx_word' id='word_1_962' title='bbox 2369 4829 2484 4889; x_wconf 87' lang='grc' dir='ltr'>ταῖς</span> <span class='ocrx_word' id='word_1_963' title='bbox 2509 4825 2629 4878; x_wconf 79' lang='grc' dir='ltr'>κατ’</span> <span class='ocrx_word' id='word_1_964' title='bbox 2659 4825 2822 4878; x_wconf 79' lang='grc' dir='ltr'>αὑτοῦ</span> <span class='ocrx_word' id='word_1_965' title='bbox 2847 4824 2958 4877; x_wconf 91' lang='grc' dir='ltr'>τῶν</span> <span class='ocrx_word' id='word_1_966' title='bbox 2989 4822 3259 4875; x_wconf 80' lang='grc' dir='ltr'>Ἰουδαίων</span> <span class='ocrx_word' id='word_1_967' title='bbox 3278 4823 3592 4884; x_wconf 83' lang='grc' dir='ltr'>ἐπιϐουλαῖς</span> 
     </span>
    </p>
   </div>
   <div class='ocr_carea' id='block_1_121' title="bbox 1924 4903 3589 4986">
    <p class='ocr_par' dir='ltr' id='par_1_121' title="bbox 1924 4903 3589 4986">
     <span class='ocr_line' id='line_1_121' title="bbox 1924 4903 3589 4986; baseline -0.007 -15"><span class='ocrx_word' id='word_1_968' title='bbox 1924 4917 2117 4971; x_wconf 84' lang='grc' dir='ltr'>ταυτὸν</span> <span class='ocrx_word' id='word_1_969' title='bbox 2148 4916 2378 4986; x_wconf 89' lang='grc' dir='ltr'>γίνεται·</span> <span class='ocrx_word' id='word_1_970' title='bbox 2421 4914 2542 4967; x_wconf 84' lang='grc' dir='ltr'>τότε</span> <span class='ocrx_word' id='word_1_971' title='bbox 2577 4912 2956 4982; x_wconf 89' lang='grc' dir='ltr'>λαμπρότερος</span> <span class='ocrx_word' id='word_1_972' title='bbox 2984 4909 3328 4972; x_wconf 83' lang='grc' dir='ltr'>καθίσταται,</span> <span class='ocrx_word' id='word_1_973' title='bbox 3359 4903 3468 4961; x_wconf 75' lang='grc' dir='ltr'>οἷον</span> <span class='ocrx_word' id='word_1_974' title='bbox 3492 4908 3589 4960; x_wconf 76' lang='grc' dir='ltr'>καὶ</span> 
     </span>
    </p>
   </div>
   <div class='ocr_carea' id='block_1_122' title="bbox 1924 4994 3588 5071">
    <p class='ocr_par' dir='ltr' id='par_1_122' title="bbox 1924 4994 3588 5071">
     <span class='ocr_line' id='line_1_122' title="bbox 1924 4994 3588 5071; baseline -0.007 -14"><span class='ocrx_word' id='word_1_975' title='bbox 1924 5006 2018 5058; x_wconf 72' lang='grc' dir='ltr'>ἐπὶ</span> <span class='ocrx_word' id='word_1_976' title='bbox 2044 5002 2139 5056; x_wconf 89' lang='grc' dir='ltr'>τοῦ</span> <span class='ocrx_word' id='word_1_977' title='bbox 2184 5001 2395 5071; x_wconf 78' lang='grc' dir='ltr'>Ἀαρών</span> <span class='ocrx_word' id='word_1_978' title='bbox 2420 5015 2432 5028; x_wconf 89' lang='lat'><strong>&#39;</strong></span> <span class='ocrx_word' id='word_1_979' title='bbox 2469 4999 2844 5066; x_wconf 83' lang='grc' dir='ltr'>ἐπανέστησαν</span> <span class='ocrx_word' id='word_1_980' title='bbox 2868 4994 3017 5064; x_wconf 85' lang='grc' dir='ltr'>αὑτῷ</span> <span class='ocrx_word' id='word_1_981' title='bbox 3035 5034 3050 5058; x_wconf 94' lang='grc'>,</span> <span class='ocrx_word' id='word_1_982' title='bbox 3081 4994 3176 5047; x_wconf 72' lang='grc' dir='ltr'>καὶ</span> <span class='ocrx_word' id='word_1_983' title='bbox 3207 4994 3588 5063; x_wconf 75' lang='grc' dir='ltr'>λαμπρότερον</span> 
     </span>
    </p>
   </div>
   <div class='ocr_carea' id='block_1_123' title="bbox 1924 5076 3592 5154">
    <p class='ocr_par' dir='ltr' id='par_1_123' title="bbox 1924 5076 3592 5154">
     <span class='ocr_line' id='line_1_123' title="bbox 1924 5076 3592 5154; baseline -0.008 -11"><span class='ocrx_word' id='word_1_984' title='bbox 1924 5088 2085 5144; x_wconf 80' lang='grc' dir='ltr'>αὐτὸν</span> <span class='ocrx_word' id='word_1_985' title='bbox 2124 5085 2416 5154; x_wconf 78' lang='grc' dir='ltr'>ἐποίησαν·</span> <span class='ocrx_word' id='word_1_986' title='bbox 2457 5080 2705 5135; x_wconf 85' lang='grc' dir='ltr'>ἐντεῦθεν</span> <span class='ocrx_word' id='word_1_987' title='bbox 2742 5080 2851 5149; x_wconf 77' lang='grc' dir='ltr'>γὰρ</span> <span class='ocrx_word' id='word_1_988' title='bbox 2882 5077 3032 5146; x_wconf 74' lang='grc' dir='ltr'>αὐτῷ</span> <span class='ocrx_word' id='word_1_989' title='bbox 3075 5076 3172 5129; x_wconf 76' lang='grc' dir='ltr'>καὶ</span> <span class='ocrx_word' id='word_1_990' title='bbox 3220 5076 3282 5128; x_wconf 90' lang='grc' dir='ltr'>τὸ</span> <span class='ocrx_word' id='word_1_991' title='bbox 3318 5077 3592 5147; x_wconf 80' lang='grc' dir='ltr'>ἱερατικὸν</span> 
     </span>
    </p>
   </div>
   <div class='ocr_carea' id='block_1_124' title="bbox 1927 5162 3593 5238">
    <p class='ocr_par' dir='ltr' id='par_1_124' title="bbox 1927 5162 3593 5238">
     <span class='ocr_line' id='line_1_124' title="bbox 1927 5162 3593 5238; baseline -0.007 -11"><span class='ocrx_word' id='word_1_992' title='bbox 1927 5172 2260 5230; x_wconf 80' lang='grc' dir='ltr'>ποικίλλεται</span> <span class='ocrx_word' id='word_1_993' title='bbox 2297 5169 2520 5238; x_wconf 72' lang='grc' dir='ltr'>ἔνδυμα,</span> <span class='ocrx_word' id='word_1_994' title='bbox 2560 5167 2655 5218; x_wconf 72' lang='grc' dir='ltr'>καὶ</span> <span class='ocrx_word' id='word_1_995' title='bbox 2695 5167 2728 5234; x_wconf 95' lang='grc' dir='ltr'>ή</span> <span class='ocrx_word' id='word_1_996' title='bbox 2770 5164 2981 5234; x_wconf 88' lang='grc' dir='ltr'>κίδαρις</span> <span class='ocrx_word' id='word_1_997' title='bbox 3013 5162 3386 5234; x_wconf 86' lang='grc' dir='ltr'>περιτίθεται,</span> <span class='ocrx_word' id='word_1_998' title='bbox 3431 5162 3527 5214; x_wconf 75' lang='grc' dir='ltr'>καὶ</span> <span class='ocrx_word' id='word_1_999' title='bbox 3563 5165 3593 5216; x_wconf 84' lang='grc' dir='ltr'><strong>ὁ</strong></span> 
     </span>
    </p>
   </div>
   <div class='ocr_carea' id='block_1_125' title="bbox 1925 5245 3592 5328">
    <p class='ocr_par' dir='ltr' id='par_1_125' title="bbox 1925 5245 3592 5328">
     <span class='ocr_line' id='line_1_125' title="bbox 1925 5245 3592 5328; baseline -0.008 -14"><span class='ocrx_word' id='word_1_1000' title='bbox 1925 5260 2108 5322; x_wconf 80' lang='grc' dir='ltr'>λοιπὸς</span> <span class='ocrx_word' id='word_1_1001' title='bbox 2140 5259 2235 5328; x_wconf 78' lang='grc' dir='ltr'>τῆς</span> <span class='ocrx_word' id='word_1_1002' title='bbox 2262 5256 2454 5326; x_wconf 74' lang='grc' dir='ltr'>στολῆς</span> <span class='ocrx_word' id='word_1_1003' title='bbox 2481 5254 2704 5322; x_wconf 86' lang='grc' dir='ltr'>κόσμος,</span> <span class='ocrx_word' id='word_1_1004' title='bbox 2735 5251 2874 5304; x_wconf 84' lang='grc' dir='ltr'>ὥστε</span> <span class='ocrx_word' id='word_1_1005' title='bbox 2895 5249 3378 5320; x_wconf 86' lang='grc' dir='ltr'>ἀναμφισϐήτητον</span> <span class='ocrx_word' id='word_1_1006' title='bbox 3403 5260 3426 5288; x_wconf 85' lang='grc' dir='ltr'><strong>ο</strong></span> <span class='ocrx_word' id='word_1_1007' title='bbox 3451 5245 3592 5302; x_wconf 83' lang='grc' dir='ltr'>εἶναι</span> 
     </span>
    </p>
   </div>
   <div class='ocr_carea' id='block_1_126' title="bbox 1926 5336 3594 5420">
    <p class='ocr_par' dir='ltr' id='par_1_126' title="bbox 1926 5336 3594 5420">
     <span class='ocr_line' id='line_1_126' title="bbox 1926 5336 3594 5420; baseline -0.007 -19"><span class='ocrx_word' id='word_1_1008' title='bbox 1926 5351 2026 5420; x_wconf 80' lang='grc' dir='ltr'>τήν</span> <span class='ocrx_word' id='word_1_1009' title='bbox 2055 5345 2414 5418; x_wconf 87' lang='grc' dir='ltr'>χειροτονίαν,</span> <span class='ocrx_word' id='word_1_1010' title='bbox 2437 5341 2578 5394; x_wconf 83' lang='grc' dir='ltr'>ὥστε</span> <span class='ocrx_word' id='word_1_1011' title='bbox 2604 5341 2698 5392; x_wconf 73' lang='grc' dir='ltr'>καὶ</span> <span class='ocrx_word' id='word_1_1012' title='bbox 2719 5341 2798 5402; x_wconf 88' lang='grc' dir='ltr'>είς</span> <span class='ocrx_word' id='word_1_1013' title='bbox 2826 5337 2887 5390; x_wconf 83' lang='grc' dir='ltr'>τὸ</span> <span class='ocrx_word' id='word_1_1014' title='bbox 2917 5337 3041 5408; x_wconf 79' lang='grc' dir='ltr'>ἐξῆς</span> <span class='ocrx_word' id='word_1_1015' title='bbox 3073 5336 3454 5407; x_wconf 81' lang='grc' dir='ltr'>θαυμάζεσθαι</span> <span class='ocrx_word' id='word_1_1016' title='bbox 3481 5336 3594 5390; x_wconf 84' lang='grc' dir='ltr'>ἀπὸ</span> 
     </span>
    </p>
   </div>
   <div class='ocr_carea' id='block_1_127' title="bbox 1926 5423 3595 5499">
    <p class='ocr_par' dir='ltr' id='par_1_127' title="bbox 1926 5423 3595 5499">
     <span class='ocr_line' id='line_1_127' title="bbox 1926 5423 3595 5499; baseline -0.008 -10"><span class='ocrx_word' id='word_1_1017' title='bbox 1926 5437 2034 5488; x_wconf 88' lang='grc' dir='ltr'>τῶν</span> <span class='ocrx_word' id='word_1_1018' title='bbox 2063 5433 2310 5487; x_wconf 87' lang='grc' dir='ltr'>πετάλων</span> <span class='ocrx_word' id='word_1_1019' title='bbox 2334 5429 2429 5483; x_wconf 91' lang='grc' dir='ltr'>τοῦ</span> <span class='ocrx_word' id='word_1_1020' title='bbox 2456 5427 2677 5499; x_wconf 88' lang='grc' dir='ltr'>χαλκοῦ.</span> <span class='ocrx_word' id='word_1_1021' title='bbox 2703 5429 2845 5479; x_wconf 84' lang='grc' dir='ltr'>Ἴστε</span> <span class='ocrx_word' id='word_1_1022' title='bbox 2867 5427 3081 5489; x_wconf 89' lang='grc' dir='ltr'>πάντως</span> <span class='ocrx_word' id='word_1_1023' title='bbox 3101 5424 3200 5496; x_wconf 84' lang='grc' dir='ltr'>τὴν</span> <span class='ocrx_word' id='word_1_1024' title='bbox 3225 5424 3485 5496; x_wconf 75' lang='grc' dir='ltr'>ἱστορίαν·</span> <span class='ocrx_word' id='word_1_1025' title='bbox 3512 5423 3595 5478; x_wconf 86' lang='grc' dir='ltr'>διὸ</span> 
     </span>
    </p>
   </div>
   <div class='ocr_carea' id='block_1_128' title="bbox 1927 5511 3593 5593">
    <p class='ocr_par' dir='ltr' id='par_1_128' title="bbox 1927 5511 3593 5593">
     <span class='ocr_line' id='line_1_128' title="bbox 1927 5511 3593 5593; baseline -0.008 -15"><span class='ocrx_word' id='word_1_1026' title='bbox 1927 5525 2022 5578; x_wconf 72' lang='grc' dir='ltr'>καὶ</span> <span class='ocrx_word' id='word_1_1027' title='bbox 2068 5521 2396 5593; x_wconf 84' lang='grc' dir='ltr'>παρατρέχω</span> <span class='ocrx_word' id='word_1_1028' title='bbox 2441 5519 2502 5571; x_wconf 89' lang='grc' dir='ltr'>τὸ</span> <span class='ocrx_word' id='word_1_1029' title='bbox 2536 5517 2798 5586; x_wconf 84' lang='grc' dir='ltr'>διήγημα.</span> <span class='ocrx_word' id='word_1_1030' title='bbox 2861 5516 2970 5569; x_wconf 74' lang='grc' dir='ltr'>Καὶ</span> <span class='ocrx_word' id='word_1_1031' title='bbox 3015 5515 3066 5568; x_wconf 87' lang='grc' dir='ltr'>εί</span> <span class='ocrx_word' id='word_1_1032' title='bbox 3113 5513 3386 5584; x_wconf 82' lang='grc' dir='ltr'>βούλεσθε,</span> <span class='ocrx_word' id='word_1_1033' title='bbox 3428 5511 3593 5565; x_wconf 79' lang='grc' dir='ltr'>πάλιν</span> 
     </span>
    </p>
   </div>
   <div class='ocr_carea' id='block_1_129' title="bbox 1998 5646 3594 5720">
    <p class='ocr_par' dir='ltr' id='par_1_129' title="bbox 1998 5646 3594 5720">
     <span class='ocr_line' id='line_1_129' title="bbox 1998 5646 3594 5720; baseline -0.008 -8"><span class='ocrx_word' id='word_1_1034' title='bbox 1998 5685 2012 5720; x_wconf 67' lang='grc' dir='ltr'>ι</span> <span class='ocrx_word' id='word_1_1035' title='bbox 2046 5663 2225 5718; x_wconf 74' lang='lat' dir='ltr'>Verba,</span> <span class='ocrx_word' id='word_1_1036' title='bbox 2251 5663 2330 5708; x_wconf 79' lang='grc' dir='ltr'>καὶ</span> <span class='ocrx_word' id='word_1_1037' title='bbox 2358 5658 2843 5720; x_wconf 16' lang='grc' dir='ltr'>πάλι-(κοπεύδοντας,</span> <span class='ocrx_word' id='word_1_1038' title='bbox 2893 5659 3033 5707; x_wconf 81' lang='lat' dir='ltr'>nobis</span> <span class='ocrx_word' id='word_1_1039' title='bbox 3074 5659 3322 5720; x_wconf 51' lang='lat' dir='ltr'><strong>dngmn}</strong></span> <span class='ocrx_word' id='word_1_1040' title='bbox 3361 5653 3514 5720; x_wconf 57' lang='lat' dir='ltr'>Sayi].</span> 
     </span>
    </p>
   </div>
   <div class='ocr_carea' id='block_1_130' title="bbox 1938 5700 3592 5779">
    <p class='ocr_par' dir='ltr' id='par_1_130' title="bbox 1938 5700 3592 5779">
     <span class='ocr_line' id='line_1_130' title="bbox 1938 5700 3592 5779; baseline -0.005 -5"><span class='ocrx_word' id='word_1_1041' title='bbox 1938 5700 2042 5774; x_wconf 63' lang='lat' dir='ltr'><strong><em>lrés</em></strong></span> <span class='ocrx_word' id='word_1_1042' title='bbox 2062 5700 2364 5772; x_wconf 46' lang='grc' dir='ltr'>Ἤίέέῗᾟωτ.</span> <span class='ocrx_word' id='word_1_1043' title='bbox 2435 5725 2454 5748; x_wconf 67' lang='grc' dir='ltr'>ε</span> <span class='ocrx_word' id='word_1_1044' title='bbox 2482 5718 2668 5779; x_wconf 57' lang='lat' dir='ltr'>Morel,</span> <span class='ocrx_word' id='word_1_1045' title='bbox 2695 5719 2776 5765; x_wconf 84' lang='grc' dir='ltr'>καὶ</span> <span class='ocrx_word' id='word_1_1046' title='bbox 2807 5700 3048 5779; x_wconf 41' lang='grc' dir='ltr'>λέγοντες.</span> <span class='ocrx_word' id='word_1_1047' title='bbox 3117 5717 3143 5756; x_wconf 72' lang='grc' dir='ltr'>(ι</span> <span class='ocrx_word' id='word_1_1048' title='bbox 3171 5715 3310 5766; x_wconf 75' lang='grc' dir='ltr'>ΜυΗί</span> <span class='ocrx_word' id='word_1_1049' title='bbox 3345 5712 3525 5779; x_wconf 62' lang='grc' dir='ltr'>νοςὺὶεν</span> <span class='ocrx_word' id='word_1_1050' title='bbox 3550 5700 3592 5748; x_wconf 56' lang='grc' dir='ltr'>ιι</span> 
     </span>
    </p>
   </div>
   <div class='ocr_carea' id='block_1_131' title="bbox 1938 5773 3593 5848">
    <p class='ocr_par' dir='ltr' id='par_1_131' title="bbox 1938 5773 3593 5848">
     <span class='ocr_line' id='line_1_131' title="bbox 1938 5773 3593 5848; baseline -0.009 -16"><span class='ocrx_word' id='word_1_1051' title='bbox 2099 5786 2318 5848; x_wconf 44' lang='grc' dir='ltr'>ἐγένετο.-</span> <span class='ocrx_word' id='word_1_1052' title='bbox 2343 5788 2529 5848; x_wconf 63' lang='grc' dir='ltr'>ραι-ειη.</span> <span class='ocrx_word' id='word_1_1053' title='bbox 2603 5791 2624 5817; x_wconf 76' lang='grc' dir='ltr'>ε</span> <span class='ocrx_word' id='word_1_1054' title='bbox 2646 5773 2799 5848; x_wconf 40' lang='lat' dir='ltr'>Elius</span> <span class='ocrx_word' id='word_1_1055' title='bbox 2823 5773 2965 5828; x_wconf 73' lang='grc' dir='ltr'>αὐτὸν</span> <span class='ocrx_word' id='word_1_1056' title='bbox 2985 5773 3229 5836; x_wconf 79' lang='grc' dir='ltr'>ἐποίησαν,</span> <span class='ocrx_word' id='word_1_1057' title='bbox 3252 5779 3377 5822; x_wconf 84' lang='grc' dir='ltr'>ὥστε</span> <span class='ocrx_word' id='word_1_1058' title='bbox 3395 5773 3506 5831; x_wconf 83' lang='grc' dir='ltr'>ἐναμ</span> <span class='ocrx_word' id='word_1_1059' title='bbox 3517 5783 3593 5832; x_wconf 58' lang='grc' dir='ltr'>με</span> 
     </span>
    </p>
   </div>
   <div class='ocr_carea' id='block_1_132' title="bbox 1942 5842 2768 5905">
    <p class='ocr_par' dir='ltr' id='par_1_132' title="bbox 1942 5842 2768 5905">
     <span class='ocr_line' id='line_1_132' title="bbox 1942 5842 2768 5905; baseline -0.01 -9"><span class='ocrx_word' id='word_1_1060' title='bbox 1942 5842 2197 5905; x_wconf 58' lang='grc' dir='ltr'>δεήτητδν,</span> <span class='ocrx_word' id='word_1_1061' title='bbox 2224 5842 2415 5894; x_wconf 85' lang='lat' dir='ltr'>omissis</span> <span class='ocrx_word' id='word_1_1062' title='bbox 2442 5842 2768 5890; x_wconf 75' lang='lat' dir='ltr'>inlcrmediis.</span> 
     </span>
    </p>
   </div>
  </div>
