4002 6224
459 250 566 306 ⁸77

452 359 660 415 ἀνωθεν
681 357 751 411 τά
771 356 908 412 αὐτὰ
929 355 1267 426 ἐπέλθωμεν.
1298 357 1359 412 '0
1377 356 1517 412 Καῒν
1541 357 1630 411 τὸν
1651 355 1879 426 ἀδελφὸν
1898 355 2126 419 ἀνεῖλεν,

454 456 590 511 ἀλλά
641 459 812 526 ταύτῃ
869 454 1067 525 μᾶλλον
1105 454 1407 523 ὠφέλησεν·
1455 454 1685 510 ἄκουσον
1717 452 1827 524 γάρ
1863 453 1916 506 τί
1957 469 2088 518 φησ·
2116 466 2127 477 ⁸

455 553 627 622 Φωνὴ
661 555 906 622 αἵματος
941 553 1046 607 τοῦ
1083 551 1352 623 ἀδελφοῦ
1395 567 1513 607 σου
1545 549 1670 620 ,ϐοᾷ
1709 555 1858 620 πρός
1892 563 2000 620 με·
2039 550 2130 604 καὶ

456 653 618 708 πάλιν
642 653 900 723 ἀλλαχοῦ,
929 653 1160 722 Αἵματι,
1184 652 1339 721 φησὶ,
1372 650 1643 718 κρεῖττον
1660 649 1952 704 λαλοῦντι
1974 648 2134 716 παρὰ

457 748 566 801 τὸν
598 749 799 803 Ἅϐελ.
843 745 1177 817 Ἀπήλλαξεν
1207 747 1370 800 αὐτὸν
1395 746 1494 817 τῆς
1523 745 1746 816 ἀδηλίας
1775 743 1872 797 τοῦ
1909 743 2132 815 μέλλον-

453 859 568 907 τος,
596 844 689 898 τὸν
719 843 914 915 μισθὸν
939 841 1145 914 ηὔξησε
1169 860 1184 874 ο
1219 843 1318 913 τὴν
1347 841 1572 912 ἀγάπην
1601 842 1879 912 ἐμάθομεν
1907 841 2131 904 πάντες,

451 938 521 1008 ἢν
550 941 579 992 6
601 938 729 1003 Θεὸς
762 947 888 1008 ἐσχε
919 938 1055 1008 πρὸς
1079 938 1263 992 αὐτόν.
1298 939 1364 992 Τί
1394 939 1505 1009 γὰρ
1533 939 1808 1010 ἠδίκηται,
1837 936 2134 1006 δεξάμενος

451 1033 642 1104 τάχιον
661 1033 759 1104 τὴν
781 1034 1069 1105 τελευτήν;
1094 1034 1260 1088 Οὐδέν
1279 1051 1293 1065 ·
1326 1034 1383 1087 τί
1407 1034 1535 1106 γάρ,
1557 1033 1680 1086 είπέ
1705 1051 1815 1104 μοι,
1841 1036 1890 1086 οί
1916 1033 2132 1104 βράδιον

451 1129 810 1192 τελευτῶντες
843 1129 1252 1201 κερδαίνουσιν;
1300 1129 1467 1183 Οὐδέν
1493 1146 1507 1160 ·
1550 1110 1672 1183 ούδέ
1714 1129 1826 1201 γὰρ
1875 1127 2027 1200 παρά
2069 1127 2133 1179 τδ

452 1223 623 1278 πολλὰ
663 1224 763 1295 ζῇν
809 1224 903 1294 ἔτη
933 1224 965 1294 ἢ
1006 1224 1163 1292 ὀλίγα
1197 1226 1231 1296 ἡ
1269 1224 1561 1295 εύημερία.
1593 1223 1733 1278 άλλά
1775 1223 1927 1295 παρά
1962 1222 2022 1276 τὸ
2051 1224 2132 1287 είς

449 1317 566 1372 δίον
612 1319 914 1390 κεχρῆσθαι
942 1312 1012 1390 τῇ
1045 1319 1182 1390 ζωῇ.
1226 1320 1301 1381 Οἱ,
1335 1322 1486 1390 τρεῖς
1529 1321 1719 1383 παῖδες
1763 1317 2132 1390 ἐνεϐλήθησαν

451 1415 532 1477 είς
568 1413 828 1484 κάμινον,
863 1417 957 1468 καὶ
988 1415 1078 1469 διὰ
1122 1414 1316 1469 τούτου
1363 1415 1623 1484 γεγόνασι
1665 1413 2068 1486 λαμπρότεροι·
2101 1415 2132 1467 6

451 1507 648 1578 Δανιὴλ
719 1511 799 1572 είς
872 1509 1116 1575 λάκκον,
1181 1511 1276 1564 καὶ
1336 1510 1588 1565 ἐντεῦθεν
1669 1510 2131 1582 περιφανέστερος

455 1604 716 1675 κατέστη.

519 1744 592 1806 γ’.
621 1739 786 1810 Ὁρᾷς
806 1739 1082 1811 πανταχοῦ
1103 1742 1229 1805 τοὺς
1251 1742 1590 1814 πειρασμοὺς
1615 1741 1825 1811 μεγάλα
1847 1740 2129 1804 τίκτοντας

448 1833 629 1903 ἀγαθὰ
675 1837 770 1890 καὶ
799 1836 1067 1902 ἐνταῦθα,
1104 1840 1236 1909 μήτι
1267 1855 1332 1907 γε
1367 1839 1513 1892 ἐκεῖ·
1559 1839 1653 1892 ἐπὶ
1690 1839 1748 1892 δέ
1785 1842 1885 1910 τῆς
1931 1839 2130 1904 κακίας

446 1931 646 1984 ταυτὸν
671 1931 916 2000 γίνεται,
946 1927 1059 1988 οἷον
1086 1933 1154 1988 ἂν
1182 1934 1236 1988 εί
1261 1951 1346 1996 τις
1381 1932 1629 2004 κάλαμον
1662 1933 1802 2005 ἔχων
1841 1935 2126 2007 παρατάτ-

445 2041 592 2080 τοιτο
621 2027 759 2098 πρὸς
790 2027 924 2097 πῦρ·
959 2031 988 2082 6
1029 2029 1140 2099 γάρ
1174 2027 1415 2092 τοιοῦτος
1447 2029 1593 2083 δοκεῖ
1630 2029 1730 2100 μὲν
1766 2028 2024 2100 πλήττειν
2066 2030 2129 2084 τὸ

445 2119 580 2194 πῦρ,
608 2121 738 2178 αὐτὸ
765 2123 822 2176 δὲ
851 2124 1234 2196 λαμπρότερον
1263 2129 1427 2190 ποιεῖ,
1467 2127 1560 2179 καὶ
1595 2126 1785 2181 ἐαυτὸν
1819 2125 2123 2182 ἀναλίσκει.

445 2216 633 2288 Τροφὴ
664 2219 774 2290 γάρ
803 2219 1013 2289 γίνεται
1039 2223 1072 2294 ή
1109 2221 1276 2275 κακία
1345 2223 1436 2275 καί
1463 2222 1720 2286 ὑπόθεσις
1743 2222 2127 2294 λαμπρότητος

443 2313 513 2383 τῇ
543 2313 735 2384 ἀρετῇ·
760 2316 826 2385 τῇ
854 2314 962 2386 γάρ
991 2315 1174 2388 ἀδικίᾳ
1199 2319 1280 2380 είς
1296 2317 1414 2370 δέον
1437 2317 1529 2370 τοῦ
1559 2317 1694 2372 Θεοῦ
1717 2319 2025 2391 χρωμένου.
2055 2320 2125 2372 τά

445 2405 692 2476 ἡμέτερα
721 2406 926 2478 λάμπει
961 2411 1181 2480 μᾶλλον.
1209 2411 1377 2464 Πάλιν
1403 2414 1430 2466 6
1458 2413 1705 2477 διάϐολος
1730 2415 1858 2467 ὅταν
1887 2415 2127 2486 ἐργάζη-

443 2500 535 2554 ταί
564 2518 615 2554 τι
645 2503 918 2570 τοιοῦτον,
952 2506 1367 2578 λαμπροτέρους
1403 2513 1548 2564 ποιεῖ
1572 2511 1701 2574 τοὺς
1730 2511 2121 2582 ὑπομένοντας.

444 2594 510 2648 Τί
551 2593 680 2662 οὖν,
722 2600 924 2668 φησὶν,
954 2601 1046 2654 ἐπὶ
1081 2601 1178 2656 τοῦ
1236 2603 1410 2674 Ἀδάμ
1446 2605 1509 2657 οὐ
1547 2604 1740 2674 γέγονε
1779 2607 1957 2672 τοῦτο,
2007 2608 2123 2661 ἀλλ’

442 2691 770 2764 ἀτιμότερος
807 2694 1040 2764 γέγονες
1079 2697 1332 2753 Μάλιστα
1373 2699 1473 2770 μὲν
1507 2703 1746 2774 κάκείνῳ
1791 2704 1820 2756 6
1866 2704 1999 2770 Θεὸς
2043 2707 2124 2770 εἰς

440 2789 562 2844 δέον
596 2793 873 2865 ἐχρήσατο
893 2812 906 2826 ·
941 2798 990 2850 εί
1015 2797 1072 2851 δέ
1102 2797 1204 2852 πού
1236 2817 1288 2852 τι
1329 2800 1551 2864 ἔπαθεν,
1588 2803 1754 2868 αὐτὸς
1779 2805 1973 2861 ἐαυτὸν
2004 2806 2122 2877 ὴδί-

441 2902 613 2957 κησε·
661 2890 730 2944 τά
786 2892 886 2962 μὲν
937 2893 1046 2967 γάρ
1105 2895 1238 2967 παρ’
1292 2897 1497 2969 ἐτέρων
1543 2900 1624 2962 εἰς
1669 2902 1820 2972 ἡμᾶς
1861 2903 2123 2974 γινόμενα

443 2983 697 3055 μεγάλων
724 2988 857 3059 ἡμῖν
888 2989 1110 3058 ἀγαθῶν
1137 2993 1286 3045 αίτια
1325 2993 1566 3062 γίνεται,
1597 2996 1666 3051 τά
1696 2997 1754 3050 δὲ
1795 3000 1924 3070 παρ’
1961 3003 2122 3072 ἡμῶν

444 3079 628 3134 αὐτῶν
651 3081 855 3137 οὐκέτι.
895 3085 1116 3156 Ἐπειδὴ
1136 3088 1244 3160 γάρ
1270 3088 1616 3160 ἀδικούμενοι
1649 3092 1747 3161 μέν
1769 3094 1861 3164 ὑφ)
1891 3095 2118 3168 ἐτέρων,

439 3173 735 3246 ἀλγοῦμεν,
775 3178 879 3230 ὑπὸ
906 3178 964 3231 δέ
988 3181 1144 3249 ήμῶν
1171 3182 1353 3236 αὐτῶν
1381 3184 1585 3249 ούκέτι,
1610 3185 1882 3242 δείκνυσιν
1915 3191 1944 3242 ὁ
1965 3190 2118 3260 Θεὸς,

440 3265 522 3318 ὅτι
563 3267 592 3318 6
625 3268 724 3338 μὲν
755 3269 886 3340 παρ’
930 3271 1118 3342 ἐτέρου
1162 3273 1358 3338 ἀδίκως
1393 3277 1639 3348 πάσχων,
1673 3279 1971 3351 εὐδοκιμεῖ,
2005 3285 2033 3338 6
2061 3286 2119 3338 δέ

443 3357 596 3433 [409]
640 3361 832 3416 ἐαυτὸν
869 3364 1092 3431 ἀδικῶν,
1143 3366 1459 3436 βλάπτεται·
1489 3372 1582 3425 καὶ
1627 3372 1772 3442 μάλα
1814 3376 2038 3441 είκότως
2064 3391 2116 3446 ι,

441 3455 752 3511 ίναέκεῖνο
803 3459 904 3528 μὲν
944 3462 1208 3528 γενναίως
1251 3463 1531 3537 φέρωμεν,
1579 3467 1738 3522 τοῦτο
1783 3470 1839 3524 δὲ
1885 3474 2114 3544 μηκέτι·

440 3547 616 3612 άλλως
644 3568 705 3603 τε
735 3552 796 3605 τὸ
831 3555 940 3606 πᾶν
982 3555 1098 3607 ἐκεῖ
1127 3555 1221 3609 τοῦ
1285 3559 1459 3631 ’Λδάμ
1502 3561 1719 3632 γέγονε.
1771 3566 1869 3618 Διά
1905 3568 1960 3620 τί
2005 3569 2118 3641 γάρ

439 3644 661 3698 ἐπείθου
690 3650 756 3718 τῇ
783 3649 1005 3716 γυναικί
1024 3667 1038 3715 ;
1059 3651 1148 3705 διά
1177 3653 1227 3705 τί
1256 3653 1364 3726 γάρ
1391 3657 1612 3712 ἐναντία
1637 3661 2115 3731 συμϐουλεύουσαν

437 3743 538 3794 οὐκ
564 3741 921 3814 ἀπεκρούσω;
961 3747 1034 3801 Σὺ
1065 3747 1282 3814 πάντως
1311 3752 1542 3821 γέγονας
1567 3757 1759 3823 αἴτιος,
1792 3761 1981 3833 ἐπειδὴ
2011 3765 2058 3817 εί
2085 3763 2114 3817 6

436 3835 679 3901 διάϐολος
718 3834 818 3910 ἦν,
847 3839 954 3894 ἔδει
993 3843 1134 3896 κατὰ
1161 3845 1319 3899 τοῦτο
1356 3850 1478 3914 τοὺς
1510 3852 1940 3926 πειραζομένους
1974 3858 2110 3912 πάνθ

436 3952 536 4000 τας
559 3936 914 3992 ἀπόλλυσθαι·
933 3939 1053 3993 είδέ
1081 3944 1156 4012 μὴ
1177 3943 1530 4012 ἀπόλλυνται,
1562 3952 1692 4023 παρ’
1715 3954 1862 4024 ἡμᾶς
1883 3957 1915 4026 ὴ
1939 3958 2108 4012 αίτία.

447 4031 586 4085 Ἀλλ’
607 4032 735 4096 ἔδει,
754 4035 908 4106 φησὶ.
933 4037 1143 4100 πάντας
1170 4043 1296 4105 τοὺς
1328 4062 1418 4098 πει
1428 4045 1758 4118 ραζομένους
1783 4053 2106 4124 κατορθοῦν,

433 4127 466 4197 ἢ
495 4129 542 4181 εί
561 4133 690 4200 παρ’
708 4132 854 4200 ἡμᾶς
877 4134 908 4203 ὴ
933 4133 1101 4197 αίτία,
1124 4135 1230 4189 ἔδει
1259 4139 1352 4191 καὶ
1375 4141 1544 4211 χωρὶς
1563 4142 1656 4194 τοῦ
1680 4143 1927 4199 διαϐόλου
1949 4148 2109 4203 ἀπόλ-

431 4225 658 4293 λυσθαι;
687 4227 858 4282 Τοῦτο
874 4231 1195 4298 καὶγίνεται
1217 4250 1228 4260 ·
1251 4236 1346 4287 καὶ
1369 4237 1478 4306 γὰρ
1500 4239 1686 4292 πολλοὶ
1707 4243 1800 4294 καὶ
1821 4245 1990 4314 χωρὶς
2011 4247 2106 4300 τοῦ

430 4319 674 4373 διαϐόλου
689 4322 1035 4376 ἀπόλλυνται·
1051 4326 1110 4377 οὺ
1123 4325 1232 4396 γὰρ
1245 4326 1309 4396 δὴ
1321 4329 1497 4382 πάντα
1511 4332 1671 4396 αὐτὸς
1685 4341 2102 4406 κατασκευάζει,

429 4413 564 4465 ἀλλά
591 4413 758 4466 πολλὰ
784 4417 874 4468 καὶ
896 4417 1004 4470 άπὸ
1039 4418 1207 4489 μόνης
1233 4420 1440 4487 γίνεται
1465 4425 1563 4496 τῆς
1601 4428 1829 4494 νωθείας
1852 4433 1950 4503 τῆς
1975 4437 2106 4507 ἡμε.

429 4504 608 4575 τέρας·
624 4508 672 4558 εί
693 4507 749 4560 δέ
769 4525 870 4560 που
894 4512 1143 4576 κάκεῖνος
1163 4515 1353 4580 αἴτιος,
1374 4518 1406 4588 ὴ
1414 4517 1531 4588 μῶν
1547 4521 1646 4591 τὴν
1662 4523 1834 4596 ἀρχὴν
1847 4504 2105 4600 παρεχόν-

427 4616 554 4653 των.
571 4601 704 4655 Εἰπὲ
720 4603 828 4674 γάρ
843 4621 953 4674 μοι,
972 4607 1103 4660 πότε
1119 4611 1146 4662 6
1163 4608 1407 4676 διάϐολος
1424 4611 1644 4682 ἴσχυσεν
1665 4619 1757 4672 ἐπὶ
1772 4620 1867 4674 τοῦ
1896 4623 2064 4679 Ἰούδα
2081 4645 2098 4694 ;

430 4695 557 4748 Ὅτε
585 4697 826 4770 εἰσῆλθε,
868 4702 1052 4772 φησὶν,
1079 4704 1159 4767 είς
1189 4705 1352 4759 αὑτὸν
1386 4710 1414 4762 6
1437 4709 1699 4776 Σατανᾶς.
1749 4716 1886 4770 Ἀλλ’
1933 4721 2098 4776 ἄκου-

427 4805 520 4841 σον
573 4789 671 4862 τὴν
716 4793 917 4846 αἰτίαν·
979 4797 1057 4849 ὃτι
1111 4798 1354 4872 κλέπτης
1405 4798 1493 4875 ἦν,
1537 4807 1631 4860 καὶ
1671 4809 1740 4863 τὰ
1789 4813 2097 4885 βαλλόμενα

425 4884 744 4951 ἐϐάσταζεν.
795 4891 966 4957 Αὐτὸς
1009 4894 1210 4949 ἔδωκεν
1247 4899 1396 4971 αύτῷ
1446 4903 1788 4978 εὐρυχωρίαν
1837 4912 1936 4983 τῆς
1964 4884 2092 4968 γείσ-

422 4981 574 5034 ὁδου·
606 4983 744 5038 ῶστε
791 4989 888 5059 ούχ
926 4991 954 5043 6
998 4991 1244 5059 διάϐολος
1275 4994 1374 5066 τὴν
1407 4998 1582 5070 ἀρχὴν
1625 4981 1921 5077 ἐντίθησιν,
1978 5012 2095 5066 ἀλλ’

424 5076 583 5144 ἡμεῖς
613 5080 774 5136 αὑτὸν
789 5083 1069 5178 δεχόμεθα
1101 5090 1196 5144 καὶ
1234 5092 1528 5165 καλοῦμεν.
1576 5098 1714 5152 Ἀλλ’
1748 5076 1806 5156 εί
1840 5107 1916 5178 μὴ
1948 5110 2093 5163 ἐκεῖ·

421 5185 530 5232 νος,
561 5176 745 5242 φησὶν,
785 5173 872 5248 ἦν,
910 5182 1008 5235 οὐκ
1042 5184 1106 5237 ἂν
1137 5187 1350 5256 μεγάλα
1379 5191 1595 5259 ἐγένετο
1635 5195 1703 5250 τά
1735 5173 1915 5256 δειννάξ
1952 5203 2092 5259 Ἀλλ’

421 5264 794 5369 ἀπαραίτητος
824 5275 954 5343 ἡμῖν
973 5277 1196 5348 ἔμελλεν
1215 5279 1355 5338 εἶναι
1380 5287 1411 5356 ὴ
1440 5287 1684 5353 κόλασις·
1711 5292 1806 5348 νῦν
1832 5297 1930 5365 μὲν
1955 5299 2086 5369 γάρ,

419 5360 693 5459 ἀγαπητέ,
725 5367 792 5418 τὰ
828 5368 930 5438 τῆς
971 5373 1246 5440 κολάσεως
1277 5381 1407 5450 ἡμῖν
1444 5385 1770 5459 ὴμερὼτερα
1789 5430 1804 5454 ,
1833 5360 1897 5444 *εί
1925 5360 1981 5447 δέ
2021 5360 2089 5449 δι’

416 5453 638 5561 ἑαυτῶν⁸
662 5459 1029 5532 είργαζόμεθα
1057 5470 1124 5521 τά
1153 5470 1320 5538 δεινά,
1352 5453 1627 5550 ἀφόρητος
1757 5486 1788 5555 ἡ
1821 5491 2083 5561 τιμωρία.

417 5547 684 5654 ξίπέῌγάρ
709 5570 818 5624 μοι,
843 5557 890 5609 εί
915 5559 1104 5624 ταῦτα,
1128 5563 1162 5616 ά
1191 5566 1436 5638 ἥμαρτεν
1519 5547 1716 5647 λΑδάμ,
1746 5547 1919 5653 χωρίς
1949 5547 2090 5654 0:09-

417 5645 610 5721 ϐουλῆς
654 5652 890 5724 ἥμαρτε,
923 5657 1004 5722 τίς
1038 5661 1200 5716 αὐτὸν
1234 5663 1299 5717 ἂν
1331 5666 1604 5737 ἐξήρπασε
1639 5673 1747 5727 τῶν
1787 5679 2082 5746 κινδύνωνς

479 5833 504 5860 ¹¹
534 5833 665 5891 Hec.
685 5840 763 5886 καὶ
787 5841 911 5902 μάλα
933 5844 1124 5903 εἰκότως
1150 5854 1200 5897 εί
1226 5863 1332 5898 mox
1363 5851 1478 5910 57.5.,
1502 5854 1680 5907 desunt.
1722 5874 1766 5909 ιιι
1805 5875 1904 5912 uno

1175 243 1233 299 S.
1268 243 1554 299 JOANNIS
1591 237 2074 300 CIIRYSOSTOMI
2110 239 2432 303 AHCHIEP.
2471 241 3019 304 CONSTANTINOP.

3775 246 3866 302 578

2249 358 2389 413 Ἀλλ’
2420 362 2521 414 οὐκ
2554 361 2620 415 ἂν
2646 363 2887 432 ἥμαρτε,
2914 359 3067 432 φησί.
3093 358 3262 413 ῐῖόθεν
3293 376 3381 430 μοι
3407 361 3562 415 τοῦτο
3586 361 3782 433 λέγειςς
3817 367 3869 421 '0

2235 454 2346 526 γάρ
2369 457 2513 513 οὕτω
2539 457 2737 529 χαῦνος
2766 458 2862 512 καὶ
2887 456 3132 528 ῥᾴθυμος
3156 457 3252 510 καὶ
3281 457 3414 528 πρὸς
3436 459 3618 512 ἄνοιαν
3646 461 3866 533 ἕτοιμος,

2233 552 2373 606 ῶστε
2403 553 2657 618 δέξασθαι
2687 554 2947 623 τοιαύτην
2977 552 3286 624 συμϐουλὴν
3310 591 3326 615 ,
3353 553 3531 624 πολλῴ
3562 555 3748 624 μᾶλλον
3787 567 3866 612 καί

2230 649 2400 719 χωρὶς
2434 648 2623 702 τούτου
2649 649 2811 703 τοῦτο
2836 650 3060 717 γέγονεν
3089 649 3176 703 ἂν.
3206 650 3365 712 Ποῖος
3385 648 3624 712 διάϐολος
3651 653 3766 717 τοὺς
3785 654 3863 708 τοῦ

2243 746 2441 816 Ἰωσὴφ
2477 746 2738 815 ἀδελφοὺς
2791 747 2872 807 είς
2921 744 3118 814 φθόνον
3167 743 3452 810 ἐνέϐαλεν;
3493 747 3591 799 Ἂν
3637 751 3863 820 νήφωμεν

2229 839 2431 909 τοίνυν,
2464 842 2761 913 ἀγαπητοὶ,
2795 843 2890 895 καὶ
2930 841 3337 911 εὐδοκιμήσεως
3363 843 3496 911 ὴμῖν
3524 843 3687 908 αἴτιος
3715 847 3742 898 6
3766 847 3860 900 διά·

2230 933 2386 998 ϐολος
2410 935 2645 1002 γίνεται.
2673 935 2740 988 Τί
2767 935 2877 1007 γὰρ
2902 933 3102 1004 ἔϐλαψε
3125 934 3219 987 τὸν
3263 934 3387 988 Ἰὼϐ
3411 937 3444 1006 ὴ
3467 937 3694 1008 τοσαύτη
3721 941 3858 992 αὐτοῦ

2230 1031 2447 1102 μηχανή
2472 1030 2534 1094 b;
2565 1030 2656 1100 Μὴ
2689 1032 2868 1101 εἴπῃς,
2900 1031 3056 1101 φησι,
3089 1030 3268 1095 τοῦτο,
3297 1030 3410 1083 ἀλλ’
3441 1032 3470 1083 ὀ
3504 1031 3724 1104 ἀσθενὴς
3752 1033 3855 1103 βλά-

2229 1144 2446 1182 πτεται.
2489 1127 2630 1180 Ἀλλ’
2659 1129 2687 1180 6
2706 1127 2958 1198 ἀσθενὴς,
2988 1126 3094 1181 κᾶν
3123 1126 3200 1199 μὴ
3224 1126 3472 1191 διάϐολος
3492 1123 3549 1199 ᾖ,
3579 1127 3856 1198 βλάπτεται.

2241 1223 2403 1277 Ἀλλά
2459 1223 2759 1296 μειζόνως,
2796 1223 2964 1296 φησὶ,
3013 1223 3151 1295 μετά
3196 1224 3296 1294 τῆς
3343 1223 3555 1277 ἐκείνου
3599 1225 3856 1297 ἐνεργείας.

2238 1319 2380 1373 Ἀλλ’
2407 1318 2648 1382 ἔλαττον,
2676 1320 2806 1373 ὅταν
2835 1319 2974 1391 μετὰ
2999 1306 3096 1390 τῆς
3123 1317 3330 1372 ἐκείνου
3350 1319 3629 1391 ἐνεργείας
3650 1322 3856 1393 ἁμάρτῃ,

2225 1415 2537 1480 κολάζεται·
2569 1417 2630 1468 ού
2669 1415 2778 1486 γάρ
2810 1415 3026 1469 πάντων
3054 1415 3165 1467 τῶν
3199 1415 3613 1486 ἁμαρτημάτων
3639 1418 3693 1470 αἱ
3722 1418 3856 1471 αὐταὶ

2223 1511 2508 1583 τιμωρίαι.
2538 1510 2624 1582 Μὴ
2649 1510 2948 1581 ἀπατῶμεν
2971 1509 3196 1573 ἑαυτούς
3214 1527 3229 1542 ·
3264 1510 3366 1563 οὐκ
3393 1510 3544 1564 ἔστιν
3567 1513 3689 1583 ἡμῖν
3717 1512 3854 1567 ὀδιάο

2225 1608 2379 1672 ϐολος
2413 1609 2608 1674 αἴτιος,
2651 1607 2746 1661 ἐὰν
2786 1609 3079 1679 νήφωμεν·
3116 1607 3322 1670 ἐκεῖνος
3371 1609 3520 1678 ἡμᾶς
3557 1609 3740 1680 μᾶλλον
3769 1610 3853 1678 ἀφ·

2225 1705 2465 1771 υπνίζει,
2503 1709 2710 1770 ἐκεῖνος
2758 1707 2904 1778 ἡμᾶς
2952 1705 3230 1776 διεγείρει.
3265 1705 3402 1760 Εἰπέ
3445 1707 3552 1778 γάρ
3601 1724 3684 1778 μοι
3711 1703 3853 1778 (τίώς

2223 1803 2399 1858 ταῦτα
2431 1802 2826 1875 ἐξετάσωμεν),
2857 1803 2934 1874 μὴ
2967 1802 3108 1856 ἔστω
3137 1800 3321 1874 θηρία,
3351 1801 3433 1875 μὴ
3454 1802 3590 1858 ἔστω
3614 1802 3852 1875 ἀνωμαλία

2224 1900 2428 1972 ἀέρων,
2462 1900 2539 1972 μὴ
2569 1899 2745 1964 νόσος,
2789 1898 2865 1971 μὴ
2897 1898 3091 1963 λῦπαι,
3127 1896 3204 1970 μὴ
3235 1898 3494 1971 ἀθυμίαι,
3523 1899 3597 1973 μὴ
3629 1899 3790 1971 ’ἕτερόν
3811 1916 3851 1952 τι

2221 1996 2334 2051 τῶν
2377 1995 2658 2050 τοιούτων·
2695 1995 2752 2049 τί
2780 1995 2881 2049 οὐκ
2917 1993 2984 2050 ἀν
3024 1994 3246 2065 ἐγένετο
3283 1994 3314 2049 6
3345 1995 3663 2070 άνθρωποςς
3693 1997 3852 2068 Χοίρος

2225 2093 2428 2166 μᾶλλον
2465 2094 2500 2166 ἢ
2544 2093 2852 2166 ἄνθρωπος,
2881 2092 3024 2148 δοκῶ
3060 2109 3174 2164 μοι,
3207 2093 3437 2162 γέγονεν
3473 2094 3539 2150 ἀν
3559 2134 3574 2160 ,
3603 2091 3850 2164 γαστριζό-

2226 2207 2388 2262 μενος
2423 2192 2518 2245 καὶ
2559 2189 2796 2259 μεθύων,
2829 2191 2923 2246 καὶ⁵
2953 2190 3060 2244 ὑπὸ
3091 2189 3321 2261 μηδενὸς
3346 2190 3554 2245 τούτων
3577 2188 3849 2261 ἐνοχλούμε-

2221 2304 2330 2351 νος.
2360 2287 2475 2341 Νῦν
2507 2287 2564 2342 δέ
2592 2288 2651 2344 αί
2675 2287 2956 2360 φροντίδες
2975 2287 3068 2341 καὶ
3091 2288 3149 2342 αί
3178 2287 3449 2360 μέριμναι
3470 2287 3743 2358 γυμνάσιόν
3765 2286 3848 2337 εἰσι
3922 2279 3926 2282 ’

2223 2385 2542 2456 φιλοσοφίας
2605 2387 2700 2441 καὶ
2765 2386 3174 2450 διδασκάλειον,
3232 2387 3330 2440 καὶ
3388 2385 3578 2456 ἀγωγὴ
3643 2379 3851 2444 παιδείας

2222 2487 2472 2556 ἀρίστης.
2515 2486 2718 2540 Σκόπει
2747 2485 2804 2538 δέ
2834 2485 2931 2539 καὶ
2959 2483 3136 2548 ἄλλως
3159 2498 3174 2514 ·
3209 2483 3501 2555 τρεφέσθω
3526 2499 3606 2546 τις
3643 2481 3696 2534 ἐν
3725 2479 3853 2550 βασι-

2219 2580 2385 2646 λείοις
2411 2583 2548 2652 μήτε
2573 2580 2914 2651 λυπούμενος
2934 2581 3072 2652 μήτε
3095 2579 3405 2651 φροντίζων
3436 2581 3568 2652 μήτε
3587 2573 3850 2650 μεριμνῶν,

2219 2677 2314 2732 καὶ
2351 2680 2489 2748 μήτε
2518 2676 2692 2747 ὀργῆς
2726 2677 2866 2746 ἔχων
2911 2675 3185 2747 πρόφασιν
3217 2675 3355 2746 μήτε
3403 2672 3708 2744 ἀποτυχίας,
3735 2669 3852 2724 ἀλλὰ

2221 2775 2420 2837 πάντα,
2453 2775 2558 2828 ἀπε
2567 2792 2598 2846 ρ
2621 2774 2688 2828 ἂν
2712 2772 3048 2844 ἐπιθυμήσῃ,
3073 2771 3317 2836 ποιείτω,
3342 2773 3442 2826 καὶ
3467 2767 3849 2839 ἐπιτυγχανέτω,

2218 2872 2316 2926 καὶ
2346 2871 2554 2936 πάντας
2587 2871 2760 2943 ἐχέτω
2793 2870 3170 2934 ὑπακούοντας
3189 2887 3206 2904 ·
3239 2869 3306 2924 ἀν
3349 2871 3430 2943 μὴ
3469 2868 3655 2932 παντὸς
3683 2864 3848 2936 θηρίου

2217 2969 2556 3042 ἀλογώτερος
2580 2971 2802 3041 γένηται
2842 2971 2870 3024 6
2899 2969 3138 3033 τοιοῦτος
3159 2975 3182 3004 ο
3204 2986 3221 3037 ς

2289 3084 2442 3160 [MO]
2477 3087 2592 3141 Νῦν
2620 3087 2676 3140 δέ
2701 3086 2894 3159 ῶσπερ
2922 3087 3091 3157 ἀκόνη
3120 3084 3269 3140 ἐστὶν
3294 3083 3615 3159 ἐκτρίϐουσα
3641 3081 3772 3154 ἡμᾶς
3791 3077 3846 3130 τὰ

2215 3183 2325 3237 τῶν
2354 3185 2752 3256 περιστάσεων,
2782 3185 2851 3239 τά
2870 3183 2980 3238 τῶν
3000 3183 3253 3254 θλίψεων.
3285 3183 3393 3238 Διά
3417 3181 3566 3236 τοῦτο
3593 3181 3694 3233 τῶν
3713 3176 3847 3230 πλον·

2214 3281 2452 3336 τούντων
2478 3283 2528 3335 οί
2557 3283 2789 3353 πένητες
2813 3282 2889 3346 ὡς
2908 3283 3002 3336 ἐπὶ
3023 3282 3086 3336 τὸ
3109 3281 3362 3336 πλεῖστόν
3386 3285 3490 3336 είσι
3512 3278 3842 3348 συνετώτεροι,

2215 3379 2472 3452 καθάπερ
2521 3377 2741 3442 πολλοῖς
2779 3378 3236 3450 περικρουόμενοι
3276 3379 3378 3432 καὶ
3413 3373 3843 3450 περιαντλούμενοι

2214 3475 2446 3546 κύμασι.
2485 3476 2596 3529 Kal
2647 3474 2758 3544 γάρ
2809 3475 2968 3546 σῶμα
2996 3475 3058 3529 τὸ
3115 3475 3215 3545 μέν
3263 3475 3440 3545 ἀργὸν
3494 3475 3585 3528 καὶ
3628 3472 3842 3541 ἀκίνητον

2212 3570 2442 3632 νοσῶδες
2475 3570 2570 3622 καὶ
2619 3570 2816 3642 άηδές,
2850 3559 3004 3624 τὺδέ
3039 3569 3368 3640 κινούμενον
3409 3571 3504 3624 καὶ
3545 3569 3732 3639 κάμνον
3765 3562 3843 3618 καὶ

2210 3664 2730 3737 ταλαιπωρούμενον
2771 3665 3104 3738 ὠραιότερον
3149 3667 3246 3720 καὶ
3280 3667 3640 3738 ὑγιεινότερον
3661 3681 3676 3696 ο
3711 3659 3843 3716 τοῦτο

2209 3763 2266 3818 δέ
2299 3763 2390 3816 ἐπὶ⁵
2427 3762 2606 3834 ψυχῆς
2656 3760 2806 3833 εὖροι
2835 3778 2922 3825 τις
2960 3761 3046 3816 ἄν.
3083 3761 3196 3814 Kal
3234 3761 3455 3834 σίδηρος
3493 3762 3724 3831 κείμενος
3761 3754 3840 3826 μὲν

2207 3858 2603 3930 διαφθείρεται,
2621 3857 2992 3928 ἐργαζόμενος
3013 3857 3071 3911 δέ
3090 3857 3320 3928 λάμπει·
3347 3857 3600 3927 καὶψυχὴ
3619 3852 3839 3912 ὡσαύτως

2207 3953 2501 4024 κινουμένη
2522 3969 2535 3982 ·
2559 3953 2773 4022 κίνησις
2801 3953 2858 4007 δέ
2882 3952 3062 4024 ψυχῆς
3093 3954 3148 4005 αί
3187 3956 3542 4022 περιστάσεις
3567 3944 3729 4006 αὗται.
3750 3945 3839 4002 Kal

2206 4050 2392 4120 τέχναι
2426 4047 2788 4112 ἀπόλλυνται,
2821 4047 2895 4118 μὴ
2940 4047 3270 4118 κινουμένης
3300 4047 3482 4119 ψυχῆς
3504 4064 3517 4078 ο
3558 4048 3764 4102 κινεῖται
3793 4039 3838 4092 δέ

2203 4145 2334 4199 ὅταν
2365 4143 2442 4216 μὴ
2469 4144 2646 4198 πάντα
2670 4143 2836 4197 εὐθέα
2910 4161 2925 4175 ·
2959 4147 3192 4201 κινεῖται
3212 4144 3324 4214 γὰρ
3345 4145 3452 4199 ὑπὸ
3475 4143 3577 4199 τῶν
3597 4138 3836 4196 ἐναντίων.

2203 4241 2267 4293 Et
2290 4239 2365 4311 μὴ
2391 4239 2476 4310 είη
2501 4239 2736 4304 ἐναντία,
2762 4239 2916 4294 οὐδὲν
2943 4239 3010 4294 ἂν
3039 4241 3123 4312 εἴη
3147 4240 3207 4294 τὸ
3229 4241 3436 4295 κινοῦν·
3467 4235 3594 4306 οἷον,
3624 4239 3668 4291 εί
3690 4235 3838 4288 πάντα

2201 4330 2269 4406 ἦν
2307 4335 2647 4406 είργασμένα
2675 4335 2857 4400 καλῶς
2876 4375 2892 4398 ,
2915 4335 3018 4389 οὐκ
3048 4335 3116 4390 ἂν
3141 4330 3299 4408 εὗρεν
3329 4339 3366 4408 ὴ
3394 4337 3556 4409 τέχνη
3585 4330 3835 4389 κινεῖσθαι.

2201 4428 2358 4484 Οῦτω
2377 4431 2493 4492 καὶ,
2521 4429 2592 4502 [εἰ
2623 4430 2803 4485 πάντα
2826 4425 2895 4502 ἦν
2922 4430 3065 4484 κατά
3092 4429 3218 4484 νοῦν
3240 4432 3394 4502 ἡμῖν,
3422 4433 3524 4486 οὐκ
3551 4431 3614 4486 ἃν
3648 4423 3832 4497 εὖρενή

2199 4523 2345 4595 ψυχὴ
2385 4523 2656 4577 κινεῖσθαι
2758 4525 2807 4578 εί
2835 4523 3116 4594 πανταχοῦ
3149 4524 3553 4591 διεϐαστάζετο,
3585 4521 3740 4594 ἀηδὴς
3760 4513 3832 4587 ἧν·

2198 4622 2309 4690 οὐχ
2340 4621 2491 4691 δρᾷς,
2521 4621 2604 4674 ὅτι
2631 4621 2727 4674 καὶ
2754 4624 2976 4691 τροφοῖς
3002 4621 3518 4693 παρακελευόμεθα,
3553 4621 3624 4692 μὴ
3644 4619 3834 4671 διαιταν-

2195 4719 2287 4782 τδς
2323 4717 2612 4787 βαστάζειν
2641 4717 2712 4771 τά
2743 4717 2932 4771 παιδία
2954 4756 2968 4780 ,
3006 4717 3145 4771 ὥστε
3176 4715 3251 4788 μὴ
3288 4719 3369 4781 είς
3417 4718 3538 4782 ἔθος
3568 4715 3695 4770 αύτά
3724 4708 3833 4765 καθ·

2198 4814 2372 4883 ιστᾷν,
2425 4813 2560 4882 μήτε
2609 4811 2829 4882 ἐξίτηλα
2883 4811 3023 4865 αὑτά
3077 4814 3286 4879 ποιεῖνς
3319 4812 3418 4866 Διά
3462 4811 3617 4866 τοῦτο
3657 4807 3717 4861 τά
3757 4800 3835 4856 ἐπ’

2194 4908 2377 4977 ὕψεσιν
2398 4907 2808 4978 άνατρεφόμενα
2839 4907 2946 4961 τῶν
2975 4907 3204 4976 γονέων,
3242 4908 3610 4981 ἀσθενέστερα
3633 4907 3825 4974 γίνεται,

2194 5003 2290 5073 τῆς
2320 5003 2534 5072 φειδοῦς
2562 5002 2661 5073 τῆς
2700 5002 2930 5072 ἀκαίρου
2973 5019 3034 5056 τε
3075 5003 3170 5056 καὶ
3191 5001 3434 5074 ἀμέτρου
3466 4994 3825 5072 λυμαινομένης

2190 5096 2372 5150 αὐτῶν
2396 5097 2493 5167 τὴν
2524 5097 2757 5166 ὑγίειαν.
2794 5097 2974 5151 Καλὸν
3014 5098 3111 5152 καὶ
3143 5097 3286 5170 λύπη
3319 5098 3633 5169 σύμμετρος
3652 5135 3666 5158 ,
3692 5088 3825 5146 καλὸν

2189 5194 2285 5246 καὶ
2313 5193 2553 5263 φροντὶς,
2587 5191 2752 5246 καλὸν
2781 5194 2874 5247 καὶ
2897 5193 3093 5249 ἔνδεια·
3131 5196 3389 5267 ἰσχυροὺς
3415 5195 3526 5266 γὰρ
3550 5194 3684 5264 ἡμᾶς
3708 5184 3826 5241 ποιεῖ

2189 5288 2329 5343 καλά
2365 5288 2458 5343 καὶ
2484 5289 2552 5341 τά
2579 5289 2799 5342 ἐναντία
2819 5306 2832 5318 ·
2872 5290 3103 5344 ἕκαστον
3136 5293 3246 5364 γὰρ
3273 5292 3456 5348 αὐτῶν
3497 5292 3714 5362 ἄμετρον
3750 5296 3826 5350 γε·

2187 5367 2412 5454 νόμενον
2436 5383 2720 5447 ἀπόλλυσι,
2745 5385 2835 5437 καὶ
2858 5385 2920 5438 τὸ
2943 5385 3043 5456 μὲν
3069 5389 3273 5457 χαυνοῖ,
3290 5387 3350 5440 τὸ
3373 5387 3430 5440 δέ
3453 5385 3822 5456 διαρῥήγνυσινο

2187 5484 2299 5552 Οὐχ
2327 5483 2476 5553 ἐρᾷς,
2511 5482 2592 5535 δτι
2617 5480 2860 5544 καὶτοὺς
2885 5482 3050 5535 αὑτοῦ
3087 5483 3332 5553 μαθητάς
3367 5485 3396 5536 6
3428 5481 3652 5554 Χριστος
3678 5475 3823 5532 οὕτως

2185 5577 2403 5646 ἐνάγει;
2447 5576 2510 5628 Εἰ
2555 5576 2754 5627 ἐκεῖνοι
2796 5574 2852 5629 δέ
2895 5577 3099 5632 τούτων
3149 5579 3393 5645 ἐδέοντο,
3438 5577 3612 5647 πολλῷ
3653 5570 3821 5642 μᾶλλον

2183 5677 2364 5744 ἡμεῖς.
2390 5675 2451 5725 El
2477 5672 2533 5725 δέ
2557 5671 2809 5742 δεόμεθα,
2837 5673 2913 5744 μὴ
2937 5675 3352 5748 ἀγανακτῶμεν,
3381 5677 3516 5729 ἀλλά
3538 5675 3629 5730 καὶ
3652 5669 3818 5741 χαίρω-

2244 5812 2272 5849 ὶι
2300 5811 2435 5860 Unus
2475 5807 2616 5857 αὐτοῦ
2672 5808 2926 5871 ἀμηχανία.

3016 5815 3038 5844 ⁸
3079 5812 3136 5864 Ὀ
3185 5813 3395 5870 τοιοῦτος
3443 5813 3540 5864 duo
3571 5809 3702 5864 codd.
3735 5815 3811 5853 οοιι

2182 5873 2394 5944 ὶιιὼρηιη
2644 5883 2646 5886 '
2761 5915 2763 5917 .
3616 5905 3621 5910 .
