3920 6224
269 296 357 354 577

267 416 445 465 derunt
472 423 488 470 ;
539 406 663 461 hinc
702 401 846 458 enini
878 398 953 452 illi
986 393 1319 451 sacerdotale
1350 390 1722 445 indumentum
1750 401 1849 456 pa-

269 513 423 563 ratur,
457 502 591 553 tiara
622 492 937 563 imponitur,
968 499 1021 545 et
1051 488 1294 556 reliquiis
1324 483 1550 538 vestium
1589 489 1810 534 ornatus
1832 519 1848 542 ,

270 606 312 649 ιι
347 589 616 645 ordinatio
646 586 762 656 ejus
787 584 905 637 sine
935 580 1097 635 dubio
1122 576 1193 632 sit
1215 576 1231 607 ¹
1257 591 1273 641 ;
1316 583 1373 628 ut
1401 573 1654 640 deinceps
1680 568 1850 623 admi-

270 685 449 741 ratioiii
485 681 749 735 lialieatur
778 692 805 728 a
842 674 1039 729 lamina
1068 685 1229 725 :erea.
1277 667 1441 723 Scitis
1470 666 1638 736 probe
1678 662 1848 716 liisto-

267 779 382 831 ll:lll|
414 792 429 828 :
455 773 682 841 ldeﬂ'llle
708 776 1091 840 przetercurro.
1118 760 1183 815 Et
1208 760 1251 815 si
1282 758 1464 823 vultis,
1496 756 1667 827 prisca
1698 769 1759 809 ea
1782 752 1850 807 de

270 889 315 925 re
336 868 616 922 adeamus.
645 862 776 918 Cain
808 862 1026 914 fratrem
1058 852 1285 916 occidit;
1327 850 1420 906 sed
1460 850 1538 903 sic
1579 848 1651 902 illi
1682 845 1850 915 magis

269 958 453 1029 proluit
479 974 493 1009 :
538 953 661 1007 audi
692 951 835 1006 enini
876 946 1003 1018 quid
1034 945 1212 1000 dic‘at:
1250 941 1361 996 νοω
1383 938 1643 1011 sanguinis
1672 935 1849 1005 fratris

269 1026 327 1103 tui
355 1048 549 1102 clamat
576 1044 643 1097 ad
674 1058 752 1096 me
785 1038 935 1112 (Ceu.
966 1038 1019 1092 4.
1052 1036 1177 1105 10);
1206 1043 1259 1089 et
1290 1047 1476 1088 rursus
1505 1029 1661 1082 alibi:
1707 1026 1846 1081 San-

268 1143 404 1209 guine
432 1138 617 1191 melius
644 1136 876 1195 loquente
902 1145 1053 1200 quam
1079 1126 1202 1180 Abel
1229 1125 1247 1194 (
1272 1122 1428 1176 Ilebr.
1470 1119 1557 1174 12.
1592 1118 1716 1185 24).
1761 1115 1849 1169 Li-

270 1230 463 1285 beravit
510 1228 661 1281 illiilli
704 1223 773 1277 ali
817 1224 1023 1275 incerto
1064 1216 1221 1271 futuri
1248 1257 1262 1276 ,
1306 1210 1607 1267 inet-cedem
1654 1209 1844 1261 auxit:

270 1320 506 1375 novimus
530 1330 720 1371 omnes
744 1313 1087 1368 dilectionem
1114 1348 1129 1371 ,
1170 1320 1329 1375 quani
1376 1304 1513 1356 Dens
1540 1316 1663 1367 erga
1698 1298 1846 1350 illum

271 1412 445 1467 lubuit
508 1408 567 1463 In
596 1422 703 1476 quo
732 1405 892 1459 lmsns
918 1410 995 1456 est
1019 1442 1034 1465 ,
1067 1396 1224 1453 citius
1252 1406 1424 1448 morte
1459 1388 1742 1445 sublatus?
1794 1387 1846 1439 In

273 1503 450 1557 nullo:
493 1496 621 1568 quid
659 1495 837 1557 enim,
876 1506 1081 1563 qnatso,
1124 1487 1397 1541 lucrantur
1438 1483 1471 1537 ii
1519 1481 1607 1549 qui
1649 1478 1848 1532 tardius

271 1588 606 1647 moriuntur?
648 1584 791 1641 Niliil
819 1602 833 1638 :
868 1596 1041 1651 neque
1069 1578 1211 1634 enim
1243 1575 1468 1631 felicitas
1510 1588 1575 1627 ex
1618 1579 1723 1624 Vita
1762 1568 1844 1623 vel

272 1688 415 1755 longa
448 1682 531 1738 vel
572 1677 726 1735 brevi
756 1674 983 1747 pendet,
1011 1670 1103 1725 sed
1140 1685 1206 1724 ex
1248 1683 1349 1733 eo,
1377 1663 1519 1737 quod
1557 1663 1664 1717 vita
1709 1662 1845 1716 bene

271 1787 494 1830 utamur.
519 1772 656 1826 Tres
684 1768 832 1839 pueri
866 1764 1042 1833 iiijecti
1075 1771 1201 1818 sunt
1229 1764 1281 1814 in
1310 1762 1580 1813 fornacem
1605 1797 1618 1816 .
1643 1764 1698 1810 et
1726 1755 1851 1807 liinc

268 1868 514 1922 clariores
540 1861 717 1918 effecti
744 1868 869 1914 sunt
894 1874 908 1912 :
940 1854 1121 1909 Daniel
1145 1853 1196 1907 iu
1220 1851 1414 1915 lacum,
1444 1858 1499 1905 et
1524 1847 1646 1903 inde
1672 1846 1849 1917 splen-

266 1959 431 2014 didior
458 1954 726 2010 ascendit.

327 2049 375 2104 3.
421 2045 749 2101 Teutationes
772 2058 954 2112 magna
975 2037 1177 2111 pariunt
1198 2034 1349 2089 bona.
1378 2062 1448 2072 —
1469 2030 1627 2085 Vides
1654 2029 1849 2098 ubique

268 2138 589 2195 ti-ntationes
629 2148 817 2203 magna
851 2145 1039 2200 parere
1069 2128 1240 2189 bona,
1279 2124 1438 2179 etiam
1484 2121 1569 2175 liic
1592 2162 1608 2186 ,
1652 2130 1849 2189 quanto

268 2230 421 2301 magis
454 2226 607 2282 illic!
642 2224 698 2279 In
732 2221 929 2277 malitia
957 2229 1135 2273 autem
1164 2216 1303 2272 idem
1334 2214 1504 2269 evenit
1526 2255 1541 2277 ,
1572 2228 1633 2265 ac
1660 2213 1703 2265 si
1730 2211 1849 2279 quis

266 2321 519 2376 calamum
562 2316 805 2378 habens,
837 2313 1112 2384 praelii-tur
1152 2319 1338 2365 contra
1379 2307 1596 2376 ignem:
1640 2303 1849 2356 videtur

264 2416 394 2469 enim
428 2415 613 2484 ignem
645 2419 950 2481 percutere,
978 2416 1033 2461 et
1060 2406 1232 2475 ipsum
1260 2401 1599 2471 fulgidiorem
1629 2399 1771 2462 facit,
1794 2407 1847 2451 et

264 2505 492 2577 seipsiim
521 2501 814 2557 consumit.
838 2498 1036 2554 Malitia
1068 2509 1299 2566 namque
1327 2492 1505 2548 virtuti
1536 2491 1846 2546 alimentum

262 2610 313 2653 et
340 2595 648 2667 splendoris
667 2593 880 2649 occasio
905 2601 987 2646 est
1014 2608 1029 2644 :
1065 2604 1188 2644 nam
1215 2587 1325 2643 Deo
1350 2585 1605 2655 injustitia
1635 2592 1690 2637 nt
1713 2597 1849 2652 opus

262 2699 341 2745 est
375 2697 592 2751 utente,
636 2702 725 2741 res
753 2693 953 2739 nostra:
993 2682 1161 2751 magis
1194 2680 1414 2751 fulgent.
1462 2678 1692 2732 Rursum
1735 2676 1845 2728 dia-

265 2780 413 2834 bolus
442 2794 569 2832 cum
599 2777 707 2831 tale
732 2774 1005 2845 quidpiam
1036 2780 1309 2842 operatur,
1336 2784 1431 2824 eos
1460 2769 1548 2838 qui
1579 2762 1850 2837 patiuntur

260 2869 656 2940 splendidiores
685 2866 879 2922 reddit.
914 2865 1024 2919 Cur
1047 2878 1176 2934 ergo
1196 2902 1212 2928 ,
1256 2861 1468 2932 inquies
1492 2901 1507 2925 ,
1552 2859 1603 2913 in
1644 2857 1849 2912 Adamo

263 2975 363 3015 non
397 2960 509 3014 tale
535 2959 811 3029 quidpiam
838 2957 1032 3009 factum
1072 2962 1175 3020 est,
1206 2952 1298 3008 sed
1331 2951 1421 3006 ille
1445 2948 1849 3021 igiiominiosior

258 3064 337 3107 est
364 3052 654 3109 redditus?
678 3052 849 3106 Etiam
882 3049 971 3103 illo
1000 3057 1057 3102 ut
1076 3062 1173 3119 par
1193 3054 1309 3100 erat
1340 3058 1468 3098 usus
1490 3050 1573 3098 est
1599 3041 1741 3096 Deus
1764 3055 1779 3105 ;
1803 3041 1846 3095 si

258 3158 381 3198 vero
405 3144 541 3215 quid
565 3156 755 3213 passus
776 3140 867 3203 sit,
893 3142 1006 3210 ipse
1024 3138 1261 3207 seipsum
1302 3135 1440 3189 lzesit
1467 3152 1480 3187 :
1507 3150 1626 3188 nam
1648 3148 1765 3202 qum
1781 3131 1849 3185 ab

254 3236 367 3289 aliis
409 3236 576 3290 nobis
632 3234 973 3297 inferuntur,
1019 3243 1333 3298 magnorum
1383 3225 1537 3280 nobis
1588 3224 1847 3278 bonorum

252 3342 429 3382 causa:
474 3335 639 3389 sunt;
681 3342 802 3396 qua:
841 3336 1020 3379 autc-ni
1059 3338 1089 3376 a
1120 3322 1274 3376 nobis
1315 3319 1445 3392 ipsis
1473 3359 1489 3383 ,
1541 3334 1646 3371 non
1698 3318 1845 3371 item.

251 3418 382 3485 Quia
424 3420 580 3474 enim
622 3418 692 3472 ab
730 3417 851 3471 aliis
891 3416 1004 3471 laasi
1048 3414 1336 3477 dolemus,
1390 3427 1420 3465 a
1469 3411 1621 3465 nobis
1668 3421 1846 3464 autem

254 3508 379 3576 ipsis
406 3525 523 3564 non
555 3510 708 3573 item,
737 3507 970 3562 ostendit
1000 3506 1136 3560 Deus
1152 3503 1403 3573 eum,qui
1431 3502 1498 3556 ab
1522 3502 1628 3554 alio
1656 3500 1849 3569 injuste

254 3601 452 3667 patitur
474 3639 493 3665 ,
524 3600 728 3653 clarum
756 3612 877 3652 esse
899 3639 914 3663 ,
942 3611 1065 3651 eum
1096 3610 1255 3660 vero,
1284 3594 1371 3663 qui
1402 3593 1635 3662 seipsnm
1666 3592 1809 3646 lzedit
1830 3630 1845 3655 ,

251 3690 515 3746 damnum
541 3689 683 3744 fcrre
709 3708 723 3744 :
750 3698 807 3743 et
825 3690 949 3757 jure
973 3686 1211 3757 quidem,
1238 3694 1298 3739 ut
1326 3683 1453 3739 illud
1483 3683 1689 3738 fortiter
1714 3682 1849 3737 fera-

250 3799 388 3848 mus,
416 3795 480 3840 et
516 3797 623 3836 non
650 3782 752 3836 lioc
776 3799 789 3834 :
816 3781 1051 3848 alioquin
1077 3793 1207 3833 vero
1228 3787 1395 3831 totum
1420 3777 1488 3830 ibi
1513 3775 1612 3830 fuit
1637 3775 1847 3829 Adanii.

248 3872 355 3928 Cor
383 3875 542 3928 enim
566 3872 830 3927 credebas
858 3870 1111 3925 mulieri?
1137 3885 1231 3923 cur
1247 3864 1465 3922 adversa
1484 3867 1847 3921 consulentem

247 3978 353 4017 Ion
388 3962 692 4033 repulisti?
736 3961 815 4016 Tu
861 3961 1082 4014 omnino
1113 3960 1164 4013 in
1206 3974 1365 4012 causa
1408 3956 1591 4011 fuisti:
1640 3970 1762 4010 nam
1804 3955 1849 4009 si

246 4054 517 4108 diabolus
549 4053 601 4106 in
631 4066 794 4107 causa
826 4060 993 4116 esset,
1022 4056 1297 4117 oporteret
1320 4062 1510 4100 omnes
1533 4045 1619 4116 qni
1647 4054 1853 4099 tentan-

246 4155 331 4198 tnr
362 4146 557 4213 perire
584 4162 599 4198 :
628 4141 771 4213 quod
799 4142 841 4196 si
876 4156 980 4196 non
1010 4148 1271 4211 pereunt,
1307 4139 1356 4193 in
1386 4138 1540 4193 nobis
1564 4152 1723 4192 causa
1748 4146 1851 4192 est.

246 4239 311 4289 At
331 4244 644 4304 oporteret.
665 4233 894 4304 inquies,
910 4246 1099 4286 omnes
1115 4231 1200 4300 qui
1223 4238 1495 4285 tentantur
1511 4236 1655 4282 recte
1672 4243 1850 4298 agere;

241 4324 349 4390 vel,
380 4326 431 4379 si
462 4340 569 4377 nos
595 4324 646 4377 in
678 4338 837 4378 causa
865 4336 1075 4386 sumus,
1107 4321 1267 4376 etiam
1300 4322 1500 4388 absque
1526 4320 1738 4373 diabolo
1765 4336 1857 4388 pe-

242 4416 352 4468 rire
380 4417 406 4467 ‘.'
462 4414 581 4468 lloc
622 4414 784 4468 etiam
830 4414 1043 4477 evenit;
1090 4428 1213 4466 nam
1257 4410 1408 4465 multi
1452 4411 1611 4463 etiam
1655 4410 1855 4479 absque

240 4506 476 4562 diabolo
525 4518 788 4575 pereunt:
834 4521 1005 4575 neque
1046 4505 1187 4559 enim
1218 4504 1309 4558 ille
1333 4502 1512 4556 omnia
1538 4503 1736 4566 efficit,
1762 4501 1855 4556 sed

240 4599 413 4651 etiam
465 4598 637 4652 multa
670 4596 802 4650 fiunt
839 4612 905 4650 ex
942 4596 1147 4665 ignavia
1177 4602 1359 4647 nostra
1388 4611 1400 4647 :
1428 4592 1570 4662 quod
1597 4593 1640 4645 si
1673 4592 1763 4647 ille
1803 4592 1855 4645 in

241 4702 413 4742 causa
449 4690 550 4746 sit.
581 4688 736 4740 nobis
763 4687 948 4755 utique
974 4701 1159 4739 ansam
1188 4682 1566 4754 pra-bentibus.
1599 4682 1689 4735 Dic
1716 4682 1857 4736 enim

245 4778 775 4848 iiiilii.qiiand0iiaiii
806 4776 1055 4831 diabolus
1084 4785 1289 4831 tantum
1328 4776 1495 4829 valuit
1534 4776 1584 4827 in
1626 4774 1860 4829 Judam?

244 4872 492 4938 Quando
523 4874 794 4940 ingressus
822 4882 902 4925 est
923 4910 937 4933 ,
971 4871 1209 4939 inquies,
1241 4868 1293 4922 in
1321 4884 1443 4923 enm
1472 4877 1708 4923 satanas.
1753 4867 1858 4922 Sed

245 4965 373 5017 audi
405 4977 639 5018 causam
670 4983 683 5017 :
714 4964 836 5033 quia
871 4962 953 5015 fur
979 4971 1094 5015 erat
1120 5002 1135 5027 ,
1184 4969 1241 5016 et
1282 4976 1400 5029 qua:
1440 4960 1862 5014 immittebantur

248 5061 542 5128 portabat.
572 5057 690 5127 Ipse
729 5056 877 5111 dedit
918 5056 991 5109 illi
1034 5056 1197 5109 latum
1230 5053 1560 5123 ingrediendi
1588 5053 1813 5123 spatium
1845 5068 1858 5105 :

243 5161 299 5201 et
332 5151 409 5201 ita
440 5164 559 5201 non
586 5146 835 5201 diabolus
863 5148 1068 5199 initium
1102 5146 1222 5206 dat,
1251 5144 1345 5198 sed
1374 5158 1470 5197 nos
1498 5143 1643 5195 illum
1673 5138 1866 5210 recipi-

247 5254 375 5291 mus
423 5250 485 5293 ct
532 5253 807 5293 vocamus.
856 5238 1050 5291 Verum
1072 5278 1088 5302 ,
1120 5235 1347 5304 inquies,
1384 5234 1426 5287 si
1455 5234 1539 5288 ille
1565 5249 1669 5288 non
1697 5242 1861 5297 esset,

246 5347 357 5381 non
391 5328 587 5397 gravia
616 5338 797 5383 essent
824 5328 983 5381 mala.
1027 5326 1130 5382 Sed
1177 5324 1482 5379 inevitabile
1518 5338 1637 5399 nos.
1660 5324 1863 5393 suppli-

243 5422 397 5471 cium
432 5428 683 5471 maneret
708 5434 721 5470 :
750 5433 891 5470 nunc
916 5416 1080 5479 enim,
1107 5402 1324 5477 dilecte,
1346 5428 1499 5482 pinna
1523 5412 1677 5467 nobis
1700 5413 1867 5467 levior

244 5526 331 5564 est
359 5527 376 5571 ;
429 5508 482 5562 si
536 5522 661 5562 vero
685 5523 751 5561 ex
786 5507 940 5560 nobis
966 5506 1094 5575 ipsis
1119 5504 1299 5575 gravia
1329 5513 1662 5576 patraremus
1685 5543 1700 5569 ,
1729 5503 1868 5557 into-

312 5663 332 5697 ⁸
375 5667 533 5723 om
550 5659 793 5723 liabet...”
820 5658 1163 5723 reddiderunt,
1186 5664 1237 5713 ut
1253 5658 1499 5711 ordinatio
1511 5652 1619 5721 ejus
1643 5670 1743 5709 sine
1770 5660 1861 5709 dn-

250 5724 317 5773 ti.
354 5722 446 5779 sit.
470 5721 672 5769 caussis
693 5721 1024 5771 intermediis.

1251 277 1317 333 IN
1356 274 1532 331 ACTA
1574 270 1851 327 APOSTOI

1957 270 2092 326 itm.
2134 272 2359 327 iioiiIL.
2403 268 2535 329 Liv.
2800 324 2805 327 _
2984 278 3003 294 °
3128 260 3133 265 ’
3443 274 3541 328 3:3

1954 384 2179 440 lerabite
2203 395 2347 441 esse;
2373 385 2714 454 supplicium.
2752 385 2843 439 Dic
2873 386 3017 440 enim
3037 424 3054 449 ,
3084 400 3201 448 oro,
3228 386 3272 439 si
3299 401 3359 439 ea
3381 428 3397 451 ,
3426 402 3543 456 qua:

1956 480 2195 546 peccavit
2222 478 2412 543 Adam,
2444 466 2644 547 absque
2670 480 2895 533 consilio
2924 490 3217 549 peccasset,
3248 480 3369 550 quis
3396 480 3542 535 illum

1954 586 2016 625 ex
2047 571 2298 640 periculis
2324 572 2653 641 eripuisset?
2681 572 2812 633 Sed,
2842 574 3070 643 inquies,
3103 589 3207 627 non
3236 584 3533 644 peccasset.

1958 661 2232 717 Undenain
2271 663 2371 717 lioc
2404 664 2532 717 milii
2561 664 2739 718 dicis?
2767 664 2867 731 Qui
2907 665 3052 718 enim
3095 665 3166 718 ita
3206 666 3386 719 mollis
3427 676 3543 719 erat

1950 762 2003 808 et
2050 752 2303 823 ignavus,
2347 765 2508 823 atque
2545 755 2612 809 ad
2656 754 3012 824 insipientiam
3057 770 3254 824 pronus
3282 797 3296 815 .
3343 766 3397 809 ut
3439 758 3541 810 tale

1951 846 2231 899 consilium
2260 846 2547 914 acciperet,
2577 848 2747 901 multo
2773 848 2941 917 magis
2971 849 3129 902 etiam
3170 863 3238 902 ex
3286 861 3345 900 se
3386 844 3539 901 fecis-

1950 945 2050 990 set.
2095 937 2226 1002 Quis
2253 936 2501 992 diabolus
2526 937 2747 1008 Joseplii
2773 937 2966 993 fratres
3004 939 3056 992 in
3086 940 3335 993 invidiam
3361 940 3542 1011 (30"th-

1951 1029 2061 1082 cit?
2087 1027 2141 1083 Si
2171 1030 2448 1097 vigilemus
2473 1045 2602 1100 crgo
2620 1070 2636 1094 ,
2663 1030 2842 1084 dilecti
2866 1070 2882 1095 ,
2912 1030 3065 1083 nobis
3089 1030 3333 1083 diabolus
3356 1032 3541 1101 gloria:

1951 1127 2138 1173 auctor
2180 1121 2304 1173 erit.
2349 1119 2486 1187 Quid
2517 1121 2659 1175 enim
2686 1120 2823 1175 .lobo
2851 1122 3034 1174 nocuit
3061 1131 3263 1174 tantum
3291 1122 3430 1174 illius
3455 1138 3539 1173 ar-

1954 1208 2219 1263 tificium?
2251 1210 2325 1265 Ne
2359 1211 2478 1274 lioe,
2511 1212 2739 1280 inquies,
2768 1212 3004 1276 dixeris;
3050 1212 3142 1267 sed
3183 1213 3269 1281 qui
3302 1213 3541 1266 infirmus

1951 1311 2029 1355 est
2059 1302 2293 1355 laeditur.
2323 1304 2393 1357 At
2424 1304 2687 1370 infirmus,
2718 1306 2926 1359 etiamsi
2957 1304 3201 1359 diabolus
3230 1320 3333 1358 non
3360 1316 3499 1359 esset
3526 1347 3539 1365 ,

1953 1394 2173 1463 perinde
2205 1396 2437 1451 laeditur.
2471 1397 2667 1453 Verum
2717 1414 2984 1468 repones,
3028 1399 3197 1469 magis
3234 1414 3356 1454 cum
3399 1398 3543 1452 illius

1950 1486 2265 1565 operatione
2292 1486 2522 1541 l.i-tliiur.
2569 1488 2674 1543 Sed
2702 1489 2745 1543 si
2774 1504 2895 1543 cum
2920 1489 3061 1543 illius
3084 1488 3393 1559 operatione
3421 1503 3541 1559 pec-

1950 1578 2184 1642 caverit,
2213 1579 2391 1634 minus
2418 1580 2636 1649 punitur
2659 1598 2673 1634 :
2717 1596 2889 1650 neque
2914 1581 3059 1636 enim
3085 1581 3323 1636 omnium
3355 1596 3543 1651 pecca-

1953 1679 2125 1723 torum
2156 1685 2312 1738 pares
2338 1681 2461 1725 sunt
2488 1687 2681 1743 poenae.
2728 1672 2805 1727 Ne
2849 1689 2946 1728 nos
2986 1674 3131 1743 ipsos
3170 1673 3537 1743 decipianiiis:

1953 1777 2057 1815 non
2084 1772 2168 1817 est
2208 1763 2363 1819 nobis
2390 1765 2442 1818 in
2480 1780 2642 1819 causa
2680 1764 2961 1829 diabolus,
2998 1766 3043 1821 si
3085 1765 3406 1836 vigilemus:
3453 1765 3544 1819 ille

1953 1868 2049 1908 nos
2074 1854 2242 1923 magis
2266 1856 2637 1912 somnolentos
2664 1858 2883 1911 excitat.
2915 1858 3007 1912 Dic
3032 1858 3174 1912 enim
3203 1857 3334 1912 milii
3360 1858 3381 1928 (
3404 1858 3541 1914 intc-

1954 1944 2052 1997 rim
2099 1944 2212 2000 liiec
2238 1946 2610 2002 exaininemus
2632 1949 2649 2016 )
2674 1964 2687 2001 :
2717 1964 2825 2003 non
2851 1948 2961 2003 sint
2984 1947 3143 2016 ἴθι-ω,
3173 1963 3280 2003 non
3310 1949 3378 2003 sit
3402 1949 3544 2003 aeris

1952 2034 2294 2104 intemperies
2318 2076 2333 2102 ,
2368 2052 2473 2091 non
2499 2036 2717 2092 morbus
2741 2078 2757 2102 ,
2788 2053 2892 2091 non
2919 2038 3136 2093 dolores
3162 2080 3178 2102 ,
3208 2054 3313 2092 non
3341 2054 3540 2092 intrro-

1952 2140 2075 2189 res,
2106 2140 2204 2180 nec
2234 2126 2360 2197 quid
2400 2128 2617 2183 simile:
2667 2129 2758 2198 qui
2804 2144 2906 2183 non
2942 2129 3109 2184 factus
3153 2140 3297 2185 esset
3336 2130 3542 2184 homo?

1954 2217 2155 2272 Porcus
2181 2218 2351 2289 magis
2374 2235 2535 2290 quam
2564 2221 2724 2275 lionio
2743 2263 2758 2287 ,
2790 2232 2848 2275 ut
2876 2221 3085 2276 videtur
3111 2223 3239 2276 milii
3260 2261 3277 2288 ,
3322 2220 3538 2287 fuisset,

1949 2308 2086 2376 gulae
2116 2317 2169 2362 et
2209 2308 2457 2364 ebrietati
2496 2325 2557 2365 se
2598 2310 2802 2366 dedens
2827 2354 2841 2375 ,
2883 2321 2935 2366 et
2976 2327 3005 2366 a
3050 2313 3197 2367 nullo
3237 2328 3422 2368 eorum
3462 2313 3540 2367 iu-

1952 2399 2359 2456 terturbaretur.
2385 2400 2536 2457 Nunc
2578 2418 2706 2457 vero
2745 2420 2889 2459 cur.e
2917 2414 2971 2459 et
3011 2404 3417 2470 sollicitudines,
3440 2421 3535 2476 gy-

1950 2491 2217 2546 mnasium
2257 2500 2312 2546 et
2350 2492 2533 2547 scliola
2560 2492 2913 2563 pliilosopliire
2942 2505 3068 2549 sunt
3099 2496 3213 2562 illi,
3252 2505 3412 2566 atque
3454 2495 3539 2549 iii-

1949 2580 2159 2634 stitutio
2182 2581 2404 2651 Optima.
2426 2582 2538 2638 Hoc
2567 2583 2691 2638 item
2720 2585 2993 2653 perpende
3018 2603 3030 2638 :
3059 2585 3318 2640 educetur
3341 2586 3461 2655 quis
3488 2586 3539 2639 iu

1949 2673 2094 2743 regia
2122 2672 2239 2729 sine
2274 2673 2462 2730 dolore
2497 2690 2598 2731 nec
2634 2691 2762 2731 cura
2801 2676 2884 2732 vel
2930 2676 3289 2734 sollicitudine
3311 2718 3326 2743 ,
3368 2693 3541 2746 neque

1950 2763 2044 2818 ira:
2087 2764 2171 2819 vel
2218 2764 2495 2820 infortunii
2537 2767 2880 2821 occasionem
2925 2765 3159 2835 habeat,
3210 2767 3305 2822 sed
3358 2769 3536 2822 omnia

1948 2869 2065 2925 qua:
2086 2855 2453 2922 concupiverit
2473 2855 2633 2911 faciat
2669 2866 2724 2911 et
2762 2867 3101 2927 asseqiiatur,
3123 2872 3417 2927 omnesque
3444 2859 3539 2913 ha-

1955 2949 2079 3003 beat
2102 2948 2203 3004 sibi
2233 2949 2635 3019 obsequentes:
2680 2965 2860 3004 annon
2887 2950 3012 3005 talis
3051 2949 3216 3005 homo
3241 2953 3385 3005 omni
3425 2952 3535 3006 fera

1952 3041 2369 3097 irrationabilior
2397 3042 2533 3097 fiet?

2021 3139 2382 3193 Calamitatum
2408 3138 2620 3193 utilitas.
2638 3168 2710 3180 ——
2726 3138 2877 3193 Nunc
2903 3153 3031 3194 vero
3055 3138 3191 3192 sicut
3219 3153 3313 3193 eos
3338 3152 3537 3193 acuens

1951 3242 2050 3284 nos
2079 3237 2207 3283 sunt
2244 3229 2614 3283 calamitates:
2664 3228 2786 3283 ideo
2816 3243 3077 3299 pauperes
3114 3229 3368 3283 divitibus
3412 3238 3538 3284 sunt

1951 3331 2007 3375 ut
2055 3321 2345 3391 plurimum
2392 3320 2786 3389 sapientiores,
2836 3329 3023 3392 utpote
3065 3321 3245 3375 multis
3290 3321 3537 3375 fluctibus

1950 3414 2123 3469 vexati
2155 3423 2207 3470 et
2247 3414 2545 3470 exercitati.
2588 3412 2721 3468 Nam
2760 3428 2957 3484 corpus
2984 3415 3216 3469 otiosum
3247 3422 3301 3469 et
3340 3415 3535 3468 immo-

1951 3515 2062 3560 tum
2087 3547 2103 3572 ,
2133 3506 2336 3561 morbis
2362 3506 2653 3561 obnoxium
2680 3514 2765 3560 est
2792 3514 2847 3559 et
2874 3506 3113 3561 deforme
3138 3522 3153 3571 ;
3185 3505 3326 3576 quod
3358 3515 3535 3560 autem

1951 3606 2203 3653 movetur
2245 3606 2299 3652 et
2342 3595 2553 3651 laborat
2592 3594 2988 3667 amigiturqne,
3031 3596 3315 3651 formosius
3358 3606 3442 3651 est
3483 3606 3549 3651 et.

1950 3691 2172 3746 sanius:
2210 3689 2311 3745 lioc
2337 3690 2497 3744 etiam
2530 3690 2582 3744 in
2619 3691 2797 3744 anima
2830 3690 3066 3759 reperire
3095 3701 3197 3745 est.
3243 3689 3308 3744 Et
3340 3690 3538 3745 ferrum

1951 3784 1995 3836 si
2022 3782 2224 3851 jaceat,
2254 3780 2554 3850 rubiginem
2581 3781 2851 3836 contrahit
2878 3796 2893 3842 ;
2924 3781 2968 3835 si
2997 3790 3312 3835 exerceatur
3338 3790 3538 3842 autem,

1952 3873 2240 3943 splendet:
2288 3871 2643 3941 similiterque
2673 3872 2850 3926 anima
2890 3888 3011 3942 quae
3052 3881 3329 3936 movetur;
3375 3873 3541 3926 uiotio

1951 3972 2128 4019 autem
2168 3963 2359 4017 animae
2399 3971 2523 4017 sunt
2564 3962 2941 4017 calamitates:
2979 3972 3230 4033 artesque
3275 3975 3538 4032 peremit.

1954 4057 1998 4111 si
2042 4071 2148 4109 non
2181 4062 2465 4108 moveatur
2504 4053 2717 4117 anima;
2749 4065 2999 4108 movetur
3028 4061 3207 4108 autem
3234 4093 3249 4118 ,
3280 4067 3401 4106 cum
3434 4068 3539 4106 non

1953 4146 2132 4201 omnia
2165 4145 2320 4215 plana
2360 4152 2523 4199 sunt:
2556 4151 2801 4198 movetur
2830 4143 2972 4198 enim
3016 4157 3046 4196 a
3086 4142 3389 4197 contrariis.
3430 4142 3540 4197 Nisi

1954 4238 2220 4293 contraria
2242 4237 2370 4300 sint,
2400 4236 2532 4291 niliil
2550 4242 2636 4290 est
2658 4233 2801 4305 quod
2825 4243 3072 4288 moveat:
3101 4234 3329 4302 exempli
3358 4248 3540 4294 causa.

1956 4333 2001 4387 si
2032 4332 2212 4386 omnia
2253 4339 2437 4385 essent
2464 4328 2686 4398 pulchre
2714 4327 2849 4383 facta
2876 4369 2889 4386 .
2920 4342 3024 4381 non
3056 4327 3318 4381 inveniret
3356 4342 3450 4382 ars
3494 4330 3543 4381 in

1957 4440 2062 4494 quo
2092 4431 2416 4477 moveretur.
2448 4420 2538 4475 Sic
2569 4420 2651 4489 (a)
2682 4418 2749 4492 [si
2786 4419 2962 4472 omnia
2990 4428 3167 4472 essent
3200 4418 3356 4473 nobis
3394 4417 3544 4486 juxta

1958 4516 2286 4569 voluntatem
2318 4522 2577 4576 nostram,
2608 4527 2713 4565 non
2744 4509 3010 4565 inveniret
3038 4511 3236 4575 anima,
3262 4508 3403 4564 unde
3434 4526 3549 4564 mo-

1960 4617 2175 4663 veretur
2206 4606 2264 4679 :]
2293 4605 2338 4660 si
2370 4605 2566 4674 ubique
2596 4613 2918 4673 gestaretur,
2967 4604 3170 4671 ingrata
3212 4612 3378 4659 esset.
3430 4604 3546 4657 Non

1962 4698 2112 4753 vides
2136 4711 2235 4751 nos
2264 4696 2499 4751 nutrices
2522 4694 2713 4763 jubere
2744 4710 2849 4748 non
2877 4708 3091 4762 semper
3117 4694 3346 4747 infantes
3373 4705 3552 4762 gesta-

1963 4805 2042 4854 re,
2075 4804 2142 4844 ne
2173 4788 2224 4841 in
2259 4788 2395 4841 lianc
2438 4785 2882 4840 consuetudinem
2931 4783 3227 4843 deducant,
3270 4798 3405 4836 neve
3450 4784 3542 4835 im-

1966 4878 2187 4934 becilles
2219 4877 2387 4930 fiant?
2418 4875 2541 4930 Ideo
2566 4874 2657 4944 qui
2698 4874 2751 4927 in
2791 4882 3079 4940 conspectu
3110 4881 3384 4940 parentum
3413 4871 3537 4924 edu-

1964 4978 2186 5033 cantur,
2228 4966 2550 5023 inlirmiores
2579 4971 2743 5027 sunt,
2790 4978 2856 5019 eo
2897 4961 3038 5032 quod
3086 4960 3455 5029 intempestiva
3495 4973 3553 5017 et

1967 5059 2316 5114 immoderata
2365 5072 2493 5111 cura
2542 5056 2751 5110 illorum
2800 5052 3160 5108 valetudinem
3214 5052 3543 5122 pessuiiidei.

1968 5151 2147 5206 Bonus
2175 5159 2256 5205 est
2283 5149 2439 5204 dolor
2480 5146 2790 5203 moderatus
2814 5186 2830 5210 .
2874 5145 3012 5199 bona
3037 5159 3162 5199 cura
3189 5185 3205 5211 ,
3247 5145 3381 5199 bona
3431 5148 3553 5200 talis

1968 5249 2216 5313 egestas:
2264 5240 2429 5294 fortes
2454 5238 2597 5293 enim
2631 5250 2727 5290 nos
2753 5236 2981 5290 reddunt
3011 5251 3131 5305 qua:
3168 5237 3303 5291 bona
3336 5246 3390 5291 et
3427 5253 3554 5292 con-

1973 5331 2132 5387 traria
2163 5339 2325 5393 sunt;
2360 5329 2455 5384 sed
2492 5344 2677 5383 eorum
2710 5328 2917 5398 singula
2948 5328 2992 5383 si
3021 5328 3367 5384 immoderata
3408 5332 3515 5384 sint
3541 5373 3553 5391 ,

1973 5422 2238 5493 perdunt,
2284 5420 2533 5490 aliudque
2576 5420 2819 5485 emollit,
2862 5420 3006 5476 aliud
3053 5420 3326 5491 dirumpit.
3370 5421 3555 5475 Nonne

1973 5517 2120 5571 vides
2148 5514 2420 5570 Christum
2450 5513 2743 5586 discipulos
2768 5528 2894 5569 suos
2922 5514 3001 5570 sic
3030 5514 3308 5571 instituere
3332 5515 3355 5567 τ
3397 5513 3454 5567 Si
3484 5514 3552 5564 llll

2038 5658 2109 5717 (a)
2128 5665 2241 5715 Quae
2266 5657 2395 5718 inter
2418 5657 2624 5718 uncinos
2641 5652 2947 5718 clauduntur,
2962 5668 3056 5705 non
3069 5652 3300 5718 leguntur
3312 5651 3359 5698 in
3373 5645 3552 5705 statim,

1970 5714 2183 5779 suntque
2206 5716 2429 5782 suppleta
2455 5733 2484 5769 e
2506 5717 2651 5768 Codd.
2680 5724 2731 5767 et
2748 5714 2889 5766 savii.
