3920 6224
460 249 563 302 379

463 363 546 416 his
575 362 824 433 egebant,
857 362 1026 416 multo
1053 363 1219 430 magis
1250 378 1365 418 uos.
1396 361 1450 418 Si
1479 379 1577 418 nos
1607 379 1842 434 egemus,
1875 379 1939 418 ne
1967 364 2047 417 iu-

462 453 779 523 dignemur,
825 453 920 507 sed
967 451 1291 522 gaudeamus
1340 453 1392 508 iu
1437 455 1904 510 tribulationibus:
1951 454 2048 508 illl-

461 543 694 612 jusmodi
745 558 973 613 namque
1003 544 1288 613 pharmaca
1330 554 1459 599 sunt
1505 546 1700 600 nostris
1742 544 2076 600 vulneribus

463 636 812 705 congruentia
839 675 853 698 ,
884 635 986 688 alia
1013 635 1224 704 quidem
1256 651 1466 698 amara,
1501 637 1603 690 alia
1640 651 1768 692 vero
1807 637 1994 692 hianda
2030 651 2044 688 :

470 731 755 789 utrumque
794 733 972 779 autem
1018 725 1263 792 illm-um,
1309 727 1355 782 si
1396 727 1570 782 solum
1610 726 1813 794 fuerit,
1864 729 2050 784 inutile

463 825 566 868 est.
613 813 849 870 Gratiam
898 831 1023 885 ergo
1064 818 1173 871 Deo
1206 817 1495 873 habeamus
1538 819 1605 874 de
1645 819 1725 874 his
1757 820 2045 875 omnibus:

465 920 568 959 non
598 908 739 960 enim
771 907 886 962 sine
916 923 1074 963 causa
1105 907 1220 963 inec
1244 910 1369 964 sinit
1398 909 1664 978 accidere,
1693 911 1784 966 sed
1814 911 1879 965 ad
1910 911 2052 966 utili-

467 1007 628 1052 tatem
674 998 970 1053 animarum
1013 1009 1333 1055 nostrarum.
1382 1002 1603 1057 Gratum
1649 1019 1774 1072 ergo
1810 1004 2048 1058 animum

475 1137 738 1147 m-

836 1140 1050 1148 ..οη-η...

2301 87 2326 112 ’t

1213 247 1268 303 S.
1309 247 1585 306 JOANNIS
1621 249 2094 309 CllRYSOSTOlli
2123 252 2434 314 ARtIlllEP.
2475 259 3006 319 CONSTANTINOP.
3588 285 3670 339 330

2155 367 2489 437 exhibentes,
2517 375 2716 444 gratias
2742 391 2982 446 agamus,
3011 378 3372 449 glorilicemus,
3401 385 3582 446 fortiter
3607 411 3676 449 re.

2157 460 2408 554 sistamus
2428 504 2445 531 ,
2481 474 2876 535 Iemporaueam
2903 483 3088 524 eorum
3121 473 3364 530 rationem
3393 482 3644 551 cogitantes
3663 529 3676 554 ,

2159 560 2213 606 et
2241 552 2304 606 ad
2334 553 2503 608 futura
2529 567 2757 611 mentem
2789 568 3026 614 nostram
3055 564 3405 635 extendentes,
3427 582 3477 625 ut
3501 583 3544 626 et
3566 552 3678 643 pne;

2158 645 2334 698 sentia
2366 645 2577 701 fortiter
2606 647 2839 703 feramus
2861 693 2875 715 ,
2907 662 2962 705 et
2995 651 3162 706 futura
3192 654 3321 710 bona
3347 665 3572 731 consequi
3611 666 3677 719 di-

2157 750 2404 804 gnemur,
2437 740 2604 808 gratia
2636 749 2688 793 et
2717 743 3041 812 benignitate
3069 744 3324 816 Uuigeuiti
3353 749 3478 818 ejus,
3505 756 3681 823 quicum

2160 828 2303 884 Patri
2341 839 2396 886 et
2436 831 2657 902 Spiritui
2694 845 2882 890 sancto
2907 837 3075 907 gloria
3101 880 3116 903 ,
3163 841 3427 910 imperimu
3452 887 3466 910 ,
3508 847 3678 916 honor,

2161 936 2301 978 nunc
2329 932 2381 977 et
2410 938 2646 994 semper,
2675 935 2728 980 et
2761 925 2810 980 iu
2840 928 3032 982 saecula
3062 930 3385 988 szcculorum.
3419 941 3588 991 Amen.

1852 1218 2199 1281 HOMILIA
2241 1217 2370 1280 LV.

462 1363 589 1421 Car.
621 1367 707 1422 28.
737 1383 786 1421 ν.
821 1369 904 1423 l7.
942 1369 1064 1423 Post
1093 1380 1192 1424 tres
1213 1381 1378 1425 autem
1399 1372 1508 1426 dies
1533 1370 1818 1424 convocavit
1854 1368 2048 1423 Paulus

536 1460 726 1528 primos
742 1459 1058 1517 Judworum.
1086 1461 1310 1531 Cumque
1335 1463 1698 1524 convenissent,
1723 1462 1918 1514 diccbat
1938 1461 2009 1514 eis
2030 1475 2050 1514 :

545 1550 652 1606 Viri
678 1553 889 1620 fratres,
923 1569 1014 1623 ego
1043 1569 1156 1607 cum
1185 1553 1314 1606 nihil
1341 1554 1654 1606 contrarium
1685 1553 1911 1620 fecissem
1940 1567 2049 1620 po—

537 1644 656 1712 pula
685 1645 760 1698 vel
786 1644 963 1714 patriis
989 1644 1229 1706 moribus,
1260 1644 1453 1696 vinctus
1492 1643 1555 1696 ab
1581 1643 1912 1713 .Ierosolyinis
1940 1651 2047 1694 tra-

536 1736 674 1789 ditus
699 1752 812 1790 sum
841 1736 893 1790 in
921 1752 1098 1790 manus
1122 1735 1465 1790 Romanorum
1493 1751 1514 1789 :
1540 1737 1626 1790 18.
1652 1735 1866 1805 quicum
1895 1735 2048 1786 inter-

533 1828 846 1893 rogationem
871 1827 1031 1880 deme
1059 1827 1366 1890 habuissent,
1396 1826 1624 1879 volebant
1659 1843 1736 1878 me
1761 1826 2010 1877 dimittere
2027 1865 2042 1887 ,

536 1932 594 1968 eo
628 1916 764 1984 quod
783 1919 934 1970 nulla
958 1929 1086 1971 esset
1121 1935 1274 1972 causa
1301 1919 1476 1972 mortis
1505 1919 1556 1971 in
1585 1934 1680 1970 me.
1709 1916 1794 1972 l9.
1829 1915 2044 1970 Contra-

535 2011 810 2063 dicentibus
834 2019 1000 2064 autent
1029 2011 1246 2074 Juda'is,
1279 2021 1483 2064 coactus
1510 2027 1622 2064 sum
1652 2011 1912 2080 appellare
1937 2009 2046 2062 C(8-

536 2118 700 2154 sarem
732 2117 749 2156 :
776 2119 876 2156 non
905 2104 1052 2172 quasi
1089 2104 1297 2156 habeant
1331 2102 1393 2156 de
1421 2119 1521 2173 quo
1549 2111 1745 2171 gentem
1776 2117 1935 2154 meam
1964 2115 2051 2152 ac-

538 2209 727 2247 cusem.
757 2193 847 2247 20.
885 2192 1102 2262 Propter
1128 2195 1258 2248 lianc
1280 2210 1397 2265 ergo
1429 2210 1635 2247 causam
1665 2192 1902 2246 advocavi
1926 2208 2012 2244 vos
2030 2231 2047 2257 ,

537 2295 593 2337 ut
624 2285 839 2338 viderem
869 2295 916 2339 et
942 2285 1228 2355 alloquerer
1259 2301 1279 2339 :
1300 2295 1504 2356 propter
1522 2301 1663 2354 spem
1685 2285 1816 2338 enim
1841 2282 2050 2336 lsraelis

537 2384 713 2427 catena
733 2376 829 2429 hac
857 2376 1198 2430 circumdatus
1224 2392 1357 2429 sum.

538 2469 592 2519 1.
637 2465 747 2520 lloc
776 2465 912 2519 bene
934 2475 987 2520 ct
1013 2475 1372 2535 congruenter
1393 2466 1531 2536 agit,
1567 2481 1688 2520 cum
1720 2467 1927 2534 primos
1951 2464 2050 2518 Ju-

466 2557 707 2611 datorum
737 2556 801 2611 ad
829 2557 1152 2627 colloquium
1183 2566 1466 2612 convocat.
1492 2556 1714 2611 Volebat
1742 2556 1883 2610 enim
1909 2564 1964 2609 et
1992 2569 2051 2609 se

470 2661 525 2706 et
545 2651 678 2704 alios
699 2666 725 2702 a
755 2650 979 2704 crimine
1010 2650 1237 2704 liberare
1270 2667 1285 2705 :
1311 2664 1386 2713 se,
1412 2663 1477 2703 ne
1501 2656 1841 2704 accusaretur
1857 2647 1924 2702 ab
1948 2648 2048 2714 eis,

467 2751 520 2795 et
541 2743 641 2796 hoc
659 2741 1030 2804 illisnneeret;
1061 2741 1179 2795 illos
1207 2756 1356 2804 vero,
1376 2755 1442 2794 ue
1466 2749 1632 2794 totum
1653 2740 1887 2808 ipsorum
1904 2737 2052 2791 vide-

469 2842 614 2886 retur
640 2846 779 2886 esse.
804 2830 1108 2886 Verisimile
1135 2832 1278 2886 enim
1309 2841 1390 2885 est
1420 2830 1789 2900 percrebuisse
1821 2828 2012 2883 famam
2032 2867 2048 2894 ,

469 2923 642 2992 ipsum
674 2937 702 2975 a
733 2922 930 2976 Judaeis
957 2922 1210 2976 traditum
1237 2921 1441 2984 fuisse;
1477 2921 1634 2990 idque
1663 2920 1959 2975 sufficiebat
1985 2920 2049 2974 ad

469 3016 780 3071 terrentium
803 3016 944 3070 illos.
967 3014 1156 3070 Statim
1183 3029 1315 3084 ergo
1345 3014 1468 3069 huic
1504 3015 1580 3069 rei
1610 3015 1861 3079 occurrit,
1890 3022 1944 3068 et
1972 3013 2051 3067 sic

465 3107 701 3176 seipsnm
730 3116 1007 3161 mansuete
1037 3105 1292 3161 defendit.
1321 3106 1449 3160 Vide
1474 3121 1633 3175 porro
1662 3104 1929 3176 quomodo
1958 3105 2052 3159 deo

467 3199 764 3256 fensionem
794 3215 943 3254 suam
972 3208 1134 3264 texat,
1175 3199 1361 3253 dicens
1388 3217 1400 3250 :
1439 3197 1547 3251 Viri
1587 3201 1785 3268 fratres,
1817 3213 1909 3266 ego
1935 3213 2050 3250 cum

468 3293 598 3347 nihil
641 3294 952 3346 contrarium
992 3293 1218 3364 fecissem
1262 3293 1451 3363 papula
1481 3291 1556 3344 vel
1585 3292 1762 3361 patriis
1790 3289 2043 3355 moribus,

465 3386 658 3438 vinctus
684 3400 750 3438 ex
769 3383 1108 3454 Jerosolgmis
1134 3383 1350 3436 traditus
1373 3399 1485 3435 sum
1506 3383 1560 3434 in
1587 3397 1762 3433 manus
1792 3378 2049 3433 Iiontanc—

463 3493 598 3530 rum.
632 3477 828 3530 Deinde
855 3478 975 3546 quia
1008 3474 1294 3529 verisimile
1324 3482 1439 3527 erat
1468 3472 1672 3542 aliquos
1695 3487 1758 3525 ex
1790 3471 2047 3524 auditori-

466 3567 566 3622 bus
603 3567 837 3620 dicturos
874 3581 993 3621 esse
1027 3585 1038 3618 :
1068 3564 1346 3633 Quomodo
1376 3562 1625 3618 credatur
1653 3573 1706 3617 te
1741 3563 1858 3617 sine
1886 3577 2046 3616 causa

467 3657 714 3712 traditum
751 3658 951 3712 fuisse?
976 3657 1178 3711 addidit
1209 3673 1221 3709 :
1257 3656 1358 3722 Qui
1383 3671 1496 3707 cum
1524 3655 1959 3724 interrogationem
1986 3654 2049 3706 de

466 3765 547 3802 me
577 3749 884 3814 habuissent,
909 3749 1172 3802 voluerunt
1202 3763 1279 3800 ine
1304 3746 1596 3810 dimittere;
1634 3761 1696 3800 ac
1725 3747 1768 3800 si
1799 3747 2002 3800 diceret
2029 3762 2043 3798 :

465 3842 750 3896 Testantur
773 3842 1130 3896 Romanorum
1165 3842 1451 3910 principes,
1481 3841 1568 3910 qui
1597 3851 1648 3895 et
1676 3841 2048 3896 examinarqu

466 3947 554 3985 tne
576 3942 628 3986 et
652 3934 932 3987 voluerunt
966 3933 1254 3986 dimittere.
1282 3933 1563 4000 Quomodo
1590 3948 1721 4001 ergo
1747 3949 1851 3986 non
1883 3931 2044 3985 dimi-

463 4025 688 4078 serunt?
715 4023 1182 4079 Coutrarlicentibus
1207 4024 1424 4088 Iudicis,
1455 4024 1642 4094 inquit.
1681 4024 1866 4078 Viden’
1908 4039 2044 4090 quo-

465 4117 624 4170 modo
647 4117 855 4171 illorum
879 4118 1100 4171 crimina
1125 4116 1346 4170 minuit?
1372 4116 1427 4170 Si
1452 4117 1592 4170 enim
1623 4131 1819 4184 augere
1847 4115 2046 4169 voluis-

461 4217 562 4271 Sel,
584 4217 789 4276 poterat
807 4209 1171 4264 vehementius
1187 4223 1426 4276 carpere.
1444 4206 1671 4275 Ideoque
1682 4208 1758 4260 sic
1775 4207 2041 4276 loquutus,

461 4301 696 4356 siibdidit
731 4318 744 4353 :
779 4301 994 4354 Coactus
1020 4318 1134 4354 sum
1160 4300 1420 4369 appellare
1446 4297 1713 4353 Cwsarem.
1767 4298 1946 4368 itaque
1976 4299 2042 4353 ad

464 4391 673 4445 veniam
727 4392 903 4442 omnia
952 4398 1212 4458 spectant.
1275 4388 1474 4443 Deinde
1519 4405 1584 4443 ue
1631 4391 1751 4457 quis
1800 4390 2038 4445 diceret:

461 4475 597 4542 Quid
633 4475 808 4542 igitur,
857 4489 924 4527 an
956 4484 1010 4526 ut
1039 4487 1133 4528 eos
1168 4487 1408 4540 accuses,
1449 4475 1564 4528 huic
1597 4472 1809 4534 fecisti?
1839 4475 1942 4529 Per
1978 4490 2040 4530 ea

461 4581 581 4633 qua:
606 4562 774 4630 addit,
806 4563 907 4618 hoc
940 4563 1177 4633 eorrigit,
1209 4561 1393 4618 dicens
1420 4580 1434 4616 :
1465 4561 1585 4618 Non
1630 4566 1775 4632 quasi
1806 4565 2038 4630 habeam,

464 4657 527 4711 de
553 4672 650 4727 quo
674 4664 872 4728 gentem
898 4671 1059 4710 meam
1087 4671 1312 4709 accusem
1332 4669 1353 4719 ;
1377 4655 1472 4708 sed
1503 4665 1559 4709 ut
1589 4657 1879 4724 periculum
1905 4657 2042 4711 ellu-

459 4766 661 4822 gerem.
718 4750 948 4822 Propter
989 4764 1085 4805 vos
1119 4751 1262 4806 enim
1310 4749 1408 4804 hac
1448 4763 1632 4805 catena
1681 4749 2040 4805 circumdatus

460 4857 600 4898 sum.
633 4840 860 4898 Tantum
900 4842 1072 4908 abest,
1111 4842 1301 4912 inquit,
1334 4853 1393 4897 ut
1421 4843 1637 4897 inimico
1661 4857 1786 4912 erga
1813 4857 1911 4897 vos
1936 4843 2036 4897 sim

458 4935 660 5000 animo,
689 4945 747 4989 ut
769 4933 869 4990 hae
897 4944 1084 4989 catena
1109 4933 1467 4989 circumdatus
1485 4933 1758 5002 sim.Quid
1785 4949 1912 5006 ergo
1929 4934 2041 4989 illi?

459 5023 720 5081 Sermone
758 5027 874 5094 ejus
913 5027 984 5081 ita
1027 5027 1167 5096 capti
1211 5034 1354 5092 sunt,
1388 5034 1446 5080 ut
1472 5041 1578 5080 non
1607 5027 1780 5083 Solum
1813 5043 1909 5096 pro
1943 5041 2034 5090 se,

459 5116 554 5169 sed
583 5118 740 5170 etiam
769 5133 867 5187 pro
895 5120 1136 5188 cognatis
1178 5119 1291 5174 suis
1333 5119 1701 5175 defensionem
1745 5129 1992 5190 pararent
2020 5137 2034 5174 :

457 5206 598 5273 quod
623 5206 901 5262 declarans
922 5209 998 5263 sic
1023 5211 1194 5278 pergit
1222 5227 1235 5262 :
1265 5227 1284 5260 ε
1308 5209 1387 5264 illi
1410 5225 1536 5266 vero
1565 5211 1814 5266 dixerunt
1833 5210 1883 5265 ei
1907 5227 1919 5262 :
1939 5209 2032 5264 2|.

460 5295 566 5349 Nos
608 5311 780 5364 neque
815 5298 999 5351 literas
1043 5299 1112 5353 de
1141 5309 1191 5353 te
1229 5301 1532 5370 accepimus
1559 5316 1587 5355 a
1615 5301 1816 5367 Judaza,
1863 5316 2036 5371 neque

455 5385 750 5440 adveniens
789 5387 980 5449 aliquis
1015 5388 1234 5442 fratrum
1263 5393 1522 5445 nuntiavit
1556 5401 1648 5446 aut
1677 5393 1922 5462 loquutus
1950 5399 2035 5447 est

455 5475 655 5548 aliquid
687 5476 756 5532 de
803 5485 853 5531 te
891 5477 1037 5531 mali.
1085 5477 1174 5531 22.
1219 5478 1486 5548 Rogamus
1518 5491 1693 5535 autem
1721 5497 1750 5535 a
1779 5493 1831 5536 te
1849 5482 2034 5536 audire

453 5586 572 5641 qua:
601 5571 766 5624 sentis
799 5587 812 5623 :
846 5584 966 5624 nam
991 5570 1058 5625 de
1079 5581 1226 5627 secta
1249 5574 1347 5628 hac
1373 5584 1554 5629 notum
1581 5585 1661 5629 est
1692 5575 1866 5640 nobis,
1889 5573 2030 5645 quod

455 5663 647 5734 ubique
672 5663 720 5718 ei
743 5662 1142 5719 contradicitur.
1175 5683 1194 5714 ι
1240 5666 1313 5718 Ae
1338 5666 1382 5719 si
1397 5665 1647 5720 dicerent
1681 5683 1697 5722 :
1725 5665 1908 5736 Neque
1937 5679 2030 5735 per

2158 1367 2359 1433 literas,
2391 1383 2563 1437 neque
2591 1383 2686 1438 per
2717 1367 2961 1424 homines
2995 1370 3358 1440 signiﬁcaram
3382 1374 3561 1443 aliquid
3587 1373 3688 1432 mali

2155 1457 2222 1512 de
2249 1467 2299 1513 te
2328 1477 2340 1513 :
2375 1467 2609 1513 attamen
2641 1469 2744 1514 ate
2771 1460 2956 1516 audire
2983 1463 3247 1517 volumus.
3280 1464 3368 1519 Sic
3399 1481 3692 1537 pratoccupa-

2156 1559 2281 1605 ruut
2323 1552 2641 1606 sententiam
2682 1553 2957 1610 declarare
3000 1571 3170 1621 suam,
3206 1567 3258 1611 et
3286 1558 3465 1612 aiunt:
3492 1558 3614 1613 Nam
3645 1563 3694 1614 de

2155 1653 2289 1695 secta
2314 1643 2408 1694 hac
2441 1652 2615 1695 notum
2656 1653 2728 1698 est
2775 1643 2936 1708 nobis,
2978 1645 3116 1713 quod
3167 1647 3344 1717 ubique
3387 1649 3432 1702 ei
3469 1652 3691 1703 contradi-

2155 1734 2306 1788 citur.
2362 1733 2474 1788 Non
2527 1734 2735 1801 dicunt,
2792 1735 3252 1805 Contradicimus;
3303 1739 3414 1805 sed,
3457 1741 3691 1795 Contradi-

2155 1823 2319 1889 citur,
2364 1834 2418 1880 et
2465 1840 2523 1879 se
2571 1826 2640 1880 ab
2683 1829 3020 1884 accusatione
3069 1830 3368 1886 absolvunt.
3403 1852 3420 1885 t
3464 1833 3545 1888 23.
3586 1833 3692 1888 Cum

2155 1915 2559 1970 constituissent
2585 1927 2763 1972 autem
2795 1920 2840 1972 ei
2878 1919 3042 1984 diem,
3093 1933 3359 1978 venerunt
3398 1923 3461 1978 ad
3507 1939 3613 1978 eum
3653 1925 3693 1976 iu

2159 2005 2443 2076 hospitium
2479 2008 2686 2077 plurimi
2718 2027 2731 2061 :
2760 2011 2950 2078 quibus
2992 2015 3299 2080 espouehat
3336 2015 3602 2068 testilicaus
3625 2031 3695 2067 rc-

2156 2112 2316 2167 gnum
2349 2097 2438 2152 Dei
2459 2139 2474 2160 ,
2516 2099 2853 2171 suadenSque
2883 2101 2961 2156 eis
2987 2102 3053 2157 de
3079 2103 3210 2157 Jesu
3237 2120 3300 2158 ex
3334 2104 3503 2176 Moyse
3529 2114 3575 2159 et
3601 2120 3698 2172 pro-

2157 2188 2353 2258 phetis,
2378 2204 2405 2240 a
2431 2205 2586 2245 mane
2611 2206 2778 2260 usque
2806 2191 2870 2245 ad
2899 2207 3206 2262 vesperam.
3227 2194 3316 2250 24.
3339 2197 3400 2249 Et
3419 2196 3498 2249 alii
3521 2195 3695 2264 quidem

2156 2278 2447 2334 credebant
2479 2281 2562 2346 iis,
2593 2297 2712 2351 qttze
2738 2282 3075 2347 dicebantur,
3125 2285 3220 2338 alii
3261 2301 3386 2339 vero
3429 2302 3524 2338 non
3547 2285 3698 2338 crede

2159 2368 2304 2424 bant.
2338 2389 2356 2422 ι
2395 2369 2581 2425 Viden’
2607 2388 2766 2441 quom
2793 2372 2875 2427 nlo
2904 2388 3007 2428 non
3050 2376 3237 2429 statim
3286 2376 3571 2444 reSpondit,
3617 2374 3694 2426 sed

2156 2461 2300 2516 dietn
2332 2463 2436 2517 illis
2456 2463 2706 2518 audiendi
2737 2467 3014 2521 constituit
3047 2484 3060 2520 :
3094 2485 3222 2522 cum
3250 2480 3424 2524 autem
3446 2469 3696 2528 venissent,

2156 2551 2458 2608 disserebat
2497 2570 2526 2608 a
2571 2555 2685 2625 iege
2731 2555 2927 2627 hloysis
2983 2567 3037 2612 et
3078 2574 3106 2611 a
3153 2559 3428 2628 pi-Ophetis
3459 2576 3472 2612 :
3505 2577 3521 2609 α
3549 2558 3606 2612 Et
3627 2557 3698 2609 alii

2157 2645 2467 2712 credebant,
2500 2647 2587 2701 alii
2624 2663 2752 2702 vero
2797 2666 2900 2703 non
2929 2651 3246 2706 credebant.
3287 2652 3377 2707 22$.
3405 2651 3527 2706 Cum
3555 2660 3697 2704 autem

2160 2751 2265 2790 non
2315 2748 2497 2792 essent
2525 2741 2926 2794 consentientes
2953 2742 3096 2797 inter
3124 2759 3212 2809 se,
3257 2742 3598 2806 discedebant,
3636 2740 3702 2793 di-

2157 2835 2313 2883 cente
2361 2827 2528 2884 Paulo
2573 2847 2736 2884 unum
2777 2832 2998 2887 verbum
3033 2850 3046 2886 :
3081 2834 3233 2890 Bene
3272 2833 3492 2905 Spiritus
3523 2841 3700 2887 saucius

2160 2919 2408 2991 loquutus
2438 2933 2519 2976 est
2541 2939 2634 2992 per
2653 2923 2842 2978 Isaiam
2871 2928 3191 2996 prophetam
3219 2929 3287 2982 ad
3317 2936 3486 2998 patres
3508 2933 3702 2987 nostros,

2156 3011 2246 3066 26.
2293 3013 2478 3068 dicens
2528 3032 2541 3068 :
2598 3014 2738 3070 Vade
2779 3016 2846 3070 ad
2894 3019 3150 3088 populum
3199 3020 3381 3084 istum,
3424 3018 3577 3073 etdic
3600 3016 3701 3070 eis:

2157 3106 2301 3159 Aure
2325 3104 2574 3173 audietis,
2625 3119 2678 3161 et
2711 3124 2814 3162 non
2846 3107 3200 3179 intelligetis;
3246 3122 3301 3166 et
3327 3112 3556 3166 videntes
3583 3107 3705 3160 vide-

2157 3195 2300 3259 bitis,
2351 3206 2402 3251 et
2445 3213 2549 3251 non
2593 3200 2919 3268 percipietis.
2965 3201 3054 3255 27.
3088 3202 3450 3257 lncrassatum
3481 3209 3556 3254 est
3588 3197 3705 3251 enim

2156 3301 2251 3340 cor
2277 3287 2454 3356 populi
2486 3287 2666 3355 hujus,
2715 3301 2768 3343 et
2804 3291 3024 3346 auribus
3064 3293 3310 3360 graviter
3350 3292 3628 3349 audierunt,
3668 3295 3709 3337 ct

2155 3379 2341 3433 oculos
2365 3393 2492 3434 suos
2529 3393 2982 3450 compresserunt,
3032 3399 3097 3438 ne
3128 3385 3279 3439 forte
3300 3384 3507 3438 videant
3536 3378 3706 3435 oculis.

2155 3477 2209 3523 et
2252 3469 2469 3523 auribus
2508 3471 2745 3532 audiant,
2795 3481 2849 3525 et
2899 3473 3061 3527 corde
3093 3474 3420 3543 intelligant,
3449 3481 3498 3527 ct
3523 3483 3714 3526 conver-

2156 3566 2333 3613 tantur
2357 3567 2410 3614 et
2439 3575 2620 3615 sauem
2652 3577 2746 3615 eos
2771 3582 2791 3613 ι
2831 3561 2980 3632 (Isai.
3003 3564 3052 3618 6.
3081 3563 3112 3617 9
3133 3564 3315 3635 eth).
3344 3563 3474 3618 Cum
3505 3557 3709 3615 discede-

2154 3650 2282 3704 bant
2308 3649 2448 3705 inter
2473 3666 2531 3707 se
2567 3652 2976 3720 dissentientes,
3031 3664 3159 3709 tunc
3206 3655 3394 3709 Isaiam
3437 3653 3714 3723 prophetam

2153 3743 2331 3808 atlert,
2383 3759 2486 3798 nou
2532 3753 2592 3797 ut
2635 3745 2740 3799 illis
2781 3746 3136 3811 convicietur,
3190 3747 3288 3802 sed
3323 3757 3380 3800 ut
3415 3746 3510 3799 hos
3548 3747 3711 3795 lirmcl.

2152 3833 2288 3902 Quid
2319 3835 2393 3888 ait
2423 3834 2553 3889 ille?
2586 3836 2724 3889 Aure
2749 3837 2986 3901 audietis,
3011 3848 3058 3891 et
3085 3855 3190 3891 non
3215 3838 3526 3908 intelligetis.
3552 3830 3713 3887 Videu'

2152 3925 2420 3995 quomodo
2458 3926 2578 3979 illos
2612 3927 2756 3980 omni
2786 3928 2938 3982 venia
2969 3927 3224 3997 indignos
3269 3925 3540 3982 ostendit?
3575 3921 3714 3990 siqui-

2151 4017 2272 4072 dem
2304 4018 2616 4087 pr0phetam
2654 4018 2914 4073 habentes
2937 4019 3048 4088 jam
3076 4021 3211 4073 olim
3247 4019 3366 4074 ilTC
3398 4015 3714 4089 prteuuutiau-

2155 4117 2282 4173 tem,
2339 4125 2444 4164 non
2492 4111 2736 4165 Conversi
2789 4120 2929 4165 sunt.
2986 4111 3117 4166 Cum
3163 4122 3352 4166 autem
3399 4110 3541 4169 dicit,
3582 4105 3713 4165 Bene.

2151 4202 2386 4256 ostendit
2415 4203 2698 4272 iliosjuste
2737 4203 2940 4272 ejectos
2968 4203 3157 4258 fuisse.
3205 4207 3386 4274 Atque
3409 4203 3475 4257 ita
3497 4198 3716 4272 gentibus

2151 4293 2331 4348 datum
2373 4304 2474 4358 est,
2531 4303 2590 4349 ut
2640 4295 2741 4348 hoc
2785 4296 3099 4364 mysterium
3144 4304 3557 4367 cognoscerent.
3597 4287 3716 4345 Nihil

2150 4383 2345 4438 mirum
2376 4385 2528 4454 igitur
2557 4387 2598 4438 si
2627 4385 3064 4440 contradicebant
3092 4405 3106 4441 :
3139 4388 3248 4441 hoc
3281 4387 3392 4456 jam
3437 4384 3559 4439 olim
3603 4395 3716 4452 pne-

2148 4476 2346 4532 dictum
2372 4477 2561 4532 fuerat.
2589 4478 2787 4533 Deinde
2813 4480 2982 4534 zelum
3009 4495 3201 4533 eorum
3231 4485 3492 4550 provocat
3515 4492 3578 4532 ex
3604 4489 3716 4543 gen-

2150 4569 2313 4636 tibus,
2364 4571 2476 4625 hmc
2509 4571 2799 4641 sulijicieus
2831 4590 2844 4626 :
2883 4591 2902 4624 ι
2940 4572 3031 4627 28.
3066 4571 3271 4627 Notum
3323 4586 3453 4639 ergo
3479 4569 3544 4624 sit
3564 4565 3713 4623 vobis.

2149 4666 2396 4736 quoniam
2442 4664 2684 4734 gentibus
2731 4665 2950 4718 missum
2992 4663 3219 4718 esthoc
3261 4665 3502 4718 salutare
3531 4659 3635 4721 Dei,
3675 4665 3717 4708 et

2149 4755 2248 4824 ipsi
2285 4753 2524 4807 audient.
2571 4753 2662 4808 29.
2696 4753 2906 4808 Etcum
2946 4754 3060 4808 lure
3095 4752 3356 4817 dixisset,
3405 4751 3636 4806 exierunt
3661 4745 3715 4797 ah

2147 4859 2214 4899 eo
2234 4843 2428 4909 Judaei,
2462 4842 2680 4897 multam
2713 4843 2971 4898 habentes
3002 4844 3141 4898 inter
3165 4860 3228 4898 se
3257 4844 3622 4912 qua-stionem.
3643 4835 3718 4891 ao.

2145 4934 2336 4989 Mansit
2363 4943 2542 4988 autem
2576 4934 2790 4989 biennio
2813 4943 2924 4988 toto
2953 4935 3002 4987 in
3034 4949 3130 4989 suo
3163 4935 3462 4999 conducto,
3492 4942 3543 4985 et
3569 4927 3718 4984 susci-

2146 5027 2327 5097 piebat
2376 5041 2566 5081 omnes
2613 5028 2700 5096 qui
2751 5027 3190 5097 ingrediebantur
3216 5028 3286 5082 ad
3317 5043 3467 5092 eum,
3491 5026 3576 5081 5|.
3607 5037 3722 5093 prm-

2143 5120 2330 5174 dicans
2375 5135 2594 5188 regnum
2647 5120 2760 5184 Dei,
2809 5133 2860 5174 et
2899 5119 3097 5174 docens
3126 5135 3255 5189 qum
3288 5129 3416 5174 sunt
3441 5118 3508 5172 de
3534 5115 3720 5170 Christo

2142 5211 2269 5267 Jesu
2298 5227 2419 5266 cum
2444 5211 2588 5265 omni
2621 5211 2836 5277 ﬁducia,
2863 5212 3077 5266 nemine
3110 5211 3471 5281 prohibente.
3503 5231 3523 5264 ι
3551 5212 3718 5264 Amen.

2142 5302 2241 5357 llic
2269 5303 2500 5357 ostendit
2527 5303 2748 5358 demum
2789 5303 3090 5359 libertatem
3129 5321 3294 5359 suam
3329 5323 3346 5358 :
3383 5305 3561 5358 Roma:
3585 5311 3714 5353 name

2141 5409 2246 5462 que
2267 5393 2384 5448 sine
2413 5393 2794 5463 impedimento
2824 5396 3096 5464 praedicat,
3125 5397 3226 5467 qui
3261 5397 3319 5452 in
3349 5396 3531 5452 Judzea
3557 5386 3717 5463 prohi-

2141 5483 2283 5538 bitus
2313 5485 2502 5547 fuerat,
2527 5495 2582 5540 e:
2611 5487 2805 5540 mansit
2835 5486 3054 5542 biennio
3077 5487 3294 5543 docens
3325 5489 3455 5542 illic.

2210 5574 2264 5627 2.
2303 5573 2409 5630 Sed
2432 5575 2707 5644 superiora
2738 5587 3062 5646 repetamus.
3089 5575 3329 5647 Propter
3360 5577 3492 5630 hanc
3511 5584 3709 5630 causam.

2141 5667 2329 5737 inquit,
2360 5665 2598 5721 advocavi
2627 5683 2711 5722 vos
2750 5678 2803 5722 ut
2842 5669 3085 5732 viderem,-
3114 5667 3170 5719 id
3198 5679 3309 5733 est,
3342 5667 3461 5721 ideo
3498 5664 3545 5718 id
3569 5654 3708 5717 volui.
