4002 6224
293 383 388 441 $81
1241 376 1306 432 ΙΝ
1346 374 1522 432 ACTA
1563 368 1884 428 APOSTOU

1989 368 2082 425 Jlll.
2123 371 2353 430 IIOMIL.
2395 374 2503 431 LV.
3464 382 3573 440 τιΒὶ

294 514 362 554 ne
393 496 633 565 cuipiam
669 496 857 550 liceret
896 509 981 549 me
1018 508 1289 557 accusare,
1320 502 1373 545 et
1406 506 1523 561 qua!
1551 490 1603 544 in
1642 495 1874 543 mentem

293 589 543 644 venerint
573 588 761 643 dicere
791 604 805 640 :
832 587 952 655 quia
979 600 1168 639 manus
1189 600 1373 638 eorum
1394 582 1574 652 elfngi,
1607 591 1658 635 et
1685 580 1749 633 ad
1778 579 1878 633 hoc

292 679 435 733 veni.
491 677 607 734 Non
662 686 720 729 ut
756 676 879 729 aliis
915 675 1050 728 mala
1088 675 1359 738 inferrem,
1391 672 1484 726 sed
1516 681 1571 725 ut
1600 672 1712 740 ipse
1740 670 1876 722 mala

287 771 608 838 effugerem,
646 770 790 822 veni.
836 766 913 820 llli
961 783 1088 821 vero
1133 778 1399 836 reponunt
1432 782 1445 817 :
1483 765 1738 834 Rogamus
1773 780 1803 814 α
1834 772 1881 815 te

248 890 267 929 ρ
292 862 472 914 audire
509 876 625 929 qua?
664 860 837 914 sentis.
874 858 1003 913 Vide
1048 859 1169 912 illos
1213 858 1542 912 mansuetius
1574 858 1876 926 loquentes.

298 951 578 1021 Rogamus,
609 950 874 1018 inquiunt,
903 959 957 1003 ct
981 951 1163 1002 volunt
1187 950 1344 1003 etiam
1372 963 1466 1017 pro
1494 948 1597 1001 illis
1620 948 1878 1000 rationem

306 1044 520 1098 'eddere
565 1061 578 1097 :
625 1043 745 1097 ideo
790 1042 1076 1095 constituta
1122 1041 1209 1095 die
1251 1049 1535 1094 venerunt.
1596 1039 1709 1093 lloc
1752 1053 1880 1092 vero

293 1150 546 1204 magnum
592 1143 709 1188 erat
743 1141 1136 1200 argumentum,
1186 1130 1328 1201 quod
1353 1146 1411 1185 se
1441 1131 1540 1201 ipsi
1569 1129 1883 1184 damnarent.

291 1241 469 1293 neque
518 1223 617 1276 sibi
672 1222 916 1276 ﬁderent.
943 1221 1076 1276 Nam
1123 1223 1166 1276 si
1209 1221 1483 1287 fudissent,
1536 1222 1724 1275 saltem
1751 1235 1881 1274 con-

294 1317 594 1372 venissent.
625 1322 681 1367 ut
709 1314 880 1381 ipsum
913 1328 1095 1368 secum
1132 1313 1502 1377 attralterent;
1534 1326 1674 1367 nunc
1703 1321 1880 1366 autem

291 1420 414 1460 cum
458 1420 564 1458 non
616 1402 880 1468 fiderent,
946 1403 1080 1473 pigri
1133 1403 1350 1457 fuerunt
1398 1402 1463 1457 ad
1518 1402 1878 1457 veniendum:

292 1497 532 1567 alioquin
562 1510 689 1548 vero
716 1496 899 1559 etiam,
943 1494 1086 1562 quod
1132 1509 1279 1562 Stepe
1310 1494 1650 1558 tentavcrint,
1697 1502 1881 1547 osten-

293 1589 491 1643 derunt
524 1602 583 1640 se
607 1586 857 1640 fiduciam
890 1600 996 1638 non
1031 1584 1246 1638 habere.
1282 1583 1348 1636 Et
1386 1585 1476 1636 alii
1509 1584 1708 1652 quidem
1734 1582 1882 1637 dictis

294 1679 584 1742 credebant,
620 1677 810 1746 inquit,
838 1676 927 1729 alii
958 1691 1057 1728 non
1086 1674 1374 1739 credebant,
1410 1684 1458 1728 et
1496 1691 1609 1727 cum
1636 1692 1736 1728 non
1763 1691 1883 1727 cou-

293 1770 470 1823 oardes
511 1777 702 1832 essent,
732 1766 1093 1829 discedebant;
1139 1765 1189 1818 id
1217 1774 1319 1831 est,
1351 1780 1458 1818 non
1489 1764 1771 1819 credentes
1798 1781 1881 1819 re-

293 1860 579 1914 cedebant.
614 1857 749 1911 Vide
774 1855 1043 1925 quomodo
1090 1870 1231 1909 nunc
1274 1871 1380 1909 non
1411 1856 1465 1909 in
1493 1855 1641 1909 illum
1674 1865 1881 1910 struant

297 1953 549 2014 insidias;
583 1948 678 2003 sed
710 1950 761 2002 in
788 1947 992 2012 Iuda-a,
1020 1947 1108 2001 ubi
1134 1947 1285 2016 quasi
1310 1947 1361 2000 in
1397 1946 1677 2016 tyrannide
1705 1957 1878 2000 erant.

296 2046 402 2101 Cur
430 2060 560 2112 ergo
583 2043 721 2096 Deus
750 2039 983 2111 providit
1051 2048 1109 2092 ut
1162 2039 1255 2092 illo
1305 2037 1877 2107 migraret.dixitque:

300 2136 532 2200 Festina,
561 2135 639 2187 exi
678 2150 741 2186 ea:
775 2131 1061 2185 Jerusalem
1115 2131 1252 2200 (Act.
1279 2131 1368 2184 2'3.
1416 2131 1545 2201 18)?
1586 2131 1652 2186 Ut
1694 2147 1879 2185 eormn

300 2232 532 2299 nequitia
582 2230 993 2290 ostenderetur,
1047 2242 1256 2281 necnon
1327 2226 1522 2279 veritas
1584 2225 1882 2294 prophetia:

300 2321 515 2386 Christi,
545 2321 686 2391 quod
719 2337 822 2375 non
873 2319 1255 2374 sustinebunt:
1288 2327 1448 2386 utque
1482 2331 1668 2370 omnes
1709 2316 1880 2370 disce-

301 2423 442 2477 rent,
484 2415 656 2484 ipsum
705 2413 770 2466 ad
821 2410 1128 2480 patiendum
1174 2424 1297 2465 esse
1332 2416 1596 2478 paratum,
1627 2407 1785 2477 idque
1813 2406 1880 2460 ad

293 2508 714 2564 consolationem
743 2514 984 2575 vergeret
1010 2518 1196 2558 eorum
1218 2545 1231 2564 .
1262 2502 1350 2570 qui
1382 2509 1537 2555 erant
1564 2501 1615 2553 in
1644 2499 1826 2554 Judma
1863 2516 1877 2554 :

278 2618 418 2663 nam
440 2610 496 2655 et
531 2600 601 2653 ibi
649 2599 811 2653 multa
840 2598 976 2651 mala
1018 2592 1207 2666 passus
1256 2604 1359 2649 est.
1402 2594 1456 2647 Si
1489 2609 1617 2648 vero
1660 2593 1880 2648 Judaica

295 2692 620 2763 prtedicans,
664 2701 808 2744 tanta
839 2704 1028 2758 passus
1061 2689 1163 2748 sit.
1208 2686 1253 2739 si
1295 2684 1638 2754 pnedicassct
1684 2685 1879 2740 Christi

293 2784 553 2855 gloriam,
597 2781 866 2851 quomodo
898 2780 949 2833 id
984 2778 1263 2833 tulissent?
1305 2777 1441 2831 Cum
1470 2791 1529 2831 se
1552 2777 1877 2846 purificaret,

293 2891 403 2929 non
426 2884 542 2929 erat
569 2872 885 2935 tolerabilis,
914 2870 1183 2941 quomodo
1201 2879 1380 2923 autem
1410 2868 1706 2937 prtedicans
1745 2868 1881 2923 tole-

293 2965 484 3022 rabilis
505 2964 725 3019 fuisset?
752 2964 859 3018 Cur
884 2962 1145 3017 accusatis
1173 2960 1314 3015 nos?
1351 2959 1476 3031 quid
1502 2959 1763 3015 audistis?
1791 2958 1884 3014 Ni-

290 3058 372 3113 hil
408 3057 513 3112 tale
538 3057 693 3111 dixit.
732 3056 887 3110 Visus
915 3064 1017 3121 est,
1049 3063 1103 3109 et
1128 3069 1315 3109 omnes
1343 3053 1705 3124 exasperavit.
1752 3052 1881 3108 Jure

286 3165 422 3220 ergo
442 3150 689 3219 gentibus
731 3148 878 3202 salus
906 3162 1163 3203 concessa
1191 3156 1293 3211 est,
1322 3146 1444 3216 jure
1470 3146 1658 3217 procul
1685 3147 1883 3201 missus

285 3251 406 3305 est,
460 3240 571 3295 illic
610 3239 858 3309 gentibus
903 3238 1307 3308 przndicaturus.
1360 3236 1639 3307 Perpende
1673 3247 1876 3303 autem,

288 3333 498 3402 primos
525 3330 742 3385 Iudaeos
776 3328 1033 3393 advocat;
1080 3338 1295 3398 postea,
1346 3336 1403 3380 ut
1450 3342 1535 3381 res
1580 3327 1684 3382 illis
1728 3342 1881 3381 mon-

284 3422 507 3487 stravit,
551 3429 678 3473 nunc
721 3418 788 3472 ad
839 3428 1027 3488 gentes
1085 3418 1247 3473 venit.
1296 3417 1448 3485 Quod
1489 3433 1620 3472 vero
1659 3416 1879 3482 dixerit,

291 3511 438 3567 Dixit
470 3511 719 3580 Spiritus,
751 3509 881 3563 nihil
914 3511 1106 3563 mirum
1138 3526 1153 3562 :
1190 3525 1310 3562 nam
1349 3509 1570 3580 angelus
1597 3508 1791 3563 dicitur
1819 3524 1882 3564 ea

283 3605 494 3664 dicem,
544 3616 666 3670 qua:
718 3600 975 3655 Dominus
1029 3599 1282 3670 loquitur.
1325 3598 1459 3653 Bene
1500 3585 1647 3661 dixit,
1692 3600 1880 3667 inquit,

252 3694 524 3764 'Spiritus
589 3702 814 3744 sanctus.
851 3690 955 3746 Sed
1002 3690 1086 3745 hic
1131 3692 1227 3754 sic,
1264 3691 1372 3744 illic
1407 3705 1512 3745 nun
1551 3691 1698 3745 item.
1733 3691 1883 3746 Alio-

281 3788 417 3853 quin
453 3800 583 3841 vero
608 3799 729 3837 cum
751 3786 819 3837 de
847 3783 1163 3853 quibusdam
1195 3783 1264 3836 ah
1293 3783 1484 3852 angelo
1517 3782 1675 3837 dictis
1708 3783 1883 3853 loqui-

283 3894 431 3943 mur,
460 3892 570 3930 non
598 3876 842 3937 dicimus,
873 3876 1014 3929 Bene
1044 3874 1176 3929 dixit
1218 3874 1476 3943 angelus;
1507 3873 1601 3928 sed
1632 3873 1775 3929 Bene
1805 3873 1887 3928 di-

279 3972 361 4025 xit
385 3972 673 4030 Dominus,
705 3968 850 4022 [tene
878 3967 1010 4022 dixit
1036 3968 1298 4037 Spiritus;
1327 3981 1389 4021 ac
1416 3966 1461 4020 si
1492 3965 1736 4020 diceret:
1766 3964 1885 4020 Non

280 4062 419 4115 mihi
476 4059 637 4114 fidem
682 4059 905 4128 negatis,
955 4058 1048 4113 sed
1091 4058 1333 4127 Spiritui.
1384 4057 1565 4127 Itaque
1607 4056 1709 4112 hoc
1756 4055 1887 4111 olim

280 4153 433 4209 Deus
464 4150 806 4222 prmviderat.
842 4150 942 4217 Qui
967 4166 1081 4202 cum
1108 4150 1503 4211 exaininassent,
1536 4148 1725 4217 inquit,
1754 4148 1883 4201 vole-

280 4245 408 4299 bant
435 4260 523 4297 me
550 4243 834 4305 dimittere;
884 4241 935 4296 id
977 4251 1078 4302 est,
1113 4240 1243 4294 nihil
1283 4239 1629 4295 damnatione
1668 4240 1888 4310 dignum

280 4337 639 4392 invenientes
681 4335 730 4387 in
782 4348 888 4400 me,
929 4332 1211 4388 absolvere
1240 4331 1506 4387 volebant.
1553 4330 1766 4386 Etcum
1795 4330 1888 4386 de-

277 4428 543 4482 bnis-seut
572 4426 718 4479 illum
750 4425 979 4494 eripere,
1010 4422 1345 4478 tradiderunt
1374 4423 1426 4475 in
1458 4437 1649 4476 manus
1687 4421 1888 4475 Roma-

278 4536 488 4575 norum
517 4534 535 4581 ;
569 4526 624 4570 et
656 4525 796 4568 tanta
826 4524 943 4570 erat
973 4514 1232 4568 libertatis
1260 4512 1606 4579 abundantia,
1640 4522 1697 4566 ut
1727 4514 1888 4567 etiam

278 4611 383 4679 ipsi
414 4606 794 4663 condemnare
822 4620 925 4657 non
956 4612 1197 4673 possent,
1248 4603 1341 4657 sed
1375 4603 1607 4656 vinctum
1653 4601 1888 4657 tradide-

279 4708 434 4754 runt.
489 4697 713 4753 Coactus
752 4712 885 4763 sum,
940 4696 1129 4765 inquit,
1176 4694 1437 4764 appellare
1468 4693 1752 4757 Cursarem;
1790 4710 1892 4748 non

273 4794 431 4864 quasi
468 4790 693 4845 habeam
738 4790 800 4841 de
836 4805 933 4852 quo
980 4798 1177 4858 gentem
1210 4802 1372 4839 meam
1413 4801 1678 4848 accusem;
1709 4785 1759 4839 id
1786 4795 1888 4851 est,

278 4902 390 4940 non
424 4892 486 4939 ut
522 4881 669 4935 mala
695 4880 814 4932 aliis
835 4879 1086 4944 inferam,
1110 4877 1205 4932 sed
1231 4885 1285 4930 ut
1308 4892 1393 4931 me
1421 4892 1449 4930 a
1474 4877 1627 4930 malis
1646 4877 1889 4942 liberem,

282 4978 391 5029 hoc
421 4974 562 5034 feci,
593 4986 689 5026 nec
719 4971 929 5030 lubens,
960 4968 1051 5021 sed
1080 4979 1318 5022 coaetus.
1354 4966 1487 5020 Vide
1509 4976 1792 5020 verborum
1818 4980 1893 5019 ta-

278 5066 670 5121 tniliaritatem
698 5079 710 5112 :
738 5076 843 5113 non
871 5075 930 5112 se
957 5058 1212 5121 alienum,
1242 5056 1334 5109 sed
1379 5057 1649 5124 proprium
1685 5055 1791 5109 illis
1820 5054 1896 5109 fa-

274 5159 375 5219 cit,
402 5170 539 5211 cum
573 5150 727 5213 dicit,
761 5149 935 5203 Gentis
966 5164 1104 5202 nicas.
1134 5148 1335 5201 Rursus
1363 5157 1537 5199 autem
1567 5147 1757 5213 dogma
1787 5147 1896 5199 dis-

280 5249 551 5306 teminat.
580 5243 693 5298 Nec
722 5243 876 5306 dixit,
907 5257 1011 5293 non
1038 5256 1263 5304 accuso;
1295 5239 1409 5302 sed,
1444 5238 1560 5292 Non
1585 5238 1740 5292 habeo
1761 5238 1897 5307 quod

280 5354 555 5401 accusem,
611 5334 713 5387 etsi
763 5342 869 5385 tam
915 5332 1094 5400 gravia
1139 5345 1348 5401 passus.
1381 5329 1518 5383 Nihil
1546 5344 1676 5399 ergo
1708 5331 1895 5383 horum

281 5435 437 5499 dicit,
471 5445 551 5485 ne
578 5440 850 5481 onerosus
874 5435 1017 5478 esset
1046 5443 1057 5476 :
1088 5440 1259 5492 neque
1285 5423 1348 5476 ad
1378 5423 1602 5493 gratiam
1650 5425 1778 5491 ipsis
1810 5428 1895 5479 lo.

280 5529 375 5598 qui
404 5524 663 5579 videtur.
699 5517 826 5572 Ideo
848 5531 953 5569 non
984 5526 1165 5583 aperte
1193 5516 1449 5583 loquitur,
1478 5514 1570 5568 sed
1600 5514 1901 5569 snbindicat

281 5626 503 5672 tantum
550 5620 616 5667 et
666 5607 1030 5677 prmtercurrit
1057 5624 1070 5659 :
1101 5605 1201 5660 hoc
1238 5606 1379 5659 enim
1417 5606 1625 5659 interim
1657 5606 1898 5661 studebat

281 5708 620 5766 ostendere,
647 5696 797 5766 quod
824 5696 1077 5749 Romanis
1100 5697 1243 5749 illum
1272 5697 1502 5749 vinctum
1534 5695 1892 5749 tradidissent.

288 5802 363 5859 ltti
394 5815 540 5857 vero
572 5804 708 5849 cum
750 5787 877 5841 illos
901 5785 1151 5840 damnare
1180 5795 1233 5841 ct
1260 5802 1514 5841 accusare
1553 5786 1897 5856 oportuisset,

1984 486 2159 554 potius
2189 487 2482 543 defendunt
2509 504 2600 545 eos
2629 507 2642 557 ;
2685 492 2778 547 sed
2814 507 2906 562 per
2934 507 3016 561 ca,
3048 494 3239 564 quibus
3270 498 3568 567 apologiam

1982 588 2292 642 c0ntexunt,
2319 579 2461 648 ipsos
2487 592 2758 636 accusant.
2787 582 2979 637 Notum
3008 595 3080 637 cst
3104 588 3266 647 nobis,
3300 587 3568 657 inquiunt,

1981 667 2117 735 quod
2140 668 2322 739 ubique
2347 673 2734 726 contradicitur.
2765 674 2869 729 Sed
2898 677 3105 730 etiamsi
3141 679 3242 731 hoc
3270 682 3488 750 conting
3509 695 3566 746 ιι,

1983 769 2215 813 attamen
2245 761 2442 831 ubique
2464 763 2703 819 creditis.
2740 766 2933 831 Quibus
2960 772 3259 835 exponebat,
3308 773 3497 842 inquit,
3542 760 3573 825 (ι

1984 848 2091 918 lege
2115 858 2163 903 et
2190 852 2467 919 prophetis.
2502 853 2632 908 Vide
2661 870 2846 909 rursus
2870 856 3019 910 illum
3046 876 3149 913 non
3185 876 3212 912 a
3254 863 3441 930 signis,
3475 865 3570 917 sed

1984 956 2012 992 ιι
2041 940 2157 1010 lege
2203 953 2256 996 et
2297 945 2570 1013 prophetis
2614 961 2674 1000 os
2720 946 2829 1002 illis
2868 947 3136 1014 ohturare,
3167 961 3219 1004 et
3245 953 3439 1022 ubique
3467 955 3568 1008 hoc

1984 1044 2163 1099 agere,
2205 1033 2305 1087 etsi
2339 1034 2522 1088 liceret
2563 1037 2712 1105 signa
2760 1035 2974 1102 facere;
3025 1039 3119 1093 sed
3166 1040 3421 1110 deinceps
3466 1060 3569 1095 non

1986 1123 2108 1178 fidei
2153 1141 2238 1180 res
2276 1127 2464 1181 fuisset
2497 1144 2509 1181 :
2544 1145 2793 1199 magnum
2835 1132 2976 1184 enim
3010 1140 3124 1185 crat
3164 1132 3373 1202 signum
3401 1151 3428 1187 τι
3458 1136 3573 1204 lege

1984 1224 2033 1268 et
2062 1215 2336 1284 praphetis
2367 1218 2655 1274 disserere.
2689 1220 2921 1286 Deinde,
2966 1238 3032 1277 ne
3061 1233 3210 1291 putes
3239 1239 3349 1278 rem
3379 1240 3570 1278 novam

1984 1322 2125 1374 esse,
2172 1310 2313 1378 quod
2349 1312 2428 1365 illi
2468 1312 2729 1367 increduli
2758 1327 3057 1379 manerent,
3096 1318 3304 1372 indm-it
3336 1321 3569 1390 pr0phe-

1986 1396 2113 1451 tiam
2143 1398 2407 1455 dicentem
2441 1420 2453 1457 :
2486 1403 2623 1457 Aure
2647 1405 2883 1471 audietis,
2910 1416 2957 1460 et
2983 1423 3081 1461 non
3108 1409 3435 1481 intelligetis;
3456 1429 3570 1466 ma-

1984 1490 2064 1559 gis
2089 1506 2249 1556 nunc,
2283 1492 2474 1563 inquit,
2505 1510 2663 1563 quam
2699 1505 2823 1551 tunc
2853 1515 2866 1550 :
2897 1508 2942 1551 et
2974 1499 3219 1566 videbitis,
3253 1513 3298 1554 et
3325 1520 3425 1556 non
3458 1522 3571 1571 per-

1984 1579 2222 1649 cipiatis;
2254 1584 2422 1651 magis
2455 1599 2595 1639 nunc
2631 1601 2787 1655 quam
2840 1598 2986 1642 tunc.
3030 1588 3228 1645 Contra
3267 1592 3574 1650 incredulos

1985 1669 2106 1724 illos
2129 1670 2245 1726 hare
2280 1672 2418 1727 dicta
2453 1674 2685 1742 fuerant,
2730 1694 2848 1747 quae
2877 1696 2980 1733 non
3004 1682 3357 1738 Conviciautis
3394 1698 3567 1748 erant,

1983 1762 2077 1817 sed
2105 1763 2484 1820 odendiculnm
2518 1769 2773 1823 tollentis.
2821 1770 3014 1825 Natant
3041 1791 3159 1844 ergo
3186 1776 3251 1829 sit
3292 1777 3448 1845 vobis,
3487 1780 3567 1833 iu-

1983 1856 2117 1925 quit,
2145 1857 2280 1923 quod
2308 1860 2359 1912 in
2395 1870 2567 1929 gentes
2608 1879 2820 1916 nnssunt
2860 1875 2933 1918 est
2973 1867 3197 1921 salutare
3232 1868 3327 1921 Dei
3354 1886 3373 1923 :
3400 1873 3487 1940 qui
3527 1882 3574 1924 et

1982 1950 2209 2004 audient.
2237 1948 2344 2004 Cur
2369 1968 2497 2023 ergo
2528 1954 2680 2008 nobis
2708 1955 2940 2025 loqueris
2963 1957 2985 2010 Τ
3016 1974 3083 2012 an
3117 1959 3229 2013 hmo
3258 1963 3575 2018 nesciebas?

1987 2040 2178 2106 Etiam,
2207 2041 2300 2095 sed
2327 2052 2383 2096 ut
2406 2044 2638 2098 credatis
2669 2046 2932 2100 rationem
2963 2049 3162 2115 reddo,
3206 2060 3259 2103 et
3290 2061 3344 2105 ut
3373 2055 3571 2109 nemini

1983 2130 2103 2184 dem
2132 2147 2336 2185 ansam.
2384 2132 2596 2201 Mansit,
2640 2136 2832 2205 inquit,
2869 2137 3069 2193 Paulus
3100 2150 3201 2194 toto
3230 2142 3449 2210 biennio,
3481 2147 3572 2198 do-

1982 2237 2097 2275 cens
2118 2237 2232 2274 cum
2262 2224 2399 2276 omni
2422 2226 2646 2291 ﬁducia,
2692 2229 2892 2281 nemine
2929 2231 3241 2299 prohibente.
3287 2234 3428 2289 Bene
3472 2237 3572 2291 hoc

1982 2312 2228 2368 addidit:
2262 2317 2694 2387 contingit’enim
2734 2320 3020 2390 aliquando
3057 2324 3225 2381 libere
3263 2327 3569 2397 loquentem

1984 2404 2275 2473 prohiberi.
2318 2406 2587 2462 Fiduciam
2616 2424 2743 2479 ergo
2771 2410 2917 2465 Pauli
2948 2413 3081 2468 nihil
3113 2417 3424 2484 prohibuit,
3476 2421 3570 2475 sed

1983 2496 2140 2549 etiam
2170 2496 2383 2552 neruine
2411 2498 2727 2567 prohibente
2754 2501 2907 2556 dixit.
2938 2503 3129 2559 Mansit
3150 2518 3318 2561 autem
3345 2509 3567 2578 Paulus,

1982 2586 2173 2656 inquit,
2213 2587 2411 2642 biennio
2451 2599 2553 2643 toto
2594 2591 2647 2645 in
2688 2595 2896 2663 proni-io
2926 2596 3211 2663 conducto;
3244 2600 3312 2654 ita
3345 2615 3456 2656 erat
3485 2619 3572 2660 se-

1982 2677 2175 2745 dulus;
2217 2679 2324 2733 imo
2352 2682 2421 2735 ita
2455 2683 2765 2753 magistrum
2793 2702 2949 2741 suum
2988 2688 3369 2746 itnitahatnrin
3397 2697 3574 2752 otnni-

1982 2770 2103 2837 bus,
2133 2780 2189 2825 ut
2214 2772 2374 2827 etiam
2401 2773 2729 2830 domicilium
2756 2776 2978 2833 haberet
3004 2796 3107 2835 non
3129 2798 3193 2837 ex
3216 2785 3405 2840 alienis
3432 2788 3574 2843 labo-

1982 2862 2162 2929 ribus,
2212 2864 2306 2920 sed
2350 2882 2416 2921 ex
2460 2867 2615 2922 suis:
2649 2868 2751 2924 hoc
2790 2870 2930 2924 enim
2980 2872 3243 2942 significat
3289 2877 3451 2944 illud,
3502 2879 3569 2935 In

1982 2956 2191 3026 proprio
2232 2958 2501 3013 conducto.
2534 2958 2688 3026 Quod
2713 2969 2890 3017 autem
2928 2961 3185 3020 Dominus
3210 2984 3421 3039 quoque
3449 2972 3570 3025 nul-

1982 3045 2086 3099 lam
2130 3045 2347 3103 haberet
2381 3049 2599 3104 domum
2620 3091 2637 3117 ,
2667 3052 2793 3107 andi
2827 3053 2975 3108 illum
3009 3066 3151 3111 recte
3178 3058 3445 3115 dicentem
3480 3065 3528 3118 ei
3551 3107 3567 3131 ,

1982 3141 2073 3209 qui
2102 3141 2203 3196 sibi
2230 3141 2445 3197 dixerat
2477 3160 2489 3196 :
2515 3145 2715 3214 Sequar
2743 3154 2810 3209 te,
2842 3163 3157 3219 quacumque
3183 3152 3300 3205 ieris
3328 3170 3347 3207 :
3382 3153 3571 3225 Vulpes

1983 3236 2152 3303 foveas
2182 3234 2388 3299 habent,
2417 3245 2463 3289 et
2495 3238 2719 3291 volucres
2746 3236 2857 3291 caeli
2882 3239 3064 3304 nidos;
3098 3240 3264 3297 Filius
3293 3255 3459 3298 autem
3490 3248 3575 3301 ho-

1984 3327 2134 3380 minis
2172 3343 2274 3381 non
2310 3328 2481 3394 habet,
2524 3329 2609 3382 ubi
2640 3339 2795 3397 caput
2834 3350 2983 3385 suum
3024 3336 3229 3388 reclinet
3276 3336 3485 3408 (Matth.
3516 3341 3572 3396 8.

1982 3418 2098 3489 20).
2130 3420 2219 3474 Sic
2252 3435 2346 3488 per
2372 3435 2430 3475 se
2456 3420 2639 3476 docuit
2666 3422 2796 3478 nihil
2826 3440 2947 3480 esse
2977 3427 3379 3495 possidendum,
3402 3447 3575 3502 neque

1984 3509 2142 3565 rebus
2169 3513 2397 3567 terrenis
2424 3513 2733 3569 hzrrcndum
2765 3530 2904 3570 esse.
2940 3516 3006 3569 Et
3032 3520 3335 3589 excipiebat,
3368 3523 3572 3592 inquit,

1986 3600 2233 3655 venientes
2259 3602 2327 3655 ad
2353 3618 2427 3665 se,
2456 3604 2741 3673 praedicans
2762 3621 2971 3676 regnum
2996 3605 3112 3661 Dei.
3163 3609 3293 3663 Vide
3320 3611 3466 3665 illum
3495 3614 3577 3667 ni-

1987 3690 2058 3743 hil
2082 3690 2150 3745 de
2178 3692 2558 3759 prtesentibns.
2606 3694 2701 3749 sed
2741 3697 2915 3749 omnia
2941 3697 3008 3753 de
3036 3714 3201 3769 regno
3232 3700 3322 3756 Dei
3350 3702 3575 3773 loquen-

1988 3788 2118 3833 tem.
2157 3780 2344 3834 Viden’
2374 3782 2466 3836 Dei
2492 3783 2918 3851 providentiam?
2962 3788 3058 3843 llic
3100 3806 3407 3847 sermonem
3436 3795 3578 3851 sistit

1987 3880 2174 3924 auctor
2203 3870 2355 3937 libri,
2384 3885 2447 3926 ac
2476 3873 2730 3943 relinquit
2774 3877 3072 3933 auditorem
3109 3882 3397 3949 sitientem,
3429 3894 3485 3939 ut
3508 3902 3575 3943 ex

1990 3963 2170 4031 seipse
2200 3963 2453 4033 deinceps
2484 3966 2849 4022 ruliocinetur.
2898 3970 3009 4025 [loc
3038 3982 3091 4026 et
3123 3976 3297 4028 exteri
3330 3975 3530 4032 faciunt
3558 3998 3576 4037 :

1990 4071 2112 4109 nam
2162 4057 2342 4110 omnia
2388 4057 2554 4122 scire,
2602 4058 2847 4129 ignavum
2886 4072 2941 4115 et
2984 4065 3339 4133 negligentem
3380 4069 3573 4122 reddit.

1989 4145 2101 4200 Hoc
2135 4156 2312 4199 autem
2355 4145 2500 4212 facit,
2551 4158 2605 4202 et
2647 4165 2765 4218 qtae
2809 4160 3033 4219 sequuta
3059 4164 3201 4215 sunt,
3236 4170 3338 4209 non
3375 4168 3575 4223 narrat,

1989 4238 2315 4308 superﬂuum
2360 4238 2411 4293 id
2460 4248 2654 4309 putans
2699 4240 2797 4304 iis,
2834 4244 2922 4309 qui
2949 4258 3011 4298 ea
3052 4260 3171 4313 qua:
3203 4248 3397 4315 scripta
3425 4260 3580 4303 erant

1990 4329 2249 4399 legerent,
2274 4339 2328 4384 et
2354 4329 2478 4384 hinc
2506 4330 2808 4386 ediscerent
2836 4333 3057 4401 quaehis
3080 4334 3341 4392 adderent
3374 4355 3387 4391 :
3423 4339 3579 4409 plane

1989 4420 2130 4473 enim
2152 4420 2325 4491 qualia
2346 4421 2545 4491 priora,
2581 4422 2704 4475 talia
2731 4439 2849 4493 quze
2874 4434 2992 4493 post
3013 4436 3235 4496 sequuta
3268 4438 3411 4483 sunt.
3440 4433 3577 4485 Audi

1988 4526 2119 4565 vero
2144 4512 2317 4581 qualia
2341 4521 2524 4580 postea
2552 4514 2794 4568 scribens
2823 4515 2889 4569 ad
2921 4516 3208 4580 Romanos.
3240 4520 3382 4575 dicat
3414 4542 3425 4577 :
3454 4522 3579 4577 Cum

1992 4604 2287 4674 proﬁciscar
2306 4605 2356 4657 in
2379 4603 2713 4674 Hispaniam,
2737 4608 2931 4661 veniam
2959 4611 3026 4662 ad
3046 4626 3131 4664 vos
3159 4612 3332 4680 (Rom.
3367 4615 3576 4682 £5.25).

2062 4695 2116 4747 5.
2149 4693 2336 4749 Viden‘
2367 4696 2633 4763 quomodo
2654 4697 2834 4751 omnia
2863 4701 3161 4767 prtevideat
3196 4717 3407 4757 sacrum
3449 4706 3579 4760 illud

1992 4792 2045 4838 et
2073 4784 2310 4839 divinum
2360 4795 2520 4853 caput
2546 4826 2560 4849 ,
2612 4786 2701 4840 ille
2732 4788 2819 4856 qui
2841 4788 3072 4842 animam
3107 4789 3266 4845 habet
3296 4795 3469 4846 ()ltlllill
3502 4795 3577 4847 si-

1994 4876 2102 4930 mnl
2131 4879 2596 4945 complectentem,
2626 4877 2715 4946 qui
2745 4880 2944 4946 primas
2969 4890 3146 4948 partes
3168 4890 3412 4949 occupat,
3447 4881 3581 4936 Pau-

1995 4976 2079 5020 tns
2096 4968 2118 5018 ?
2138 4966 2291 5036 cujus
2316 4968 2488 5023 solum
2513 4984 2707 5021 nomen
2736 4969 3028 5024 scientibus
3051 4970 3247 5024 sufﬁcit
3264 4972 3328 5025 ad
3346 4974 3577 5028 animam

1995 5057 2349 5119 excitandam,
2369 5057 2433 5109 ad
2462 5057 2807 5126 vigilantiam,
2840 5058 2905 5111 ad
2923 5072 3169 5111 somnum
3201 5061 3577 5119 excutiendum

1998 5165 2233 5205 omnem.
2267 5150 2488 5219 Excepit
2512 5150 2661 5202 illum
2690 5150 2858 5203 Roma
2881 5150 3142 5215 vinctura,
3175 5168 3242 5207 ex
3264 5155 3470 5208 marino
3500 5157 3588 5211 itt-

2004 5256 2132 5295 nere
2157 5241 2305 5294 littus
2333 5249 2672 5308 tangentem,
2703 5254 2733 5292 a
2763 5237 3039 5309 naufragio
3066 5252 3367 5310 servatum,
3413 5255 3470 5300 ιιι
3517 5248 3583 5301 Ι;-

2000 5334 2181 5387 berata
2227 5338 2310 5384 est
2343 5346 2373 5384 a
2411 5328 2685 5399 naufragio
2719 5330 2937 5384 erroris.
2987 5329 3137 5386 Sicut
3169 5335 3310 5388 enim
3346 5352 3436 5391 rex
3468 5347 3581 5405 post

2003 5425 2243 5478 navalem
2287 5437 2514 5493 pugnam
2556 5432 2610 5476 et
2642 5422 2918 5477 victoriam
2941 5463 2957 5489 ,
2991 5423 3042 5478 in
3071 5427 3403 5494 splendidam
3443 5431 3580 5485 illam

2004 5516 2307 5583 regiamque
2337 5513 2522 5567 urbem
2549 5512 2824 5583 ingressus
2854 5524 2953 5569 est.
2989 5515 3061 5570 De
3085 5517 3167 5571 his
3186 5518 3462 5580 scribens,
3502 5519 3582 5572 di-

2005 5606 2161 5660 cebat
2186 5624 2197 5658 :
2236 5604 2473 5665 Veniam,
2503 5612 2555 5658 et
2585 5604 2856 5659 vobiscum
2885 5606 3154 5675 quiescam
3188 5610 3238 5661 iu
3271 5607 3585 5678 plenitudine

2008 5696 2362 5751 benedictionis
2387 5688 2647 5765 Evangelii
2693 5696 2889 5769 (Rom.
2940 5698 3024 5750 15.
3066 5698 3136 5752 29
3162 5698 3212 5766 );
3256 5708 3309 5752 et
3363 5712 3579 5762 rursus,

2011 5790 2087 5843 Eo
2117 5789 2490 5842 ministraturus
2520 5787 2570 5840 iu
2598 5785 2880 5841 Jerusalem
2916 5785 3042 5857 (Id.
3078 5802 3125 5838 ιν.
3166 5779 3285 5846 25).
3332 5784 3439 5835 lloc
3472 5798 3582 5850 est,
