4002 6224
397 331 501 386 383

379 434 523 506 quod
544 431 755 488 dicebat
782 447 797 483 :
829 426 1191 494 Eleemosynas
1220 428 1449 494 [acturus
1476 420 1612 491 genti
1644 434 1789 483 mete,
1812 421 1967 471 adve-

382 528 436 580 ui
461 527 617 597 (Act.
649 522 740 577 24.
770 521 835 576 l7
862 519 903 590 ).
926 517 1043 573 Jam
1074 530 1238 587 prope
1257 524 1373 571 erat
1392 524 1453 570 ut
1478 528 1732 570 coronam
1762 510 1971 580 accipe-

384 630 467 673 ret
492 636 504 671 :
538 615 747 680 excepit
766 614 911 666 illum
930 611 1100 665 Roma
1124 609 1384 674 vinetum,
1402 606 1641 676 viditque
1654 612 1970 659 coronatum

381 722 434 766 ct
465 709 876 780 proclamatum.
924 704 1039 760 Illic
1072 702 1341 757 Vobiscum
1385 700 1636 769 quiescam
1658 695 1847 767 (Rom.
1880 693 1968 748 15.

380 801 451 856 52
477 804 519 871 ),
539 798 729 869 inquit.
756 796 938 852 lsthuc
965 794 1125 860 vado,
1150 791 1547 847 ministraturus
1573 789 1625 843 in
1647 786 1966 843 Jerusalem.

380 893 493 947 lloc
517 900 697 946 autem
728 888 937 944 initium
957 900 1147 940 cursus
1176 885 1369 939 iterum
1391 890 1527 947 erat,
1552 890 1607 935 et
1631 891 1833 949 tropaza
1862 885 1973 929 tro-

381 983 512 1052 pacis
558 980 821 1044 addebat,
867 974 1292 1046 inexpugnabilis
1338 987 1461 1028 cum
1490 980 1654 1027 esset.
1682 966 1972 1024 Corinthus

384 1076 535 1129 illum
563 1071 791 1127 detinuit
816 1069 1027 1123 duobus
1055 1067 1231 1133 annis,
1263 1064 1386 1119 Asia
1419 1064 1609 1129 tribus,
1636 1061 1803 1115 Roma
1834 1060 1970 1115 duo-

384 1168 482 1219 bus
507 1203 523 1230 ,
568 1177 675 1232 quo
721 1160 958 1217 secundo
989 1159 1168 1222 venit,
1195 1154 1411 1227 quando
1441 1160 1842 1209 consummatus
1867 1159 1971 1205 est.

384 1254 450 1308 In
478 1255 648 1323 prima
688 1269 798 1307 mea
835 1250 1127 1319 defensione
1148 1290 1162 1314 ,
1195 1247 1403 1317 inquit,
1436 1246 1610 1301 nullus
1640 1244 1762 1297 mihi
1800 1242 1974 1295 aderat

382 1346 474 1412 (2.
522 1343 655 1413 Tim.
706 1344 761 1398 4.
805 1343 872 1397 16
896 1344 941 1412 ).
984 1339 1075 1395 Sic
1115 1354 1257 1394 nunc
1302 1336 1517 1407 effugit,
1550 1344 1605 1391 et
1642 1350 1763 1389 cum
1804 1342 1971 1386 totttm

388 1436 664 1506 implesset
691 1435 908 1498 orbem,
938 1433 1016 1486 sic
1042 1431 1202 1485 vitam
1254 1428 1446 1482 finivit.
1484 1424 1621 1492 Quid
1650 1423 1864 1478 volebas
1892 1423 1973 1477 di-

386 1544 537 1584 scere
590 1544 708 1598 qua:
761 1524 1099 1595 sequuntur?
1136 1521 1285 1575 Talia
1327 1528 1483 1583 sunt,
1531 1516 1703 1586 qualia
1755 1514 1970 1583 priora:

387 1620 619 1684 vincula,
652 1628 939 1681 tormenta,
972 1628 1162 1684 pugna:
1184 1653 1198 1675 ,
1230 1626 1475 1665 carceres
1495 1650 1510 1675 ,
1540 1607 1747 1662 insidiae
1771 1647 1787 1673 ,
1813 1620 1974 1676 syco-

390 1711 653 1778 phantize,
699 1708 1023 1777 quotidianae
1073 1711 1295 1757 mortes.
1332 1701 1520 1755 Vidisti
1571 1700 1712 1753 illius
1758 1712 1972 1767 parvam

392 1800 640 1869 partem?
669 1798 757 1853 Sic
785 1797 987 1866 cogites
1016 1795 1219 1863 reliqua
1249 1808 1308 1847 se
1339 1792 1554 1845 habere.
1580 1788 1732 1845 Sicut
1761 1789 1815 1842 in
1842 1788 1975 1842 ca-lo

391 1893 783 1964 quamcumque
804 1887 1004 1941 videris
1034 1894 1262 1955 partem,
1294 1884 1425 1937 tales
1453 1891 1576 1936 sunt
1602 1881 1721 1934 aliae
1750 1890 1928 1947 partes
1954 1893 1969 1942 ;

386 1986 431 2037 si
479 1982 620 2037 enim
662 1980 778 2033 czeli
808 1993 967 2032 unam
1020 1985 1220 2047 partem
1271 1973 1472 2039 videas,
1507 1984 1842 2053 quocumque
1898 1968 1973 2023 ie-

390 2073 487 2137 ris,
530 2070 857 2126 tantumdem
902 2067 1107 2122 videbis
1133 2084 1146 2119 :
1194 2064 1280 2120 vel
1308 2064 1448 2118 sicut
1476 2062 1605 2117 solis
1633 2061 1811 2116 radios
1837 2059 1881 2113 si
1907 2074 1973 2113 ex

385 2175 538 2235 parte
566 2164 785 2228 videris,
817 2162 941 2216 hinc
964 2160 1187 2228 conjicis
1214 2156 1388 2229 qualis
1414 2156 1495 2209 sol
1516 2156 1585 2209 sit
1611 2172 1623 2208 :
1648 2154 1725 2207 sic
1744 2153 1811 2207 de
1835 2151 1973 2205 Pau-

386 2260 440 2315 lo
482 2258 792 2313 dicendum.
844 2254 974 2325 Ejus
1020 2263 1137 2308 acta
1168 2250 1365 2322 partim
1404 2248 1582 2303 vidisti
1615 2264 1630 2302 :
1663 2247 1839 2301 omnia
1872 2245 1975 2298 alia

385 2349 582 2404 similia
608 2356 772 2413 sunt,
800 2344 1050 2415 periculis
1089 2344 1267 2414 plena.
1304 2342 1395 2396 Ille
1418 2339 1605 2395 crelum
1645 2348 1762 2393 erat
1806 2336 1973 2392 solem

388 2440 608 2511 jnstitia:
636 2438 861 2501 habens,
884 2451 993 2490 non
1017 2435 1292 2504 vulgarem
1316 2433 1502 2497 illum;
1530 2441 1689 2497 atque
1715 2430 1847 2484 adeo
1868 2444 1975 2484 ca:-

388 2532 443 2586 lo
470 2532 660 2585 melior
688 2529 769 2582 vir
800 2528 889 2583 ille
911 2534 1043 2582 erat.
1074 2529 1154 2580 An
1181 2525 1282 2579 hoc
1306 2539 1493 2595 parum
1510 2537 1631 2577 esse
1653 2521 1841 2592 putas?
1864 2522 1978 2591 Ego

390 2622 603 2693 quidem
636 2635 741 2674 non
760 2618 1029 2673 existimo.
1051 2616 1183 2671 Cum
1203 2614 1516 2685 Apostolum
1544 2612 1765 2677 dixeris,
1795 2614 1976 2667 statim

390 2717 537 2770 illum
566 2729 755 2770 omnes
775 2712 1117 2783 cogitabunt;
1153 2718 1209 2763 ut
1229 2725 1352 2764 cum
1380 2707 1669 2777 Baptislam
1688 2706 1843 2771 dicis,
1868 2715 1977 2761 sta-

392 2810 485 2864 tim
515 2808 752 2863 Joannes
776 2806 1056 2874 cogitatur.
1091 2801 1188 2856 Cui
1211 2801 1288 2855 rei
1316 2800 1437 2870 quis
1464 2799 1607 2853 illius
1634 2798 1799 2852 verba
1828 2812 1980 2852 com-

391 2898 692 2969 paraverit?
720 2896 891 2963 mari,
923 2910 990 2948 an
1021 2884 1269 2949 Oceano?
1296 2892 1402 2948 Sed
1443 2890 1573 2945 nihil
1617 2906 1710 2961 par
1740 2888 1844 2945 illis
1872 2899 1975 2946 est.

393 2990 560 3059 llnjus
583 2989 755 3041 fluxus
779 2986 935 3056 longe
958 2993 1083 3040 sunt
1105 2984 1327 3041 marinis
1356 2983 1766 3053 frequentiores,
1794 2981 1978 3051 purio-

388 3096 478 3135 res
501 3122 516 3147 ,
546 3077 955 3149 profundiores;
1002 3086 1058 3130 ut
1088 3091 1193 3129 non
1227 3075 1560 3149 aberraverit
1587 3074 1676 3142 qui
1703 3088 1796 3127 cor
1827 3073 1977 3127 Pauli

392 3189 539 3226 mare
583 3182 638 3225 et
671 3171 861 3225 caelum
898 3184 1019 3223 esse
1063 3168 1255 3222 dixerit
1286 3185 1299 3221 :
1331 3168 1521 3221 cwlum
1558 3168 1627 3221 0h
1654 3167 1937 3235 puritatem
1960 3205 1975 3231 ,

394 3277 542 3317 mare
568 3265 637 3316 ob
664 3259 1102 3330 profunditatem.
1135 3257 1280 3312 Mare
1301 3266 1403 3321 est,
1431 3273 1536 3311 non
1560 3256 1701 3326 quod
1728 3257 1973 3326 navigan-

394 3362 471 3407 tes
497 3352 563 3406 ab
590 3351 722 3405 urbe
751 3350 802 3403 in
834 3348 1019 3404 urbem
1048 3347 1229 3414 ducat,
1258 3347 1352 3401 sed
1374 3363 1402 3399 a
1436 3357 1573 3402 terra
1600 3347 1653 3401 in
1675 3346 1898 3403 caelum:
1932 3348 1979 3402 si

392 3443 510 3512 quis
553 3441 655 3495 hoc
700 3454 850 3494 mare
884 3442 1133 3508 naviget,
1165 3437 1397 3493 secunda
1440 3452 1570 3492 aura
1599 3438 1890 3508 navigabit.
1918 3440 1978 3494 In

396 3533 498 3587 hoc
525 3533 658 3587 mari
688 3546 796 3587 non
823 3532 967 3587 venti
995 3541 1138 3595 sunt,
1168 3530 1262 3585 sed
1304 3531 1419 3585 vice
1464 3530 1605 3585 venti
1634 3530 1866 3600 Spiritus
1894 3531 1978 3587 di-

399 3623 556 3678 vinus
579 3634 634 3677 ot
679 3632 898 3679 sanctus
926 3624 1235 3693 navigantes
1264 3623 1471 3677 animas
1495 3621 1641 3677 vehit
1670 3639 1683 3675 :
1722 3638 1828 3678 non
1855 3633 1980 3679 sunt

399 3717 487 3771 hic
531 3715 744 3781 fluctus,
792 3730 897 3769 non
938 3724 1022 3771 est
1064 3715 1344 3784 scopulus,
1385 3730 1489 3770 non
1529 3714 1759 3771 bellum:
1800 3717 1978 3771 omnia

396 3808 680 3878 tranquilla
709 3817 852 3863 sunt.
882 3808 1025 3862 Mare
1056 3816 1139 3862 est
1170 3816 1325 3875 portu
1347 3808 1687 3877 tranquillius
1711 3818 1763 3862 et
1790 3808 1977 3877 tutius,

400 3900 532 3956 nihil
559 3899 759 3956 salsum
791 3899 1018 3968 habens,
1047 3899 1140 3955 sed
1166 3898 1365 3953 fontem
1392 3914 1606 3968 purum,
1640 3899 1979 3956 dulcissimos

398 3993 582 4050 latices
632 3992 988 4061 emittentem,
1037 3991 1150 4047 sole
1175 3990 1510 4063 splendidius
1538 4001 1593 4047 et
1622 3990 1975 4062 pellucidiuS'

1091 317 1150 375 S.
1187 314 1476 373 JOANNIS
1510 312 2010 370 CHRYSOSTOMI
2043 312 2365 366 AllLllle.
2403 312 2619 366 GUNS'I
2634 307 2953 365 .

3530 311 3631 366 584

2072 435 2217 474 mare
2245 427 2328 475 est
2346 460 2359 481 ,
2396 433 2502 472 non
2531 418 2733 487 lapides
2764 416 2968 472 habens
2997 416 3288 485 pretiosos,
3317 431 3418 473 nec
3446 432 3651 489 purpn.

2071 518 2182 556 ram
2214 545 2229 567 ,
2258 506 2351 558 sed
2384 505 2541 577 longe
2571 508 2652 561 his
2678 506 2924 562 meliora.
2958 507 3055 574 Qui
3082 506 3197 561 vult
3221 508 3273 561 in
3297 506 3399 561 hoc
3431 508 3652 577 pelagus

2068 592 2415 661 descendere,
2454 614 2568 651 non
2591 612 2725 665 Opus
2764 597 2925 651 habet
2961 598 3318 652 urinatoribus
3364 598 3448 652 vel
3494 598 3651 667 oleo,

2068 687 2160 741 sed
2185 688 2521 758 philosnphia
2551 691 2714 745 multa
2747 707 2760 742 :
2794 690 3028 744 inveniet
3058 690 3109 742 in
3134 690 3248 758 ipso
3275 692 3455 744 omnia
3488 690 3650 751 bona,

2067 794 2185 847 quae
2206 789 2330 833 sunt
2360 780 2409 833 in
2440 794 2605 850 regno
2632 780 2909 835 caelorum.
2937 780 3037 847 Qui
3062 780 3179 835 talis
3208 791 3312 847 est,
3338 782 3532 850 poterit
3559 796 3651 834 rex

2067 887 2189 928 esse
2209 915 2223 937 ,
2246 883 2299 929 et
2331 884 2498 928 totum
2525 874 2784 928 mundum
2804 874 3048 943 accipere
3068 914 3081 938 ,
3112 889 3341 943 esseque
3370 874 3420 926 in
3450 873 3653 927 honore

2069 964 2303 1017 maximo
2346 964 2463 1035 (a):
2511 966 2603 1035 qui
2649 965 2701 1019 iu
2748 964 2850 1020 hoc
2891 964 3025 1019 mari
3074 966 3319 1033 navigat,
3365 980 3651 1033 numquam

2069 1054 2399 1125 naufragium
2448 1056 2641 1123 faciet,
2674 1055 2768 1111 sed
2798 1054 2977 1110 omnia
3005 1055 3140 1111 bene
3160 1056 3316 1109 sciet.
3354 1054 3547 1109 Verum
3575 1058 3651 1110 si-

2068 1158 2153 1201 cut
2182 1148 2237 1212 ii,
2269 1147 2357 1217 qui
2390 1148 2440 1199 in
2472 1145 2571 1201 hoc
2602 1146 2735 1200 mari
2766 1147 3035 1216 navigant,
3061 1146 3107 1200 si
3139 1144 3372 1215 imperiti
3394 1145 3519 1212 sint,
3542 1146 3652 1200 sufo

2070 1239 2351 1294 forantur:
2401 1240 2479 1293 sic
2508 1248 2563 1293 ct
2587 1239 2642 1292 in
2666 1239 2756 1293 illo
2786 1239 2917 1292 mari
2951 1254 2965 1291 :
3008 1236 3061 1292 id
3084 1237 3225 1307 quod
3253 1237 3447 1292 accidit
3478 1238 3651 1292 haere-

2070 1332 2190 1386 ticis
2212 1371 2228 1397 ,
2261 1330 2349 1400 qui
2383 1330 2498 1399 plus
2518 1344 2676 1400 quam
2706 1329 2878 1383 ferant
2900 1329 3043 1383 vires
3067 1370 3083 1395 ,
3116 1339 3400 1384 attentant.
3432 1329 3654 1400 Oportet

2069 1440 2195 1493 ergo
2214 1423 2625 1492 profunditatem
2656 1422 2773 1491 ejus
2798 1423 2958 1487 scire,
2989 1422 3071 1476 vel
3099 1437 3205 1476 non
3236 1432 3522 1477 attentare.
3552 1422 3653 1477 Na-

2070 1516 2292 1584 vigaturi
2319 1530 2447 1585 ergo
2476 1514 2576 1569 hoc
2608 1514 2859 1585 pelagus,
2889 1514 3027 1569 bene
3052 1515 3275 1569 accincti
3304 1514 3493 1567 simus.
3531 1512 3653 1566 Non

2070 1609 2231 1677 potui,
2262 1608 2452 1677 inquit,
2483 1609 2621 1663 vobis
2645 1607 2783 1678 loqui
2810 1616 2863 1660 ut
2884 1606 3254 1675 spiritualibus,
3284 1608 3372 1660 sed
3396 1617 3451 1659 ut
3480 1623 3655 1660 carna-

2071 1699 2200 1753 libus
2231 1700 2248 1767 (
2282 1700 2331 1753 .
2363 1699 2479 1753 Car.
2514 1700 2619 1753 3.1
2653 1703 2693 1766 ).
2726 1699 2912 1753 Nullus
2944 1698 3227 1767 impatiens
3253 1698 3303 1750 iu
3335 1698 3435 1751 hoc
3466 1698 3656 1767 pelago

2070 1791 2300 1860 nmiget.
2333 1792 2589 1846 Paremus
2614 1790 2771 1846 nobis
2802 1805 2997 1855 naves;
3030 1790 3081 1844 id
3106 1799 3207 1856 est,
3239 1778 3475 1844 studium
3495 1830 3512 1850 .
3539 1792 3655 1844 ala-

2069 1882 2332 1946 critatem,
2363 1898 2568 1951 preces,
2589 1892 2645 1938 ut
2671 1898 2792 1937 cum
2819 1882 2996 1953 quiete
3018 1881 3143 1936 illud
3168 1882 3525 1951 trajicimnus:
3549 1886 3656 1936 ete

2070 1972 2305 2027 nimhazc
2326 1989 2459 2043 aqua
2480 1975 2666 2029 vivens
2695 1982 2796 2028 est.
2826 1975 2902 2028 Ac
2920 1973 2962 2027 si
2990 1973 3109 2043 quis
3132 1972 3409 2044 chalybem
3442 1974 3655 2042 igneum

2068 2065 2261 2135 capiat,
2293 2065 2370 2120 sic
2395 2066 2485 2136 qui
2518 2066 2740 2120 Paulum
2769 2066 2916 2120 novit
2941 2106 2955 2130 ,
2981 2074 3041 2119 ut
3069 2065 3292 2135 chalybs
3321 2064 3608 2118 roboratur
3637 2081 3651 2117 :

2068 2173 2131 2212 ac
2150 2158 2195 2212 si
2224 2158 2343 2228 quis
2364 2158 2598 2227 gladium
2622 2168 2837 2214 acutum
2862 2158 3074 2221 habeat,
3103 2158 3181 2212 sic
3208 2158 3328 2211 talis
3352 2157 3511 2210 homo
3534 2158 3651 2225 capi

2070 2267 2174 2306 non
2205 2253 2422 2321 poterit.
2462 2253 2635 2308 Etiam
2682 2253 2749 2308 ad
2786 2253 3126 2324 intelligenda
3159 2253 3307 2307 Pauli
3351 2269 3506 2308 sensa
3547 2254 3651 2308 vita

2066 2359 2199 2413 pura
2222 2354 2306 2399 est
2332 2360 2481 2414 opus.
2518 2344 2643 2400 Ideo
2663 2346 2876 2400 dicebat
2901 2364 2913 2399 :
2944 2344 3005 2398 In
3026 2345 3172 2399 lactis
3197 2346 3491 2399 necessitate
3510 2347 3650 2407 estis,

2067 2437 2188 2506 quia
2226 2435 2495 2492 imbecilles
2537 2436 2741 2491 auribus
2780 2437 2902 2508 facti
2935 2437 3051 2491 estis
3086 2436 3107 2508 (
3134 2436 3288 2491 Hebr.
3316 2438 3369 2491 5.
3410 2438 3497 2491 l2.
3534 2438 3648 2505 ll).

2070 2527 2166 2581 Est
2191 2528 2353 2593 enim,
2384 2537 2487 2594 est,
2510 2530 2746 2598 inquam,
2774 2528 3054 2583 infirmitas
3079 2528 3311 2582 auditus.
3336 2528 3481 2583 Sicut
3503 2531 3647 2583 enim

2069 2619 2378 2674 stomachus
2405 2634 2566 2674 sanos
2595 2630 2651 2675 et
2680 2619 2914 2674 difficilis
2940 2619 3201 2675 coctionis
3223 2619 3369 2673 cibos
3395 2633 3496 2673 non
3525 2634 3645 2672 sus-

2068 2712 2220 2783 cipit,
2246 2713 2290 2767 si
2317 2713 2386 2767 sit
2413 2713 2658 2767 infirmus
2692 2731 2705 2765 :
2740 2714 2818 2768 sic
2844 2722 2899 2768 et
2923 2713 3098 2766 anima
3131 2721 3340 2767 tumens
3365 2721 3417 2765 et
3449 2710 3647 2777 inflata,

2069 2805 2279 2861 enervis
2310 2805 2444 2860 facta
2475 2814 2529 2860 et
2548 2806 2827 2871 dissoluta,
2856 2822 2961 2860 non
2995 2814 3169 2875 potest
3188 2804 3514 2873 Spiritualem
3534 2818 3651 2860 seru

2071 2912 2283 2952 monem
2302 2897 2563 2966 accipere.
2587 2897 2725 2951 Audi
2754 2896 3046 2966 discipulos
3072 2896 3313 2950 dicentes
3343 2914 3355 2947 :
3385 2894 3557 2949 Durus
3578 2905 3650 2949 est

2071 2989 2153 3042 hic
2179 3005 2379 3051 sermo;
2420 2990 2531 3060 quis
2558 2991 2740 3061 poterit
2780 3007 2893 3042 eum
2920 2991 3099 3043 audire
3128 2989 3147 3060 (
3170 2988 3327 3042 Joan.
3356 2988 3409 3042 6.
3436 2989 3498 3042 61
3530 2985 3649 3058 )?Si

2070 3095 2198 3133 vero
2249 3080 2399 3134 fortis
2444 3089 2497 3134 ct
2542 3096 2668 3134 sana
2716 3081 2820 3147 sit,
2861 3080 3037 3134 omnia
3070 3080 3204 3133 levia
3229 3119 3243 3142 ,
3272 3079 3450 3132 omnia
3485 3078 3649 3131 facilia

2070 3181 2230 3238 sunt;
2258 3173 2521 3227 excelsior
2550 3174 2634 3226 illa
2664 3183 2717 3228 et
2747 3171 2915 3227 levior
2936 3173 3102 3241 magis
3128 3171 3373 3225 sublimis
3403 3170 3649 3234 efficitur,

2071 3274 2125 3318 et
2162 3264 2213 3317 in
2262 3264 2425 3316 altum
2465 3264 2684 3317 tollitur.
2724 3263 2849 3317 llmc
2894 3276 3021 3331 ergo
3042 3277 3160 3315 cum
3193 3261 3445 3321 sciamus,
3472 3272 3652 3312 sanam

2071 3356 2456 3410 constituamus
2487 3356 2720 3409 animam
2752 3364 2989 3409 nostram
3021 3371 3036 3407 :
3066 3354 3383 3407 aemulemur
3410 3352 3651 3416 Paulum,

2074 3447 2345 3501 imitemur
2385 3445 2574 3499 fortem
2606 3445 2746 3499 illam
2776 3456 2827 3499 et
2871 3444 3265 3497 adamantinam
3296 3443 3567 3507 animam;
3602 3451 3655 3496 ut

2073 3536 2189 3607 ejus
2214 3536 2336 3589 vita:
2366 3535 2586 3605 vestigia
2608 3544 2915 3604 sequentes,
2945 3534 3210 3603 possimus
3233 3534 3518 3603 praesentis
3538 3535 3655 3586 vitae

2071 3630 2294 3700 pelagus
2325 3629 2591 3697 trajicere,
2625 3638 2679 3682 et
2707 3627 2775 3681 ad
2808 3626 3149 3695 tranquillum
3180 3635 3394 3693 portum
3423 3626 3656 3695 appelle~

2074 3736 2172 3783 re,
2214 3735 2276 3773 ac
2318 3718 2578 3789 promissa
2623 3717 2963 3786 diligentibus
3008 3716 3172 3770 Deum
3201 3714 3341 3769 bona
3367 3717 3655 3784 consequi,

2072 3809 2241 3878 gratia
2282 3818 2335 3862 et
2378 3808 2706 3877 benignitate
2738 3805 2948 3859 Domini
2987 3804 3153 3859 nostri
3175 3804 3305 3859 Jesu
3332 3806 3551 3871 Christi,
3577 3805 3659 3860 cui

2073 3897 2240 3967 gloria
2271 3906 2325 3951 et
2351 3897 2657 3966 imperium,
2676 3911 2816 3953 nunc
2832 3905 2885 3951 et
2912 3909 3147 3967 semper,
3172 3905 3227 3950 et
3252 3895 3307 3951 in
3341 3897 3537 3952 saecula

2074 3986 2337 4043 culorum.
2366 3988 2555 4042 Amen.
