4002 6224
270 330 369 384 535

271 435 332 510 ἦν
359 438 550 493 λοιπὸν
577 438 675 492 τοῦ
727 439 1012 509 στεφάνου·
1053 439 1267 508 ἐδέξατο
1297 442 1460 497 αὐτὸν
1490 446 1524 516 ή
1576 443 1762 516 Ῥώμη
1796 445 1941 499 δεδε-

275 528 455 597 μένον,
483 525 581 579 καὶ
605 521 715 578 εἶδε
742 523 1147 594 στεφανωθέντα
1171 528 1260 580 καὶ
1281 529 1750 600 άνακηρυχθέντα.
1800 533 1945 585 Ἐκεῖ

274 613 830 680 Συναναπαύσομαι
875 609 1036 679 ὑμῖν,
1097 610 1222 683 ἔφη.
1287 614 1551 668 Ἐνταῦθα
1607 616 1940 688 πορεύομαι,

272 697 608 769 διακονήσων
653 700 736 761 εἰς
787 698 1155 769 Ἰερουσαλήμ.
1189 701 1262 753 Τὸ
1304 702 1359 754 δὲ
1407 703 1549 775 ἀρχὴ
1597 704 1692 756 τοῦ
1741 705 1943 775 δρόμου

274 789 435 842 πάλιν
459 785 550 860 ἦν.
587 790 683 842 καὶ
723 791 962 860 τρόπαια
988 791 1267 861 τροπαίοις
1298 793 1592 862 συνῆπτεν,
1629 794 1943 864 ἀκατάπλη-

275 894 400 941 κτος
431 876 528 930 ῶν.
567 876 835 948 Κόρινθος
868 877 1029 930 αὑτὸν
1076 879 1312 949 κατέσχε
1343 879 1436 932 δύο
1469 879 1587 950 ἐτη,
1640 881 1735 933 καὶ
1790 882 1944 935 Ἀσία

275 965 419 1035 τρία,
450 965 544 1017 καὶ
573 962 716 1033 αῦτη
749 963 842 1016 δύο
874 963 1030 1029 τέως,
1058 963 1196 1018 ὥστε
1224 965 1474 1037 δεύτερον
1508 967 1700 1037 ἐπέϐη,
1735 968 1823 1020 ὅτε
1854 969 1944 1021 καὶ

273 1052 583 1122 ἐτελειώθη.
634 1051 740 1104 Ἑν
768 1051 843 1120 τῇ
875 1051 1074 1120 πρώτῃ
1110 1070 1229 1120 μου
1259 1053 1575 1122 ἀπολογίᾳ,
1617 1055 1806 1125 φησὶν,
1843 1057 1945 1108 οὐ·

271 1139 396 1204 δεῖς
425 1157 529 1208 μοι
562 1137 1065 1207 συμπαρεγένετο.
1098 1138 1255 1191 Οὕτω
1283 1138 1504 1208 διέφυγε
1532 1141 1683 1206 τότε,
1712 1142 1806 1193 καὶ
1837 1143 1944 1194 πᾶο

273 1243 374 1279 σαν
404 1225 696 1296 ἐμπλήσας
719 1225 816 1295 τὴν
839 1224 1161 1296 οἰκουμένην
1185 1224 1280 1278 τοῦ
1315 1243 1382 1296 κη
1393 1226 1690 1296 ρύγματος.
1719 1226 1946 1279 κατέλυ-

276 1329 369 1364 σεν
391 1311 534 1364 οὕτω
560 1313 649 1363 τὸν
695 1311 827 1379 βίον.
879 1311 943 1362 Τί
979 1310 1199 1364 ἐϐούλου
1235 1311 1426 1381 μαθεῖν
1455 1313 1524 1366 τὰ
1561 1312 1699 1383 μετὰ
1735 1313 1940 1378 ταῦτα;

275 1397 515 1451 Τοιαῦτα
540 1400 656 1450 ἐστι
682 1399 928 1450 κάκεῖνα·
955 1397 1152 1467 δεσμά,
1183 1397 1429 1467 βάσανοι.
1465 1399 1656 1470 μάχαι,
1684 1401 1943 1467 φυλακαὶ,

276 1487 584 1548 ἐπιϐουλαὶ,
615 1485 992 1553 συκοφαντίαι,
1026 1484 1246 1539 θάνατοι
1269 1486 1647 1557 καθημερινοί.
1677 1484 1829 1550 Εἶδες
1849 1489 1946 1540 αύο

275 1573 371 1624 τοῦ
412 1571 607 1641 μικρὸν
649 1571 813 1641 μέρος
835 1588 848 1634 ;
874 1571 1129 1624 Τοιοῦτον
1158 1572 1268 1624 νόει
1292 1573 1386 1624 καὶ
1413 1573 1472 1624 τὸ
1497 1573 1702 1626 λοιπόν.
1735 1574 1946 1644 Ὠσπερ

277 1661 372 1712 ἐπὶ
397 1658 494 1711 τοῦ
526 1658 778 1728 ούρανοῦ,
806 1659 930 1710 ὅσον
954 1658 1019 1711 ἂν
1052 1658 1166 1729 ἴδῃς
1198 1659 1385 1724 αὑτοῦ,
1422 1658 1674 1712 τοσοῦτόν
1702 1659 1818 1711 ἐστι
1853 1660 1947 1712 καὶ

279 1746 342 1799 τὸ
387 1746 552 1800 ἄλλο·
594 1743 826 1814 ούρανοῦ
879 1744 989 1815 γὰρ
1036 1743 1102 1797 ἂν
1153 1744 1318 1816 μέρος
1355 1744 1524 1816 θεάσῃ
1569 1744 1648 1808 ἓν,
1700 1746 1834 1798 ὅπου
1883 1744 1949 1798 ἂν

280 1831 540 1901 ἀπέλθῃς,
577 1830 815 1883 τοιοῦτον
838 1830 958 1899 ὄψει
989 1830 1084 1883 καὶ
1111 1829 1173 1882 τὸ
1197 1830 1381 1883 λοιπόν
1404 1847 1419 1860 ·
1449 1830 1482 1901 ἢ
1511 1829 1763 1902 καθάπερ
1794 1830 1947 1900 ἡλίου

279 1920 381 1983 τὰς
426 1920 652 1980 ἀκτῖνας
697 1917 803 1970 κᾶν
849 1918 914 1970 ἐκ
945 1919 1144 1988 μέρους
1183 1917 1332 1987 ἴδῃς,
1363 1917 1602 1988 στοχάζῃ
1648 1918 1712 1970 ἐκ
1744 1917 1948 1970 τούτων

280 2001 390 2068 οἷος
428 2006 457 2057 ό
489 2004 671 2073 ἥλιος,
700 2002 844 2056 οὕτω
872 2004 966 2057 καὶ
998 2004 1090 2056 ἐπὶ
1132 2002 1365 2056 Παύλου.
1402 2003 1513 2065 Τὰς
1550 2003 1777 2073 πράξεις
1808 1999 1948 2066 εἶδες

281 2095 346 2146 ἐκ
373 2093 575 2163 μέρους
603 2089 791 2154 αὑτοῦ,
827 2093 998 2143 πᾶσαι
1023 2089 1268 2144 τοιαῦται
1295 2090 1658 2160 τυγχάνουσι,
1690 2089 1951 2143 κινδύνων

281 2181 568 2251 γέμουσαι.
600 2176 843 2249 Οὐρανὸς
873 2173 941 2248 ἦν
973 2179 1176 2240 ἐκεῖνος
1214 2177 1366 2247 ἥλιον
1396 2175 1742 2248 δικαιοσύνης
1785 2177 1944 2247 ἔχων,

282 2269 342 2321 ού
372 2265 635 2330 τοιοῦτον,
666 2265 805 2318 ὥστε
837 2264 930 2316 καὶ
956 2263 1185 2334 ούρανοῦ
1219 2262 1442 2334 βελτίων
1473 2265 1502 2316 ό
1532 2263 1691 2334 ἀνήρ,
1737 2265 1947 2334 Μικρὸν

279 2354 382 2407 οἴει
407 2354 564 2407 τοῦτο
592 2351 767 2418 εἶναι;
799 2353 911 2405 Ούκ
940 2351 1114 2419 ἔγωγε
1143 2348 1314 2421 οἶμαι.
1348 2351 1515 2404 Ὅταν
1547 2351 1841 2404 ἀπόστολον
1866 2353 1945 2404 ετο

279 2458 410 2511 πης,
435 2439 638 2502 εὐθέως
675 2439 876 2501 πάντες
913 2437 1075 2490 αὑτὸν
1114 2436 1402 2490 ἐννοοῦσιν·
1437 2436 1565 2489 ὃταν
1598 2435 1943 2507 Βαπτιστὴν,

279 2527 479 2590 εύθέως
553 2526 646 2578 τὸν
721 2524 995 2594 Ἰωάννην.
1068 2523 1188 2575 Τίνι
1259 2523 1320 2576 ἄν
1384 2537 1466 2586 τις
1536 2523 1826 2594 παραϐάλῃ
1879 2524 1949 2577 τά

279 2615 492 2670 ἐκείνου
541 2614 794 2684 ῥήματας
823 2611 1086 2682 θαλάσση,
1131 2611 1164 2681 ῆ
1198 2610 1293 2663 καλ⁸
1321 2608 1580 2680 ὠκεανῷ;
1625 2610 1765 2663 Ἀλλ’
1794 2610 1948 2664 οὐδὲν

281 2703 418 2757 ἴσον.
443 2699 630 2770 Πολλῷ
665 2699 870 2770 ταύτης
905 2697 1262 2768 δαψιλέστερα
1294 2696 1364 2749 τὰ
1401 2696 1649 2768 ῥεύματα
1671 2709 1696 2737 ⁸
1730 2697 1800 2750 τά
1827 2697 1949 2751 τού-

275 2808 394 2854 του,
429 2787 790 2859 καθαρώτερα
809 2785 904 2839 καὶ
936 2783 1226 2855 βαθύτερα,
1254 2783 1393 2836 ὥστε
1430 2785 1525 2837 καὶ
1553 2783 1828 2838 θάλασσαν
1853 2785 1946 2838 καὶ

275 2876 508 2949 οὐρανὸν
536 2877 640 2928 οὐκ
663 2875 728 2928 ἄν
754 2891 838 2937 τις
866 2873 1099 2942 ἁμάρτοι
1132 2872 1230 2942 τὴν
1262 2870 1475 2923 Παύλου
1502 2871 1728 2941 καρδίαν
1751 2871 1942 2938 εἰπὼν,

273 2967 337 3019 τὸ
383 2965 484 3036 μὲν
523 2964 612 3018 διὰ
654 2962 716 3015 τδ
760 2960 1019 3032 καθαρὸν,
1058 2960 1117 3012 τὸ
1158 2960 1214 3012 δὲ
1253 2959 1339 3012 διὰ
1380 2959 1440 3011 τὸ
1490 2957 1646 3027 βαθύ.
1689 2958 1945 3014 θάλασσά

273 3056 457 3119 ἐστιν,
513 3052 614 3105 ούκ
668 3050 777 3103 ἀπὸ
834 3048 1037 3111 πόλεως
1077 3049 1156 3110 είς
1195 3047 1348 3100 πόλιν
1401 3046 1608 3114 ἄγουσα
1663 3046 1790 3108 τοὺς
1845 3049 1945 3114 ἐμ-

274 3141 566 3204 πλέοντας,
597 3137 714 3191 ἀλλ’
739 3136 846 3189 ἀπὸ
877 3137 978 3205 γῆς
1002 3137 1080 3198 είς
1105 3134 1353 3206 οὐρανόν·
1382 3133 1539 3197 εἴτις
1564 3132 1768 3204 ταύτην
1795 3133 1945 3186 πλέοι

271 3229 372 3300 τὴν
430 3227 730 3290 θάλασσαν,
781 3224 840 3290 ἐξ
888 3223 1077 3293 οὐρίας
1134 3221 1449 3275 πλεύσεται.
1516 3222 1604 3274 Ἐν
1653 3220 1822 3292 ταύτῃ
1877 3222 1942 3292 τῇ

247 3316 528 3386 ,θαλάσσῃ
574 3313 676 3365 οὐκ
721 3312 930 3380 ἄνεμοι,
971 3309 1085 3363 ἀλλ’
1129 3309 1250 3362 ἀντὶ
1289 3308 1504 3378 ἀνέμων
1550 3305 1775 3376 Πνεῦμα
1803 3307 1945 3360 θεῖον

271 3404 432 3472 ἅγιον
465 3401 567 3464 τὰς
615 3397 958 3468 ἐμπλεούσας
1003 3395 1362 3466 παραπέμπει
1408 3395 1608 3465 ψυχάς·
1651 3395 1752 3448 οὐκ
1797 3394 1946 3448 ἐστιν

269 3489 516 3543 ἐνταῦθα
553 3485 806 3556 κύματα,
851 3484 949 3536 οὐκ
984 3483 1097 3535 ἐστι
1143 3483 1426 3547 σκόπελος,
1469 3481 1570 3534 οὑκ
1609 3480 1724 3533 ἔστι
1759 3480 1941 3552 θηρία·

268 3577 458 3634 πάντα
489 3571 724 3643 γαληνὰ.
773 3570 1026 3624 Θάλασσά
1066 3571 1180 3623 ἐστι
1221 3570 1439 3640 λιμένος
1469 3569 1808 3639 γαληνοτέρα
1850 3569 1948 3622 καὶ

268 3661 683 3734 ἀσφαλεστέρα,
712 3659 864 3713 οῦδὲν
886 3658 1127 3728 ἁλμυρὸν
1161 3657 1359 3728 ἔχουσα
1379 3696 1394 3722 ,
1428 3656 1566 3710 ἀλλὰ
1594 3657 1777 3726 πηγὴν
1815 3655 1944 3727 [κα.

267 3751 454 3823 θαράν
484 3748 605 3820 καὶ]
633 3747 825 3818 ἣδιστα
855 3745 1086 3815 ῥέουσαν
1113 3745 1329 3814 νάματα
1348 3783 1362 3808 ,
1385 3744 1536 3814 ἡλίου
1562 3742 1947 3813 λαμπροτέραν

267 3843 366 3894 καὶ
385 3841 470 3893 διε
479 3835 781 3905 ιδεστέραν·
801 3832 1048 3886 θάλασσά
1063 3834 1198 3895 ἐστι,
1215 3833 1274 3885 ού
1291 3831 1473 3894 λίθους
1497 3830 1696 3900 ἔχουσα
1713 3828 1948 3899 τιμίους,

264 3929 390 3982 οὐδὲ
422 3921 728 3994 ἁλουργίδα
755 3919 1040 3992 τοιαύτην,
1073 3918 1208 3972 ἀλλὰ
1243 3919 1500 3989 κτήματα
1531 3915 1712 3986 πολλῷ
1743 3915 1949 3969 τούτων

264 4013 496 4085 βελτίω.
556 4009 616 4062 '0
659 4005 979 4079 βουλόμενος
1019 4005 1099 4068 είς
1129 4003 1287 4057 τοῦτο
1328 4001 1574 4057 καθεῖναι
1613 3999 1677 4056 τό
1715 4001 1951 4070 πέλαγος

284 4094 288 4097 ’
327 4116 356 4145 ι
387 4113 480 4162 Sic
503 4107 661 4160 smn.
688 4112 845 4157 recte.
882 4104 1052 4155 Morel.
1079 4102 1140 4152 τὰ
1163 4105 1370 4168 ῥήματα,
1450 4136 1457 4145 .

1380 324 1451 382 IN
1491 326 1675 382 ALTA
1702 325 2247 395 APOSTGLOBUM.
2291 328 2526 386 ΠΟΜΖῘ..
2556 329 2662 386 ιν.

3595 327 3702 380 5δῶ

2046 449 2259 514 ἑαυτὸν,
2290 449 2353 503 οὐ
2380 446 2735 518 κολυμϐητῶν
2763 447 2954 508 δεῖται,
2981 444 3081 500 οὐκ
3103 444 3305 511 ἐλαίου,
3335 445 3473 501 ἀλλὰ
3495 447 3714 516 φιλοσο-

2046 536 2170 603 φίας
2201 535 2418 604 πολλῆς·
2445 535 2668 604 εὑρήσει
2697 535 2753 585 ἐν
2782 533 2931 602 αύτῷ
2954 533 3128 586 πάντα
3153 532 3222 584 τὰ
3250 532 3428 598 ἀγαθὰ
3455 532 3526 585 τὰ
3553 536 3610 586 ὲν
3641 537 3707 603 τῇ

2047 622 2295 693 βασιλείᾳ
2323 622 2430 674 τῶν
2462 621 2725 691 οὐρανῶν.
2771 619 2829 672 '0
2863 619 3103 682 τοιοῦτος
3129 617 3276 690 [416]
3308 620 3398 672 καὶ
3426 620 3714 690 δυνήσεται

2041 709 2298 777 γενέσθαι
2325 709 2600 781 βασιλεὺς,
2633 707 2727 759 καὶ
2755 706 2934 759 πάντα
2957 707 3046 758 τὸν
3072 707 3275 776 κόσμον
3303 707 3507 773 λαϐεῖν,
3539 708 3628 760 καὶ
3654 710 3712 760 ἐν

2042 799 2176 868 τιμῇ
2204 792 2339 849 εἶναι
2383 794 2610 866 μεγίστῃ
2629 810 2641 823 ·
2675 793 2703 844 ό
2740 792 2942 862 ταύτην
2981 792 3162 845 πλέων
3188 793 3288 862 τὴν
3317 792 3592 846 θάλασσαν
3619 793 3710 844 ού-

2043 883 2234 938 δέποτε
2251 887 2507 950 ναυάγιον
2529 881 2914 949 ὑποστήσεται,
2933 879 3067 930 ἀλλά
3084 878 3260 930 πάντα
3277 877 3480 932 εἰσεται
3504 879 3708 942 καλῶς.

2057 970 2196 1023 Ἀλλ’
2219 969 2404 1038 ὥσπερ
2427 969 2476 1020 οἱ
2497 966 2699 1036 ταύτης
2720 965 2938 1034 ἄπειροι
2961 965 3058 1032 τῆς
3084 965 3358 1034 θαλάσσης
3383 965 3710 1034 ἀποπνίγον-

2043 1073 2154 1119 ται,
2181 1054 2324 1108 οῦτω
2349 1054 2412 1123 δὴ
2439 1054 2532 1106 καὶ
2557 1052 2808 1105 ἐνταῦθα·
2832 1052 2970 1120 ὅπερ
2997 1049 3061 1119 δὴ
3091 1050 3360 1118 πάσχουσι
3384 1050 3479 1101 καὶ
3505 1051 3710 1119 αἱρετι-

2046 1143 2132 1196 κοὶ
2153 1145 2262 1203 τοῖς
2284 1141 2423 1212 ὑπὲρ
2448 1140 2676 1209 δύναμιν
2705 1137 3098 1210 ἐγχειροῦντες.
3121 1139 3214 1188 Δεῖ
3242 1136 3306 1203 δὴ
3331 1136 3391 1188 τὸ
3416 1135 3576 1205 βάθος
3599 1135 3710 1187 τοί-

2044 1246 2139 1282 νυν
2163 1230 2380 1288 είδέναι,
2419 1228 2452 1297 ἢ
2489 1227 2562 1298 μὴ
2591 1226 2958 1296 κατατολμᾷν.
3007 1225 3105 1277 Ἂν
3143 1223 3429 1295 μέλλωμεν
3463 1223 3615 1274 πλεῖν
3653 1220 3716 1274 τὸ

2047 1316 2281 1383 πέλαγος
2303 1314 2478 1377 τοῦτο,
2505 1312 2729 1376 εύζωνοι
2746 1311 3052 1381 γενώμεθα.
3080 1313 3198 1365 Οὐκ
3217 1310 3533 1378 ἠδυνήθην
3550 1308 3717 1376 ὑμῖν,

2046 1403 2199 1474 φησὶ,
2228 1400 2495 1468 λαλῆσαι
2521 1400 2601 1465 ὠς
2631 1397 3073 1466 πνευματικοῖς,
3105 1399 3243 1451 ἀλλ’
3276 1397 3357 1461 ὠς
3381 1394 3714 1462 σαρκικοῖς.

2045 1489 2248 1559 Μηδεὶς
2272 1488 2645 1558 ἀκαρτέρητος
2681 1484 2838 1537 τοῦτο
2881 1483 3083 1536 πλείτω
3111 1483 3171 1535 τὸ
3233 1483 3488 1549 πέλαγος.
3534 1483 3718 1533 Κατα-

2050 1577 2413 1644 σκευάσωμεν
2446 1575 2658 1634 ἑαυτοῖς
2689 1571 2873 1632 πλοῖα,
2901 1569 3179 1622 τουτέστιν
3197 1569 3466 1638 σπουδὴν,
3516 1567 3720 1638 προθυ-

2052 1663 2202 1733 μίαν,
2231 1660 2415 1731 εύχὰς,
2444 1660 2583 1712 ὥστε
2617 1657 2864 1710 διανύσαι
2888 1657 2948 1709 τὸ
2989 1657 3225 1724 πέλαγος
3265 1658 3322 1708 ἐν
3353 1655 3576 1730 ἡσυχία·
3623 1655 3718 1707 καὶ

2047 1750 2156 1821 γὰρ
2182 1749 2244 1802 τὸ
2270 1748 2414 1819 ὓδωρ
2435 1746 2592 1799 τοῦτο
2615 1745 2720 1809 ζῶν
2745 1746 2879 1797 ἐστι.
2904 1743 3170 1813 Καθάπερ
3194 1742 3348 1805 εἴτις
3371 1742 3540 1814 πυρὸς
3559 1741 3717 1794 λάϐοι

2050 1837 2244 1907 στόμα,
2275 1835 2446 1898 οὕτως
2478 1835 2506 1886 ὁ
2545 1833 2754 1887 Παῦλον
2786 1831 2940 1895 εἰδὼς
2981 1830 3273 1896 στομοῦται
3299 1827 3352 1866 δ’
3385 1828 3637 1899 καθάπερ
3669 1826 3723 1880 εῐ

2046 1940 2130 1986 τις
2160 1924 2434 1992 μάχαιραν
2449 1921 2626 1988 ὀξεῖαν
2657 1920 2792 1990 ἔχοι,
2820 1919 2991 1981 οὕτως
3020 1920 3048 1972 ό
3084 1918 3324 1979 τοιοῦτος
3349 1917 3511 1969 πάλιν
3537 1915 3714 1969 ἀκάθ-

2049 2029 2207 2075 εκτος
2262 2012 2492 2078 γίνεται.
2529 2010 2640 2064 Καὶ
2674 2009 2809 2078 πρὸς
2843 2008 2905 2059 τὸ
2931 2008 3121 2076 νοῆσαι
3159 2006 3214 2058 δὲ
3253 2005 3319 2056 τὰ
3348 2004 3560 2057 Παύλου
3598 2003 3714 2072 βίου

2049 2098 2291 2169 καθαροῦ
2341 2098 2530 2150 δεῖται.
2581 2095 2680 2149 Διὰ
2724 2095 2880 2148 τοῦτο
2930 2095 3024 2146 καὶ
3067 2094 3246 2160 ἔλεγε·
3292 2091 3606 2154 Γάλακτος
3647 2090 3717 2142 ἐν

2048 2188 2219 2256 χρείᾳ
2256 2185 2605 2248 κατέστητε,
2635 2183 2764 2235 ἐπεὶ
2799 2179 3008 2249 νωθροὶ
3033 2181 3311 2248 γεγόνατε
3333 2177 3460 2241 ταῖς
3486 2175 3714 2240 ἀκοαῖς.

2052 2275 2206 2326 Ἐστι
2250 2272 2380 2341 γάρ,
2430 2271 2590 2326 ἐστιν.
2617 2269 2869 2322 ἀσθένεια
2918 2268 3017 2337 τῆς
3060 2266 3248 2335 ἀκοῆς.
3299 2264 3566 2331 Καθάπερ
3606 2262 3716 2332 γὰρ

2050 2361 2321 2431 στόμαχος
2367 2358 2466 2412 ούκ
2500 2357 2565 2412 ἂν
2601 2356 2813 2420 δέξαιτο
2863 2353 3077 2422 ὑγιεινὰ
3115 2353 3260 2404 σιτία
3300 2351 3394 2403 καὶ
3417 2347 3716 2417 δυσκατέρ-

2047 2465 2223 2517 γαστα
2244 2487 2258 2510 ,
2293 2447 2523 2516 ἀσθενὴς
2562 2443 2659 2507 ὣν,
2705 2443 2848 2496 οὕτω
2879 2442 2970 2494 καὶ
3006 2439 3152 2510 ψυχὴ
3184 2437 3518 2506 όγκωθεῖσα,
3545 2435 3713 2503 φλεγ-
3787 2481 3790 2486 .

2050 2537 2333 2607 μαίνουσα,
2365 2535 2551 2596 ἄτονος
2585 2530 2852 2600 γενομένη
2888 2530 2982 2582 καὶ
3023 2527 3265 2587 ἔκλυτος,
3324 2525 3426 2576 οὐκ
3458 2522 3524 2574 ἂν
3551 2521 3713 2590 δυνη-

2048 2624 2166 2694 θείη
2199 2621 2456 2686 δέξασθαι
2499 2619 2590 2672 τὸν
2623 2616 2994 2687 πνευματικὸν
3023 2614 3202 2681 λόγον.
3251 2609 3585 2694 ’Λκουετῶν
3621 2625 3719 2677 μα-

2048 2693 2224 2780 θητῶν
2251 2709 2549 2776 λεγόντων·
2584 2705 2856 2773 Σκληρός
2895 2703 3064 2755 ἐστιν
3101 2703 3133 2754 ὁ
3181 2701 3363 2766 λόγος
3403 2693 3599 2760 οὗτος·
3628 2695 3718 2758 τίς

2046 2797 2290 2850 δύναται
2316 2793 2500 2848 ἀὺτοῦ
2534 2793 2808 2853 ἀκούειν;
2840 2792 2936 2842 Ἀν
2969 2789 3024 2840 δὲ
3067 2787 3260 2855 ισχυρὰ
3356 2783 3450 2834 καὶ
3482 2781 3713 2850 ὑγιεινὴ,

2050 2884 2225 2938 πάντα
2262 2883 2468 2952 ῥᾷστα,
2512 2880 2689 2932 πάντα
2733 2876 2962 2937 εὔκολα,
3011 2872 3319 2942 ὑψηλοτέρα
3366 2869 3573 2937 γίνεται
3622 2865 3717 2918 καὶ

2051 2969 2375 3037 κουφοτέρα,
2411 2966 2610 3036 μᾶλλον
2646 2961 3034 3033 μετεωρίζεται
3070 2959 3164 3012 καὶ
3194 2959 3272 3019 είς
3306 2955 3435 3024 ὕψος
3481 2954 3714 3021 αἴρεται.

2050 3055 2236 3110 Ταῦτα
2276 3050 2368 3107 οῦν
2403 3053 2599 3115 εἰδότες
2631 3048 2868 3119 ὑγιεινὴν
2899 3047 3054 3117 ἡμῶν
3087 3042 3588 3109 κατασκευάσωμεν
3617 3038 3717 3107 τὴν

2049 3141 2247 3211 ψυχὴν,
2289 3140 2381 3192 καὶ
2425 3138 2758 3208 ζηλὼσωμεν
2800 3135 2893 3186 τὸν
2937 3131 3172 3194 Παῦλον,
3209 3130 3302 3182 καὶ
3347 3123 3716 3211 μιμησώμεθα

2051 3209 2432 3299 γενναίαν
2469 3225 2685 3294 ἐκείνην
2715 3224 2810 3276 καὶ
2840 3219 3205 3291 ἀδαμαντίνην
3235 3215 3432 3286 ψυχήν·
3471 3213 3559 3264 ἵνα
3595 3209 3714 3262 κατ’

2056 3297 2199 3388 ἴχνος
2220 3315 2327 3368 τῶν
2355 3314 2543 3381 ἐκείνῳ
2562 3311 2905 3384 βεϐιωμένων
2930 3306 3302 3378 πορευόμενοι,
3323 3299 3635 3388 δυνηθῶμεν
3657 3297 3719 3388 τὸ

2053 3385 2288 3471 πέλαγος
2339 3401 2433 3454 τοῦ
2480 3401 2746 3471 παρόντος
2795 3397 2910 3467 βίου
2963 3391 3324 3451 διαπλεῦσαι,
3367 3389 3462 3441 καὶ
3507 3386 3584 3448 εἰς
3625 3385 3717 3436 τὸν

2051 3489 2363 3560 ἀκύμαντον
2395 3488 2592 3558 λιμένα
2624 3485 2990 3554 καταντῆσαι,
3027 3480 3122 3533 καὶ
3153 3478 3261 3530 τῶν
3291 3472 3718 3545 ἐπηγγελμένων

2052 3577 2273 3645 ἀγαθῶν
2294 3580 2405 3640 τοῖς
2426 3575 2592 3639 ἀξίως
2611 3573 2705 3626 τοῦ
2730 3569 2966 3642 Χριστοῦ
2987 3568 3192 3640 βιοῦσιν
3213 3565 3510 3633 ἐπιτυχεῖν,
3533 3560 3718 3645 χάριτι

2052 3643 2146 3716 καὶ
2185 3661 2566 3732 φιλανθρωπίᾳ
2623 3658 2718 3712 τοῦ
2762 3656 2970 3728 Κυρίου
3014 3652 3175 3726 ἡμῶν
3225 3649 3402 3722 Ἰησοῦ
3445 3643 3716 3717 Χριστοῦ,

2056 3750 2174 3821 μεθ’
2207 3745 2269 3803 οῦ
2291 3749 2370 3816 τῷ
2402 3749 2582 3817 Πατρὶ
2607 3746 2723 3817 ἆμα
2748 3745 2826 3816 τῷ
2848 3743 2989 3813 άγίῳ
3013 3740 3293 3811 Πνεύματι
3315 3737 3466 3801 δόξα,
3493 3732 3714 3804 κράτος,

2047 3839 2208 3909 τιμὴ,
2237 3837 2333 3891 νῦν
2378 3839 2473 3890 καλ⁸
2514 3837 2634 3900 ἀεὶ,
2670 3836 2764 3888 καὶ
2799 3836 2880 3897 είς
2920 3835 3048 3895 τοὺς
3099 3830 3302 3892 αἰῶνας
3337 3825 3446 3880 τῶν
3482 3821 3714 3878 αἰώνων.

2063 3927 2258 3997 Ἀμήν.

2114 4028 2144 4068 δ
2178 4027 2362 4076 Omnes
2389 4024 2494 4074 fere
2515 4037 2652 4080 mss...
2675 4024 2826 4077 οὕτως
2860 4024 2888 4070 ό
2910 4019 3105 4069 Παῦλον
3127 4018 3263 4073 εἰδὼς
3281 4010 3562 4076 στομοῦται.
3586 4005 3714 4063 Ειϋιὶ

2053 4093 2080 4140 ὁ
2105 4086 2300 4143 Παῦλος
2322 4087 2445 4143 εἶδος
2465 4085 2748 4149 στομοῦται,
2773 4083 2976 4134 obscura
2996 4081 3164 4130 dictio.
