4002 6224
413 301 524 356 885
1633 315 1644 318 -
1849 284 1993 341 ΡΒᾸ

2111 282 2226 343 ΤΙΟ
3589 285 3691 343 που

425 431 3686 480 m

1493 661 2606 817 PRZEFATIO

1795 958 1904 1021 AD
1961 959 2327 1021 HOMILIAS

882 1174 1034 1284 IN
1125 1169 2022 1283 EPISTOLAM
2135 1170 2332 1280 AD
2444 1169 3223 1283 BOMANOS.

495 1654 642 1709 Inter
662 1654 1021 1726 clegantiores
1042 1665 1099 1708 et
1122 1652 1598 1724 pnestantissimas
1626 1650 1997 1722 Chrysostomi
2028 1649 2322 1704 conciones
2350 1647 2597 1702 llomilize
2637 1647 2692 1702 in
2726 1647 3019 1717 Epistolam
3049 1649 3117 1705 ad
3145 1650 3428 1706 Romanos
3460 1666 3698 1708 censen-

427 1757 538 1803 tur.
593 1747 687 1804 llis
732 1749 877 1803 enim
928 1749 1238 1802 accuratius
1296 1746 1689 1802 concinnandis
1737 1761 1958 1816 operam
2017 1745 2172 1800 Dedit
2209 1743 2401 1798 doctor
2453 1751 2661 1803 noster,
2695 1742 2824 1812 quia
2867 1742 2921 1796 in
2958 1742 3060 1798 hac
3094 1744 3324 1814 epistola
3364 1761 3463 1800 sua
3506 1745 3736 1801 Paulus

421 1841 656 1896 obscura
718 1843 1124 1909 humanumque
1176 1841 1518 1896 ratiocinium
1570 1840 1953 1910 exsuperantia
1995 1841 2166 1892 multa
2206 1838 2594 1901 admiscuerat,
2627 1851 2747 1905 quae
2797 1837 3081 1908 ingenioso
3123 1853 3188 1893 ae
3245 1849 3476 1895 strenuo
3529 1840 3706 1896 inter-

425 1941 582 2001 prete
606 1949 744 2002 opus
771 1935 993 1988 habent.
1027 1932 1375 2004 Explicandis
1402 1931 1616 1985 arcanis
1645 1930 1751 1984 illis
1781 1930 2073 2000 mysteriis,
2097 1945 2218 2000 qua:
2247 1931 2446 1999 passim
2474 1932 2528 1986 in
2561 1934 2661 1988 hac
2690 1935 2838 1990 Pauli
2871 1935 3097 2004 epistola
3137 1946 3459 2001 occurrunt,
3495 1944 3708 1992 tantam

423 2019 665 2078 Joannes
721 2033 908 2080 noster
951 2024 1205 2079 adhibuit
1257 2039 1501 2092 operam,
1558 2030 1614 2075 nt
1668 2020 1754 2074 vix
1804 2036 1988 2090 parem
2046 2021 2101 2075 in
2150 2021 2368 2091 scriptis
2419 2023 2540 2092 ejus
2589 2024 2990 2094 deprehendas.
3036 2027 3105 2080 Et
3137 2035 3288 2081 certe
3323 2025 3492 2081 multa
3523 2027 3579 2080 in
3612 2013 3704 2081 illa

426 2119 701 2175 habentur
729 2117 874 2172 circa
903 2118 1131 2188 gratiam
1187 2123 1244 2170 et
1284 2113 1839 2184 pnedestinationem,
1876 2131 1998 2184 qua:
2039 2114 2494 2185 peritissimorum
2541 2115 2758 2188 ingenia
2803 2126 3113 2181 exerceant,
3147 2133 3378 2188 qumque
3429 2135 3538 2172 non
3582 2121 3705 2174 sine

425 2211 649 2267 errandi
684 2209 930 2280 periculo
957 2207 1180 2264 tractari
1212 2215 1463 2278 possunt,
1487 2207 1594 2260 nisi
1619 2222 1814 2279 magna
1846 2207 2028 2261 cautio
2055 2207 2400 2262 adhibeatur.
2427 2207 2619 2262 Mirum
2661 2218 2926 2279 quantum
2961 2209 3211 2265 homilias
3251 2211 3414 2266 hasce
3465 2211 3708 2268 Isidorus

427 2306 698 2362 Pelusiota
733 2304 1112 2368 celebraverit,
1143 2305 1234 2374 qui
1267 2302 1346 2358 sic
1377 2302 1540 2357 habet
1562 2303 1656 2358 lib.
1690 2303 1724 2357 ὕ
1747 2306 1798 2356 in
1826 2301 2007 2371 Episto

2125 2302 2162 2355 Ξ
2188 2302 2254 2356 ad
2287 2302 2554 2357 Isidornm
2590 2303 2878 2358 diaconum
2909 2324 2923 2360 :
2955 2305 3043 2358 Ἑν
3072 2309 3138 2376 τῇ
3169 2306 3437 2380 ἑρμηνείᾳ
3464 2309 3532 2378 τῇ
3566 2323 3705 2378 προς

437 2397 743 2468 Ῥωμαίους
789 2397 1022 2466 μάλιστα
1052 2397 1084 2466 ὴ
1121 2396 1370 2450 Ἰωάννου
1399 2394 1490 2448 τοῦ
1527 2394 1805 2463 πινσόφου
1843 2394 2005 2463 σοφία
2039 2392 2488 2465 τεοησαὺρισται·
2534 2391 2687 2465 οἶμαι
2714 2396 2844 2466 γὰρ.
2873 2397 2967 2450 καὶ
3003 2397 3077 2467 μή
3119 2415 3201 2458 τις
3234 2397 3372 2468 πρὸς
3420 2400 3585 2470 χάριν
3616 2400 3705 2452 λε-

428 2507 552 2560 γειν
601 2488 889 2562 νομιζέτω,
924 2489 1006 2541 ὅτι
1053 2491 1101 2542 ει
1143 2486 1173 2539 ὁ
1230 2484 1443 2549 Παῦλος
1505 2489 1534 2538 ὁ
1584 2484 1870 2545 Θεσπέσιος
1921 2484 2174 2554 Ἀττικὴν
2223 2484 2412 2554 εἴληφε
2458 2485 2729 2553 γλῶτταν,
2775 2485 2916 2538 ὥστε
2963 2487 3154 2540 ἑαυτὸν
3192 2488 3550 2559 ἑρμηνεῦσαι.
3605 2492 3708 2545 οὐκ

433 2584 501 2639 ἂν
531 2583 706 2647 ἄλλως
735 2583 1102 2655 ήρμήνευσεν,
1139 2579 1172 2651 ἢ
1203 2579 1278 2643 ὡς
1310 2581 1338 2632 ὁ
1369 2576 2036 2648 πῳειρημένοςνάοξδιμος
2075 2579 2246 2648 ἀνὴρ·
2275 2577 2419 2632 οὕτω
2452 2577 2546 2632 καὶ
2579 2578 2951 2650 ἐνθυμήμασι,
2989 2581 3082 2634 καὶ
3119 2581 3305 2635 κάλλει
3328 2583 3421 2636 καὶ
3456 2584 3708 2652 κυριολε-

435 2673 525 2748 εἷα
555 2674 949 2745 κεκόσμηταιὴ
980 2671 1266 2744 ἑρμηνεία.
1296 2671 1354 2725 Id
1381 2680 1465 2725 est
1492 2689 1503 2724 :
1545 2670 1609 2724 In
1639 2672 2015 2723 commentario

2128 2673 2280 2726 rxime
2315 2672 2369 2724 in
2400 2670 2698 2741 Epistolam
2726 2674 2796 2726 ad
2827 2672 3093 2727 Romanos
3123 2675 3454 2744 sagacissimi
3479 2674 3708 2730 Joannis

430 2767 710 2835 sapientia:
762 2764 992 2818 thesauri
1046 2763 1526 2831 deprehenduntur.
1587 2761 1724 2815 Puto
1777 2762 1959 2826 enim;
2008 2780 2072 2815 ac
2118 2779 2180 2815 ne
2237 2763 2352 2832 quis
2407 2780 2488 2816 me
2543 2767 2614 2817 att
2670 2765 2904 2835 gratiam
2962 2765 3104 2836 loqui
3163 2769 3422 2822 existimet
3465 2784 3484 2822 :
3521 2785 3566 2822 st
3628 2769 3709 2822 di-

432 2862 585 2914 vinus
637 2857 836 2912 Paulus
891 2858 1068 2910 Attica
1124 2873 1248 2910 usus
1292 2856 1474 2927 lingua
1527 2856 1863 2924 semetipsum
1923 2856 2298 2925 interpretatus
2349 2857 2556 2924 (uisset,
2612 2873 2715 2909 non
2760 2856 2869 2910 alio
2918 2859 3072 2912 modo
3118 2860 3479 2928 expositurum
3525 2863 3709 2931 fuisse,

435 2968 600 3023 quam
643 2957 964 3002 memoratus
1005 2948 1313 3018 conspicuus
1336 2946 1414 3000 oir
1441 2962 1462 3000 :
1487 2947 1563 2998 ita
1600 2962 1783 3013 nempe
1814 2962 1990 3010 sensu,
2019 2946 2284 3016 elegantia
2316 2957 2363 3014 et
2399 2947 2674 3001 uerborum
2701 2949 3025 3018 proprietate
3052 2951 3166 3020 ejus
3196 2951 3568 3021 interpretatio
3621 2975 3709 3011 or-

439 3053 625 3102 uritur.

508 3133 609 3190 Alii
642 3148 858 3202 quoque
883 3132 1026 3188 docti
1048 3131 1148 3186 viri
1179 3131 1427 3186 eamdem
1470 3131 1538 3187 de
1575 3130 1724 3186 hisce
1748 3131 2108 3186 concinnibus
2137 3130 2465 3185 sententiam
2498 3133 2803 3202 proferunt.
2840 3135 3044 3192 Omnes
3072 3138 3309 3209 denique
3337 3140 3428 3198 hic
3458 3158 3710 3215 magnam

440 3231 643 3308 ingenii
675 3228 1054 3292 subtilitatem,
1087 3229 1281 3284 orandi
1312 3231 1423 3284 vim
1453 3239 1509 3284 et
1536 3227 1858 3300 elegantiam
1887 3226 2330 3296 deprehendunt,
2359 3233 2524 3296 atque
2555 3228 2794 3283 nativam
2828 3231 2946 3300 eius
2983 3231 3373 3302 eloquentiam,
3399 3217 3710 3309 stylurnqno

435 3324 653 3382 exteris
678 3321 1053 3391 Chrysostomi
1090 3322 1347 3392 Operihus
1369 3322 1449 3377 sic
1478 3321 1716 3384 allinem,
1747 3328 1804 3374 ut
1827 3336 1934 3373 non
1963 3318 2033 3374 sit
2057 3333 2220 3374 ovum
2248 3334 2352 3374 ovo
2385 3319 2616 3375 similius
2654 3335 2670 3375 :
2702 3322 2774 3376 ita
2804 3333 2863 3378 ut
2891 3340 2960 3379 ne
2987 3341 3130 3381 unus
3165 3327 3387 3397 quidem
3420 3330 3713 3390 dubitaveo

439 3417 534 3480 rit,
571 3413 704 3485 quin
733 3410 836 3463 hoc
858 3408 930 3463 sit
957 3425 1147 3464 verum
1170 3420 1225 3466 et
1246 3426 1569 3483 germanum
1592 3409 1967 3481 Chrysostomi
1999 3424 2161 3478 opus.

513 3509 631 3563 Non
658 3526 757 3581 par
781 3520 1088 3564 consensus
1120 3504 1448 3574 scriptorum
1479 3512 1561 3558 est
1592 3504 1734 3555 circa
1768 3501 1968 3568 locum,
2001 3501 2090 3556 ubi
2121 3503 2283 3556 hasce
2313 3502 2608 3558 conciones
2639 3505 2828 3560 habuit
2855 3505 3294 3579 Chrysostomus.
3331 3509 3482 3586 [M8]
3503 3513 3714 3580 Quari-

442 3607 533 3655 tur
563 3601 729 3664 enim,
758 3599 1134 3656 Antiochiaene
1161 3613 1228 3652 an
1265 3596 1733 3666 Constantinopoli
1769 3595 1886 3650 haec
1909 3594 2302 3664 pmdieaverit.
2339 3595 2574 3650 Savilius
2603 3599 2906 3656 Antiochiae
2933 3602 3106 3658 dictas
3133 3603 3396 3662 Homilias
3423 3607 3491 3662 ad
3515 3609 3714 3664 Roma-

441 3705 544 3745 nos
573 3690 744 3746 fuisse
771 3690 1050 3760 opinatur,
1083 3687 1410 3743 auctoritate
1437 3687 1634 3741 ductus
1663 3684 1862 3750 Photii,
1886 3685 1977 3755 qui
2012 3685 2086 3741 ait
2115 3685 2485 3742 Antiochenas
2522 3687 2896 3760 Chrysostomi
2927 3693 3178 3748 homilias
3202 3698 3711 3772 ConstantinOpoli-

441 3783 587 3842 tauis
609 3783 853 3854 ejusdem
892 3795 1015 3836 esse
1041 3779 1426 3852 elegantiores.
1453 3777 1590 3833 Cum
1623 3779 1831 3833 videret
1861 3794 1989 3850 ergo
2013 3776 2247 3832 Savilius
2278 3778 2377 3832 has
2406 3780 2700 3834 conciones
2731 3792 2992 3850 praestare
3013 3784 3238 3851 salibus,
3272 3790 3454 3845 nervis
3499 3800 3562 3846 et
3605 3794 3714 3848 elo.

440 3877 684 3949 quentia,
721 3873 1024 3929 Antiochia:
1053 3872 1410 3926 concinnatas
1455 3880 1511 3926 et
1545 3869 1760 3925 habitas
1790 3867 1958 3924 fuisse
1989 3867 2387 3937 pronuntiavit.
2415 3867 2615 3923 Verum
2654 3869 2770 3924 haec
2799 3869 2980 3926 Photii
3017 3881 3143 3927 nota
3171 3876 3382 3938 critica,
3417 3895 3540 3950 qua:
3575 3898 3714 3954 saepe

442 3987 568 4027 vera
598 3986 721 4027 esse
766 3968 1172 4040 comprobatur,
1209 3957 1502 4021 nonnullas
1543 3964 1708 4018 habet
1735 3961 2103 4031 exceptiones.
2145 3961 2450 4030 Aliquando
2488 3964 2633 4016 enim
2679 3962 3302 4038 Constantinopolitana:
3333 3971 3710 4047 Chrysostomi

439 4065 734 4122 conciones
762 4063 1010 4134 quaedam
1041 4059 1283 4116 ltomiliis
1307 4058 1516 4127 aliquot
1546 4054 1902 4109 Antiochenis
1924 4053 2190 4123 elegantia
2228 4064 2357 4108 sunt
2379 4056 2799 4124 anteponendas.

513 4154 894 4211 Tillemomius
915 4169 1063 4218 vero,
1081 4153 1173 4223 qui
1199 4149 1390 4221 maiori
1421 4149 1771 4203 accuratione
1800 4155 1856 4202 et
1877 4144 2171 4213 sagacitate
2201 4163 2287 4201 res
2313 4157 2544 4202 tractare
2572 4149 2730 4213 solet,
2754 4150 2930 4205 allatis
2955 4151 3080 4208 hinc
3106 4163 3162 4208 et
3185 4153 3315 4210 inde
3335 4155 3711 4230 Chrysostomi

443 4241 596 4304 locis,
623 4251 680 4295 et
707 4241 950 4296 excussis
974 4241 1229 4307 utrinque
1257 4235 1578 4298 rationibus,
1607 4248 1906 4304 suspensus
1936 4234 2126 4298 lueret,
2155 4251 2259 4290 nec
2281 4236 2551 4291 aﬂirmare
2581 4239 2764 4304 audet,
2805 4247 2924 4294 utra
2953 4243 3006 4295 in
3035 4242 3256 4301 civitate
3301 4247 3386 4304 Ine
3414 4255 3712 4312 conciones

441 4335 603 4390 dicta:
625 4333 847 4388 fuerint.
880 4330 1080 4383 Verum
1110 4329 1536 4398 Chrysostomus
1570 4333 1760 4394 aperte
1806 4324 1938 4379 dicit
1966 4334 2022 4379 et
2056 4339 2114 4379 se
2139 4334 2193 4380 et
2229 4326 2508 4382 auditores
2552 4341 2679 4381 suos
2722 4338 2995 4398 pastorem
3027 4331 3251 4399 habere,
3284 4338 3476 4409 utique
3505 4343 3714 4399 Flavia-

441 4440 599 4489 mum,
630 4423 786 4493 queis
816 4420 1086 4490 signiﬁcat
1115 4434 1174 4473 se
1213 4418 1590 4488 presbyterum
1620 4416 1925 4472 Antiochia:
1949 4417 2300 4473 concinnare.
2331 4418 2414 4472 En
2447 4419 2568 4488 ejus
2599 4420 2764 4474 verba
2793 4420 3012 4477 homilia
3053 4434 3244 4481 octava
3281 4429 3408 4499 (eoi.
3437 4435 3568 4506 664)
3601 4455 3614 4491 :
3649 4437 3713 4491 Ti

442 4518 654 4585 λέγεις;
705 4516 836 4585 ὁρᾷς
885 4512 1095 4576 πάντας
1149 4513 1297 4582 ἡμᾶς
1346 4511 1454 4564 ὑπὸ
1502 4512 1615 4574 τοῖς
1649 4513 1833 4576 αὐτοῖς
1868 4513 2104 4583 τείχεσιν
2145 4514 2326 4576 ὄντας,
2365 4513 2471 4567 ὑπὸ
2517 4514 2608 4567 τὸν
2651 4515 2817 4570 αὐτὸν
2860 4520 2959 4588 τῆς
3007 4519 3308 4592 ἐκκλησίας
3361 4530 3556 4598 σηκὸν⁹
3611 4533 3714 4588 ῡπδ

390 4605 392 4607 ’
441 4611 544 4682 τὴν
573 4608 744 4680 αὐτὴν
778 4607 1018 4678 μάνδραν
1056 4605 1178 4678 μεθ’
1196 4605 1450 4676 ὁμονοίας
1485 4605 1750 4669 ἑστῶτας.
1782 4606 1971 4660 οὐδένα
2003 4608 2334 4678 μαχόμενον,
2365 4607 2470 4660 ὑπὸ
2499 4607 2578 4678 τῷ
2612 4609 2762 4677 αὐτῷ
2797 4610 3037 4679 ποιμένι,
3066 4616 3220 4686 κοινῇ
3259 4615 3528 4685 βοῶντας.
3562 4626 3712 4696 κοινῇ

441 4705 549 4759 τῶν
590 4703 908 4774 λεγομένων
949 4701 1358 4772 ἀκροωμένους,
1395 4703 1550 4771 κοινῇ
1583 4701 1682 4763 τὰς
1711 4700 1874 4769 εὐχὰς
1906 4699 2354 4772 ἀναπέμποντας,
2389 4701 2484 4755 καὶ
2514 4701 2697 4772 μάχης
2741 4701 3016 4774 μέμνησαι
3060 4705 3154 4759 καὶ
3187 4707 3471 4777 στάσεω;;
3518 4715 3712 4785 Μάχης

444 4796 752 4869 μέμνημαι,
789 4794 884 4849 καὶ
925 4793 987 4847 οὐ
1031 4792 1297 4864 μαίνομαι
1339 4789 1461 4844 οὐδὲ
1498 4791 1788 4861 ἐξέστηκα.
1838 4792 1982 4861 Ὥρῶ
2022 4791 2264 4861 μὲνγὰρ
2295 4791 2330 4846 ἆ
2361 4792 2490 4863 ’5ρῶ,
2531 4794 2625 4845 καὶ
2655 4787 2792 4859 οἴδα,
2830 4793 2913 4847 ὅτι
2954 4794 3060 4848 ὑπὸ
3090 4796 3182 4849 τὸν
3213 4799 3379 4869 σηκὸν
3425 4803 3520 4856 τὸν
3551 4803 3711 4861 αὐτόν

438 4888 608 4961 ἔσμεν
637 4889 731 4944 καὶ
759 4889 850 4943 τὸν
879 4887 1130 4958 ποιμένα.
1163 4885 1221 4941 Id
1253 4895 1338 4941 est
1369 4902 1381 4938 :
1412 4882 1550 4950 Quid
1579 4886 1660 4939 ais
1683 4884 1709 4938 .7
1741 4901 1832 4939 nos
1858 4901 2018 4938 omne:

2129 4885 2204 4938 tes
2234 4883 2374 4937 intra
2405 4885 2608 4937 eosdem
2639 4885 2886 4953 parietes,
2917 4887 2972 4939 in
3016 4903 3121 4941 uno
3167 4891 3452 4962 eodemque
3481 4896 3709 4951 ecclesia:

439 4993 610 5052 septo,
637 4984 691 5036 in
729 4984 906 5037 eodem
933 4983 1058 5036 ovili
1093 4980 1500 5037 concordissime
1522 4989 1811 5042 versantes,
1836 4979 2096 5033 neminem
2129 4988 2473 5049 pugnantem,
2509 4978 2602 5032 sub
2625 4981 2804 5033 eodem
2834 4989 3066 5048 pastore,
3105 4982 3268 5035 simul
3295 4984 3608 5051 clamantes,
3639 4989 3710 5042 si-

441 5074 555 5127 mul
580 5077 721 5128 dicta
754 5077 1047 5141 audientes,
1079 5075 1240 5130 simul
1268 5091 1446 5145 preces
1479 5077 1790 5135 eminentes,
1825 5083 1874 5127 et
1905 5090 2136 5144 pugnam
2165 5073 2575 5142 seditionemque
2609 5072 2913 5126 memoras?
2945 5069 3190 5143 Pugnant
3219 5092 3470 5140 memoro,
3508 5094 3602 5130 nec
3625 5079 3706 5130 in-

439 5166 613 5228 sanio,
650 5183 740 5220 nec
770 5177 940 5220 mente
979 5177 1161 5235 captus
1200 5185 1342 5222 sum.
1376 5167 1531 5222 Video
1557 5168 1696 5222 enim
1731 5167 1824 5218 illa
1859 5181 1975 5235 qua:
2012 5166 2179 5229 video,
2201 5165 2409 5234 scioque
2440 5181 2530 5217 nos
2555 5164 2646 5217 sub
2682 5166 2860 5218 eodem
2896 5175 3041 5234 septo
3069 5183 3176 5220 esse
3211 5176 3260 5221 et
3298 5178 3530 5237 pastore.
3565 5167 3703 5234 Quid

440 5255 684 5312 clarius?
711 5258 1077 5313 Concionator
1104 5260 1219 5328 ipse
1258 5258 1683 5329 Chrysostomus
1709 5259 1936 5329 perinde
1965 5268 2128 5327 atque
2157 5257 2392 5328 populus
2427 5257 2528 5312 sub
2555 5266 2773 5326 pastore
2799 5266 2901 5322 est,
2932 5273 3132 5328 nempe
3171 5259 3274 5315 sub
3304 5258 3566 5315 Flaviano
3590 5260 3703 5330 epi—

439 5360 631 5414 seopo,
663 5345 1002 5415 proindeqne
1035 5347 1410 5404 Antiochenos
1434 5350 1746 5419 alloquitur,
1771 5365 1881 5402 non
1911 5356 2094 5402 autem
2123 5348 2782 5417 Constantinopolitanos,
2811 5365 3042 5418 quorum
3077 5349 3214 5420 ipse,
3241 5351 3371 5405 dum
3393 5351 3704 5407 Constanti-

439 5438 622 5508 nopoli
655 5447 823 5503 esset,
852 5449 1036 5510 pastor
1061 5441 1368 5511 praecipuus
1403 5451 1460 5498 et
1482 5445 1771 5513 episcopus
1799 5458 2016 5511 semper
2039 5441 2155 5496 fuit.
2188 5442 2247 5496 In
2284 5441 2470 5496 multis
2498 5443 2734 5496 antehac
2771 5442 3025 5506 homiliis,
3063 5443 3153 5497 ubi
3189 5452 3465 5512 pastorem
3513 5456 3702 5511 supre-

441 5545 591 5584 nnnn
622 5529 912 5584 memorari
943 5529 1450 5595 animadvertimus,
1474 5533 1658 5588 statim
1692 5531 2011 5587 concionem
2039 5531 2343 5586 Antiochia:
2369 5532 2605 5590 habitam
2640 5531 2806 5589 fuisse
2831 5548 2956 5587 cum
2989 5532 3339 5589 Tillemontio
3379 5531 3700 5602 pronuntia-

442 5622 644 5676 vimus.

510 5712 672 5780 Quid,
711 5712 853 5784 quod
916 5711 1077 5768 etiam
1134 5730 1193 5768 se
1245 5713 1548 5772 Antiochiae
1604 5714 2020 5770 concionantem
2078 5730 2197 5771 esse
2243 5731 2344 5771 nec
2389 5714 2619 5771 obscure
2671 5715 2779 5771 alio
2822 5715 2875 5771 in
2921 5717 3040 5772 loco
3083 5713 3396 5787 signiﬁcat?
3447 5713 3508 5770 Id
3549 5718 3695 5767 certe
