3920 6224
188 353 263 407 $81
1208 342 1300 397 AD
1340 341 1575 399 llOMIL.
1622 342 1689 397 IN
1731 342 1952 400 EPIST.
1992 347 2081 400 Al)
2121 346 2285 415 ROM,
3290 343 3397 400 588

180 467 270 535 ipsi
291 458 614 515 ‘l‘illetnontio
651 456 789 511 duce
836 454 1345 518 animadvertimus,
1380 454 1599 509 homilia
1630 470 1829 523 nempe
1859 454 2132 524 trigesima
2165 454 2291 523 (col.
2325 452 2472 521 666),
2509 454 2599 508 ubi
2643 454 2723 509 sic
2751 455 3013 524 populum
3060 455 3396 528 alloquitur:

178 564 213 612 ει
245 558 331 625 γὰρ
367 553 500 622 μετᾶ
540 549 796 603 τοσοῦτον
831 549 1025 619 χρόνον
1060 550 1345 613 εἰσιόντες,
1378 548 1505 601 ἔνθα
1537 548 1719 617 ἔμεινε
1759 546 1994 612 Παῦλος,
2037 548 2167 600 ἔνθα
2212 546 2392 617 ἐδέθη,
2438 545 2569 599 ἔνθα
2609 548 2930 601 συνεκάθισε
2978 550 3074 602 καὶ
3126 548 3397 625 διελέχθη,

180 644 491 716 πειρώμεθα,
542 643 636 696 καὶ
690 642 829 712 πρὸς
874 640 975 711 τὴν
1033 642 1256 711 μνήμην
1303 640 1403 709 τῆς
1443 640 1662 709 ἡμέρας
1718 638 1828 691 ἀπὸ
1875 639 1985 692 τῶν
2028 639 2211 719 τρπων
2255 638 2764 709 παραπεμπόμεθαο
2822 638 2902 692 ἔτι
2951 640 3234 711 νεωτέρων
3289 645 3401 698 τῶν

176 742 465 813 πραγμάτων
502 740 694 799 ὄντων,
716 737 769 789 τί
797 736 1031 807 πάσχειν
1064 736 1212 799 εἰκὸς
1250 737 1378 800 τοὺς
1411 737 1528 807 μετ’
1563 735 1724 788 εὐλαῦ

1847 734 2316 804 ηξενοδοχοῦντακ
2359 734 2416 790 ld
2447 745 2573 790 est:
2618 737 2759 790 Nam
2806 738 2851 790 si
2882 754 2974 791 nos
3015 748 3134 807 post
3184 749 3395 794 tantum

177 836 373 904 temporis
394 833 626 901 spatium
654 831 745 883 illo
771 830 1015 901 ingressi,
1046 830 1133 883 ubi
1160 828 1368 883 Paulus
1396 829 1665 889 manebat,
1702 828 1789 881 ubi
1815 828 2012 899 ligatus
2048 838 2143 893 est,
2174 828 2263 882 ubi
2283 829 2419 881 sedit
2443 838 2492 881 et
2535 829 2802 893 disseruit,
2840 832 2992 899 quasi
3022 832 3122 884 alis
3152 833 3393 885 assumtis

174 933 394 999 erigimur,
426 938 473 981 et
499 929 569 979 ad
600 928 707 979 diei
745 926 892 979 illius
931 924 1345 977 recordationem
1381 940 1445 976 ea:
1479 923 1605 976 locis
1640 925 1767 991 ipsis
1798 925 2117 976 remittimur
2148 938 2167 974 :
2194 938 2311 974 cum
2344 937 2423 973 res
2454 921 2581 988 ipsa:
2613 921 2877 983 adessent,
2910 939 3013 990 quo
3051 939 3154 976 non
3210 925 3401 994 affecta;

176 1022 462 1077 urebantur
483 1019 583 1079 illi,
616 1019 705 1087 qui
732 1034 851 1069 cum
881 1017 1080 1083 pietate
1111 1014 1265 1067 illum
1292 1015 1663 1069 excipiebant?
1694 1014 1751 1067 In
1786 1014 1873 1067 illa
1907 1014 2070 1083 igitur
2098 1013 2315 1068 civitate
2354 1012 2700 1081 praedicabat,
2744 1012 2832 1066 ubi
2868 1014 3067 1067 Paulus
3097 1028 3399 1081 manserat,

174 1121 243 1174 ubi
282 1135 331 1173 se
371 1118 639 1171 adeuntes
684 1113 1085 1183 alloquebatur,
1126 1110 1272 1166 unde
1320 1110 1478 1165 facile
1528 1112 1820 1166 adibantur
1857 1111 1995 1174 loca,
2029 1110 2118 1165 ubi
2164 1110 2361 1164 Paulus
2411 1109 2609 1179 ligatus
2650 1108 2859 1170 fuerat;
2907 1109 2958 1161 in
2996 1108 3143 1180 [H9]
3189 1111 3403 1165 duabus

171 1222 318 1266 autem
372 1215 579 1262 tantum
629 1206 945 1261 civitatibus
998 1204 1317 1274 praedicavit
1364 1203 1604 1259 Joannes
1658 1203 2111 1274 Chrysostomus,
2159 1204 2462 1258 Antiochia:
2517 1214 2573 1258 et
2623 1203 3098 1274 Constantinopoli
3153 1223 3169 1258 :
3219 1220 3401 1259 annon

175 1302 487 1371 conuspicuutu
517 1298 743 1354 omnino
772 1307 857 1354 est
892 1336 909 1361 ,
946 1298 1038 1354 hic
1062 1297 1131 1353 de
1161 1296 1459 1353 Antiochia
1489 1311 1801 1351 sermonem
1838 1297 2070 1351 haberi?
2098 1296 2229 1351 Nam
2265 1296 2504 1367 Byzantii
2539 1312 2820 1367 nunquam
2851 1299 3011 1352 sedes
3036 1297 3227 1352 habuit
3254 1298 3405 1369 Apo-

169 1394 327 1448 stolus.
3397 1392 3405 1400 .

225 1484 374 1539 Haeret
405 1493 588 1539 tamen
634 1482 817 1537 adhuc
864 1480 1250 1536 Tillemontius
1297 1490 1356 1537 et
1387 1494 1608 1536 causam
1659 1481 1901 1536 haerendi
1939 1482 2147 1550 profert
2198 1497 2262 1534 ex
2307 1481 2412 1535 fine
2466 1480 2704 1536 homiliae
2743 1481 3017 1552 vigesima:
3064 1498 3244 1548 nona},
3309 1481 3399 1538 ubi

165 1579 545 1647 Cbrysostomus
612 1591 671 1630 se
722 1583 998 1644 pastorem
1054 1573 1206 1640 dicit,
1254 1583 1309 1629 et
1362 1575 1598 1645 pastoris
1648 1575 1823 1631 officia
1869 1591 2307 1629 commemorans
2350 1575 2422 1629 ita
2476 1575 2678 1629 claudit
2722 1592 2735 1627 :
2781 1575 2963 1627 Ταῦτα
3013 1575 3071 1627 δέ
3130 1593 3219 1646 μοι
3273 1576 3404 1645 περὶ

164 1674 364 1743 ἀρίστων
388 1672 608 1743 εἴρηται
632 1669 927 1740 ποιμένων,
956 1668 1019 1723 οὐ
1053 1668 1183 1740 περὶ
1206 1668 1447 1740 ἐμαυτοῦ
1474 1670 1567 1724 καὶ
1598 1669 1708 1723 τῶν
1734 1670 1855 1723 καθ’
1874 1671 2045 1740 ἡμᾶς.
2076 1668 2191 1721 ἀλλ’
2225 1670 2277 1721 ετ
2307 1686 2389 1731 τις
2413 1668 2673 1730 τοιοῦτος,
2699 1664 2810 1731 οἷος
2842 1670 2869 1722 6
2910 1666 3118 1731 Παῦλος
3156 1664 3246 1739 ἦν,
3292 1662 3404 1733 οἷος

163 1770 187 1822 6
234 1770 431 1837 Πέτρος,
502 1760 615 1828 οἷος
665 1765 695 1817 6
735 1764 1000 1835 Μωῦσῆς.
1054 1763 1294 1829 Τούτους
1345 1760 1439 1819 οὖν
1485 1764 1711 1837 μιμησώ

1859 1805 1861 1814 ,
1913 1765 2008 1818 καὶ
2052 1764 2311 1835 ἄρχοντες
2344 1763 2442 1817 καὶ
2483 1763 2797 1833 ἀρχόμενοι.
2842 1762 2900 1817 Id
2931 1749 3058 1818 est‘:
3084 1768 3211 1818 Ha'c
3250 1782 3407 1835 porro

167 1878 193 1913 tt
225 1877 292 1913 me
318 1860 449 1911 dicta
482 1868 605 1911 sunt
642 1858 706 1911 de
735 1858 948 1926 optimis
983 1857 1304 1928 pastoribus.
1341 1876 1444 1912 non
1469 1860 1533 1913 de
1565 1876 1646 1913 me
1670 1859 1826 1928 ipso;
1860 1860 1951 1913 sed
1980 1860 2028 1911 si
2070 1859 2187 1928 quis
2215 1857 2339 1912 talis
2374 1857 2441 1910 sit
2475 1859 2649 1927 qualis
2692 1854 2892 1910 Paulus
2929 1867 3063 1920 erat,
3100 1858 3274 1927 qualis
3306 1858 3409 1911 Pe-

162 1968 270 2011 tm.
294 1954 456 2023 qualis
481 1952 702 2021 Moyses.
736 1952 842 2006 Ilus
890 1952 1072 2022 itaque
1127 1952 1401 2006 imitemur
1442 1964 1491 2006 et
1530 1953 1766 2023 pra-fecti
1815 1962 1863 2006 et
1903 1953 2115 2005 subditi.
2152 1950 2264 2005 Hoc
2304 1967 2412 2004 uno
2450 1951 2718 2004 abductus
2764 1951 3081 2004 testimonio
3110 1948 3410 2004 Tillemon-

166 2050 253 2102 tius
278 2065 303 2100 a
335 2048 541 2119 judicio
563 2046 791 2101 ferendo
816 2047 1102 2116 abstinuit,
1142 2064 1245 2103 nec
1274 2048 1574 2103 decernere
1612 2048 1784 2103 voluit
1813 2048 2190 2102 Antiochitrnc
2218 2062 2287 2100 an
2321 2044 2797 2114 Constantinopoli
2841 2044 2940 2100 has
2971 2044 3268 2100 conciones
3306 2044 3409 2098 ha-

165 2144 335 2197 bucrit.

224 2239 388 2295 laudo
410 2239 669 2309 equidem
699 2235 961 2313 tantiviri
996 2236 1397 2291 consideratam
1431 2234 1485 2289 in
1508 2232 1717 2304 judicio
1744 2233 1971 2289 ferendo
2002 2235 2333 2299 tarditatem,
2356 2250 2478 2303 qua:
2512 2233 2564 2287 in
2591 2232 2810 2303 scriptis
2848 2233 2962 2287 suis
2993 2231 3046 2286 in
3076 2232 3211 2287 orbe
3248 2230 3409 2286 Chri-

161 2331 311 2385 stiano
343 2342 447 2386 tam
478 2330 769 2385 celebratis
798 2330 1003 2400 passim
1031 2329 1503 2398 deprehenditur;
1536 2338 1592 2380 at
1628 2328 1716 2381 hic
1736 2337 1885 2382 certe
1909 2327 2124 2382 videtur
2148 2327 2281 2381 mihi
2316 2328 2539 2383 nimiam
2572 2327 2835 2384 adhibere
2882 2327 3215 2382 cautionem.
3270 2326 3411 2381 Dicit

164 2426 557 2495 t'hrysostomus
587 2440 647 2478 se
673 2423 777 2478 sub
808 2432 1027 2493 pastore
1062 2438 1204 2486 esse,
1228 2422 1434 2477 scilicet
1457 2423 1558 2476 sub
1586 2421 1842 2475 Flaviano
1870 2420 2177 2475 Antiochia:
2199 2422 2494 2491 episcopo;
2528 2438 2636 2478 non
2667 2422 2773 2475 alio
2809 2421 3012 2491 quippe
3058 2419 3219 2475 modo
3247 2417 3411 2475 intel-

160 2516 234 2586 ligi
262 2524 432 2585 potest
464 2532 479 2567 :
513 2530 573 2568 se
626 2514 682 2566 in
724 2513 856 2567 urbe
895 2512 983 2567 illa
1012 2526 1155 2576 esse,
1190 2512 1279 2567 ubi
1308 2511 1681 2565 venerabundi
1719 2511 1865 2566 cives
1904 2512 2022 2565 loca
2053 2527 2149 2565 seu
2172 2512 2340 2577 tedes,
2375 2512 2426 2565 in
2460 2513 2617 2582 queis
2639 2513 2838 2568 Paulus
2871 2521 3171 2580 manserat,
3202 2513 3411 2568 invise-

161 2611 287 2663 bsnt.
309 2611 501 2663 Annon
531 2608 770 2677 idipsum
802 2614 939 2668 erat,
978 2622 1042 2660 ac
1070 2605 1114 2660 si
1137 2606 1364 2661 dixisset
1386 2622 1443 2659 se
1476 2604 1783 2660 Antiochia:
1807 2605 2159 2660 concionari?
2189 2607 2258 2660 At
2297 2621 2417 2660 sese
2462 2606 2577 2669 ille,
2608 2606 2843 2677 inquies,
2876 2608 2929 2662 in
2959 2608 3059 2662 alia
3094 2608 3148 2662 in
3180 2606 3405 2677 Episto-

158 2703 247 2756 latn
274 2703 335 2757 ad
359 2700 639 2755 Rullianus
662 2698 929 2755 concione
960 2707 1234 2768 pastorem
1260 2705 1436 2751 vocat.
1473 2694 1617 2751 Sane
1642 2706 1827 2750 utrum
1860 2696 1913 2752 in
1946 2714 2109 2767 supra
2144 2682 2451 2753 memorato
2490 2700 2610 2753 loco
2651 2715 2773 2754 sese
2810 2707 3084 2770 pastorem
3109 2700 3411 2764 vocaverit,

158 2806 323 2866 posset
354 2798 588 2852 fortasse
621 2793 675 2847 in
708 2791 1140 2848 controversiam
1174 2790 1388 2855 vocari;
1419 2785 1514 2844 sed
1536 2789 1751 2844 etiamsi
1792 2804 1851 2843 se
1890 2789 2050 2843 talem
2081 2788 2301 2853 dixerit,
2336 2788 2465 2859 quid
2503 2798 2616 2843 tum
2653 2799 2840 2859 postea
2867 2790 2889 2844 ?
2930 2806 3116 2853 annon
3149 2792 3410 2847 sacerdo-

159 2889 345 2952 tcsalii,
379 2905 489 2943 non
529 2882 793 2955 episcOpi.
828 2883 919 2953 qui
947 2883 1131 2937 ovium
1158 2880 1360 2936 Christi
1391 2897 1578 2935 curam
1614 2881 1836 2945 habent,
1868 2890 2115 2950 pastores
2148 2888 2276 2934 sunt
2304 2890 2361 2934 et
2394 2882 2706 2935 vocantur?
2730 2882 2970 2937 Joannes
2998 2899 3128 2937 vero
3175 2883 3414 2954 Chryso-

156 2989 339 3032 stotnus
368 2977 603 3032 llomilia
636 2976 691 3030 in
717 2975 901 3029 Terra:
927 2983 1135 3028 motum
1168 2983 1224 3029 et
1251 2972 1514 3029 Lazarum
1544 2986 1676 3028 tom.
1711 2973 1882 3035 lleol.
1912 2974 2097 3039 1029),
2143 2988 2265 3041 quae
2314 2972 2457 3026 haud
2501 2973 2667 3028 dubie
2718 2972 3025 3030 Antiochia:
3071 2975 3255 3031 habita
3288 2977 3410 3046 fuit,

154 3086 257 3124 sese
283 3088 384 3124 non
410 3072 653 3131 obscure
675 3076 951 3138 pastorem
981 3076 1037 3120 et
1067 3066 1212 3121 clare
1242 3075 1500 3132 sutorem,
1529 3066 1830 3130 doctorem,
1866 3066 2135 3121 medicum
2172 3074 2228 3120 et
2266 3066 2663 3136 speculatorem
2699 3077 2879 3123 vocat.

216 3166 285 3217 lin
307 3165 451 3221 illius
480 3162 690 3217 verba:
732 3159 872 3213 Ἀλλ’
903 3160 1048 3231 ἐρεῖς
1085 3176 1196 3229 μοι,
1238 3160 1333 3213 καὶ
1376 3159 1429 3212 τί
1467 3159 1697 3227 ὠφελεῖς
1738 3159 1942 3229 λέγων;
1991 3158 2220 3228 Ὠςρελῶ,
2252 3159 2347 3212 ἐάν
2384 3158 2466 3223 τίς
2512 3176 2615 3229 μου
2648 3158 2843 3232 ἀκούῃ.
2889 3159 3031 3228 Ἐγὼ
3067 3160 3130 3214 τὸ
3171 3160 3413 3233 ἐμαυτοῦ

161 3256 297 3307 ποιῶ·
323 3260 351 3310 ὁ
378 3256 631 3327 σπείρων
666 3255 903 3322 σπείρει.
942 3252 1197 3324 Ἐξῆλθεν
1224 3251 1253 3304 ὁ
1287 3254 1529 3323 σπείρων
1556 3253 1649 3307 τοῦ
1678 3256 1920 3324 σπεῖραι·
1950 3255 2044 3307 καὶ
2075 3254 2144 3307 τὰ
2177 3254 2276 3323 μὲν
2310 3256 2470 3308 ἔπεσε
2517 3254 2669 3326 παρὰ
2705 3256 2805 3328 τὴν
2833 3256 2975 3321 ὁδὸν,
3008 3256 3075 3309 τὰ
3100 3255 3156 3310 δὲ
3187 3257 3281 3310 ἐπὶ
3307 3255 3409 3327 τὴν

156 3351 367 3420 πέτραν,
405 3350 479 3403 τὰ
522 3349 580 3402 δὲ
621 3349 717 3401 ἐπὶ
761 3347 859 3411 τὰς
888 3346 1152 3410 ἀκάνθας,
1189 3344 1257 3398 τὰ
1282 3344 1340 3397 δὲ
1370 3345 1465 3397 ἐπὶ
1488 3344 1589 3415 τὴν
1610 3345 1715 3415 γῆν
1744 3344 1843 3416 τὴν
1879 3344 2073 3415 καλήν·
2100 3345 2226 3417 τρία
2259 3347 2403 3419 μέρη
2438 3345 2708 3414 ἀπώλετο,
2743 3348 2838 3401 καὶ
2861 3348 2920 3401 ἓν
2952 3347 3155 3419 ὲσὼθψ
3187 3348 3281 3401 καὶ
3314 3350 3415 3403 06x

154 3450 342 3518 ἀπέστη
372 3449 476 3517 τῆς
508 3444 811 3516 γεωργίας,
833 3444 951 3497 ἀλλ’
981 3442 1169 3512 ἐπειδὴ
1210 3441 1270 3495 ἒν
1305 3441 1635 3506 διεσώζετο,
1673 3442 1774 3495 οὐκ
1821 3442 2103 3496 ἐπαύσατο
2142 3444 2239 3514 τῆς
2290 3444 2577 3515 γηπονίας.
2620 3489 2633 3501 .
2670 3486 2684 3500 .
2720 3486 2735 3501 .
2773 3488 2786 3501 .
2828 3446 2951 3500 ἐπεὶ
2992 3445 3087 3497 καὶ
3132 3447 3162 3499 6
3209 3444 3417 3516 ποιμὴν

150 3543 333 3604 ἐκεῖνος
371 3542 442 3594 τὰ
491 3537 1014 3607 ἑννενηκονταεννέα
1046 3535 1297 3607 πρόϐατα
1337 3534 1680 3599 καταλιπὼν,
1720 3536 1813 3589 ἐπὶ
1866 3536 1927 3589 τὸ
1967 3536 2025 3589 ἓν
2079 3537 2142 3590 τὸ
2190 3538 2610 3611 πεπλανημένον
2658 3540 2914 3613 ἔδραμεν.
2965 3539 3044 3596 Οὐ
3085 3540 3415 3609 καταφρονῶ

151 3634 446 3705 ἀνθρώπου*
480 3631 590 3686 κᾶν
610 3626 691 3695 εἷς
717 3627 775 3706 ᾖ,
798 3629 1087 3700 ἄνθρωπός
1116 3629 1255 3694 ἔστι,
1283 3628 1347 3681 τὸ
1377 3629 1699 3700 περισπούδε

1878 3628 1959 3700 τῷ
1994 3629 2114 3700 Θεῷ
2144 3631 2304 3695 ζῶον.
2343 3631 2398 3688 Id
2423 3643 2509 3689 est
2537 3652 2550 3689 :
2583 3636 2651 3688 At
2681 3636 2819 3689 dices
2844 3636 2993 3699 mihi,
3031 3634 3173 3700 Quid
3197 3636 3414 3691 dicendo

147 3728 377 3793 proﬁcis?
405 3726 665 3793 Proﬁcio,
693 3726 739 3778 si
766 3725 884 3794 quis
912 3741 995 3777 me
1025 3723 1232 3777 audiat.
1258 3721 1373 3794 Ego
1395 3723 1533 3793 quod
1559 3724 1785 3792 alliciunt
1811 3742 1982 3778 meum
2005 3736 2099 3791 est,
2130 3728 2185 3780 id
2214 3738 2442 3795 prtesto;
2468 3731 2761 3783 seminator
2787 3731 3009 3784 semino.
3045 3729 3190 3785 Exiit
3222 3730 3313 3801 qui
3334 3747 3417 3785 se-

153 3820 301 3871 minat
330 3820 406 3872 ad
442 3818 860 3879 seminandum;
886 3817 1129 3886 quedam
1148 3816 1448 3870 ceciderunt
1477 3833 1625 3880 secus
1655 3817 1817 3877 viam,
1841 3818 2083 3888 quaedam
2121 3836 2283 3887 supra
2314 3830 2540 3888 petram,
2572 3821 2818 3890 quwdam
2855 3839 3016 3892 supra
3038 3824 3242 3891 spinas.
3265 3838 3413 3894 quc-

147 3917 254 3966 dant
282 3918 337 3966 in
372 3925 581 3968 terram
614 3912 807 3966 bonam
839 3927 857 3964 :
887 3920 993 3964 tres
1030 3919 1209 3979 partes
1234 3912 1527 3980 perierunt,
1549 3919 1599 3964 et
1633 3927 1739 3963 una
1763 3920 1975 3965 servata
2000 3922 2112 3976 est;
2138 3929 2232 3965 nec
2267 3923 2445 3966 tamen
2475 3913 2539 3965 ab
2566 3914 2895 3983 agricultura
2920 3915 3137 3979 destitit,
3169 3917 3260 3969 sed
3282 3932 3416 3986 quo-

148 4010 277 4062 uiam
306 4028 414 4063 una
439 4018 759 4063 conseruata
781 4016 876 4070 est,
911 4024 1099 4078 agrum
1124 4006 1293 4061 colere
1323 4023 1425 4060 non
1448 4008 1690 4061 cessavit.
1729 4045 1745 4061 .
1784 4046 1800 4061 .
1839 4045 1855 4061 .
1894 4046 1909 4061 .
1942 4005 2375 4078 Quandoquidem
2398 4016 2445 4060 et
2468 4017 2651 4077 pastor
2668 4008 2778 4069 ille,
2808 4010 2899 4078 qui
2920 4009 3208 4077 nonaginta
3234 4025 3412 4062 norem

145 4102 419 4170 reliquerat
452 4118 595 4163 oves,
630 4101 703 4153 ad
732 4115 895 4152 unam
927 4098 1179 4160 cucurrit,
1223 4113 1341 4167 qua:
1374 4098 1735 4151 aberraverat.
1790 4096 2071 4151 Hominem
2116 4114 2217 4150 non
2254 4107 2530 4151 contemno
2552 4113 2571 4151 :
2596 4098 2716 4151 licet
2748 4115 2882 4152 unus
2909 4100 2997 4160 sit,
3027 4100 3182 4151 homo
3236 4109 3416 4154 tamen

144 4203 210 4243 est
250 4192 465 4246 animal
501 4191 611 4246 Deo
638 4190 993 4244 carissimum.
1032 4191 1113 4243 An
1145 4186 1299 4260 μεθ]
1328 4202 1388 4241 se
1413 4197 1687 4257 pastorem
1711 4186 1893 4242 dicere
1915 4204 2023 4242 non
2052 4188 2251 4243 audeat
2282 4187 2349 4254 is,
2379 4189 2469 4260 qui
2501 4189 2573 4244 ita
2609 4189 2887 4260 loquitur;
2921 4190 3032 4244 imo
3074 4206 3201 4245 vero
3228 4207 3413 4245 annon

140 4300 192 4337 se
218 4286 363 4340 clare
396 4293 685 4355 pastorem
714 4280 846 4336 dicit
884 4280 1001 4335 haec
1035 4279 1405 4350 proferendo?
1446 4278 1614 4333 Paulo
1644 4295 1688 4347 p4

1870 4290 1980 4335 tem
2011 4281 2125 4334 hate
2161 4281 2380 4349 sulijicit
2430 4300 2442 4335 :
2482 4283 2557 4335 Οὐ
2590 4280 2873 4351 παύσομαι
2921 4281 3101 4350 λέγειν
3142 4282 3273 4351 ἐγὼ,
3309 4284 3413 4339 κᾶν

144 4379 323 4447 μηδεὶς
430 4379 462 4430 6
500 4375 739 4430 ἁκούωνο
774 4374 961 4445 ἰατρός
985 4375 1124 4442 εἰμι,
1158 4371 1444 4441 ἐπιτίθημι
1466 4372 1537 4424 τὰ
1562 4370 1851 4441 φάρμακω
1883 4372 2202 4437 διδάσκαλός
2231 4376 2367 4444 εἰμι,
2405 4378 2693 4445 παραινεῖν
2723 4376 3071 4449 ὲκελεύσθηνσ
3107 4377 3255 4447 λέγει
3285 4382 3412 4451 γάρ·

139 4470 342 4524 Σκοπὸν
391 4468 621 4522 δέδωκά
680 4483 740 4519 σε
792 4465 871 4534 τῷ
918 4464 1055 4535 οίκῳ
1088 4464 1326 4534 Ἰσραήλ.
1386 4464 1444 4518 ld
1490 4473 1618 4519 est:
1663 4464 1687 4519 Ι

1870 4467 2046 4520 ’icendi
2092 4467 2251 4535 ﬁnem
2307 4469 2527 4537 faciam,
2577 4470 2787 4523 etiamsi
2842 4471 3019 4525 nullus
3068 4472 3134 4525 sit
3182 4474 3274 4543 qui
3321 4492 3418 4527 au-

140 4566 244 4617 diat
270 4584 288 4629 ;
317 4565 567 4619 medicus
596 4578 737 4627 sum,
764 4562 1055 4630 pharmace
1083 4560 1342 4624 adhibeo;
1395 4559 1576 4613 doctor
1606 4576 1745 4626 sum,
1781 4570 1833 4615 et
1883 4562 2142 4616 admoneo
2168 4578 2184 4629 ;
2232 4563 2310 4616 ait
2346 4564 2485 4617 enim
2510 4579 2531 4618 :
2564 4564 2975 4635 Speculatorem
3000 4567 3122 4621 dedi
3150 4578 3200 4622 te
3231 4568 3415 4623 domui

204 4751 261 4805 In
292 4750 423 4806 aliis
452 4762 679 4819 quoque
703 4746 941 4803 homiliis
971 4744 1271 4803 Antiochia:
1295 4745 1515 4809 habitis,
1534 4745 1622 4800 illa
1651 4746 1834 4801 munia
1856 4761 1917 4802 se
1940 4761 2198 4805 exercere
2219 4750 2372 4813 dicit,
2394 4768 2513 4822 qua:
2542 4754 2794 4809 videntur
2821 4755 2887 4809 ad
2911 4756 3179 4826 pnecipua
3202 4760 3418 4828 epist-a-

137 4858 325 4914 porum
364 4844 562 4900 ofﬁcia
593 4840 893 4913 pertinere.
925 4840 1016 4895 Sic
1047 4841 1102 4894 in
1128 4839 1384 4910 vigesima
1414 4840 1635 4895 homilia
1665 4841 1733 4896 ad
1764 4843 2023 4911 populum
2057 4843 2483 4908 Antiochenum,
2519 4856 2649 4901 tom.
2683 4848 2725 4903 ll
2772 4850 2897 4915 (col.
2925 4849 3050 4919 2H)
3085 4868 3097 4903 :
3132 4852 3416 4922 Τεσσσρά-

138 4953 295 4989 κοντα
334 4934 545 4990 λοιπὸν
581 4932 791 5004 ἡμέραι
825 4930 1124 5003 παρῆλθον·
1174 4931 1243 4985 ἂν
1282 4932 1460 4985 τοίνυν
1489 4933 1550 4985 τὸ
1582 4935 1769 5003 πάσχα
1814 4934 2061 5005 παρέλθῃ
2099 4936 2162 4989 τὸ
2200 4937 2362 5006 ἱεῴν,
2400 4938 2572 4991 οὐδενὶ
2620 4940 3005 5011 συγγνώσομαι
3048 4941 3254 5003 λοιπὸν.
3291 4945 3415 4998 οὐδὲ

142 5028 476 5097 παραίνεσιν
522 5024 805 5098 προσάξω,
844 5023 961 5079 ἀλλ’
997 5022 1267 5093 ἐπιταγὴν
1298 5025 1395 5077 καλ⁵
1422 5026 1728 5095 ἁποιυμίαν
1766 5026 2241 5097 ἀκαταφρόνητον.
2275 5067 2290 5082 .
2319 5068 2332 5082 .
2371 5068 2384 5082 .
2416 5069 2429 5080 .
2477 5032 2611 5084 πᾶσι
2657 5032 2834 5085 τοίνυν
2884 5034 3134 5104 προλέγω
3173 5037 3266 5089 καὶ
3299 5036 3417 5091 δια.

140 5122 568 5194 μαρτύροομαι,
600 5119 684 5173 ὅτι
730 5116 799 5171 ἂν
849 5116 1250 5186 συγγενόμενος
1298 5116 1428 5187 ὑμῖν
1488 5116 1610 5170 κατ’
1653 5117 1812 5184 ίδίαν,
1866 5120 1961 5174 καὶ
2011 5118 2190 5174 λαϐὼν
2244 5122 2555 5192 ἀπόπειραν
2606 5123 2867 5193 (λήψομαι
2906 5125 2963 5178 δὲ
3007 5127 3270 5196 πάντως),
3324 5132 3421 5185 καὶ

138 5211 281 5284 εὕρω
337 5215 512 5278 τινὰς
580 5212 655 5284 μὴ
700 5210 1109 5285 όιορθώσαντας
1159 5209 1219 5263 τδ
1267 5210 1579 5279 ἐλάττωμα.
1632 5211 1927 5283 ἀπαιτήσω
1976 5212 2155 5283 δίκην,
2207 5214 2470 5279 κελεύσας
2532 5216 2636 5282 ἔξω
2693 5218 2875 5287 μένειν
2936 5220 3047 5275 τῶν
3100 5229 3419 5295 μυστηρίων

134 5304 238 5359 τῶν
266 5307 471 5378 ἱερῶν.
507 5306 620 5362 Hoc
650 5316 734 5361 est
765 5323 779 5361 :
809 5305 1181 5378 Quadraginta
1231 5308 1341 5362 dies
1366 5308 1487 5377 jam
1516 5309 1888 5375 praeterierunt
1918 5326 1938 5365 :
1960 5311 2009 5365 si
2034 5310 2193 5380 igitur
2234 5329 2444 5366 sacrum
2475 5330 2677 5382 quoque
2716 5315 2919 5371 Pascha
2978 5328 3236 5388 transeat,
3287 5325 3421 5379 nulli

137 5401 271 5451 ultra
298 5401 529 5454 veniunt
558 5400 716 5462 dabo,
742 5416 845 5452 non
884 5399 1314 5461 admonitionem,
1348 5400 1436 5451 sed
1465 5400 1567 5452 vim
1602 5400 1817 5467 imperii
1869 5409 1917 5453 et
1956 5403 2287 5453 severitatem
2323 5418 2424 5454 non
2464 5407 2895 5459 contemnendam
2922 5410 3192 5468 adhibebo.
3229 5452 3244 5467 .
3282 5455 3297 5469 .
3331 5454 3346 5469 .
3379 5455 3393 5471 .

132 5492 391 5546 Omnibus
437 5493 624 5561 itaque
647 5492 897 5545 denuntio
927 5501 975 5545 et
1001 5500 1292 5561 protestor;
1325 5492 1462 5559 quod
1490 5491 1533 5543 si
1564 5507 1650 5544 ms
1683 5490 1913 5561 singulos
1961 5493 2286 5552 anteveniens.
2326 5504 2374 5547 et
2406 5496 2817 5556 experimentum
2856 5516 3065 5557 sumens
3103 5506 3247 5573 (nam
3276 5508 3419 5562 haud

134 5588 282 5639 dubie
309 5588 588 5649 sumant),
621 5587 1003 5655 deprehendero
1036 5586 1293 5655 quosdam
1323 5585 1418 5638 Itoc
1452 5585 1635 5637 vitium
1667 5600 1768 5637 non
1790 5587 2094 5651 correaisse,
2126 5602 2333 5654 poenam
2362 5589 2625 5657 irrogabo.
2662 5593 2863 5646 edicunt
2892 5604 2947 5647 ut
2986 5597 3114 5665 [oris
3144 5608 3293 5650 extra
3323 5614 3384 5650 sa

134 5696 217 5731 cra
245 5681 525 5749 mysteria
554 5683 823 5733 consistat.
862 5680 943 5735 An
991 5683 1223 5750 pastoris
1262 5695 1463 5735 nomen
1503 5695 1765 5749 usurpare
1798 5694 1905 5733 non
1945 5681 2141 5733 audeat
2170 5680 2261 5749 qui
2296 5682 2418 5737 talia
2459 5682 2634 5738 fatur?
2671 5684 2866 5740 Verum
2905 5686 3017 5739 haec
3047 5703 3075 5739 a
3101 5687 3307 5754 judicio
3336 5684 3399 5740 fe.

138 5770 287 5825 tenth
319 5771 749 5825 Tillcniontium
772 5772 1055 5827 detinuere
1080 5788 1092 5823 :
1117 5784 1167 5829 et
1199 5769 1578 5828 Antiochi-anc
1597 5786 1664 5824 an
1681 5769 2151 5840 Constantinopoli
2178 5767 2421 5828 lloniilia'
2442 5771 2494 5828 in
2520 5772 2809 5843 bpistolam
2834 5776 2900 5828 ad
2927 5774 3197 5829 Romanos
3218 5774 3417 5830 habita
