4002 6224
427 295 534 351 589
1859 281 2230 340 PREFATIO
3590 287 3700 342 3'10

425 414 650 471 fuerint,
675 407 906 462 deﬁnire
935 419 1043 459 non
1074 418 1241 458 ausus
1266 413 1368 457 est.
1402 401 1512 456 Nos
1544 413 1728 458 autem
1748 401 1908 472 quasi
1937 406 2148 456 certum
2171 406 2228 454 et
2253 398 2590 468 exploratum
2615 399 2926 456 habendum
2953 409 3225 470 putamus,
3256 401 3372 456 illas
3394 401 3702 457 Antiochim

426 502 642 557 habitas
671 501 855 555 fuisse.
893 499 1220 554 Tillemontii
1249 500 1396 552 enim
1425 497 1660 566 obiectio
1684 511 1785 552 nos
1811 512 1841 550 a
1875 493 1967 550 tali
2005 493 2230 550 ferenda
2261 493 2530 548 sententia
2557 494 2830 549 abducere
2854 510 2961 549 non
2993 504 3188 565 potest.
3213 496 3323 548 (Zur
3349 496 3496 549 enim
3524 495 3703 563 Chry-

426 605 722 656 sostomus,
764 591 969 645 latente
1005 590 1369 653 Tillemontio,
1403 590 1489 644 bis
1523 588 1666 642 clare
1697 587 1904 642 indicet
1949 600 2009 640 se
2053 582 2358 638 Antiochiae
2393 583 2727 646 concionari,
2765 583 2894 654 quid
2941 586 3080 640 ultra
3127 587 3472 654 quaeramus?
3503 595 3561 640 et
3605 604 3700 642 cur

426 694 537 737 tam
563 684 664 736 levi
697 685 1014 752 coniectura
1050 700 1078 736 a
1113 681 1482 752 Chrysostomi
1510 679 1824 736 testimonio
1853 678 2132 748 sequendo
2159 675 2539 732 detineamur?

498 803 740 864 Annum,
789 817 898 871 quo
933 802 1095 856 hasce
1128 801 1378 855 homilias
1409 800 1650 855 Joannes
1693 794 1984 854 adornavit
2025 804 2083 851 et
2123 794 2278 858 dixit,
2310 809 2380 848 ne
2414 793 2728 862 conjectura
2760 793 2979 863 quidem
3024 792 3242 862 assequi
3273 792 3516 847 valemus
3548 810 3560 849 :
3601 807 3710 850 hoc

427 909 600 948 unum
630 893 750 946 sine
772 894 988 946 errandi
1019 892 1263 962 periculo
1292 892 1474 947 dicere
1497 907 1806 961 possumus,
1832 888 2053 944 nonnisi
2079 896 2204 959 post
2237 903 2441 940 annum
2481 885 2586 940 588
2617 885 2860 955 potuisse
2885 885 3334 955 Chrysostomum
3367 884 3454 938 his
3479 900 3706 940 manum

426 997 484 1040 et
522 1001 743 1054 operam
766 984 1058 1038 admovere
1101 1001 1112 1036 :
1148 985 1306 1039 annis
1339 999 1574 1054 namque
1607 983 1711 1038 illis
1744 983 2040 1054 prioribus,
2067 981 2224 1052 queis
2247 978 2652 1036 concionatoris
2683 977 2862 1034 ollicio
2887 978 3110 1034 functus
3132 987 3236 1044 est,
3267 987 3345 1034 tot
3368 978 3542 1034 edidit
3570 995 3706 1034 cou-

427 1078 615 1132 ciones
643 1088 700 1131 et
728 1077 1000 1141 homilias,
1025 1087 1084 1132 ut
1111 1077 1242 1146 ipsis
1271 1077 1405 1132 alias
1436 1077 1675 1147 adjicere
1705 1091 1814 1131 non
1842 1074 2082 1129 licuerit.

498 1188 636 1244 Cum
668 1203 830 1257 porro
853 1186 1122 1252 Julianus,
1154 1189 1244 1258 qui
1273 1187 1468 1258 Pelagii
1495 1203 1710 1242 errores
1743 1186 2019 1250 tuebatur,
2051 1185 2116 1238 ad
2143 1193 2427 1254 peccatum
2457 1182 2719 1256 originale
2745 1183 3044 1239 tollendum
3067 1185 3442 1256 Chrysostomi
3472 1190 3715 1242 auctori-

430 1287 540 1334 tate
565 1295 698 1335 usus
727 1290 906 1346 esset;
937 1283 1295 1350 Augustinus.
1325 1282 1415 1351 qui
1452 1283 1599 1335 hunc
1626 1281 1896 1334 luureseos
1925 1287 2382 1349 propugnatorem
2415 1278 2628 1349 egregie
2664 1277 2891 1345 depulit,
2930 1293 2996 1330 ex
3027 1278 3250 1333 homilia
3281 1280 3491 1335 decima
3532 1279 3708 1351 Chry-

429 1375 654 1427 sostomi
703 1375 868 1428 midta
902 1375 1188 1427 confertim
1220 1373 1401 1427 attulit
1437 1374 1572 1427 lihro
1603 1375 1621 1426 l
1655 1381 1843 1425 contra
1869 1370 2170 1434 Julianum,
2203 1385 2375 1439 eaque
2402 1368 2596 1423 Latine
2635 1385 2918 1429 conversa.
2950 1385 3071 1439 quae
3113 1372 3273 1424 nobis
3313 1372 3400 1426 hic
3428 1387 3712 1442 apponere

430 1466 606 1520 visum
640 1478 741 1531 est,
765 1469 1042 1523 annotatis
1067 1469 1119 1522 in
1156 1468 1400 1538 margine
1431 1467 1585 1532 locis,
1625 1467 1768 1520 unde
1791 1467 1907 1520 hzec
1935 1464 2209 1535 excerpsit
2239 1463 2598 1533 Augustinus.

500 1580 656 1654 [5%,
693 1585 771 1652 (ιι)
804 1583 936 1652 Lege
963 1586 1123 1638 etiam
1152 1584 1593 1653 quemadmodum
1621 1582 1830 1649 exponit
1865 1581 2001 1632 idem
2046 1579 2156 1646 ipse
2199 1578 2280 1630 vir
2323 1586 2536 1629 sanctus
2587 1584 2826 1629 eumdem
2870 1575 3043 1644 ipsum
3097 1573 3335 1644 Apostoli
3375 1575 3569 1637 locum,
3624 1578 3714 1632 ubi

427 1674 681 1742 scriptum
707 1685 780 1728 est
811 1690 827 1726 :
865 1675 968 1728 Per
993 1692 1159 1729 unum
1187 1675 1463 1729 hominem
1495 1684 1775 1743 peccatum
1809 1671 2032 1726 intravit.
2061 1671 2113 1724 in
2139 1669 2402 1724 mmulum
2439 1669 2613 1734 (Rom.
2646 1686 2696 1724 v.
2738 1670 2840 1728 l2).
2875 1669 2954 1722 lbi
2985 1669 3123 1722 enim
3151 1668 3263 1720 luce
3293 1667 3494 1721 clarius
3525 1669 3580 1720 in
3609 1674 3711 1722 liu-

421 1760 514 1828 jus
539 1762 660 1829 fidei
689 1762 972 1818 Catholica:
1006 1765 1225 1816 veritate
1255 1773 1514 1816 versatur.
1540 1761 1690 1827 Quod
1721 1772 1883 1815 totum
1907 1761 2031 1831 quia
2064 1760 2280 1827 longum
2308 1769 2380 1812 est
2413 1759 2533 1811 huic
2558 1760 2702 1828 operi
2729 1761 2978 1823 intexere,
3011 1759 3192 1828 paucis
3217 1760 3337 1812 inde
3363 1761 3672 1829 contingam
3693 1777 3714 1813 :

428 1851 793 1915 Manifestum,
828 1855 1017 1925 inquit,
1043 1856 1297 1924 quoniam
1322 1871 1426 1908 non
1463 1856 1639 1924 ipsum
1671 1863 1976 1924 peccatum,
2008 1852 2151 1922 quod
2183 1867 2246 1905 ex
2276 1851 2408 1921 legis
2441 1851 2894 1916 transgressitme,
2921 1851 3016 1904 sed
3050 1850 3177 1904 illud
3218 1861 3525 1919 peccatum,
3563 1853 3712 1921 quod

432 1956 496 1995 ex
531 1943 659 1997 Adte
690 1943 1077 2004 inohcdientia,
1105 1946 1208 1998 hoc
1239 1955 1374 2008 erat,
1405 1945 1547 2013 quod
1580 1944 1760 1997 omnia
1795 1942 2201 1995 contaminavit.
2239 1939 2304 1994 Et
2337 1941 2498 2010 paulo
2533 1951 2648 2009 post
2677 1956 2694 1992 :
2731 1941 3018 2011 Regnavit,
3045 1943 3235 2010 inquit,
3272 1958 3418 1996 mors
3445 1943 3514 1996 ab
3539 1945 3714 1998 Adam

431 2050 602 2103 usque
626 2035 692 2086 ad
718 2034 954 2104 Moysen,
983 2045 1037 2087 et
1066 2035 1118 2086 in
1148 2051 1262 2096 eos,
1296 2035 1386 2104 qui
1424 2051 1530 2088 non
1557 2043 1938 2103 peccaverunt.
1964 2031 2247 2098 Qumnodo
2283 2031 2564 2102 regnavit?
2593 2032 2650 2084 ln
2681 2032 3037 2086 similitudine
3072 2035 3521 2104 transgressionis
3546 2037 3696 2101 Adw,

427 2132 520 2202 qui
553 2142 637 2184 est
667 2129 838 2183 forma
875 2130 1039 2183 futuri
1077 2130 1254 2198 (Ibid.,
1285 2130 1393 2197 Μ).
1430 2129 1720 2198 Propterea
1768 2138 1820 2182 et
1862 2129 2031 2182 forma
2069 2137 2154 2183 est
2186 2125 2387 2181 Christi
2424 2126 2612 2180 Adam.
2650 2126 2934 2192 Quomodo
2980 2126 3152 2180 l‘orma
3195 2138 3298 2191 est,
3327 2127 3523 2182 aiunt?
3555 2129 3710 2196 Quo-

426 2223 572 2276 niam
624 2222 764 2276 sicut
809 2221 898 2274 ille
949 2239 1011 2274 ex
1045 2222 1339 2292 semetipso
1373 2223 1746 2282 nascentibus,
1777 2221 2026 2290 quamvis
2075 2237 2182 2275 non
2213 2221 2658 2275 manducavcrint
2686 2221 2753 2274 de
2779 2220 2940 2286 ligno.
2974 2219 3147 2275 [actus
3177 2231 3257 2274 cst
3295 2237 3459 2275 causa
3490 2226 3708 2288 mortis,

427 2329 548 2384 qua:
575 2329 669 2383 per
699 2313 879 2368 cibum
915 2313 1132 2367 inducta
1161 2321 1244 2366 est
1278 2331 1290 2366 :
1328 2313 1398 2366 ita
1435 2323 1485 2367 et
1527 2313 1780 2368 Christus
1817 2312 1902 2376 iis,
1939 2312 2028 2381 qui
2061 2328 2128 2366 ex
2169 2312 2288 2380 ipso
2334 2321 2480 2372 sunt,
2513 2311 2724 2364 tametsi
2772 2311 2907 2363 nihil
2937 2311 3083 2380 juste
3122 2312 3353 2380 egerint,
3396 2313 3571 2369 factus
3621 2331 3713 2382 es;

428 2405 676 2476 provisor
713 2405 958 2473 jﬂSliliilB,
998 2421 1161 2473 quam
1190 2420 1286 2474 per
1316 2421 1534 2458 crucem
1577 2405 1733 2458 nobis
1759 2403 2014 2457 onmibus
2044 2402 2372 2456 condonavit
2403 2402 2499 2471 (b).
2541 2401 2657 2454 Alio
2696 2402 2750 2454 in
2789 2401 2900 2455 loco
2950 2410 3125 2456 eodem
3150 2420 3389 2457 sermone
3419 2423 3432 2457 :
3468 2406 3542 2461 Ut
3583 2423 3708 2460 cum

430 2500 529 2556 tibi
559 2500 756 2553 dixerit
779 2499 1020 2562 Judmns,
1051 2498 1249 2566 inquit,
1275 2499 1559 2562 Quomodo
1586 2499 1747 2552 unius
1782 2498 1984 2552 virtute
2009 2497 2212 2552 Christi
2236 2497 2471 2551 mundus
2498 2497 2736 2550 salvatus
2759 2497 2877 2550 est?
2898 2497 3075 2566 possis
3104 2496 3151 2550 ei
3181 2498 3392 2550 dicere:
3423 2497 3702 2563 Quemad-

431 2589 652 2643 modum
685 2603 793 2639 uno
819 2586 1164 2640 inobedientc
1190 2587 1356 2639 Adam
1385 2588 1622 2640 mundus
1655 2587 1945 2640 damnatus
1972 2596 2076 2640 est.
2102 2587 2422 2655 Quanquam
2458 2601 2567 2638 non
2592 2587 2700 2640 sint
2731 2587 2978 2655 aequalia,
3004 2588 3170 2658 gratia
3199 2597 3361 2656 atque
3392 2601 3704 2658 peceatum,

431 2697 612 2750 neque
643 2679 791 2748 paria
816 2680 926 2731 sint
948 2695 1094 2732 mors
1123 2688 1288 2747 atque
1316 2677 1443 2741 vita,
1476 2695 1583 2731 non
1621 2679 1842 2748 :Pqualis
1873 2679 2013 2733 Deus
2046 2695 2110 2732 ac
2141 2678 2388 2732 diabolus
2425 2677 2516 2745 (c).
2558 2681 2694 2732 Item
2726 2687 2838 2746 post
2865 2677 3144 2746 paululum
3175 2698 3186 2732 :
3220 2680 3329 2735 Sed
3363 2696 3474 2735 non
3514 2697 3712 2751 quem-

429 2774 720 2827 admodum
747 2772 1029 2836 delictum,
1060 2772 1251 2839 inquit,
1282 2773 1350 2824 ita
1380 2780 1433 2824 et
1463 2772 1654 2842 gratia.
1689 2772 1746 2826 Si
1775 2773 1920 2826 enim
1955 2772 2116 2826 unius
2143 2773 2340 2825 delicto
2374 2771 2527 2825 multi
2559 2771 2759 2825 mortui
2793 2782 2941 2836 sunt,
2970 2773 3140 2828 multo
3180 2776 3352 2846 magis
3388 2777 3558 2846 gratia
3604 2778 3704 2832 Dci

427 2877 485 2922 ct
517 2868 718 2920 donum
747 2866 797 2918 in
823 2865 992 2935 gratia
1025 2865 1189 2920 unius
1219 2864 1458 2919 hominis
1479 2864 1607 2919 Jesu
1631 2866 1834 2921 Christi
1866 2867 1920 2919 in
1956 2866 2156 2920 multos
2179 2866 2476 2920 abundavit
2509 2865 2663 2935 (Ibid.
2701 2865 2809 2934 15).
2836 2865 2996 2932 Quod
3023 2868 3166 2923 enim
3197 2869 3350 2931 dicit,
3382 2873 3570 2941 inquit,
3601 2873 3713 2928 hu-

428 2959 669 3032 jusmodi
700 2968 782 3013 est
819 2977 831 3008 :
865 2957 918 3011 Si
950 2966 1232 3027 peccatum
1259 2958 1447 3021 valuit,
1485 2967 1539 3011 et
1571 2969 1855 3027 peccatum
1892 2959 2054 3013 unius
2077 2958 2354 3022 hominis;
2387 2959 2556 3028 gratia
2599 2966 2654 3010 et
2701 2958 2794 3012 Dei
2843 2959 3036 3029 gratia,
3065 2970 3119 3013 et
3159 2977 3268 3015 non
3301 2963 3477 3017 solum
3505 2965 3708 3030 Patris,

427 3052 522 3103 sed
554 3049 717 3103 etiam
765 3048 908 3113 Filii,
940 3048 1397 3117 quemadmodum
1434 3065 1544 3101 non
1575 3048 1808 3117 amplius
1847 3048 2198 3116 praevalebit?
2245 3047 2411 3101 Multo
2457 3049 2602 3102 enim
2651 3049 2754 3103 hoc
2789 3050 3186 3106 rationabilius.
3235 3052 3368 3107 Nam
3410 3055 3576 3109 alium
3609 3073 3710 3126 pro

426 3142 536 3195 alio
565 3140 834 3200 damnari,
867 3156 977 3192 non
1004 3139 1158 3193 valde
1186 3139 1403 3192 videtur
1437 3138 1637 3190 habere
1669 3139 1934 3191 rationem
1975 3155 1987 3189 :
2021 3138 2187 3191 alium
2219 3147 2401 3190 autem
2431 3154 2528 3206 pro
2563 3138 2670 3191 alio
2694 3138 2907 3200 salvari,
2941 3149 2996 3193 et
3019 3141 3306 3195 decentius
3329 3144 3500 3214 magis
3526 3154 3580 3199 et
3617 3163 3712 3200 ra-

429 3234 744 3289 tionabilius
779 3243 1024 3303 apparet.
1058 3230 1112 3284 Si
1139 3231 1301 3301 igitur
1325 3231 1454 3283 illud
1488 3231 1689 3283 factum
1721 3240 1822 3289 est,
1852 3231 2024 3284 multo
2056 3230 2228 3300 magis
2262 3231 2363 3283 hoc
2390 3229 2489 3298 (ά).
2533 3229 2771 3301 Itemque
2797 3231 2924 3285 alibi
2957 3233 3011 3284 in
3042 3235 3470 3302 consequentibus
3504 3253 3517 3301 ;
3551 3237 3713 3291 Judi-

425 3333 591 3394 cium,
627 3329 818 3397 inquit,
847 3344 909 3380 ex
945 3342 1052 3379 uno
1081 3327 1133 3378 in
1164 3325 1701 3387 condemnationem,
1737 3323 1910 3391 gratia
1956 3332 2137 3377 autem
2184 3340 2250 3377 ex
2299 3322 2482 3375 multis
2533 3323 2749 3378 delictis
2801 3325 2855 3377 in
2884 3325 3334 3393 justiﬁeationem
3369 3330 3551 3396 (Ibid.,
3595 3330 3708 3400 16).

427 3423 545 3478 lloc
577 3423 719 3477 idem
749 3431 853 3485 est,
880 3421 1071 3490 inquit,
1099 3419 1240 3488 quod
1273 3417 1492 3480 dicitur,
1532 3415 1788 3485 qutmiam
1814 3416 2033 3485 quidem
2066 3426 2295 3470 mortem
2335 3424 2390 3470 et
2426 3417 2830 3470 damnationem
2865 3418 3042 3486 potuit
3083 3429 3368 3488 peccaturo
3400 3422 3661 3477 inducere
3689 3443 3710 3492 ;

429 3517 599 3590 gratia
626 3523 942 3568 autemnon
979 3527 1144 3564 unum
1179 3510 1310 3562 illud
1343 3509 1721 3562 tantummodo
1762 3509 2036 3564 interfecit
2067 3517 2373 3580 peccatum,
2407 3509 2501 3562 scd
2541 3510 2704 3563 etiam
2756 3519 2875 3578 post
2908 3511 3036 3564 illud
3079 3513 3413 3566 intrOeuntia
3461 3525 3710 3582 peccata.

429 3609 497 3662 Et
524 3605 688 3675 paulo
713 3611 826 3672 post
850 3602 913 3655 de
938 3601 1032 3652 Itoc
1061 3601 1170 3668 ipso
1193 3615 1210 3653 :
1238 3599 1504 3664 Quoniam
1529 3614 1678 3669 ergo,
1703 3599 1894 3669 inquit,
1929 3599 2082 3668 plura
2109 3599 2414 3654 introducta
2438 3610 2565 3654 sunt
2593 3600 2761 3665 bona,
2788 3610 2844 3654 et
2873 3616 2980 3654 non
3002 3603 3175 3656 solum
3201 3604 3333 3659 illud
3356 3606 3714 3662 interfectum

429 3711 515 3756 est
545 3710 854 3769 peccatum,
887 3695 980 3748 sed
1007 3694 1168 3748 etiam
1200 3693 1382 3748 omnia
1413 3694 1642 3762 reliqua,
1670 3694 1911 3749 ostendit
1934 3695 2122 3749 dicens
2151 3710 2165 3747 :
2194 3694 2378 3748 Gratia
2401 3703 2584 3748 autem
2616 3711 2681 3749 ex
2715 3696 2901 3749 multis
2923 3695 3135 3751 delictis
3156 3697 3208 3750 in
3237 3697 3710 3766 justiﬁealionem.

430 3797 500 3850 Et
523 3804 638 3864 post
661 3791 940 3864 paululum
963 3791 1041 3844 ait
1087 3807 1101 3843 :
1143 3789 1324 3846 Primo
1353 3789 1496 3844 enim
1528 3789 1699 3844 dixit:
1727 3789 1994 3856 Quoniam
2038 3790 2082 3845 si
2129 3791 2292 3844 unius
2343 3799 2624 3860 peccaturo
2665 3790 2936 3845 interfecit
2976 3807 3189 3858 omnes,
3232 3796 3405 3850 multo
3446 3799 3614 3869 magis
3653 3808 3713 3852 et

426 3889 592 3944 unius
626 3887 798 3958 gratia
831 3885 1030 3955 poterit
1061 3885 1290 3940 salvare.
1323 3883 1451 3940 Post
1484 3885 1600 3939 haec
1627 3893 1812 3939 autem
1843 3884 2104 3948 ostendit,
2141 3885 2334 3953 inquit,
2367 3884 2622 3953 quoniam
2671 3899 2778 3938 non
2823 3885 2954 3939 illud
3005 3888 3180 3941 solum
3227 3888 3579 3946 interfectum
3625 3902 3717 3947 est

425 3992 714 4054 peccatum
749 3997 846 4051 per
873 3979 1124 4051 gratiam,
1146 3979 1240 4034 sed
1261 3979 1426 4034 etiam
1455 3979 1637 4033 omnia
1663 3979 1870 4048 reliqua
1903 3996 1916 4032 :
1947 3987 2002 4032 ct
2026 3994 2135 4031 non
2167 3978 2338 4032 solum
2375 3988 2591 4047 peccata
2621 3977 2907 4034 interfecta
2931 3989 3077 4047 sunt,
3105 3983 3199 4036 sed
3227 3983 3392 4037 etiam
3423 3997 3478 4039 et
3511 3986 3718 4044 tributa

428 4074 638 4145 iustitia
671 4081 756 4127 est
786 4091 798 4126 :
830 4082 886 4128 et
917 4088 1028 4126 non
1059 4080 1274 4126 tantum
1304 4072 1480 4125 solum
1512 4071 1715 4140 proluit
1757 4071 2029 4133 Christus,
2052 4081 2314 4139 quantum
2353 4071 2538 4126 nocuit
2568 4073 2761 4137 Adam,
2793 4074 2887 4127 sed
2923 4075 3096 4129 multo
3126 4077 3361 4145 amplius
3393 4089 3556 4148 atque
3592 4097 3716 4135 ma-

437 4163 525 4233 gis
549 4161 646 4231 (e).
693 4162 816 4216 Post
853 4162 964 4215 llaec
1002 4162 1057 4214 in
1083 4161 1266 4214 eodem
1296 4176 1414 4212 cum
1441 4160 1506 4212 de
1544 4159 1804 4227 baptismo
1839 4167 2037 4227 ageret,
2072 4158 2384 4227 interposuit
2417 4160 2570 4212 verba
2603 4161 2857 4229 Apostoli,
2889 4163 3108 4217 dicentis
3141 4183 3155 4219 :
3187 4164 3268 4219 An
3299 4165 3584 4237 ignoratis,
3623 4172 3713 4225 in-

431 4253 568 4321 quit,
600 4253 817 4319 l'ratrcs,
842 4252 1101 4321 quoniam
1119 4250 1430 4318 quicunque
1468 4249 1520 4302 in
1556 4248 1777 4303 Christo
1805 4247 2060 4316 baptizati
2092 4263 2304 4313 sumus,
2332 4250 2387 4303 in
2435 4259 2610 4307 morte
2635 4253 2807 4322 ipsius
2834 4254 3088 4324 baptizati
3117 4259 3345 4312 sumus?
3382 4260 3712 4332 Consepulti

430 4362 563 4416 ergo
589 4361 784 4400 sumus
810 4345 883 4398 illi
915 4360 1011 4413 per
1033 4342 1363 4412 baptismum
1399 4341 1454 4394 in
1487 4351 1685 4396 morte.
1737 4340 1878 4406 Quid
1903 4349 1986 4395 est
2017 4358 2030 4395 :
2063 4341 2121 4395 lu
2149 4352 2324 4396 morte
2357 4343 2477 4412 ejus
2510 4345 2763 4415 lvaptizati
2795 4362 2984 4401 sumus
3004 4349 3030 4402 ?
3052 4347 3121 4403 Ut
3153 4359 3209 4404 et
3253 4350 3353 4422 ipsi
3407 4357 3712 4414 moriamur

427 4440 576 4495 sicut
597 4448 654 4492 et
684 4437 792 4490 ille.
815 4437 960 4490 Crux
991 4434 1134 4489 enim
1158 4442 1243 4488 est
1269 4434 1556 4503 baptisma.
1587 4434 1740 4505 Quod
1765 4450 1897 4503 ergo
1925 4451 2054 4489 crux
2075 4435 2294 4490 Christo
2315 4446 2370 4490 et
2389 4438 2720 4507 sepulcrum,
2753 4439 2856 4494 hoc
2876 4441 3032 4494 nobis
3058 4441 3326 4511 baptisma
3360 4445 3564 4501 lactant
3597 4461 3714 4516 est;

431 4528 649 4584 tametsi
676 4543 786 4581 non
813 4527 868 4580 in
899 4526 1107 4581 eisdem
1138 4525 1292 4595 ipsis.
1320 4526 1442 4594 Ipse
1471 4541 1707 4596 namque
1727 4542 1891 4581 carne
1924 4536 1981 4581 ct
2017 4539 2265 4583 mortuus
2293 4539 2377 4583 est
2397 4539 2451 4583 et
2473 4530 2752 4600 sepultus;
2787 4547 2888 4586 nos
2909 4542 3091 4587 autem
3123 4544 3347 4603 peccato
3377 4537 3430 4590 in
3458 4547 3715 4612 utroque.

427 4621 773 4690 Quapropter
802 4634 910 4673 non
942 4618 1111 4673 dixit:
1143 4619 1508 4688 Complantati
1532 4619 1692 4673 morti
1722 4635 1737 4684 ;
1767 4621 1885 4684 sed,
1913 4619 2273 4674 Similitudiui
2300 4622 2510 4677 mortis.
2545 4623 2691 4679 Mors
2723 4639 2957 4694 namque
2981 4634 3038 4679 et
3068 4626 3174 4681 hoc
3208 4638 3264 4681 et
3292 4629 3445 4690 illud.
3481 4633 3576 4687 sed
3604 4649 3714 4686 non

424 4717 608 4773 eidem
650 4715 750 4786 ipsi
783 4715 1049 4786 subiacet,
1075 4715 1173 4771 sed
1211 4715 1328 4769 haec
1354 4714 1575 4784 quidem
1595 4715 1779 4770 carnis
1800 4715 2029 4780 Christi,
2057 4724 2242 4771 nostra
2273 4726 2458 4771 autem
2499 4719 2729 4788 peccati.
2764 4718 3236 4785 Quemadmodum
3275 4737 3411 4794 ergo
3435 4724 3526 4780 illa
3557 4741 3710 4793 vera,

424 4819 485 4865 et
520 4810 637 4864 hzec
660 4811 746 4880 (Γ).

503 4925 654 4998 [422]
700 4927 794 4981 llis
833 4925 1072 4996 adjicere
1098 4924 1275 4980 visum
1307 4934 1392 4980 est
1421 4924 1527 4989 illa,
1558 4941 1680 4994 qua:
1707 4926 1944 4981 Swilius
1969 4928 2110 4981 circa
2143 4942 2296 4980 suam
2337 4927 2692 4982 llomiliarum
2735 4929 3107 5001 Chrysostomi
3157 4932 3210 4985 in
3241 4933 3515 5002 Epistolas
3547 4935 3700 4988 Pauli

426 5013 758 5080 Editionem,
789 5020 934 5073 notis
980 5018 1262 5088 prmmisit.
1299 5017 1459 5074 Putat
1489 5019 1578 5073 ille
1608 5019 1867 5074 llomfi‘as
1899 5020 2273 5092 Chrysostomi
2305 5020 2358 5074 in
2389 5021 2683 5090 Epistulam
2723 5023 2790 5077 ad
2822 5022 3097 5080 Romanos
3137 5025 3449 5081 Antiochia:
3498 5028 3712 5082 habitas

427 5106 616 5172 fuisse,
648 5125 810 5177 quam
835 5125 933 5165 nos
957 5113 1287 5166 sententiam
1319 5110 1550 5182 amplexi
1586 5126 1796 5166 sumus.
1825 5112 2022 5168 Verum
2055 5112 2143 5167 ille
2169 5127 2277 5166 non
2310 5113 2502 5167 eodem
2533 5129 2642 5182 quo
2666 5129 2766 5170 nos
2790 5116 3062 5188 κριτηριῳ
3093 5118 3162 5173 ad
3195 5118 3344 5174 illam
3368 5133 3713 5191 propugnan-

429 5195 555 5250 dam
594 5202 922 5255 sententiam
959 5217 1090 5255 usus
1121 5212 1224 5256 est.

492 5413 566 5478 ta)
596 5413 860 5478 angustia.
891 5421 1056 5464 contra
1077 5415 1334 5466 lulianum
1359 5420 1392 5466 Ι.
1419 5433 1452 5475 ι,
1479 5433 1521 5467 c.
1550 5420 1628 5474 27,
1653 5433 1701 5478 p.
1724 5419 1834 5466 513.

493 5470 566 5645 ('3
757 5477 1006 5535 Chrysost.
1037 5479 1206 5527 homll.
1236 5479 1294 5527 10
1318 5482 1366 5528 iu
1394 5470 1550 5542 Epist.
1578 5470 1639 5530 ad
1654 5470 1820 5541 Rom,
1846 5480 1922 5531 col
1970 5477 2081 5530 475.

494 5539 513 5645 i
560 5603 573 5645 l
603 5575 726 5645 Ima.
751 5598 846 5645 col.
877 5597 982 5645 5.76.

560 5603 573 5659 )
603 5598 726 5646 Ibid.
751 5598 846 5647 col.
877 5597 982 5647 ιῖδ.

515 5663 564 5720 c)
595 5661 717 5710 Ibid.

494 5719 557 5787 (Il
587 5721 709 5775 ibid.
739 5726 812 5775 col
843 5723 950 5773 480.
