4002 6224
420 216 518 270 391

1117 196 1175 253 S.
1214 191 1503 252 JOANNIS
1536 183 2029 245 CllllYSUS‘I'OMl
2063 178 2381 236 ARCIIIBP.
2418 171 2969 232 CONSTANTINOP.
3551 170 3650 223 39‘!

418 311 3643 390 NW

1610 355 1714 368 ..ι-ρ

1206 537 1685 630 SANC'I‘I
1791 528 2277 621 PATRIS
2376 524 2878 617 NOSTRI

575 781 1594 974 JOANNIS
1769 763 3529 954 CHRYSOSTOMI

1353 1091 1868 1151 ARCHIEPISCOP!
1922 1081 2760 1145 CONSTAN'I‘INOPOLlTANI,

836 1279 1647 1370 COMMENTARIUS
1721 1280 1828 1358 IN
1907 1272 2486 1356 EPIS’I‘OLAM
2571 1272 2698 1347 AD
2770 1264 3282 1347 ROMANOS.

1931 1474 2189 1487 *-

1132 1654 1745 1722 ARGUMENTUM
1779 1650 1861 1730 (a)
1908 1646 2343 1712 EPISTOL/E
2384 1645 2495 1704 Αι)
2538 1640 2940 1705 ROMANOS
2968 1647 3006 1699 ¹.

504 1841 558 1896 Ι.
583 1841 716 1896 Dum
741 1839 1101 1909 Epistolarum
1126 1836 1183 1890 S.
1209 1834 1358 1889 Pauli
1381 1831 1664 1886 lectionem
1688 1827 2017 1896 frequenter,

431 1946 495 1986 ac
520 1946 663 1999 saepe
690 1940 773 1984 ter
795 1938 1050 1998 quaterve
1077 1941 1171 1996 per
1192 1922 1429 1993 singulas
1450 1917 1811 1975 hebdomadas
1838 1916 2020 1981 audio,

432 2021 645 2091 quando
674 2028 980 2074 sanctorum
1005 2028 1299 2086 martyrum
1324 2012 1635 2068 memoriam
1662 2010 2021 2073 celebramus,

432 2113 642 2182 gaudeo
672 2120 727 2166 et
752 2111 983 2174 exsulto,
1016 2109 1139 2162 tuba
1176 2107 1359 2161 l'rnens
1399 2103 1660 2175 spirituali
1680 2142 1694 2163 .
1724 2100 2025 2156 desiderio-

431 2218 538 2273 que
557 2202 745 2267 ardeo,
768 2216 891 2255 cum
917 2202 1143 2254 amicam
1162 2198 1292 2252 mihi
1314 2210 1499 2251 vocem
1522 2194 1783 2259 ausculto,
1812 2192 2029 2260 fereque

435 2294 563 2347 tnihi
593 2294 779 2348 videor
810 2294 958 2347 illum
993 2298 1309 2361 prarseutcm
1346 2296 1402 2342 et
1424 2287 1779 2341 disserentem
1808 2282 2028 2351 conspi-

434 2404 595 2452 cere;
627 2388 719 2442 sed
747 2399 782 2438 a
805 2401 917 2455 lgor
942 2400 1005 2439 ac
1034 2382 1353 2445 discrucior,
1385 2380 1527 2450 quod
1558 2394 1663 2432 non
1694 2391 1884 2431 omnes
1916 2385 2033 2428 tan-

439 2487 551 2530 tum
580 2478 755 2530 virum
774 2485 831 2529 ut
864 2490 957 2545 par
976 2480 1121 2528 esset
1138 2477 1488 2541 cognoscant,
1509 2477 1563 2523 et
1579 2481 1749 2537 usque
1770 2464 1904 2519 adeo
1923 2464 2033 2534 qui-

442 2568 565 2621 dam
593 2566 870 2637 ignorent,
904 2573 964 2617 ut
992 2577 1090 2617 nec
1123 2575 1403 2615 numerum
1432 2556 1649 2628 quidem
1680 2554 2030 2626 epistolarum

440 2656 560 2726 ejus
586 2656 781 2710 sciant.
808 2652 942 2707 lllud
974 2667 1101 2706 vero
1131 2666 1237 2726 non
1266 2650 1389 2703 hinc
1415 2648 1625 2711 evenit,
1650 2644 1794 2715 quod
1822 2644 2034 2699 discere

443 2764 548 2802 non
577 2748 823 2811 valeant,
870 2744 963 2799 sed
1015 2743 1156 2814 quod
1189 2723 1358 2796 nolint
1385 2756 1508 2796 cum
1554 2749 1741 2794 sancto
1783 2738 1896 2793 viro
1926 2739 2034 2791 ire-

442 2846 670 2907 quenter
696 2835 916 2890 versari.
946 2834 1129 2903 Neque
1158 2834 1301 2887 enim
1330 2848 1427 2886 nos
1456 2847 1575 2900 qua:
1600 2831 1826 2894 scimus,
1858 2828 1904 2883 si
1933 2844 2034 2897 qua

443 2938 621 2983 tamen
653 2926 890 2990 scimus,
918 2941 985 2981 ex
1031 2925 1227 2995 ingenii
1270 2924 1563 2977 acrimonia
1612 2922 1892 2986 novimus,
1938 2920 2033 2974 sed

442 3016 582 3087 quod
614 3016 732 3086 ejus
762 3016 960 3085 scripta
987 3014 1203 3070 aSsiduc
1225 3022 1533 3075 tractemus,
1559 3012 1817 3081 illumque
1839 3009 2035 3065 allecto

452 3109 688 3163 maximo
713 3108 1156 3175 complectamur.
1187 3103 1319 3158 Nam
1350 3102 1441 3172 qui
1474 3111 1658 3157 amant
1678 3140 1697 3165 ,
1737 3109 2037 3154 amatorum

444 3209 562 3253 acta
595 3199 712 3267 plus
741 3211 899 3266 quam
928 3196 1019 3249 alii
1046 3208 1236 3248 omnes
1267 3205 1483 3254 norunt,
1517 3202 1701 3261 utpote
1726 3190 1817 3260 qui
1842 3190 1910 3244 de
1934 3191 2039 3244 illis

445 3290 661 3344 solliciti
694 3289 797 3342 sint
824 3306 837 3341 :
872 3287 923 3339 id
955 3286 1094 3356 quod
1135 3286 1219 3337 hic
1251 3284 1328 3337 vir
1359 3284 1546 3337 beatus
1571 3280 1892 3343 ostendens,
1924 3279 2041 3334 Phi-

447 3380 780 3450 lippcnsibus
807 3376 938 3431 dicit
966 3394 979 3429 :
1017 3375 1163 3430 Sicut
1190 3373 1313 3425 mihi
1336 3375 1529 3441 justum
1558 3381 1631 3424 est
1654 3373 1748 3423 hoc
1773 3370 1956 3424 sentire
1976 3370 2040 3422 de

448 3472 607 3533 vobis,
641 3487 698 3523 eo
719 3470 852 3535 quod
878 3484 964 3521 vos
991 3468 1043 3519 in
1069 3465 1223 3518 corde
1247 3465 1455 3516 habeam
1486 3463 1534 3514 in
1567 3462 1777 3514 vinculis
1805 3461 1926 3513 meis
1946 3502 1960 3522 ,
1994 3471 2039 3512 et

447 3567 502 3617 in
530 3564 822 3632 defensione
845 3570 891 3614 cl
920 3557 1303 3625 conﬁrmatione
1327 3555 1573 3624 evangelii
1600 3552 1857 3623 (Philipp.
1887 3555 1937 3606 l.
1957 3553 2037 3621 7).

452 3657 635 3725 Itaque
662 3655 705 3707 si
730 3654 887 3708 vultis
910 3652 1122 3707 lectioni
1149 3651 1431 3719 diligenter
1449 3648 1746 3712 attendere,
1771 3662 1875 3702 non
1898 3646 2039 3701 aliud

454 3746 831 3816 requiremlnm
877 3743 1027 3796 vobis
1072 3742 1173 3795 erit
1205 3760 1217 3795 :
1252 3756 1436 3795 verum
1481 3740 1677 3810 quippe
1724 3748 1806 3794 est
1843 3738 2038 3793 Christi

451 3840 651 3892 dictum
685 3834 811 3890 illttd
840 3854 852 3889 :
888 3834 1110 3901 Quem-ite
1130 3874 1146 3898 ,
1176 3843 1223 3887 et
1252 3833 1549 3896 invenietis;
1592 3832 1818 3898 pulsate,
1847 3839 1895 3883 et
1919 3845 2042 3899 ape-

452 3933 608 3985 rietur
635 3928 769 3984 vobis
800 3928 1015 4001 (illailla.
1042 3928 1095 3982 7.
1119 3927 1198 3998 7).
1226 3925 1421 3981 Verum
1444 3925 1565 3993 quia
1592 3923 1834 3994 plerique
1858 3936 1923 3977 cx
1954 3921 2039 3986 iis,

454 4024 544 4093 qui
576 4021 677 4075 huc
706 4021 980 4075 nobiscum
1010 4033 1314 4073 convenere
1336 4058 1350 4081 ,
1382 4015 1609 4080 liberos,
1643 4028 1864 4068 uxorem
1894 4012 2043 4065 alen-

452 4114 611 4179 dam,
653 4113 902 4182 aedeSque
931 4111 1193 4165 curandas
1232 4124 1554 4177 suscepere,
1596 4120 1695 4160 nec
1723 4120 1844 4159 sese
1890 4113 2032 4156 totos

454 4205 579 4259 ltuic
601 4204 779 4258 studio
798 4204 927 4257 dare
952 4210 1173 4271 possunt
1197 4219 1209 4253 :
1237 4201 1303 4254 ad
1325 4215 1410 4263 ea,
1433 4215 1553 4267 qua!
1579 4197 1669 4250 alii
1690 4196 2041 4264 collegerunt,

454 4296 770 4365 excipienda
804 4310 898 4347 vos
926 4303 1252 4362 comparate.
1286 4301 1593 4360 tantumque
1619 4289 1854 4343 studium
1884 4290 2043 4343 dictis

455 4386 737 4442 audiendis
784 4385 1065 4450 adhibete,
1113 4392 1370 4451 quantum
1417 4380 1731 4447 colligenda:
1781 4380 2038 4448 pecuniae.

460 4480 572 4534 l-itsi
603 4491 832 4545 namque
863 4484 1018 4545 turpe
1040 4483 1123 4529 est
1148 4473 1278 4528 nihil
1298 4488 1328 4527 a
1357 4473 1506 4527 vobis
1529 4473 1647 4541 plus
1673 4473 1916 4541 exigere,
1941 4472 2045 4525 uti-

457 4588 580 4627 nam
609 4570 690 4625 vel
720 4577 923 4623 tantum
955 4554 1275 4621 adhibeatis.

529 4662 916 4731 Scripturarum
953 4657 1242 4729 ignorantia
1280 4664 1470 4723 quanta
1498 4653 1662 4723 pariat
1701 4652 1858 4708 mala.
1902 4652 2043 4707 Ordo

454 4755 695 4828 temporis
724 4754 776 4806 in
802 4752 1014 4822 singulis
1041 4749 1267 4819 epistolis
1298 4747 1469 4801 Pauli.
1491 4776 1562 4787 -—
1582 4746 1711 4800 Nam
1740 4762 1769 4801 a
1797 4747 2041 4815 Scriptu-

455 4864 632 4902 rartnu
654 4844 949 4915 ignorantia
972 4842 1247 4895 innumera
1268 4848 1382 4893 orta
1401 4846 1525 4893 sunt
1542 4838 1677 4891 mala
1698 4855 1711 4892 :
1737 4836 1858 4891 hinc
1877 4836 2041 4891 multa

452 4946 735 5000 luereseou
780 4938 932 5002 lues,
978 4934 1103 4989 hinc
1132 4934 1319 5004 ignava
1357 4930 1565 4986 vivendi
1606 4930 1745 4984 ratio
1783 4939 1837 4984 et
1860 4928 2040 4983 iul‘rn-

453 5032 624 5085 smosi
656 5029 885 5083 labores.
920 5024 1072 5082 Sicut
1098 5025 1243 5080 enim
1274 5024 1364 5093 qui
1408 5023 1525 5076 luce
1567 5020 1862 5090 privamur,
1895 5028 2040 5074 recta

452 5120 707 5175 incedere
734 5127 1003 5188 nequeunt
1031 5134 1045 5169 :
1074 5116 1153 5170 sic
1175 5115 1262 5184 qni
1293 5114 1591 5169 divinarum
1615 5112 1777 5165 radiis
1804 5110 2041 5180 Scriptu-

454 5226 635 5262 rarnm
687 5225 793 5263 non
839 5209 1111 5273 fruuntur,
1157 5207 1464 5262 necessario
1504 5212 1726 5275 peccant
1767 5213 1819 5258 et
1862 5211 2043 5258 errant

464 5300 783 5367 irequcnter,
817 5309 997 5367 utpote
1032 5299 1121 5367 qui
1155 5300 1205 5352 in
1230 5298 1563 5353 densissimis
1590 5293 1821 5350 tenebris
1850 5293 2038 5345 ambu-

520 5412 535 5443 ι
574 5417 701 5459 tinus
722 5410 874 5459 habet
899 5424 959 5459 ex
986 5408 1186 5466 Savilio,
1226 5419 1276 5458 ltt
1299 5424 1460 5459 omnes
1483 5406 1616 5458 Pauli
1638 5405 1859 5470 epistolas
1882 5409 2039 5468 prato.

454 5485 565 5538 σει-ς.
592 5471 737 5538 Initio
755 5486 799 5532 pl
812 5472 940 5532 ologi
965 5471 1030 5538 de
1053 5472 1277 5538 omnibus
1301 5469 1680 5538 t‘anli__l_£pislol_is
1701 5469 1820 5529 agit.

518 5538 593 5595 (a)
609 5527 846 5584 Collatum
868 5527 977 5582 cum
993 5531 1171 5582 Codice
1192 5539 1339 5594 Regio
1366 5533 1481 5581 tas;
1497 5527 1557 5579 'ct
1568 5527 1764 5580 t'elbcrt
1787 5545 1844 5577 au
1866 5527 1973 5577 995.

2127 1819 2258 1874 lent.
2306 1819 2358 1873 Id
2390 1834 2459 1874 ne
2488 1820 2704 1873 eveniat
2726 1862 2739 1883 ,
2780 1821 2846 1873 ad
2866 1819 3102 1889 Apostoli
3132 1818 3407 1874 dictorum
3458 1818 3712 1889 fulgorem

2127 1911 2312 1965 oculos
2354 1911 2655 1980 aperiamus
2688 1929 2701 1964 :
2734 1910 2852 1981 ejus
2889 1912 3087 1980 quippe
3116 1912 3292 1980 lingua
3325 1912 3601 1981 plusquam
3638 1914 3716 1968 sol

2132 2003 2289 2065 lucet,
2320 2010 2651 2073 czeterosqne
2673 2018 2862 2056 omnes
2882 2004 3121 2057 doctrina
3146 2004 3292 2058 verbi
3317 2014 3555 2073 superat.
3583 2005 3717 2071 Quia

2130 2094 2271 2147 enim
2318 2094 2435 2163 plus
2474 2110 2631 2163 qnam
2661 2095 2734 2148 illi
2766 2095 3021 2149 laboravit
3043 2135 3057 2155 ,
3104 2110 3347 2163 magnam
3377 2096 3475 2149 sibi
3505 2098 3721 2149 attraxit

2129 2183 2360 2254 Spiritus
2409 2185 2682 2254 gratiam:
2741 2184 2898 2253 idque
2941 2201 3045 2238 nott
3097 2201 3162 2239 ex
3216 2186 3458 2255 epistolis
3517 2197 3719 2242 tantum

2132 2275 2279 2345 ejus,
2310 2277 2405 2329 sed
2428 2276 2587 2330 etiam
2619 2291 2684 2330 ex
2714 2276 2877 2351 gestis
2901 2277 3292 2332 contenderim.
3332 2278 3465 2333 Nam
3512 2281 3556 2333 si
3597 2298 3726 2332 cou-

2133 2366 2380 2421 cionandi
2410 2376 2623 2436 tempus
2661 2376 2839 2433 esset,
2871 2368 2989 2421 illas
3017 2369 3115 2439 ipsi
3148 2378 3330 2438 partes
3362 2372 3557 2441 ubique
3596 2390 3726 2427 con-

2134 2459 2397 2514 cedebant
2432 2476 2444 2510 :
2480 2459 2702 2529 ideoque
2745 2458 2885 2529 apud
2934 2460 3238 2515 incredulos
3269 2461 3563 2525 Mercurius
3604 2479 3729 2518 esse

2137 2549 2423 2618 putabatur
2468 2548 2603 2618 (Act.
2644 2549 2734 2604 Η.
2774 2551 2888 2618 ll),
2933 2550 3073 2621 quod
3125 2552 3177 2607 in
3231 2552 3535 2623 eloquentia
3581 2557 3728 2624 prin-

2138 2660 2264 2715 ccps
2313 2654 2477 2700 esset.
2539 2643 2595 2699 In
2655 2643 2791 2699 hanc
2840 2655 3018 2699 autem
3063 2647 3342 2716 epistolam
3394 2647 3728 2719 ingressuri,

2141 2750 2363 2791 necesse
2411 2744 2577 2791 estut
2628 2744 2872 2807 tempus,
2922 2751 3029 2806 quo
3072 2738 3265 2807 scripta
3312 2736 3445 2805 fuit,
3492 2741 3734 2809 assigne-

2142 2845 2279 2884 mus.
2326 2829 2441 2884 Non
2497 2830 2673 2890 enim.
2722 2840 2779 2884 ιιι
2833 2830 2984 2885 multi
3040 2833 3379 2899 existimant,
3418 2843 3543 2895 ante
3598 2836 3737 2889 alias

2141 2936 2331 2974 milites
2350 2921 2544 2990 scripta
2574 2920 2698 2981 fuit;
2727 2922 2819 2974 sed
2846 2924 3015 2991 prima
3038 2922 3253 2991 quidem
3280 2932 3363 2977 est
3382 2939 3591 2991 carum,
3611 2943 3737 2995 qua:

2142 3012 2308 3066 Roma
2342 3012 2518 3067 missa:
2544 3012 2723 3080 luere,
2753 3015 2993 3067 omnium
3013 3054 3030 3079 ,
3072 3023 3126 3068 at
3154 3015 3420 3083 posterior
3453 3016 3592 3079 aliis,
3631 3018 3734 3072 etsi

2145 3120 2249 3158 non
2278 3104 2547 3158 omnibus.
2583 3106 2789 3160 Etenim
2834 3107 3008 3159 ambze
3042 3106 3108 3159 ad
3141 3105 3449 3162 Corinthios
3490 3109 3737 3178 epistola:

2145 3194 2281 3249 hanc
2320 3205 2732 3263 pratceSScrnnt.
2766 3195 2819 3249 Id
2868 3197 3122 3265 liquidum
3164 3207 3246 3250 est
3275 3212 3339 3250 ex
3386 3198 3482 3263 iis,
3513 3215 3634 3266 qua:
3679 3201 3735 3254 in

2146 3286 2248 3339 line
2274 3284 2431 3353 hujus
2458 3287 2673 3355 scripsit
2706 3287 2789 3340 his
2818 3288 2995 3342 verbis
3020 3304 3033 3339 :
3066 3285 3118 3339 Ν
3123 3304 3220 3340 unc
3244 3298 3413 3340 autem
3440 3290 3741 3358 proﬁciscor

2141 3378 2545 3448 Jerosolyntam,
2578 3380 2869 3433 ministram
2894 3380 3102 3432 sanctis.
3144 3378 3314 3432 Visum
3339 3389 3416 3434 est
3444 3382 3578 3434 enim
3618 3380 3741 3437 lla.-

2143 3469 2369 3523 cedonia:
2398 3480 2443 3523 et
2475 3470 2681 3523 Achaia:
2704 3468 3207 3523 comnmuiealionem
3233 3470 3459 3539 aliquam
3483 3470 3653 3539 facere
3682 3473 3741 3527 in

2146 3578 2391 3631 pauperes
2411 3572 2698 3615 sanctorum
2714 3561 2798 3631 qui
2821 3572 2936 3615 sunt
2949 3559 2984 3615 J
2988 3561 3284 3631 erosolymis
3307 3560 3484 3631 (Rom.
3511 3564 3599 3618 l5.
3617 3564 3739 3633 26).

2144 3652 2438 3707 Corinthiis
2466 3660 2645 3707 autem
2673 3651 2915 3705 scribens
2942 3652 3016 3705 ait
3042 3669 3055 3702 :
3093 3650 3243 3717 Quod
3271 3652 3317 3705 si
3345 3652 3559 3722 dignum
3585 3656 3742 3722 fuerit

2147 3756 2199 3799 nt
2226 3756 2272 3799 et
2302 3762 2392 3815 ego
2430 3762 2542 3799 eam
2562 3786 2577 3809 ,
2609 3762 2799 3799 merum
2841 3746 3225 3815 proﬁciscentur
3254 3746 3331 3818 (Ι.
3364 3745 3484 3800 Cor.
3525 3748 3614 3803 16.
3642 3749 3737 3815 4);

2145 3839 2214 3894 de
2245 3841 2307 3895 iis
2338 3840 2596 3910 loquens,
2628 3840 2717 3909 qni
2750 3839 2875 3893 illnc
2907 3838 3158 3909 pecunias
3196 3838 3529 3906 deportatnri
3560 3851 3739 3896 erant.

2151 3931 2302 3987 Unde
2350 3931 2550 4002 liquet,
2603 3946 2725 3984 cum
2780 3930 3045 3985 scriberet
3089 3930 3418 3994 Corinthiis,
3472 3932 3741 3986 incertum

2148 4024 2313 4079 fuisse
2339 4038 2407 4077 an
2446 4038 2513 4079 eo
2553 4021 2892 4093 profecturus
2918 4032 3103 4089 esset;
3135 4037 3256 4077 cum
3287 4038 3416 4077 vero
3448 4022 3742 4090 Romanis,

2146 4129 2261 4171 rem
2281 4116 2623 4171 constitutam
2648 4125 2704 4170 et
2727 4124 2930 4170 certam
2950 4115 3132 4170 fuisse.
3155 4116 3266 4182 Qua
3292 4131 3351 4170 re
3366 4117 3741 4186 comprobata,

2146 4218 2351 4262 certum
2375 4216 2457 4261 est
2490 4206 2625 4259 hanc
2654 4216 2771 4275 post
2792 4207 2911 4260 illas
2939 4206 3190 4275 scriptam
3213 4206 3397 4262 fuisse.
3425 4208 3600 4262 Etiam
3623 4211 3742 4279 epi-

2147 4298 2282 4352 stola
2311 4297 2375 4351 ad
2412 4297 2923 4352 Thessalonicenses
2963 4297 3169 4352 videtur
3215 4296 3342 4351 mihi
3394 4300 3743 4366 pra'cessisse

2146 4389 2425 4458 epistolam
2468 4389 2535 4443 ad
2575 4389 2903 4444 Corinthios.
2946 4387 3078 4443 Nam
3121 4404 3242 4443 cum
3273 4390 3376 4443 illis
3420 4390 3569 4459 prius
3601 4393 3741 4445 scri-

2148 4479 2338 4548 psisset
2363 4479 2431 4533 de
2472 4478 2810 4550 clcemosyna
2842 4479 2925 4534 his
2956 4479 3166 4543 verbis,
3207 4477 3286 4532 De
3310 4484 3539 4550 fraterno
3564 4492 3741 4533 autem

2147 4590 2317 4628 amore
2339 4591 2438 4628 non
2466 4592 2593 4645 opus
2615 4586 2687 4629 est
2718 4585 2769 4629 ut
2796 4576 3074 4630 scribamus
3096 4575 3230 4629 vobis
3254 4590 3272 4629 :
3301 4591 3387 4628 vos
3415 4575 3549 4627 enim
3574 4592 3606 4626 a
3632 4573 3742 4626 Deo

2146 4665 2280 4718 docti
2316 4666 2432 4719 estis
2461 4675 2515 4718 ut
2549 4666 2773 4737 diligatis
2808 4667 3018 4720 invicem
3044 4682 3064 4720 :
3087 4666 3265 4720 etenim
3295 4665 3389 4717 hoc
3418 4665 3588 4733 facitis
3617 4681 3742 4733 ergit

2146 4764 2351 4810 cunctos
2366 4760 2549 4827 fratres
2571 4757 2646 4826 (l.
2672 4756 2847 4811 Thess.
2871 4757 2925 4811 4.
2952 4757 3003 4812 9.
3034 4756 3156 4825 l0);
3187 4765 3313 4809 tunc
3331 4755 3397 4808 ad
3422 4754 3742 4809 Corinthios

2147 4846 2392 4917 scripsit;
2428 4847 2476 4902 id
2506 4848 2646 4917 quod
2690 4848 2803 4917 ipse
2832 4848 3019 4917 probat
3058 4848 3281 4902 dicens:
3315 4846 3437 4900 Scio
3482 4847 3619 4900 enim
3645 4862 3740 4916 ego

2147 4948 2437 5007 promptum
2461 4939 2688 4991 anintunt
2719 4949 2935 4992 vestrum
2954 4978 2971 5003 ,
3013 4954 3107 5009 pro
3145 4954 3244 5007 quo
3277 4937 3342 4989 de
3380 4935 3521 4990 vobis
3547 4938 3741 5007 glorior

2146 5029 2284 5098 apud
2312 5028 2615 5096 Macedones
2636 5047 2653 5094 ;
2675 5030 2913 5098 quoniam
2936 5038 2982 5083 et
3008 5030 3200 5082 Achaia
3223 5037 3402 5098 parata
3423 5038 3498 5080 est
3518 5028 3581 5080 ab
3603 5042 3738 5080 anno

2149 5123 2399 5191 picatcrito
2424 5137 2442 5175 :
2471 5132 2515 5175 et
2547 5133 2708 5174 vestra
2744 5120 3002 5175 annulatio
3040 5121 3326 5191 provocavit
3366 5118 3711 5189 plurimos(2

2149 5212 2263 5267 ﬂor.
2290 5213 2343 5267 ii.
2372 5213 2453 5282 '2).
2483 5212 2685 5277 Quibus
2712 5222 3099 5266 commonstrat
3128 5225 3187 5265 se
3228 5211 3457 5279 primum
3502 5211 3607 5263 illis
3639 5210 3734 5261 hac

2146 5306 2213 5359 de
2242 5320 2298 5359 re
2331 5305 2605 5374 loquntnm
2633 5318 2775 5358 esse.
2807 5302 2933 5358 llaec
2954 5304 3111 5373 igitur
3138 5302 3388 5372 epistola,
3419 5318 3541 5372 qnzc
3567 5302 3733 5371 prima

2145 5408 2227 5451 est
2252 5413 2466 5461 eartnu,
2500 5412 2630 5467 quas
2658 5396 2842 5450 Romae
2872 5396 3087 5465 scripsit
3106 5435 3121 5459 ,
3154 5395 3259 5449 illis
3284 5393 3533 5462 epistolis
3562 5399 3735 5461 [liste-

2148 5491 2256 5543 rior
2284 5499 2384 5544 est.
2429 5487 2669 5543 Nondum
2701 5487 2843 5540 enim
2888 5487 3109 5541 Romam
3149 5495 3404 5551 venerat,
3448 5500 3571 5539 cum
3602 5485 3736 5536 halm:
