3934 6212
227 301 311 358 ωε
1298 287 1362 342 ιχ
1402 285 1617 342 Ειηετ.
1661 283 1751 337 ιιι)
1792 283 1953 337 non.
1999 258 2235 340 ιιυιιιι..Δ
2262 279 2302 341 t.

223 408 395 479 scripsit
416 404 691 475 epistolam
718 421 733 468 ;
766 394 817 457 id
858 401 1000 474 quod
1035 402 1116 455 his
1144 402 1319 456 verbis
1352 401 1549 455 imlicat
1577 417 1588 451 :
1623 397 1761 452 Desi-

223 508 318 558 dero
335 501 449 556 enim
473 498 638 551 ridere
668 512 773 558 vos,
805 506 858 547 ut
888 495 1081 565 aliquid
1107 495 1393 563 impertiam
1426 493 1560 546 vobis
1586 492 1767 563 gratia:

3344 298 3451 350 395

1872 394 2109 449 medicus
2133 408 2391 466 a-grotare
2427 398 2771 470 incipientes,
2806 410 2860 455 et
2885 416 3009 467 eos,
3042 418 3130 473 qui
3176 403 3389 461 domum
3420 422 3450 456 a

1870 486 2060 540 morbo
2090 497 2437 551 recreantur;
2466 505 2637 559 neque
2663 491 2852 546 doctor
2881 496 3131 562 puerulos
3174 498 3329 550 simul
3352 538 3367 561 ,
3395 507 3448 552 et

221 591 454 657 uin-mm
485 588 660 658 (nam.
691 588 743 642 ί.
775 588 881 655 η),
914 586 1084 640 “mna
1106 595 1281 638 autem
1305 586 1369 637 ad
1395 584 1763 653 philippeuses
1790 609 1828 639 ,ρ
1867 593 1960 631 eos
1982 579 2068 646 qui
2096 580 2402 672 perlectiorj
2421 591 2579 649 egent
2612 581 2854 637 doctrina
2907 588 3016 654 pari
3048 588 3206 641 modo
3230 601 3443 643 curant.

222 686 392 754 scripsit
418 700 431 737 :
465 682 585 735 ideo
611 682 685 733 ait
712 698 725 734 :
761 679 1007 734 Salutant
1031 694 1115 732 vos
1136 694 1311 731 omnes
1335 678 1520 739 sancti,
1546 677 1762 730 maxime

219 781 285 847 ιιιιί
317 777 368 828 de
390 775 597 828 Ca'sttris
625 774 777 826 domo
816 784 929 827 sunt
972 772 1231 843 (Philipp.
1263 773 1319 826 4.
1356 770 1477 839 22).
1526 770 1763 824 llebhcis

219 881 389 937 quoque
416 867 609 920 isthinc
646 866 893 933 scripsit,
927 864 1106 934 aitque
1134 866 1351 918 salutari
1381 865 1525 934 ipsos
1554 864 1621 916 ab
1655 864 1718 918 iis
1746 906 1760 927 ,

220 959 287 1027 qui
311 959 352 1011 iu
379 956 525 1010 Italia
551 965 707 1010 erant
735 956 922 1026 (Hebr.
951 957 1039 1011 15.
1072 956 1186 1027 24).
1222 956 1512 1027 Epistulam
1544 956 1667 1011 item
1695 957 1760 1009 ad

220 1048 509 1102 Timotheum
535 1047 706 1102 Roma
736 1048 942 1103 vinctus
974 1049 1148 1111 misit,
1192 1063 1310 1118 qua:
1335 1056 1603 1117 postrema
1632 1047 1759 1100 mihi

217 1142 386 1196 videtur
406 1142 643 1194 omnium
674 1140 819 1194 Pauli
848 1139 1215 1209 epistularum,
1250 1147 1306 1192 ut
1330 1150 1393 1192 ex
1420 1139 1535 1206 ejus
1564 1138 1668 1191 line
1700 1138 1761 1191 li-

215 1242 346 1299 quet:
380 1230 481 1300 Ego
503 1232 637 1284 enim
653 1232 765 1300 jam
798 1230 1053 1297 immolor,
1094 1229 1255 1299 inquit
1277 1271 1291 1292 ,
1325 1239 1371 1283 et
1394 1239 1588 1298 tempus
1626 1242 1747 1282 γεω

214 1322 385 1375 lunonis
408 1337 535 1375 mete
560 1323 714 1374 instat
757 1322 835 1387 (2.
862 1319 994 1377 Tim.
1021 1322 1077 1375 4.
1102 1321 1178 1391 6).
1229 1320 1381 1386 Quod
1421 1331 1599 1373 autem
1643 1320 1761 1374 istic

214 1417 343 1466 linem
370 1414 574 1467 vivendi
602 1413 811 1478 fecerit,
838 1412 1033 1466 nemini
1057 1428 1159 1465 non
1189 1421 1370 1465 notum
1392 1422 1492 1466 est.
1523 1411 1759 1481 Epistola

213 1520 385 1573 quoque
415 1504 479 1557 ad
515 1502 880 1558 Philemonem
924 1504 1062 1558 inter
1089 1512 1383 1572 postremas
1412 1515 1521 1565 est;
1578 1506 1628 1558 in
1662 1519 1757 1557 ex-

212 1605 349 1649 trema
384 1596 520 1649 enim
560 1604 837 1648 senectute
867 1596 1082 1663 scripsit
1125 1595 1268 1648 illam
1296 1611 1308 1650 :
1343 1594 1463 1648 ideo
1496 1595 1708 1649 dicebat
1741 1613 1753 1649 :

214 1684 270 1740 Ut
294 1684 464 1740 Paulus
504 1702 686 1750 seriem,
731 1701 865 1740 nunc
902 1697 1067 1739 autem
1106 1687 1297 1740 vinctus
1335 1688 1386 1739 in
1413 1686 1609 1740 Christo
1631 1685 1757 1740 Jesu

213 1776 423 1843 (Philem.
456 1776 537 1849 9).
575 1778 699 1832 lliec
730 1794 889 1846 porro
934 1780 1208 1846 praeceSsit
1241 1778 1519 1847 epistolam
1559 1777 1624 1830 ad
1654 1777 1759 1831 Co-

216 1868 473 1936 lossenses,
506 1878 564 1923 ut
592 1885 657 1923 ex
689 1869 807 1938 ejus
839 1871 940 1924 line
966 1870 1226 1939 arguitur,
1258 1871 1342 1923 ubi
1376 1870 1453 1924 sic
1485 1870 1754 1939 loquitur:

210 1959 424 2030 Tychicas
446 1964 619 2015 omnia
642 1961 778 2016 vobis
803 1964 1046 2026 narrabit,
1072 1980 1216 2032 quem
1238 1963 1354 2015 misi
1377 1979 1489 2015 cum
1521 1963 1756 2016 Uitesinto

207 2053 325 2118 ﬁdeli
344 2065 383 2105 et
403 2055 582 2107 dilecto
599 2044 759 2124 fratre
783 2054 915 2125 (Col.
935 2061 987 2109 4.
1011 2057 1086 2124 7).
1112 2056 1397 2110 Onesimus
1417 2066 1593 2110 autem
1616 2067 1752 2123 erat,

204 2144 333 2211 cujus
356 2148 517 2215 gratia
542 2146 606 2198 ad
634 2144 998 2200 Philemonem
1026 2149 1240 2216 scripsit
1264 2148 1567 2215 epistolam.
1600 2148 1752 2213 Quod

205 2248 311 2287 vero
336 2251 433 2289 non
460 2238 601 2289 alius
648 2246 791 2292 esset
835 2238 929 2307 ipsi
968 2240 1335 2306 cognominis,
1385 2249 1526 2308 patet
1551 2255 1615 2293 ex
1654 2242 1755 2294 Ara

204 2328 401 2398 cluppo:
431 2346 592 2398 quem
612 2330 757 2384 enim
786 2331 836 2384 in
868 2331 1089 2398 epistola
1114 2331 1179 2383 ad
1204 2330 1569 2386 Philemonem
1599 2331 1750 2401 adju-

203 2424 345 2471 torcm
385 2421 593 2489 accepit
631 2421 697 2473 ad
744 2437 854 2473 rem
896 2438 992 2490 pro
1035 2423 1287 2476 Unesiino
1333 2423 1747 2491 impetrandam,

205 2507 553 2580 huncquoque
596 2512 650 2563 in
672 2509 901 2580 cpistola
934 2511 999 2563 ad
1038 2510 1383 2566 Colosscnses
1426 2515 1623 2567 excitat
1668 2514 1750 2568 his

203 2602 384 2654 verbis:
414 2600 581 2654 Dicite
620 2602 914 2671 Archippo:
953 2600 1074 2655 Vide
1106 2598 1470 2669 ministerium,
1502 2606 1637 2671 quod
1663 2623 1751 2659 ac-

201 2692 379 2757 cepisti,
414 2704 462 2744 ut
500 2694 634 2745 illud
662 2695 870 2755 impleas
901 2692 1075 2767 (Ibid.
1108 2710 1155 2747 υ.
1186 2695 1297 2766 17).
1328 2696 1545 2751 Videtur
1568 2707 1747 2753 autem

201 2783 313 2835 mihi
336 2786 604 2852 epistolam
630 2788 695 2840 ad
718 2786 931 2841 Galatas
956 2804 1095 2852 eam,
1121 2805 1241 2859 qua:
1261 2789 1326 2842 ad
1355 2781 1625 2846 Romanos
1644 2804 1744 2856 est,

197 2879 524 2941 pra-cessisse.
561 2879 614 2932 Si
656 2888 833 2932 autem
881 2880 930 2932 in
973 2880 1120 2933 libris
1162 2883 1322 2934 alium
1370 2882 1568 2937 habent
1605 2884 1750 2938 ordia

193 2982 315 3027 ueni,
346 2970 469 3023 nihil
504 2970 698 3023 mirum
727 2988 739 3023 :
769 2972 1193 3042 quandoquidem
1232 2985 1285 3027 et
1314 2972 1595 3030 duodecim
1626 2991 1747 3047 pro-

192 3057 341 3123 pheta:
369 3076 469 3114 non
501 3060 797 3114 secundum
832 3065 1085 3131 temporis
1124 3064 1402 3130 ordinent,
1449 3067 1543 3120 sed
1590 3067 1745 3137 longe

187 3162 320 3205 a-tatc
357 3155 652 3215 distantes,
699 3154 749 3208 in
793 3154 976 3209 Bibliis
1017 3156 1264 3211 collocati
1306 3168 1448 3212 sunt.
1482 3162 1741 3231 Aggaius,

189 3240 444 3299 Zacharias
461 3256 519 3299 et
540 3247 630 3298 alii
656 3258 769 3314 post
796 3248 1125 3304 Ezecliielem
1149 3258 1200 3304 et
1222 3250 1498 3307 Danielem
1519 3256 1747 3323 pmphe-

186 3344 436 3400 Lai-eruunt;
471 3348 531 3391 et
564 3340 712 3391 multi
762 3353 877 3408 post
908 3340 1096 3394 Jonam
1133 3353 1183 3395 et
1220 3343 1543 3411 Saphoiiiam
1580 3357 1742 3403 ctrte-

186 3440 353 3494 rusque
375 3445 594 3489 omnes,
629 3440 682 3484 et
709 3442 880 3485 tamen
911 3434 1011 3487 illis
1036 3435 1282 3488 munibus
1303 3438 1573 3505 Conjtut‘cti
1597 3452 1741 3506 sunt,

182 3521 401 3587 aquibus
427 3533 585 3575 tanto
609 3526 861 3592 temporis
881 3527 1053 3595 spatio
1077 3537 1201 3581 sunt
1229 3529 1421 3583 dissiti.

236 3610 282 3661 Ξ.
298 3610 463 3665 Nemo
496 3614 643 3667 hunc
670 3614 901 3669 laborem
930 3628 1079 3671 extra
1108 3634 1219 3673 rem
1249 3634 1392 3687 esse,
1414 3637 1585 3692 neque
1606 3624 1743 3680 hanc

179 3700 593 3773 disquisitionem
610 3710 931 3777 superﬂuam
948 3719 1003 3764 et
1021 3725 1086 3764 ex
1109 3711 1417 3767 curiositate
1442 3713 1550 3767 ﬁeri
1572 3725 1738 3783 putet:

179 3808 280 3847 nam
320 3800 677 3867 cpiStolarum
706 3809 913 3868 tempus
940 3814 1045 3854 non
1062 3817 1256 3869 parum
1285 3802 1351 3856 ad
1379 3804 1595 3873 quaesita
1632 3807 1742 3859 sol-

177 3888 321 3939 teuda
350 3892 588 3944 confert.
622 3891 755 3943 Cum
790 3894 932 3944 enim
976 3892 1129 3945 video
1157 3891 1373 3946 l’aulum
1403 3892 1658 3948 Romanis
1688 3906 1741 3950 et

173 3979 571 4037 Colussensihus
615 3983 683 4036 de
714 3984 898 4038 iisdem
943 3984 1103 4039 rebus
1132 3986 1388 4051 scribere,
1442 4002 1613 4057 neque
1659 3996 1740 4042 la-

172 4086 278 4126 nten
304 4075 466 4129 simili
490 4075 677 4141 tnodo,
707 4077 800 4130 sed
821 4077 923 4131 illis
953 4093 1073 4131 cum
1097 4077 1420 4148 indulgentia
1445 4096 1655 4149 magna,
1687 4092 1744 4135 ut

171 4178 274 4215 cum
301 4166 451 4231 dicit,
500 4165 781 4235 Inﬁnitum
822 4184 937 4222 vero
961 4170 1013 4221 in
1040 4170 1142 4237 ﬁde
1161 4171 1418 4236 assumite,
1450 4188 1550 4224 non
1579 4172 1633 4225 in
1659 4172 1743 4223 di-

168 4258 554 4323 sceptationibus
604 4260 983 4313 retiaciniorum
1010 4276 1028 4313 :
1075 4261 1208 4313 alias
1247 4260 1448 4329 quidem
1486 4262 1644 4315 credit
1690 4278 1745 4316 se

166 4349 410 4402 cor-edere
448 4365 605 4413 posse
644 4349 813 4402 omnia
834 4367 853 4414 ;
890 4350 975 4418 qui
1000 4360 1168 4403 autent
1193 4351 1424 4419 in/irmus
1466 4361 1574 4417 est,
1603 4352 1744 4405 olera

167 4440 425 4492 manducet
458 4440 646 4512 (Rom.
680 4441 766 4495 M.
800 4440 966 4511 1.2);
1005 4442 1414 4498 Colossensibus
1456 4453 1632 4498 autem
1676 4445 1745 4499 de

167 4528 337 4583 iisdem
365 4532 541 4586 rebus
570 4548 674 4585 non
699 4533 768 4585 ita
798 4532 1049 4603 loquitur,
1075 4534 1168 4587 sed
1193 4550 1314 4589 cum
1353 4534 1540 4603 majori
1581 4534 1743 4589 libero

168 4629 261 4675 tate
292 4640 306 4674 :
343 4641 363 4671 ι
394 4624 454 4678 Si
489 4625 691 4678 mortui
722 4626 886 4687 estis,
921 4644 941 4677 ι
990 4626 1187 4695 inquit,
1218 4644 1237 4677 ι
1270 4642 1392 4681 cum
1424 4626 1637 4681 Christo
1678 4627 1745 4681 ab

161 4715 431 4772 cleuientis
450 4717 669 4783 mundi,
686 4733 781 4772 cur
796 4718 970 4773 adhuc
986 4728 1232 4789 tanquam
1256 4721 1499 4775 viventes
1520 4723 1569 4774 in
1594 4736 1747 4774 mun-

163 4802 543 4861 dodecernitis
576 4824 590 4860 :
619 4808 695 4862 Ne
714 4809 974 4878 tetigeris,
1005 4826 1071 4864 ne
1096 4810 1413 4880 gustaveris,
1440 4826 1507 4866 ne
1535 4822 1747 4867 contre-

160 4901 575 4969 etaverisiquze
618 4909 742 4953 sunt
780 4902 956 4954 omnia
986 4902 1038 4954 in
1087 4901 1359 4955 interitum
1396 4902 1512 4972 ipso
1549 4903 1739 4966 abusu,

164 5004 256 5041 non
287 4994 338 5045 in
369 4992 591 5047 honore
615 4993 818 5063 aliquo,
850 4993 915 5047 ad
943 4995 1277 5049 saturitatem
1304 4997 1480 5049 carnis
1524 4995 1656 5065 (Col.
1687 4998 1743 5053 '1.

160 5081 335 5154 ωδ)
368 5104 383 5137 :
424 5102 446 5137 ι
482 5102 595 5138 non
616 5085 773 5139 aliain
807 5087 962 5156 hujus
990 5086 1306 5143 diﬂerentize
1345 5103 1559 5143 causam
1596 5089 1747 5144 inve-

158 5174 260 5235 nta.
306 5193 478 5243 quam
536 5192 713 5232 rerqu
757 5188 812 5233 et
860 5181 1113 5250 temporis
1161 5180 1542 5237 conditionem.
1592 5182 1748 5239 luitio

155 5264 345 5335 quippe
376 5266 721 5337 indulgentia
749 5268 825 5323 uti
850 5270 1154 5340 oportebat,
1184 5273 1427 5342 sequenti
1458 5288 1585 5327 vero
1613 5283 1749 5327 tem-

158 5368 277 5420 purc
309 5375 423 5413 non
455 5361 611 5414 item.
655 5361 793 5415 Alibi
821 5378 1033 5432 quoque
1080 5365 1229 5418 illmn
1259 5366 1337 5419 sic
1368 5382 1529 5435 agere
1575 5368 1744 5421 vides.

152 5442 235 5501 Sic
280 5450 473 5506 facere
530 5454 706 5507 Solent
755 5453 993 5511 medicus
1028 5464 1085 5511 et
1120 5455 1308 5510 doctor
1347 5472 1561 5526 :ncqne
1604 5456 1747 5514 enim

419 5784 698 5848 ΡΑτιιοι.
747 5792 859 5852 Gtt.
916 5782 1040 5859 LX.

1871 668 2061 723 i‘anlus
2078 670 2236 740 igitur
2254 672 2373 726 aliis
2386 668 2497 726 alia
2522 675 2587 728 de
2604 684 2761 729 caiisa
2784 688 2837 730 et
2854 688 3169 747 argumento
3185 679 3445 735 adductus

1864 759 2223 830 serihebat(et
2249 761 2349 816 hoc
2376 762 2631 831 declarat,
2656 780 2774 819 eum
2802 767 3092 823 Corinthiis
3113 771 3239 825 dicit
3259 789 3270 823 :
3292 770 3366 825 De
3383 774 3444 825 iis

1864 863 2053 916 autem,
2076 870 2189 923 qua:
2213 855 2281 907 ad
2305 873 2382 908 me
2395 858 2667 927 scripsistis
2684 861 2730 931 (l
2747 898 2761 911 .
2781 860 2963 915 Cor.7.
2980 862 3049 932 l);
3081 863 3282 918 Calatis
3314 882 3441 918 vero

1864 946 2041 999 statim
2060 946 2126 1000 ab
2145 948 2364 1001 exordio
2382 958 2434 1001 et
2451 966 2546 1018 per
2564 960 2727 1004 totam
2748 952 3026 1020 epistolam
3044 954 3267 1022 idipsum
3289 957 3425 1025 signi

1864 1035 2023 1106 lieat)
2054 1055 2066 1089 :
2098 1037 2179 1090 his
2207 1053 2335 1093 vero
2360 1054 2453 1092 cur
2494 1052 2548 1094 ct
2594 1057 2697 1110 qua
2741 1042 2807 1097 de
2846 1057 3002 1097 causa
3034 1046 3232 1099 scribat
3275 1046 3437 1102 dicit:

1862 1141 1924 1177 ac
1968 1127 2238 1181 testilieari
2289 1129 2497 1183 videtur
2546 1132 2689 1199 ipsos
2731 1146 2851 1187 esse
2897 1133 3132 1189 bonitate
3171 1144 3226 1189 et
3266 1136 3441 1189 scien-

1866 1215 1934 1269 tia
1963 1217 2107 1269 otnui
2138 1218 2464 1283 instructos,
2510 1221 2595 1289 qui
2629 1232 2848 1289 postscnt
2885 1224 3019 1278 alios
3048 1239 3289 1279 mouere.
3341 1228 3450 1281 (Zur

1862 1322 1991 1375 ergo
2030 1308 2309 1376 epistolam
2351 1311 2526 1365 misit?
2581 1311 2794 1381 Propter
2821 1325 3038 1385 gratiam
3086 1314 3204 1380 Dei,
3252 1319 3446 1381 inquit,

1861 1413 1973 1464 qua
1996 1398 2118 1451 data
2143 1409 2212 1452 est
2237 1401 2379 1465 mihi,
2415 1411 2466 1455 ut
2494 1403 2589 1455 sint
2617 1406 2843 1458 minister
2876 1404 3000 1461 Jesu
3029 1405 3216 1461 Christi
3238 1406 3257 1480 (
3290 1408 3442 1465 Ιιοιιιε

1863 1490 1947 1544 15.
1977 1490 2041 1545 14
2065 1491 2104 1558 ).
2150 1492 2376 1562 Ideoque
2404 1494 2454 1547 in
2488 1496 2747 1565 principio
2775 1496 2909 1550 dixit
2938 1515 2950 1549 :
2987 1497 3192 1552 Debitor
3220 1517 3352 1565 sum,
3386 1511 3441 1552 ut

1862 1598 1952 1650 pro
1976 1582 2109 1635 virili
2140 1600 2248 1636 mea
2276 1595 2417 1653 parte
2441 1586 2577 1639 vobis
2598 1629 2612 1652 ,
2639 1589 2723 1655 qui
2750 1586 2927 1642 Romae
2960 1590 3097 1651 estis,
3129 1592 3441 1664 evangelium

1860 1675 2127 1742 prtedicem
2154 1675 2314 1747 (Ibid.
2336 1679 2388 1731 l.
2422 1680 2507 1753 ll.
2530 1680 2642 1750 l5).
2662 1679 2792 1735 Nam
2815 1682 2958 1736 dicta
2980 1684 3114 1751 ejus,
3143 1686 3288 1739 verbi
3315 1702 3437 1753 gra-

1861 1766 1954 1828 tia,
1985 1767 2126 1835 quod
2155 1768 2358 1837 possint
2389 1770 2526 1825 alios
2551 1772 2861 1835 admonere.
2903 1784 2956 1828 et
2981 1774 3198 1843 similia,
3226 1776 3438 1833 laudem

1861 1859 2125 1927 praecipue
2143 1868 2200 1913 et
2222 1860 2648 1918 exhortationem
2680 1876 2789 1933 pra:
2819 1880 2879 1920 se
2921 1865 3131 1924 ferunt:
3162 1886 3224 1923 ae
3253 1884 3443 1925 ncces-

1857 1950 1997 2004 saria
2026 1952 2184 2005 etiam
2220 1951 2300 2007 his
2329 1964 2443 2008 erat
2464 1956 2765 2010 emendatio
2790 1972 2883 2027 per
2911 1959 3110 2015 literas.
3133 1960 3264 2027 Quia
3295 1964 3437 2017 enim

1858 2042 2089 2096 nondum
2118 2044 2293 2099 isthuc
2318 2056 2553 2110 venerat,
2576 2049 2771 2116 duplici
2798 2052 3003 2106 ratione
3026 2052 3167 2107 viros
3189 2054 3434 2122 instituit,

1854 2143 1909 2188 et
1938 2134 2212 2190 literarum
2242 2137 2466 2192 utilitate
2486 2179 2501 2203 ,
2534 2150 2587 2193 et
2612 2140 2871 2195 adventus
2905 2143 2985 2196 sui
3011 2146 3432 2213 exspectatione,

1856 2226 1975 2279 talis
2001 2228 2197 2296 quippe
2221 2238 2337 2283 erat
2367 2242 2550 2284 sancta
2576 2231 2660 2284 illa
2679 2232 2893 2288 anima:
2921 2244 3087 2289 totum
3112 2238 3436 2307 complecte—

1854 2318 2011 2374 batur
2034 2320 2243 2386 orbem,
2268 2332 2322 2376 et
2351 2337 2539 2378 omnes
2569 2337 2749 2379 secum
2777 2324 3211 2397 circumferebat,
3239 2345 3438 2402 cogna-

1854 2412 2051 2465 tionem
2094 2415 2378 2468 maximam
2412 2415 2553 2469 illam
2586 2432 2706 2473 esse
2735 2429 2960 2488 putans,
2992 2437 3112 2491 qua:
3139 2427 3434 2483 secundum

1854 2502 2019 2557 Deum
2048 2513 2130 2558 est
2165 2521 2179 2558 :
2205 2514 2365 2575 atque
2388 2505 2457 2559 ita
2490 2507 2606 2561 illos
2631 2524 2818 2563 omnes
2843 2512 3076 2579 amabat,
3105 2528 3168 2569 ac
3190 2515 3236 2569 si
3276 2530 3436 2587 pepe-

1853 2595 2028 2658 risset,
2053 2595 2159 2648 imo
2187 2597 2445 2665 majorem
2478 2614 2586 2667 prae
2614 2614 2671 2653 se
2700 2599 2929 2666 ferebat,
2955 2619 3114 2674 quam
3144 2607 3318 2677 quivis
3348 2624 3435 2679 pa.

1855 2696 1955 2749 ter,
1980 2686 2343 2742 dilectionem.
2369 2688 2512 2742 Talis
2535 2691 2676 2744 enim
2702 2702 2785 2746 cst
2803 2694 2972 2763 gratia
3006 2695 3239 2767 Spiritus
3262 2714 3278 2752 :
3307 2716 3431 2753 ear-

1854 2778 2002 2847 nales
2024 2788 2204 2845 partus
2220 2789 2453 2847 supcrat,
2475 2790 2530 2835 et
2550 2782 2909 2838 ardentiorem
2932 2786 3427 2847 cxhibctaﬂ'ectum.

1816 2842 1907 2941 Ἦ
1941 2869 1991 2921 in
2023 2870 2211 2938 primis
2235 2871 2418 2923 videre
2447 2873 2602 2925 estin
2629 2873 2805 2927 anima
2838 2876 3008 2943 Pauli,
3035 2880 3124 2948 qui
3154 2885 3305 2950 quasi
3334 2900 3429 2939 vo-

1850 2961 2011 3014 lueris
2050 2976 2114 3015 es
2142 2962 2364 3016 caritate
2386 2961 2576 3027 factus,
2608 2979 2797 3019 omnes
2823 2965 3133 3037 frequenter
3158 2973 3426 3041 circumit,

1848 3068 2108 3125 nusquam
2138 3070 2359 3109 manens
2388 3055 2467 3109 vel
2498 3056 2977 3137 cotnsistenquuia
3007 3061 3149 3116 enim
3184 3064 3428 3122 audierat

1806 3148 1813 3151 ’
1847 3148 2052 3202 dixisse
2088 3147 2385 3213 Christum,
2435 3146 2607 3214 I‘etre,
2636 3164 2778 3202 amas
2806 3150 2918 3205 me!
2963 3168 3113 3221 pasce
3150 3170 3262 3210 ores
3287 3170 3426 3213 meas

1848 3241 2028 3311 (Joun.
2056 3240 2117 3294 21
2132 3279 2145 3292 .
2169 3241 2280 3311 15),
2298 3250 2457 3309 atque
2479 3239 2617 3295 hunc
2637 3242 2865 3298 maxime
2880 3245 3117 3303 caritatis
3136 3251 3421 3306 terminum

1848 3336 2221 3405 pronuntiasse
2242 3350 2399 3404 supra
2430 3336 2644 3390 modum
2666 3337 2950 3394 exhibebat
2970 3340 3138 3396 illum.
3161 3344 3310 3402 llunc
3328 3348 3427 3419 igi-

1849 3437 1934 3481 tur
1959 3437 2013 3481 et
2041 3442 2137 3482 nos
2178 3428 2491 3482 armulautcs
2514 3460 2531 3494 δ
2559 3429 2601 3483 si
2635 3431 2811 3484 minus
2851 3432 3034 3487 orbem
3063 3446 3156 3490 aut
3190 3438 3425 3510 integras

1847 3520 2088 3573 civitates
2125 3519 2206 3572 vel
2249 3528 2456 3589 gentes,
2478 3519 2667 3574 saltem
2698 3522 2923 3591 quisque
2971 3525 3187 3581 domum
3244 3544 3420 3598 suam,

1847 3626 2087 3671 uxorem,
2112 3609 2247 3663 filios
2267 3645 2281 3673 ,
2328 3611 2552 3675 amicos,
2584 3613 2787 3665 vicinos
2813 3623 2959 3669 recte
2984 3630 3286 3688 cotitpouat.
3320 3626 3424 3680 Nec

1846 3701 1975 3755 mihi
2004 3702 2265 3771 quispiam
2306 3703 2518 3767 dixerit,
2546 3703 2825 3772 Imperitos
2846 3723 2962 3762 sum
2993 3721 3047 3765 et
3076 3713 3241 3769 rudis.
3280 3714 3423 3772 Nihil

1846 3794 2110 3848 indoctius
2154 3794 2340 3860 Petro,
2396 3795 2527 3849 nihil
2576 3797 2874 3867 imperitius
2915 3801 3098 3858 Paulo.
3130 3806 3263 3861 Illud
3312 3810 3427 3879 ipse

1845 3901 2054 3955 quoque
2070 3885 2283 3951 fatetur,
2306 3901 2403 3939 nec
2416 3886 2575 3955 pudet
2606 3889 2752 3941 illum
2774 3890 2952 3946 dicere
2980 3910 2993 3944 :
3022 3892 3136 3947 Etsi
3162 3896 3424 3967 imperitus

1845 3994 1957 4031 sum
1977 3994 2220 4041 sermone,
2240 3976 2327 4031 sed
2358 3995 2455 4030 non
2477 3979 2684 4032 scientia
2702 3981 2777 4052 (‘2.
2804 3979 2921 4037 Cor.
2948 3986 3035 4038 il.
3062 3987 3139 4056 6).
3171 3991 3421 4049 Attamen

1848 4072 2124 4141 imperitus
2154 4071 2259 4135 hic,
2286 4070 2529 4125 indoctus
2552 4073 2656 4136 ille,
2692 4088 2976 4131 sexcentos
2999 4079 3424 4152 viceruntphilo-

1847 4164 2045 4232 sophos
2067 4204 2082 4227 ,
2118 4162 2427 4217 innumeros
2453 4162 2697 4219 rhetores
2737 4166 2804 4219 ad
2830 4163 3101 4222 silentium
3145 4176 3425 4243 compule-

1847 4264 1991 4319 runt,
2023 4267 2121 4308 suo
2137 4254 2314 4309 studio
2335 4265 2388 4309 et
2406 4255 2494 4308 Dei
2512 4257 2675 4325 gratia
2701 4265 2867 4311 totum
2892 4270 3227 4330 peragentes.
3253 4266 3423 4335 Quam

1846 4363 1976 4417 ergo
2020 4363 2118 4402 nos
2148 4352 2546 4405 excusationem
2599 4350 2951 4419 habebimus,
2991 4357 3083 4425 qui
3129 4373 3196 4413 ne
3241 4362 3423 4431 viginti

1848 4441 2059 4509 quidem
2084 4441 2386 4496 nominibus
2412 4457 2508 4497 seu
2539 4445 2781 4511 personis
2809 4444 3135 4512 sufﬁcimus.
3172 4466 3272 4507 nec
3296 4467 3427 4509 con~

1851 4532 2213 4587 tubernalihus
2245 4534 2403 4588 utiles
2424 4537 2646 4589 sumus?
2670 4536 2931 4592 Obtcntus
2954 4540 3066 4594 haec
3088 4551 3213 4597 sunt
3231 4554 3286 4599 et
3315 4545 3430 4602 ina-

1850 4638 1946 4677 nes
1979 4625 2353 4680 excusationes
2386 4638 2402 4679 :
2441 4640 2612 4695 neque
2640 4628 2782 4681 enim
2823 4629 3116 4698 ignorantia
3161 4643 3215 4688 et
3253 4636 3424 4706 impe-

1849 4717 1968 4770 ritia
1983 4716 2280 4771 doctrinam
2306 4717 2619 4786 impediunt,
2638 4719 2731 4774 sed
2753 4720 2960 4790 ignavia
2977 4732 3031 4777 et
3045 4726 3426 4783 somnolentia.

1854 4810 1964 4863 lloc
1992 4811 2151 4880 igitur
2184 4825 2411 4865 excusso
2437 4826 2647 4877 somno,
2690 4827 2809 4866 cum
2842 4815 2986 4868 omni
3010 4817 3188 4870 studio
3216 4822 3428 4889 propria

1853 4902 2090 4956 membra
2116 4916 2384 4966 curemus,
2430 4913 2489 4957 ut
2518 4914 2572 4958 et
2602 4903 2687 4957 hic
2714 4906 2880 4997 multa
2908 4906 3146 4962 fruamur
3174 4914 3430 4981 tranquil~

1852 4993 2017 5057 limte,
2061 4993 2187 5047 dum
2215 4993 2504 5049 Secundum
2539 4993 2781 5049 timorem
2831 4996 2923 5050 Dei
2950 5000 3284 5055 necessarios
3328 5019 3428 5058 no-

1853 5094 1995 5137 stros
2024 5085 2382 5149 instituemus,
2418 5094 2471 5139 et
2498 5085 2605 5139 illic
2633 5085 2910 5141 immmera
2926 5102 3317 5159 consequamur
3337 5095 3429 5150 bo-

1856 5188 1946 5239 na,
1977 5175 2142 5244 gratia
2166 5186 2219 5230 et
2248 5176 2573 5245 benignitate
2595 5176 2802 5230 Dotnini
2836 5179 3004 5232 nostri
3030 5179 3161 5236 .icsu
3202 5184 3424 5253 Christi,

1852 5281 1949 5335 per
1972 5282 2128 5337 quem
2159 5278 2211 5322 et
2242 5284 2360 5321 cum
2390 5283 2495 5338 quo
2524 5267 2667 5323 Patri
2702 5269 2905 5341 gloria,
2936 5273 3202 5345 simulque
3241 5289 3428 5335 sancto

1855 5358 2098 5427 Spiritui,
2130 5375 2270 5413 nunc
2295 5368 2349 5414 ct
2388 5374 2621 5433 semper,
2673 5376 2705 5415 e
2781 5362 2835 5418 in
2862 5364 3055 5420 “ecula
3084 5369 3425 5432 seculorum.

1850 5454 2047 5505 Amen.
