4090 6230
497 317 602 374 595

1282 302 1338 356 s.
1377 297 1652 356 tonsis
1687 289 2154 348 cunisos'rout
2203 287 2514 342 AlttltllEt'.
2559 285 3091 342 CONSTANTINOP.

504 418 2574 468 Μ

3665 287 3768 344 396

2581 424 2794 432 -ο-υσ--ο

2797 421 2902 432 ..ι-νη-

1851 493 2197 559 uoutLtA
2239 494 2264 553 1
2301 489 2407 575 (α).

501 681 630 734 CAP.
653 680 700 732 Ι.
717 674 914 727 Paulus
934 685 1102 724 servus
1117 665 1148 719 .l
1155 682 1241 719 esu
1260 661 1464 724 Christi,
1489 621 1692 711 imbutus
1709 650 1987 721 apostolus.
2005 659 2080 698 se-

579 779 810 840 gregatas
841 767 893 817 in
923 759 1232 830 evangelium
1255 753 1372 818 Dei,
1407 752 1462 806 9..
1491 748 1625 820 quod
1648 756 1764 799 ante
1789 743 2084 815 promiserat

580 877 667 928 per
693 856 964 924 prophetas
989 868 1106 904 suos
1131 851 1181 903 in
1210 844 1488 914 Scripturis
1513 841 1720 894 sanctis.

582 957 631 1005 l.
683 951 892 1020 Moyses
936 945 1090 999 libris
1137 942 1372 1010 quinque
1409 952 1437 989 a
1478 951 1536 988 se
1575 932 1787 998 scriptis
1828 939 2083 992 nusquam

508 1058 701 1099 nomen
734 1055 886 1092 suum
919 1034 1204 1106 apposuit,
1248 1045 1416 1098 neque
1448 1027 1522 1080 illi
1553 1024 1641 1092 qui
1674 1037 1760 1074 res
1792 1027 1908 1087 post
1940 1016 2084 1068 illum

509 1144 688 1203 gestas
741 1131 1069 1197 scripserunt
1111 1139 1124 1175 :
1169 1121 1261 1176 sed
1322 1133 1492 1185 neque
1541 1112 1855 1168 Mattlneus,
1919 1120 2088 1173 neque

509 1227 742 1278 Joannes
768 1264 781 1285 ,
816 1235 920 1274 non
953 1219 1190 1278 Marcus,
1224 1227 1330 1265 non
1361 1211 1550 1263 Lucas.
1583 1210 1652 1258 At
1681 1204 1866 1256 beatus
1894 1197 2087 1252 l’aulus

511 1316 758 1370 omnilms
779 1311 1014 1382 epistolis
1035 1308 1145 1360 suis
1168 1317 1362 1360 nomen
1392 1313 1546 1354 suum
1568 1293 1859 1367 praemittit.
1879 1286 2089 1357 Quare?

515 1410 646 1477 Quia
680 1407 752 1460 illi
787 1401 1139 1474 praesentibus
1166 1394 1489 1457 scribebant,
1522 1399 1574 1442 et
1605 1386 1790 1440 inutile
1822 1383 2006 1434 fuis.-et
2032 1392 2092 1431 se

511 1507 800 1571 praesentes
830 1493 1138 1555 declarare;
1169 1489 1254 1542 hic
1279 1501 1406 1538 vero
1434 1480 1614 1551 procul
1645 1478 1822 1531 literas
1852 1469 2092 1526 mittebat

511 1593 749 1662 epistola:
798 1589 964 1642 forma
995 1603 1009 1638 :
1037 1591 1359 1654 quapropter
1390 1572 1687 1630 necessaria
1719 1576 1834 1622 erat
1862 1565 2092 1618 nominis

511 1688 731 1742 additio.
754 1684 808 1738 Si
831 1689 1006 1735 autem
1031 1678 1080 1730 in
1107 1672 1339 1744 Epistula
1358 1669 1422 1722 ad
1445 1667 1695 1721 llebrmos
1717 1663 1766 1715 id
1785 1676 1889 1714 non
1913 1657 2090 1718 faciat,

513 1777 805 1848 prudenter
833 1781 886 1826 et
913 1766 1141 1824 consilio
1169 1764 1311 1816 facit.
1357 1758 1488 1825 Quia
1531 1755 1672 1810 enim
1716 1764 1936 1821 perosus
1982 1756 2096 1799 erat

515 1870 643 1938 ipsis
668 1885 682 1921 :
709 1879 775 1920 ne
798 1880 825 1916 a
855 1858 1135 1931 principio,
1158 1853 1339 1907 audito
1367 1849 1601 1910 nomine,
1631 1841 1862 1896 sermoni
1891 1838 2093 1892 aditum

513 1958 880 2019 tit-eluderent,
934 1952 1024 2005 illo
1070 1957 1386 2016 suppreSSo,
1443 1940 1514 1992 uti
1564 1953 1622 1991 se
1667 1933 1932 1993 audirent,
1981 1941 2095 1980 arte

519 2051 752 2121 pellexit.
795 2047 850 2101 Si
891 2058 1020 2098 vero
1065 2037 1336 2109 propheta:
1377 2042 1431 2086 et
1467 2031 1716 2086 Salomon
1750 2024 1961 2078 nomina
2003 2034 2096 2072 sua

517 2150 834 2211 appos-uere,
860 2135 1011 2188 vobis
1039 2125 1427 2198 exquirendum
1459 2122 1727 2189 relinquo,
1758 2131 1854 2168 cur
1879 2112 1966 2165 alii
1999 2125 2097 2162 uo-

518 2251 640 2290 t-ncn
685 2226 1059 2299 apposuerint,
1099 2221 1186 2274 alii
1231 2231 1421 2272 secus:
1449 2227 1618 2282 neque
1644 2209 1784 2262 enim
1824 2218 1957 2273 Opus
1985 2211 2098 2264 est,

517 2339 574 2380 ut
602 2324 778 2379 omnia
809 2338 838 2374 a
867 2335 952 2373 me
983 2313 1261 2374 cdiscatis;
1294 2308 1388 2363 sed
1423 2303 1772 2360 laborandum
1798 2308 1853 2351 et
1879 2294 2097 2365 perqui-

525 2418 748 2472 rendqu
776 2411 926 2466 vobis
955 2419 1040 2463 est
1061 2448 1074 2471 ,
1120 2416 1178 2458 ut
1206 2420 1271 2458 ne
1311 2401 1586 2470 segniores
1614 2393 1871 2449 evadatis.
1907 2387 2103 2440 Paulus

522 2525 691 2563 servus
715 2505 838 2558 .lesu
865 2498 1069 2558 Christi.
1105 2497 1214 2552 Cur
1244 2509 1433 2547 nomen
1461 2490 1574 2554 ejus
1602 2483 1896 2539 immolavit
1930 2480 2066 2532 Deus
2085 2518 2100 2540 ,

492 2601 578 2654 “et
626 2599 844 2652 Saulum
877 2590 1082 2644 vocavit
1125 2582 1385 2639 Paulum?
1431 2579 1505 2633 Ne
1549 2579 1646 2630 hac
1685 2575 1842 2627 etiam
1876 2573 1925 2623 in
1956 2580 2104 2637 parte

525 2688 780 2760 apostolis
830 2683 1046 2738 interior
1090 2679 1402 2734 haberetur;
1449 2670 1541 2723 sed
1589 2679 1643 2720 ut
1689 2667 1914 2733 idipsutn
1967 2676 2102 2728 pra:—

527 2783 780 2854 rogativa:
825 2778 1084 2835 haberet,
1132 2770 1270 2840 quod
1324 2765 1704 2834 discipulorum
1753 2760 2104 2828 Corypha-us,

534 2878 548 2931 Ι
571 2878 762 2943 ineque
783 2873 980 2924 arctius
1002 2865 1160 2921 canui
1180 2863 1512 2931 jungt—zretuy
1533 2855 1727 2908 (.‘ln'isti
1750 2868 1874 2905 vero
1895 2863 2106 2903 servum

529 2987 587 3024 se
617 2984 719 3022 non
747 2967 862 3020 sine
888 2977 1045 3016 canna
1067 2959 1238 3012 dixit:
1267 2955 1414 3008 ιιιιιιιὶ
1444 2965 1670 3019 namque
1695 2955 1817 3001 sntit
1841 2941 2109 2997 servitutis

531 3063 672 3117 modi
710 3060 888 3113 :alius
933 3051 1222 3109 secundum
1269 3047 1631 3106 creationem,
1684 3042 1750 3094 de
1797 3056 1901 3108 quo
1941 3035 2106 3088 du-it:

535 3157 718 3211 Omnia
747 3154 963 3206 serviunt
991 3147 1076 3200 tibi
1109 3143 1278 3210 (I’sal.
1311 3139 1429 3194 118.
1458 3137 1586 3204 9|);
1626 3137 1889 3199 itemque,
1923 3130 2112 3182 Servus

539 3266 673 3302 tuens
700 3242 1166 3298 Nabuchodonosor
1186 3232 1317 3305 (Jer.
1342 3232 1430 3285 25.
1454 3227 1547 3298 9);
1576 3241 1711 3293 οιιιις,
1737 3236 1964 3290 namque
1995 3220 2112 3286 opi-

540 3343 623 3394 tici
654 3352 863 3392 servum
910 3342 1010 3387 est.
1041 3331 1189 3384 Alius
1218 3324 1406 3377 modus
1443 3330 1524 3374 est
1552 3336 1578 3370 a
1614 3316 1714 3369 Iide
1735 3357 1748 3379 ,
1776 3315 1843 3368 de
1871 3328 1970 3381 qua
2001 3312 2110 3364 ait:

537 3431 716 3487 Gratia
744 3436 908 3480 autent
950 3422 1053 3474 Deo
1073 3460 1086 3483 ,
1119 3417 1235 3488 quia
1275 3413 1404 3466 servi
1431 3410 1582 3464 eratis
1611 3417 1813 3476 peccato
1833 3444 1849 3465 ,
1879 3401 2115 3456 obedistis

541 3533 705 3576 autem
737 3535 796 3571 ex
815 3515 984 3578 corde,
1010 3514 1060 3564 in
1090 3525 1240 3580 quam
1269 3503 1442 3558 traditi
1464 3511 1582 3555 estis
1609 3499 1852 3551 doctrina:
1875 3496 2112 3562 formant,

542 3629 586 3669 et
613 3612 807 3667 liberati
837 3626 869 3662 a
907 3614 1132 3676 peccato,
1165 3599 1288 3654 servi
1317 3596 1440 3667 facti
1470 3593 1586 3646 estis
1615 3589 1828 3659 justitia:
1857 3585 2030 3658 (llam.
2061 3585 2114 3636 (ἲ.

545 3706 656 3776 17).
691 3704 836 3757 Alius
866 3715 894 3752 a
925 3700 1039 3752 vita:
1072 3695 1332 3753 instituto,
1361 3687 1428 3740 de
1459 3699 1564 3754 quo
1593 3685 1701 3736 ait:
1731 3679 1930 3750 Moyses
1950 3691 2119 3730 servus

545 3767 682 3851 meus
723 3802 945 3845 mortuus
985 3795 1056 3839 est
1104 3781 1237 3854 (Jos.
1286 3781 1336 3832 l.
1368 3778 1424 3847 2)
1458 3788 1814 3844 :quamquam
1858 3779 1912 3824 et
1951 3767 2119 3821 Judaei

545 3904 733 3944 otnnes
761 3887 899 3939 servi
931 3887 1118 3942 erant;
1149 3875 1242 3930 sed
1271 3874 1478 3940 Moyses
1508 3869 1558 3922 in
1587 3867 1771 3938 primis
1797 3879 1861 3918 ex
1890 3862 2008 3916 vitae
2036 3861 2119 3913 iu-

549 3985 736 4036 stituto
779 3971 1111 4046 splendehat.
1141 3967 1400 4033 Quoniam
1449 3960 1605 4030 igitur
1644 3957 1836 4012 Paulus
1877 3951 2124 4006 omnibus

549 4069 817 4128 servitutis
842 4065 1013 4119 nnnlis
1041 4074 1227 4115 servus
1255 4063 1369 4110 erat
1392 4095 1407 4119 ,
1439 4049 1708 4120 dignitatis
1735 4046 1979 4099 mammae
2008 4043 2125 4095 loco

552 4165 699 4237 ponit
726 4159 873 4224 illud,
907 4157 1090 4210 Servus
1114 4152 1238 4204 Jesu
1263 4145 1450 4202 Christi
1473 4158 1491 4196 :
1512 4152 1566 4195 et
1589 4135 2002 4208 dispensationis
2031 4149 2126 4185 uo-

551 4227 692 4314 inina
712 4251 973 4314 obtendit,
993 4247 1059 4299 ab
1073 4240 1412 4298 interioribus
1430 4236 1494 4289 ad
1518 4233 1788 4302 superiora
1805 4227 2123 4283 asrendeus.

550 4354 756 4408 Nomen
803 4346 997 4415 quippe
1039 4339 1164 4392 .Iesu
1210 4335 1386 4388 ferens
1422 4327 1639 4397 angelus
1671 4323 1814 4378 venit
1856 4323 1921 4375 de
1959 4320 2124 4382 ett-Iis,

555 4439 769 4512 quando
797 4410 1070 4489 ille—natus
1098 4434 1180 4480 est
1208 4425 1275 4477 de
1310 4421 1554 4489 Virgine;
1587 4416 1830 4470 Christus
1856 4421 2032 4466 autem
2063 4410 2130 4464 ab

557 4505 809 4588 tinctione
837 4524 1052 4583 dicitur,
1079 4516 1220 4589 quod
1251 4514 1412 4568 etiam
1435 4511 1611 4566 carnis
1637 4518 1772 4564 erat.
1803 4508 1870 4561 Et
1895 4520 2020 4574 quo,
2055 4505 2131 4557 itt-

557 4632 730 4698 quies,
761 4622 880 4676 oleo
908 4625 1098 4670 unctus
1126 4608 1243 4666 est?
1272 4608 1404 4661 Oleo
1431 4603 1642 4674 quidem
1671 4615 1775 4654 non
1808 4607 1996 4653 unctus
2027 4605 2128 4660 est,

559 4691 651 4784 sed
681 4716 878 4788 Spiritu
906 4729 919 4765 :
943 4709 1080 4762 solet
1106 4712 1283 4758 autem
1312 4699 1581 4766 Scriptura
1616 4691 1914 4762 bujusmodi
1947 4697 2136 4744 unctos

560 4782 754 4867 Vocare
797 4805 1050 4862 christos.
1098 4798 1152 4851 lu
1197 4794 1444 4847 unctione
1488 4789 1717 4858 quippe,
1763 4784 1905 4855 qttod
1953 4782 2137 4852 pra-c3-

564 4919 747 4973 ruunt,
774 4897 1004 4968 Spiritus
1032 4898 1111 4945 est
1135 4904 1150 4952 ;
1181 4886 1300 4940 ideo
1327 4893 1380 4937 ct
1405 4881 1577 4935 oleum
1605 4877 1908 4931 assumitur.
1938 4875 2004 4928 Et
2026 4874 2140 4927 ubi-

561 5015 685 5055 nam
715 4993 946 5050 cltﬁstos
968 4992 1124 5040 vocat
1147 4995 1260 5043 eos,
1287 4976 1375 5047 qui
1403 4989 1505 5028 non
1533 4981 1655 5026 sunt
1676 4971 1799 5024 oleo
1828 4967 2012 5022 uncti?
2039 4965 2137 5022 Ubi

564 5093 712 5152 dicit,
737 5085 905 5140 Nolite
929 5091 1134 5148 tangere
1155 5072 1368 5126 christos
1394 5083 1550 5129 meos,
1581 5073 1624 5117 et
1655 5064 1706 5115 in
1733 5060 1991 5132 pmphetis
2019 5059 2139 5110 meis

570 5151 726 5235 nolite
741 5170 1006 5243 malignari
1033 5165 1202 5239 (Psal.
1228 5161 1347 5216 104.
1373 5154 1482 5224 15).
1507 5155 1658 5210 Tunc
1674 5155 1814 5208 enim
1840 5151 2012 5204 nullus
2028 5157 2144 5204 erat

569 5272 634 5324 ad
652 5241 950 5321 ouationem
969 5259 1069 5313 olei
1086 5263 1392 5326 apparatus.
1417 5247 1632 5302 Vocatus
1646 5244 1920 5314 apostolus.
1939 5241 2143 5310 Ubique

571 5377 632 5419 se
661 5369 898 5412 Vocatunt
929 5351 1194 5424 appellat,
1224 5354 1430 5415 gratum
1460 5341 1694 5395 animum
1723 5337 1982 5393 exhibens
2001 5378 2016 5400 ,
2065 5337 2144 5388 in-

573 5455 866 5518 dicansqae
891 5460 950 5500 se
981 5458 1085 5494 non
1116 5445 1438 5509 quasreutem
1466 5433 1752 5493 invenisse,
1781 5429 1873 5483 sed
1900 5437 2143 5483 vocatum

575 5543 892 5602 obedivisse.
926 5533 1136 5590 Fideles
1163 5543 1291 5584 vero
1314 5527 1392 5582 sic
1418 5525 1667 5595 appellat,
1699 5532 1896 5575 vocatos
1923 5531 2143 5575 sanctos.

639 5636 711 5701 (a)
735 5630 1195 5701 Sarillusliomilias
1225 5629 1370 5701 hasce
1397 5623 1813 5701 inscribitiéyovs
1837 5617 2142 5701 (sermones),

574 5679 895 5760 Miubscripti
919 5694 1002 5746 alii
1032 5679 1216 5746 1670i)“
1241 5690 1326 5739 alii
1350 5688 1563 5760 6pt).ia;._
1585 5679 1900 5756 Beneautem
1925 5679 2149 5731 llomilnc

577 5748 930 5817 itisuributtlttr,
967 5765 1019 5807 ut
1046 5761 1092 5803 el
1121 5761 1314 5803 uetera:
1337 5748 1394 5799 ad
1418 5752 1656 5812 populum
1683 5748 1946 5795 conciones

2191 638 2266 693 llli
2300 656 2526 710 namque
2572 640 2637 694 ad
2682 641 2840 694 tidem
2885 638 3059 694 vocati
3101 647 3254 700 sunt;
3305 637 3427 692 huic
3465 654 3592 692 vero
3629 639 3774 692 aliud

2189 733 2574 795 concreditum,
2598 734 2925 802 apostolatus
2949 747 3161 799 nempe,
3185 746 3274 786 res
3301 731 3596 785 innumeris
3620 739 3775 799 plena

2191 824 2378 888 bonis,
2425 825 2565 878 dona
2611 826 2787 877 onmia
2842 839 3102 892 superans
3151 823 3344 892 illaque
3387 822 3773 891 complectens.

2191 917 2389 984 Ecquid
2413 927 2494 971 est
2518 918 2651 971 ultra
2676 917 2982 981 dicendum,
3008 916 3106 969 nisi
3130 916 3268 984 quod
3286 931 3370 975 ea,
3393 932 3510 985 qua:
3533 914 3778 968 Christus

2193 1011 2410 1064 veniens
2443 1010 2560 1063 fecit
2581 1051 2596 1072 ,
2640 1010 2946 1078 demigrans
2979 1009 3083 1062 illis
3113 1009 3413 1062 Commisit?
3445 1009 3496 1060 Id
3527 1018 3610 1062 est
3633 1010 3777 1076 quod

2191 1103 2349 1156 etiam
2408 1103 2600 1156 Paulus
2647 1101 2884 1155 clamans
2933 1112 2986 1154 et
3041 1101 3403 1170 apostolorum
3455 1101 3770 1169 dignitatem

2192 1197 2456 1250 extollens
2482 1196 2611 1249 dicit
2634 1213 2645 1247 :
2675 1194 2779 1248 Pro
2805 1195 3006 1249 Christo
3040 1194 3290 1264 legatione
3328 1195 3602 1263 fungimur,
3630 1193 3781 1262 quasi

2193 1287 2305 1343 Deo
2335 1289 2630 1342 exhortante
2658 1305 2745 1358 per
2782 1304 2873 1340 nos
2903 1287 2980 1356 (2.
3014 1286 3132 1340 Cor.
3165 1287 3218 1340 5.
3250 1286 3380 1349 20);
3429 1286 3479 1338 id
3519 1295 3624 1349 est,
3659 1285 3780 1338 vice

2192 1381 2412 1436 Christi.
2448 1380 2752 1451 Segregutus
2776 1387 2828 1433 in
2851 1381 3160 1450 evangelium
3187 1380 3296 1433 Dei.
3317 1379 3779 1447 Quetnadmmlum

2196 1476 2248 1529 in
2279 1475 2437 1528 domo
2464 1473 2528 1528 ad
2560 1474 2773 1528 diversa
2804 1488 2967 1542 opera
2999 1473 3189 1541 singuli
3219 1473 3476 1542 segregati
3503 1482 3629 1525 sunt
3659 1490 3672 1523 :
3701 1473 3780 1525 sic

2197 1569 2249 1621 in
2295 1569 2526 1622 Ecclesia
2559 1567 2772 1621 diversa
2799 1576 2922 1620 sunt
2963 1565 3240 1619 distributa
3273 1566 3588 1619 ministeria.
3622 1564 3783 1618 Vide-

2197 1673 2285 1716 tur
2313 1675 2471 1728 porro
2499 1660 2623 1715 mihi
2655 1660 2738 1713 hic
2767 1676 2870 1712 non
2899 1659 3067 1728 ipsam
3097 1667 3294 1711 sortem
3324 1657 3608 1727 significari
3635 1699 3650 1720 ,
3685 1657 3782 1710 sed

2192 1755 2300 1824 jam
2325 1753 2452 1807 olim
2481 1754 2651 1821 ipsum
2679 1753 2744 1805 ad
2774 1753 2874 1806 hoc
2901 1751 3212 1820 deputatum
3245 1749 3404 1802 luisse.
3431 1749 3596 1801 innui.
3624 1749 3781 1815 Quod

2197 1847 2356 1900 etiam
2400 1845 2658 1899 Jcremias
2698 1846 2774 1897 ait
2817 1843 2883 1897 de
2929 1857 2986 1897 se
3027 1842 3226 1896 dixisse
3269 1841 3436 1894 Deum
3462 1857 3474 1891 :
3503 1841 3784 1908 Απιιιφυιηι

2197 1938 2363 1991 exit-es
2387 1936 2451 1988 de
2474 1936 2620 1989 rulva
2641 1977 2653 1996 ,
2687 1934 3001 2002 sancti/icavi
3029 1943 3102 1988 te.
3139 1933 3432 2002 praphetmn
3472 1931 3522 1982 in
3555 1931 3786 1999 gentibus

2202 2031 2345 2096 posui
2367 2038 2412 2079 te
2433 2026 2568 2092 (Jer.
2595 2030 2645 2080 1.
2675 2027 2752 2092 5).
2773 2026 2903 2092 Quia
2927 2024 3068 2078 enim
3095 2023 3161 2077 ad
3191 2033 3525 2092 arrogantem
3558 2034 3609 2074 et
3645 2024 3787 2075 fastu

2205 2123 2414 2190 plenam
2447 2120 2631 2171 m-bem
2664 2118 2964 2180 scribebat,
3015 2115 3096 2168 his
3135 2115 3383 2168 omnibus
3423 2114 3655 2167 ostendit
3689 2114 3783 2166 Dei

2201 2230 2318 2268 esse
2347 2213 2735 2266 ordinationem
2763 2229 2774 2264 :
2799 2210 2994 2265 etenim
3043 2209 3155 2277 ipse
3193 2208 3442 2270 vocavit,
3475 2216 3526 2259 et
3558 2207 3668 2275 ipse
3699 2223 3786 2259 se-

2205 2306 2462 2377 gregavit.
2497 2306 2604 2359 lloc
2625 2313 2799 2357 autem
2823 2301 2968 2363 facit,
2989 2311 3041 2352 Ill
3067 2300 3170 2353 [ide
3190 2299 3402 2366 dignam
3431 2309 3484 2349 et
3507 2306 3784 2366 acceptam

2203 2400 2392 2454 reddat
2434 2397 2736 2466 epistolam.
2770 2394 2834 2447 lu
2859 2392 3176 2463 evangelium
3209 2389 3324 2443 Dei.
3353 2390 3466 2444 Non
3493 2405 3620 2456 ergo
3643 2390 3786 2442 Mat-

2201 2491 2375 2546 thteus
2401 2497 2601 2544 tantum
2631 2496 2683 2540 et
2715 2487 2922 2541 Marcus
2950 2495 3074 2540 sunt
3102 2484 3439 2550 evangelistm
3459 2525 3472 2544 ,
3516 2492 3572 2535 ut
3603 2498 3788 2550 m-tpte

2209 2585 2294 2640 hic
2319 2584 2463 2638 solus
2489 2591 2569 2636 est
2596 2581 2888 2650 apostolus,
2918 2577 3010 2632 sed
3041 2577 3198 2631 etiam
3230 2575 3334 2640 illi;
3363 2576 3460 2629 etsi
3491 2592 3579 2643 per
3604 2576 3787 2629 excolo

2207 2677 2425 2733 lcntiam
2449 2675 2534 2730 hic
2554 2673 2850 2744 apostolus,
2872 2672 2946 2726 illi
2964 2670 3302 2739 evangelista
3318 2680 3593 2722 vocentur.
3613 2669 3790 2720 livan-

2212 2769 2408 2841 geliutn
2438 2784 2564 2822 vero
2592 2769 2761 2836 ipsum
2787 2773 2943 2820 vocat
2970 2779 3075 2818 non
3104 2763 3174 2816 ob
3194 2762 3301 2831 jam
3332 2762 3472 2814 illata
3505 2760 3642 2813 bona
3671 2772 3791 2813 tau-

2212 2872 2344 2925 tum,
2371 2860 2465 2915 sed
2496 2859 2656 2914 etiam
2684 2859 2753 2912 ob
2779 2856 2972 2911 futura.
2999 2853 3278 2922 Quomodo
3301 2869 3476 2906 autem
3502 2852 3670 2905 Deum
3696 2866 3791 2917 per

2213 2957 2383 3026 ipsum
2411 2952 2762 3022 evangeli-zari
2790 2951 2898 3004 ait?
2924 2965 3043 3004 nam
3066 2948 3212 3011 dicit,
3236 2947 3538 3016 Segregatus
3565 2947 3616 2998 in
3641 2961 3793 2998 ευιιηο

2213 3051 2397 3119 gelium
2437 3046 2530 3100 Dei
2556 3062 2573 3099 :
2597 3046 2754 3100 Pater
2793 3045 2935 3098 enim
2975 3051 3099 3095 ante
3141 3039 3411 3107 evangelia
3458 3047 3616 3090 notus
3654 3046 3790 3090 erat.

2216 3142 2412 3195 Verum
2438 3141 2534 3194 etsi
2567 3147 2723 3192 notus
2751 3145 2884 3198 erat,
2913 3133 3112 3189 Judmis
3139 3141 3363 3197 tantum,
3386 3143 3438 3184 et
3466 3146 3533 3184 nc
3563 3131 3644 3183 bis
3673 3130 3794 3199 qui-

2215 3233 2335 3288 dem
2363 3232 2628 3292 erunibus,
2663 3240 2720 3284 ut
2748 3244 2842 3297 par
2865 3227 3051 3281 fuiSset
3076 3243 3089 3280 :
3116 3239 3286 3295 neque
3310 3224 3451 3278 enim
3479 3223 3648 3292 ipsum
3672 3237 3797 3275 esse

2220 3326 2427 3380 Patrem
2457 3323 2719 3386 sciebant,
2751 3332 2806 3375 et
2832 3320 2993 3373 multa
3021 3317 3110 3371 illo
3139 3315 3350 3384 indigna
3377 3324 3503 3368 tunc
3534 3314 3798 3376 imagina-

2221 3419 2432 3473 buntur.
2454 3417 2580 3472 Ideo
2603 3415 2813 3470 dicebat
2828 3413 3099 3484 Christus:
3121 3406 3334 3461 Veniant
3354 3407 3456 3458 veri
3469 3406 3798 3466 adoratores;

2221 3520 2274 3563 et
2296 3551 2310 3574 ,
2359 3509 2514 3562 Pater
2556 3507 2682 3560 tales
2723 3507 2899 3575 quierit
2937 3503 3016 3557 sui
3058 3499 3352 3553 udoratores
3383 3495 3560 3567 (Joun.
3596 3497 3646 3550 4.
3678 3495 3797 3565 ‘25).

2224 3605 2444 3657 Detutmt
2477 3608 2653 3653 autem
2699 3599 2812 3668 ipse
2841 3612 2960 3651 cum
2993 3593 3128 3648 Filio
3155 3592 3270 3645 orbi
3301 3589 3396 3644 toti
3427 3588 3801 3643 manili-status

2223 3705 2325 3751 est.
2354 3693 2506 3762 Quod
2545 3689 2908 3762 prmnuntians
2932 3685 3201 3747 Christus,
3234 3682 3444 3736 dicebat
3468 3698 3482 3737 :
3510 3680 3576 3734 Ut
3607 3697 3800 3750 cogno-

2223 3795 2366 3840 scunt
2407 3796 2451 3838 te
2485 3783 2648 3837 solum
2689 3795 2858 3834 verum
2904 3777 3085 3843 Deum,
3127 3785 3173 3829 et
3215 3790 3360 3844 quem
3397 3771 3574 3825 misisti
3621 3769 3804 3823 Iesum

2225 3877 2480 3933 Christum
2529 3873 2638 3944 (ld.
2671 3873 2755 3926 l7.
2784 3871 2861 3940 5).
2912 3867 3255 3937 Evangelium
3293 3877 3466 3918 autem
3503 3863 3594 3917 Dei
3621 3872 3801 3922 voc-at,

2227 3971 2294 4023 ab
2343 3966 2569 4022 exordio
2614 3965 2826 4032 erigens
2873 3960 3189 4016 auditorem.
3237 3954 3419 4025 Neque
3461 3955 3606 4007 enim
3659 3954 3808 4006 venit

2231 4061 2378 4114 triste
2407 4057 2673 4128 quidpiam
2703 4053 3068 4112 nuntiaturus,
3111 4057 3169 4103 ut
3198 4046 3488 4116 prOphetm,
3516 4044 3767 4098 convicia
3788 4084 3804 4107 ,

2230 4152 2594 4206 accusationes
2620 4191 2634 4210 ,
2681 4145 3098 4215 inerepationes;
3132 4141 3225 4196 sed
3255 4139 3526 4208 evangelia
3560 4147 3613 4191 et
3642 4151 3811 4190 eVntl-

2231 4243 2370 4314 gelia
2405 4242 2494 4295 Dei
2519 4283 2532 4306 ,
2579 4242 2850 4293 itrmorum
2879 4245 2933 4290 et
2960 4231 3364 4289 immutabilium
3395 4231 3654 4282 bonormn
3684 4228 3808 4280 the-

2232 4349 2419 4392 sauros
2437 4333 2693 4388 infinitos.
2717 4331 2772 4386 Ξ.
2797 4328 2946 4396 Quod
2969 4338 3087 4381 ante
3112 4327 3410 4396 promiserat
3431 4338 3519 4391 per
3536 4319 3814 4389 prophetas

2233 4443 2348 4482 suos
2367 4427 2420 4479 in
2442 4425 2722 4495 Scripturis
2751 4425 2956 4476 sanctis.
2985 4420 3225 4473 Dominus
3251 4417 3394 4470 enim
3422 4413 3583 4476 dabit,
3613 4413 3812 4481 inquit,

2233 4519 2433 4572 verbum
2477 4515 2930 4588 euangelizantibus
2955 4515 3134 4567 virtute
3159 4510 3316 4563 multa
3359 4505 3531 4575 (Psal.
3563 4506 3653 4559 67.
3691 4503 3814 4566 t2);

2236 4624 2290 4666 et
2320 4627 2549 4674 rursum,
2582 4611 2745 4676 Quam
2764 4607 2975 4678 speciosi
2999 4605 3147 4675 pedes
3172 4599 3617 4674 euangelizandum
3637 4613 3820 4668 pacem

2235 4707 2388 4777 (lsai.
2416 4705 2504 4761 52.
2538 4705 2628 4775 7)!

2308 4801 2364 4854 2.
2398 4798 2586 4852 Viden‘
2610 4798 2808 4850 diserte
2834 4789 3090 4862 evangelii
3121 4796 3176 4842 et
3201 4801 3395 4841 nomen
3434 4795 3487 4838 et
3515 4782 3734 4837 modum
3769 4783 3821 4834 in

2240 4893 2420 4948 Veteri
2449 4892 2792 4946 Testamento
2819 4882 3083 4955 positum?
3100 4879 3214 4934 Non
3236 4878 3376 4932 enim
3403 4875 3566 4930 verbo
3593 4885 3823 4934 tantum,

2243 4986 2432 5054 inquit,
2461 4981 2590 5036 illud
2619 4979 2992 5050 praedicamus,
3016 4971 3110 5028 sed
3137 4972 3296 5026 etiam
3321 4967 3606 5036 operibus;
3641 4965 3684 5016 si
3711 4966 3820 5028 qni-

2241 5078 2361 5132 dem
2396 5089 2498 5129 non
2533 5074 2818 5126 humanum
2849 5077 2998 5130 erat,
3040 5064 3134 5119 sed
3179 5062 3415 5115 divinum
3441 5097 3457 5122 ,
3489 5062 3830 5128 aruutnnt‘et

2244 5183 2454 5223 UIIIIICltl
2483 5177 2742 5235 superans
2774 5171 3037 5214 naturam.
3056 5155 3189 5222 Quia
3215 5168 3343 5206 vero
3372 5150 3620 5204 novitatis
3654 5129 3828 5213 ipsum

2245 5259 2602 5322 accusabant,
2648 5254 2884 5309 ostendit
2913 5249 3037 5304 illud
3066 5262 3186 5302 esse
3215 5244 3416 5300 Graecis
3444 5240 3747 5308 antiquius.
3776 5244 3834 5290 et

2247 5368 2275 5407 a
2309 5349 2583 5421 prophetis
2613 5347 2756 5417 prius
2785 5343 3112 5411 descriptum
3146 5338 3330 5391 fuisse.
3362 5332 3513 5401 Quod
3546 5333 3589 5384 si
3623 5345 3730 5382 non
3764 5326 3833 5378 ab

2251 5447 2401 5500 initio
2427 5443 2595 5506 dedit,
2624 5443 2674 5494 in
2699 5452 2854 5492 causa
2874 5437 3106 5501 suntqui
3130 5430 3182 5484 id
3208 5429 3488 5484 uoluerunt
3511 5422 3827 5477 admittere:

2253 5557 2371 5592 nam
2417 5538 2505 5606 qui
2549 5536 2865 5590 voluerunt,
2906 5526 3145 5580 audiere.
3187 5521 3441 5574 Abraham
3470 5527 3614 5585 pater
3641 5523 3821 5579 vester,

2253 5635 2452 5702 inquit,
2502 5627 2795 5688 exsultavit,
2838 5633 2893 5676 ut
2937 5619 3122 5673 videret
3159 5617 3291 5668 diem
3333 5626 3532 5671 meum;
3567 5621 3612 5661 et
3640 5609 3766 5660 vidit
3796 5615 3842 5656 rt

2255 5691 2450 5798 gul-istis
2481 5733 2550 5776 est
2595 5719 2769 5772 (Joan.
2804 5719 2856 5772 ὃ.
2891 5712 3003 5784 56).
3043 5705 3320 5780 Quomodo
3350 5704 3507 5773 igitur
3531 5700 3602 5754 ait
3633 5718 3648 5751 :
3688 5691 3844 5746 επηΗί
