3934 6212
245 292 330 348 397

245 403 470 476 propheta:
495 413 544 458 et
562 403 696 473 justi
724 403 988 458 voluerunt
1018 405 1210 466 ridere,
1255 418 1368 473 qut:
1397 421 1481 457 ros
1511 405 1686 456 videtis
1705 443 1720 467 ,
1747 409 1796 456 et

243 516 324 552 tum
352 497 570 549 viderunt
606 495 818 564 (Matth.
852 498 937 551 15.
975 497 1110 567 ’17)Ἰ
1139 495 1213 550 Ita
1242 496 1475 554 scilicet,
1509 498 1698 564 inquit,
1733 505 1788 548 ut

241 605 320 642 vos
363 588 544 641 videtis
593 599 647 641 et
693 587 909 650 auditis,
959 589 1128 656 ipsam
1173 603 1411 650 carnem,
1463 586 1572 655 ipsa
1617 587 1789 654 signa,

239 680 381 734 undis
437 689 706 749 percepta.
766 679 807 734 Τ
815 697 844 732 ιι
895 696 1022 733 vero
1070 681 1196 731 mihi
1244 679 1552 734 Consideres
1600 678 1788 742 velim,

237 782 404 841 quanto
449 780 605 824 antea
650 782 890 840 tempore
934 772 1048 825 hare
1096 772 1343 841 praedicta
1394 773 1586 825 fuerint
1619 789 1630 822 :
1667 787 1786 824 nam

237 879 336 916 cum
367 863 500 916 Deus
530 878 722 931 magna
753 864 996 932 quaedam
1023 874 1373 932 apparaturus
1402 874 1504 928 est,
1536 879 1597 919 (ut
1621 864 1787 917 multo

238 966 339 1008 ante
376 966 615 1024 tempore
655 958 1007 1025 praenuntiat,
1053 973 1211 1011 aures
1257 974 1560 1026 praeparans
1599 957 1662 1010 ad
1698 957 1786 1011 illa

235 1049 538 1115 excipienda.
593 1046 652 1100 In
694 1048 979 1117 Scripturis
1015 1052 1221 1102 sanctis.
1254 1048 1367 1101 Non
1413 1058 1613 1102 tantum
1642 1049 1782 1102 enim

231 1138 448 1192 dicebant
487 1141 764 1209 propheta:
785 1143 804 1206 ,'
843 1140 936 1194 sed
966 1141 1269 1194 scribebant
1298 1142 1457 1194 etian‘t
1492 1141 1578 1193 illa
1606 1183 1619 1204 ,
1663 1155 1781 1207 qua:

230 1230 551 1299 loquebantur
579 1249 591 1282 :
623 1248 720 1286 nec
744 1231 1046 1285 scribebant
1071 1232 1268 1296 solum,
1294 1232 1387 1286 sed
1417 1249 1508 1300 per
1535 1248 1619 1285 res
1653 1232 1783 1300 ligu-

228 1322 415 1386 rabant;
463 1334 521 1377 ut
567 1323 998 1390 cumAbraham
1034 1327 1178 1380 Isaac
1202 1325 1456 1390 duceret,
1494 1337 1548 1381 et
1575 1327 1785 1396 Moyses

226 1425 505 1482 serpentem
561 1415 867 1478 exultaret,
915 1431 1108 1471 manus
1163 1417 1476 1470 extenderet
1528 1418 1784 1472 adversus

228 1508 442 1569 Amalec,
486 1517 544 1561 et
589 1523 786 1576 agnum
814 1509 1116 1577 paschalem
1150 1509 1468 1563 inunolaret.
1499 1510 1550 1563 5.
1578 1509 1653 1563 De
1675 1510 1782 1578 ﬁlio

222 1614 302 1651 suo
320 1640 334 1660 ,
354 1600 432 1667 qui
473 1610 626 1652 natus
656 1610 727 1652 est
754 1599 817 1652 de
843 1601 1031 1654 semine
1057 1599 1225 1656 David
1253 1601 1524 1654 secundum
1556 1619 1778 1655 carnem.

223 1691 340 1756 Quid
366 1692 488 1745 lacis
511 1735 526 1757 ,
561 1692 760 1746 Paule?
788 1705 1069 1763 postquam
1111 1693 1320 1748 animos
1361 1704 1574 1750 nostros
1604 1696 1655 1748 in
1684 1712 1776 1748 su-

223 1781 364 1837 blime
389 1784 679 1838 subvexisti
701 1825 730 1850 ,_
761 1800 825 1838 ac
855 1802 1042 1854 utagna
1074 1801 1372 1851 arcanaque
1416 1786 1776 1854 imaginationi

223 1877 465 1944 obtulisti,
509 1888 564 1932 et
608 1879 941 1948 evangelium
987 1881 1290 1933 memorasti
1317 1921 1329 1939 .
1371 1895 1434 1933 ac
1484 1881 1573 1933 Dei
1619 1897 1776 1934 evan-

219 1972 427 2038 gi-limn,
473 1973 566 2027 ubi
615 1973 740 2026 item
787 1973 1012 2027 chorum
1067 1973 1444 2041 prophetarum
1499 1974 1774 2038 imluxisti,

216 2079 481 2134 mones-que
541 2065 726 2118 multis
782 2074 905 2118 ante
955 2066 1109 2118 annis
1165 2064 1340 2118 lutm-a
1392 2068 1777 2134 pra-nuntiasse

216 2159 468 2212 ostendisti
499 2176 512 2211 :
536 2174 792 2233 quorsum
819 2175 1002 2213 rursus
1032 2175 1127 2211 nos
1155 2160 1377 2214 adducis
1398 2160 1460 2213 ad
1485 2161 1776 2214 llavidem?

212 2250 540 2321 ile-quonam,
569 2269 772 2320 quiem,
806 2253 1021 2306 homine
1048 2253 1302 2322 loqueris,
1334 2254 1416 2306 cui
1446 2263 1647 2322 patrem
1680 2254 1775 2307 das

209 2343 339 2400 insse
363 2345 568 2399 ﬁlium?
609 2346 878 2416 quomodo
918 2337 1137 2415 possunt
1176 2346 1289 2400 lure
1317 2347 1473 2414 digna
1513 2363 1631 2400 esse
1676 2348 1770 2408 iis,

209 2452 311 2506 qua:
334 2437 468 2492 dicta
503 2438 663 2490 sunt?
691 2437 990 2492 Admodum
1021 2451 1168 2493 certe
1193 2438 1349 2508 digna
1373 2457 1385 2492 :
1407 2456 1510 2492 non
1538 2440 1678 2492 enim
1707 2439 1773 2493 de

205 2547 336 2584 utero
357 2531 596 2596 homine,
641 2531 832 2598 inquit,
858 2546 1036 2586 sermo
1068 2533 1220 2584 nobis
1247 2542 1347 2586 est.
1379 2532 1606 2601 Ideoque
1643 2532 1770 2585 illud

206 2625 374 2693 adjeci,
403 2624 702 2679 Secundum
728 2641 968 2688 carnem,
1010 2626 1354 2680 subindicans
1384 2627 1543 2680 etiam
1575 2641 1770 2679 secun-

208 2718 318 2770 dum
358 2718 614 2788 Spiritum
656 2718 1060 2786 generationem
1097 2720 1212 2787 ejus
1242 2734 1382 2774 esse.
1429 2719 1494 2795 Et
1523 2735 1620 2772 cur
1648 2719 1771 2774 hinc

205 2809 398 2880 lttt‘t‘pil,
441 2820 500 2866 ct
532 2827 639 2864 non
669 2811 862 2865 illiuca
891 2811 1332 2866 sublimiOribus?
1356 2811 1616 2878 Quoniam
1650 2811 1771 2864 hinc

201 2901 340 2954 etiam
363 2911 416 2956 et
440 2901 731 2956 Maubzeus
759 2912 813 2957 et
839 2902 1009 2958 Lucas
1032 2912 1087 2958 et
1107 2903 1332 2977 Marcus.
1361 2902 1491 2956 Nam
1521 2904 1565 2957 is
1589 2903 1676 2971 qui
1703 2903 1767 2956 ad

197 2993 367 3050 calum
388 2995 654 3050 ducturus
677 3005 781 3060 est,
815 2996 882 3051 ab
912 2995 1247 3052 inferioribus
1274 2997 1338 3052 ad
1365 2999 1638 3066 superiora
1672 3013 1768 3052 ue-

195 3089 408 3140 ressario
435 3088 629 3141 dueet.
663 3087 775 3144 lloc
801 3089 942 3142 enim
974 3087 1163 3142 ordine
1202 3103 1288 3142 res
1332 3089 1616 3143 constituta
1647 3089 1763 3143 fuit.

192 3175 353 3232 Primo
378 3179 548 3247 igitur
573 3179 820 3232 viderunt
842 3178 986 3232 illtttn
1012 3179 1278 3232 hominem
1303 3181 1354 3232 in
1381 3189 1542 3242 terra,
1569 3189 1623 3234 et
1645 3179 1769 3235 hinc

192 3268 564 3325 intellexerunt
589 3285 712 3326 esse
746 3271 932 3324 Dento.
972 3271 1083 3338 Qua
1134 3272 1291 3341 igitur
1322 3272 1432 3341 ipse
1470 3272 1765 3326 doctrinam

188 3360 467 3428 impertiit,
523 3361 714 3417 eadem
756 3362 961 3416 ratione
986 3363 1282 3426 discipulus
1308 3365 1423 3429 ejus
1455 3365 1590 3417 viam
1619 3372 1766 3418 secat

189 3450 300 3506 illuc
322 3452 619 3508 ferentem.
650 3453 827 3507 Primo
856 3453 1013 3523 igitur
1041 3454 1440 3523 generationem
1472 3453 1763 3509 sccundmn

186 3556 383 3598 amem
417 3553 729 3608 meruerat,
763 3559 867 3597 non
911 3545 1051 3614 quod
1093 3547 1258 3613 prima
1288 3549 1394 3611 sit,
1427 3547 1520 3601 sed
1549 3547 1668 3615 quiia
1697 3546 1766 3600 ab

186 3631 273 3687 hac
294 3635 358 3688 ad
390 3637 548 3690 illam
581 3634 695 3689 vult
734 3635 1032 3690 auditorem
1063 3638 1279 3699 ducere.
1313 3640 1366 3694 4.
1400 3638 1500 3704 Qui
1525 3640 1764 3707 deﬁnitus

180 3721 412 3780 (utilius
425 3728 535 3781 Dei
564 3728 618 3781 in
642 3728 826 3782 uirtute
849 3739 896 3782 et
925 3729 1129 3798 Spiritu
1148 3732 1567 3798 sanctiﬁcationis
1590 3749 1652 3786 ea:
1679 3749 1760 3786 re-

178 3819 475 3872 surrectione
503 3827 822 3872 mortuorum
841 3819 873 3871 ,Ι
880 3836 965 3873 esu
984 3819 1189 3876 Christi.
1210 3821 1286 3877 Ex
1311 3823 1592 3876 verborum
1613 3837 1763 3876 com-

176 3909 451 3974 plicatioue
483 3913 780 3967 obscurum
809 3922 894 3967 est
920 3913 1062 3982 quod
1103 3914 1264 3979 dicit,
1291 3924 1617 3984 quapropter
1645 3914 1758 3970 dis-

175 4002 469 4071 tinguamus
498 4014 736 4073 Oportet.
770 4005 909 4073 Quid
953 4007 1053 4061 sibi
1083 4007 1196 4060 vult
1219 4023 1348 4077 ergo
1373 4025 1386 4060 :
1412 4008 1544 4062 Eum
1575 4008 1666 4078 qui
1692 4023 1758 4064 ex

172 4090 359 4150 Davide
382 4106 551 4148 natus
576 4105 658 4150 est
681 4096 1267 4167 praulicamus,inquit,
1295 4097 1389 4153 sed
1416 4098 1519 4152 hoc
1542 4098 1756 4169 quidem

170 4199 400 4253 apertum
431 4200 547 4243 est.
577 4187 682 4243 Sed
709 4190 974 4244 undenam
989 4190 1012 4242 ?
1027 4189 1159 4256 Quia
1183 4191 1269 4245 hic
1291 4190 1592 4246 incarnatus
1606 4191 1768 4246 Filius

170 4278 252 4334 Dei
279 4292 380 4336 est.
412 4285 456 4336 Δ
485 4281 770 4353 prophetis
804 4283 1031 4350 primum
1059 4282 1301 4348 discitur,
1329 4283 1452 4339 ideo.
1475 4285 1582 4338 ait:
1607 4282 1755 4349 Quod

164 4383 267 4426 ante
291 4376 608 4443 promiserat
638 4390 734 4443 per.
752 4374 1023 4444 prop/tetas
1043 4391 1159 4428 suos
1176 4378 1230 4434 in
1243 4375 1517 4445 Scripturis
1541 4375 1752 4431 sanctis.

163 4458 267 4515 Non
295 4481 461 4534 parva
487 4476 674 4520 autem
697 4465 1098 4520 demonstrandi
1121 4467 1256 4520 ratio
1271 4466 1386 4521 hinc
1401 4477 1502 4523 est.
1530 4465 1750 4533 Deinde,

161 4568 216 4606 ex
244 4558 407 4611 modo
439 4559 614 4612 etiam
659 4558 1055 4628 generationis;
1097 4557 1239 4628 quod
1279 4567 1332 4612 et
1363 4560 1476 4626 ipse
1519 4559 1750 4614 declarat

163 4643 234 4698 bis
260 4651 468 4702 verbis:
492 4648 582 4702 Ea:
600 4651 785 4707 semine
805 4649 970 4703 Dauid
988 4651 1262 4708 secundum
1283 4667 1484 4710 carnem
1506 4668 1525 4706 :
1547 4661 1749 4710 natura!

157 4740 339 4805 quippe
369 4742 559 4809 legem
585 4741 763 4795 solvit.
786 4741 967 4796 Tertio
994 4757 1022 4796 a
1051 4743 1322 4800 miraculis
1349 4759 1466 4812 qua:
1495 4746 1743 4812 patravit,

157 4845 349 4900 magna
401 4834 671 4902 potentiae
719 4845 1089 4904 argumentum
1138 4834 1414 4903 prabens;
1466 4835 1565 4890 hoc
1603 4838 1746 4892 enim

153 4926 239 4976 sibi
288 4929 406 4981 vult
458 4925 622 4989 illud,
674 4925 740 4983 In
787 4928 987 4986 virtute.
1019 4928 1245 4994 Quanto,
1290 4944 1318 4982 a
1359 4929 1743 5000 Spirituquem

154 5017 286 5071 dedit
308 5019 674 5074 credentibus
700 5020 750 5074 in
775 5034 864 5079 se.
894 5030 949 5075 et
992 5036 1086 5089 per
1111 5036 1267 5089 quem
1295 5035 1482 5076 oumes
1533 5032 1746 5077 sanctos

148 5110 344 5174 dixit;
383 5114 520 5166 ideo
551 5112 663 5177 ait,
707 5113 998 5165 Secundum
1037 5113 1271 5181 spiritum
1307 5114 1741 5181 sanctificationis.

153 5202 234 5255 Dei
260 5208 408 5258 enim
440 5205 620 5257 solius
645 5215 762 5259 erat
794 5205 917 5263 talia
946 5205 1085 5258 dona
1121 5205 1321 5274 largiri.
1352 5204 1569 5272 Quinto,
1601 5222 1629 5258 a
1661 5223 1745 5262 re-

145 5299 481 5352 surrectione
503 5296 735 5351 Domini.
763 5297 859 5352 llic
879 5297 1022 5352 enim
1048 5298 1250 5367 primus
1270 5308 1324 5352 ct
1344 5299 1490 5355 solus
1507 5302 1742 5368 seipsum

148 5405 168 5430 α
202 5388 433 5440 ιιιοτιιιίς
465 5389 748 5442 excitavit.
772 5389 922 5456 Quod
946 5398 1000 5443 et
1023 5389 1136 5459 ipse
1165 5389 1240 5443 ait
1267 5389 1476 5459 signum
1502 5391 1739 5445 omnium

145 5482 370 5537 nmimc
397 5482 663 5535 idoneum
687 5497 807 5537 esse
827 5482 893 5536 ad
924 5482 1342 5552 impudentiores
1369 5484 1738 5538 eonl'utandos.

143 5570 263 5627 ham
289 5577 368 5628 ait
395 5594 409 5628 :
441 5573 646 5628 Solvite
667 5575 908 5644 templum
936 5577 1049 5640 hoc,
1076 5586 1122 5629 et
1145 5575 1197 5629 iu
1223 5577 1379 5629 tribus
1409 5575 1590 5630 diebus
1609 5579 1744 5629 exci-

143 5669 247 5719 tabo
286 5668 431 5721 illud
483 5664 668 5738 (Joan.
709 5666 764 5722 Ξ.
810 5666 1164 5737 19);et,Cum
1203 5669 1544 5724 exultaveritis
1575 5685 1653 5722 me
1682 5671 1744 5723 de

145 5766 298 5825 tan,
347 5771 481 5813 tum:
509 5761 815 5828 cognoscetis
840 5761 958 5830 quia
985 5776 1074 5831 ego
1099 5779 1210 5818 sum
1241 5761 1417 5835 (Joan.
1453 5761 1506 5817 8.
1530 5759 1658 5832 9.8);
1688 5772 1740 5816 et

1340 289 1408 347 tu
1447 292 1658 352 EPIST.
1698 297 1787 351 AD
1824 291 1989 353 non.
2021 282 2254 354 BOlIlL.
2295 297 2333 351 t.

3374 308 3480 366 398

1902 419 2133 471 rursum,
2160 406 2426 463 Generatio
2470 407 2573 464 lum:
2604 417 2804 480 sianum
2845 418 3040 486 quierit.
3076 429 3122 473 et
3154 421 3351 492 signum
3381 442 3480 480 non

1899 498 2103 551 dabitur
2154 502 2220 566 ei,
2267 503 2365 556 nisi
2405 505 2604 573 signant
2641 506 2795 561 ,θυι-ιε
2835 509 3043 580 (Matth.
3081 513 3166 567 19..
3199 517 3310 584 '59).
3340 518 3478 583 Quid

1897 589 1996 644 sibi
2027 590 2139 644 vult
2165 592 2293 646 illud
2315 636 2329 659 ,
2360 593 2646 650 definitus?
2675 595 2953 665 Ostensus,
2994 603 3312 668 declaratus,
3343 609 3482 663 indi-

1893 691 2064 746 catus,
2108 682 2404 752 confessus,
2448 689 2683 742 omnium
2726 690 2927 758 judicio
2954 703 3007 748 et
3034 697 3269 761 calculo,
3299 713 3327 752 a
3358 715 3479 768 pro-

1897 772 2104 840 pbetis,
2159 776 2226 829 ab
2280 779 2646 852 inexspectato
2684 792 2801 836 ortu
2845 787 3136 841 secundum
3167 805 3412 858 carnem,
3450 809 3481 848 a

1893 870 2129 936 potentia
2161 871 2456 939 signorum,
2485 889 2512 926 a
2541 875 2759 944 Spiritu,
2793 893 2888 946 per
2914 896 3069 944 quem
3098 884 3482 938 sanctiﬁcatio-

1892 975 2012 1013 ncm
2049 962 2230 1025 dedit,
2263 979 2291 1016 a
2326 969 2719 1021 resurrectione
2742 1010 2755 1033 ,
2785 986 2886 1039 qua
2917 975 3108 1026 mortis
3139 975 3472 1044 tyrannidem

1889 1053 2065 1106 solvit.
2183 1054 2284 1108 Per
2309 1074 2453 1117 quem
2479 1061 2766 1128 accepimus
2793 1063 3008 1130 gratiam
3053 1073 3099 1118 et
3133 1067 3475 1134 apostolatnm

1888 1144 1940 1197 in
1988 1146 2319 1200 obedientiam
2367 1151 2516 1216 ﬁdei.»
2550 1152 2682 1208 Vide
2720 1165 2928 1224 gratum
2976 1157 3153 1211 famuli
3198 1159 3474 1225 animum;

1889 1236 2017 1289 nihil
2050 1252 2202 1291 suum
2237 1256 2355 1294 esse
2386 1243 2515 1305 vult,
2549 1244 2642 1298 sed
2673 1247 2848 1300 omnia
2883 1249 3106 1303 Domini.
3143 1253 3298 1320 Atqui
3333 1252 3474 1308 hunc

1887 1343 2100 1396 quoque
2143 1329 2399 1400 Spiritum
2445 1333 2616 1398 dedit;
2664 1335 2784 1390 ideo
2821 1337 3062 1396 dicebat:
3103 1339 3270 1394 Multa
3312 1343 3472 1397 habeo

1887 1419 2024 1472 vobis
2053 1420 2236 1483 dicere,
2267 1423 2354 1475 sed
2385 1440 2485 1478 nou
2515 1427 2717 1493 potestis
2739 1441 2942 1497 portare
2963 1431 3127 1483 modo.
3154 1430 3280 1485 Cum
3301 1444 3469 1487 autem

1885 1513 2070 1564 venerit
2096 1513 2183 1566 ille
2214 1515 2436 1583 Spiritus
2466 1521 2706 1579 ueritatis,
2741 1522 2886 1574 ducet
2917 1539 3002 1575 ros
3027 1525 3078 1576 iu
3108 1541 3304 1578 onmem
3335 1530 3466 1581 serio

1885 1611 2034 1655 tatem
2061 1604 2240 1672 (Joan.
2272 1608 2358 1660 16.
2391 1609 2501 1676 12).
2531 1611 2589 1663 Et
2621 1628 2847 1678 rursum,
2887 1614 3161 1686 Segregate
3183 1619 3302 1671 mihi
3322 1618 3462 1671 Pan.

1883 1691 1989 1745 lunt
2036 1705 2080 1744 et
2110 1693 2399 1750 Barnabam
2425 1699 2558 1766 (Act.
2592 1703 2676 1754 15.
2704 1703 2784 1772 2).
2827 1703 2893 1756 Et
2922 1703 2972 1758 in
3005 1707 3226 1774 cpistola
3255 1709 3322 1762 ad
3365 1710 3467 1764 Co-

1884 1786 2109 1840 rinthios
2148 1789 2218 1842 ait
2245 1810 2259 1844 :
2282 1791 2385 1844 Alii
2415 1811 2504 1861 per
2534 1795 2782 1858 Spiritum
2816 1800 2966 1851 datur
2988 1817 3150 1853 sermo
3180 1805 3462 1872 sapientiae,

1881 1877 1972 1929 alii
2001 1897 2162 1932 sermo
2189 1885 2414 1936 srieutiaz
2443 1887 2516 1951 (l.
2547 1887 2661 1938 (Sor.
2691 1887 2777 1941 12.
2813 1889 2892 1959 8).
2928 1891 3008 1955 Et,
3042 1891 3158 1962 Ipse
3187 1896 3355 1947 onmia
3381 1897 3463 1948 di-

1881 1968 2005 2022 vidit
2043 1973 2172 2024 sicut
2206 1974 2308 2026 rult
2336 1977 2468 2043 (Act.
2503 1977 2590 2031 20.
2620 1977 2732 2047 28).
2773 1981 2836 2033 Et
2882 1982 3098 2037 Milesiis
3137 1987 3462 2041 concionans

1879 2061 2036 2115 dicit:
2079 2063 2140 2116 lu
2179 2083 2275 2134 quo
2311 2070 2476 2136 posuit
2521 2085 2606 2122 vos
2657 2073 2882 2140 Spiritus
2925 2086 3129 2130 sanctus
3165 2091 3390 2146 pastores
3415 2093 3486 2135 et

1877 2153 2156 2223 episcopos.
2190 2155 2376 2211 Viden’
2399 2162 2670 2226 quomodo
2697 2179 2758 2216 ca
2786 2181 2903 2233 qua:
2920 2166 3148 2232 Spiritus
3167 2181 3311 2232 sunt,
3339 2172 3459 2227 Filii

1876 2257 1996 2298 eSse
2025 2245 2194 2310 dicat;
2237 2257 2292 2301 et
2332 2265 2449 2317 qua:
2495 2251 2615 2304 Filii
2656 2265 2800 2319 sunt,
2844 2255 3114 2323 Spiritus?
3147 2259 3375 2316 Gratiam
3410 2273 3459 2317 et

1875 2340 2254 2407 apostolatum;
2292 2341 2341 2395 id
2375 2352 2484 2405 est,
2529 2359 2632 2398 nou
2667 2362 2763 2402 nos
2795 2347 2894 2402 boc
2921 2349 3194 2406 elTecimus
3227 2362 3283 2407 ut
3305 2369 3455 2409 esse-

1875 2423 1994 2482 mus
2019 2433 2261 2500 apostoli.
2305 2433 2417 2487 Non
2445 2436 2586 2489 enim
2635 2438 2815 2493 labore
2844 2452 2894 2494 et
2922 2456 3080 2509 opera
3113 2454 3291 2499 nostra
3320 2446 3460 2503 hanc

1874 2522 2182 2590 dignitatem
2215 2528 2386 2580 sortiti
2419 2544 2635 2592 sunms;
2666 2531 2758 2584 sed
2791 2535 3016 2600 gratiam
3045 2537 3370 2606 accepimus,
3403 2549 3461 2595 et

1873 2630 1937 2667 ex
1965 2630 2198 2684 superno
2220 2617 2360 2672 dono
2383 2619 2483 2674 hoc
2510 2636 2703 2676 munus
2725 2623 2906 2678 datum
2934 2627 3086 2682 nobis
3113 2638 3230 2683 est.~-
3248 2629 3314 2684 In
3337 2631 3460 2686 obe-

1869 2709 2113 2762 dientiam
2145 2713 2285 2778 ﬁdei.

1944 2804 1996 2856 5.
2028 2803 2142 2858 Non
2170 2819 2298 2874 ergo
2326 2807 2564 2874 apostoli
2599 2807 2713 2863 hmc
2739 2809 3075 2874 efﬁciebant,
3107 2813 3211 2868 sed
3243 2830 3454 2882 prmve~

1873 2896 2024 2948 nieus
2070 2896 2186 2950 illos
2229 2899 2416 2966 gratia.
2468 2899 2683 2953 Illorum
2729 2903 2925 2972 quippe
2973 2913 3087 2958 erat
3133 2907 3359 2963 circuire
3400 2921 3456 2964 et

1873 2987 2189 3055 praedicare;
2223 2989 2545 3058 persuadere
2573 3002 2750 3046 autem
2793 2995 2883 3050 Dei
2907 3009 3038 3049 erat
3059 3039 3071 3062 ,
3107 3000 3159 3052 in
3189 3000 3291 3052 illis
3320 3017 3452 3070 ope-

1860 3081 2059 3144 ‘rautis,
2089 3092 2139 3132 ut
2165 3091 2218 3135 et
2245 3081 2605 3137 Lucas-dicit»:
2635 3085 2840 3153 Aperuit
2865 3103 2951 3140 cor
2975 3089 3233 3157 ipsorum;
3261 3101 3314 3144 ct
3338 3109 3455 3146 rur-

1869 3185 2008 3230 sum.
2027 3169 2216 3233 Quibus
2242 3174 2416 3226 datum
2439 3186 2546 3227 erat
2565 3177 2739 3229 audire
2763 3179 2963 3232 verbum
2985 3179 3099 3234 Dei.
3127 3181 3192 3236 In
3218 3184 3453 3238 obedien-

1868 3262 2009 3315 tiam.
2029 3261 2142 3316 Non
2155 3262 2304 3325 dixit,
2324 3262 2380 3316 lu
2397 3267 2834 3334 perquisitionem
2849 3267 2952 3332 vel,
2972 3269 3410 3343 lnargumentum
3433 3296 3447 3342 ;

1859 3351 2048 3414 sed,ln
2063 3356 2441 3409 obedientiam.
2469 3356 2650 3428 Neque
2669 3360 2811 3413 enim
2839 3361 2984 3415 missi
3012 3379 3228 3431 sinuus,
3259 3368 3447 3436 inquit,

1869 3453 1924 3499 ut
1967 3447 2305 3516 syllogismos
2345 3448 2663 3514 all‘eramus,
2714 3452 2806 3505 sed
2852 3461 2909 3506 ιιι
2958 3455 3450 3526 quodat-cepimus

1867 3539 2172 3594 reddamus.
2205 3542 2337 3595 Cum
2380 3542 2522 3596 enim
2565 3544 2815 3600 Dominus
2860 3547 3056 3617 aliquid
3094 3552 3446 3618 pronuntiat,

1869 3648 1976 3684 non
2019 3632 2217 3686 debent
2251 3633 2524 3689 auditores
2551 3635 2763 3690 curiose
2801 3641 3023 3691 scrutari
3049 3640 3129 3693 vel
3159 3640 3410 3712 indagare
3431 3683 3448 3709 ,

1863 3724 1956 3778 sed
1985 3726 2158 3778 solum
2182 3726 2448 3794 accipere.
2471 3725 2601 3780 Nam
2624 3729 2853 3796 apostoli
2885 3729 3006 3784 ideo
3031 3733 3178 3785 missi
3207 3742 3361 3798 sunt,
3391 3743 3450 3789 ut
3493 3783 3495 3786 ι

1861 3834 1980 3884 qua:
2007 3819 2292 3873 audierunt
2320 3819 2517 3883 dicunt,
2551 3837 2655 3875 non
2688 3833 2743 3876 ut
2775 3824 2972 3894 aliquid
3003 3827 3070 3880 de
3092 3843 3189 3881 suo
3209 3828 3446 3885 addant:

1862 3919 1915 3963 et
1951 3924 2048 3962 nos
2088 3911 2259 3962 solum
2293 3920 2348 3962 ut
2377 3912 2678 3967 credamus.
2714 3914 2848 3981 Quid
2880 3917 3202 3972 credamus?
3239 3917 3319 3972 De
3348 3937 3444 3974 uo-

1860 4003 1994 4056 miue
2015 4005 2124 4073 ejus
2151 4002 2285 4074 (Act.
2311 4005 2364 4058 5.
2389 4004 2470 4073 6),
2492 4021 2595 4058 non
2621 4007 2759 4060 utde
2782 4009 3074 4062 substantia
3098 4011 3212 4079 ejus
3233 4014 3444 4068 curiose

1858 4096 2256 4166 perquiramus,
2308 4097 2400 4150 sed
2447 4097 2497 4150 in
2546 4112 2736 4152 nomen
2783 4099 2900 4166 ejus
2945 4100 3264 4156 credamus:
3317 4103 3441 4156 illud

1858 4189 1998 4242 enim
2031 4189 2175 4258 signa
2205 4188 2430 4243 faciebat
2463 4208 2474 4243 :
2511 4189 2638 4244 Nam
2663 4191 2756 4252 ait,
2789 4190 2852 4244 In
2881 4193 3083 4246 nomine
3108 4193 3230 4247 Jesu
3255 4195 3442 4249 Christi

1855 4295 2005 4350 surge
2032 4289 2078 4332 et
2105 4279 2310 4333 ambula
2351 4279 2531 4349 (Rom.
2565 4281 2651 4337 15.
2692 4282 2810 4350 19).
2848 4283 2910 4336 Et
2942 4285 2991 4336 in
3032 4284 3133 4338 hoc
3166 4286 3267 4338 lide
3305 4303 3440 4356 opus

1854 4385 1967 4436 est,
2015 4374 2250 4443 nihilque
2289 4390 2474 4428 eorum
2507 4376 2783 4429 ratiocinio
2815 4391 3007 4446 capere
3037 4393 3338 4448 possumus.
3375 4379 3440 4434 In

1854 4465 2082 4517 omnibus
2101 4464 2358 4529 Gentibus,
2373 4467 2422 4518 iu
2436 4467 2550 4536 quib
2558 4484 2612 4519 us
2625 4469 2739 4521 estis
2752 4478 2796 4521 ct
2812 4485 2895 4521 ros
2914 4471 3075 4523 vocati
3089 4468 3214 4523 Iesu
3231 4471 3436 4526 Christi.
3489 4533 3493 4535 _

1853 4555 1987 4622 Quid
2015 4556 2182 4625 ergo?
2212 4558 2289 4609 An
2319 4557 2568 4610 omuilms
2593 4557 2852 4613 Gentibus
2877 4560 3182 4627 praedicavit
3211 4562 3437 4616 Paulus?
3481 4595 3488 4601 -

1851 4647 2004 4714 Quod
2033 4650 2174 4701 enim
2199 4649 2268 4701 ab
2295 4648 2646 4720 Jerosolymis
2674 4650 2739 4704 ad
2766 4651 3030 4722 Illyricum
3057 4658 3437 4722 peragraverit,

1853 4738 2080 4808 indeque
2109 4755 2315 4794 rursum
2355 4740 2422 4794 ad
2451 4751 2690 4796 extrema
2723 4752 2880 4796 terra:
2907 4746 3224 4811 pervaserit,
3243 4747 3434 4813 .palam

1849 4838 2013 4884 estex
2043 4830 2104 4884 iis
2135 4848 2254 4901 qua:
2275 4831 2531 4887 Romanis
2555 4834 2785 4901 scripsit.
2821 4834 2928 4886 Etsi
2953 4850 3080 4888 vero
3101 4851 3204 4887 non
3230 4836 3294 4889 ad
3320 4853 3437 4889 (ιιιι-
3475 4883 3484 4888 .

1850 4940 1947 4979 nes
1972 4926 2308 4991 pervenerit,
2341 4941 2406 4979 ne
2441 4927 2519 4978 sic
2543 4926 2753 4994 quidem
2785 4925 2972 4980 falsum
3005 4936 3086 4979 est
3112 4927 3252 4995 quod
3281 4928 3430 4981 dicit.

1849 5017 1962 5071 Non
1989 5018 2129 5071 enim
2166 5018 2236 5072 de
2256 5033 2315 5072 se
2345 5026 2545 5071 tantum
2588 5017 2850 5086 loquitur;
2888 5017 2979 5072 sed
3011 5019 3170 5072 etiam
3208 5019 3274 5073 de
3299 5019 3434 5071 duo-

1846 5110 2021 5166 decim
2065 5110 2353 5179 apostolis,
2393 5121 2446 5164 ct
2487 5110 2556 5164 de
2593 5111 2656 5162 iis
2685 5109 2774 5177 qui
2805 5125 2924 5162 cum
2957 5109 3059 5164 illis
3085 5110 3303 5164 verbum
3333 5127 3433 5164 an-

1847 5205 2241 5257 nuntiaveruut.
2281 5203 2525 5271 Alioquin
2567 5212 2744 5255 autem
2789 5202 2998 5256 etiamsi
3045 5200 3112 5255 de
3161 5203 3329 5258 Paulo
3377 5206 3429 5260 id
3459 5245 3478 5263 λ-

1841 5294 2244 5365 intelligeudnm
2267 5309 2477 5364 arguas,
2497 5310 2600 5348 non
2622 5303 2807 5348 centra
2828 5294 3006 5348 dicere
3039 5296 3229 5364 possis,
3255 5298 3297 5351 si
3324 5296 3429 5351 fer~

1847 5403 2028 5443 vorem
2051 5387 2166 5454 ejus
2185 5385 2494 5440 consideres
2518 5403 2531 5449 ;
2563 5396 2611 5440 et
2640 5386 2782 5455 quod
2811 5402 2878 5440 ne
2906 5396 3025 5454 post
3049 5398 3276 5442 mortem
3305 5393 3427 5456 qui-

1843 5481 1964 5534 dem
2011 5488 2186 5533 cesset
2242 5478 2435 5546 ubique
2481 5487 2740 5532 terrarum
2787 5478 3099 5546 pra-dicare.
3146 5479 3426 5549 Perpendo

1842 5571 2111 5644 quomodo
2139 5569 2360 5624 extollat
2387 5570 2608 5635 donum,
2641 5571 2992 5642 ostendatque
3023 5589 3269 5640 magnum
3297 5573 3422 5626 illud

1841 5680 1961 5720 esse
1999 5673 2054 5718 et
2092 5662 2252 5734 priori
2293 5663 2576 5718 sublimius
2629 5680 2639 5715 :
2688 5672 2865 5719 vetera
2906 5663 3165 5734 siquidem
3213 5672 3420 5732 gentem

1842 5771 1998 5813 unum
2026 5757 2369 5829 Spectabunt;
2395 5755 2494 5811 hoc
2521 5764 2695 5810 autem
2724 5755 2920 5810 donum
2962 5765 3156 5808 terram
3185 5764 3233 5807 ct
3277 5767 3419 5805 mare
3457 5786 3463 5790 -
