4048 6216
466 364 708 429 attraxit.
739 363 850 421 [loc
880 363 1004 416 ilcm
1037 356 1168 415 mihi
1200 360 1509 416 consideres
1558 360 1714 414 velim
1741 402 1756 424 ,
1784 359 2052 428 quomodo

467 458 616 514 Pauli
661 458 836 510 anima
887 455 1029 510 oraui
1076 468 1270 523 expers
1308 454 1379 506 sit
1419 452 1742 506 adulatione.
1784 453 2054 505 Ruinanos

467 552 612 608 enim
655 549 805 620 quasi
857 549 906 602 in
951 546 1149 602 vertice
1195 545 1358 606 totius
1389 544 1535 603 orbis
1561 544 1882 598 constitutos
1917 544 2022 596 allo

473 658 678 714 quens,
731 641 861 702 nihil
915 641 1142 709 amplius
1191 639 1300 702 illis
1331 638 1612 704 concedit,
1658 653 1816 708 quam
1844 641 2053 691 (τευιθνιε

468 735 750 803 gentibus;
779 749 952 802 neque
977 732 1186 786 etiamsi
1211 731 1421 788 caeteris
1445 731 1750 799 imperarint
1779 744 1840 784 ac
1867 743 2054 797 regna-

483 825 611 893 rint,
639 829 690 880 in
716 826 1081 896 spiritualibus
1100 825 1218 892 plus
1240 823 1434 882 habere
1455 823 1616 888 dicit;
1641 821 1735 876 Scd
1763 822 1900 875 sicut
1930 836 2057 888 gen-

474 920 613 974 titius
640 917 912 976 omnibus.
945 917 1134 986 inquit,
1167 914 1540 984 pra-dicaturos,
1573 913 1643 966 ita
1672 922 1725 969 et
1755 911 1902 966 vobis
1935 926 2054 976 cum

473 1010 692 1079 Scythis
723 1017 776 1061 rt
813 1007 1112 1060 Thracibus
1143 1007 1288 1076 ipsos
1316 1018 1637 1059 enumerans
1671 1021 1686 1053 :
1722 1001 2054 1072 quandoqui-

473 1104 599 1161 dem
615 1103 713 1156 uisi
730 1102 830 1155 hoc
843 1101 1140 1170 signiﬁcare
1158 1101 1428 1162 voluisset,
1445 1111 1894 1168 supervacaneum
1914 1102 2060 1152 esset

476 1197 699 1259 dixisse,
725 1193 788 1248 In
810 1193 986 1263 quibus
1014 1194 1128 1247 estis
1149 1203 1194 1246 et
1216 1209 1321 1248 vos.
1345 1193 1466 1246 lla-c
1483 1201 1658 1245 autem
1681 1190 1822 1259 facit,
1849 1190 2055 1246 illorttm

479 1287 670 1344 fastum
685 1297 737 1341 et
753 1286 1054 1356 superbiam
1073 1286 1397 1353 deprimens,
1417 1286 1666 1353 ipsosque
1683 1284 1891 1336 caeteris
1909 1297 2059 1350 pares

476 1396 595 1434 c~sc
618 1379 836 1434 docens.
866 1378 1198 1446 Quapropter
1222 1376 1338 1430 hzec
1364 1376 1635 1445 subjungit
1666 1392 1678 1429 :
1709 1375 1761 1429 ϐ.
1797 1373 1860 1426 1η
1883 1375 2058 1442 quibus

478 1472 595 1524 estis
635 1479 682 1524 et
722 1486 808 1524 vos
851 1470 1014 1523 vocati
1042 1469 1166 1523 λίνεα
1211 1467 1436 1527 Christi;
1468 1467 1516 1522 id
1545 1477 1628 1521 est
1655 1508 1668 1528 ,
1716 1482 1835 1520 cum
1867 1465 2058 1535 quibus

479 1563 607 1615 rstis
633 1572 686 1618 ct
723 1577 837 1617 vos.
886 1561 948 1614 Et
979 1576 1085 1625 non
1130 1559 1296 1618 dixit,
1329 1558 1429 1612 Alii
1453 1558 1762 1618 vobiscum;
1793 1556 1885 1609 sed
1908 1597 1921 1618 ,
1957 1553 2061 1609 Vos

480 1671 598 1708 rum
645 1655 783 1708 aliis.
827 1653 884 1719 Si
927 1653 1067 1706 enim
1113 1652 1164 1703 in
1192 1648 1403 1704 Christo
1446 1650 1574 1707 .lcsn
1609 1665 1710 1702 non
1754 1658 1836 1700 est
1875 1661 2062 1702 servus

480 1763 650 1816 neque
682 1725 848 1811 liber,
868 1745 1037 1798 nmlto
1067 1743 1234 1810 magis
1262 1758 1432 1812 neque
1463 1758 1552 1796 rex
1585 1757 1752 1811 neque
1780 1741 2014 1811 privatus
2043 1754 2061 1790 ε.

480 1842 676 1894 etenim
707 1849 760 1890 et
805 1854 899 1890 vos
927 1837 1096 1890 vocati
1125 1836 1255 1895 estis
1279 1877 1293 1899 ,
1324 1850 1498 1903 neque
1527 1844 1717 1902 sponte
1753 1842 1928 1887 vestra
1968 1846 2058 1886 aco

479 1931 737 1992 cessistis.
783 1931 834 1983 '7.
883 1928 1144 1992 Omnibus,
1177 1930 1264 1995 qui
1313 1938 1429 1992 sunt
1481 1925 1681 1990 Ranae,
1729 1926 1922 1979 dilectis
1972 1923 2066 1992 Dei

480 2024 670 2084 vocatis
691 2023 897 2087 sanctis,
925 2022 1090 2092 gratia
1116 2021 1252 2078 vobis
1273 2029 1318 2072 et
1341 2035 1441 2088 pax
1467 2035 1497 2070 a
1520 2017 1626 2071 [leo
1661 2018 1812 2070 Patre
1831 2025 2002 2070 nostro
2016 2024 2064 2070 et

488 2115 709 2183 Domino
730 2114 856 2176 Jesu
887 2115 1108 2172 Clu'isto.
1147 2112 1274 2168 Vide
1319 2127 1478 2181 quam
1521 2111 1828 2180 frequenter
1868 2123 2064 2172 nomen,

479 2209 639 2262 uocati
663 2215 914 2276 usurpet,
959 2203 1176 2261 Vocatus
1205 2203 1468 2274 apostolus
1487 2243 1501 2267 ,
1531 2202 1754 2266 dicens;
1782 2199 1848 2254 1η
1887 2200 2064 2272 quibus

482 2303 601 2370 estis
629 2313 673 2354 et
709 2317 794 2356 vos
841 2298 1042 2362 vocati;
1087 2297 1332 2352 amnibus
1361 2295 1448 2367 qui
1478 2304 1596 2358 sunt
1638 2295 1812 2348 Romte
1855 2293 2062 2347 vocatis.

481 2393 619 2458 Illud
649 2400 826 2445 autem
859 2406 964 2444 non
995 2389 1264 2458 superflue
1287 2396 1539 2457 repetens
1566 2385 1692 2443 facit
1717 2427 1732 2450 ,
1759 2386 1852 2438 sed
1882 2395 1936 2438 ut
1963 2384 2066 2453 illis

484 2485 799 2539 bcnelicimn
831 2483 881 2540 in
917 2481 1230 2537 memoriam
1263 2489 1502 2536 revocet.
1533 2479 1666 2544 Quia
1710 2480 1853 2542 enim
1884 2478 2069 2531 verisi-

483 2578 610 2633 mile
633 2586 782 2639 erat,
811 2576 949 2628 inter
976 2573 1257 2634 credentes
1283 2588 1353 2626 ex
1387 2571 1655 2641 priefcetis
1679 2579 1731 2624 et
1765 2568 2066 2626 consularie

487 2669 585 2734 bus
609 2668 865 2736 quosdam
895 2666 1057 2718 fuisse
1077 2705 1095 2738 ,
1140 2665 1373 2730 itemque
1425 2676 1685 2732 pauperes
1707 2669 1760 2715 et
1794 2660 2026 2729 privatos
2048 2697 2064 2723 ,

485 2762 802 2831 dignitatum
827 2759 1241 2830 ina-qualitatem
1268 2757 1479 2818 tollens,
1501 2755 1746 2810 munibus
1769 2769 1925 2807 unam
1948 2754 2072 2808 mit-

485 2856 551 2912 tit
575 2854 1058 2924 compellatiouem.
1081 2852 1138 2907 Si
1160 2867 1286 2906 vero
1307 2851 1358 2908 in
1379 2852 1538 2911 rebus
1563 2850 1728 2919 magis
1751 2848 2070 2904 necessariis

487 2960 542 3006 et
591 2947 960 3018 spiritualibus
1007 2944 1312 3007 communia
1356 2943 1536 2997 omnia
1579 2943 1754 2997 servis
1792 2951 1844 2995 et
1889 2941 2072 2996 liberis

491 3050 765 3113 prostant;
795 3049 849 3093 ut
885 3039 1079 3096 caritas
1110 3037 1234 3102 Dei,
1263 3036 1471 3088 vocaliu
1491 3076 1506 3102 ,
1533 3035 1890 3106 evangelium,
1944 3032 2074 3092 ado-

491 3134 635 3204 ptio,
667 3131 833 3202 gratia
853 3171 868 3194 ,
900 3145 1020 3198 pax,
1067 3127 1455 3191 sanctiﬁcatio,
1497 3135 1800 3194 catteraque
1828 3125 2003 3179 omnia
2056 3143 2069 3178 :

491 3224 761 3298 quomodo
793 3238 894 3276 non
941 3232 1202 3275 extrema:
1239 3219 1525 3273 dementia:
1553 3216 1748 3279 fuerit,
1782 3231 1910 3280 eos,
1939 3230 2074 3282 quos

495 3318 636 3386 licus
659 3312 938 3382 conjunxit
960 3321 1012 3366 et
1042 3313 1093 3366 in
1119 3309 1410 3378 majoribus
1437 3324 1592 3378 pares
1619 3309 1765 3372 fecit,
1793 3323 1821 3361 a
1851 3308 2075 3362 terrenis

495 3406 721 3476 negotiis
749 3403 1119 3473 distinguere?
1147 3401 1378 3470 Ideoque
1399 3401 1466 3454 ab
1492 3400 1714 3455 exordio
1742 3401 1828 3454 hic
1849 3400 1928 3453 vir
1952 3400 2076 3454 bea-

496 3509 582 3551 tus
622 3513 834 3567 gravem
864 3496 1004 3550 hunc
1041 3495 1316 3564 depellens
1344 3494 1611 3558 merbum,
1642 3494 1696 3554 in
1731 3503 1953 3556 matrem
1984 3495 2074 3548 bo-

497 3604 684 3643 norum
708 3588 940 3644 omnium
966 3586 1317 3655 humilitatem
1343 3587 1486 3654 ipsos
1508 3585 1724 3646 inducit.
1755 3582 1865 3640 lloc
1894 3601 2079 3642 servos

497 3681 744 3738 meliores
771 3677 1066 3743 efﬁciebat,
1097 3677 1238 3749 quod
1275 3679 1579 3736 ediscerent
1607 3679 1740 3735 nihil
1769 3680 1868 3733 sibi
1897 3679 2078 3734 damni

497 3790 565 3840 ex
599 3775 855 3832 servitute
879 3773 1016 3838 fore,
1049 3789 1168 3840 cum
1187 3790 1308 3828 vera
1333 3773 1579 3840 libertate
1607 3775 1908 3838 fruerentur
1939 3793 1952 3828 :
1980 3780 2080 3831 hoc

498 3871 658 3922 etiam
697 3867 945 3922 dominos
975 3867 1322 3932 instituebat,
1361 3884 1482 3922 cum
1509 3869 1864 3928 edocerentur
1889 3911 1904 3934 ,
1948 3870 2079 3936 nihil

497 3964 596 4022 sibi
643 3961 992 4020 emolumenti
1036 3977 1067 4017 a
1119 3962 1365 4017 libertate
1408 3960 1571 4029 ferri,
1626 3963 1724 4021 nisi
1766 3979 1886 4032 qua:
1919 3962 2075 4017 ﬁdem

497 4054 807 4123 spectabant
831 4053 1218 4122 priecedereut.
1247 4055 1421 4123 Atque
1451 4064 1506 4106 ut
1535 4054 1709 4108 discas
1736 4054 1954 4116 Paulum
1979 4054 2081 4109 hoc

499 4145 783 4207 iacientem
814 4187 828 4207 ,
875 4141 979 4199 no'n
1009 4146 1380 4201 confusionem
1425 4144 1678 4206 inducere
1708 4184 1722 4209 ,
1755 4160 1860 4210 nec
1898 4146 2079 4201 omnia

502 4245 764 4304 miscere,
813 4240 905 4300 sed
934 4239 1188 4309 optimam
1229 4238 1624 4292 distinctionem
1670 4239 1923 4304 novisse,
1976 4254 2082 4295 non

499 4333 817 4401 simpliciter
865 4333 1118 4399 scripsit,
1151 4331 1529 4398 Omnibusqui
1556 4330 1740 4400 Roma:
1784 4333 1944 4397 estis,
1986 4333 2081 4388 sed

500 4437 620 4475 rem
647 4423 990 4476 distinctione
1013 4463 1028 4484 ,
1061 4421 1266 4475 Dilectis
1295 4421 1409 4474 Dei.
1444 4422 1566 4476 ll:ec
1597 4423 1739 4476 enim
1773 4423 1971 4492 optima
2000 4435 2084 4482 est

503 4512 800 4575 distinctio,
827 4511 1167 4579 ostenditque
1194 4512 1335 4566 unde
1365 4513 1434 4566 sit
1461 4511 1832 4568 sanctiﬁcatio.

570 4601 623 4665 4.
677 4601 1027 4670 Sanctiﬁcatio
1073 4620 1104 4655 a
1156 4604 1380 4657 caritate.
1434 4603 1670 4674 Dignitas
1714 4621 1828 4672 qua:
1870 4607 2084 4676 pecunia

502 4697 754 4762 venditur,
775 4713 874 4750 non
905 4697 1108 4766 proprie
1132 4697 1374 4766 dignitas.
1398 4728 1467 4737 —
1490 4698 1643 4754 Unde
1676 4715 1803 4770 ergo
1831 4711 1913 4756 est
1957 4717 2083 4764 san-

502 4789 790 4844 ctiﬁcatio?
818 4791 857 4841 Α
890 4789 1196 4845 dilectione.
1229 4789 1362 4845 Cum
1389 4789 1614 4846 dixisset
1640 4791 1805 4855 enim,
1848 4792 2081 4859 Dilectis,

503 4891 626 4943 tunc
655 4879 891 4944 addidit,
939 4880 1138 4935 Vacalis
1179 4882 1399 4960 sanctis.
1431 4882 1722 4940 ostendens
1748 4883 1888 4940 hunc
1930 4888 2085 4942 nobis

500 4988 620 5026 esse
649 4971 846 5028 fontem
879 4973 1136 5027 honorum
1165 4975 1405 5028 omnium
1437 4992 1448 5028 :
1475 4985 1691 5029 sanctos
1719 4988 1897 5032 autem
1929 4989 2084 5035 vocat

501 5064 685 5120 ﬁdeles
711 5082 919 5124 omnes.
952 5065 1130 5122 Gratia
1153 5067 1289 5122 vobis
1314 5078 1359 5122 et
1385 5085 1505 5138 pax.
1537 5069 1581 5124 0
1606 5069 1978 5127 salutationem
2003 5074 2083 5127 in-

503 5175 720 5214 numera
753 5161 889 5216 bona
917 5161 1264 5220 atl‘erenlcm!
1296 5161 1406 5217 [loc
1431 5162 1677 5218 Christus
1714 5167 1986 5236 apostolos
2027 5168 2081 5222 in

501 5249 689 5308 domos
735 5253 995 5309 intrantes
1031 5257 1204 5323 primo
1245 5258 1588 5323 pronuntiare
1616 5259 1840 5313 verbum
1880 5259 2032 5329 jubet
2064 5279 2078 5315 :

503 5341 730 5411 ideoque
771 5344 968 5399 Paulus
991 5346 1069 5400 sic
1113 5347 1310 5415 ubique
1335 5347 1546 5404 orditur
1571 5391 1586 5414 ,
1631 5365 1660 5409 ει
1691 5352 1856 5422 gratia
1891 5369 2082 5422 nempe

501 5441 557 5494 et
585 5447 735 5502 pace.
764 5433 947 5502 Neque
971 5436 1112 5489 cuitu
1145 5434 1387 5491 Christus
1416 5440 1681 5501 modicum
1715 5444 1934 5511 perfecit
1963 5445 2081 5499 bel-

507 5523 638 5595 ιωῃ,
669 5527 762 5590 sed
793 5526 1018 5599 varium,
1047 5527 1412 5586 omnimodutn
1451 5543 1500 5586 et
1534 5532 1877 5603 diuturnum;
1921 5536 2081 5608 idque

1135 247 1191 305 S.
1232 247 1508 304 “Miile
1544 247 2014 306 CllltYSOSTOMl
2053 247 2367 308 AftClllEP.
2407 254 2938 317 CONSTANTlNOP.

3634 262 3733 322 400

2156 377 2261 416 non
2279 381 2342 418 ex
2369 367 2634 423 laboribus
2665 371 2882 435 nostris,
2906 373 2999 425 sed
3027 389 3118 441 per
3141 376 3363 444 gratiam
3395 390 3572 431 suam.
3599 376 3738 442 Quo—

2155 460 2296 510 niam
2329 459 2485 526 igitur
2508 462 2724 515 dilectio
2745 463 2991 532 gratiam,
3017 467 3184 534 gratia
3215 482 3394 534 pacem
3423 469 3572 528 dedit
3603 483 3615 518 :
3643 468 3736 523 hac

2155 553 2488 606 salutationis
2516 553 2681 606 forma
2707 556 2931 625 prolata,
2957 567 3206 624 precatur
3238 575 3453 621 manere
3484 571 3736 631 perpetua

2155 655 2206 697 et
2241 646 2454 702 immuta
2478 689 2492 710 ,
2528 664 2594 701 nc
2623 664 2806 716 rursus
2835 651 2975 703 aliud
3008 653 3268 706 excitetur
3298 653 3494 706 bellant
3515 695 3530 716 ,
3561 663 3616 706 et
3643 655 3734 706 da-

2159 748 2328 798 torem
2361 752 2504 809 rogat
2529 782 2544 806 ,
2577 743 2816 796 enlit'ltln
2845 756 3146 806 CllllSCI'Vt‘l,
3179 745 3260 803 his
3289 747 3467 801 veihis
3501 763 3514 798 :
3563 747 3739 800 Gratia

2157 834 2294 886 vobis
2338 843 2383 886 et
2447 849 2551 897 pax
2592 852 2622 887 a
2677 833 2782 887 Dea
2826 834 2979 889 Patre
3021 847 3225 899 nostro,
3273 850 3320 892 et
3366 837 3587 900 Domitio
3619 837 3740 892 Jcsu

2159 925 2377 980 Christo.
2413 926 2549 979 Ecce
2582 927 2681 980 hoc
2714 929 2829 981 loeo
2861 928 2986 995 illud
3007 972 3020 993 ,
3052 946 3114 991 a,
3143 945 3426 984 counnuue
3473 939 3557 983 cst
3601 931 3738 984 l'alri

2159 1024 2214 1071 et
2261 1017 2427 1080 Filio;
2472 1019 2608 1086 quod
2660 1021 2878 1087 pt‘l'ittde
2922 1031 3002 1074 est
3049 1037 3112 1077 ac
3150 1022 3193 1075 si
3233 1022 3475 1087 diceret,
3508 1022 3584 1081 Ex
3617 1040 3736 1089 quo.

2160 1109 2339 1178 Neque
2370 1111 2510 1173 enim
2541 1111 2704 1172 dixit,
2736 1110 2914 1165 Gratia
2949 1111 3097 1166 vobis
3137 1122 3190 1179 et
3225 1129 3321 1182 pax
3369 1131 3398 1164 ει
3449 1115 3558 1168 lteo
3591 1114 3742 1168 Patre

2163 1219 2257 1272 per
2285 1204 2566 1259 Dominum
2595 1220 2834 1258 nostrum
2860 1204 3041 1265 Iesum
3069 1206 3379 1271 Chrislttttt;
3409 1207 3503 1261 scd
3522 1249 3536 1271 ,
3567 1209 3611 1262 Α
3643 1208 3742 1261 Deo

2165 1293 2321 1348 Patre
2351 1308 2396 1348 et
2429 1295 2648 1348 Domino
2677 1309 2847 1351 nostra
2875 1298 2999 1351 Jesu
3027 1298 3247 1359 Christo.
3280 1300 3436 1368 Papa:
3482 1285 3739 1369 quantiim

2161 1391 2331 1464 potuit
2365 1391 2454 1442 μοι
2483 1392 2728 1456 dilectio!
2781 1393 2979 1450 Inimici
3010 1403 3064 1447 et
3093 1394 3304 1460 reprobi
3331 1405 3552 1461 repente
3578 1396 3740 1446 sancti

2163 1469 2217 1533 et
2243 1481 2336 1532 lilii
2369 1490 2494 1533 sunt
2527 1483 2541 1512 ³
2575 1481 2769 1538 elfecti.
2803 1483 2934 1536 Cum
2963 1484 3105 1537 enim
3142 1483 3353 1537 Patrem
3384 1493 3540 1536 vocat
3561 1527 3576 1548 ,
3611 1486 3745 1539 ﬁlios

2164 1570 2362 1625 indicat
2383 1591 2399 1646 ί.
2422 1587 2538 1626 cum
2574 1572 2706 1626 ﬁlios
2730 1574 2876 1637 dicit,
2908 1591 3120 1629 onmem
3145 1576 3402 1629 bonorum
3436 1576 3743 1630 thesaurum

2164 1664 2384 1718 revelat.
2438 1664 2855 1730 Perseveremus
2911 1666 3054 1720 bono
3100 1677 3246 1720 ιειιιιυ
3300 1669 3514 1739 dignam
3585 1671 3744 1728 vitam

2160 1754 2496 1818 exhibentes,
2520 1764 2575 1810 et
2602 1771 2783 1825 pacem
2815 1759 3262 1837 sanctitati-mque
3291 1771 3600 1816 servantes.
3627 1762 3746 1815 Ca:—

2164 1856 2292 1902 terte
2337 1849 2532 1919 quippe
2579 1849 2866 1920 dignitates
2913 1859 3271 1919 temporanca:
3319 1863 3475 1917 sunt,
3517 1869 3584 1916 ac
3629 1870 3750 1908 cum

2167 1939 2414 2010 prwsenti
2449 1944 2554 2017 vita
2580 1945 2828 2004 avolant;
2876 1945 3096 2012 pecunia
3143 1962 3352 2014 quaque
3394 1947 3700 2002 vendantur
3733 1967 3746 2002 :

2165 2033 2307 2098 unde
2339 2049 2440 2086 non
2468 2034 2757 2104 dignitates
2779 2037 2899 2106 quis
2930 2037 3150 2102 dixerit,
3175 2040 3268 2093 sed
3299 2041 3617 2108 dignitatum
3652 2059 3750 2094 no-

2165 2127 2306 2180 mina
2337 2137 2538 2187 tantum
2561 2171 2576 2192 ,
2607 2144 2724 2198 quae
2757 2130 2807 2183 in
2834 2133 3056 2185 vestium
3089 2133 3477 2201 magniﬁcentia
3509 2145 3565 2188 et
3593 2137 3749 2198 satel-

2168 2220 2321 2276 litum
2350 2206 2656 2283 adulatioue
2697 2225 2802 2282 vim
2849 2223 3066 2278 habent.
3111 2225 3222 2284 lloc
3247 2237 3458 2290 autem,
3492 2238 3676 2296 utpote
3717 2245 3747 2282 a

2169 2315 2279 2370 Deo
2309 2315 2557 2377 collatum
2582 2357 2596 2379 ,
2629 2315 2827 2370 donum
2859 2317 3300 2381 sanctiﬁcationis
3327 2330 3380 2374 et
3408 2319 3711 2390 adoptionis
3731 2363 3746 2384 ,

2168 2419 2342 2467 morte
2365 2425 2470 2462 non
2494 2409 2716 2478 tollitur;
2749 2409 2843 2466 sed
2871 2421 2924 2464 et
2949 2411 3030 2476 hic
3051 2412 3358 2481 splendidos
3385 2414 3570 2474 efﬁcit.
3602 2427 3651 2468 cl
3681 2415 3752 2478 ad

2169 2497 2398 2564 futuram
2430 2500 2590 2554 vitam
2618 2501 2897 2565 nobiscum
2920 2503 3199 2574 demigrat.
3226 2505 3358 2560 Nam
3387 2509 3475 2576 qui
3506 2509 3756 2577 adoptio-

2169 2608 2289 2646 nem
2327 2602 2544 2660 servat,
2593 2602 2648 2649 ct
2695 2597 3168 2654 sanctilicationem
3208 2613 3457 2655 accurate
3486 2602 3748 2666 custodit,

2170 2685 2296 2752 illo,
2327 2685 2415 2754 qui
2445 2686 2746 2750 diademate
2778 2688 3056 2742 redimitur
3091 2701 3145 2744 et
3187 2706 3422 2762 purpuia
3470 2694 3709 2748 induitur
3735 2736 3754 2760 ,

2171 2778 2326 2849 longe
2370 2779 2700 2848 splendidior
2747 2779 3059 2852 feliciorque
3085 2795 3169 2845 est
3192 2827 3207 2848 ,
3234 2797 3391 2855 atque
3419 2787 3468 2840 in
3500 2788 3753 2854 priescnti

2171 2875 2276 2927 vita
2297 2874 2677 2943 tranquillitate
2702 2873 2896 2941 fruitur
2922 2892 3130 2946 magna,
3151 2893 3244 2952 spe
3267 2880 3399 2933 bona
3422 2878 3607 2943 frctus,
3635 2883 3758 2936 nul-

2173 2969 2382 3037 lamque
2427 2968 2626 3024 habens
2671 2970 2923 3024 tumultus
2960 2979 3014 3025 et
3049 2973 3465 3042 perturbationis
3509 2976 3757 3028 occasio-

2175 3077 2317 3127 nem,
2335 3061 2428 3116 sed
2443 3063 2712 3132 voluptate
2731 3073 2977 3133 perpetua
2995 3065 3256 3134 gaudens.
3270 3067 3600 3124 llilaritatem
3615 3071 3756 3124 enim

2175 3165 2231 3212 et
2259 3155 2496 3210 lietitiam
2524 3171 2627 3216 non
2658 3156 2864 3224 imperii
2893 3158 3220 3227 magnitudo,
3259 3174 3362 3213 non
3392 3161 3473 3214 vis
3505 3164 3758 3231 pecunia-

2175 3262 2316 3310 l‘tlm,
2360 3262 2464 3299 non
2497 3247 2746 3316 potentiae
2781 3247 2980 3309 fastus,
3008 3265 3111 3303 non
3163 3250 3328 3304 robur
3353 3255 3616 3318 corporis.
3651 3240 3792 3306 non~

2177 3340 2321 3403 lauta
2338 3353 2540 3409 mensa.
2562 3355 2666 3393 non
2693 3341 2915 3394 vestium
2928 3352 3164 3404 amatus,
3191 3358 3294 3396 non
3318 3343 3462 3407 aliud
3490 3345 3764 3413 quidpiam

2180 3431 2468 3494 humanum
2493 3447 2678 3500 parere
2725 3433 2902 3500 solet,
2946 3433 3038 3487 sed
3071 3443 3214 3489 recte
3247 3436 3444 3490 factum
3487 3438 3765 3507 spirituale

2182 3537 2383 3582 tantum
2409 3536 2463 3581 et
2489 3527 2622 3586 bona
2653 3527 3005 3590 conscientia.
3037 3527 3134 3594 Qui
3166 3544 3351 3597 [utram
3385 3532 3530 3588 illam
3563 3543 3762 3598 servat,

2178 3622 2387 3684 etiamsi
2419 3621 2608 3676 laceris
2631 3622 2818 3690 pannis
2841 3619 3110 3686 induatur,
3139 3623 3239 3676 etsi
3268 3637 3392 3677 cum
3421 3627 3562 3678 fame
3591 3625 3762 3678 lucte-

2183 3721 2288 3777 tur,
2321 3713 2492 3767 limior
2517 3722 2599 3767 est
2625 3713 2687 3766 iis
2711 3755 2724 3775 ,
2752 3712 2840 3782 qui
2872 3714 2922 3775 iu
2951 3714 3172 3767 sununis
3213 3715 3414 3769 deliciis
3442 3727 3764 3779 versantur;

2183 3817 2241 3864 ut
2271 3807 2384 3862 vice
2408 3823 2579 3870 versa,
2608 3807 2696 3877 qui
2732 3808 2991 3861 malormn
3024 3809 3120 3862 sibi
3146 3809 3391 3862 conscius
3421 3820 3524 3873 est,
3557 3809 3770 3862 etiamsi

2183 3902 2430 3960 (minibus
2477 3902 2669 3970 opibus
2712 3902 3080 3966 circumﬂuat,
3149 3903 3387 3955 omnium
3435 3905 3769 3957 miserrimus

2183 4005 2286 4050 est.
2357 3994 2582 4064 Ideoque
2627 3994 2824 4053 Paulus
2865 3995 2915 4047 in
2968 3995 3180 4048 assidua
3233 3995 3369 4046 fama
3417 4004 3470 4048 et
3529 3995 3773 4049 nuditate

2188 4103 2409 4144 versans
2433 4129 2447 4151 ,
2503 4087 2723 4155 ﬂagellis
2773 4086 3010 4158 quotidie
3038 4101 3209 4140 ca-sus
3233 4125 3247 4146 ,
3288 4087 3404 4154 plus
3425 4101 3582 4155 quam
3613 4102 3771 4155 reges

2186 4180 2450 4248 gaudebat
2504 4188 2558 4233 et
2614 4179 2893 4233 la-tahatur
2944 4196 2957 4230 :
3019 4180 3207 4238 Achab
3260 4196 3386 4232 vero
3438 4196 3668 4250 regnans
3715 4196 3773 4236 et

2189 4272 2347 4327 lautis
2381 4271 2562 4327 fruens
2588 4270 2815 4336 deliciis,
2842 4271 2961 4340 quia
2991 4281 3266 4340 peccatum
3299 4271 3425 4325 illud
3456 4273 3770 4339 adndserat,

2186 4362 2458 4433 gemebat,
2493 4364 2682 4416 anxius
2713 4374 2860 4426 erat,
2904 4373 2957 4417 ct
2982 4364 3158 4419 vultus
3183 4367 3298 4428 ejus
3325 4363 3666 4426 conciderat,
3717 4373 3774 4418 et

2186 4467 2310 4510 ante
2341 4464 2614 4523 peccatum
2641 4465 2695 4509 et
2725 4464 2844 4525 post
2866 4465 3158 4525 peccatum.
3187 4454 3241 4509 Si
3270 4456 3495 4508 velimus
3521 4472 3653 4526 ergo
3681 4473 3774 4510 vo-

2189 4547 2391 4615 luptate
2419 4546 2518 4602 frui
2545 4589 2564 4620 ,Y
2589 4558 2713 4602 aute
2743 4551 2927 4607 munia.
2953 4549 3239 4618 nequitiam
3273 4550 3534 4618 fugiamus
3560 4592 3573 4612 ,
3604 4552 3772 4602 virtu-

2191 4649 2404 4710 temque
2452 4648 2760 4704 sectemur,
2804 4641 2945 4710 quod
2995 4658 3098 4694 non
3151 4641 3416 4710 possimus
3465 4641 3574 4694 alio
3611 4639 3774 4694 mttth

2191 4735 2517 4804 voluptatem
2547 4734 2776 4802 assequi,
2807 4733 3013 4786 etiamsi
3046 4733 3094 4785 in
3128 4733 3297 4799 ipsum
3325 4733 3519 4784 solimn
3564 4732 3768 4801 regimn

2189 4825 2558 4881 ascendamus.
2601 4823 2958 4894 Quamobrem
3011 4823 3206 4893 Paulus
3248 4823 3505 4878 dicebat:
3552 4822 3778 4878 Fructus

2188 4929 2353 4972 autem
2384 4917 2609 4989 Spiritus
2639 4927 2709 4970 est
2747 4919 2959 4989 caritas,
2983 4917 3242 4988 gaudium,
3273 4933 3376 4986 pan:
3403 4915 3546 4982 (Gal.
3573 4918 3624 4972 5.
3649 4917 3772 4985 ‘22).

2190 5011 2340 5066 llunc
2365 5027 2494 5081 ergo
2525 5011 2752 5065 fructum
2780 5010 2919 5079 apud
2951 5025 3048 5064 nos
3076 5025 3373 5074 servemus,
3399 5018 3455 5062 ut
3486 5011 3571 5063 hic
3594 5011 3773 5064 laetitia

2189 5108 2428 5162 fruamur
2449 5149 2463 5172 ,
2493 5115 2546 5160 et
2573 5105 2804 5159 futurum
2840 5121 3058 5172 regnum
3088 5120 3439 5173 assequamur
3465 5147 3477 5165 ,
3506 5106 3671 5172 gratia
3720 5113 3778 5165 et

2190 5199 2515 5270 benignitate
2550 5199 2757 5251 Domini
2791 5199 2956 5251 nostri
2987 5197 3107 5251 l-cstt
3135 5195 3356 5262 ChriSti,
3388 5200 3602 5266 quicum
3631 5196 3778 5252 Patri

2188 5293 2378 5360 gloria.
2405 5306 2506 5345 una
2529 5306 2646 5343 eum
2677 5299 2863 5343 sancto
2891 5289 3112 5360 Spiritu,
3143 5304 3282 5346 nunc
3313 5299 3366 5345 et
3388 5306 3622 5363 semper,
3647 5299 3706 5344 et
3726 5291 3786 5355 iu

2189 5384 2380 5441 SiECtllzt
2412 5383 2750 5437 sat-culorum.
2778 5383 2969 5438 Amen.

2253 5547 2268 5578 ί
2305 5547 2399 5596 Alii
2421 5543 2612 5602 legunt,
2629 5555 2808 5604 summ,
2836 5555 2940 5606 iro,
2963 5548 3086 5598 sinu.
