4048 6216
400 319 500 376 601

405 458 1071 483 ‘f—W

770 476 777 483 α
916 600 917 603 η
1845 528 2177 590 HOMILIA
2223 528 2299 591 ll.

400 682 526 746 Cn.
568 680 613 734 Ι.
646 694 697 732 v.
729 680 782 732 8.
814 677 1042 731 Primum
1067 675 1264 744 quidem
1292 672 1482 746 gra'ias
1505 688 1601 741 ago
1626 670 1730 724 Deo
1752 685 1860 724 meo
1891 687 1984 734 per

467 772 647 826 Iesum
678 770 931 824 Christum
958 785 1051 839 pro
1080 766 1309 829 omnibus
1335 764 1488 822 vobis.
1514 765 1632 833 quia
1662 763 1788 830 ﬁdes
1816 773 1977 815 vestra

470 863 805 917 annuntiatur
831 861 883 914 in
910 868 1012 914 toto
1042 857 1249 911 mundo.

472 956 525 1010 1.
556 954 733 1008 Beata:
761 956 952 1006 anima:
980 963 1281 1020 congruens
1310 946 1611 1012 exordium,
1638 944 1779 1016 quod
1811 944 1975 1012 possit

402 1062 589 1102 omnes
620 1044 901 1098 instituere
922 1084 937 1108 ,
980 1051 1038 1097 ut
1060 1056 1281 1116 Operam
1303 1052 1357 1094 et
1382 1054 1688 1093 sermonum
1720 1037 1981 1093 bonorum

404 1138 549 1193 initia
579 1138 689 1190 Deo
716 1133 977 1199 offerant;
1002 1146 1178 1204 neque
1207 1118 1505 1200 solnm‘pro
1536 1130 1666 1190 suis,
1692 1128 1784 1182 sed
1822 1128 1980 1183 etiam

404 1245 499 1299 pro
524 1226 713 1281 alienis
756 1238 901 1279 reete
940 1225 1093 1280 factis
1132 1224 1326 1293 gratias
1355 1229 1548 1291 agant;
1578 1220 1718 1290 quod
1749 1221 1979 1283 animam

322 1358 325 1359 ν
404 1318 597 1372 invidia
644 1325 700 1370 et
745 1312 913 1370 livore
941 1329 1160 1370 vacnam
1204 1323 1259 1368 et
1303 1328 1486 1381 puram
1537 1312 1743 1377 reddit,
1788 1313 1983 1381 Deique

405 1410 660 1477 majorem
714 1407 1137 1461 benevolentiam
1178 1406 1375 1476 gratias
1419 1404 1698 1474 agentibus
1736 1404 1979 1459 attrahit.

402 1501 758 1568 Quamobrem
789 1499 911 1553 alibi
942 1498 1011 1552 ait
1043 1514 1057 1550 :
1088 1497 1391 1551 Benedictus
1418 1495 1558 1551 Deus
1584 1505 1631 1548 et
1671 1493 1825 1547 Pater
1873 1494 1983 1546 Do-

403 1595 526 1646 mini
571 1592 730 1646 nostri
775 1589 903 1645 Jesu
951 1588 1171 1649 C/tristi,
1198 1590 1284 1660 qui
1331 1588 1580 1642 benedixit
1621 1605 1711 1641 nos
1748 1587 1800 1646 in
1847 1587 1983 1641 omni

403 1684 749 1739 benedictione
773 1683 1027 1754 spirituali
1061 1681 1273 1753 (Ephes.
1311 1681 1362 1734 l.
1394 1683 1474 1750 3).

475 1778 664 1833 Gratia:
690 1776 797 1841 Deo
824 1776 1025 1847 quando
1052 1775 1279 1846 agendis.
1302 1804 1373 1814 —
1391 1774 1600 1830 Gratias
1622 1782 1797 1829 autem
1827 1782 1985 1845 agant

402 1881 651 1940 oportet,
681 1886 787 1924 nou
814 1869 1004 1924 divites
1033 1878 1233 1923 tantum
1254 1909 1270 1933 ,
1303 1868 1396 1923 sed
1419 1869 1578 1921 etiam
1611 1869 1827 1937 inapes;
1874 1884 1981 1929 non

402 1965 546 2029 sani,
579 1963 672 2017 sed
715 1972 770 2017 et
820 1960 1004 2032 wgroti
1051 1976 1199 2025 ;uoo
1248 1960 1281 2014 ii
1332 1960 1546 2025 solum,
1598 1960 1683 2028 qui
1730 1975 1982 2029 prospere

399 2065 561 2126 agunt
587 2098 602 2121 ,
634 2054 728 2112 sed
757 2055 789 2108 ii
820 2070 1029 2125 quoque
1054 2096 1069 2122 ,
1119 2053 1311 2124 quibus
1337 2053 1560 2107 adversa
1603 2054 1912 2123 contingunt
1964 2072 1978 2109 :

403 2147 512 2201 Deo
543 2147 683 2200 enim
730 2146 927 2217 gratias
954 2160 1110 2215 agere
1139 2160 1259 2200 cum
1286 2143 1523 2199 secundo
1569 2159 1727 2197 cursu
1776 2159 1862 2197 res
1901 2142 1981 2196 fe-

400 2249 589 2292 runtur
612 2278 629 2304 ,
660 2232 791 2291 nihil
818 2237 1045 2303 mirum:
1078 2236 1169 2290 sed
1198 2250 1318 2289 cum
1348 2236 1493 2305 gravi
1525 2234 1740 2287 soborta
1773 2243 1979 2303 tempe-

399 2341 577 2395 state,
625 2331 821 2399 jactata
852 2330 1000 2385 navis
1030 2329 1395 2400 periclitatur,
1445 2336 1566 2381 tunc
1608 2327 1878 2397 patientia:
1928 2334 1982 2380 et

317 2472 320 2476 λ
400 2422 535 2493 grati
567 2423 730 2476 animi
760 2422 1078 2491 signiﬁcatio
1116 2430 1332 2489 accepta
1367 2419 1649 2473 admodum
1681 2428 1781 2472 est.
1811 2418 1883 2472 Ea
1913 2418 1982 2473 de

398 2529 561 2579 causa
592 2514 693 2568 Job
721 2524 1008 2568 coronatus
1038 2521 1140 2576 est.
1169 2523 1223 2567 et
1252 2527 1312 2567 os
1344 2510 1625 2582 impudens
1651 2511 1844 2565 diaboli
1882 2510 1979 2563 ob-

398 2608 617 2668 turavit,
648 2605 896 2675 clareque
929 2605 1177 2666 ostendit,
1212 2619 1269 2659 se
1297 2619 1417 2658 cum
1464 2618 1717 2674 prospere
1761 2612 1979 2672 ageret,

400 2716 508 2767 non
539 2700 883 2767 pecuniarum
910 2713 1089 2763 causa,
1114 2698 1206 2752 sed
1235 2697 1326 2753 Dei
1353 2711 1534 2751 amore
1560 2705 1758 2749 motum
1786 2696 1984 2765 gratias

398 2792 595 2860 egisse.
628 2788 763 2845 Vide
806 2799 1020 2851 autem.
1071 2806 1173 2859 qua
1228 2788 1295 2844 de
1338 2803 1497 2847 causa
1544 2787 1740 2843 Paulus
1784 2787 1981 2857 gratias

396 2897 523 2956 agat
555 2902 569 2938 :
599 2901 704 2941 non
735 2884 803 2944 de
828 2885 1051 2955 imperio
1074 2926 1090 2952 ,
1118 2885 1185 2940 de
1227 2885 1455 2954 potentia
1482 2924 1496 2945 ,
1524 2884 1589 2937 de
1616 2883 1782 2953 gloria
1806 2901 1820 2947 ;
1867 2882 1982 2938 hau:

396 2980 542 3036 cnim
573 2979 723 3032 nihili
755 2977 994 3036 habenda
1028 2987 1180 3042 sunt;
1215 2978 1308 3033 sed
1336 2978 1401 3032 de
1431 2977 1515 3042 iis,
1548 2992 1666 3046 qua:
1692 2992 1818 3030 vere
1844 2976 1977 3029 bona

395 3084 554 3138 Sunt,
583 3073 653 3129 de
680 3073 811 3137 lide,
840 3072 907 3127 de
933 3072 1180 3142 loquendi
1210 3072 1455 3127 libertate
1487 3090 1500 3124 :
1530 3080 1583 3124 et
1612 3079 1812 3139 quanto
1859 3086 1980 3123 eum

393 3167 591 3223 affectu
622 3166 821 3235 gratias
864 3166 974 3234 agit
1007 3181 1020 3217 :
1055 3180 1159 3217 non
1188 3163 1328 3218 enim
1356 3162 1504 3225 dixit,
1545 3163 1688 3225 Deo;
1726 3161 1839 3227 sed,
1873 3160 1981 3214 Deo

392 3276 506 3327 meo
527 3256 707 3328 ;quod
729 3259 888 3312 etiam
913 3255 1181 3325 propheta:
1210 3254 1427 3314 faciunt,
1454 3254 1504 3317 id
1531 3253 1671 3322 quod
1697 3268 1983 3309 commune

391 3361 472 3409 cst
504 3351 611 3404 sibi
641 3349 993 3404 vindicantes.
1031 3347 1229 3419 Ecquid
1260 3348 1474 3410 mirum,
1506 3348 1549 3401 si
1585 3347 1684 3400 hoc
1710 3346 1981 3416 propheta:

391 3443 637 3511 iaciunt?
666 3442 785 3512 ipse
812 3458 1038 3511 namque
1061 3442 1197 3496 Deus
1228 3455 1353 3510 erga
1384 3455 1567 3493 servos
1595 3455 1721 3499 suos
1752 3440 1981 3509 idipsum

388 3536 499 3605 agit
529 3576 545 3599 ,
579 3549 641 3591 se
672 3535 834 3601 Deum
864 3533 1153 3595 Abraham.
1190 3532 1332 3588 Isaac
1359 3543 1413 3585 et
1434 3531 1601 3586 Jacob
1625 3532 1849 3586 seorsim
1895 3532 1980 3585 di-

390 3642 545 3681 cens.
588 3625 723 3693 Quia
771 3624 898 3693 ﬁdes
941 3632 1102 3679 vestra
1148 3623 1482 3679 annuutiatur
1523 3623 1578 3675 in
1625 3631 1731 3675 toto.
1772 3622 1978 3675 mundo.

394 3720 535 3787 Quid
569 3719 745 3789 ergo?
776 3717 1097 3782 universaiie
1125 3726 1265 3771 terra
1298 3715 1656 3769 [totuanormn
1685 3714 1840 3770 ﬁdem
1882 3731 1983 3771 an-.

391 3812 569 3875 divit?
599 3812 857 3868 Univcrsa
884 3811 952 3866 ab
980 3809 1106 3875 illo;
1134 3819 1187 3865 et
1216 3808 1345 3866 nihil
1375 3824 1478 3862 non
1506 3808 1794 3865 verisimile
1825 3827 1839 3862 :
1874 3826 1980 3864 non

390 3908 536 3971 enim
562 3905 793 3960 obscura
823 3903 948 3959 urbs
972 3912 1106 3966 erat,
1132 3902 1227 3964 sed
1246 3901 1396 3972 quasi
1429 3902 1479 3957 in
1498 3901 1725 3970 quodam
1751 3902 1984 3957 culmine

391 3999 518 4063 sita,
548 3995 696 4050 clara
725 3993 960 4064 undique
988 4003 1125 4048 erat.
1156 3992 1233 4045 Tn
1260 4005 1390 4046 vero
1421 3991 1544 4045 mihi
1579 3990 1848 4058 perpende
1876 3991 1981 4047 vim

391 4086 816 4161 prmdicatinnis,
842 4101 947 4156 quo
968 4097 1124 4156 pacto
1150 4084 1293 4141 brevi
1318 4091 1556 4154 tempore
1581 4082 1980 4152 publicanorum

389 4192 444 4237 et
473 4184 802 4251 piscatorum
834 4194 993 4249 opera
1021 4178 1229 4233 urbium
1258 4189 1416 4247 caput
1447 4177 1738 4244 invaserit,
1763 4192 1828 4233 ac
1853 4176 1977 4250 Syri

390 4274 646 4329 homines
663 4274 1025 4329 Romanorum
1036 4272 1281 4330 doctores
1297 4282 1753 4341 prmeeptoresque
1767 4269 1790 4322 Γ
1789 4272 1981 4328 uerint.

392 4368 510 4423 Duo
527 4369 692 4438 igitur
709 4367 833 4437 ipsis
852 4374 993 4423 recte
1017 4364 1153 4418 facta
1167 4362 1499 4433 testiﬁcatur,
1515 4362 1718 4432 etquod
1734 4362 1979 4417 Cl‘CdldC-r

388 4462 520 4527 rint,
557 4470 611 4514 et
630 4459 903 4529 quodcum
919 4457 1105 4513 ﬁducia
1136 4455 1488 4521 crediderint,
1514 4456 1794 4525 etquidem
1818 4466 1979 4523 Ianta,

391 4564 452 4611 ut
471 4556 549 4609 rei
574 4552 717 4608 fama
742 4568 833 4622 per
858 4560 1022 4609 totum
1038 4553 1239 4604 volaret
1256 4550 1462 4610 orbem.
1485 4548 1637 4615 Fides
1655 4550 1785 4613 enim
1800 4560 1980 4614 vestra,

392 4648 592 4716 inquit,
621 4644 951 4699 annuntiatur
971 4643 1027 4704 in
1048 4653 1149 4696 toto
1176 4641 1380 4695 mundo.
1403 4640 1581 4711 Fides,
1605 4641 1985 4708 nondiscepta-

391 4739 595 4797 tiones,
625 4753 727 4789 non
755 4735 1078 4806 qurestiones
1103 4777 1118 4797 ,
1148 4750 1251 4799 non
1284 4734 1572 4804 syllogismi
1619 4750 1632 4786 :
1663 4749 1981 4803 quamquam

388 4829 689 4891 multaillic
716 4836 890 4893 erant,
916 4842 1035 4897 qua:
1069 4827 1365 4880 doctrinam
1395 4824 1731 4893 impedirent.
1765 4825 1975 4883 Etenim

391 4920 651 4984 Romani,
671 4920 759 4989 qui
779 4934 947 4988 nuper
961 4918 1241 4987 imperium
1257 4917 1401 4979 orbis
1430 4915 1604 4984 adepti
1628 4925 1798 4981 erant,
1819 4915 1983 4987 altum

387 5014 703 5083 sapiebant,
736 5013 787 5066 in
814 5012 1015 5066 divitiis
1037 5026 1101 5067 ac
1131 5009 1491 5079 voluptatibus
1516 5010 1677 5065 vitam
1716 5018 1938 5077 agentes
1965 5022 1981 5062 :

389 5104 837 5175 pnedicationem
862 5117 989 5163 vero
1012 5101 1307 5156 offerebant
1334 5099 1624 5169 piscatores
1647 5099 1813 5153 Judaei
1843 5109 1895 5152 et
1920 5114 1985 5154 ex

386 5195 597 5251 Inda-is
636 5196 775 5257 orti,
806 5210 925 5263 qum
952 5210 1084 5264 gens
1115 5194 1282 5247 invisa
1307 5203 1361 5245 et
1384 5191 1708 5246 exsecranda
1734 5191 1985 5247 (uultibus

382 5299 507 5346 erat
532 5330 548 5349 .
599 5298 651 5342 et
679 5287 992 5341 crucifixum
1018 5285 1242 5343 adorare
1279 5283 1537 5352 jubcbant
1559 5324 1574 5346 ,
1603 5283 1689 5350 qui
1720 5283 1769 5334 in
1796 5282 1986 5337 .lndrca

388 5381 659 5437 educatus
690 5378 900 5441 fuerat;
926 5392 989 5431 ac
1021 5392 1143 5431 cum
1173 5376 1411 5430 doctrina
1444 5373 1603 5425 vitam
1634 5373 1821 5431 duram
1852 5389 1988 5442 pra:-

389 5472 711 5528 srribebant
726 5471 977 5525 duetores
999 5468 1305 5523 hominibus
1326 5466 1579 5534 voluptati
1604 5466 1794 5520 deditis
1813 5507 1827 5529 ,
1851 5476 1902 5520 et
1924 5468 1987 5520 ad

389 5567 684 5639 pnuswtia
717 5565 896 5619 solum
929 5563 1273 5617 inhiantibns.
1307 5563 1386 5617 Ad
1420 5562 1536 5615 haec
1559 5600 1573 5622 ,
1598 5562 1686 5629 qui
1720 5565 1817 5613 ista
1851 5575 1991 5618 nun-

390 5660 629 5724 tiabant,
657 5670 926 5727 pauperes
951 5662 1127 5709 erant.
1158 5652 1353 5717 idiotze,
1394 5654 1651 5723 ignobiles
1680 5666 1745 5705 ex
1789 5652 1992 5720 ignobi-

391 5753 539 5823 libus
567 5749 696 5807 orti.
734 5752 805 5812 At
852 5746 1040 5806 horum
1073 5748 1202 5803 nihil
1244 5748 1385 5803 verbi
1414 5760 1628 5803 cursum
1671 5744 1945 5815 impedivit
1974 5764 1986 5800 :

1498 316 1561 371 ΚΝ
1601 315 1814 375 EPIST.
1860 318 1949 372 AD
1979 317 2139 374 ltOll.
2182 316 2413 374 IlOMlL.
2454 318 2520 377 Il.

2195 457 3673 481 ______________________________________

2093 680 2236 723 tanta
2263 679 2382 726 erat
2405 672 2643 729 cruciﬁxi
2665 679 2919 745 potentia,
2949 690 3007 734 ut
3030 682 3249 737 verbum
3276 685 3509 756 undique
3528 701 3675 757 spur.

2086 773 2255 831 geret.
2286 764 2629 819 Annuutiatur
2647 808 2662 831 ,
2697 768 2885 837 inquit,
2915 772 2968 825 in
2994 781 3096 827 toto
3121 776 3329 830 mundo.
3352 777 3471 832 Non
3497 779 3669 846 dixit,

2091 852 2487 921 Manifesmtur;
2518 858 2611 912 sed
2633 901 2647 923 ,
2689 858 3032 915 Anuuntiatur
3054 905 3068 927 ,
3098 880 3161 920 ac
3184 866 3231 921 si
3252 882 3438 923 omnes
3468 870 3526 925 in
3568 884 3666 925 ore

2090 947 2308 999 l’errent.
2338 946 2390 1000 ld
2417 963 2543 1002 vero
2581 949 3164 1039 Thessalonicensibus,
3206 960 3493 1016 testiﬁcatus
3518 962 3664 1017 aliud

2091 1036 2236 1090 addit
2266 1055 2278 1090 :
2308 1052 2427 1092 cum
2466 1040 2683 1098 dixisset
2729 1036 2869 1098 enim
2896 1085 2911 1109 ,
2939 1045 2983 1099 A
3011 1046 3147 1102 vobis
3186 1060 3420 1118 personat
3463 1053 3667 1107 verbum

2089 1124 2187 1179 Dei
2199 1169 2213 1189 ,
2247 1128 2461 1193 subdit,
2510 1129 2596 1184 Ita
2634 1141 2809 1186 utuon
2845 1150 2971 1203 Opus
3009 1137 3074 1195 sit
3116 1140 3259 1192 nobis
3300 1140 3437 1205 loqui
3470 1143 3666 1213 aliquid

2088 1222 2164 1289 (l.
2188 1219 2368 1277 Thess.
2390 1224 2442 1277 1.
2465 1223 2545 1292 8).
2579 1226 2825 1295 Discipuli
2851 1244 3080 1298 namque
3100 1231 3151 1284 in
3178 1231 3458 1287 doctorum
3478 1235 3667 1305 gradu,

2087 1327 2206 1366 cum
2234 1313 2420 1368 ﬁducia
2448 1315 2695 1385 loquendi
2721 1332 2908 1374 omnes
2929 1320 3279 1384 instituebant
3304 1334 3357 1379 et
3386 1326 3452 1381 ad
3477 1341 3537 1382 se
3566 1337 3677 1381 Ira.

2090 1405 2302 1461 hebant.
2327 1407 2936 1479 anquam’pnedicatio
2958 1413 3198 1478 sistebat,
3227 1416 3320 1471 sed
3352 1417 3472 1487 igne
3505 1418 3669 1472 velte-

2089 1499 2319 1554 mentius
2356 1508 2521 1554 totum
2561 1502 2887 1571 pervadebat
2920 1505 3129 1563 orbem.
3174 1505 3285 1561 lloc
3328 1516 3506 1562 autem
3550 1507 3670 1565 loco

2087 1590 2257 1646 Solum
2281 1590 2491 1658 dicitur,
2516 1593 2656 1662 quod
2678 1595 3043 1649 adnuntiatur.
3065 1595 3207 1650 Bene
3232 1598 3384 1662 dixit,
3413 1600 3533 1669 quia
3560 1601 3669 1653 Λιι-

2088 1685 2367 1748 nuntiatur,
2384 1686 2671 1741 ostendens
2690 1686 2819 1739 nihil
2837 1686 3139 1742 addendum
3167 1688 3324 1743 dictis
3352 1706 3503 1756 esse,
3535 1692 3673 1746 nihil

2087 1773 2406 1831 demendum
2434 1778 2632 1831 :nuntii
2655 1779 2794 1832 enim
2813 1777 3055 1848 hocopus
3070 1788 3170 1841 est,
3198 1789 3255 1833 ιιι
3273 1795 3334 1834 ea
3357 1783 3526 1835 solum
3549 1800 3667 1853 quae

2087 1865 2226 1920 dicta
2258 1876 2382 1921 sunt
2404 1869 2614 1927 allcrat.
2645 1870 2877 1939 Ideoque
2917 1872 3171 1927 sacerdos
3198 1874 3421 1929 nuntius
3447 1890 3544 1930 seu
3571 1892 3670 1931 an.

2086 1959 2237 2027 gelus
2262 1973 2482 2015 vocatur
2501 2005 2515 2021 .
2546 1964 2667 2032 quia
2693 1979 2797 2018 non
2826 1980 2917 2017 sua
2944 2006 2959 2030 ,
3001 1965 3094 2020 sed
3123 1981 3183 2020 ea
3210 2008 3225 2030 ,
3260 1984 3378 2037 qua:
3408 1968 3672 2027 mittentis

2040 2090 2045 2096 .
2087 2061 2211 2105 sunt
2237 2094 2250 2115 ,
2281 2055 2583 2115 annuntiat.
2628 2056 2788 2126 Atqui
2818 2057 3011 2112 Petrus
3044 2059 3151 2113 illic
3182 2060 3518 2128 prtedicavit;
3571 2064 3673 2124 sed

2088 2146 2255 2214 ipsius
2272 2157 2408 2209 acta,
2438 2156 2491 2201 et
2517 2162 2611 2203 sua
2640 2163 2760 2204 esse
2794 2148 2940 2206 ducit
2972 2168 2985 2204 :
3018 2152 3115 2214 sic,
3147 2161 3203 2204 ut
3230 2168 3389 2221 supra
3436 2154 3566 2221 dixi,
3595 2156 3664 2209 ab

2086 2235 2281 2291 invidia
2342 2239 2645 2291 omnimodo
2704 2240 2859 2295 liber.
2913 2241 2967 2295 9.
3028 2241 3185 2296 Testis
3231 2244 3363 2296 enim
3420 2256 3492 2297 est
3540 2247 3673 2301 mihi.

2085 2326 2243 2391 Deus,
2278 2330 2359 2381 cui
2384 2333 2543 2385 servio
2568 2330 2623 2384 in
2654 2332 2834 2401 spiritu
2859 2350 2988 2399 meo,
3021 2334 3073 2386 in
3102 2336 3357 2406 evangelio
3385 2336 3506 2390 Filii
3529 2342 3661 2407 ejus.

2154 2419 2207 2473 ‘2.
2235 2419 2311 2476 Ex
2341 2420 2647 2489 apostolicis
2667 2423 2960 2479 visceribus
2982 2426 3098 2481 lucc
3124 2428 3284 2484 verba
3314 2430 3662 2498 proficiscun-

2087 2520 2201 2576 tur,
2230 2523 2459 2580 paternu-
2481 2529 2621 2568 curze
2651 2517 2914 2570 sententia
2942 2527 3042 2571 est.
3077 2517 3211 2585 Quid
3244 2534 3372 2575 vero
3396 2520 3498 2577 sibi
3530 2522 3668 2589 vult,

2086 2613 2141 2658 et
2167 2620 2267 2675 qua
2298 2605 2367 2660 de
2395 2621 2557 2663 causa
2594 2607 2759 2662 Deum
2791 2620 2945 2664 vocat
2976 2619 3164 2665 testem
3195 2612 3218 2665 ?
3250 2612 3324 2667 De
3349 2612 3540 2669 all'ectu
3569 2629 3667 2669 suo

2086 2712 2265 2750 sermo
2299 2708 2432 2752 erat.
2475 2698 2607 2765 Quia
2652 2699 2809 2769 igitur
2846 2701 3081 2759 nondum
3126 2703 3246 2759 illos
3275 2705 3504 2771 viderat,
3546 2707 3673 2763 ideo

2087 2790 2289 2844 nullum
2318 2790 2623 2855 hominem,
2657 2793 2750 2847 sed
2792 2810 2911 2849 eum
2932 2836 2948 2861 ,
2980 2797 3067 2865 qui
3119 2797 3170 2850 in
3199 2797 3360 2852 corda
3389 2810 3664 2868 penetrat,

2088 2882 2294 2934 vocavit
2319 2891 2529 2937 testem.
2565 2884 2850 2953 Postquam
2877 2887 3018 2942 enim
3047 2888 3276 2955 dixerat,
3310 2892 3446 2953 Amo
3468 2908 3583 2955 vos,
3615 2902 3671 2948 et

2085 2974 2293 3042 signum
2320 2975 2567 3029 attulerat
2587 2976 2726 3045 quod
2754 2975 3067 3048 frequenter
3096 2989 3427 3049 precaretur,
3451 2993 3504 3037 ct
3526 2984 3673 3051 quod

2086 3066 2247 3120 vellet
2279 3066 2422 3137 ipsos
2447 3067 2595 3123 adire
2627 3085 2641 3120 ε
2668 3084 2786 3123 cum
2822 3069 2921 3124 hoc
2943 3071 3113 3140 palam
3150 3088 3253 3127 non
3282 3084 3444 3139 esset,
3470 3074 3534 3128 ad
3565 3075 3669 3131 ﬁde

2088 3158 2306 3228 dignum
2357 3159 2715 3214 testimonium
2763 3159 3018 3232 confugit.
3052 3164 3132 3217 An
3163 3164 3359 3233 poterit
3387 3167 3673 3236 quisquam

2085 3262 2318 3306 vestrum
2340 3251 2578 3322 gloriari,
2602 3254 2741 3324 quod
2766 3256 3075 3310 memoriam
3100 3257 3258 3312 faciat
3276 3258 3415 3313 dumi
3442 3274 3669 3328 precans

2087 3344 2431 3413 plenitudinis
2481 3346 2777 3401 Ecclesize?
2816 3347 2930 3401 Non
2978 3360 3119 3417 puto.
3168 3350 3274 3404 Sed
3322 3351 3516 3409 Paulus
3560 3368 3670 3408 non

2086 3452 2184 3505 pro
2213 3452 2312 3489 una
2341 3437 2572 3502 civitate,
2599 3436 2690 3492 sed
2725 3453 2820 3507 pro
2844 3446 2953 3492 toto
2972 3441 3101 3495 orbe
3124 3441 3290 3495 Deum
3316 3442 3664 3510 precabatur;

2088 3526 2247 3596 idque
2277 3543 2380 3582 non
2404 3528 2591 3592 semel,
2618 3544 2720 3582 non
2754 3530 2855 3596 bis,
2881 3546 2985 3584 non
3010 3541 3111 3597 ter,
3136 3532 3229 3587 sed
3261 3534 3492 3588 assidue.
3516 3534 3671 3602 Quod

2086 3620 2129 3672 si
2156 3620 2369 3673 assidue
2392 3621 2442 3674 in
2468 3622 2722 3676 memoria
2745 3623 3046 3693 quempiam
3071 3625 3431 3692 circumferat,
3458 3626 3670 3683 nonnisi

2088 3727 2151 3765 ex
2170 3714 2391 3767 caritate
2411 3730 2597 3782 magna
2623 3712 2734 3769 ﬁeri
2755 3716 2919 3784 possit
2936 3734 2949 3771 :
2966 3733 3087 3770 nam
3111 3719 3160 3772 in
3183 3719 3427 3786 precibus
3442 3720 3673 3773 circnm-

2087 3802 2249 3867 ferre,
2279 3804 2437 3873 idque
2468 3806 2847 3865 indesinenter.
2876 3810 3046 3877 eugita
3073 3812 3252 3879 quanti
3279 3810 3345 3863 sit
3376 3812 3594 3865 allectus
3616 3823 3671 3866 et

2086 3896 2300 3951 amoris.
2334 3898 2463 3951 Cum
2495 3908 2669 3951 autem
2696 3898 2842 3964 dicit,
2869 3898 2965 3953 Cui
2989 3903 3147 3954 servio
3177 3903 3228 3955 iu
3250 3904 3431 3971 spiritu
3457 3920 3586 3962 meo,
3614 3903 3668 3955 in

2088 3988 2341 4055 cvauqelio
2366 3987 2491 4041 Filii
2519 4006 2650 4057 ejus,
2678 3989 2772 4043 Dei
2792 3992 3015 4059 gratiam
3040 3993 3219 4057 simul,
3240 4003 3294 4047 et
3312 3993 3665 4048 humilitatem

2089 4096 2239 4135 suam
2274 4082 2426 4136 nobis
2455 4081 2707 4137 exhibet.
2744 4083 2834 4137 Dei
2862 4084 3111 4152 gratiam,
3141 4085 3281 4154 quod
3313 4094 3512 4138 tantam
3553 4100 3665 4139 rem

2091 4174 2188 4244 ipsi
2211 4176 2537 4229 commiserit
2570 4192 2584 4240 ;
2620 4175 2965 4230 humilitatem
2998 4191 3145 4229 suam
3168 4219 3181 4238 ,
3207 4177 3325 4245 quia
3360 4191 3463 4231 non
3490 4177 3669 4232 studio

2090 4281 2209 4331 suo,
2234 4267 2326 4320 sed
2350 4268 2579 4337 Spiritus
2607 4267 2805 4322 auxilio
2833 4277 2997 4321 totum
3024 4268 3299 4323 adscribit.
3327 4266 3458 4324 Cum
3490 4280 3666 4323 autem

2090 4361 2420 4431 evangelium
2471 4361 2650 4425 addit,
2699 4360 2974 4415 ministerii
3044 4376 3212 4430 genus
3263 4347 3480 4416 indicat.
3530 4359 3663 4416 Nam

2090 4453 2245 4509 nmlti
2273 4464 2324 4507 et
2352 4452 2545 4511 diversi
2575 4463 2695 4507 sunt
2720 4453 2997 4508 ministerii
3020 4454 3185 4520 modi,
3215 4454 3494 4525 cultusque
3517 4455 3671 4511 simio

2090 4544 2231 4602 liter.
2258 4543 2714 4609 Quemadmodum
2742 4545 2880 4598 enim
2900 4545 3035 4614 apud
3063 4561 3214 4615 reges
3235 4562 3418 4602 omnes
3438 4548 3537 4604 sub
3564 4564 3672 4603 uno

2093 4645 2217 4690 sunt
2268 4635 2537 4704 principe,
2585 4635 2678 4689 sed
2725 4651 2834 4690 non
2877 4637 3016 4691 idem
3078 4652 3267 4693 omnes
3316 4638 3671 4694 ministerium

2093 4739 2344 4785 exercent
2378 4746 2391 4781 :
2432 4730 2570 4784 alios
2606 4746 2745 4783 enim
2774 4731 3030 4784 exercitui
3065 4732 3318 4800 imperat,
3350 4732 3487 4785 alius
3516 4732 3672 4786 urbes

2093 4824 2258 4891 regit,
2292 4823 2429 4876 alius
2472 4823 2525 4876 in
2557 4822 2829 4890 penuariis
2858 4823 3109 4891 pecunias
3139 4833 3316 4876 servat
3360 4840 3373 4875 :
3415 4824 3494 4877 sic
3531 4831 3588 4877 ct
3619 4824 3670 4876 in

2093 4914 2476 4983 Spiritualibus,
2510 4916 2643 4967 alius
2677 4929 2770 4983 per
2797 4915 2954 4975 tidem
2988 4915 3149 4967 lleuni
3174 4914 3529 4983 colitipsique
3558 4929 3674 4968 ser-

2094 5007 2204 5070 vit,
2255 5006 2522 5076 vitamquc
2557 5020 2704 5058 snam
2749 5014 2895 5058 recte
2946 5005 3173 5058 instituit
3219 5005 3403 5060 :alius
3434 5004 3674 5075 hospites

2094 5099 2289 5168 excipit
2313 5140 2327 5162 ,
2373 5098 2509 5152 alius
2552 5098 2764 5160 inopum
2797 5098 3186 5166 curantrgerit:
3223 5097 3674 5165 quemadmodum

2095 5192 2253 5245 etiam
2301 5189 2438 5260 apud
2468 5189 2737 5257 apostolos
2766 5185 3068 5255 Stephanus
3108 5204 3201 5255 per
3230 5187 3508 5244 viduarum
3535 5206 3675 5259 pra:-

2096 5286 2288 5338 sidium
2313 5294 2366 5337 et
2390 5298 2570 5337 curam
2612 5282 2720 5336 Deo
2745 5280 3021 5334 serviebat
3050 5297 3066 5345 ς
3096 5282 3233 5336 alius
3257 5297 3350 5351 per
3376 5281 3674 5339 doctrinam

2098 5376 2243 5430 verbi
2275 5392 2290 5440 ;
2329 5390 2392 5428 ex
2425 5390 2650 5442 quorum
2694 5387 2918 5426 numero
2944 5372 3137 5427 Paulus
3167 5382 3302 5437 erat,
3333 5376 3423 5444 qui
3451 5375 3501 5429 in
3533 5390 3672 5443 prm-

2097 5467 2363 5545 dicationc
2394 5467 2656 5536 evangelii
2691 5465 2798 5518 Deo
2827 5466 3094 5519 serviebat
3125 5485 3139 5522 :
3170 5476 3225 5520 et
3249 5464 3338 5520 hic
3367 5476 3481 5522 erat
3510 5468 3677 5535 ipsius

2098 5560 2373 5615 servitutis
2404 5561 2592 5613 modus
2621 5578 2632 5611 :
2662 5560 2765 5614 hoc
2792 5561 2935 5615 enim
2975 5561 3073 5629 ipsi
3104 5561 3450 5616 commissum
3478 5560 3672 5614 fuerat.

2100 5654 2226 5710 ldeo
2255 5669 2359 5707 non
2400 5653 2559 5707 modo
2589 5654 2753 5708 Deum
2782 5663 2970 5708 testem
3004 5666 3179 5719 vocat,
3216 5654 3307 5707 sed
3336 5654 3385 5705 id
3410 5651 3507 5704 sibi
3539 5666 3675 5703 con-
3700 5690 3705 5693 -

2101 5744 2361 5805 creditum
2395 5758 2512 5825 esst;
2538 5744 2661 5801 (llt'll
2684 5785 2699 5812 ,
2724 5744 3001 5805 declarans
3030 5759 3086 5801 se
3117 5744 3200 5798 cui
3239 5742 3359 5795 talia
3391 5741 3675 5796 commissa
