  <div class='ocr_page' id='page_1' title='image "/cluster/home/n/w/nwhite01/storage/ocr_20150623/60/hvd.32044073501942/407.png"; bbox 0 0 3934 6212; ppageno 0'>
   <div class='ocr_carea' id='block_1_1' title="bbox 467 263 572 318">
    <p class='ocr_par' dir='ltr' id='par_1_1' title="bbox 467 263 572 318">
     <span class='ocr_line' id='line_1_1' title="bbox 467 263 572 318; baseline -0.01 0"><span class='ocrx_word' id='word_1_1' title='bbox 467 263 572 318; x_wconf 69' lang='grc' dir='ltr'><strong>ωδ</strong></span> 
     </span>
    </p>
   </div>
   <div class='ocr_carea' id='block_1_2' title="bbox 473 371 2048 442">
    <p class='ocr_par' dir='ltr' id='par_1_2' title="bbox 473 371 2048 442">
     <span class='ocr_line' id='line_1_2' title="bbox 473 371 2048 442; baseline -0.001 -14"><span class='ocrx_word' id='word_1_2' title='bbox 473 373 722 440; x_wconf 76' lang='lat' dir='ltr'><strong>fuerant,</strong></span> <span class='ocrx_word' id='word_1_3' title='bbox 773 375 1197 430; x_wconf 62' lang='lat' dir='ltr'><strong>committentem</strong></span> <span class='ocrx_word' id='word_1_4' title='bbox 1239 373 1340 430; x_wconf 86' lang='lat' dir='ltr'><strong>sibi</strong></span> <span class='ocrx_word' id='word_1_5' title='bbox 1384 375 1436 428; x_wconf 93' lang='lat' dir='ltr'><strong>in</strong></span> <span class='ocrx_word' id='word_1_6' title='bbox 1474 382 1662 428; x_wconf 88' lang='lat' dir='ltr'><strong>testem</strong></span> <span class='ocrx_word' id='word_1_7' title='bbox 1696 389 1789 442; x_wconf 86' lang='lat' dir='ltr'><strong>pro</strong></span> <span class='ocrx_word' id='word_1_8' title='bbox 1822 388 1878 427; x_wconf 91' lang='lat' dir='ltr'><strong>re</strong></span> <span class='ocrx_word' id='word_1_9' title='bbox 1922 371 2048 426; x_wconf 53' lang='lat' dir='ltr'><strong>falsa</strong></span> 
     </span>
    </p>
   </div>
   <div class='ocr_carea' id='block_1_3' title="bbox 466 463 2050 536">
    <p class='ocr_par' dir='ltr' id='par_1_3' title="bbox 466 463 2050 536">
     <span class='ocr_line' id='line_1_3' title="bbox 466 463 2050 536; baseline -0.003 -15"><span class='ocrx_word' id='word_1_10' title='bbox 466 483 754 536; x_wconf 79' lang='lat' dir='ltr'><strong>numquam</strong></span> <span class='ocrx_word' id='word_1_11' title='bbox 784 478 1095 520; x_wconf 87' lang='lat' dir='ltr'><strong>vocaturum</strong></span> <span class='ocrx_word' id='word_1_12' title='bbox 1135 464 1319 519; x_wconf 78' lang='lat' dir='ltr'><strong>fuisse.</strong></span> <span class='ocrx_word' id='word_1_13' title='bbox 1351 465 1429 518; x_wconf 82' lang='lat' dir='ltr'><strong>Ad</strong></span> <span class='ocrx_word' id='word_1_14' title='bbox 1466 465 1580 520; x_wconf 67' lang='lat' dir='ltr'><strong>hate</strong></span> <span class='ocrx_word' id='word_1_15' title='bbox 1603 467 1763 519; x_wconf 87' lang='lat' dir='ltr'><strong>etiam</strong></span> <span class='ocrx_word' id='word_1_16' title='bbox 1791 463 1916 518; x_wconf 89' lang='lat' dir='ltr'><strong>illud</strong></span> <span class='ocrx_word' id='word_1_17' title='bbox 1942 465 2050 516; x_wconf 81' lang='lat' dir='ltr'><strong>vult</strong></span> 
     </span>
    </p>
   </div>
   <div class='ocr_carea' id='block_1_4' title="bbox 468 557 2052 627">
    <p class='ocr_par' dir='ltr' id='par_1_4' title="bbox 468 557 2052 627">
     <span class='ocr_line' id='line_1_4' title="bbox 468 557 2052 627; baseline -0.003 -13"><span class='ocrx_word' id='word_1_18' title='bbox 468 559 783 619; x_wconf 74' lang='lat' dir='ltr'><strong>ostendere,</strong></span> <span class='ocrx_word' id='word_1_19' title='bbox 817 558 1090 612; x_wconf 75' lang='lat' dir='ltr'><strong>caritatem</strong></span> <span class='ocrx_word' id='word_1_20' title='bbox 1133 567 1186 612; x_wconf 94' lang='lat' dir='ltr'><strong>et</strong></span> <span class='ocrx_word' id='word_1_21' title='bbox 1213 574 1396 612; x_wconf 90' lang='lat' dir='ltr'><strong>curam</strong></span> <span class='ocrx_word' id='word_1_22' title='bbox 1424 575 1579 627; x_wconf 89' lang='lat' dir='ltr'><strong>quam</strong></span> <span class='ocrx_word' id='word_1_23' title='bbox 1610 559 1678 612; x_wconf 90' lang='lat' dir='ltr'><strong>de</strong></span> <span class='ocrx_word' id='word_1_24' title='bbox 1703 558 1806 613; x_wconf 86' lang='lat' dir='ltr'><strong>illis</strong></span> <span class='ocrx_word' id='word_1_25' title='bbox 1835 557 2052 627; x_wconf 84' lang='lat' dir='ltr'><strong>gerebat</strong></span> 
     </span>
    </p>
   </div>
   <div class='ocr_carea' id='block_1_5' title="bbox 468 649 2049 721">
    <p class='ocr_par' dir='ltr' id='par_1_5' title="bbox 468 649 2049 721">
     <span class='ocr_line' id='line_1_5' title="bbox 468 649 2049 721; baseline -0.001 -16"><span class='ocrx_word' id='word_1_26' title='bbox 468 652 823 706; x_wconf 79' lang='lat' dir='ltr'><strong>necessariam</strong></span> <span class='ocrx_word' id='word_1_27' title='bbox 861 665 1000 705; x_wconf 85' lang='lat' dir='ltr'><strong>esse.</strong></span> <span class='ocrx_word' id='word_1_28' title='bbox 1043 649 1119 705; x_wconf 84' lang='lat' dir='ltr'><strong>Ne</strong></span> <span class='ocrx_word' id='word_1_29' title='bbox 1143 650 1381 705; x_wconf 85' lang='lat' dir='ltr'><strong>dicereut</strong></span> <span class='ocrx_word' id='word_1_30' title='bbox 1413 653 1552 705; x_wconf 88' lang='lat' dir='ltr'><strong>enim</strong></span> <span class='ocrx_word' id='word_1_31' title='bbox 1586 668 1600 705; x_wconf 91' lang='lat'><strong>:</strong></span> <span class='ocrx_word' id='word_1_32' title='bbox 1627 649 1707 705; x_wconf 88' lang='lat' dir='ltr'><strong>&#39;l‘u</strong></span> <span class='ocrx_word' id='word_1_33' title='bbox 1737 651 1856 721; x_wconf 92' lang='lat' dir='ltr'><strong>quis</strong></span> <span class='ocrx_word' id='word_1_34' title='bbox 1883 665 1961 712; x_wconf 86' lang='lat' dir='ltr'><strong>es,</strong></span> <span class='ocrx_word' id='word_1_35' title='bbox 1995 658 2049 704; x_wconf 89' lang='lat' dir='ltr'><strong>et</strong></span> 
     </span>
    </p>
   </div>
   <div class='ocr_carea' id='block_1_6' title="bbox 469 743 2049 814">
    <p class='ocr_par' dir='ltr' id='par_1_6' title="bbox 469 743 2049 814">
     <span class='ocr_line' id='line_1_6' title="bbox 469 743 2049 814; baseline -0.001 -17"><span class='ocrx_word' id='word_1_36' title='bbox 469 746 609 798; x_wconf 89' lang='lat' dir='ltr'><strong>unde</strong></span> <span class='ocrx_word' id='word_1_37' title='bbox 631 744 858 798; x_wconf 89' lang='lat' dir='ltr'><strong>civitatis</strong></span> <span class='ocrx_word' id='word_1_38' title='bbox 887 753 1046 798; x_wconf 80' lang='lat' dir='ltr'><strong>tautze</strong></span> <span class='ocrx_word' id='word_1_39' title='bbox 1076 759 1140 797; x_wconf 89' lang='lat' dir='ltr'><strong>ac</strong></span> <span class='ocrx_word' id='word_1_40' title='bbox 1169 745 1326 814; x_wconf 64' lang='lat' dir='ltr'><strong>regia:</strong></span> <span class='ocrx_word' id='word_1_41' title='bbox 1353 761 1532 798; x_wconf 86' lang='lat' dir='ltr'><strong>curam</strong></span> <span class='ocrx_word' id='word_1_42' title='bbox 1575 753 1624 798; x_wconf 92' lang='lat' dir='ltr'><strong>te</strong></span> <span class='ocrx_word' id='word_1_43' title='bbox 1654 743 1929 812; x_wconf 70' lang='lat' dir='ltr'><strong>suscipere</strong></span> <span class='ocrx_word' id='word_1_44' title='bbox 1969 743 2049 796; x_wconf 87' lang='lat' dir='ltr'><strong>di-</strong></span> 
     </span>
    </p>
   </div>
   <div class='ocr_carea' id='block_1_7' title="bbox 466 834 2043 890">
    <p class='ocr_par' dir='ltr' id='par_1_7' title="bbox 466 834 2043 890">
     <span class='ocr_line' id='line_1_7' title="bbox 466 834 2043 890; baseline 0 -2"><span class='ocrx_word' id='word_1_45' title='bbox 466 836 542 888; x_wconf 83' lang='lat' dir='ltr'><strong>cis</strong></span> <span class='ocrx_word' id='word_1_46' title='bbox 571 834 595 886; x_wconf 91' lang='lat'><strong>?</strong></span> <span class='ocrx_word' id='word_1_47' title='bbox 624 835 852 888; x_wconf 84' lang='lat' dir='ltr'><strong>ostendit</strong></span> <span class='ocrx_word' id='word_1_48' title='bbox 887 835 1029 889; x_wconf 83' lang='lat' dir='ltr'><strong>illam</strong></span> <span class='ocrx_word' id='word_1_49' title='bbox 1061 851 1209 888; x_wconf 90' lang='lat' dir='ltr'><strong>suam</strong></span> <span class='ocrx_word' id='word_1_50' title='bbox 1237 834 1651 890; x_wconf 88' lang='lat' dir='ltr'><strong>sollicitudinem</strong></span> <span class='ocrx_word' id='word_1_51' title='bbox 1685 837 2043 889; x_wconf 75' lang='lat' dir='ltr'><strong>necessariam</strong></span> 
     </span>
    </p>
   </div>
   <div class='ocr_carea' id='block_1_8' title="bbox 469 927 2046 1000">
    <p class='ocr_par' dir='ltr' id='par_1_8' title="bbox 469 927 2046 1000">
     <span class='ocr_line' id='line_1_8' title="bbox 469 927 2046 1000; baseline 0 -18"><span class='ocrx_word' id='word_1_52' title='bbox 469 943 587 982; x_wconf 82' lang='lat' dir='ltr'><strong>esse</strong></span> <span class='ocrx_word' id='word_1_53' title='bbox 625 945 637 980; x_wconf 93' lang='lat'>:</span> <span class='ocrx_word' id='word_1_54' title='bbox 674 928 934 998; x_wconf 82' lang='lat' dir='ltr'><strong>siquidem</strong></span> <span class='ocrx_word' id='word_1_55' title='bbox 968 929 1052 981; x_wconf 92' lang='lat' dir='ltr'><strong>hic</strong></span> <span class='ocrx_word' id='word_1_56' title='bbox 1093 928 1162 982; x_wconf 91' lang='lat' dir='ltr'><strong>illi</strong></span> <span class='ocrx_word' id='word_1_57' title='bbox 1195 927 1466 1000; x_wconf 56' lang='lat' dir='ltr'><strong>sergitutis</strong></span> <span class='ocrx_word' id='word_1_58' title='bbox 1507 928 1696 982; x_wconf 89' lang='lat' dir='ltr'><strong>modus</strong></span> <span class='ocrx_word' id='word_1_59' title='bbox 1726 931 2046 982; x_wconf 80' lang='lat' dir='ltr'><strong>etmstitutus</strong></span> 
     </span>
    </p>
   </div>
   <div class='ocr_carea' id='block_1_9' title="bbox 468 1020 2046 1090">
    <p class='ocr_par' dir='ltr' id='par_1_9' title="bbox 468 1020 2046 1090">
     <span class='ocr_line' id='line_1_9' title="bbox 468 1020 2046 1090; baseline 0 -15"><span class='ocrx_word' id='word_1_60' title='bbox 468 1031 567 1082; x_wconf 84' lang='lat' dir='ltr'><strong>est,</strong></span> <span class='ocrx_word' id='word_1_61' title='bbox 591 1031 648 1074; x_wconf 91' lang='lat' dir='ltr'><strong>ut</strong></span> <span class='ocrx_word' id='word_1_62' title='bbox 674 1022 1005 1090; x_wconf 82' lang='lat' dir='ltr'><strong>evangelium</strong></span> <span class='ocrx_word' id='word_1_63' title='bbox 1034 1021 1334 1076; x_wconf 87' lang='lat' dir='ltr'><strong>anuuntiet.</strong></span> <span class='ocrx_word' id='word_1_64' title='bbox 1353 1020 1482 1075; x_wconf 87' lang='lat' dir='ltr'><strong>Nam</strong></span> <span class='ocrx_word' id='word_1_65' title='bbox 1517 1021 1580 1086; x_wconf 88' lang='lat' dir='ltr'><strong>is,</strong></span> <span class='ocrx_word' id='word_1_66' title='bbox 1608 1023 1690 1074; x_wconf 92' lang='lat' dir='ltr'><strong>cui</strong></span> <span class='ocrx_word' id='word_1_67' title='bbox 1724 1020 1826 1075; x_wconf 90' lang='lat' dir='ltr'><strong>hoc</strong></span> <span class='ocrx_word' id='word_1_68' title='bbox 1856 1037 2046 1075; x_wconf 90' lang='lat' dir='ltr'><strong>nmuus</strong></span> 
     </span>
    </p>
   </div>
   <div class='ocr_carea' id='block_1_10' title="bbox 470 1108 2069 1181">
    <p class='ocr_par' dir='ltr' id='par_1_10' title="bbox 470 1108 2069 1181">
     <span class='ocr_line' id='line_1_10' title="bbox 470 1108 2069 1181; baseline 0 -16"><span class='ocrx_word' id='word_1_69' title='bbox 470 1111 717 1165; x_wconf 89' lang='lat' dir='ltr'><strong>traditum</strong></span> <span class='ocrx_word' id='word_1_70' title='bbox 741 1121 842 1177; x_wconf 89' lang='lat' dir='ltr'><strong>est,</strong></span> <span class='ocrx_word' id='word_1_71' title='bbox 869 1113 1170 1166; x_wconf 89' lang='lat' dir='ltr'><strong>necessario</strong></span> <span class='ocrx_word' id='word_1_72' title='bbox 1191 1112 1352 1166; x_wconf 90' lang='lat' dir='ltr'><strong>debet</strong></span> <span class='ocrx_word' id='word_1_73' title='bbox 1369 1127 1481 1176; x_wconf 87' lang='lat' dir='ltr'><strong>eos,</strong></span> <span class='ocrx_word' id='word_1_74' title='bbox 1511 1112 1598 1181; x_wconf 92' lang='lat' dir='ltr'><strong>qui</strong></span> <span class='ocrx_word' id='word_1_75' title='bbox 1623 1113 1839 1166; x_wconf 85' lang='lat' dir='ltr'><strong>verbum</strong></span> <span class='ocrx_word' id='word_1_76' title='bbox 1869 1108 2069 1166; x_wconf 48' lang='lat' dir='ltr'><strong>sus-ce;</strong></span> 
     </span>
    </p>
   </div>
   <div class='ocr_carea' id='block_1_11' title="bbox 471 1203 2046 1274">
    <p class='ocr_par' dir='ltr' id='par_1_11' title="bbox 471 1203 2046 1274">
     <span class='ocr_line' id='line_1_11' title="bbox 471 1203 2046 1274; baseline 0.002 -18"><span class='ocrx_word' id='word_1_77' title='bbox 471 1203 608 1273; x_wconf 91' lang='lat' dir='ltr'><strong>pturi</strong></span> <span class='ocrx_word' id='word_1_78' title='bbox 636 1212 791 1271; x_wconf 86' lang='lat' dir='ltr'><strong>sunt,</strong></span> <span class='ocrx_word' id='word_1_79' title='bbox 821 1220 1036 1274; x_wconf 86' lang='lat' dir='ltr'><strong>semper</strong></span> <span class='ocrx_word' id='word_1_80' title='bbox 1066 1206 1118 1258; x_wconf 91' lang='lat' dir='ltr'><strong>in</strong></span> <span class='ocrx_word' id='word_1_81' title='bbox 1149 1213 1326 1259; x_wconf 89' lang='lat' dir='ltr'><strong>mente</strong></span> <span class='ocrx_word' id='word_1_82' title='bbox 1355 1204 1574 1260; x_wconf 88' lang='lat' dir='ltr'><strong>habere.</strong></span> <span class='ocrx_word' id='word_1_83' title='bbox 1605 1203 1755 1258; x_wconf 80' lang='lat' dir='ltr'><strong>Aliud</strong></span> <span class='ocrx_word' id='word_1_84' title='bbox 1788 1207 1946 1260; x_wconf 92' lang='lat' dir='ltr'><strong>etiam</strong></span> <span class='ocrx_word' id='word_1_85' title='bbox 1975 1207 2046 1259; x_wconf 88' lang='lat' dir='ltr'><strong>si-</strong></span> 
     </span>
    </p>
   </div>
   <div class='ocr_carea' id='block_1_12' title="bbox 468 1295 2048 1367">
    <p class='ocr_par' dir='ltr' id='par_1_12' title="bbox 468 1295 2048 1367">
     <span class='ocr_line' id='line_1_12' title="bbox 468 1295 2048 1367; baseline 0.003 -19"><span class='ocrx_word' id='word_1_86' title='bbox 468 1295 703 1364; x_wconf 74' lang='lat' dir='ltr'><strong>gnificat,</strong></span> <span class='ocrx_word' id='word_1_87' title='bbox 724 1310 842 1349; x_wconf 89' lang='lat' dir='ltr'><strong>cum</strong></span> <span class='ocrx_word' id='word_1_88' title='bbox 866 1295 993 1352; x_wconf 90' lang='lat' dir='ltr'><strong>dicit</strong></span> <span class='ocrx_word' id='word_1_89' title='bbox 1015 1312 1028 1348; x_wconf 90' lang='lat'><strong>:</strong></span> <span class='ocrx_word' id='word_1_90' title='bbox 1051 1295 1116 1349; x_wconf 82' lang='lat' dir='ltr'><strong>In</strong></span> <span class='ocrx_word' id='word_1_91' title='bbox 1139 1297 1321 1365; x_wconf 77' lang='lat' dir='ltr'><strong>spiritu</strong></span> <span class='ocrx_word' id='word_1_92' title='bbox 1344 1314 1452 1351; x_wconf 87' lang='lat' dir='ltr'><strong>mea</strong></span> <span class='ocrx_word' id='word_1_93' title='bbox 1477 1312 1496 1350; x_wconf 91' lang='lat'><strong><em>:</em></strong></span> <span class='ocrx_word' id='word_1_94' title='bbox 1514 1297 1653 1367; x_wconf 90' lang='lat' dir='ltr'><strong>quod</strong></span> <span class='ocrx_word' id='word_1_95' title='bbox 1676 1313 1865 1367; x_wconf 89' lang='lat' dir='ltr'><strong>nempe</strong></span> <span class='ocrx_word' id='word_1_96' title='bbox 1893 1299 2048 1367; x_wconf 84' lang='lat' dir='ltr'><strong>longe</strong></span> 
     </span>
    </p>
   </div>
   <div class='ocr_carea' id='block_1_13' title="bbox 471 1387 2041 1460">
    <p class='ocr_par' dir='ltr' id='par_1_13' title="bbox 471 1387 2041 1460">
     <span class='ocr_line' id='line_1_13' title="bbox 471 1387 2041 1460; baseline 0.001 -18"><span class='ocrx_word' id='word_1_97' title='bbox 471 1387 752 1442; x_wconf 88' lang='lat' dir='ltr'><strong>sublimior</strong></span> <span class='ocrx_word' id='word_1_98' title='bbox 776 1397 892 1444; x_wconf 88' lang='lat' dir='ltr'><strong>erat</strong></span> <span class='ocrx_word' id='word_1_99' title='bbox 918 1389 1032 1444; x_wconf 76' lang='lat' dir='ltr'><strong>lucc</strong></span> <span class='ocrx_word' id='word_1_100' title='bbox 1058 1390 1244 1460; x_wconf 80' lang='lat' dir='ltr'><strong>religio</strong></span> <span class='ocrx_word' id='word_1_101' title='bbox 1273 1405 1428 1459; x_wconf 88' lang='lat' dir='ltr'><strong>quam</strong></span> <span class='ocrx_word' id='word_1_102' title='bbox 1460 1391 1677 1460; x_wconf 81' lang='lat' dir='ltr'><strong>gentilis</strong></span> <span class='ocrx_word' id='word_1_103' title='bbox 1698 1401 1752 1445; x_wconf 90' lang='lat' dir='ltr'><strong>et</strong></span> <span class='ocrx_word' id='word_1_104' title='bbox 1779 1389 1995 1445; x_wconf 86' lang='lat' dir='ltr'><strong>Judaica</strong></span> <span class='ocrx_word' id='word_1_105' title='bbox 2028 1407 2041 1444; x_wconf 90' lang='lat'>:</span> 
     </span>
    </p>
   </div>
   <div class='ocr_carea' id='block_1_14' title="bbox 470 1482 2043 1552">
    <p class='ocr_par' dir='ltr' id='par_1_14' title="bbox 470 1482 2043 1552">
     <span class='ocr_line' id='line_1_14' title="bbox 470 1482 2043 1552; baseline 0.001 -16"><span class='ocrx_word' id='word_1_106' title='bbox 470 1496 592 1536; x_wconf 90' lang='lat' dir='ltr'><strong>nam</strong></span> <span class='ocrx_word' id='word_1_107' title='bbox 620 1482 833 1552; x_wconf 79' lang='lat' dir='ltr'><strong>gentilis</strong></span> <span class='ocrx_word' id='word_1_108' title='bbox 857 1490 911 1536; x_wconf 90' lang='lat' dir='ltr'><strong>et</strong></span> <span class='ocrx_word' id='word_1_109' title='bbox 939 1498 1163 1538; x_wconf 86' lang='lat' dir='ltr'><strong>erronea</strong></span> <span class='ocrx_word' id='word_1_110' title='bbox 1190 1492 1245 1538; x_wconf 87' lang='lat' dir='ltr'><strong>et</strong></span> <span class='ocrx_word' id='word_1_111' title='bbox 1267 1483 1496 1538; x_wconf 82' lang='lat' dir='ltr'><strong>carnalis</strong></span> <span class='ocrx_word' id='word_1_112' title='bbox 1518 1495 1632 1538; x_wconf 88' lang='lat' dir='ltr'><strong>erat</strong></span> <span class='ocrx_word' id='word_1_113' title='bbox 1651 1524 1666 1550; x_wconf 92' lang='lat'><strong>,</strong></span> <span class='ocrx_word' id='word_1_114' title='bbox 1699 1482 1917 1538; x_wconf 78' lang='lat' dir='ltr'><strong>Judaica</strong></span> <span class='ocrx_word' id='word_1_115' title='bbox 1947 1499 2043 1537; x_wconf 80' lang='lat' dir='ltr'><strong>au-</strong></span> 
     </span>
    </p>
   </div>
   <div class='ocr_carea' id='block_1_15' title="bbox 471 1573 2047 1644">
    <p class='ocr_par' dir='ltr' id='par_1_15' title="bbox 471 1573 2047 1644">
     <span class='ocr_line' id='line_1_15' title="bbox 471 1573 2047 1644; baseline 0.001 -18"><span class='ocrx_word' id='word_1_116' title='bbox 471 1584 580 1629; x_wconf 90' lang='lat' dir='ltr'><strong>tem</strong></span> <span class='ocrx_word' id='word_1_117' title='bbox 611 1590 734 1630; x_wconf 88' lang='lat' dir='ltr'><strong>vera</strong></span> <span class='ocrx_word' id='word_1_118' title='bbox 762 1573 1001 1644; x_wconf 86' lang='lat' dir='ltr'><strong>quidem,</strong></span> <span class='ocrx_word' id='word_1_119' title='bbox 1033 1575 1125 1631; x_wconf 88' lang='lat' dir='ltr'><strong>sed</strong></span> <span class='ocrx_word' id='word_1_120' title='bbox 1151 1575 1381 1630; x_wconf 82' lang='lat' dir='ltr'><strong>carnalis</strong></span> <span class='ocrx_word' id='word_1_121' title='bbox 1407 1585 1462 1630; x_wconf 90' lang='lat' dir='ltr'><strong>et</strong></span> <span class='ocrx_word' id='word_1_122' title='bbox 1487 1575 1600 1644; x_wconf 89' lang='lat' dir='ltr'><strong>ipsa</strong></span> <span class='ocrx_word' id='word_1_123' title='bbox 1627 1583 1772 1638; x_wconf 87' lang='lat' dir='ltr'><strong>erat;</strong></span> <span class='ocrx_word' id='word_1_124' title='bbox 1795 1574 2047 1629; x_wconf 68' lang='lat' dir='ltr'><strong>Ecclesiae</strong></span> 
     </span>
    </p>
   </div>
   <div class='ocr_carea' id='block_1_16' title="bbox 471 1665 2045 1736">
    <p class='ocr_par' dir='ltr' id='par_1_16' title="bbox 471 1665 2045 1736">
     <span class='ocr_line' id='line_1_16' title="bbox 471 1665 2045 1736; baseline 0.001 -18"><span class='ocrx_word' id='word_1_125' title='bbox 471 1678 630 1734; x_wconf 87' lang='lat' dir='ltr'><strong>porro</strong></span> <span class='ocrx_word' id='word_1_126' title='bbox 651 1665 844 1728; x_wconf 93' lang='lat' dir='ltr'><strong>cultus,</strong></span> <span class='ocrx_word' id='word_1_127' title='bbox 869 1666 1052 1736; x_wconf 80' lang='lat' dir='ltr'><strong>gentili</strong></span> <span class='ocrx_word' id='word_1_128' title='bbox 1083 1666 1408 1732; x_wconf 87' lang='lat' dir='ltr'><strong>contrarius,</strong></span> <span class='ocrx_word' id='word_1_129' title='bbox 1436 1665 1658 1721; x_wconf 86' lang='lat' dir='ltr'><strong>Judaieo</strong></span> <span class='ocrx_word' id='word_1_130' title='bbox 1683 1676 1858 1720; x_wconf 90' lang='lat' dir='ltr'><strong>autem</strong></span> <span class='ocrx_word' id='word_1_131' title='bbox 1887 1666 2045 1735; x_wconf 86' lang='lat' dir='ltr'><strong>longe</strong></span> 
     </span>
    </p>
   </div>
   <div class='ocr_carea' id='block_1_17' title="bbox 466 1757 2046 1826">
    <p class='ocr_par' dir='ltr' id='par_1_17' title="bbox 466 1757 2046 1826">
     <span class='ocr_line' id='line_1_17' title="bbox 466 1757 2046 1826; baseline 0.001 -15"><span class='ocrx_word' id='word_1_132' title='bbox 466 1757 746 1813; x_wconf 88' lang='lat' dir='ltr'><strong>sublimior</strong></span> <span class='ocrx_word' id='word_1_133' title='bbox 767 1768 870 1813; x_wconf 88' lang='lat' dir='ltr'><strong>est.</strong></span> <span class='ocrx_word' id='word_1_134' title='bbox 893 1758 1007 1813; x_wconf 86' lang='lat' dir='ltr'><strong>Non</strong></span> <span class='ocrx_word' id='word_1_135' title='bbox 1039 1760 1181 1815; x_wconf 90' lang='lat' dir='ltr'><strong>enim</strong></span> <span class='ocrx_word' id='word_1_136' title='bbox 1207 1775 1354 1826; x_wconf 89' lang='lat' dir='ltr'><strong>oves,</strong></span> <span class='ocrx_word' id='word_1_137' title='bbox 1388 1761 1604 1825; x_wconf 86' lang='lat' dir='ltr'><strong>vitulos,</strong></span> <span class='ocrx_word' id='word_1_138' title='bbox 1636 1759 1842 1813; x_wconf 79' lang='lat' dir='ltr'><strong>fumum</strong></span> <span class='ocrx_word' id='word_1_139' title='bbox 1879 1769 1934 1814; x_wconf 88' lang='lat' dir='ltr'><strong>et</strong></span> <span class='ocrx_word' id='word_1_140' title='bbox 1963 1759 2046 1813; x_wconf 80' lang='lat' dir='ltr'><strong>ni-</strong></span> 
     </span>
    </p>
   </div>
   <div class='ocr_carea' id='block_1_18' title="bbox 469 1850 2046 1922">
    <p class='ocr_par' dir='ltr' id='par_1_18' title="bbox 469 1850 2046 1922">
     <span class='ocr_line' id='line_1_18' title="bbox 469 1850 2046 1922; baseline 0.001 -18"><span class='ocrx_word' id='word_1_141' title='bbox 469 1850 654 1905; x_wconf 90' lang='lat' dir='ltr'><strong>dorem</strong></span> <span class='ocrx_word' id='word_1_142' title='bbox 685 1853 856 1907; x_wconf 92' lang='lat' dir='ltr'><strong>cultus</strong></span> <span class='ocrx_word' id='word_1_143' title='bbox 885 1861 1068 1907; x_wconf 89' lang='lat' dir='ltr'><strong>noster</strong></span> <span class='ocrx_word' id='word_1_144' title='bbox 1104 1853 1340 1914; x_wconf 72' lang='lat' dir='ltr'><strong>adhibet,</strong></span> <span class='ocrx_word' id='word_1_145' title='bbox 1380 1852 1473 1907; x_wconf 85' lang='lat' dir='ltr'><strong>sed</strong></span> <span class='ocrx_word' id='word_1_146' title='bbox 1507 1867 1602 1922; x_wconf 91' lang='lat' dir='ltr'><strong>per</strong></span> <span class='ocrx_word' id='word_1_147' title='bbox 1627 1854 1858 1907; x_wconf 89' lang='lat' dir='ltr'><strong>animam</strong></span> <span class='ocrx_word' id='word_1_148' title='bbox 1889 1853 2046 1922; x_wconf 85' lang='lat' dir='ltr'><strong>spiri-</strong></span> 
     </span>
    </p>
   </div>
   <div class='ocr_carea' id='block_1_19' title="bbox 470 1943 2044 2016">
    <p class='ocr_par' dir='ltr' id='par_1_19' title="bbox 470 1943 2044 2016">
     <span class='ocr_line' id='line_1_19' title="bbox 470 1943 2044 2016; baseline 0.002 -20"><span class='ocrx_word' id='word_1_149' title='bbox 470 1943 666 1998; x_wconf 89' lang='lat' dir='ltr'><strong>tualem</strong></span> <span class='ocrx_word' id='word_1_150' title='bbox 695 1945 752 1998; x_wconf 86' lang='lat' dir='ltr'><strong>ﬁt</strong></span> <span class='ocrx_word' id='word_1_151' title='bbox 769 1962 783 2000; x_wconf 90' lang='lat'><strong><em>:</em></strong></span> <span class='ocrx_word' id='word_1_152' title='bbox 809 1945 946 2014; x_wconf 91' lang='lat' dir='ltr'><strong>quod</strong></span> <span class='ocrx_word' id='word_1_153' title='bbox 965 1945 1256 2000; x_wconf 89' lang='lat' dir='ltr'><strong>ostendens</strong></span> <span class='ocrx_word' id='word_1_154' title='bbox 1274 1945 1519 2000; x_wconf 85' lang='lat' dir='ltr'><strong>Christus</strong></span> <span class='ocrx_word' id='word_1_155' title='bbox 1536 1946 1748 2000; x_wconf 87' lang='lat' dir='ltr'><strong>dicebat</strong></span> <span class='ocrx_word' id='word_1_156' title='bbox 1775 1963 1788 2000; x_wconf 91' lang='lat'>:</span> <span class='ocrx_word' id='word_1_157' title='bbox 1821 1945 2044 2016; x_wconf 82' lang='lat' dir='ltr'><strong>Spiritus</strong></span> 
     </span>
    </p>
   </div>
   <div class='ocr_carea' id='block_1_20' title="bbox 466 2037 2045 2111">
    <p class='ocr_par' dir='ltr' id='par_1_20' title="bbox 466 2037 2045 2111">
     <span class='ocr_line' id='line_1_20' title="bbox 466 2037 2045 2111; baseline 0.001 -19"><span class='ocrx_word' id='word_1_158' title='bbox 466 2047 539 2092; x_wconf 78' lang='lat' dir='ltr'><strong>est</strong></span> <span class='ocrx_word' id='word_1_159' title='bbox 571 2037 724 2105; x_wconf 76' lang='lat' dir='ltr'><strong>Deus,</strong></span> <span class='ocrx_word' id='word_1_160' title='bbox 754 2049 799 2092; x_wconf 86' lang='lat' dir='ltr'><strong>et</strong></span> <span class='ocrx_word' id='word_1_161' title='bbox 817 2056 899 2093; x_wconf 87' lang='lat' dir='ltr'><strong>eos</strong></span> <span class='ocrx_word' id='word_1_162' title='bbox 925 2041 1012 2111; x_wconf 87' lang='lat' dir='ltr'><strong>qui</strong></span> <span class='ocrx_word' id='word_1_163' title='bbox 1040 2040 1186 2094; x_wconf 87' lang='lat' dir='ltr'><strong>illum</strong></span> <span class='ocrx_word' id='word_1_164' title='bbox 1206 2041 1443 2106; x_wconf 84' lang='lat' dir='ltr'><strong>adorant,</strong></span> <span class='ocrx_word' id='word_1_165' title='bbox 1472 2042 1522 2093; x_wconf 88' lang='lat' dir='ltr'><strong>in</strong></span> <span class='ocrx_word' id='word_1_166' title='bbox 1551 2041 1733 2107; x_wconf 78' lang='lat' dir='ltr'><strong>spiritu</strong></span> <span class='ocrx_word' id='word_1_167' title='bbox 1764 2048 1809 2094; x_wconf 87' lang='lat' dir='ltr'><strong>et</strong></span> <span class='ocrx_word' id='word_1_168' title='bbox 1837 2041 2045 2093; x_wconf 84' lang='lat' dir='ltr'><strong>veritate</strong></span> 
     </span>
    </p>
   </div>
   <div class='ocr_carea' id='block_1_21' title="bbox 467 2128 2036 2202">
    <p class='ocr_par' dir='ltr' id='par_1_21' title="bbox 467 2128 2036 2202">
     <span class='ocr_line' id='line_1_21' title="bbox 467 2128 2036 2202; baseline 0.003 -23"><span class='ocrx_word' id='word_1_169' title='bbox 467 2128 685 2182; x_wconf 84' lang='lat' dir='ltr'><strong>adorare</strong></span> <span class='ocrx_word' id='word_1_170' title='bbox 709 2140 904 2197; x_wconf 83' lang='lat' dir='ltr'><strong>oportet</strong></span> <span class='ocrx_word' id='word_1_171' title='bbox 929 2131 947 2202; x_wconf 92' lang='lat'>(</span> <span class='ocrx_word' id='word_1_172' title='bbox 963 2130 1119 2186; x_wconf 87' lang='lat' dir='ltr'><strong>Joan.</strong></span> <span class='ocrx_word' id='word_1_173' title='bbox 1153 2132 1204 2185; x_wconf 73' lang='grc'><strong>4.</strong></span> <span class='ocrx_word' id='word_1_174' title='bbox 1229 2130 1353 2199; x_wconf 72' lang='grc'><strong>24).</strong></span> <span class='ocrx_word' id='word_1_175' title='bbox 1382 2131 1449 2184; x_wconf 87' lang='lat' dir='ltr'><strong>In</strong></span> <span class='ocrx_word' id='word_1_176' title='bbox 1479 2132 1735 2201; x_wconf 83' lang='lat' dir='ltr'><strong>evangelio</strong></span> <span class='ocrx_word' id='word_1_177' title='bbox 1765 2130 1888 2186; x_wconf 84' lang='lat' dir='ltr'><strong>Filii</strong></span> <span class='ocrx_word' id='word_1_178' title='bbox 1910 2133 2036 2197; x_wconf 74' lang='lat' dir='ltr'><strong>eius.</strong></span> 
     </span>
    </p>
   </div>
   <div class='ocr_carea' id='block_1_22' title="bbox 465 2221 2041 2295">
    <p class='ocr_par' dir='ltr' id='par_1_22' title="bbox 465 2221 2041 2295">
     <span class='ocr_line' id='line_1_22' title="bbox 465 2221 2041 2295; baseline 0.006 -23"><span class='ocrx_word' id='word_1_179' title='bbox 465 2221 597 2275; x_wconf 84' lang='lat' dir='ltr'><strong>Cum</strong></span> <span class='ocrx_word' id='word_1_180' title='bbox 629 2225 876 2294; x_wconf 89' lang='lat' dir='ltr'><strong>superius</strong></span> <span class='ocrx_word' id='word_1_181' title='bbox 920 2225 1144 2279; x_wconf 84' lang='lat' dir='ltr'><strong>dixisset</strong></span> <span class='ocrx_word' id='word_1_182' title='bbox 1188 2225 1517 2295; x_wconf 79' lang='lat' dir='ltr'><strong>evangelium</strong></span> <span class='ocrx_word' id='word_1_183' title='bbox 1561 2224 1732 2278; x_wconf 79' lang='lat' dir='ltr'><strong>Patris</strong></span> <span class='ocrx_word' id='word_1_184' title='bbox 1760 2239 1913 2286; x_wconf 85' lang='lat' dir='ltr'><strong>esse,</strong></span> <span class='ocrx_word' id='word_1_185' title='bbox 1951 2225 2041 2282; x_wconf 87' lang='lat' dir='ltr'><strong>hic</strong></span> 
     </span>
    </p>
   </div>
   <div class='ocr_carea' id='block_1_23' title="bbox 467 2312 2047 2370">
    <p class='ocr_par' dir='ltr' id='par_1_23' title="bbox 467 2312 2047 2370">
     <span class='ocr_line' id='line_1_23' title="bbox 467 2312 2047 2370; baseline 0.001 -4"><span class='ocrx_word' id='word_1_186' title='bbox 467 2312 588 2366; x_wconf 81' lang='lat' dir='ltr'><strong>Filii</strong></span> <span class='ocrx_word' id='word_1_187' title='bbox 616 2329 736 2369; x_wconf 78' lang='lat' dir='ltr'><strong>esse</strong></span> <span class='ocrx_word' id='word_1_188' title='bbox 765 2315 894 2369; x_wconf 91' lang='lat' dir='ltr'><strong>dicit</strong></span> <span class='ocrx_word' id='word_1_189' title='bbox 938 2334 951 2370; x_wconf 89' lang='lat'>:</span> <span class='ocrx_word' id='word_1_190' title='bbox 993 2317 1064 2370; x_wconf 89' lang='lat' dir='ltr'><strong>ita</strong></span> <span class='ocrx_word' id='word_1_191' title='bbox 1097 2315 1461 2370; x_wconf 72' lang='lat' dir='ltr'><strong>indiﬂercnter</strong></span> <span class='ocrx_word' id='word_1_192' title='bbox 1489 2316 1662 2370; x_wconf 89' lang='lat' dir='ltr'><strong>Patris</strong></span> <span class='ocrx_word' id='word_1_193' title='bbox 1684 2323 1738 2370; x_wconf 91' lang='lat' dir='ltr'><strong>et</strong></span> <span class='ocrx_word' id='word_1_194' title='bbox 1768 2314 1882 2368; x_wconf 85' lang='lat' dir='ltr'><strong>Filii</strong></span> <span class='ocrx_word' id='word_1_195' title='bbox 1911 2315 2047 2370; x_wconf 74' lang='lat' dir='ltr'><strong>dtci-</strong></span> 
     </span>
    </p>
   </div>
   <div class='ocr_carea' id='block_1_24' title="bbox 465 2405 2041 2477">
    <p class='ocr_par' dir='ltr' id='par_1_24' title="bbox 465 2405 2041 2477">
     <span class='ocr_line' id='line_1_24' title="bbox 465 2405 2041 2477; baseline 0.004 -22"><span class='ocrx_word' id='word_1_196' title='bbox 465 2413 571 2456; x_wconf 89' lang='lat' dir='ltr'><strong>tur.</strong></span> <span class='ocrx_word' id='word_1_197' title='bbox 613 2405 834 2460; x_wconf 83' lang='lat' dir='ltr'><strong>Edidicit</strong></span> <span class='ocrx_word' id='word_1_198' title='bbox 861 2408 1002 2461; x_wconf 90' lang='lat' dir='ltr'><strong>enim</strong></span> <span class='ocrx_word' id='word_1_199' title='bbox 1039 2423 1067 2461; x_wconf 89' lang='lat' dir='ltr'><strong>a</strong></span> <span class='ocrx_word' id='word_1_200' title='bbox 1099 2407 1248 2461; x_wconf 90' lang='lat' dir='ltr'><strong>beata</strong></span> <span class='ocrx_word' id='word_1_201' title='bbox 1277 2408 1361 2461; x_wconf 90' lang='lat' dir='ltr'><strong>illa</strong></span> <span class='ocrx_word' id='word_1_202' title='bbox 1387 2423 1531 2471; x_wconf 88' lang='lat' dir='ltr'><strong>voce,</strong></span> <span class='ocrx_word' id='word_1_203' title='bbox 1560 2423 1679 2477; x_wconf 57' lang='lat' dir='ltr'><strong>quas</strong></span> <span class='ocrx_word' id='word_1_204' title='bbox 1715 2408 1890 2462; x_wconf 86' lang='lat' dir='ltr'><strong>Patris</strong></span> <span class='ocrx_word' id='word_1_205' title='bbox 1913 2415 2041 2462; x_wconf 84' lang='lat' dir='ltr'><strong>sunt</strong></span> 
     </span>
    </p>
   </div>
   <div class='ocr_carea' id='block_1_25' title="bbox 465 2494 2042 2566">
    <p class='ocr_par' dir='ltr' id='par_1_25' title="bbox 465 2494 2042 2566">
     <span class='ocr_line' id='line_1_25' title="bbox 465 2494 2042 2566; baseline 0.003 -18"><span class='ocrx_word' id='word_1_206' title='bbox 465 2494 583 2548; x_wconf 86' lang='lat' dir='ltr'><strong>Filii</strong></span> <span class='ocrx_word' id='word_1_207' title='bbox 625 2511 763 2556; x_wconf 90' lang='lat' dir='ltr'><strong>esse,</strong></span> <span class='ocrx_word' id='word_1_208' title='bbox 794 2506 848 2551; x_wconf 90' lang='lat' dir='ltr'><strong>et</strong></span> <span class='ocrx_word' id='word_1_209' title='bbox 884 2515 1002 2566; x_wconf 64' lang='lat' dir='ltr'><strong>qua:</strong></span> <span class='ocrx_word' id='word_1_210' title='bbox 1030 2499 1150 2552; x_wconf 87' lang='lat' dir='ltr'><strong>Filii</strong></span> <span class='ocrx_word' id='word_1_211' title='bbox 1181 2499 1304 2553; x_wconf 90' lang='lat' dir='ltr'><strong>item</strong></span> <span class='ocrx_word' id='word_1_212' title='bbox 1335 2499 1526 2554; x_wconf 86' lang='lat' dir='ltr'><strong>Patris.</strong></span> <span class='ocrx_word' id='word_1_213' title='bbox 1560 2498 1743 2554; x_wconf 84' lang='lat' dir='ltr'><strong>Omnia</strong></span> <span class='ocrx_word' id='word_1_214' title='bbox 1779 2500 1928 2564; x_wconf 85' lang='lat' dir='ltr'><strong>enim,</strong></span> <span class='ocrx_word' id='word_1_215' title='bbox 1962 2501 2042 2553; x_wconf 88' lang='lat' dir='ltr'><strong>iu-</strong></span> 
     </span>
    </p>
   </div>
   <div class='ocr_carea' id='block_1_26' title="bbox 464 2588 2040 2661">
    <p class='ocr_par' dir='ltr' id='par_1_26' title="bbox 464 2588 2040 2661">
     <span class='ocr_line' id='line_1_26' title="bbox 464 2588 2040 2661; baseline 0.006 -24"><span class='ocrx_word' id='word_1_216' title='bbox 464 2588 598 2653; x_wconf 85' lang='lat' dir='ltr'><strong>quit,</strong></span> <span class='ocrx_word' id='word_1_217' title='bbox 632 2597 718 2640; x_wconf 85' lang='lat' dir='ltr'><strong>tua</strong></span> <span class='ocrx_word' id='word_1_218' title='bbox 746 2605 853 2641; x_wconf 78' lang='lat' dir='ltr'><strong>mea</strong></span> <span class='ocrx_word' id='word_1_219' title='bbox 883 2599 1019 2653; x_wconf 86' lang='lat' dir='ltr'><strong>sunt,</strong></span> <span class='ocrx_word' id='word_1_220' title='bbox 1047 2602 1095 2644; x_wconf 89' lang='lat' dir='ltr'><strong>et</strong></span> <span class='ocrx_word' id='word_1_221' title='bbox 1123 2607 1231 2644; x_wconf 90' lang='lat' dir='ltr'><strong>mea</strong></span> <span class='ocrx_word' id='word_1_222' title='bbox 1255 2601 1339 2644; x_wconf 82' lang='lat' dir='ltr'><strong>tua</strong></span> <span class='ocrx_word' id='word_1_223' title='bbox 1364 2599 1481 2645; x_wconf 83' lang='lat' dir='ltr'><strong>sunt</strong></span> <span class='ocrx_word' id='word_1_224' title='bbox 1506 2589 1681 2661; x_wconf 82' lang='lat' dir='ltr'><strong>(Joan.</strong></span> <span class='ocrx_word' id='word_1_225' title='bbox 1711 2592 1798 2645; x_wconf 77' lang='grc'><strong>17.</strong></span> <span class='ocrx_word' id='word_1_226' title='bbox 1830 2591 1939 2661; x_wconf 80' lang='grc'><strong>10).</strong></span> <span class='ocrx_word' id='word_1_227' title='bbox 1973 2590 2040 2646; x_wconf 89' lang='lat' dir='ltr'><strong>Ut</strong></span> 
     </span>
    </p>
   </div>
   <div class='ocr_carea' id='block_1_27' title="bbox 463 2678 2040 2753">
    <p class='ocr_par' dir='ltr' id='par_1_27' title="bbox 463 2678 2040 2753">
     <span class='ocr_line' id='line_1_27' title="bbox 463 2678 2040 2753; baseline 0.005 -23"><span class='ocrx_word' id='word_1_228' title='bbox 463 2678 798 2734; x_wconf 80' lang='lat' dir='ltr'><strong>indesinenter</strong></span> <span class='ocrx_word' id='word_1_229' title='bbox 829 2683 1122 2735; x_wconf 87' lang='lat' dir='ltr'><strong>memoriam</strong></span> <span class='ocrx_word' id='word_1_230' title='bbox 1163 2684 1315 2736; x_wconf 77' lang='lat' dir='ltr'><strong>vestri</strong></span> <span class='ocrx_word' id='word_1_231' title='bbox 1351 2683 1539 2752; x_wconf 81' lang='lat' dir='ltr'><strong>faciam</strong></span> <span class='ocrx_word' id='word_1_232' title='bbox 1571 2685 1625 2736; x_wconf 83' lang='lat' dir='ltr'><strong>in</strong></span> <span class='ocrx_word' id='word_1_233' title='bbox 1653 2685 1884 2753; x_wconf 81' lang='lat' dir='ltr'><strong>precibus</strong></span> <span class='ocrx_word' id='word_1_234' title='bbox 1919 2685 2040 2738; x_wconf 86' lang='lat' dir='ltr'><strong>meis</strong></span> 
     </span>
    </p>
   </div>
   <div class='ocr_carea' id='block_1_28' title="bbox 462 2769 2042 2843">
    <p class='ocr_par' dir='ltr' id='par_1_28' title="bbox 462 2769 2042 2843">
     <span class='ocr_line' id='line_1_28' title="bbox 462 2769 2042 2843; baseline 0.006 -20"><span class='ocrx_word' id='word_1_235' title='bbox 462 2769 650 2839; x_wconf 84' lang='lat' dir='ltr'><strong>(Ibid.</strong></span> <span class='ocrx_word' id='word_1_236' title='bbox 685 2773 728 2843; x_wconf 92' lang='lat'><strong>).</strong></span> <span class='ocrx_word' id='word_1_237' title='bbox 781 2773 892 2829; x_wconf 84' lang='lat' dir='ltr'><strong>Hoc</strong></span> <span class='ocrx_word' id='word_1_238' title='bbox 940 2791 1206 2839; x_wconf 74' lang='lat' dir='ltr'><strong>germana:</strong></span> <span class='ocrx_word' id='word_1_239' title='bbox 1267 2775 1502 2833; x_wconf 85' lang='lat' dir='ltr'><strong>caritatis</strong></span> <span class='ocrx_word' id='word_1_240' title='bbox 1552 2785 1654 2830; x_wconf 92' lang='lat' dir='ltr'><strong>est.</strong></span> <span class='ocrx_word' id='word_1_241' title='bbox 1714 2777 1781 2831; x_wconf 86' lang='lat' dir='ltr'><strong>Et</strong></span> <span class='ocrx_word' id='word_1_242' title='bbox 1833 2776 2042 2832; x_wconf 87' lang='lat' dir='ltr'><strong>videtur</strong></span> 
     </span>
    </p>
   </div>
   <div class='ocr_carea' id='block_1_29' title="bbox 460 2865 2027 2940">
    <p class='ocr_par' dir='ltr' id='par_1_29' title="bbox 460 2865 2027 2940">
     <span class='ocr_line' id='line_1_29' title="bbox 460 2865 2027 2940; baseline 0.006 -24"><span class='ocrx_word' id='word_1_243' title='bbox 460 2865 672 2933; x_wconf 84' lang='lat' dir='ltr'><strong>quidem</strong></span> <span class='ocrx_word' id='word_1_244' title='bbox 709 2883 868 2920; x_wconf 90' lang='lat' dir='ltr'><strong>unum</strong></span> <span class='ocrx_word' id='word_1_245' title='bbox 898 2868 1097 2929; x_wconf 85' lang='lat' dir='ltr'><strong>dicere.</strong></span> <span class='ocrx_word' id='word_1_246' title='bbox 1130 2869 1253 2922; x_wconf 92' lang='lat' dir='ltr'><strong>dum</strong></span> <span class='ocrx_word' id='word_1_247' title='bbox 1279 2881 1505 2940; x_wconf 86' lang='lat' dir='ltr'><strong>quatuor</strong></span> <span class='ocrx_word' id='word_1_248' title='bbox 1534 2870 1682 2939; x_wconf 89' lang='lat' dir='ltr'><strong>ponit</strong></span> <span class='ocrx_word' id='word_1_249' title='bbox 1715 2889 1728 2925; x_wconf 89' lang='lat'><strong>:</strong></span> <span class='ocrx_word' id='word_1_250' title='bbox 1759 2869 1898 2939; x_wconf 90' lang='lat' dir='ltr'><strong>quod</strong></span> <span class='ocrx_word' id='word_1_251' title='bbox 1924 2886 2027 2926; x_wconf 88' lang='lat' dir='ltr'><strong>tne-</strong></span> 
     </span>
    </p>
   </div>
   <div class='ocr_carea' id='block_1_30' title="bbox 461 2960 2040 3033">
    <p class='ocr_par' dir='ltr' id='par_1_30' title="bbox 461 2960 2040 3033">
     <span class='ocr_line' id='line_1_30' title="bbox 461 2960 2040 3033; baseline 0.004 -21"><span class='ocrx_word' id='word_1_252' title='bbox 461 2974 580 3012; x_wconf 88' lang='lat' dir='ltr'><strong>mor</strong></span> <span class='ocrx_word' id='word_1_253' title='bbox 609 2960 695 3014; x_wconf 86' lang='lat' dir='ltr'><strong>sit.</strong></span> <span class='ocrx_word' id='word_1_254' title='bbox 730 2960 872 3029; x_wconf 90' lang='lat' dir='ltr'><strong>quod</strong></span> <span class='ocrx_word' id='word_1_255' title='bbox 905 2961 1288 3026; x_wconf 84' lang='lat' dir='ltr'><strong>indesinenter,</strong></span> <span class='ocrx_word' id='word_1_256' title='bbox 1320 2962 1462 3033; x_wconf 88' lang='lat' dir='ltr'><strong>quod</strong></span> <span class='ocrx_word' id='word_1_257' title='bbox 1495 2964 1546 3016; x_wconf 92' lang='lat' dir='ltr'><strong>in</strong></span> <span class='ocrx_word' id='word_1_258' title='bbox 1584 2963 1849 3031; x_wconf 84' lang='lat' dir='ltr'><strong>precibus,</strong></span> <span class='ocrx_word' id='word_1_259' title='bbox 1872 2962 2040 3033; x_wconf 83' lang='lat' dir='ltr'><strong>quod-</strong></span> 
     </span>
    </p>
   </div>
   <div class='ocr_carea' id='block_1_31' title="bbox 461 3053 2037 3124">
    <p class='ocr_par' dir='ltr' id='par_1_31' title="bbox 461 3053 2037 3124">
     <span class='ocr_line' id='line_1_31' title="bbox 461 3053 2037 3124; baseline 0.003 -20"><span class='ocrx_word' id='word_1_260' title='bbox 461 3067 564 3121; x_wconf 93' lang='lat' dir='ltr'><strong>que</strong></span> <span class='ocrx_word' id='word_1_261' title='bbox 604 3068 698 3120; x_wconf 85' lang='lat' dir='ltr'><strong>pro</strong></span> <span class='ocrx_word' id='word_1_262' title='bbox 731 3053 934 3123; x_wconf 82' lang='lat' dir='ltr'><strong>magnis</strong></span> <span class='ocrx_word' id='word_1_263' title='bbox 965 3057 1122 3109; x_wconf 76' lang='lat' dir='ltr'><strong>rebus</strong></span> <span class='ocrx_word' id='word_1_264' title='bbox 1151 3067 1420 3124; x_wconf 85' lang='lat' dir='ltr'><strong>precetur.</strong></span> <span class='ocrx_word' id='word_1_265' title='bbox 1525 3054 1612 3109; x_wconf 64' lang='lat' dir='ltr'><strong>&#39;l0.</strong></span> <span class='ocrx_word' id='word_1_266' title='bbox 1647 3055 1814 3108; x_wconf 84' lang='lat' dir='ltr'><strong>Orans</strong></span> <span class='ocrx_word' id='word_1_267' title='bbox 1856 3055 1902 3108; x_wconf 80' lang='lat' dir='ltr'><strong>si</strong></span> <span class='ocrx_word' id='word_1_268' title='bbox 1939 3071 2037 3124; x_wconf 86' lang='lat' dir='ltr'><strong>quo</strong></span> 
     </span>
    </p>
   </div>
   <div class='ocr_carea' id='block_1_32' title="bbox 459 3144 2040 3216">
    <p class='ocr_par' dir='ltr' id='par_1_32' title="bbox 459 3144 2040 3216">
     <span class='ocr_line' id='line_1_32' title="bbox 459 3144 2040 3216; baseline 0.003 -21"><span class='ocrx_word' id='word_1_269' title='bbox 459 3144 610 3197; x_wconf 85' lang='lat' dir='ltr'><strong>modo</strong></span> <span class='ocrx_word' id='word_1_270' title='bbox 640 3145 918 3214; x_wconf 75' lang='lat' dir='ltr'><strong>aliquando</strong></span> <span class='ocrx_word' id='word_1_271' title='bbox 959 3163 1199 3216; x_wconf 79' lang='lat' dir='ltr'><strong>prospere</strong></span> <span class='ocrx_word' id='word_1_272' title='bbox 1234 3147 1441 3215; x_wconf 83' lang='lat' dir='ltr'><strong>possim,</strong></span> <span class='ocrx_word' id='word_1_273' title='bbox 1470 3146 1662 3198; x_wconf 86' lang='lat' dir='ltr'><strong>volente</strong></span> <span class='ocrx_word' id='word_1_274' title='bbox 1703 3144 1809 3198; x_wconf 80' lang='lat' dir='ltr'><strong>Deo</strong></span> <span class='ocrx_word' id='word_1_275' title='bbox 1829 3187 1842 3208; x_wconf 94' lang='lat'><strong>,</strong></span> <span class='ocrx_word' id='word_1_276' title='bbox 1871 3146 2040 3200; x_wconf 82' lang='lat' dir='ltr'><strong>venire</strong></span> 
     </span>
    </p>
   </div>
   <div class='ocr_carea' id='block_1_33' title="bbox 459 3234 2037 3290">
    <p class='ocr_par' dir='ltr' id='par_1_33' title="bbox 459 3234 2037 3290">
     <span class='ocr_line' id='line_1_33' title="bbox 459 3234 2037 3290; baseline 0.003 -4"><span class='ocrx_word' id='word_1_277' title='bbox 459 3234 527 3287; x_wconf 86' lang='lat' dir='ltr'><strong>ad</strong></span> <span class='ocrx_word' id='word_1_278' title='bbox 556 3251 660 3288; x_wconf 83' lang='lat' dir='ltr'><strong>vos.</strong></span> <span class='ocrx_word' id='word_1_279' title='bbox 714 3237 794 3289; x_wconf 83' lang='lat' dir='ltr'><strong>ll.</strong></span> <span class='ocrx_word' id='word_1_280' title='bbox 833 3235 1076 3290; x_wconf 81' lang='lat' dir='ltr'><strong>Desidero</strong></span> <span class='ocrx_word' id='word_1_281' title='bbox 1109 3237 1240 3290; x_wconf 87' lang='lat' dir='ltr'><strong>enim</strong></span> <span class='ocrx_word' id='word_1_282' title='bbox 1272 3235 1438 3289; x_wconf 79' lang='lat' dir='ltr'><strong>videre</strong></span> <span class='ocrx_word' id='word_1_283' title='bbox 1466 3252 1570 3289; x_wconf 82' lang='lat' dir='ltr'><strong>vos.</strong></span> <span class='ocrx_word' id='word_1_284' title='bbox 1619 3235 1805 3290; x_wconf 88' lang='lat' dir='ltr'><strong>Videu&#39;</strong></span> <span class='ocrx_word' id='word_1_285' title='bbox 1832 3250 2037 3290; x_wconf 87' lang='lat' dir='ltr'><strong>summe</strong></span> 
     </span>
    </p>
   </div>
   <div class='ocr_carea' id='block_1_34' title="bbox 459 3327 2048 3396">
    <p class='ocr_par' dir='ltr' id='par_1_34' title="bbox 459 3327 2048 3396">
     <span class='ocr_line' id='line_1_34' title="bbox 459 3327 2048 3396; baseline 0.003 -18"><span class='ocrx_word' id='word_1_286' title='bbox 459 3336 728 3393; x_wconf 81' lang='lat' dir='ltr'><strong>aptantem</strong></span> <span class='ocrx_word' id='word_1_287' title='bbox 775 3327 894 3382; x_wconf 83' lang='lat' dir='ltr'><strong>illos</strong></span> <span class='ocrx_word' id='word_1_288' title='bbox 925 3328 1142 3392; x_wconf 89' lang='lat' dir='ltr'><strong>videre,</strong></span> <span class='ocrx_word' id='word_1_289' title='bbox 1194 3343 1365 3396; x_wconf 90' lang='lat' dir='ltr'><strong>neque</strong></span> <span class='ocrx_word' id='word_1_290' title='bbox 1404 3328 1454 3380; x_wconf 93' lang='lat' dir='ltr'><strong>id</strong></span> <span class='ocrx_word' id='word_1_291' title='bbox 1497 3327 1670 3382; x_wconf 78' lang='lat' dir='ltr'><strong>facere</strong></span> <span class='ocrx_word' id='word_1_292' title='bbox 1709 3337 1901 3396; x_wconf 78' lang='lat' dir='ltr'><strong>praeter</strong></span> <span class='ocrx_word' id='word_1_293' title='bbox 1943 3329 2048 3383; x_wconf 88' lang='lat' dir='ltr'><strong>Dei.</strong></span> 
     </span>
    </p>
   </div>
   <div class='ocr_carea' id='block_1_35' title="bbox 462 3417 2035 3484">
    <p class='ocr_par' dir='ltr' id='par_1_35' title="bbox 462 3417 2035 3484">
     <span class='ocr_line' id='line_1_35' title="bbox 462 3417 2035 3484; baseline 0.002 -14"><span class='ocrx_word' id='word_1_294' title='bbox 462 3417 716 3484; x_wconf 84' lang='lat' dir='ltr'><strong>placitum</strong></span> <span class='ocrx_word' id='word_1_295' title='bbox 747 3419 1034 3482; x_wconf 79' lang='lat' dir='ltr'><strong>volentem,</strong></span> <span class='ocrx_word' id='word_1_296' title='bbox 1067 3417 1157 3473; x_wconf 90' lang='lat' dir='ltr'><strong>sed</strong></span> <span class='ocrx_word' id='word_1_297' title='bbox 1188 3433 1425 3472; x_wconf 88' lang='lat' dir='ltr'><strong>amorem</strong></span> <span class='ocrx_word' id='word_1_298' title='bbox 1459 3419 1550 3472; x_wconf 91' lang='lat' dir='ltr'><strong>Dei</strong></span> <span class='ocrx_word' id='word_1_299' title='bbox 1595 3419 1784 3472; x_wconf 82' lang='lat' dir='ltr'><strong>timore</strong></span> <span class='ocrx_word' id='word_1_300' title='bbox 1815 3419 2035 3473; x_wconf 80' lang='lat' dir='ltr'><strong>mixtum</strong></span> 
     </span>
    </p>
   </div>
   <div class='ocr_carea' id='block_1_36' title="bbox 458 3509 2034 3579">
    <p class='ocr_par' dir='ltr' id='par_1_36' title="bbox 458 3509 2034 3579">
     <span class='ocr_line' id='line_1_36' title="bbox 458 3509 2034 3579; baseline 0.004 -21"><span class='ocrx_word' id='word_1_301' title='bbox 458 3519 732 3576; x_wconf 73' lang='lat' dir='ltr'><strong>gerentem</strong></span> <span class='ocrx_word' id='word_1_302' title='bbox 756 3509 780 3562; x_wconf 86' lang='lat'><strong>?</strong></span> <span class='ocrx_word' id='word_1_303' title='bbox 805 3509 1031 3564; x_wconf 83' lang='lat' dir='ltr'><strong>Amabat</strong></span> <span class='ocrx_word' id='word_1_304' title='bbox 1053 3511 1248 3579; x_wconf 90' lang='lat' dir='ltr'><strong>quippe</strong></span> <span class='ocrx_word' id='word_1_305' title='bbox 1275 3510 1391 3563; x_wconf 89' lang='lat' dir='ltr'><strong>illos</strong></span> <span class='ocrx_word' id='word_1_306' title='bbox 1414 3520 1467 3564; x_wconf 92' lang='lat' dir='ltr'><strong>et</strong></span> <span class='ocrx_word' id='word_1_307' title='bbox 1487 3511 1551 3564; x_wconf 82' lang='lat' dir='ltr'><strong>ad</strong></span> <span class='ocrx_word' id='word_1_308' title='bbox 1576 3510 1691 3563; x_wconf 88' lang='lat' dir='ltr'><strong>illos</strong></span> <span class='ocrx_word' id='word_1_309' title='bbox 1715 3510 1994 3564; x_wconf 80' lang='lat' dir='ltr'><strong>festinabat</strong></span> <span class='ocrx_word' id='word_1_310' title='bbox 2016 3527 2034 3579; x_wconf 90' lang='lat'><strong>;</strong></span> 
     </span>
    </p>
   </div>
   <div class='ocr_carea' id='block_1_37' title="bbox 460 3600 2039 3670">
    <p class='ocr_par' dir='ltr' id='par_1_37' title="bbox 460 3600 2039 3670">
     <span class='ocr_line' id='line_1_37' title="bbox 460 3600 2039 3670; baseline 0.002 -16"><span class='ocrx_word' id='word_1_311' title='bbox 460 3602 553 3654; x_wconf 86' lang='lat' dir='ltr'><strong>sed</strong></span> <span class='ocrx_word' id='word_1_312' title='bbox 582 3600 704 3656; x_wconf 88' lang='lat' dir='ltr'><strong>licet</strong></span> <span class='ocrx_word' id='word_1_313' title='bbox 729 3609 954 3664; x_wconf 88' lang='lat' dir='ltr'><strong>amaret,</strong></span> <span class='ocrx_word' id='word_1_314' title='bbox 983 3616 1086 3655; x_wconf 92' lang='lat' dir='ltr'><strong>non</strong></span> <span class='ocrx_word' id='word_1_315' title='bbox 1115 3609 1307 3670; x_wconf 64' lang='lat' dir='ltr'><strong>praeter</strong></span> <span class='ocrx_word' id='word_1_316' title='bbox 1345 3601 1435 3654; x_wconf 90' lang='lat' dir='ltr'><strong>Dei</strong></span> <span class='ocrx_word' id='word_1_317' title='bbox 1465 3601 1713 3670; x_wconf 87' lang='lat' dir='ltr'><strong>placitum</strong></span> <span class='ocrx_word' id='word_1_318' title='bbox 1743 3602 1922 3656; x_wconf 87' lang='lat' dir='ltr'><strong>videre</strong></span> <span class='ocrx_word' id='word_1_319' title='bbox 1944 3616 2039 3657; x_wconf 84' lang='lat' dir='ltr'><strong>cu-</strong></span> 
     </span>
    </p>
   </div>
   <div class='ocr_carea' id='block_1_38' title="bbox 461 3690 2037 3765">
    <p class='ocr_par' dir='ltr' id='par_1_38' title="bbox 461 3690 2037 3765">
     <span class='ocr_line' id='line_1_38' title="bbox 461 3690 2037 3765; baseline 0.006 -25"><span class='ocrx_word' id='word_1_320' title='bbox 461 3690 660 3760; x_wconf 87' lang='lat' dir='ltr'><strong>piebat.</strong></span> <span class='ocrx_word' id='word_1_321' title='bbox 698 3691 822 3745; x_wconf 75' lang='lat' dir='ltr'><strong>Hzec</strong></span> <span class='ocrx_word' id='word_1_322' title='bbox 844 3700 926 3745; x_wconf 90' lang='lat' dir='ltr'><strong>cst</strong></span> <span class='ocrx_word' id='word_1_323' title='bbox 949 3706 1198 3761; x_wconf 86' lang='lat' dir='ltr'><strong>germana</strong></span> <span class='ocrx_word' id='word_1_324' title='bbox 1238 3692 1431 3747; x_wconf 87' lang='lat' dir='ltr'><strong>caritas</strong></span> <span class='ocrx_word' id='word_1_325' title='bbox 1462 3713 1475 3747; x_wconf 77' lang='grc' dir='ltr'>ε</span> <span class='ocrx_word' id='word_1_326' title='bbox 1512 3708 1616 3746; x_wconf 88' lang='lat' dir='ltr'><strong>non</strong></span> <span class='ocrx_word' id='word_1_327' title='bbox 1644 3694 1778 3748; x_wconf 88' lang='lat' dir='ltr'><strong>sicut</strong></span> <span class='ocrx_word' id='word_1_328' title='bbox 1807 3710 1922 3758; x_wconf 84' lang='lat' dir='ltr'><strong>nos,</strong></span> <span class='ocrx_word' id='word_1_329' title='bbox 1947 3695 2037 3765; x_wconf 91' lang='lat' dir='ltr'><strong>qui</strong></span> 
     </span>
    </p>
   </div>
   <div class='ocr_carea' id='block_1_39' title="bbox 462 3783 2041 3853">
    <p class='ocr_par' dir='ltr' id='par_1_39' title="bbox 462 3783 2041 3853">
     <span class='ocr_line' id='line_1_39' title="bbox 462 3783 2041 3853; baseline 0.003 -16"><span class='ocrx_word' id='word_1_330' title='bbox 462 3784 710 3853; x_wconf 87' lang='lat' dir='ltr'><strong>utrinque</strong></span> <span class='ocrx_word' id='word_1_331' title='bbox 737 3799 764 3834; x_wconf 89' lang='lat' dir='ltr'><strong>a</strong></span> <span class='ocrx_word' id='word_1_332' title='bbox 806 3783 1042 3838; x_wconf 84' lang='lat' dir='ltr'><strong>caritatis</strong></span> <span class='ocrx_word' id='word_1_333' title='bbox 1074 3784 1277 3853; x_wconf 82' lang='lat' dir='ltr'><strong>legibus</strong></span> <span class='ocrx_word' id='word_1_334' title='bbox 1301 3785 1596 3840; x_wconf 85' lang='lat' dir='ltr'><strong>excidimus</strong></span> <span class='ocrx_word' id='word_1_335' title='bbox 1629 3805 1642 3840; x_wconf 89' lang='lat'><strong>:</strong></span> <span class='ocrx_word' id='word_1_336' title='bbox 1673 3803 1792 3840; x_wconf 89' lang='lat' dir='ltr'><strong>nam</strong></span> <span class='ocrx_word' id='word_1_337' title='bbox 1823 3787 1905 3841; x_wconf 90' lang='lat' dir='ltr'><strong>vel</strong></span> <span class='ocrx_word' id='word_1_338' title='bbox 1946 3803 2041 3842; x_wconf 89' lang='lat' dir='ltr'><strong>ne-</strong></span> 
     </span>
    </p>
   </div>
   <div class='ocr_carea' id='block_1_40' title="bbox 463 3875 2038 3947">
    <p class='ocr_par' dir='ltr' id='par_1_40' title="bbox 463 3875 2038 3947">
     <span class='ocr_line' id='line_1_40' title="bbox 463 3875 2038 3947; baseline 0.003 -20"><span class='ocrx_word' id='word_1_339' title='bbox 463 3875 661 3928; x_wconf 89' lang='lat' dir='ltr'><strong>minem</strong></span> <span class='ocrx_word' id='word_1_340' title='bbox 689 3890 930 3930; x_wconf 88' lang='lat' dir='ltr'><strong>amamus</strong></span> <span class='ocrx_word' id='word_1_341' title='bbox 955 3916 969 3941; x_wconf 93' lang='lat'><strong>,</strong></span> <span class='ocrx_word' id='word_1_342' title='bbox 997 3875 1080 3930; x_wconf 91' lang='lat' dir='ltr'><strong>vel</strong></span> <span class='ocrx_word' id='word_1_343' title='bbox 1110 3875 1153 3928; x_wconf 91' lang='lat' dir='ltr'><strong>si</strong></span> <span class='ocrx_word' id='word_1_344' title='bbox 1179 3890 1418 3930; x_wconf 91' lang='lat' dir='ltr'><strong>amemus</strong></span> <span class='ocrx_word' id='word_1_345' title='bbox 1439 3918 1454 3942; x_wconf 98' lang='lat'><strong>,</strong></span> <span class='ocrx_word' id='word_1_346' title='bbox 1489 3877 1538 3929; x_wconf 91' lang='lat' dir='ltr'><strong>id</strong></span> <span class='ocrx_word' id='word_1_347' title='bbox 1570 3888 1764 3947; x_wconf 56' lang='lat' dir='ltr'><strong>praeter</strong></span> <span class='ocrx_word' id='word_1_348' title='bbox 1795 3878 1888 3932; x_wconf 90' lang='lat' dir='ltr'><strong>Dei</strong></span> <span class='ocrx_word' id='word_1_349' title='bbox 1921 3878 2038 3947; x_wconf 90' lang='lat' dir='ltr'><strong>pla-</strong></span> 
     </span>
    </p>
   </div>
   <div class='ocr_carea' id='block_1_41' title="bbox 463 3967 2038 4038">
    <p class='ocr_par' dir='ltr' id='par_1_41' title="bbox 463 3967 2038 4038">
     <span class='ocr_line' id='line_1_41' title="bbox 463 3967 2038 4038; baseline 0.001 -16"><span class='ocrx_word' id='word_1_350' title='bbox 463 3967 626 4022; x_wconf 86' lang='lat' dir='ltr'><strong>citum</strong></span> <span class='ocrx_word' id='word_1_351' title='bbox 686 3967 956 4033; x_wconf 89' lang='lat' dir='ltr'><strong>l‘aciums;</strong></span> <span class='ocrx_word' id='word_1_352' title='bbox 1009 3978 1293 4038; x_wconf 88' lang='lat' dir='ltr'><strong>utrmnque</strong></span> <span class='ocrx_word' id='word_1_353' title='bbox 1350 3976 1532 4023; x_wconf 83' lang='lat' dir='ltr'><strong>contra</strong></span> <span class='ocrx_word' id='word_1_354' title='bbox 1585 3967 1814 4024; x_wconf 87' lang='lat' dir='ltr'><strong>divinam</strong></span> <span class='ocrx_word' id='word_1_355' title='bbox 1870 3969 2038 4038; x_wconf 84' lang='lat' dir='ltr'><strong>legem</strong></span> 
     </span>
    </p>
   </div>
   <div class='ocr_carea' id='block_1_42' title="bbox 464 4057 2040 4123">
    <p class='ocr_par' dir='ltr' id='par_1_42' title="bbox 464 4057 2040 4123">
     <span class='ocr_line' id='line_1_42' title="bbox 464 4057 2040 4123; baseline 0.003 -12"><span class='ocrx_word' id='word_1_356' title='bbox 464 4057 739 4114; x_wconf 81' lang='lat' dir='ltr'><strong>facientes.</strong></span> <span class='ocrx_word' id='word_1_357' title='bbox 759 4059 813 4115; x_wconf 89' lang='lat' dir='ltr'><strong>Si</strong></span> <span class='ocrx_word' id='word_1_358' title='bbox 844 4058 960 4115; x_wconf 67' lang='lat' dir='ltr'><strong>haec</strong></span> <span class='ocrx_word' id='word_1_359' title='bbox 979 4059 1118 4116; x_wconf 84' lang='lat' dir='ltr'><strong>dicta</strong></span> <span class='ocrx_word' id='word_1_360' title='bbox 1141 4074 1389 4123; x_wconf 89' lang='lat' dir='ltr'><strong>onerosa,</strong></span> <span class='ocrx_word' id='word_1_361' title='bbox 1407 4061 1714 4115; x_wconf 87' lang='lat' dir='ltr'><strong>onerosiora</strong></span> <span class='ocrx_word' id='word_1_362' title='bbox 1745 4071 1890 4116; x_wconf 89' lang='lat' dir='ltr'><strong>certe</strong></span> <span class='ocrx_word' id='word_1_363' title='bbox 1915 4068 2040 4116; x_wconf 88' lang='lat' dir='ltr'><strong>sunt</strong></span> 
     </span>
    </p>
   </div>
   <div class='ocr_carea' id='block_1_43' title="bbox 461 4152 687 4206">
    <p class='ocr_par' dir='ltr' id='par_1_43' title="bbox 461 4152 687 4206">
     <span class='ocr_line' id='line_1_43' title="bbox 461 4152 687 4206; baseline -0.004 0"><span class='ocrx_word' id='word_1_364' title='bbox 461 4153 506 4206; x_wconf 81' lang='lat' dir='ltr'><strong>si</strong></span> <span class='ocrx_word' id='word_1_365' title='bbox 542 4152 687 4206; x_wconf 88' lang='lat' dir='ltr'><strong>ﬁant.</strong></span> 
     </span>
    </p>
   </div>
   <div class='ocr_carea' id='block_1_44' title="bbox 535 4242 2038 4313">
    <p class='ocr_par' dir='ltr' id='par_1_44' title="bbox 535 4242 2038 4313">
     <span class='ocr_line' id='line_1_44' title="bbox 535 4242 2038 4313; baseline -0.002 -14"><span class='ocrx_word' id='word_1_366' title='bbox 535 4245 587 4299; x_wconf 81' lang='grc'><strong>5.</strong></span> <span class='ocrx_word' id='word_1_367' title='bbox 621 4243 682 4297; x_wconf 84' lang='lat' dir='ltr'><strong>Et</strong></span> <span class='ocrx_word' id='word_1_368' title='bbox 707 4243 997 4313; x_wconf 86' lang='lat' dir='ltr'><strong>quomodo,</strong></span> <span class='ocrx_word' id='word_1_369' title='bbox 1022 4243 1250 4312; x_wconf 87' lang='lat' dir='ltr'><strong>inquies,</strong></span> <span class='ocrx_word' id='word_1_370' title='bbox 1276 4251 1470 4312; x_wconf 64' lang='lat' dir='ltr'><strong>praeter</strong></span> <span class='ocrx_word' id='word_1_371' title='bbox 1495 4242 1588 4295; x_wconf 90' lang='lat' dir='ltr'><strong>Dei</strong></span> <span class='ocrx_word' id='word_1_372' title='bbox 1618 4243 1864 4311; x_wconf 86' lang='lat' dir='ltr'><strong>placitum</strong></span> <span class='ocrx_word' id='word_1_373' title='bbox 1891 4259 2038 4298; x_wconf 83' lang='lat' dir='ltr'><strong>ama—</strong></span> 
     </span>
    </p>
   </div>
   <div class='ocr_carea' id='block_1_45' title="bbox 465 4333 2034 4404">
    <p class='ocr_par' dir='ltr' id='par_1_45' title="bbox 465 4333 2034 4404">
     <span class='ocr_line' id='line_1_45' title="bbox 465 4333 2034 4404; baseline 0.001 -18"><span class='ocrx_word' id='word_1_374' title='bbox 465 4349 583 4386; x_wconf 87' lang='lat' dir='ltr'><strong>mus</strong></span> <span class='ocrx_word' id='word_1_375' title='bbox 613 4333 637 4387; x_wconf 89' lang='lat'><strong>?</strong></span> <span class='ocrx_word' id='word_1_376' title='bbox 666 4333 889 4400; x_wconf 82' lang='lat' dir='ltr'><strong>Quando</strong></span> <span class='ocrx_word' id='word_1_377' title='bbox 923 4333 1190 4388; x_wconf 89' lang='lat' dir='ltr'><strong>Christum</strong></span> <span class='ocrx_word' id='word_1_378' title='bbox 1236 4333 1372 4387; x_wconf 90' lang='lat' dir='ltr'><strong>l&#39;ame</strong></span> <span class='ocrx_word' id='word_1_379' title='bbox 1409 4333 1764 4388; x_wconf 88' lang='lat' dir='ltr'><strong>tabescentem</strong></span> <span class='ocrx_word' id='word_1_380' title='bbox 1805 4334 2034 4404; x_wconf 85' lang='lat' dir='ltr'><strong>despici-</strong></span> 
     </span>
    </p>
   </div>
   <div class='ocr_carea' id='block_1_46' title="bbox 467 4425 2038 4496">
    <p class='ocr_par' dir='ltr' id='par_1_46' title="bbox 467 4425 2038 4496">
     <span class='ocr_line' id='line_1_46' title="bbox 467 4425 2038 4496; baseline 0.001 -16"><span class='ocrx_word' id='word_1_381' title='bbox 467 4440 608 4488; x_wconf 88' lang='lat' dir='ltr'><strong>mus,</strong></span> <span class='ocrx_word' id='word_1_382' title='bbox 638 4425 759 4480; x_wconf 91' lang='lat' dir='ltr'><strong>ﬁliis</strong></span> <span class='ocrx_word' id='word_1_383' title='bbox 785 4435 962 4478; x_wconf 89' lang='lat' dir='ltr'><strong>autem</strong></span> <span class='ocrx_word' id='word_1_384' title='bbox 983 4467 997 4489; x_wconf 95' lang='lat'><strong>,</strong></span> <span class='ocrx_word' id='word_1_385' title='bbox 1031 4425 1216 4479; x_wconf 88' lang='lat' dir='ltr'><strong>amicis</strong></span> <span class='ocrx_word' id='word_1_386' title='bbox 1247 4432 1300 4478; x_wconf 90' lang='lat' dir='ltr'><strong>et</strong></span> <span class='ocrx_word' id='word_1_387' title='bbox 1325 4425 1563 4493; x_wconf 82' lang='lat' dir='ltr'><strong>cognatis</strong></span> <span class='ocrx_word' id='word_1_388' title='bbox 1605 4425 1723 4494; x_wconf 87' lang='lat' dir='ltr'><strong>plus</strong></span> <span class='ocrx_word' id='word_1_389' title='bbox 1751 4441 1908 4496; x_wconf 83' lang='lat' dir='ltr'><strong>quam</strong></span> <span class='ocrx_word' id='word_1_390' title='bbox 1940 4443 2038 4482; x_wconf 86' lang='lat' dir='ltr'><strong>ue-</strong></span> 
     </span>
    </p>
   </div>
   <div class='ocr_carea' id='block_1_47' title="bbox 464 4517 2040 4587">
    <p class='ocr_par' dir='ltr' id='par_1_47' title="bbox 464 4517 2040 4587">
     <span class='ocr_line' id='line_1_47' title="bbox 464 4517 2040 4587; baseline 0.003 -16"><span class='ocrx_word' id='word_1_391' title='bbox 464 4533 614 4572; x_wconf 77' lang='lat' dir='ltr'><strong>cesse</strong></span> <span class='ocrx_word' id='word_1_392' title='bbox 631 4526 711 4572; x_wconf 88' lang='lat' dir='ltr'><strong>est</strong></span> <span class='ocrx_word' id='word_1_393' title='bbox 729 4517 1034 4587; x_wconf 86' lang='lat' dir='ltr'><strong>elargimur.</strong></span> <span class='ocrx_word' id='word_1_394' title='bbox 1061 4517 1171 4570; x_wconf 89' lang='lat' dir='ltr'><strong>lmo</strong></span> <span class='ocrx_word' id='word_1_395' title='bbox 1192 4518 1364 4586; x_wconf 92' lang='lat' dir='ltr'><strong>potius</strong></span> <span class='ocrx_word' id='word_1_396' title='bbox 1384 4517 1507 4586; x_wconf 91' lang='lat' dir='ltr'><strong>quid</strong></span> <span class='ocrx_word' id='word_1_397' title='bbox 1530 4533 1663 4586; x_wconf 90' lang='lat' dir='ltr'><strong>opus</strong></span> <span class='ocrx_word' id='word_1_398' title='bbox 1687 4529 1764 4572; x_wconf 89' lang='lat' dir='ltr'><strong>est</strong></span> <span class='ocrx_word' id='word_1_399' title='bbox 1793 4533 2040 4575; x_wconf 80' lang='lat' dir='ltr'><strong>sermone</strong></span> 
     </span>
    </p>
   </div>
   <div class='ocr_carea' id='block_1_48' title="bbox 468 4611 2041 4684">
    <p class='ocr_par' dir='ltr' id='par_1_48' title="bbox 468 4611 2041 4684">
     <span class='ocr_line' id='line_1_48' title="bbox 468 4611 2041 4684; baseline 0.001 -19"><span class='ocrx_word' id='word_1_400' title='bbox 468 4611 688 4665; x_wconf 88' lang='lat' dir='ltr'><strong>ulterius</strong></span> <span class='ocrx_word' id='word_1_401' title='bbox 735 4613 979 4682; x_wconf 78' lang='lat' dir='ltr'><strong>progredi</strong></span> <span class='ocrx_word' id='word_1_402' title='bbox 1012 4613 1034 4664; x_wconf 87' lang='lat'><strong>?</strong></span> <span class='ocrx_word' id='word_1_403' title='bbox 1078 4611 1209 4665; x_wconf 86' lang='lat' dir='ltr'><strong>Nam</strong></span> <span class='ocrx_word' id='word_1_404' title='bbox 1249 4612 1292 4664; x_wconf 88' lang='lat' dir='ltr'><strong>si</strong></span> <span class='ocrx_word' id='word_1_405' title='bbox 1325 4627 1472 4665; x_wconf 85' lang='lat' dir='ltr'><strong>suam</strong></span> <span class='ocrx_word' id='word_1_406' title='bbox 1503 4614 1725 4684; x_wconf 84' lang='lat' dir='ltr'><strong>quisque</strong></span> <span class='ocrx_word' id='word_1_407' title='bbox 1763 4615 2041 4668; x_wconf 77' lang='lat' dir='ltr'><strong>conscien-</strong></span> 
     </span>
    </p>
   </div>
   <div class='ocr_carea' id='block_1_49' title="bbox 468 4703 2040 4771">
    <p class='ocr_par' dir='ltr' id='par_1_49' title="bbox 468 4703 2040 4771">
     <span class='ocr_line' id='line_1_49' title="bbox 468 4703 2040 4771; baseline 0.003 -16"><span class='ocrx_word' id='word_1_408' title='bbox 468 4704 593 4755; x_wconf 90' lang='lat' dir='ltr'><strong>tiam</strong></span> <span class='ocrx_word' id='word_1_409' title='bbox 641 4703 1062 4770; x_wconf 82' lang='lat' dir='ltr'><strong>examinaverit,</strong></span> <span class='ocrx_word' id='word_1_410' title='bbox 1109 4703 1350 4771; x_wconf 90' lang='lat' dir='ltr'><strong>plurimis</strong></span> <span class='ocrx_word' id='word_1_411' title='bbox 1382 4703 1431 4756; x_wconf 87' lang='lat' dir='ltr'><strong>iu</strong></span> <span class='ocrx_word' id='word_1_412' title='bbox 1480 4704 1638 4757; x_wconf 86' lang='lat' dir='ltr'><strong>rebus</strong></span> <span class='ocrx_word' id='word_1_413' title='bbox 1681 4703 1779 4756; x_wconf 83' lang='lat' dir='ltr'><strong>hoc</strong></span> <span class='ocrx_word' id='word_1_414' title='bbox 1823 4721 1852 4757; x_wconf 89' lang='lat' dir='ltr'><strong>a</strong></span> <span class='ocrx_word' id='word_1_415' title='bbox 1888 4706 2040 4760; x_wconf 87' lang='lat' dir='ltr'><strong>nobis</strong></span> 
     </span>
    </p>
   </div>
   <div class='ocr_carea' id='block_1_50' title="bbox 466 4797 2040 4868">
    <p class='ocr_par' dir='ltr' id='par_1_50' title="bbox 466 4797 2040 4868">
     <span class='ocr_line' id='line_1_50' title="bbox 466 4797 2040 4868; baseline 0 -15"><span class='ocrx_word' id='word_1_416' title='bbox 466 4797 660 4853; x_wconf 69' lang='lat' dir='ltr'><strong>factum</strong></span> <span class='ocrx_word' id='word_1_417' title='bbox 687 4813 805 4852; x_wconf 89' lang='lat' dir='ltr'><strong>esse</strong></span> <span class='ocrx_word' id='word_1_418' title='bbox 831 4797 1220 4868; x_wconf 87' lang='lat' dir='ltr'><strong>deprehendet.</strong></span> <span class='ocrx_word' id='word_1_419' title='bbox 1257 4797 1326 4853; x_wconf 87' lang='lat' dir='ltr'><strong>At</strong></span> <span class='ocrx_word' id='word_1_420' title='bbox 1350 4797 1536 4852; x_wconf 87' lang='lat' dir='ltr'><strong>beatus</strong></span> <span class='ocrx_word' id='word_1_421' title='bbox 1569 4798 1648 4851; x_wconf 88' lang='lat' dir='ltr'><strong>vir</strong></span> <span class='ocrx_word' id='word_1_422' title='bbox 1670 4798 1758 4852; x_wconf 90' lang='lat' dir='ltr'><strong>ille</strong></span> <span class='ocrx_word' id='word_1_423' title='bbox 1785 4813 1889 4852; x_wconf 86' lang='lat' dir='ltr'><strong>uoo</strong></span> <span class='ocrx_word' id='word_1_424' title='bbox 1923 4799 2040 4853; x_wconf 88' lang='lat' dir='ltr'><strong>talis</strong></span> 
     </span>
    </p>
   </div>
   <div class='ocr_carea' id='block_1_51' title="bbox 465 4889 2037 4960">
    <p class='ocr_par' dir='ltr' id='par_1_51' title="bbox 465 4889 2037 4960">
     <span class='ocr_line' id='line_1_51' title="bbox 465 4889 2037 4960; baseline -0.001 -17"><span class='ocrx_word' id='word_1_425' title='bbox 465 4900 600 4955; x_wconf 86' lang='lat' dir='ltr'><strong>erat,</strong></span> <span class='ocrx_word' id='word_1_426' title='bbox 643 4889 738 4944; x_wconf 81' lang='lat' dir='ltr'><strong>sed</strong></span> <span class='ocrx_word' id='word_1_427' title='bbox 763 4905 963 4954; x_wconf 86' lang='lat' dir='ltr'><strong>amare,</strong></span> <span class='ocrx_word' id='word_1_428' title='bbox 990 4901 1045 4945; x_wconf 88' lang='lat' dir='ltr'><strong>et</strong></span> <span class='ocrx_word' id='word_1_429' title='bbox 1075 4899 1131 4944; x_wconf 91' lang='lat' dir='ltr'><strong>ut</strong></span> <span class='ocrx_word' id='word_1_430' title='bbox 1157 4905 1253 4960; x_wconf 83' lang='lat' dir='ltr'><strong>par</strong></span> <span class='ocrx_word' id='word_1_431' title='bbox 1277 4899 1360 4943; x_wconf 92' lang='lat' dir='ltr'><strong>est</strong></span> <span class='ocrx_word' id='word_1_432' title='bbox 1383 4905 1564 4942; x_wconf 89' lang='lat' dir='ltr'><strong>amare</strong></span> <span class='ocrx_word' id='word_1_433' title='bbox 1603 4890 1824 4952; x_wconf 82' lang='lat' dir='ltr'><strong>sciebat,</strong></span> <span class='ocrx_word' id='word_1_434' title='bbox 1855 4902 2037 4958; x_wconf 85' lang='lat' dir='ltr'><strong>atque,</strong></span> 
     </span>
    </p>
   </div>
   <div class='ocr_carea' id='block_1_52' title="bbox 465 4981 2041 5043">
    <p class='ocr_par' dir='ltr' id='par_1_52' title="bbox 465 4981 2041 5043">
     <span class='ocr_line' id='line_1_52' title="bbox 465 4981 2041 5043; baseline 0 -9"><span class='ocrx_word' id='word_1_435' title='bbox 465 4981 566 5036; x_wconf 86' lang='lat' dir='ltr'><strong>etsi</strong></span> <span class='ocrx_word' id='word_1_436' title='bbox 602 4998 788 5036; x_wconf 86' lang='lat' dir='ltr'><strong>omnes</strong></span> <span class='ocrx_word' id='word_1_437' title='bbox 834 4983 885 5035; x_wconf 93' lang='lat' dir='ltr'><strong>iu</strong></span> <span class='ocrx_word' id='word_1_438' title='bbox 931 4997 1112 5036; x_wconf 90' lang='lat' dir='ltr'><strong>amore</strong></span> <span class='ocrx_word' id='word_1_439' title='bbox 1144 4983 1412 5043; x_wconf 86' lang='lat' dir='ltr'><strong>vinceret,</strong></span> <span class='ocrx_word' id='word_1_440' title='bbox 1446 4982 1685 5037; x_wconf 77' lang='lat' dir='ltr'><strong>caritatis</strong></span> <span class='ocrx_word' id='word_1_441' title='bbox 1716 4993 1889 5033; x_wconf 71' lang='lat' dir='ltr'><strong>ltttttcn</strong></span> <span class='ocrx_word' id='word_1_442' title='bbox 1928 4995 2041 5034; x_wconf 90' lang='lat' dir='ltr'><strong>mo.-</strong></span> 
     </span>
    </p>
   </div>
   <div class='ocr_carea' id='block_1_53' title="bbox 465 5072 2038 5144">
    <p class='ocr_par' dir='ltr' id='par_1_53' title="bbox 465 5072 2038 5144">
     <span class='ocr_line' id='line_1_53' title="bbox 465 5072 2038 5144; baseline -0.002 -17"><span class='ocrx_word' id='word_1_443' title='bbox 465 5075 589 5128; x_wconf 88' lang='lat' dir='ltr'><strong>dum</strong></span> <span class='ocrx_word' id='word_1_444' title='bbox 622 5091 725 5129; x_wconf 92' lang='lat' dir='ltr'><strong>non</strong></span> <span class='ocrx_word' id='word_1_445' title='bbox 759 5074 1267 5144; x_wconf 83' lang='lat' dir='ltr'><strong>transgrediebalur.</strong></span> <span class='ocrx_word' id='word_1_446' title='bbox 1304 5072 1442 5127; x_wconf 81' lang='lat' dir='ltr'><strong>Vide</strong></span> <span class='ocrx_word' id='word_1_447' title='bbox 1460 5087 1586 5142; x_wconf 88' lang='lat' dir='ltr'><strong>ergo</strong></span> <span class='ocrx_word' id='word_1_448' title='bbox 1614 5082 1895 5140; x_wconf 86' lang='lat' dir='ltr'><strong>utrumque</strong></span> <span class='ocrx_word' id='word_1_449' title='bbox 1921 5073 2038 5126; x_wconf 84' lang='lat' dir='ltr'><strong>exi-</strong></span> 
     </span>
    </p>
   </div>
   <div class='ocr_carea' id='block_1_54' title="bbox 469 5164 2036 5231">
    <p class='ocr_par' dir='ltr' id='par_1_54' title="bbox 469 5164 2036 5231">
     <span class='ocr_line' id='line_1_54' title="bbox 469 5164 2036 5231; baseline -0.004 -8"><span class='ocrx_word' id='word_1_450' title='bbox 469 5167 574 5223; x_wconf 86' lang='lat' dir='ltr'><strong>mie</strong></span> <span class='ocrx_word' id='word_1_451' title='bbox 603 5168 654 5220; x_wconf 90' lang='lat' dir='ltr'><strong>in</strong></span> <span class='ocrx_word' id='word_1_452' title='bbox 682 5167 775 5220; x_wconf 90' lang='lat' dir='ltr'><strong>illo</strong></span> <span class='ocrx_word' id='word_1_453' title='bbox 802 5167 1094 5231; x_wconf 88' lang='lat' dir='ltr'><strong>abundare,</strong></span> <span class='ocrx_word' id='word_1_454' title='bbox 1124 5176 1177 5219; x_wconf 92' lang='lat' dir='ltr'><strong>et</strong></span> <span class='ocrx_word' id='word_1_455' title='bbox 1211 5164 1302 5219; x_wconf 90' lang='lat' dir='ltr'><strong>Dei</strong></span> <span class='ocrx_word' id='word_1_456' title='bbox 1330 5165 1574 5218; x_wconf 88' lang='lat' dir='ltr'><strong>timorem</strong></span> <span class='ocrx_word' id='word_1_457' title='bbox 1603 5173 1654 5216; x_wconf 90' lang='lat' dir='ltr'><strong>et</strong></span> <span class='ocrx_word' id='word_1_458' title='bbox 1676 5164 2036 5218; x_wconf 87' lang='lat' dir='ltr'><strong>Romanorum</strong></span> 
     </span>
    </p>
   </div>
   <div class='ocr_carea' id='block_1_55' title="bbox 463 5257 2038 5327">
    <p class='ocr_par' dir='ltr' id='par_1_55' title="bbox 463 5257 2038 5327">
     <span class='ocr_line' id='line_1_55' title="bbox 463 5257 2038 5327; baseline -0.002 -15"><span class='ocrx_word' id='word_1_459' title='bbox 463 5258 822 5314; x_wconf 82' lang='lat' dir='ltr'><strong>dilectionem.</strong></span> <span class='ocrx_word' id='word_1_460' title='bbox 841 5257 971 5311; x_wconf 82' lang='lat' dir='ltr'><strong>Nam</strong></span> <span class='ocrx_word' id='word_1_461' title='bbox 993 5257 1133 5327; x_wconf 92' lang='lat' dir='ltr'><strong>quod</strong></span> <span class='ocrx_word' id='word_1_462' title='bbox 1157 5257 1521 5311; x_wconf 86' lang='lat' dir='ltr'><strong>indesinenter</strong></span> <span class='ocrx_word' id='word_1_463' title='bbox 1548 5265 1871 5324; x_wconf 84' lang='lat' dir='ltr'><strong>precaretur,</strong></span> <span class='ocrx_word' id='word_1_464' title='bbox 1900 5266 1953 5309; x_wconf 92' lang='lat' dir='ltr'><strong>et</strong></span> <span class='ocrx_word' id='word_1_465' title='bbox 1981 5271 2038 5310; x_wconf 79' lang='lat' dir='ltr'><strong>re</strong></span> 
     </span>
    </p>
   </div>
   <div class='ocr_carea' id='block_1_56' title="bbox 465 5347 2040 5416">
    <p class='ocr_par' dir='ltr' id='par_1_56' title="bbox 465 5347 2040 5416">
     <span class='ocr_line' id='line_1_56' title="bbox 465 5347 2040 5416; baseline -0.003 -13"><span class='ocrx_word' id='word_1_466' title='bbox 465 5365 570 5403; x_wconf 91' lang='lat' dir='ltr'><strong>non</strong></span> <span class='ocrx_word' id='word_1_467' title='bbox 615 5348 892 5416; x_wconf 88' lang='lat' dir='ltr'><strong>impetrata</strong></span> <span class='ocrx_word' id='word_1_468' title='bbox 933 5362 1038 5401; x_wconf 93' lang='lat' dir='ltr'><strong>non</strong></span> <span class='ocrx_word' id='word_1_469' title='bbox 1079 5357 1254 5401; x_wconf 85' lang='lat' dir='ltr'><strong>tamen</strong></span> <span class='ocrx_word' id='word_1_470' title='bbox 1287 5347 1600 5410; x_wconf 80' lang='lat' dir='ltr'><strong>desisteret,</strong></span> <span class='ocrx_word' id='word_1_471' title='bbox 1645 5347 1881 5402; x_wconf 88' lang='lat' dir='ltr'><strong>ardentis</strong></span> <span class='ocrx_word' id='word_1_472' title='bbox 1923 5356 2040 5400; x_wconf 88' lang='lat' dir='ltr'><strong>erat</strong></span> 
     </span>
    </p>
   </div>
   <div class='ocr_carea' id='block_1_57' title="bbox 467 5438 2037 5510">
    <p class='ocr_par' dir='ltr' id='par_1_57' title="bbox 467 5438 2037 5510">
     <span class='ocr_line' id='line_1_57' title="bbox 467 5438 2037 5510; baseline -0.001 -16"><span class='ocrx_word' id='word_1_473' title='bbox 467 5441 666 5494; x_wconf 86' lang='lat' dir='ltr'><strong>amoris</strong></span> <span class='ocrx_word' id='word_1_474' title='bbox 697 5457 710 5505; x_wconf 92' lang='lat'><strong>;</strong></span> <span class='ocrx_word' id='word_1_475' title='bbox 753 5438 1002 5510; x_wconf 86' lang='lat' dir='ltr'><strong>quodque</strong></span> <span class='ocrx_word' id='word_1_476' title='bbox 1039 5438 1269 5493; x_wconf 89' lang='lat' dir='ltr'><strong>amando</strong></span> <span class='ocrx_word' id='word_1_477' title='bbox 1297 5440 1612 5509; x_wconf 87' lang='lat' dir='ltr'><strong>persisteret</strong></span> <span class='ocrx_word' id='word_1_478' title='bbox 1639 5440 1731 5492; x_wconf 86' lang='lat' dir='ltr'><strong>Dei</strong></span> <span class='ocrx_word' id='word_1_479' title='bbox 1761 5440 1909 5494; x_wconf 87' lang='lat' dir='ltr'><strong>uului</strong></span> <span class='ocrx_word' id='word_1_480' title='bbox 1937 5440 2037 5493; x_wconf 84' lang='lat' dir='ltr'><strong>ob-</strong></span> 
     </span>
    </p>
   </div>
   <div class='ocr_carea' id='block_1_58' title="bbox 465 5530 2037 5603">
    <p class='ocr_par' dir='ltr' id='par_1_58' title="bbox 465 5530 2037 5603">
     <span class='ocr_line' id='line_1_58' title="bbox 465 5530 2037 5603; baseline -0.001 -17"><span class='ocrx_word' id='word_1_481' title='bbox 465 5547 695 5603; x_wconf 85' lang='lat' dir='ltr'><strong>sequens</strong></span> <span class='ocrx_word' id='word_1_482' title='bbox 716 5572 729 5593; x_wconf 94' lang='lat'><strong>,</strong></span> <span class='ocrx_word' id='word_1_483' title='bbox 774 5546 997 5586; x_wconf 67' lang='lat' dir='ltr'><strong>summa:</strong></span> <span class='ocrx_word' id='word_1_484' title='bbox 1037 5530 1251 5601; x_wconf 86' lang='lat' dir='ltr'><strong>pietatis</strong></span> <span class='ocrx_word' id='word_1_485' title='bbox 1280 5538 1416 5584; x_wconf 89' lang='lat' dir='ltr'><strong>erat.</strong></span> <span class='ocrx_word' id='word_1_486' title='bbox 1447 5531 1585 5583; x_wconf 85' lang='lat' dir='ltr'><strong>Alibi</strong></span> <span class='ocrx_word' id='word_1_487' title='bbox 1617 5531 1776 5584; x_wconf 86' lang='lat' dir='ltr'><strong>etiam</strong></span> <span class='ocrx_word' id='word_1_488' title='bbox 1802 5547 1922 5584; x_wconf 88' lang='lat' dir='ltr'><strong>cum</strong></span> <span class='ocrx_word' id='word_1_489' title='bbox 1957 5541 2037 5585; x_wconf 87' lang='lat' dir='ltr'><strong>ter</strong></span> 
     </span>
    </p>
   </div>
   <div class='ocr_carea' id='block_1_59' title="bbox 471 5621 2037 5692">
    <p class='ocr_par' dir='ltr' id='par_1_59' title="bbox 471 5621 2037 5692">
     <span class='ocr_line' id='line_1_59' title="bbox 471 5621 2037 5692; baseline 0 -17"><span class='ocrx_word' id='word_1_490' title='bbox 471 5623 750 5685; x_wconf 81' lang='lat' dir='ltr'><strong>Dominum</strong></span> <span class='ocrx_word' id='word_1_491' title='bbox 780 5631 1039 5692; x_wconf 85' lang='lat' dir='ltr'><strong>rogasset,</strong></span> <span class='ocrx_word' id='word_1_492' title='bbox 1071 5635 1170 5676; x_wconf 93' lang='lat' dir='ltr'><strong>nec</strong></span> <span class='ocrx_word' id='word_1_493' title='bbox 1195 5621 1551 5690; x_wconf 87' lang='lat' dir='ltr'><strong>impetrasset,</strong></span> <span class='ocrx_word' id='word_1_494' title='bbox 1578 5622 1685 5675; x_wconf 92' lang='lat' dir='ltr'><strong>imo</strong></span> <span class='ocrx_word' id='word_1_495' title='bbox 1711 5623 2037 5676; x_wconf 88' lang='lat' dir='ltr'><strong>contrarium</strong></span> 
     </span>
    </p>
   </div>
   <div class='ocr_carea' id='block_1_60' title="bbox 465 5715 2034 5788">
    <p class='ocr_par' dir='ltr' id='par_1_60' title="bbox 465 5715 2034 5788">
     <span class='ocr_line' id='line_1_60' title="bbox 465 5715 2034 5788; baseline -0.002 -15"><span class='ocrx_word' id='word_1_496' title='bbox 465 5717 565 5774; x_wconf 81' lang='lat' dir='ltr'><strong>sibi</strong></span> <span class='ocrx_word' id='word_1_497' title='bbox 596 5717 877 5774; x_wconf 84' lang='lat' dir='ltr'><strong>accidisset</strong></span> <span class='ocrx_word' id='word_1_498' title='bbox 896 5758 911 5784; x_wconf 94' lang='lat'><strong>,</strong></span> <span class='ocrx_word' id='word_1_499' title='bbox 951 5715 1149 5788; x_wconf 81' lang='lat' dir='ltr'><strong>gratias</strong></span> <span class='ocrx_word' id='word_1_500' title='bbox 1184 5716 1292 5786; x_wconf 84' lang='lat' dir='ltr'><strong>egit</strong></span> <span class='ocrx_word' id='word_1_501' title='bbox 1322 5715 1580 5770; x_wconf 83' lang='lat' dir='ltr'><strong>maximas</strong></span> <span class='ocrx_word' id='word_1_502' title='bbox 1604 5715 1742 5786; x_wconf 87' lang='lat' dir='ltr'><strong>quod</strong></span> <span class='ocrx_word' id='word_1_503' title='bbox 1770 5717 2034 5786; x_wconf 84' lang='lat' dir='ltr'><strong>repulsam</strong></span> 
     </span>
    </p>
   </div>
   <div class='ocr_carea' id='block_1_61' title="bbox 1203 253 3669 343">
    <p class='ocr_par' dir='ltr' id='par_1_61' title="bbox 1203 253 3669 343">
     <span class='ocr_line' id='line_1_61' title="bbox 1203 253 3669 343; baseline 0.008 -30"><span class='ocrx_word' id='word_1_504' title='bbox 1203 254 1264 313; x_wconf 81' lang='lat' dir='ltr'><strong>S.</strong></span> <span class='ocrx_word' id='word_1_505' title='bbox 1298 253 1576 313; x_wconf 70' lang='lat' dir='ltr'><strong>JOANNIS</strong></span> <span class='ocrx_word' id='word_1_506' title='bbox 1612 255 2080 316; x_wconf 76' lang='lat' dir='ltr'><strong>CIIRYSOSTOMI</strong></span> <span class='ocrx_word' id='word_1_507' title='bbox 2120 257 2438 313; x_wconf 65' lang='lat' dir='ltr'><strong>ARLHIEP.</strong></span> <span class='ocrx_word' id='word_1_508' title='bbox 2469 260 3002 324; x_wconf 65' lang='lat' dir='ltr'><strong>CONSTANTINOP.</strong></span> <span class='ocrx_word' id='word_1_509' title='bbox 3567 285 3669 343; x_wconf 47' lang='grc' dir='ltr'><strong>ιρι,</strong></span> 
     </span>
    </p>
   </div>
   <div class='ocr_carea' id='block_1_62' title="bbox 2156 371 3653 457">
    <p class='ocr_par' dir='ltr' id='par_1_62' title="bbox 2156 371 3653 457">
     <span class='ocr_line' id='line_1_62' title="bbox 2156 371 3653 457; baseline 0.022 -33"><span class='ocrx_word' id='word_1_510' title='bbox 2156 371 2360 427; x_wconf 79' lang='lat' dir='ltr'><strong>tulisset</strong></span> <span class='ocrx_word' id='word_1_511' title='bbox 2383 375 2467 446; x_wconf 77' lang='lat'><strong>(9..</strong></span> <span class='ocrx_word' id='word_1_512' title='bbox 2496 374 2616 430; x_wconf 88' lang='lat' dir='ltr'><strong>Cor.</strong></span> <span class='ocrx_word' id='word_1_513' title='bbox 2646 377 2729 432; x_wconf 64' lang='lat' dir='ltr'><strong>is.</strong></span> <span class='ocrx_word' id='word_1_514' title='bbox 2753 377 2818 452; x_wconf 89' lang='lat'><strong>8)</strong></span> <span class='ocrx_word' id='word_1_515' title='bbox 2846 399 2859 434; x_wconf 91' lang='lat'>:</span> <span class='ocrx_word' id='word_1_516' title='bbox 2887 383 2964 436; x_wconf 92' lang='lat' dir='ltr'><strong>sic</strong></span> <span class='ocrx_word' id='word_1_517' title='bbox 2995 383 3082 439; x_wconf 91' lang='lat' dir='ltr'><strong>ille</strong></span> <span class='ocrx_word' id='word_1_518' title='bbox 3109 387 3159 439; x_wconf 79' lang='lat' dir='ltr'><strong>in</strong></span> <span class='ocrx_word' id='word_1_519' title='bbox 3183 391 3406 448; x_wconf 85' lang='lat' dir='ltr'><strong>omnibus</strong></span> <span class='ocrx_word' id='word_1_520' title='bbox 3429 397 3488 450; x_wconf 90' lang='lat' dir='ltr'><strong>ad</strong></span> <span class='ocrx_word' id='word_1_521' title='bbox 3513 399 3653 457; x_wconf 85' lang='lat' dir='ltr'><strong>Deum</strong></span> 
     </span>
    </p>
   </div>
   <div class='ocr_carea' id='block_1_63' title="bbox 2152 470 3651 552">
    <p class='ocr_par' dir='ltr' id='par_1_63' title="bbox 2152 470 3651 552">
     <span class='ocr_line' id='line_1_63' title="bbox 2152 470 3651 552; baseline 0.02 -34"><span class='ocrx_word' id='word_1_522' title='bbox 2152 481 2211 518; x_wconf 85' lang='lat' dir='ltr'><strong>se</strong></span> <span class='ocrx_word' id='word_1_523' title='bbox 2240 471 2600 522; x_wconf 79' lang='lat' dir='ltr'><strong>convertebat.</strong></span> <span class='ocrx_word' id='word_1_524' title='bbox 2636 470 2732 526; x_wconf 87' lang='lat' dir='ltr'><strong>llic</strong></span> <span class='ocrx_word' id='word_1_525' title='bbox 2760 484 2935 528; x_wconf 89' lang='lat' dir='ltr'><strong>autem</strong></span> <span class='ocrx_word' id='word_1_526' title='bbox 2965 485 3170 546; x_wconf 89' lang='lat' dir='ltr'><strong>accepit</strong></span> <span class='ocrx_word' id='word_1_527' title='bbox 3196 483 3412 552; x_wconf 88' lang='lat' dir='ltr'><strong>quidem,</strong></span> <span class='ocrx_word' id='word_1_528' title='bbox 3447 493 3528 544; x_wconf 86' lang='lat' dir='ltr'><strong>sed</strong></span> <span class='ocrx_word' id='word_1_529' title='bbox 3566 511 3651 548; x_wconf 83' lang='lat' dir='ltr'><strong>non</strong></span> 
     </span>
    </p>
   </div>
   <div class='ocr_carea' id='block_1_64' title="bbox 2152 560 3664 640">
    <p class='ocr_par' dir='ltr' id='par_1_64' title="bbox 2152 560 3664 640">
     <span class='ocr_line' id='line_1_64' title="bbox 2152 560 3664 640; baseline 0.016 -32"><span class='ocrx_word' id='word_1_530' title='bbox 2152 560 2362 624; x_wconf 87' lang='lat' dir='ltr'><strong>quando</strong></span> <span class='ocrx_word' id='word_1_531' title='bbox 2396 563 2606 628; x_wconf 80' lang='lat' dir='ltr'><strong>petebat</strong></span> <span class='ocrx_word' id='word_1_532' title='bbox 2630 580 2644 628; x_wconf 89' lang='lat'><strong>;</strong></span> <span class='ocrx_word' id='word_1_533' title='bbox 2673 565 2764 618; x_wconf 90' lang='lat' dir='ltr'><strong>sed</strong></span> <span class='ocrx_word' id='word_1_534' title='bbox 2789 566 3017 631; x_wconf 88' lang='lat' dir='ltr'><strong>tardius,</strong></span> <span class='ocrx_word' id='word_1_535' title='bbox 3053 586 3148 625; x_wconf 90' lang='lat' dir='ltr'><strong>nec</strong></span> <span class='ocrx_word' id='word_1_536' title='bbox 3176 575 3380 631; x_wconf 85' lang='lat' dir='ltr'><strong>moleste</strong></span> <span class='ocrx_word' id='word_1_537' title='bbox 3407 580 3526 636; x_wconf 90' lang='lat' dir='ltr'><strong>tulit.</strong></span> <span class='ocrx_word' id='word_1_538' title='bbox 3556 584 3664 640; x_wconf 81' lang='lat' dir='ltr'><strong>Ila-c.</strong></span> 
     </span>
    </p>
   </div>
   <div class='ocr_carea' id='block_1_65' title="bbox 2153 655 3654 734">
    <p class='ocr_par' dir='ltr' id='par_1_65' title="bbox 2153 655 3654 734">
     <span class='ocr_line' id='line_1_65' title="bbox 2153 655 3654 734; baseline 0.02 -33"><span class='ocrx_word' id='word_1_539' title='bbox 2153 667 2311 719; x_wconf 89' lang='lat' dir='ltr'><strong>porro</strong></span> <span class='ocrx_word' id='word_1_540' title='bbox 2350 655 2487 716; x_wconf 92' lang='lat' dir='ltr'><strong>dico,</strong></span> <span class='ocrx_word' id='word_1_541' title='bbox 2520 667 2575 709; x_wconf 91' lang='lat' dir='ltr'><strong>ut</strong></span> <span class='ocrx_word' id='word_1_542' title='bbox 2607 673 2711 711; x_wconf 90' lang='lat' dir='ltr'><strong>non</strong></span> <span class='ocrx_word' id='word_1_543' title='bbox 2740 676 2880 727; x_wconf 83' lang='lat' dir='ltr'><strong>:rgre</strong></span> <span class='ocrx_word' id='word_1_544' title='bbox 2921 660 3154 718; x_wconf 83' lang='lat' dir='ltr'><strong>feramus</strong></span> <span class='ocrx_word' id='word_1_545' title='bbox 3179 669 3373 734; x_wconf 77' lang='lat' dir='ltr'><strong>quando</strong></span> <span class='ocrx_word' id='word_1_546' title='bbox 3396 687 3487 726; x_wconf 88' lang='lat' dir='ltr'><strong>non</strong></span> <span class='ocrx_word' id='word_1_547' title='bbox 3517 692 3654 730; x_wconf 75' lang='lat' dir='ltr'><strong>exau-</strong></span> 
     </span>
    </p>
   </div>
   <div class='ocr_carea' id='block_1_66' title="bbox 2150 744 3658 823">
    <p class='ocr_par' dir='ltr' id='par_1_66' title="bbox 2150 744 3658 823">
     <span class='ocr_line' id='line_1_66' title="bbox 2150 744 3658 823; baseline 0.019 -28"><span class='ocrx_word' id='word_1_548' title='bbox 2150 744 2343 811; x_wconf 83' lang='lat' dir='ltr'><strong>dimur,</strong></span> <span class='ocrx_word' id='word_1_549' title='bbox 2372 750 2455 800; x_wconf 87' lang='lat' dir='ltr'><strong>vel</strong></span> <span class='ocrx_word' id='word_1_550' title='bbox 2485 765 2603 802; x_wconf 87' lang='lat' dir='ltr'><strong>cum</strong></span> <span class='ocrx_word' id='word_1_551' title='bbox 2635 752 2836 805; x_wconf 88' lang='lat' dir='ltr'><strong>tardius</strong></span> <span class='ocrx_word' id='word_1_552' title='bbox 2860 755 3194 810; x_wconf 83' lang='lat' dir='ltr'><strong>exaudimur.</strong></span> <span class='ocrx_word' id='word_1_553' title='bbox 3223 759 3329 814; x_wconf 89' lang='lat' dir='ltr'><strong>Non</strong></span> <span class='ocrx_word' id='word_1_554' title='bbox 3351 765 3476 818; x_wconf 86' lang='lat' dir='ltr'><strong>cnim</strong></span> <span class='ocrx_word' id='word_1_555' title='bbox 3503 785 3658 823; x_wconf 68' lang='lat' dir='ltr'><strong>sumus</strong></span> 
     </span>
    </p>
   </div>
   <div class='ocr_carea' id='block_1_67' title="bbox 2149 837 3660 927">
    <p class='ocr_par' dir='ltr' id='par_1_67' title="bbox 2149 837 3660 927">
     <span class='ocr_line' id='line_1_67' title="bbox 2149 837 3660 927; baseline 0.017 -36"><span class='ocrx_word' id='word_1_556' title='bbox 2149 837 2314 891; x_wconf 91' lang='lat' dir='ltr'><strong>Paulo</strong></span> <span class='ocrx_word' id='word_1_557' title='bbox 2345 841 2613 902; x_wconf 84' lang='lat' dir='ltr'><strong>meliores,</strong></span> <span class='ocrx_word' id='word_1_558' title='bbox 2652 843 2738 912; x_wconf 83' lang='lat' dir='ltr'><strong>qui</strong></span> <span class='ocrx_word' id='word_1_559' title='bbox 2777 846 2845 898; x_wconf 90' lang='lat' dir='ltr'><strong>de</strong></span> <span class='ocrx_word' id='word_1_560' title='bbox 2889 859 3114 916; x_wconf 89' lang='lat' dir='ltr'><strong>utroque</strong></span> <span class='ocrx_word' id='word_1_561' title='bbox 3145 854 3330 919; x_wconf 75' lang='lat' dir='ltr'><strong>gratias</strong></span> <span class='ocrx_word' id='word_1_562' title='bbox 3356 859 3469 924; x_wconf 82' lang='lat' dir='ltr'><strong>egit,</strong></span> <span class='ocrx_word' id='word_1_563' title='bbox 3495 871 3540 913; x_wconf 84' lang='lat' dir='ltr'><strong>et</strong></span> <span class='ocrx_word' id='word_1_564' title='bbox 3564 866 3660 927; x_wconf 81' lang='lat' dir='ltr'><strong>qui-</strong></span> 
     </span>
    </p>
   </div>
   <div class='ocr_carea' id='block_1_68' title="bbox 2149 929 3660 1017">
    <p class='ocr_par' dir='ltr' id='par_1_68' title="bbox 2149 929 3660 1017">
     <span class='ocr_line' id='line_1_68' title="bbox 2149 929 3660 1017; baseline 0.019 -37"><span class='ocrx_word' id='word_1_565' title='bbox 2149 929 2267 982; x_wconf 90' lang='lat' dir='ltr'><strong>dem</strong></span> <span class='ocrx_word' id='word_1_566' title='bbox 2288 930 2408 998; x_wconf 86' lang='lat' dir='ltr'><strong>jure</strong></span> <span class='ocrx_word' id='word_1_567' title='bbox 2436 934 2644 987; x_wconf 83' lang='lat' dir='ltr'><strong>merito.</strong></span> <span class='ocrx_word' id='word_1_568' title='bbox 2669 934 2799 1003; x_wconf 83' lang='lat' dir='ltr'><strong>Quia</strong></span> <span class='ocrx_word' id='word_1_569' title='bbox 2829 938 2969 992; x_wconf 89' lang='lat' dir='ltr'><strong>enim</strong></span> <span class='ocrx_word' id='word_1_570' title='bbox 3004 943 3178 995; x_wconf 89' lang='lat' dir='ltr'><strong>manui</strong></span> <span class='ocrx_word' id='word_1_571' title='bbox 3201 947 3374 1001; x_wconf 87' lang='lat' dir='ltr'><strong>omnia</strong></span> <span class='ocrx_word' id='word_1_572' title='bbox 3390 951 3660 1017; x_wconf 87' lang='lat' dir='ltr'><strong>gubernanti</strong></span> 
     </span>
    </p>
   </div>
   <div class='ocr_carea' id='block_1_69' title="bbox 2148 1023 3661 1111">
    <p class='ocr_par' dir='ltr' id='par_1_69' title="bbox 2148 1023 3661 1111">
     <span class='ocr_line' id='line_1_69' title="bbox 2148 1023 3661 1111; baseline 0.017 -38"><span class='ocrx_word' id='word_1_573' title='bbox 2148 1035 2207 1075; x_wconf 90' lang='lat' dir='ltr'><strong>se</strong></span> <span class='ocrx_word' id='word_1_574' title='bbox 2238 1023 2402 1076; x_wconf 84' lang='lat' dir='ltr'><strong>semel</strong></span> <span class='ocrx_word' id='word_1_575' title='bbox 2425 1025 2723 1091; x_wconf 75' lang='lat' dir='ltr'><strong>dediderat,</strong></span> <span class='ocrx_word' id='word_1_576' title='bbox 2753 1037 2944 1083; x_wconf 89' lang='lat' dir='ltr'><strong>etcum</strong></span> <span class='ocrx_word' id='word_1_577' title='bbox 2975 1041 3116 1086; x_wconf 87' lang='lat' dir='ltr'><strong>tanta</strong></span> <span class='ocrx_word' id='word_1_578' title='bbox 3147 1035 3475 1101; x_wconf 71' lang='lat' dir='ltr'><strong>subiectione.</strong></span> <span class='ocrx_word' id='word_1_579' title='bbox 3498 1057 3661 1111; x_wconf 85' lang='lat' dir='ltr'><strong>quanta</strong></span> 
     </span>
    </p>
   </div>
   <div class='ocr_carea' id='block_1_70' title="bbox 2150 1111 3662 1200">
    <p class='ocr_par' dir='ltr' id='par_1_70' title="bbox 2150 1111 3662 1200">
     <span class='ocr_line' id='line_1_70' title="bbox 2150 1111 3662 1200; baseline 0.019 -35"><span class='ocrx_word' id='word_1_580' title='bbox 2150 1111 2315 1167; x_wconf 88' lang='lat' dir='ltr'><strong>lutum</strong></span> <span class='ocrx_word' id='word_1_581' title='bbox 2363 1116 2519 1186; x_wconf 89' lang='lat' dir='ltr'><strong>ﬁgulo</strong></span> <span class='ocrx_word' id='word_1_582' title='bbox 2551 1134 2564 1182; x_wconf 90' lang='lat'><strong>;</strong></span> <span class='ocrx_word' id='word_1_583' title='bbox 2607 1135 2712 1186; x_wconf 92' lang='lat' dir='ltr'><strong>quo</strong></span> <span class='ocrx_word' id='word_1_584' title='bbox 2749 1121 2976 1176; x_wconf 87' lang='lat' dir='ltr'><strong>ducebat</strong></span> <span class='ocrx_word' id='word_1_585' title='bbox 3026 1125 3200 1193; x_wconf 85' lang='lat' dir='ltr'><strong>Deus,</strong></span> <span class='ocrx_word' id='word_1_586' title='bbox 3238 1129 3326 1183; x_wconf 92' lang='lat' dir='ltr'><strong>illo</strong></span> <span class='ocrx_word' id='word_1_587' title='bbox 3365 1135 3662 1200; x_wconf 81' lang='lat' dir='ltr'><strong>sequebatur.</strong></span> 
     </span>
    </p>
   </div>
   <div class='ocr_carea' id='block_1_71' title="bbox 2145 1203 3669 1288">
    <p class='ocr_par' dir='ltr' id='par_1_71' title="bbox 2145 1203 3669 1288">
     <span class='ocr_line' id='line_1_71' title="bbox 2145 1203 3669 1288; baseline 0.016 -30"><span class='ocrx_word' id='word_1_588' title='bbox 2145 1203 2277 1258; x_wconf 87' lang='lat' dir='ltr'><strong>Cum</strong></span> <span class='ocrx_word' id='word_1_589' title='bbox 2308 1206 2530 1262; x_wconf 77' lang='lat' dir='ltr'><strong>dixisset</strong></span> <span class='ocrx_word' id='word_1_590' title='bbox 2559 1225 2686 1276; x_wconf 79' lang='lat' dir='ltr'><strong>ergo</strong></span> <span class='ocrx_word' id='word_1_591' title='bbox 2713 1215 2916 1280; x_wconf 84' lang='lat' dir='ltr'><strong>precari</strong></span> <span class='ocrx_word' id='word_1_592' title='bbox 2945 1230 3003 1270; x_wconf 90' lang='lat' dir='ltr'><strong>se</strong></span> <span class='ocrx_word' id='word_1_593' title='bbox 3031 1217 3230 1273; x_wconf 80' lang='lat' dir='ltr'><strong>tit-illos</strong></span> <span class='ocrx_word' id='word_1_594' title='bbox 3254 1221 3462 1288; x_wconf 89' lang='lat' dir='ltr'><strong>videret,</strong></span> <span class='ocrx_word' id='word_1_595' title='bbox 3484 1241 3669 1283; x_wconf 82' lang='lat' dir='ltr'><strong>causam</strong></span> 
     </span>
    </p>
   </div>
   <div class='ocr_carea' id='block_1_72' title="bbox 2147 1295 3666 1385">
    <p class='ocr_par' dir='ltr' id='par_1_72' title="bbox 2147 1295 3666 1385">
     <span class='ocr_line' id='line_1_72' title="bbox 2147 1295 3666 1385; baseline 0.016 -36"><span class='ocrx_word' id='word_1_596' title='bbox 2147 1295 2392 1351; x_wconf 67' lang='lat' dir='ltr'><strong>desiderii</strong></span> <span class='ocrx_word' id='word_1_597' title='bbox 2417 1299 2584 1354; x_wconf 87' lang='lat' dir='ltr'><strong>addit.</strong></span> <span class='ocrx_word' id='word_1_598' title='bbox 2608 1303 2859 1369; x_wconf 75' lang='lat' dir='ltr'><strong>Quantam</strong></span> <span class='ocrx_word' id='word_1_599' title='bbox 2889 1306 2974 1360; x_wconf 90' lang='lat' dir='ltr'><strong>illa</strong></span> <span class='ocrx_word' id='word_1_600' title='bbox 2992 1319 3071 1362; x_wconf 90' lang='lat' dir='ltr'><strong>est</strong></span> <span class='ocrx_word' id='word_1_601' title='bbox 3093 1310 3115 1362; x_wconf 88' lang='lat'><strong>?</strong></span> <span class='ocrx_word' id='word_1_602' title='bbox 3135 1309 3201 1364; x_wconf 80' lang='lat' dir='ltr'><strong>Ut</strong></span> <span class='ocrx_word' id='word_1_603' title='bbox 3227 1313 3409 1384; x_wconf 85' lang='lat' dir='ltr'><strong>aliquid</strong></span> <span class='ocrx_word' id='word_1_604' title='bbox 3424 1316 3666 1385; x_wconf 85' lang='lat' dir='ltr'><strong>impertiam</strong></span> 
     </span>
    </p>
   </div>
   <div class='ocr_carea' id='block_1_73' title="bbox 2147 1387 3665 1468">
    <p class='ocr_par' dir='ltr' id='par_1_73' title="bbox 2147 1387 3665 1468">
     <span class='ocr_line' id='line_1_73' title="bbox 2147 1387 3665 1468; baseline 0.018 -29"><span class='ocrx_word' id='word_1_605' title='bbox 2147 1387 2284 1440; x_wconf 83' lang='lat' dir='ltr'><strong>vobis</strong></span> <span class='ocrx_word' id='word_1_606' title='bbox 2307 1390 2484 1458; x_wconf 75' lang='lat' dir='ltr'><strong>gratia:</strong></span> <span class='ocrx_word' id='word_1_607' title='bbox 2503 1393 2779 1461; x_wconf 83' lang='lat' dir='ltr'><strong>spiritualis</strong></span> <span class='ocrx_word' id='word_1_608' title='bbox 2803 1399 2871 1450; x_wconf 86' lang='lat' dir='ltr'><strong>ad</strong></span> <span class='ocrx_word' id='word_1_609' title='bbox 2898 1401 3398 1468; x_wconf 83' lang='lat' dir='ltr'><strong>conﬁrtttandosvos.</strong></span> <span class='ocrx_word' id='word_1_610' title='bbox 3421 1408 3524 1463; x_wconf 87' lang='lat' dir='ltr'><strong>Non</strong></span> <span class='ocrx_word' id='word_1_611' title='bbox 3551 1415 3665 1467; x_wconf 87' lang='lat' dir='ltr'><strong>enim</strong></span> 
     </span>
    </p>
   </div>
   <div class='ocr_carea' id='block_1_74' title="bbox 2147 1478 3664 1572">
    <p class='ocr_par' dir='ltr' id='par_1_74' title="bbox 2147 1478 3664 1572">
     <span class='ocr_line' id='line_1_74' title="bbox 2147 1478 3664 1572; baseline 0.018 -42"><span class='ocrx_word' id='word_1_612' title='bbox 2147 1478 2262 1572; x_wconf 84' lang='lat' dir='ltr'><strong>sine</strong></span> <span class='ocrx_word' id='word_1_613' title='bbox 2289 1495 2468 1547; x_wconf 90' lang='lat' dir='ltr'><strong>causa,</strong></span> <span class='ocrx_word' id='word_1_614' title='bbox 2494 1493 2548 1536; x_wconf 93' lang='lat' dir='ltr'><strong>ut</strong></span> <span class='ocrx_word' id='word_1_615' title='bbox 2569 1487 2720 1540; x_wconf 90' lang='lat' dir='ltr'><strong>umlti</strong></span> <span class='ocrx_word' id='word_1_616' title='bbox 2744 1489 2852 1554; x_wconf 90' lang='lat' dir='ltr'><strong>jam</strong></span> <span class='ocrx_word' id='word_1_617' title='bbox 2885 1492 3180 1560; x_wconf 81' lang='lat' dir='ltr'><strong>superﬂuas</strong></span> <span class='ocrx_word' id='word_1_618' title='bbox 3208 1496 3508 1569; x_wconf 89' lang='lat' dir='ltr'><strong>iuutilesque</strong></span> <span class='ocrx_word' id='word_1_619' title='bbox 3529 1517 3664 1572; x_wconf 88' lang='lat' dir='ltr'><strong>pere-</strong></span> 
     </span>
    </p>
   </div>
   <div class='ocr_carea' id='block_1_75' title="bbox 2145 1571 3686 1658">
    <p class='ocr_par' dir='ltr' id='par_1_75' title="bbox 2145 1571 3686 1658">
     <span class='ocr_line' id='line_1_75' title="bbox 2145 1571 3686 1658; baseline 0.017 -35"><span class='ocrx_word' id='word_1_620' title='bbox 2145 1571 2472 1640; x_wconf 88' lang='lat' dir='ltr'><strong>grinationes</strong></span> <span class='ocrx_word' id='word_1_621' title='bbox 2517 1579 2834 1647; x_wconf 85' lang='lat' dir='ltr'><strong>suscipiunt,</strong></span> <span class='ocrx_word' id='word_1_622' title='bbox 2868 1582 2961 1636; x_wconf 91' lang='lat' dir='ltr'><strong>illo</strong></span> <span class='ocrx_word' id='word_1_623' title='bbox 2990 1600 3047 1639; x_wconf 85' lang='lat' dir='ltr'><strong>se</strong></span> <span class='ocrx_word' id='word_1_624' title='bbox 3086 1586 3330 1642; x_wconf 79' lang='lat' dir='ltr'><strong>conferre</strong></span> <span class='ocrx_word' id='word_1_625' title='bbox 3354 1571 3566 1658; x_wconf 84' lang='lat' dir='ltr'><strong>volebat,</strong></span> <span class='ocrx_word' id='word_1_626' title='bbox 3591 1596 3686 1650; x_wconf 67' lang='lat' dir='ltr'><strong>5rd.</strong></span> 
     </span>
    </p>
   </div>
   <div class='ocr_carea' id='block_1_76' title="bbox 2148 1668 3673 1753">
    <p class='ocr_par' dir='ltr' id='par_1_76' title="bbox 2148 1668 3673 1753">
     <span class='ocr_line' id='line_1_76' title="bbox 2148 1668 3673 1753; baseline 0.018 -38"><span class='ocrx_word' id='word_1_627' title='bbox 2148 1677 2242 1730; x_wconf 91' lang='lat' dir='ltr'><strong>pro</strong></span> <span class='ocrx_word' id='word_1_628' title='bbox 2277 1668 2593 1722; x_wconf 88' lang='lat' dir='ltr'><strong>necessariis</strong></span> <span class='ocrx_word' id='word_1_629' title='bbox 2627 1673 3044 1743; x_wconf 75' lang='lat' dir='ltr'><strong>urgentiIiuSque</strong></span> <span class='ocrx_word' id='word_1_630' title='bbox 3073 1680 3299 1748; x_wconf 81' lang='lat' dir='ltr'><strong>negotiis</strong></span> <span class='ocrx_word' id='word_1_631' title='bbox 3327 1698 3340 1734; x_wconf 89' lang='lat'><strong>:</strong></span> <span class='ocrx_word' id='word_1_632' title='bbox 3373 1683 3418 1736; x_wconf 91' lang='lat' dir='ltr'><strong>id</strong></span> <span class='ocrx_word' id='word_1_633' title='bbox 3443 1687 3568 1753; x_wconf 91' lang='lat' dir='ltr'><strong>quod</strong></span> <span class='ocrx_word' id='word_1_634' title='bbox 3596 1687 3673 1742; x_wconf 89' lang='lat' dir='ltr'><strong>ille</strong></span> 
     </span>
    </p>
   </div>
   <div class='ocr_carea' id='block_1_77' title="bbox 2145 1757 3671 1843">
    <p class='ocr_par' dir='ltr' id='par_1_77' title="bbox 2145 1757 3671 1843">
     <span class='ocr_line' id='line_1_77' title="bbox 2145 1757 3671 1843; baseline 0.018 -36"><span class='ocrx_word' id='word_1_635' title='bbox 2145 1757 2292 1811; x_wconf 88' lang='lat' dir='ltr'><strong>clare</strong></span> <span class='ocrx_word' id='word_1_636' title='bbox 2319 1773 2422 1813; x_wconf 90' lang='lat' dir='ltr'><strong>non</strong></span> <span class='ocrx_word' id='word_1_637' title='bbox 2459 1765 2721 1823; x_wconf 86' lang='lat' dir='ltr'><strong>enuntiat.</strong></span> <span class='ocrx_word' id='word_1_638' title='bbox 2751 1767 2845 1820; x_wconf 89' lang='lat' dir='ltr'><strong>sed</strong></span> <span class='ocrx_word' id='word_1_639' title='bbox 2873 1769 3229 1838; x_wconf 82' lang='lat' dir='ltr'><strong>autigmatice.</strong></span> <span class='ocrx_word' id='word_1_640' title='bbox 3257 1773 3430 1843; x_wconf 82' lang='lat' dir='ltr'><strong>Neque</strong></span> <span class='ocrx_word' id='word_1_641' title='bbox 3455 1779 3580 1832; x_wconf 88' lang='lat' dir='ltr'><strong>enim</strong></span> <span class='ocrx_word' id='word_1_642' title='bbox 3603 1780 3671 1833; x_wconf 59' lang='lat' dir='ltr'><strong>di.</strong></span> 
     </span>
    </p>
   </div>
   <div class='ocr_carea' id='block_1_78' title="bbox 2145 1846 3672 1934">
    <p class='ocr_par' dir='ltr' id='par_1_78' title="bbox 2145 1846 3672 1934">
     <span class='ocr_line' id='line_1_78' title="bbox 2145 1846 3672 1934; baseline 0.017 -36"><span class='ocrx_word' id='word_1_643' title='bbox 2145 1846 2241 1912; x_wconf 83' lang='lat' dir='ltr'><strong>xit,</strong></span> <span class='ocrx_word' id='word_1_644' title='bbox 2285 1847 2353 1903; x_wconf 89' lang='lat' dir='ltr'><strong>Ut</strong></span> <span class='ocrx_word' id='word_1_645' title='bbox 2382 1849 2602 1906; x_wconf 88' lang='lat' dir='ltr'><strong>doceam</strong></span> <span class='ocrx_word' id='word_1_646' title='bbox 2641 1869 2754 1916; x_wconf 84' lang='lat' dir='ltr'><strong>vos.</strong></span> <span class='ocrx_word' id='word_1_647' title='bbox 2782 1866 2838 1910; x_wconf 92' lang='lat' dir='ltr'><strong>ut</strong></span> <span class='ocrx_word' id='word_1_648' title='bbox 2863 1858 3161 1928; x_wconf 81' lang='lat' dir='ltr'><strong>instituam,</strong></span> <span class='ocrx_word' id='word_1_649' title='bbox 3191 1873 3247 1917; x_wconf 89' lang='lat' dir='ltr'><strong>ut</strong></span> <span class='ocrx_word' id='word_1_650' title='bbox 3270 1867 3404 1934; x_wconf 91' lang='lat' dir='ltr'><strong>quod</strong></span> <span class='ocrx_word' id='word_1_651' title='bbox 3430 1867 3566 1923; x_wconf 74' lang='lat' dir='ltr'><strong>deest</strong></span> <span class='ocrx_word' id='word_1_652' title='bbox 3587 1871 3672 1924; x_wconf 89' lang='lat' dir='ltr'><strong>im-</strong></span> 
     </span>
    </p>
   </div>
   <div class='ocr_carea' id='block_1_79' title="bbox 2144 1940 3674 2019">
    <p class='ocr_par' dir='ltr' id='par_1_79' title="bbox 2144 1940 3674 2019">
     <span class='ocr_line' id='line_1_79' title="bbox 2144 1940 3674 2019; baseline 0.016 -29"><span class='ocrx_word' id='word_1_653' title='bbox 2144 1940 2318 2008; x_wconf 89' lang='lat' dir='ltr'><strong>pleam</strong></span> <span class='ocrx_word' id='word_1_654' title='bbox 2345 1959 2360 2006; x_wconf 91' lang='lat'><strong>;</strong></span> <span class='ocrx_word' id='word_1_655' title='bbox 2397 1944 2513 2010; x_wconf 89' lang='lat' dir='ltr'><strong>sed,</strong></span> <span class='ocrx_word' id='word_1_656' title='bbox 2551 1945 2617 2000; x_wconf 86' lang='lat' dir='ltr'><strong>Ut</strong></span> <span class='ocrx_word' id='word_1_657' title='bbox 2641 1949 2762 2008; x_wconf 82' lang='lat' dir='ltr'><strong>quid</strong></span> <span class='ocrx_word' id='word_1_658' title='bbox 2786 1949 3065 2019; x_wconf 83' lang='lat' dir='ltr'><strong>impertiam</strong></span> <span class='ocrx_word' id='word_1_659' title='bbox 3091 1971 3108 2017; x_wconf 91' lang='grc'><em>;</em></span> <span class='ocrx_word' id='word_1_660' title='bbox 3141 1955 3377 2012; x_wconf 87' lang='lat' dir='ltr'><strong>indicans</strong></span> <span class='ocrx_word' id='word_1_661' title='bbox 3403 1974 3456 2013; x_wconf 91' lang='lat' dir='ltr'><strong>se</strong></span> <span class='ocrx_word' id='word_1_662' title='bbox 3483 1977 3574 2015; x_wconf 90' lang='lat' dir='ltr'><strong>nou</strong></span> <span class='ocrx_word' id='word_1_663' title='bbox 3597 1979 3674 2016; x_wconf 79' lang='lat' dir='ltr'><strong>sua</strong></span> 
     </span>
    </p>
   </div>
   <div class='ocr_carea' id='block_1_80' title="bbox 2143 2034 3674 2112">
    <p class='ocr_par' dir='ltr' id='par_1_80' title="bbox 2143 2034 3674 2112">
     <span class='ocr_line' id='line_1_80' title="bbox 2143 2034 3674 2112; baseline 0.012 -24"><span class='ocrx_word' id='word_1_664' title='bbox 2143 2034 2272 2090; x_wconf 87' lang='lat' dir='ltr'><strong>dare</strong></span> <span class='ocrx_word' id='word_1_665' title='bbox 2313 2036 2452 2099; x_wconf 90' lang='lat' dir='ltr'><strong>illis,</strong></span> <span class='ocrx_word' id='word_1_666' title='bbox 2498 2040 2592 2094; x_wconf 91' lang='lat' dir='ltr'><strong>sed</strong></span> <span class='ocrx_word' id='word_1_667' title='bbox 2619 2056 2736 2111; x_wconf 69' lang='lat' dir='ltr'><strong>quae</strong></span> <span class='ocrx_word' id='word_1_668' title='bbox 2776 2047 2982 2112; x_wconf 82' lang='lat' dir='ltr'><strong>arcepit</strong></span> <span class='ocrx_word' id='word_1_669' title='bbox 3013 2048 3244 2104; x_wconf 87' lang='lat' dir='ltr'><strong>tradere.</strong></span> <span class='ocrx_word' id='word_1_670' title='bbox 3280 2051 3372 2106; x_wconf 82' lang='lat' dir='ltr'><strong>Hic</strong></span> <span class='ocrx_word' id='word_1_671' title='bbox 3410 2057 3552 2109; x_wconf 86' lang='lat' dir='ltr'><strong>etiam</strong></span> <span class='ocrx_word' id='word_1_672' title='bbox 3578 2073 3674 2107; x_wconf 80' lang='lat' dir='ltr'><strong>Im)-</strong></span> 
     </span>
    </p>
   </div>
   <div class='ocr_carea' id='block_1_81' title="bbox 2142 2126 3678 2210">
    <p class='ocr_par' dir='ltr' id='par_1_81' title="bbox 2142 2126 3678 2210">
     <span class='ocr_line' id='line_1_81' title="bbox 2142 2126 3678 2210; baseline 0.012 -31"><span class='ocrx_word' id='word_1_673' title='bbox 2142 2126 2294 2181; x_wconf 84' lang='lat' dir='ltr'><strong>dcsle</strong></span> <span class='ocrx_word' id='word_1_674' title='bbox 2327 2128 2578 2199; x_wconf 78' lang='lat' dir='ltr'><strong>loquitur,</strong></span> <span class='ocrx_word' id='word_1_675' title='bbox 2611 2147 2730 2187; x_wconf 89' lang='lat' dir='ltr'><strong>cum</strong></span> <span class='ocrx_word' id='word_1_676' title='bbox 2765 2135 2912 2202; x_wconf 84' lang='lat' dir='ltr'><strong>dicit,</strong></span> <span class='ocrx_word' id='word_1_677' title='bbox 2949 2137 3014 2192; x_wconf 86' lang='lat' dir='ltr'><strong>Ut</strong></span> <span class='ocrx_word' id='word_1_678' title='bbox 3045 2139 3263 2208; x_wconf 84' lang='lat' dir='ltr'><strong>aliquid.</strong></span> <span class='ocrx_word' id='word_1_679' title='bbox 3295 2143 3570 2210; x_wconf 78' lang='lat' dir='ltr'><strong>Paululum,</strong></span> <span class='ocrx_word' id='word_1_680' title='bbox 3615 2149 3678 2199; x_wconf 85' lang='lat' dir='ltr'><strong>iu-</strong></span> 
     </span>
    </p>
   </div>
   <div class='ocr_carea' id='block_1_82' title="bbox 2142 2222 3679 2304">
    <p class='ocr_par' dir='ltr' id='par_1_82' title="bbox 2142 2222 3679 2304">
     <span class='ocr_line' id='line_1_82' title="bbox 2142 2222 3679 2304; baseline 0.01 -31"><span class='ocrx_word' id='word_1_681' title='bbox 2142 2222 2276 2288; x_wconf 87' lang='lat' dir='ltr'><strong>quil,</strong></span> <span class='ocrx_word' id='word_1_682' title='bbox 2308 2229 2364 2275; x_wconf 88' lang='lat' dir='ltr'><strong>et</strong></span> <span class='ocrx_word' id='word_1_683' title='bbox 2393 2225 2687 2279; x_wconf 87' lang='lat' dir='ltr'><strong>secundum</strong></span> <span class='ocrx_word' id='word_1_684' title='bbox 2734 2243 2906 2283; x_wconf 90' lang='lat' dir='ltr'><strong>meum</strong></span> <span class='ocrx_word' id='word_1_685' title='bbox 2934 2232 3235 2287; x_wconf 81' lang='lat' dir='ltr'><strong>modulum.</strong></span> <span class='ocrx_word' id='word_1_686' title='bbox 3268 2235 3330 2288; x_wconf 84' lang='lat' dir='ltr'><strong>Et</strong></span> <span class='ocrx_word' id='word_1_687' title='bbox 3356 2237 3582 2304; x_wconf 88' lang='lat' dir='ltr'><strong>qttiduam</strong></span> <span class='ocrx_word' id='word_1_688' title='bbox 3611 2248 3679 2290; x_wconf 73' lang='lat' dir='ltr'><strong>est</strong></span> 
     </span>
    </p>
   </div>
   <div class='ocr_carea' id='block_1_83' title="bbox 2143 2313 3679 2395">
    <p class='ocr_par' dir='ltr' id='par_1_83' title="bbox 2143 2313 3679 2395">
     <span class='ocr_line' id='line_1_83' title="bbox 2143 2313 3679 2395; baseline 0.01 -29"><span class='ocrx_word' id='word_1_689' title='bbox 2143 2313 2267 2366; x_wconf 88' lang='lat' dir='ltr'><strong>illttd</strong></span> <span class='ocrx_word' id='word_1_690' title='bbox 2296 2316 2565 2383; x_wconf 90' lang='lat' dir='ltr'><strong>paululum</strong></span> <span class='ocrx_word' id='word_1_691' title='bbox 2588 2360 2602 2380; x_wconf 83' lang='lat'><strong>,</strong></span> <span class='ocrx_word' id='word_1_692' title='bbox 2633 2320 2772 2389; x_wconf 88' lang='lat' dir='ltr'><strong>quod</strong></span> <span class='ocrx_word' id='word_1_693' title='bbox 2795 2321 2904 2391; x_wconf 89' lang='lat' dir='ltr'><strong>jam</strong></span> <span class='ocrx_word' id='word_1_694' title='bbox 2929 2323 3161 2381; x_wconf 79' lang='lat' dir='ltr'><strong>daturus</strong></span> <span class='ocrx_word' id='word_1_695' title='bbox 3187 2329 3312 2383; x_wconf 81' lang='lat' dir='ltr'><strong>est?</strong></span> <span class='ocrx_word' id='word_1_696' title='bbox 3346 2329 3470 2385; x_wconf 81' lang='lat' dir='ltr'><strong>Illud</strong></span> <span class='ocrx_word' id='word_1_697' title='bbox 3500 2341 3591 2395; x_wconf 80' lang='lat' dir='ltr'><strong>est,</strong></span> <span class='ocrx_word' id='word_1_698' title='bbox 3615 2333 3679 2383; x_wconf 87' lang='lat' dir='ltr'><strong>iu-</strong></span> 
     </span>
    </p>
   </div>
   <div class='ocr_carea' id='block_1_84' title="bbox 2141 2406 2930 2477">
    <p class='ocr_par' dir='ltr' id='par_1_84' title="bbox 2141 2406 2930 2477">
     <span class='ocr_line' id='line_1_84' title="bbox 2141 2406 2930 2477; baseline 0.016 -21"><span class='ocrx_word' id='word_1_699' title='bbox 2141 2406 2273 2475; x_wconf 78' lang='lat' dir='ltr'><strong>quit,</strong></span> <span class='ocrx_word' id='word_1_700' title='bbox 2301 2407 2381 2458; x_wconf 82' lang='lat' dir='ltr'><strong>Ad</strong></span> <span class='ocrx_word' id='word_1_701' title='bbox 2405 2409 2802 2477; x_wconf 72' lang='lat' dir='ltr'><strong>con/innantium</strong></span> <span class='ocrx_word' id='word_1_702' title='bbox 2826 2428 2930 2468; x_wconf 83' lang='lat' dir='ltr'><strong>vos.</strong></span> 
     </span>
    </p>
   </div>
   <div class='ocr_carea' id='block_1_85' title="bbox 2214 2496 3684 2580">
    <p class='ocr_par' dir='ltr' id='par_1_85' title="bbox 2214 2496 3684 2580">
     <span class='ocr_line' id='line_1_85' title="bbox 2214 2496 3684 2580; baseline 0.01 -30"><span class='ocrx_word' id='word_1_703' title='bbox 2214 2496 2392 2551; x_wconf 77' lang='lat' dir='ltr'><strong>Gratia</strong></span> <span class='ocrx_word' id='word_1_704' title='bbox 2420 2517 2519 2554; x_wconf 92' lang='lat' dir='ltr'><strong>non</strong></span> <span class='ocrx_word' id='word_1_705' title='bbox 2545 2502 2766 2556; x_wconf 68' lang='lat' dir='ltr'><strong>excludit</strong></span> <span class='ocrx_word' id='word_1_706' title='bbox 2790 2506 3064 2562; x_wconf 79' lang='lat' dir='ltr'><strong>mercedem</strong></span> <span class='ocrx_word' id='word_1_707' title='bbox 3084 2526 3153 2564; x_wconf 79' lang='lat' dir='ltr'><strong>ex</strong></span> <span class='ocrx_word' id='word_1_708' title='bbox 3179 2513 3433 2580; x_wconf 83' lang='lat' dir='ltr'><strong>proposito</strong></span> <span class='ocrx_word' id='word_1_709' title='bbox 3452 2513 3684 2565; x_wconf 77' lang='lat' dir='ltr'><strong>voluntatis</strong></span> 
     </span>
    </p>
   </div>
   <div class='ocr_carea' id='block_1_86' title="bbox 2145 2593 3677 2666">
    <p class='ocr_par' dir='ltr' id='par_1_86' title="bbox 2145 2593 3677 2666">
     <span class='ocr_line' id='line_1_86' title="bbox 2145 2593 3677 2666; baseline 0.009 -26"><span class='ocrx_word' id='word_1_710' title='bbox 2145 2599 2358 2660; x_wconf 78' lang='lat' dir='ltr'><strong>partam.</strong></span> <span class='ocrx_word' id='word_1_711' title='bbox 2382 2621 2453 2631; x_wconf 92' lang='lat'><strong>—</strong></span> <span class='ocrx_word' id='word_1_712' title='bbox 2481 2593 2620 2664; x_wconf 85' lang='lat' dir='ltr'><strong>Ergo</strong></span> <span class='ocrx_word' id='word_1_713' title='bbox 2657 2610 2720 2649; x_wconf 81' lang='lat' dir='ltr'><strong>ex</strong></span> <span class='ocrx_word' id='word_1_714' title='bbox 2761 2597 2926 2664; x_wconf 87' lang='lat' dir='ltr'><strong>gratia</strong></span> <span class='ocrx_word' id='word_1_715' title='bbox 2978 2600 3109 2657; x_wconf 86' lang='lat' dir='ltr'><strong>illud</strong></span> <span class='ocrx_word' id='word_1_716' title='bbox 3158 2615 3260 2664; x_wconf 89' lang='lat' dir='ltr'><strong>est.</strong></span> <span class='ocrx_word' id='word_1_717' title='bbox 3305 2621 3407 2657; x_wconf 89' lang='lat' dir='ltr'><strong>tmn</strong></span> <span class='ocrx_word' id='word_1_718' title='bbox 3447 2605 3677 2666; x_wconf 78' lang='lat' dir='ltr'><strong>vacillare,</strong></span> 
     </span>
    </p>
   </div>
   <div class='ocr_carea' id='block_1_87' title="bbox 2142 2680 3684 2762">
    <p class='ocr_par' dir='ltr' id='par_1_87' title="bbox 2142 2680 3684 2762">
     <span class='ocr_line' id='line_1_87' title="bbox 2142 2680 3684 2762; baseline 0.012 -28"><span class='ocrx_word' id='word_1_719' title='bbox 2142 2680 2235 2735; x_wconf 88' lang='lat' dir='ltr'><strong>sed</strong></span> <span class='ocrx_word' id='word_1_720' title='bbox 2267 2682 2487 2738; x_wconf 88' lang='lat' dir='ltr'><strong>ﬁrmiter</strong></span> <span class='ocrx_word' id='word_1_721' title='bbox 2513 2695 2675 2740; x_wconf 88' lang='lat' dir='ltr'><strong>stare.</strong></span> <span class='ocrx_word' id='word_1_722' title='bbox 2707 2684 2942 2743; x_wconf 79' lang='lat' dir='ltr'><strong>Gratiam</strong></span> <span class='ocrx_word' id='word_1_723' title='bbox 2970 2705 3096 2746; x_wconf 88' lang='lat' dir='ltr'><strong>vero</strong></span> <span class='ocrx_word' id='word_1_724' title='bbox 3125 2709 3249 2748; x_wconf 92' lang='lat' dir='ltr'><strong>cum</strong></span> <span class='ocrx_word' id='word_1_725' title='bbox 3275 2695 3443 2760; x_wconf 89' lang='lat' dir='ltr'><strong>audis,</strong></span> <span class='ocrx_word' id='word_1_726' title='bbox 3466 2711 3581 2750; x_wconf 78' lang='lat' dir='ltr'><strong>cave</strong></span> <span class='ocrx_word' id='word_1_727' title='bbox 3607 2713 3684 2762; x_wconf 80' lang='lat' dir='ltr'><strong>pu-</strong></span> 
     </span>
    </p>
   </div>
   <div class='ocr_carea' id='block_1_88' title="bbox 2142 2775 3678 2856">
    <p class='ocr_par' dir='ltr' id='par_1_88' title="bbox 2142 2775 3678 2856">
     <span class='ocr_line' id='line_1_88' title="bbox 2142 2775 3678 2856; baseline 0.009 -30"><span class='ocrx_word' id='word_1_728' title='bbox 2142 2781 2223 2827; x_wconf 92' lang='lat' dir='ltr'><strong>tes</strong></span> <span class='ocrx_word' id='word_1_729' title='bbox 2249 2775 2456 2830; x_wconf 88' lang='lat' dir='ltr'><strong>exeludi</strong></span> <span class='ocrx_word' id='word_1_730' title='bbox 2490 2778 2788 2834; x_wconf 87' lang='lat' dir='ltr'><strong>mercedem</strong></span> <span class='ocrx_word' id='word_1_731' title='bbox 2816 2782 2958 2836; x_wconf 91' lang='lat' dir='ltr'><strong>illam</strong></span> <span class='ocrx_word' id='word_1_732' title='bbox 2985 2798 3050 2838; x_wconf 86' lang='lat' dir='ltr'><strong>ex</strong></span> <span class='ocrx_word' id='word_1_733' title='bbox 3080 2789 3360 2856; x_wconf 86' lang='lat' dir='ltr'><strong>proposito</strong></span> <span class='ocrx_word' id='word_1_734' title='bbox 3389 2789 3643 2840; x_wconf 80' lang='lat' dir='ltr'><strong>voluntatis</strong></span> <span class='ocrx_word' id='word_1_735' title='bbox 3667 2808 3678 2840; x_wconf 94' lang='lat'><strong><em>:</em></strong></span> 
     </span>
    </p>
   </div>
   <div class='ocr_carea' id='block_1_89' title="bbox 2139 2869 3688 2952">
    <p class='ocr_par' dir='ltr' id='par_1_89' title="bbox 2139 2869 3688 2952">
     <span class='ocr_line' id='line_1_89' title="bbox 2139 2869 3688 2952; baseline 0.009 -32"><span class='ocrx_word' id='word_1_736' title='bbox 2139 2869 2360 2937; x_wconf 86' lang='lat' dir='ltr'><strong>gratiam</strong></span> <span class='ocrx_word' id='word_1_737' title='bbox 2405 2871 2546 2925; x_wconf 90' lang='lat' dir='ltr'><strong>enim</strong></span> <span class='ocrx_word' id='word_1_738' title='bbox 2575 2872 2734 2938; x_wconf 87' lang='lat' dir='ltr'><strong>dicit,</strong></span> <span class='ocrx_word' id='word_1_739' title='bbox 2763 2890 2865 2928; x_wconf 91' lang='lat' dir='ltr'><strong>non</strong></span> <span class='ocrx_word' id='word_1_740' title='bbox 2893 2878 3032 2946; x_wconf 91' lang='lat' dir='ltr'><strong>quod</strong></span> <span class='ocrx_word' id='word_1_741' title='bbox 3074 2883 3338 2952; x_wconf 90' lang='lat' dir='ltr'><strong>propositi</strong></span> <span class='ocrx_word' id='word_1_742' title='bbox 3368 2881 3584 2937; x_wconf 90' lang='lat' dir='ltr'><strong>laborem</strong></span> <span class='ocrx_word' id='word_1_743' title='bbox 3617 2900 3688 2934; x_wconf 83' lang='lat' dir='ltr'><strong>re-</strong></span> 
     </span>
    </p>
   </div>
   <div class='ocr_carea' id='block_1_90' title="bbox 2141 2960 3682 3041">
    <p class='ocr_par' dir='ltr' id='par_1_90' title="bbox 2141 2960 3682 3041">
     <span class='ocr_line' id='line_1_90' title="bbox 2141 2960 3682 3041; baseline 0.005 -29"><span class='ocrx_word' id='word_1_744' title='bbox 2141 2960 2345 3030; x_wconf 88' lang='lat' dir='ltr'><strong>probet,</strong></span> <span class='ocrx_word' id='word_1_745' title='bbox 2367 2962 2459 3016; x_wconf 89' lang='lat' dir='ltr'><strong>sed</strong></span> <span class='ocrx_word' id='word_1_746' title='bbox 2487 2974 2541 3016; x_wconf 92' lang='lat' dir='ltr'><strong>ut</strong></span> <span class='ocrx_word' id='word_1_747' title='bbox 2566 2967 2883 3036; x_wconf 63' lang='lat' dir='ltr'><strong>arrogantia:</strong></span> <span class='ocrx_word' id='word_1_748' title='bbox 2900 2968 3094 3024; x_wconf 76' lang='lat' dir='ltr'><strong>fastum</strong></span> <span class='ocrx_word' id='word_1_749' title='bbox 3129 2973 3389 3028; x_wconf 89' lang='lat' dir='ltr'><strong>succidat.</strong></span> <span class='ocrx_word' id='word_1_750' title='bbox 3420 2973 3493 3028; x_wconf 85' lang='lat' dir='ltr'><strong>Ne</strong></span> <span class='ocrx_word' id='word_1_751' title='bbox 3516 2975 3682 3041; x_wconf 72' lang='lat' dir='ltr'><strong>itaque,</strong></span> 
     </span>
    </p>
   </div>
   <div class='ocr_carea' id='block_1_91' title="bbox 2138 3053 3688 3130">
    <p class='ocr_par' dir='ltr' id='par_1_91' title="bbox 2138 3053 3688 3130">
     <span class='ocr_line' id='line_1_91' title="bbox 2138 3053 3688 3130; baseline 0.008 -26"><span class='ocrx_word' id='word_1_752' title='bbox 2138 3053 2259 3120; x_wconf 91' lang='lat' dir='ltr'><strong>quia</strong></span> <span class='ocrx_word' id='word_1_753' title='bbox 2293 3053 2483 3108; x_wconf 81' lang='lat' dir='ltr'><strong>Paulus</strong></span> <span class='ocrx_word' id='word_1_754' title='bbox 2513 3056 2642 3110; x_wconf 91' lang='lat' dir='ltr'><strong>illud</strong></span> <span class='ocrx_word' id='word_1_755' title='bbox 2680 3060 2903 3127; x_wconf 82' lang='lat' dir='ltr'><strong>gratiam</strong></span> <span class='ocrx_word' id='word_1_756' title='bbox 2948 3063 3201 3130; x_wconf 80' lang='lat' dir='ltr'><strong>vocavit,</strong></span> <span class='ocrx_word' id='word_1_757' title='bbox 3233 3067 3412 3119; x_wconf 87' lang='lat' dir='ltr'><strong>animo</strong></span> <span class='ocrx_word' id='word_1_758' title='bbox 3449 3065 3688 3119; x_wconf 84' lang='lat' dir='ltr'><strong>concidas.</strong></span> 
     </span>
    </p>
   </div>
   <div class='ocr_carea' id='block_1_92' title="bbox 2139 3144 3689 3226">
    <p class='ocr_par' dir='ltr' id='par_1_92' title="bbox 2139 3144 3689 3226">
     <span class='ocr_line' id='line_1_92' title="bbox 2139 3144 3689 3226; baseline 0.006 -27"><span class='ocrx_word' id='word_1_759' title='bbox 2139 3144 2286 3201; x_wconf 81' lang='lat' dir='ltr'><strong>Grati</strong></span> <span class='ocrx_word' id='word_1_760' title='bbox 2315 3148 2455 3201; x_wconf 90' lang='lat' dir='ltr'><strong>enim</strong></span> <span class='ocrx_word' id='word_1_761' title='bbox 2482 3149 2643 3203; x_wconf 88' lang='lat' dir='ltr'><strong>animi</strong></span> <span class='ocrx_word' id='word_1_762' title='bbox 2681 3166 2838 3205; x_wconf 86' lang='lat' dir='ltr'><strong>causa</strong></span> <span class='ocrx_word' id='word_1_763' title='bbox 2867 3153 3004 3208; x_wconf 88' lang='lat' dir='ltr'><strong>solet</strong></span> <span class='ocrx_word' id='word_1_764' title='bbox 3030 3167 3181 3210; x_wconf 89' lang='lat' dir='ltr'><strong>recte</strong></span> <span class='ocrx_word' id='word_1_765' title='bbox 3210 3157 3346 3211; x_wconf 75' lang='lat' dir='ltr'><strong>facta</strong></span> <span class='ocrx_word' id='word_1_766' title='bbox 3375 3161 3583 3226; x_wconf 88' lang='lat' dir='ltr'><strong>gratiam</strong></span> <span class='ocrx_word' id='word_1_767' title='bbox 3608 3172 3689 3208; x_wconf 52' lang='lat' dir='ltr'><strong>vo.</strong></span> 
     </span>
    </p>
   </div>
   <div class='ocr_carea' id='block_1_93' title="bbox 2138 3245 3696 3321">
    <p class='ocr_par' dir='ltr' id='par_1_93' title="bbox 2138 3245 3696 3321">
     <span class='ocr_line' id='line_1_93' title="bbox 2138 3245 3696 3321; baseline 0.005 -27"><span class='ocrx_word' id='word_1_768' title='bbox 2138 3255 2297 3308; x_wconf 90' lang='lat' dir='ltr'><strong>care,</strong></span> <span class='ocrx_word' id='word_1_769' title='bbox 2330 3245 2577 3311; x_wconf 88' lang='lat' dir='ltr'><strong>quoniam</strong></span> <span class='ocrx_word' id='word_1_770' title='bbox 2621 3246 2672 3299; x_wconf 91' lang='lat' dir='ltr'><strong>in</strong></span> <span class='ocrx_word' id='word_1_771' title='bbox 2707 3245 2852 3303; x_wconf 89' lang='lat' dir='ltr'><strong>hisce</strong></span> <span class='ocrx_word' id='word_1_772' title='bbox 2895 3264 2993 3303; x_wconf 92' lang='lat' dir='ltr'><strong>nos</strong></span> <span class='ocrx_word' id='word_1_773' title='bbox 3024 3252 3196 3307; x_wconf 90' lang='lat' dir='ltr'><strong>multa</strong></span> <span class='ocrx_word' id='word_1_774' title='bbox 3235 3267 3450 3321; x_wconf 86' lang='lat' dir='ltr'><strong>egemus</strong></span> <span class='ocrx_word' id='word_1_775' title='bbox 3492 3265 3696 3320; x_wconf 82' lang='lat' dir='ltr'><strong>superna</strong></span> 
     </span>
    </p>
   </div>
   <div class='ocr_carea' id='block_1_94' title="bbox 2139 3332 3694 3408">
    <p class='ocr_par' dir='ltr' id='par_1_94' title="bbox 2139 3332 3694 3408">
     <span class='ocr_line' id='line_1_94' title="bbox 2139 3332 3694 3408; baseline 0.004 -24"><span class='ocrx_word' id='word_1_776' title='bbox 2139 3334 2323 3397; x_wconf 79' lang='lat' dir='ltr'><strong>gratia.</strong></span> <span class='ocrx_word' id='word_1_777' title='bbox 2344 3332 2475 3387; x_wconf 89' lang='lat' dir='ltr'><strong>Cum</strong></span> <span class='ocrx_word' id='word_1_778' title='bbox 2495 3334 2626 3389; x_wconf 88' lang='lat' dir='ltr'><strong>dixit</strong></span> <span class='ocrx_word' id='word_1_779' title='bbox 2645 3345 2844 3401; x_wconf 86' lang='lat' dir='ltr'><strong>autem,</strong></span> <span class='ocrx_word' id='word_1_780' title='bbox 2864 3338 2945 3392; x_wconf 85' lang='lat' dir='ltr'><strong>Ad</strong></span> <span class='ocrx_word' id='word_1_781' title='bbox 2966 3356 3057 3393; x_wconf 84' lang='lat' dir='ltr'><strong>con</strong></span> <span class='ocrx_word' id='word_1_782' title='bbox 3065 3342 3356 3408; x_wconf 79' lang='lat' dir='ltr'><strong>ﬁrmandos</strong></span> <span class='ocrx_word' id='word_1_783' title='bbox 3374 3360 3474 3405; x_wconf 79' lang='lat' dir='ltr'><strong>ros,</strong></span> <span class='ocrx_word' id='word_1_784' title='bbox 3495 3343 3694 3395; x_wconf 83' lang='lat' dir='ltr'><strong>latenter</strong></span> 
     </span>
    </p>
   </div>
   <div class='ocr_carea' id='block_1_95' title="bbox 2141 3423 3696 3499">
    <p class='ocr_par' dir='ltr' id='par_1_95' title="bbox 2141 3423 3696 3499">
     <span class='ocr_line' id='line_1_95' title="bbox 2141 3423 3696 3499; baseline 0.005 -23"><span class='ocrx_word' id='word_1_785' title='bbox 2141 3423 2339 3478; x_wconf 90' lang='lat' dir='ltr'><strong>indicat</strong></span> <span class='ocrx_word' id='word_1_786' title='bbox 2367 3441 2524 3495; x_wconf 86' lang='lat' dir='ltr'><strong>egere</strong></span> <span class='ocrx_word' id='word_1_787' title='bbox 2555 3427 2671 3481; x_wconf 92' lang='lat' dir='ltr'><strong>illos</strong></span> <span class='ocrx_word' id='word_1_788' title='bbox 2701 3445 2890 3499; x_wconf 87' lang='lat' dir='ltr'><strong>magna</strong></span> <span class='ocrx_word' id='word_1_789' title='bbox 2915 3434 3277 3489; x_wconf 82' lang='lat' dir='ltr'><strong>correctiOue.</strong></span> <span class='ocrx_word' id='word_1_790' title='bbox 3308 3434 3416 3488; x_wconf 91' lang='lat' dir='ltr'><strong>lloc</strong></span> <span class='ocrx_word' id='word_1_791' title='bbox 3449 3434 3582 3487; x_wconf 83' lang='lat' dir='ltr'><strong>enim</strong></span> <span class='ocrx_word' id='word_1_792' title='bbox 3603 3433 3696 3485; x_wconf 88' lang='lat' dir='ltr'><strong>vult</strong></span> 
     </span>
    </p>
   </div>
   <div class='ocr_carea' id='block_1_96' title="bbox 2138 3518 3698 3595">
    <p class='ocr_par' dir='ltr' id='par_1_96' title="bbox 2138 3518 3698 3595">
     <span class='ocr_line' id='line_1_96' title="bbox 2138 3518 3698 3595; baseline 0 -21"><span class='ocrx_word' id='word_1_793' title='bbox 2138 3518 2440 3588; x_wconf 84' lang='lat' dir='ltr'><strong>signiﬁcare</strong></span> <span class='ocrx_word' id='word_1_794' title='bbox 2465 3538 2477 3574; x_wconf 93' lang='lat'>:</span> <span class='ocrx_word' id='word_1_795' title='bbox 2503 3522 2543 3574; x_wconf 85' lang='lat' dir='ltr'><strong>A</strong></span> <span class='ocrx_word' id='word_1_796' title='bbox 2571 3521 2738 3575; x_wconf 90' lang='lat' dir='ltr'><strong>multo</strong></span> <span class='ocrx_word' id='word_1_797' title='bbox 2764 3525 3392 3593; x_wconf 88' lang='lat' dir='ltr'><strong>temporedesiderabam</strong></span> <span class='ocrx_word' id='word_1_798' title='bbox 3409 3538 3460 3581; x_wconf 90' lang='lat' dir='ltr'><strong>et</strong></span> <span class='ocrx_word' id='word_1_799' title='bbox 3477 3529 3524 3580; x_wconf 87' lang='lat' dir='ltr'><strong>in</strong></span> <span class='ocrx_word' id='word_1_800' title='bbox 3541 3536 3698 3595; x_wconf 84' lang='lat' dir='ltr'><strong>aptam</strong></span> 
     </span>
    </p>
   </div>
   <div class='ocr_carea' id='block_1_97' title="bbox 2140 3608 3696 3692">
    <p class='ocr_par' dir='ltr' id='par_1_97' title="bbox 2140 3608 3696 3692">
     <span class='ocr_line' id='line_1_97' title="bbox 2140 3608 3696 3692; baseline 0.004 -28"><span class='ocrx_word' id='word_1_801' title='bbox 2140 3608 2398 3666; x_wconf 79' lang='lat' dir='ltr'><strong>habebam</strong></span> <span class='ocrx_word' id='word_1_802' title='bbox 2429 3628 2522 3668; x_wconf 80' lang='lat' dir='ltr'><strong>Vos</strong></span> <span class='ocrx_word' id='word_1_803' title='bbox 2551 3614 2750 3678; x_wconf 85' lang='lat' dir='ltr'><strong>videre,</strong></span> <span class='ocrx_word' id='word_1_804' title='bbox 2786 3631 2888 3670; x_wconf 91' lang='lat' dir='ltr'><strong>non</strong></span> <span class='ocrx_word' id='word_1_805' title='bbox 2917 3616 3018 3671; x_wconf 86' lang='lat' dir='ltr'><strong>alia</strong></span> <span class='ocrx_word' id='word_1_806' title='bbox 3048 3619 3120 3675; x_wconf 91' lang='lat' dir='ltr'><strong>de</strong></span> <span class='ocrx_word' id='word_1_807' title='bbox 3149 3635 3336 3688; x_wconf 84' lang='lat' dir='ltr'><strong>causa,</strong></span> <span class='ocrx_word' id='word_1_808' title='bbox 3365 3636 3516 3692; x_wconf 90' lang='lat' dir='ltr'><strong>quam</strong></span> <span class='ocrx_word' id='word_1_809' title='bbox 3543 3631 3592 3671; x_wconf 87' lang='lat' dir='ltr'><strong>ut</strong></span> <span class='ocrx_word' id='word_1_810' title='bbox 3619 3633 3696 3671; x_wconf 87' lang='lat' dir='ltr'><strong>vos</strong></span> 
     </span>
    </p>
   </div>
   <div class='ocr_carea' id='block_1_98' title="bbox 2139 3702 3701 3776">
    <p class='ocr_par' dir='ltr' id='par_1_98' title="bbox 2139 3702 3701 3776">
     <span class='ocr_line' id='line_1_98' title="bbox 2139 3702 3701 3776; baseline 0.001 -20"><span class='ocrx_word' id='word_1_811' title='bbox 2139 3702 2512 3758; x_wconf 88' lang='lat' dir='ltr'><strong>conﬁrmarem</strong></span> <span class='ocrx_word' id='word_1_812' title='bbox 2540 3715 2591 3759; x_wconf 92' lang='lat' dir='ltr'><strong>et</strong></span> <span class='ocrx_word' id='word_1_813' title='bbox 2630 3705 2797 3776; x_wconf 82' lang='lat' dir='ltr'><strong>probe</strong></span> <span class='ocrx_word' id='word_1_814' title='bbox 2822 3707 3118 3764; x_wconf 87' lang='lat' dir='ltr'><strong>stabilirem</strong></span> <span class='ocrx_word' id='word_1_815' title='bbox 3155 3712 3208 3764; x_wconf 88' lang='lat' dir='ltr'><strong>in</strong></span> <span class='ocrx_word' id='word_1_816' title='bbox 3254 3713 3445 3765; x_wconf 85' lang='lat' dir='ltr'><strong>timore</strong></span> <span class='ocrx_word' id='word_1_817' title='bbox 3474 3713 3489 3742; x_wconf 85' lang='grc'>¹</span> <span class='ocrx_word' id='word_1_818' title='bbox 3524 3710 3624 3772; x_wconf 82' lang='lat' dir='ltr'><strong>Dei,</strong></span> <span class='ocrx_word' id='word_1_819' title='bbox 3655 3719 3701 3758; x_wconf 87' lang='lat' dir='ltr'><strong>ttt</strong></span> 
     </span>
    </p>
   </div>
   <div class='ocr_carea' id='block_1_99' title="bbox 2141 3797 3701 3868">
    <p class='ocr_par' dir='ltr' id='par_1_99' title="bbox 2141 3797 3701 3868">
     <span class='ocr_line' id='line_1_99' title="bbox 2141 3797 3701 3868; baseline 0.001 -19"><span class='ocrx_word' id='word_1_820' title='bbox 2141 3810 2208 3850; x_wconf 90' lang='lat' dir='ltr'><strong>ne</strong></span> <span class='ocrx_word' id='word_1_821' title='bbox 2238 3805 2489 3864; x_wconf 86' lang='lat' dir='ltr'><strong>perpetuo</strong></span> <span class='ocrx_word' id='word_1_822' title='bbox 2512 3797 2789 3852; x_wconf 87' lang='lat' dir='ltr'><strong>vacilletis.</strong></span> <span class='ocrx_word' id='word_1_823' title='bbox 2817 3799 2882 3853; x_wconf 85' lang='lat' dir='ltr'><strong>At</strong></span> <span class='ocrx_word' id='word_1_824' title='bbox 2911 3815 3016 3855; x_wconf 91' lang='lat' dir='ltr'><strong>non</strong></span> <span class='ocrx_word' id='word_1_825' title='bbox 3041 3802 3111 3855; x_wconf 90' lang='lat' dir='ltr'><strong>ita</strong></span> <span class='ocrx_word' id='word_1_826' title='bbox 3138 3803 3316 3868; x_wconf 89' lang='lat' dir='ltr'><strong>dixit;</strong></span> <span class='ocrx_word' id='word_1_827' title='bbox 3346 3803 3423 3856; x_wconf 93' lang='lat' dir='ltr'><strong>sic</strong></span> <span class='ocrx_word' id='word_1_828' title='bbox 3449 3803 3579 3856; x_wconf 87' lang='lat' dir='ltr'><strong>enim</strong></span> <span class='ocrx_word' id='word_1_829' title='bbox 3601 3801 3701 3852; x_wconf 74' lang='lat' dir='ltr'><strong>illos</strong></span> 
     </span>
    </p>
   </div>
   <div class='ocr_carea' id='block_1_100' title="bbox 2142 3887 3702 3962">
    <p class='ocr_par' dir='ltr' id='par_1_100' title="bbox 2142 3887 3702 3962">
     <span class='ocr_line' id='line_1_100' title="bbox 2142 3887 3702 3962; baseline 0 -22"><span class='ocrx_word' id='word_1_830' title='bbox 2142 3887 2539 3956; x_wconf 79' lang='lat' dir='ltr'><strong>perstrinxissct</strong></span> <span class='ocrx_word' id='word_1_831' title='bbox 2566 3905 2580 3952; x_wconf 94' lang='lat'><strong>;</strong></span> <span class='ocrx_word' id='word_1_832' title='bbox 2632 3888 2725 3943; x_wconf 82' lang='lat' dir='ltr'><strong>sed</strong></span> <span class='ocrx_word' id='word_1_833' title='bbox 2761 3891 2864 3943; x_wconf 88' lang='lat' dir='ltr'><strong>alio</strong></span> <span class='ocrx_word' id='word_1_834' title='bbox 2889 3890 3049 3945; x_wconf 90' lang='lat' dir='ltr'><strong>modo</strong></span> <span class='ocrx_word' id='word_1_835' title='bbox 3078 3895 3474 3962; x_wconf 89' lang='lat' dir='ltr'><strong>remissiusque</strong></span> <span class='ocrx_word' id='word_1_836' title='bbox 3503 3893 3702 3962; x_wconf 86' lang='lat' dir='ltr'><strong>idipsum</strong></span> 
     </span>
    </p>
   </div>
   <div class='ocr_carea' id='block_1_101' title="bbox 2142 3978 3700 4051">
    <p class='ocr_par' dir='ltr' id='par_1_101' title="bbox 2142 3978 3700 4051">
     <span class='ocr_line' id='line_1_101' title="bbox 2142 3978 3700 4051; baseline 0.001 -19"><span class='ocrx_word' id='word_1_837' title='bbox 2142 3978 2444 4033; x_wconf 88' lang='lat' dir='ltr'><strong>subiudicat</strong></span> <span class='ocrx_word' id='word_1_838' title='bbox 2477 3996 2490 4031; x_wconf 90' lang='lat'><strong>:</strong></span> <span class='ocrx_word' id='word_1_839' title='bbox 2523 3994 2642 4033; x_wconf 88' lang='lat' dir='ltr'><strong>cmn</strong></span> <span class='ocrx_word' id='word_1_840' title='bbox 2692 3982 2833 4035; x_wconf 90' lang='lat' dir='ltr'><strong>enim</strong></span> <span class='ocrx_word' id='word_1_841' title='bbox 2874 3982 3028 4047; x_wconf 90' lang='lat' dir='ltr'><strong>dicit,</strong></span> <span class='ocrx_word' id='word_1_842' title='bbox 3077 3984 3162 4037; x_wconf 79' lang='lat' dir='ltr'><strong>Ad</strong></span> <span class='ocrx_word' id='word_1_843' title='bbox 3191 3986 3566 4051; x_wconf 82' lang='lat' dir='ltr'><strong>conﬁrmandos</strong></span> <span class='ocrx_word' id='word_1_844' title='bbox 3597 3999 3700 4040; x_wconf 68' lang='lat' dir='ltr'><strong>vos,</strong></span> 
     </span>
    </p>
   </div>
   <div class='ocr_carea' id='block_1_102' title="bbox 2144 4070 3708 4145">
    <p class='ocr_par' dir='ltr' id='par_1_102' title="bbox 2144 4070 3708 4145">
     <span class='ocr_line' id='line_1_102' title="bbox 2144 4070 3708 4145; baseline 0.001 -21"><span class='ocrx_word' id='word_1_845' title='bbox 2144 4070 2245 4124; x_wconf 86' lang='lat' dir='ltr'><strong>hoc</strong></span> <span class='ocrx_word' id='word_1_846' title='bbox 2273 4071 2442 4140; x_wconf 90' lang='lat' dir='ltr'><strong>ipsum</strong></span> <span class='ocrx_word' id='word_1_847' title='bbox 2468 4073 2748 4141; x_wconf 86' lang='lat' dir='ltr'><strong>signiﬁcat.</strong></span> <span class='ocrx_word' id='word_1_848' title='bbox 2796 4073 2992 4129; x_wconf 86' lang='lat' dir='ltr'><strong>Deinde</strong></span> <span class='ocrx_word' id='word_1_849' title='bbox 3012 4117 3026 4139; x_wconf 95' lang='lat'><strong>,</strong></span> <span class='ocrx_word' id='word_1_850' title='bbox 3065 4078 3193 4145; x_wconf 90' lang='lat' dir='ltr'><strong>quia</strong></span> <span class='ocrx_word' id='word_1_851' title='bbox 3225 4079 3358 4131; x_wconf 92' lang='lat' dir='ltr'><strong>illud</strong></span> <span class='ocrx_word' id='word_1_852' title='bbox 3391 4077 3539 4130; x_wconf 83' lang='lat' dir='ltr'><strong>valde</strong></span> <span class='ocrx_word' id='word_1_853' title='bbox 3566 4077 3708 4129; x_wconf 73' lang='lat' dir='ltr'><strong>moTe-</strong></span> 
     </span>
    </p>
   </div>
   <div class='ocr_carea' id='block_1_103' title="bbox 2143 4164 3705 4238">
    <p class='ocr_par' dir='ltr' id='par_1_103' title="bbox 2143 4164 3705 4238">
     <span class='ocr_line' id='line_1_103' title="bbox 2143 4164 3705 4238; baseline 0.001 -22"><span class='ocrx_word' id='word_1_854' title='bbox 2143 4174 2282 4218; x_wconf 86' lang='lat' dir='ltr'><strong>stum</strong></span> <span class='ocrx_word' id='word_1_855' title='bbox 2307 4175 2440 4229; x_wconf 86' lang='lat' dir='ltr'><strong>erat,</strong></span> <span class='ocrx_word' id='word_1_856' title='bbox 2470 4165 2590 4219; x_wconf 89' lang='lat' dir='ltr'><strong>vide</strong></span> <span class='ocrx_word' id='word_1_857' title='bbox 2625 4167 2890 4234; x_wconf 88' lang='lat' dir='ltr'><strong>quomodo</strong></span> <span class='ocrx_word' id='word_1_858' title='bbox 2920 4183 3013 4235; x_wconf 86' lang='lat' dir='ltr'><strong>per</strong></span> <span class='ocrx_word' id='word_1_859' title='bbox 3042 4183 3103 4222; x_wconf 91' lang='lat' dir='ltr'><strong>ea</strong></span> <span class='ocrx_word' id='word_1_860' title='bbox 3144 4185 3272 4238; x_wconf 67' lang='lat' dir='ltr'><strong>qua:</strong></span> <span class='ocrx_word' id='word_1_861' title='bbox 3299 4169 3447 4222; x_wconf 89' lang='lat' dir='ltr'><strong>addit</strong></span> <span class='ocrx_word' id='word_1_862' title='bbox 3472 4167 3592 4221; x_wconf 89' lang='lat' dir='ltr'><strong>illud</strong></span> <span class='ocrx_word' id='word_1_863' title='bbox 3619 4164 3705 4218; x_wconf 86' lang='lat' dir='ltr'><strong>tui-</strong></span> 
     </span>
    </p>
   </div>
   <div class='ocr_carea' id='block_1_104' title="bbox 2144 4257 3712 4333">
    <p class='ocr_par' dir='ltr' id='par_1_104' title="bbox 2144 4257 3712 4333">
     <span class='ocr_line' id='line_1_104' title="bbox 2144 4257 3712 4333; baseline 0.001 -24"><span class='ocrx_word' id='word_1_864' title='bbox 2144 4257 2290 4326; x_wconf 85' lang='lat' dir='ltr'><strong>tiget.</strong></span> <span class='ocrx_word' id='word_1_865' title='bbox 2324 4257 2400 4311; x_wconf 87' lang='lat' dir='ltr'><strong>Ne</strong></span> <span class='ocrx_word' id='word_1_866' title='bbox 2428 4258 2665 4313; x_wconf 90' lang='lat' dir='ltr'><strong>dicerent</strong></span> <span class='ocrx_word' id='word_1_867' title='bbox 2697 4261 2835 4313; x_wconf 90' lang='lat' dir='ltr'><strong>enim</strong></span> <span class='ocrx_word' id='word_1_868' title='bbox 2877 4278 2889 4314; x_wconf 92' lang='lat'>:</span> <span class='ocrx_word' id='word_1_869' title='bbox 2919 4262 3054 4329; x_wconf 80' lang='lat' dir='ltr'><strong>Quid</strong></span> <span class='ocrx_word' id='word_1_870' title='bbox 3083 4279 3241 4333; x_wconf 88' lang='lat' dir='ltr'><strong>ergo,</strong></span> <span class='ocrx_word' id='word_1_871' title='bbox 3275 4280 3345 4318; x_wconf 88' lang='lat' dir='ltr'><strong>an</strong></span> <span class='ocrx_word' id='word_1_872' title='bbox 3377 4260 3712 4318; x_wconf 73' lang='lat' dir='ltr'><strong>vacillamus?</strong></span> 
     </span>
    </p>
   </div>
   <div class='ocr_carea' id='block_1_105' title="bbox 2143 4352 3712 4427">
    <p class='ocr_par' dir='ltr' id='par_1_105' title="bbox 2143 4352 3712 4427">
     <span class='ocr_line' id='line_1_105' title="bbox 2143 4352 3712 4427; baseline 0.001 -24"><span class='ocrx_word' id='word_1_873' title='bbox 2143 4366 2210 4404; x_wconf 90' lang='lat' dir='ltr'><strong>an</strong></span> <span class='ocrx_word' id='word_1_874' title='bbox 2255 4352 2682 4422; x_wconf 86' lang='lat' dir='ltr'><strong>circumagimur,</strong></span> <span class='ocrx_word' id='word_1_875' title='bbox 2714 4363 2768 4408; x_wconf 92' lang='lat' dir='ltr'><strong>et</strong></span> <span class='ocrx_word' id='word_1_876' title='bbox 2807 4363 2890 4408; x_wconf 87' lang='lat' dir='ltr'><strong>tua</strong></span> <span class='ocrx_word' id='word_1_877' title='bbox 2934 4370 3159 4425; x_wconf 87' lang='lat' dir='ltr'><strong>egemus</strong></span> <span class='ocrx_word' id='word_1_878' title='bbox 3203 4357 3385 4427; x_wconf 88' lang='lat' dir='ltr'><strong>lingua</strong></span> <span class='ocrx_word' id='word_1_879' title='bbox 3420 4368 3475 4410; x_wconf 93' lang='lat' dir='ltr'><strong>ut</strong></span> <span class='ocrx_word' id='word_1_880' title='bbox 3516 4355 3712 4408; x_wconf 83' lang='lat' dir='ltr'><strong>ﬁrmiter</strong></span> 
     </span>
    </p>
   </div>
   <div class='ocr_carea' id='block_1_106' title="bbox 2144 4444 3714 4517">
    <p class='ocr_par' dir='ltr' id='par_1_106' title="bbox 2144 4444 3714 4517">
     <span class='ocr_line' id='line_1_106' title="bbox 2144 4444 3714 4517; baseline -0.003 -19"><span class='ocrx_word' id='word_1_881' title='bbox 2144 4455 2344 4499; x_wconf 86' lang='lat' dir='ltr'><strong>stemus</strong></span> <span class='ocrx_word' id='word_1_882' title='bbox 2374 4447 2397 4499; x_wconf 87' lang='lat'><strong>?</strong></span> <span class='ocrx_word' id='word_1_883' title='bbox 2425 4444 2561 4500; x_wconf 88' lang='lat' dir='ltr'><strong>hanc</strong></span> <span class='ocrx_word' id='word_1_884' title='bbox 2599 4448 2866 4516; x_wconf 74' lang='lat' dir='ltr'><strong>pratvertit</strong></span> <span class='ocrx_word' id='word_1_885' title='bbox 2890 4447 3255 4517; x_wconf 85' lang='lat' dir='ltr'><strong>ebjectionem</strong></span> <span class='ocrx_word' id='word_1_886' title='bbox 3289 4449 3375 4503; x_wconf 84' lang='lat' dir='ltr'><strong>bis</strong></span> <span class='ocrx_word' id='word_1_887' title='bbox 3401 4448 3571 4502; x_wconf 87' lang='lat' dir='ltr'><strong>verbis</strong></span> <span class='ocrx_word' id='word_1_888' title='bbox 3599 4466 3611 4500; x_wconf 87' lang='lat'><strong>:</strong></span> <span class='ocrx_word' id='word_1_889' title='bbox 3641 4444 3714 4497; x_wconf 67' lang='lat' dir='ltr'><strong>l3.</strong></span> 
     </span>
    </p>
   </div>
   <div class='ocr_carea' id='block_1_107' title="bbox 2153 4537 3714 4609">
    <p class='ocr_par' dir='ltr' id='par_1_107' title="bbox 2153 4537 3714 4609">
     <span class='ocr_line' id='line_1_107' title="bbox 2153 4537 3714 4609; baseline 0.003 -19"><span class='ocrx_word' id='word_1_890' title='bbox 2153 4537 2262 4590; x_wconf 79' lang='lat' dir='ltr'><strong>Hoc</strong></span> <span class='ocrx_word' id='word_1_891' title='bbox 2291 4547 2362 4592; x_wconf 88' lang='lat' dir='ltr'><strong>est</strong></span> <span class='ocrx_word' id='word_1_892' title='bbox 2399 4548 2599 4605; x_wconf 83' lang='lat' dir='ltr'><strong>autent,</strong></span> <span class='ocrx_word' id='word_1_893' title='bbox 2640 4539 2792 4593; x_wconf 86' lang='lat' dir='ltr'><strong>simul</strong></span> <span class='ocrx_word' id='word_1_894' title='bbox 2831 4540 3084 4593; x_wconf 82' lang='lat' dir='ltr'><strong>consolari</strong></span> <span class='ocrx_word' id='word_1_895' title='bbox 3115 4541 3171 4593; x_wconf 87' lang='lat' dir='ltr'><strong>in</strong></span> <span class='ocrx_word' id='word_1_896' title='bbox 3215 4542 3360 4594; x_wconf 79' lang='lat' dir='ltr'><strong>vobis</strong></span> <span class='ocrx_word' id='word_1_897' title='bbox 3389 4558 3478 4609; x_wconf 85' lang='lat' dir='ltr'><strong>per</strong></span> <span class='ocrx_word' id='word_1_898' title='bbox 3515 4547 3714 4589; x_wconf 69' lang='lat' dir='ltr'><strong>multm&quot;!</strong></span> 
     </span>
    </p>
   </div>
   <div class='ocr_carea' id='block_1_108' title="bbox 2145 4624 3717 4699">
    <p class='ocr_par' dir='ltr' id='par_1_108' title="bbox 2145 4624 3717 4699">
     <span class='ocr_line' id='line_1_108' title="bbox 2145 4624 3717 4699; baseline -0.001 -17"><span class='ocrx_word' id='word_1_899' title='bbox 2145 4631 2317 4699; x_wconf 71' lang='lat' dir='ltr'><strong>ﬁdem,</strong></span> <span class='ocrx_word' id='word_1_900' title='bbox 2341 4641 2553 4683; x_wconf 74' lang='lat' dir='ltr'><strong>vestram</strong></span> <span class='ocrx_word' id='word_1_901' title='bbox 2578 4639 2624 4683; x_wconf 87' lang='lat' dir='ltr'><strong>et</strong></span> <span class='ocrx_word' id='word_1_902' title='bbox 2651 4648 2832 4684; x_wconf 76' lang='lat' dir='ltr'><strong>meum.</strong></span> <span class='ocrx_word' id='word_1_903' title='bbox 2859 4633 2932 4684; x_wconf 84' lang='lat' dir='ltr'><strong>Ac</strong></span> <span class='ocrx_word' id='word_1_904' title='bbox 2955 4632 2996 4688; x_wconf 83' lang='lat' dir='ltr'><strong>si</strong></span> <span class='ocrx_word' id='word_1_905' title='bbox 3029 4632 3266 4697; x_wconf 80' lang='lat' dir='ltr'><strong>diceret,</strong></span> <span class='ocrx_word' id='word_1_906' title='bbox 3293 4629 3374 4686; x_wconf 79' lang='lat' dir='ltr'><strong>Ne</strong></span> <span class='ocrx_word' id='word_1_907' title='bbox 3397 4624 3717 4698; x_wconf 69' lang='lat' dir='ltr'><strong>suapicemitti</strong></span> 
     </span>
    </p>
   </div>
   <div class='ocr_carea' id='block_1_109' title="bbox 2147 4723 3720 4779">
    <p class='ocr_par' dir='ltr' id='par_1_109' title="bbox 2147 4723 3720 4779">
     <span class='ocr_line' id='line_1_109' title="bbox 2147 4723 3720 4779; baseline -0.006 -3"><span class='ocrx_word' id='word_1_908' title='bbox 2147 4739 2231 4776; x_wconf 86' lang='lat' dir='ltr'><strong>me</strong></span> <span class='ocrx_word' id='word_1_909' title='bbox 2258 4723 2543 4776; x_wconf 88' lang='lat' dir='ltr'><strong>accusandi</strong></span> <span class='ocrx_word' id='word_1_910' title='bbox 2575 4739 2735 4779; x_wconf 83' lang='lat' dir='ltr'><strong>causa</strong></span> <span class='ocrx_word' id='word_1_911' title='bbox 2765 4724 2814 4778; x_wconf 91' lang='lat' dir='ltr'><strong>id</strong></span> <span class='ocrx_word' id='word_1_912' title='bbox 2845 4724 2996 4778; x_wconf 83' lang='lat' dir='ltr'><strong>vobis</strong></span> <span class='ocrx_word' id='word_1_913' title='bbox 3020 4724 3232 4779; x_wconf 76' lang='lat' dir='ltr'><strong>dixisse</strong></span> <span class='ocrx_word' id='word_1_914' title='bbox 3265 4744 3278 4778; x_wconf 92' lang='lat'>:</span> <span class='ocrx_word' id='word_1_915' title='bbox 3307 4742 3416 4779; x_wconf 87' lang='lat' dir='ltr'><strong>nou</strong></span> <span class='ocrx_word' id='word_1_916' title='bbox 3443 4724 3539 4777; x_wconf 88' lang='lat' dir='ltr'><strong>hac</strong></span> <span class='ocrx_word' id='word_1_917' title='bbox 3564 4729 3720 4774; x_wconf 78' lang='lat' dir='ltr'><strong>tuente</strong></span> 
     </span>
    </p>
   </div>
   <div class='ocr_carea' id='block_1_110' title="bbox 2145 4809 3728 4887">
    <p class='ocr_par' dir='ltr' id='par_1_110' title="bbox 2145 4809 3728 4887">
     <span class='ocr_line' id='line_1_110' title="bbox 2145 4809 3728 4887; baseline 0 -18"><span class='ocrx_word' id='word_1_918' title='bbox 2145 4815 2394 4885; x_wconf 89' lang='lat' dir='ltr'><strong>loquutus</strong></span> <span class='ocrx_word' id='word_1_919' title='bbox 2436 4833 2592 4879; x_wconf 84' lang='lat' dir='ltr'><strong>sum;</strong></span> <span class='ocrx_word' id='word_1_920' title='bbox 2630 4817 2721 4870; x_wconf 85' lang='lat' dir='ltr'><strong>sed</strong></span> <span class='ocrx_word' id='word_1_921' title='bbox 2753 4817 2875 4887; x_wconf 91' lang='lat' dir='ltr'><strong>quid</strong></span> <span class='ocrx_word' id='word_1_922' title='bbox 2909 4817 3049 4870; x_wconf 86' lang='lat' dir='ltr'><strong>volui</strong></span> <span class='ocrx_word' id='word_1_923' title='bbox 3080 4817 3281 4872; x_wconf 75' lang='lat' dir='ltr'><strong>dicere</strong></span> <span class='ocrx_word' id='word_1_924' title='bbox 3304 4818 3331 4871; x_wconf 79' lang='lat' dir='ltr'><strong>‘l</strong></span> <span class='ocrx_word' id='word_1_925' title='bbox 3373 4817 3565 4872; x_wconf 77' lang='lat' dir='ltr'><strong>Multas</strong></span> <span class='ocrx_word' id='word_1_926' title='bbox 3599 4809 3728 4881; x_wconf 61' lang='lat' dir='ltr'><strong>pasS&#39;l</strong></span> 
     </span>
    </p>
   </div>
   <div class='ocr_carea' id='block_1_111' title="bbox 2145 4907 3722 4980">
    <p class='ocr_par' dir='ltr' id='par_1_111' title="bbox 2145 4907 3722 4980">
     <span class='ocr_line' id='line_1_111' title="bbox 2145 4907 3722 4980; baseline -0.008 -15"><span class='ocrx_word' id='word_1_927' title='bbox 2145 4911 2275 4965; x_wconf 91' lang='lat' dir='ltr'><strong>estis</strong></span> <span class='ocrx_word' id='word_1_928' title='bbox 2300 4926 2566 4964; x_wconf 74' lang='lat' dir='ltr'><strong>:rrumnas</strong></span> <span class='ocrx_word' id='word_1_929' title='bbox 2591 4910 2659 4964; x_wconf 89' lang='lat' dir='ltr'><strong>ab</strong></span> <span class='ocrx_word' id='word_1_930' title='bbox 2689 4910 2785 4972; x_wconf 92' lang='lat' dir='ltr'><strong>iis,</strong></span> <span class='ocrx_word' id='word_1_931' title='bbox 2820 4911 2907 4979; x_wconf 89' lang='lat' dir='ltr'><strong>qui</strong></span> <span class='ocrx_word' id='word_1_932' title='bbox 2945 4925 3040 4965; x_wconf 84' lang='lat' dir='ltr'><strong>vos</strong></span> <span class='ocrx_word' id='word_1_933' title='bbox 3070 4919 3208 4964; x_wconf 88' lang='lat' dir='ltr'><strong>sunt</strong></span> <span class='ocrx_word' id='word_1_934' title='bbox 3254 4907 3566 4980; x_wconf 81' lang='lat' dir='ltr'><strong>persequuti</strong></span> <span class='ocrx_word' id='word_1_935' title='bbox 3599 4922 3612 4956; x_wconf 86' lang='lat'><strong>:</strong></span> <span class='ocrx_word' id='word_1_936' title='bbox 3642 4915 3722 4953; x_wconf 83' lang='lat' dir='ltr'><strong>vos</strong></span> 
     </span>
    </p>
   </div>
   <div class='ocr_carea' id='block_1_112' title="bbox 2145 4998 3725 5072">
    <p class='ocr_par' dir='ltr' id='par_1_112' title="bbox 2145 4998 3725 5072">
     <span class='ocr_line' id='line_1_112' title="bbox 2145 4998 3725 5072; baseline -0.003 -17"><span class='ocrx_word' id='word_1_937' title='bbox 2145 5017 2272 5072; x_wconf 89' lang='lat' dir='ltr'><strong>ergo</strong></span> <span class='ocrx_word' id='word_1_938' title='bbox 2293 5001 2472 5055; x_wconf 83' lang='lat' dir='ltr'><strong>videre</strong></span> <span class='ocrx_word' id='word_1_939' title='bbox 2489 5000 2808 5067; x_wconf 84' lang='lat' dir='ltr'><strong>desideravi,</strong></span> <span class='ocrx_word' id='word_1_940' title='bbox 2831 5013 2881 5054; x_wconf 92' lang='lat' dir='ltr'><strong>ut</strong></span> <span class='ocrx_word' id='word_1_941' title='bbox 2909 5001 3231 5056; x_wconf 83' lang='lat' dir='ltr'><strong>consolarer</strong></span> <span class='ocrx_word' id='word_1_942' title='bbox 3259 5019 3275 5067; x_wconf 89' lang='lat'><strong>;</strong></span> <span class='ocrx_word' id='word_1_943' title='bbox 3307 5001 3420 5054; x_wconf 89' lang='lat' dir='ltr'><strong>imo</strong></span> <span class='ocrx_word' id='word_1_944' title='bbox 3446 4998 3613 5068; x_wconf 79' lang='lat' dir='ltr'><strong>potius</strong></span> <span class='ocrx_word' id='word_1_945' title='bbox 3634 5006 3725 5045; x_wconf 79' lang='lat' dir='ltr'><strong>non</strong></span> 
     </span>
    </p>
   </div>
   <div class='ocr_carea' id='block_1_113' title="bbox 2146 5084 3720 5162">
    <p class='ocr_par' dir='ltr' id='par_1_113' title="bbox 2146 5084 3720 5162">
     <span class='ocr_line' id='line_1_113' title="bbox 2146 5084 3720 5162; baseline -0.01 -15"><span class='ocrx_word' id='word_1_946' title='bbox 2146 5104 2203 5147; x_wconf 90' lang='lat' dir='ltr'><strong>ut</strong></span> <span class='ocrx_word' id='word_1_947' title='bbox 2230 5093 2539 5148; x_wconf 85' lang='lat' dir='ltr'><strong>consolarer</strong></span> <span class='ocrx_word' id='word_1_948' title='bbox 2581 5101 2810 5159; x_wconf 90' lang='lat' dir='ltr'><strong>tantum,</strong></span> <span class='ocrx_word' id='word_1_949' title='bbox 2841 5091 3131 5147; x_wconf 32' lang='lat' dir='ltr'><strong>sed‘etiam</strong></span> <span class='ocrx_word' id='word_1_950' title='bbox 3168 5101 3234 5147; x_wconf 85' lang='lat' dir='ltr'><strong>ut</strong></span> <span class='ocrx_word' id='word_1_951' title='bbox 3279 5093 3398 5162; x_wconf 88' lang='lat' dir='ltr'><strong>ipse</strong></span> <span class='ocrx_word' id='word_1_952' title='bbox 3429 5084 3720 5146; x_wconf 84' lang='lat' dir='ltr'><strong>consolatio-</strong></span> 
     </span>
    </p>
   </div>
   <div class='ocr_carea' id='block_1_114' title="bbox 2145 5184 2611 5253">
    <p class='ocr_par' dir='ltr' id='par_1_114' title="bbox 2145 5184 2611 5253">
     <span class='ocr_line' id='line_1_114' title="bbox 2145 5184 2611 5253; baseline -0.002 -16"><span class='ocrx_word' id='word_1_953' title='bbox 2145 5197 2266 5239; x_wconf 89' lang='lat' dir='ltr'><strong>nem</strong></span> <span class='ocrx_word' id='word_1_954' title='bbox 2294 5184 2611 5253; x_wconf 83' lang='lat' dir='ltr'><strong>acciperem.</strong></span> 
     </span>
    </p>
   </div>
   <div class='ocr_carea' id='block_1_115' title="bbox 2213 5271 3725 5345">
    <p class='ocr_par' dir='ltr' id='par_1_115' title="bbox 2213 5271 3725 5345">
     <span class='ocr_line' id='line_1_115' title="bbox 2213 5271 3725 5345; baseline -0.01 -13"><span class='ocrx_word' id='word_1_955' title='bbox 2213 5277 2266 5332; x_wconf 78' lang='grc'><strong>4.</strong></span> <span class='ocrx_word' id='word_1_956' title='bbox 2300 5275 2433 5330; x_wconf 79' lang='lat' dir='ltr'><strong>Vide</strong></span> <span class='ocrx_word' id='word_1_957' title='bbox 2461 5273 2773 5345; x_wconf 65' lang='lat' dir='ltr'><strong>sapientiam</strong></span> <span class='ocrx_word' id='word_1_958' title='bbox 2803 5273 3054 5328; x_wconf 80' lang='lat' dir='ltr'><strong>doctoris.</strong></span> <span class='ocrx_word' id='word_1_959' title='bbox 3086 5273 3244 5327; x_wconf 81' lang='lat' dir='ltr'><strong>Dixit</strong></span> <span class='ocrx_word' id='word_1_960' title='bbox 3267 5314 3282 5332; x_wconf 92' lang='lat'><em>.</em></span> <span class='ocrx_word' id='word_1_961' title='bbox 3318 5273 3403 5326; x_wconf 84' lang='lat' dir='ltr'><strong>Ad</strong></span> <span class='ocrx_word' id='word_1_962' title='bbox 3437 5271 3725 5336; x_wconf 76' lang='lat' dir='ltr'><strong>conﬁrman—</strong></span> 
     </span>
    </p>
   </div>
   <div class='ocr_carea' id='block_1_116' title="bbox 2144 5360 3724 5436">
    <p class='ocr_par' dir='ltr' id='par_1_116' title="bbox 2144 5360 3724 5436">
     <span class='ocr_line' id='line_1_116' title="bbox 2144 5360 3724 5436; baseline -0.008 -16"><span class='ocrx_word' id='word_1_963' title='bbox 2144 5369 2236 5421; x_wconf 88' lang='lat' dir='ltr'><strong>dos</strong></span> <span class='ocrx_word' id='word_1_964' title='bbox 2277 5384 2381 5421; x_wconf 82' lang='lat' dir='ltr'><strong>vos.</strong></span> <span class='ocrx_word' id='word_1_965' title='bbox 2426 5365 2655 5421; x_wconf 81' lang='lat' dir='ltr'><strong>Noverat</strong></span> <span class='ocrx_word' id='word_1_966' title='bbox 2689 5381 2852 5436; x_wconf 75' lang='lat' dir='ltr'><strong>grave</strong></span> <span class='ocrx_word' id='word_1_967' title='bbox 2894 5374 2946 5418; x_wconf 84' lang='lat' dir='ltr'><strong>et</strong></span> <span class='ocrx_word' id='word_1_968' title='bbox 2988 5379 3294 5418; x_wconf 89' lang='lat' dir='ltr'><strong>onerosum</strong></span> <span class='ocrx_word' id='word_1_969' title='bbox 3327 5360 3600 5432; x_wconf 84' lang='lat' dir='ltr'><strong>discipulis</strong></span> <span class='ocrx_word' id='word_1_970' title='bbox 3625 5367 3724 5408; x_wconf 64' lang='lat' dir='ltr'><strong>esse</strong></span> 
     </span>
    </p>
   </div>
   <div class='ocr_carea' id='block_1_117' title="bbox 2145 5442 3727 5528">
    <p class='ocr_par' dir='ltr' id='par_1_117' title="bbox 2145 5442 3727 5528">
     <span class='ocr_line' id='line_1_117' title="bbox 2145 5442 3727 5528; baseline -0.007 -18"><span class='ocrx_word' id='word_1_971' title='bbox 2145 5457 2274 5512; x_wconf 89' lang='lat' dir='ltr'><strong>illud</strong></span> <span class='ocrx_word' id='word_1_972' title='bbox 2303 5457 2440 5528; x_wconf 87' lang='lat' dir='ltr'><strong>qttod</strong></span> <span class='ocrx_word' id='word_1_973' title='bbox 2469 5457 2693 5520; x_wconf 86' lang='lat' dir='ltr'><strong>dixerat,</strong></span> <span class='ocrx_word' id='word_1_974' title='bbox 2719 5465 2772 5509; x_wconf 87' lang='lat' dir='ltr'><strong>et</strong></span> <span class='ocrx_word' id='word_1_975' title='bbox 2795 5455 2961 5519; x_wconf 83' lang='lat' dir='ltr'><strong>add-it,</strong></span> <span class='ocrx_word' id='word_1_976' title='bbox 2993 5453 3069 5507; x_wconf 80' lang='lat' dir='ltr'><strong>Ad</strong></span> <span class='ocrx_word' id='word_1_977' title='bbox 3099 5456 3489 5509; x_wconf 81' lang='lat' dir='ltr'><strong>consolandum</strong></span> <span class='ocrx_word' id='word_1_978' title='bbox 3515 5468 3613 5504; x_wconf 66' lang='lat' dir='ltr'><strong>vos.</strong></span> <span class='ocrx_word' id='word_1_979' title='bbox 3638 5442 3727 5500; x_wconf 72' lang='lat' dir='ltr'><strong>Sed</strong></span> 
     </span>
    </p>
   </div>
   <div class='ocr_carea' id='block_1_118' title="bbox 2145 5543 3725 5619">
    <p class='ocr_par' dir='ltr' id='par_1_118' title="bbox 2145 5543 3725 5619">
     <span class='ocr_line' id='line_1_118' title="bbox 2145 5543 3725 5619; baseline -0.01 -16"><span class='ocrx_word' id='word_1_980' title='bbox 2145 5549 2274 5603; x_wconf 89' lang='lat' dir='ltr'><strong>illud</strong></span> <span class='ocrx_word' id='word_1_981' title='bbox 2304 5564 2514 5619; x_wconf 87' lang='lat' dir='ltr'><strong>quoque</strong></span> <span class='ocrx_word' id='word_1_982' title='bbox 2553 5555 2830 5602; x_wconf 87' lang='lat' dir='ltr'><strong>molestum</strong></span> <span class='ocrx_word' id='word_1_983' title='bbox 2861 5555 3154 5612; x_wconf 36' lang='lat' dir='ltr'><strong>crat,.non</strong></span> <span class='ocrx_word' id='word_1_984' title='bbox 3205 5545 3440 5618; x_wconf 77' lang='lat' dir='ltr'><strong>perinde</strong></span> <span class='ocrx_word' id='word_1_985' title='bbox 3473 5554 3639 5597; x_wconf 85' lang='lat' dir='ltr'><strong>tamen</strong></span> <span class='ocrx_word' id='word_1_986' title='bbox 3658 5543 3725 5589; x_wconf 79' lang='lat' dir='ltr'><strong>at-</strong></span> 
     </span>
    </p>
   </div>
   <div class='ocr_carea' id='block_1_119' title="bbox 2209 5721 3101 5785">
    <p class='ocr_par' dir='ltr' id='par_1_119' title="bbox 2209 5721 3101 5785">
     <span class='ocr_line' id='line_1_119' title="bbox 2209 5721 3101 5785; baseline -0.004 -12"><span class='ocrx_word' id='word_1_987' title='bbox 2209 5726 2222 5756; x_wconf 85' lang='grc'>¹</span> <span class='ocrx_word' id='word_1_988' title='bbox 2284 5731 2410 5773; x_wconf 74' lang='lat' dir='ltr'><strong>L‘ttz&#39;s</strong></span> <span class='ocrx_word' id='word_1_989' title='bbox 2432 5721 2569 5785; x_wconf 75' lang='lat' dir='ltr'><strong>legit,</strong></span> <span class='ocrx_word' id='word_1_990' title='bbox 2599 5723 2836 5775; x_wconf 74' lang='lat' dir='ltr'><strong>intimare</strong></span> <span class='ocrx_word' id='word_1_991' title='bbox 2860 5732 3101 5773; x_wconf 71' lang='lat' dir='ltr'><strong>etttmm&#39;e.</strong></span> 
     </span>
    </p>
   </div>
  </div>
