3934 6212
293 334 416 395 ξυῦ

290 469 411 525 'que
438 453 569 509 illud
598 452 743 525 quod
779 454 923 524 prius
948 452 1177 508 dixerat.
1213 452 1566 522 Asperitatcm
1600 453 1776 522 itaque
1805 451 1903 505 mi-

302 546 456 614 tigat,
492 554 550 600 ut
576 560 883 600 sermonem
912 545 1103 600 reddat
1134 552 1432 613 acceptum.
1462 543 1577 598 Non
1604 543 1744 597 enim
1775 543 1903 595 sim-

306 636 514 705 pliciter
549 636 718 700 dixit,
754 635 1070 701 Consolari;
1108 634 1201 690 sed
1222 676 1238 701 ,
1277 635 1447 690 Simul
1474 651 1567 688 nos
1601 634 1853 688 consolari
1884 650 1902 687 :

304 742 477 795 neque
522 726 576 781 id
621 726 697 781 illi
740 727 873 781 satis
907 726 1038 790 fuit,
1082 725 1175 781 sed
1223 735 1278 781 et
1320 725 1465 780 illam
1514 726 1895 795 mitigationem

299 818 525 886 addidit,
555 819 743 874 dicens
771 837 784 872 :
817 819 918 874 Per
946 829 1171 873 mutuam
1208 819 1380 888 ﬁdem,
1409 828 1620 873 vestram
1642 828 1686 871 et
1712 834 1893 870 meam.

305 911 484 981 Papae,
510 922 710 981 quanta
738 911 1042 966 humilitas!
1069 910 1315 980 Seipsum
1342 910 1422 963 bis
1441 924 1599 980 egere
1626 908 1895 973 indicavit,

296 1018 462 1072 seque
487 1004 595 1058 illis
623 1003 877 1074 indigere,
908 1018 1007 1059 nec
1033 1003 1151 1059 illos
1172 1003 1344 1056 solmn
1374 1002 1489 1073 ipso
1511 1016 1644 1071 opus
1673 1001 1891 1067 habere,

296 1106 455 1166 atque
480 1096 776 1165 discipulos
803 1096 1175 1166 magistrorum
1204 1097 1321 1149 loco
1343 1094 1545 1156 habuit,
1572 1093 1767 1147 nullam
1790 1093 1893 1148 sibi

299 1188 708 1258 prxrogativam
747 1186 1090 1257 relinquens,
1127 1186 1223 1242 sed
1253 1187 1605 1255 mqualitatem
1647 1199 1889 1254 magnam

294 1278 613 1334 ostendens.
635 1278 944 1335 Communis
964 1288 1045 1333 est
1066 1278 1286 1340 utilitas,
1318 1278 1505 1347 inquit,
1530 1277 1892 1331 consolatione

297 1385 542 1440 egemus,
574 1385 676 1440 ego
703 1380 899 1436 vestra,
928 1385 1024 1426 vos
1048 1386 1193 1425 mea.
1222 1370 1291 1425 Et
1318 1369 1586 1441 quomodo
1621 1370 1761 1424 hoc?
1789 1368 1891 1423 Per

297 1464 447 1531 ﬁdem
493 1473 757 1528 mutuam,
795 1472 1010 1517 vestram
1047 1473 1094 1517 et
1134 1479 1314 1516 meam.
1356 1462 1810 1529 Quemadmodum
1843 1464 1887 1516 si

296 1557 412 1626 quis
438 1557 640 1611 multas
663 1556 821 1611 simul
847 1556 1101 1612 accendat
1124 1556 1388 1623 lucernas,
1420 1555 1749 1624 Splendidam
1779 1555 1889 1609 edit

298 1647 571 1702 ﬂammam
599 1666 615 1703 :
640 1648 719 1703 sic
740 1659 788 1703 et
813 1649 951 1718 apud
982 1648 1168 1704 ﬁdeles
1190 1649 1405 1704 evenire
1420 1646 1722 1703 solet.Cum
1745 1648 1886 1702 enim

297 1740 549 1809 disjuncti
578 1751 634 1796 et
660 1741 885 1811 dispersi
924 1757 1141 1807 sumus,
1174 1742 1353 1796 animo
1392 1743 1567 1796 minus
1603 1743 1841 1796 valemus
1872 1759 1884 1794 :

294 1832 510 1900 quando
538 1841 719 1893 autem
749 1848 843 1886 nos
867 1833 1448 1902 mutuo'couspicimus,
1472 1841 1525 1887 et
1545 1833 1691 1902 quasi
1720 1847 1888 1886 mem-

296 1921 407 1977 bris
451 1937 554 1978 nos
594 1923 1034 1993 eoinplcctimur,
1066 1925 1286 1980 multam
1321 1925 1612 1994 accipimus
1639 1926 1885 1980 consola-

297 2015 520 2070 tionem.
553 2015 632 2070 Ne
660 2016 787 2070 mihi
814 2028 991 2073 autem
1017 2032 1253 2089 praesens
1280 2029 1487 2087 tempus
1515 2018 1590 2071 illi
1618 2018 1881 2085 conferas,

296 2125 402 2177 quo
434 2125 533 2179 per
566 2110 657 2163 Dei
686 2112 909 2180 gratiam
948 2111 1000 2164 in
1036 2111 1186 2177 vicis,
1221 2112 1271 2165 in
1300 2111 1544 2176 urbibus,
1578 2111 1628 2164 in
1658 2110 1883 2180 ipsoque

294 2202 510 2257 deserto
540 2201 692 2256 multi
723 2212 847 2257 sunt
873 2202 1201 2259 credentium
1228 2212 1427 2268 castus,
1455 2203 1732 2272 omnisque
1762 2202 1883 2256 inde

292 2292 515 2359 expulsa
544 2303 627 2347 est
656 2293 900 2362 impietas
926 2312 940 2347 :
973 2294 1065 2349 sed
1099 2294 1225 2348 illud
1253 2296 1424 2364 cogita
1455 2304 1694 2363 tempus,
1723 2308 1880 2362 quam

289 2384 587 2451 optandum
627 2393 752 2439 tunc
786 2394 930 2439 esset
972 2386 1223 2455 magistro
1265 2385 1443 2440 videre
1481 2384 1800 2453 discipulos,
1829 2392 1883 2437 et

290 2475 487 2530 fratres
515 2476 617 2530 alia
646 2492 708 2530 ex
738 2476 865 2531 urbe
889 2476 1238 2532 advenientes
1257 2475 1585 2545 conspicere.
1612 2473 1679 2529 Ut
1704 2484 1880 2529 autem

290 2567 374 2632 id,
411 2568 558 2639 quod
599 2569 756 2635 dico,
789 2569 988 2623 clarius
1024 2569 1251 2634 evadat,
1279 2568 1524 2637 exemplo
1567 2576 1796 2620 utamur.
1824 2565 1880 2620 Si

285 2658 665 2729 contingeret,
697 2659 835 2729 quod
879 2660 1054 2727 absit,
1092 2675 1189 2714 nos
1243 2659 1527 2714 translatos
1579 2657 1630 2711 in
1681 2664 1878 2711 terram

289 2753 578 2807 Persarum
609 2763 699 2807 aut
724 2751 1039 2825 Scytharum
1076 2753 1491 2808 barbarorumve
1517 2751 1761 2817 aliorum,
1793 2749 1878 2802 di-

286 2845 469 2913 spergi
499 2845 657 2898 binos
680 2846 761 2899 vel
787 2855 969 2899 ternos
993 2846 1044 2899 in
1075 2845 1178 2899 illis
1198 2843 1437 2906 urbibus,
1461 2842 1757 2912 deindeque
1782 2840 1880 2895 ali-

282 2954 450 3006 quem
472 2953 538 2991 ex
571 2938 654 2991 his
684 2938 812 2992 locis
841 2939 1141 2992 venientem
1167 2937 1456 3006 derepente
1482 2936 1681 3000 videre,
1704 2934 1877 3005 cogita

282 3040 487 3098 quanta
536 3031 866 3099 repleremur
894 3030 1278 3084 consolatione.
1312 3030 1499 3082 Annon
1533 3027 1721 3081 videtis
1749 3040 1875 3088 eos,

280 3123 370 3191 qui
403 3123 458 3174 in
492 3122 801 3175 carceribus
831 3130 970 3185 sunt,
1002 3122 1044 3175 si
1071 3137 1229 3189 quem
1262 3119 1598 3173 familiarium
1631 3117 1875 3182 viderint,

280 3230 585 3285 exsurgere
614 3224 667 3269 et
696 3230 803 3283 prae
826 3214 1016 3283 gaudio
1041 3213 1254 3267 exsilire
1273 3216 1296 3264 ’ἐ
1322 3212 1375 3268 Si
1408 3227 1566 3281 porro
1589 3209 1875 3280 captivitati

278 3320 329 3361 et
362 3308 577 3361 carceri
611 3308 696 3361 illa
730 3318 968 3376 tempora
994 3306 1303 3369 conferam,
1338 3321 1403 3359 ne
1435 3304 1691 3358 mireris:
1724 3303 1877 3371 longe

278 3401 432 3454 enim
466 3400 710 3469 graviora
752 3399 1088 3468 patiebantur
1124 3398 1221 3459 illi,
1250 3397 1501 3466 dispersi,
1530 3395 1689 3465 pulsi,
1719 3394 1769 3447 in
1798 3393 1877 3447 fa-

281 3506 365 3545 me
407 3500 467 3543 et
512 3490 667 3544 bellis
698 3491 965 3553 viventes,
999 3490 1335 3558 quotidianus
1362 3498 1563 3542 mortes
1594 3487 1836 3540 timentes
1857 3526 1875 3551 ,

275 3582 513 3643 amicos,
546 3580 854 3646 familiares,
883 3590 1137 3652 cognatos
1173 3588 1448 3649 suspectos
1477 3579 1751 3639 habentes,
1782 3591 1874 3631 or-

276 3672 403 3726 bem
447 3682 708 3726 terrarum
738 3673 888 3742 quasi
930 3682 1238 3727 extraneum
1276 3671 1374 3725 sibi
1407 3670 1733 3732 ineolcntes,
1768 3668 1875 3721 imo

273 3764 517 3831 graviori
542 3764 593 3816 in
616 3771 756 3817 statu
782 3775 1076 3827 versantes,
1094 3777 1250 3832 quam
1275 3761 1328 3823 ii,
1356 3761 1442 3831 qui
1467 3762 1518 3814 in
1540 3760 1709 3813 aliena
1732 3768 1873 3813 terra

271 3853 680 3923 deguntLItleo
715 3854 789 3909 ait
821 3873 833 3907 :
866 3856 943 3907 Ad
982 3854 1354 3923 conﬁrmandos
1392 3869 1477 3906 vos
1520 3868 1610 3921 per
1649 3860 1874 3903 mutuam

268 3914 602 4014 ﬁdeiii.rlloc
634 3964 760 4001 vero
785 3948 1013 4012 dicebat,
1045 3964 1147 4001 non
1176 3947 1324 4016 quasi
1358 3948 1469 4016 ipse
1498 3946 1704 3999 illorum
1728 3960 1875 3999 com-

274 4039 482 4091 militio
507 4054 644 4108 opus
672 4038 889 4093 haberet
922 4059 933 4092 :
962 4040 1131 4102 absit;
1161 4037 1429 4107 quomodo
1450 4039 1590 4091 enim
1623 4037 1874 4091 Ecclesia:

265 4131 570 4194 cnluuma,
608 4129 753 4185 ferro
782 4142 834 4185 et
867 4140 1011 4200 petra
1050 4130 1255 4194 fortior,
1296 4130 1587 4198 Spiritnalis
1620 4129 1709 4184 ille
1746 4129 1875 4184 ada-

272 4240 395 4279 mas
415 4270 432 4289 ,
466 4227 556 4295 qui
590 4224 883 4279 innumeris
912 4224 1207 4279 sufliciebat
1246 4224 1545 4279 civitatibus
1565 4266 1578 4288 ,
1610 4223 1716 4278 illis
1740 4238 1875 4293 Opus

268 4318 545 4371 haberet?
578 4316 670 4371 sed
706 4326 763 4370 ut
800 4333 866 4370 ne
906 4317 1161 4371 molestus
1191 4331 1400 4373 sermo.
1441 4331 1574 4370 neve
1615 4315 1876 4369 correctio

266 4408 666 4463 vehementior
691 4418 831 4462 esset
853 4449 869 4471 ,
897 4422 956 4461 se
984 4407 1193 4461 illorum
1224 4407 1588 4461 cmisulatione
1614 4422 1747 4475 opus
1778 4406 1875 4459 ha-

266 4501 412 4557 bere
441 4499 856 4567 dicebatJQuod
885 4500 930 4554 si
955 4499 1072 4570 quis
1103 4500 1189 4554 hic
1216 4499 1631 4555 consolationem
1659 4509 1707 4554 et
1743 4499 1877 4553 lznti-

260 4596 409 4647 (iam
452 4609 518 4647 ex
554 4592 658 4647 Iule
684 4602 736 4645 et
767 4592 1094 4647 incremento
1134 4592 1343 4646 illorum
1387 4602 1556 4645 ortam
1600 4606 1737 4661 opus
1777 4590 1871 4644 ha-

262 4687 471 4742 buisse
500 4685 722 4740 Paullum
747 4684 975 4750 dixerit,
1008 4685 1092 4739 hic
1116 4694 1262 4739 certe
1302 4698 1406 4738 non
1442 4683 1791 4738 aberraverit.
1819 4681 1876 4738 Si

258 4796 436 4848 ergo.
476 4780 705 4847 inquies,
732 4777 783 4831 id
809 4778 1080 4831 desideras
1110 4787 1162 4832 et
1189 4785 1361 4843 optas,
1384 4786 1438 4831 et
1461 4775 1875 4830 consolationem

262 4880 611 4942 accepturus
654 4870 978 4939 daturnsque
1021 4885 1118 4935 es,
1162 4870 1287 4939 quid
1333 4870 1550 4938 impedit
1596 4870 1878 4939 quominus

262 4968 515 5018 venias?
548 4963 697 5018 llanc
720 4980 847 5032 ergo
872 4963 1084 5017 solvens
1110 4962 1465 5031 suspicionem
1486 5003 1501 5024 ,
1532 4961 1712 5030 adjicit
1745 4980 1758 5015 :
1788 4961 1874 5015 l3.

264 5060 427 5113 Nolo
462 5068 635 5111 autem
662 5074 748 5111 vos
778 5058 1031 5127 ignorare,
1060 5060 1263 5126 fratres,
1292 5055 1426 5125 quod
1460 5071 1595 5124 sirpe
1617 5054 1877 5107 desidera-

260 5154 375 5204 reri
382 5169 439 5202 ιιι
465 5150 635 5203 uenire
651 5149 721 5202 ad
738 5166 841 5208 vos.
863 5160 908 5202 et
928 5148 1196 5216 impeditus
1208 5146 1303 5200 sim
1323 5163 1476 5214 usque
1492 5146 1559 5199 ad
1574 5146 1705 5198 Imm:
1723 5146 1875 5198 diem.

266 5243 421 5299 Vide
466 5242 679 5295 servilis
718 5240 1036 5294 olicdicntiae
1069 5240 1283 5293 modum
1304 5277 1319 5304 ,
1349 5249 1402 5292 et
1427 5238 1711 5291 admodum
1742 5236 1877 5307 grati

258 5337 451 5390 animi
496 5336 961 5404 signiﬁcationem.
991 5330 1139 5401 Quod
1172 5329 1492 5400 pra-peditus
1518 5330 1605 5394 sit,
1638 5330 1746 5392 ait;
1776 5345 1876 5398 qua

258 5430 335 5482 de
383 5442 561 5481 causa
586 5468 600 5487 ,
631 5442 737 5479 nou
777 5427 926 5483 item.
966 5424 1147 5493 Neque
1190 5423 1331 5476 enim
1372 5421 1636 5475 esaruinat
1668 5420 1878 5475 Domini

260 5520 637 5579 inamlatum,
674 5518 767 5573 sed
807 5519 1119 5586 obsequitur
1158 5528 1361 5570 tantum
1392 5534 1405 5569 :
1436 5531 1753 5584 quamquam
1789 5531 1883 5585 par

258 5624 399 5667 emt
432 5612 709 5674 dubitare,
732 5626 828 5664 cur
858 5620 1053 5663 tantam
1083 5621 1295 5680 tamque
1318 5608 1647 5680 splendidam
1673 5609 1880 5671 urbem,

255 5708 335 5763 ..1
366 5722 553 5777 quam
579 5706 741 5758 totius
765 5704 908 5759 orbis
936 5705 1072 5759 oculi
1105 5705 1571 5765 convertebantur.
1601 5704 1883 5773 quominus

256 5804 520 5859 doctore
546 5807 691 5852 tanto
716 5797 997 5865 frueretur,
1028 5797 1225 5853 tamdiu
1252 5796 1531 5874 impediret
1559 5796 1719 5851 Deus.
1748 5794 1876 5850 Nam

1409 335 1481 394 'lN
1525 338 1738 395 EPIST.
1784 339 1873 393 AD
1914 338 2075 393 ROM.
2121 340 2348 399 llOMlL.
2384 346 2446 399 ﬂ.

3478 361 3587 415 406

2012 452 2101 520 qui
2131 453 2481 524 imperantem
2510 460 2694 516 urbem
2723 460 2850 517 vicit
2870 504 2883 527 ,
2916 464 3155 519 subditos
3177 466 3292 536 ejus
3320 446 3475 522 lacile
3504 470 3588 523 ina-

2010 545 2189 612 vadit;
2218 551 2307 617 qui
2336 560 2514 604 autem
2547 552 2631 605 illa
2662 552 2902 619 dimissa,
2934 555 3160 611 subditis
3190 556 3468 623 incumbit,
3500 559 3590 614 illo

2004 647 2162 704 caput
2184 639 2421 709 negligit.
2448 642 2515 695 At
2536 643 2663 696 nihil
2689 642 2876 699 horum
2902 646 3095 700 Paulus
3116 662 3327 703 curiose
3349 649 3585 719 indagat,

2002 726 2096 781 scd
2131 729 2653 800 incomprehensibili
2696 734 3039 804 providentia:
3073 736 3248 802 cedit,
3285 748 3390 791 tum
3421 740 3586 793 animi

2002 822 2081 874 sui
2124 822 2542 881 moderationem
2576 828 2894 893 ostendens,
2923 838 3031 882 tum
3065 829 3315 886 erudiens
3340 847 3439 885 nos
3463 848 3584 885 om-

2002 927 2117 979 nes,
2139 930 2206 969 ne
2227 932 2475 987 umquam
2499 934 2529 973 a
2554 919 2664 975 Deo
2686 930 2954 991 gestorum
2974 923 3231 977 rationem
3253 933 3579 993 repetamus.

2000 1006 2210 1062 etiamsi
2251 1009 2336 1063 illa
2378 1012 2572 1066 multos
2615 1013 2827 1068 turbare
2868 1013 3164 1068 videantur.
3206 1014 3336 1068 Nam
3378 1014 3582 1070 domini

2003 1108 2203 1153 tantum
2240 1109 2324 1155 est
2366 1102 2662 1173 imperare,
2708 1119 2986 1160 servorum
3023 1106 3266 1176 obsequi.
3299 1106 3423 1160 ldeo
3454 1108 3583 1162 dicit

1997 1203 2057 1243 se
2099 1190 2405 1259 impeditum
2450 1193 2647 1257 fuisse;
2687 1210 2789 1265 qua
2827 1210 2957 1250 vero
2991 1196 3058 1251 de
3091 1212 3281 1259 causa,
3310 1198 3527 1252 minime
3559 1214 3575 1253 ξ

1997 1279 2178 1350 Neque
2204 1282 2344 1336 enim
2373 1298 2472 1354 ego
2503 1286 2656 1348 novi,
2685 1287 2873 1358 inquit.
2904 1287 2980 1342 Ne
3020 1303 3105 1343 me
3145 1289 3303 1359 igitur
3344 1289 3576 1343 interro-

1996 1387 2119 1442 ges,
2151 1390 2273 1443 qum
2301 1375 2370 1429 sit
2396 1377 2638 1431 voluntas
2668 1387 2761 1432 aut
2788 1380 3049 1434 sententia
3082 1380 3192 1435 Dei.
3223 1380 3406 1449 Neque
3434 1381 3575 1435 enim

1996 1464 2302 1533 ﬁgmentum
2345 1468 2519 1539 opiﬁci
2558 1468 2699 1524 dicet
2730 1489 2741 1523 :
2771 1470 2872 1525 Cur
2906 1488 2984 1525 me
3010 1473 3082 1526 sic
3111 1472 3272 1540 fecisti
3299 1471 3487 1542 (Rom.
3518 1474 3573 1527 9.

1994 1554 2125 1624 20)?
2151 1556 2277 1621 Cur,
2305 1574 2506 1627 quieso,
2538 1560 2586 1614 id
2614 1560 2853 1616 ediscere
2882 1564 3070 1631 cupis?
3105 1579 3171 1617 an
3212 1568 3385 1620 nescis
3424 1564 3571 1617 illum

1993 1648 2227 1701 omnium
2267 1664 2448 1704 curam
2500 1651 2731 1715 habere,
2770 1654 3063 1722 sapientem
3099 1671 3255 1721 esse,
3288 1656 3420 1711 nihil
3459 1657 3574 1712 sine

1991 1754 2148 1792 causa
2175 1750 2265 1795 aut
2294 1750 2492 1797 temere
2518 1742 2727 1807 fecisse,
2749 1744 2889 1814 quod
2921 1756 2971 1799 te
3003 1747 3116 1815 plus
3136 1760 3295 1816 quam
3324 1756 3573 1816 parentes

1992 1832 2066 1885 tui
2094 1844 2258 1898 amet,
2286 1834 2427 1904 quod
2457 1838 2622 1905 patris
2645 1852 2768 1906 erga
2801 1847 2851 1893 te
2877 1836 3126 1892 allectum
3154 1839 3446 1907 matrisque
3473 1820 3570 1891 cu-

1990 1938 2103 1978 ram
2136 1925 2289 1994 longe
2319 1928 2570 1995 superet?
2605 1927 2745 1982 Nihil
2782 1943 2910 1999 ergo
2948 1929 3084 1982 ultra
3112 1944 3318 1998 quaeras
3342 1971 3357 1995 ,
3398 1944 3571 1999 neque

1992 2016 2213 2069 ulterius
2242 2018 2495 2085 procedas
2525 2038 2537 2073 :
2568 2019 2679 2074 haec
2706 2021 2900 2090 quippe
2928 2021 3021 2075 tibi
3050 2021 3115 2075 ad
3146 2022 3565 2076 c0iisolationem

1988 2107 2116 2159 satis
2142 2116 2301 2160 sunt:
2331 2107 2591 2177 siquidem
2618 2118 2672 2163 et
2702 2117 2825 2163 tunc
2854 2124 2939 2163 res
2970 2110 3327 2165 Romanorum
3358 2112 3569 2180 sapien-

1989 2208 2070 2252 ter
2095 2201 2431 2268 regebantur.
2461 2201 2609 2269 Quod
2641 2201 2688 2255 si
2724 2203 2938 2257 modum
2980 2203 3216 2272 ignoras,
3248 2219 3315 2258 ne
3346 2204 3395 2258 id
3422 2220 3563 2274 a'gre

1988 2288 2126 2345 feras
2155 2309 2167 2345 :
2197 2290 2323 2345 illud
2345 2291 2484 2345 enim
2509 2292 2737 2347 maxime
2760 2292 2824 2346 ad
2855 2293 3011 2347 tidem
3040 2293 3287 2362 pertinet,
3314 2294 3357 2347 si
3380 2298 3444 2358 is,
3469 2294 3560 2361 qui

1986 2384 2298 2435 mconomiae
2329 2382 2543 2437 modum
2572 2382 2796 2454 ignorat,
2824 2384 3167 2454 providentia:
3195 2395 3367 2439 tamen
3399 2385 3560 2439 ratio-

1986 2489 2107 2529 nem
2139 2474 2401 2529 admittat.

2056 2569 2109 2623 5.
2137 2568 2268 2623 Cum
2298 2569 2456 2640 igitur
2479 2569 2673 2625 Paulus
2694 2586 2754 2625 ea
2772 2610 2787 2637 ,
2809 2586 2928 2641 qua:
2953 2571 3205 2636 curabat,
3236 2580 3382 2625 recte
3410 2585 3557 2624 coms

1986 2660 2277 2727 posuisset;
2298 2660 2421 2729 quid
2447 2670 2621 2715 autem
2651 2661 2777 2715 illud
2798 2670 2912 2716 erat
2930 2662 2953 2713 ?
2974 2660 3266 2715 Ostendere
3287 2676 3365 2725 se,
3389 2660 3432 2713 si
3455 2676 3560 2713 non

1986 2754 2107 2808 illos
2132 2754 2337 2817 adiret,
2366 2768 2471 2808 non
2499 2770 2564 2809 ex
2592 2763 2899 2823 contemptu
2928 2753 2975 2806 id
3008 2754 3211 2816 facere,
3241 2752 3335 2806 sed
3365 2751 3412 2804 id
3444 2767 3559 2805 ma-

1984 2845 2126 2900 xime
2149 2846 2483 2914 cupientem,
2517 2845 2796 2915 praepediri
2835 2856 3047 2910 tamen;
3092 2856 3145 2899 et
3173 2860 3290 2898 cum
3319 2842 3559 2912 segnitiei

1983 2940 2183 2994 crimen
2212 2955 2239 2992 a
2267 2954 2326 2993 se
2358 2940 2710 3003 removisset,
2741 2937 3099 3006 suasissetque
3129 2952 3188 2991 se
3218 2952 3320 2990 non
3354 2936 3560 2989 minore

1986 3031 2252 3087 desiderio
2297 3032 2507 3085 illorum
2554 3031 2898 3086 videndorum
2946 3031 3151 3092 teneri,
3192 3045 3349 3099 quam
3393 3028 3556 3081 illos:

1983 3139 2191 3178 rursum
2232 3123 2348 3177 aliis
2388 3123 2561 3177 modis
2602 3138 2834 3176 amorem
2882 3136 3036 3175 suum
3083 3121 3331 3175 ostendit.
3379 3119 3561 3189 Neque

1981 3216 2158 3280 enim,
2185 3216 2303 3284 quia
2336 3214 2617 3284 impeditus
2651 3229 2765 3268 sum
2790 3256 2803 3276 ,
2834 3214 3035 3283 inquit.
3066 3229 3094 3266 a
3124 3222 3314 3267 conatu
3345 3212 3557 3275 destiti,

1982 3309 2073 3365 sed
2103 3324 2315 3377 semper
2345 3308 2607 3363 tentaham
2631 3350 2647 3372 ,
2673 3322 2884 3375 semper
2926 3306 3245 3376 prohibebar
3276 3325 3286 3358 :
3320 3322 3417 3360 nec
3447 3323 3562 3358 mn-

1979 3417 2136 3471 quam
2166 3399 2366 3462 destiti,
2399 3399 2654 3453 voluntati
2683 3399 2893 3465 quidem
2928 3398 3017 3453 Dei
3050 3414 3152 3451 non
3186 3398 3473 3459 resistens,
3507 3408 3561 3449 et

1980 3493 2253 3547 caritatem
2286 3506 2526 3545 servans.
2558 3490 2687 3544 Nam
2714 3506 2833 3545 cum
2861 3500 3182 3561 proponeret
3213 3505 3310 3545 nec
3337 3490 3561 3545 desiste-

1980 3594 2083 3650 ret,
2113 3600 2350 3639 amorem
2382 3582 2699 3646 exhibebat;
2725 3582 2866 3650 quod
2895 3591 3071 3636 autem
3097 3581 3442 3651 impediretur
3465 3596 3561 3635 nec

1980 3678 2270 3743 resisteret,
2295 3693 2555 3732 summam
2583 3691 2705 3745 erga
2734 3676 2900 3730 Deum
2927 3676 3201 3730 caritatem
3224 3672 3556 3728 ostendebat.

1984 3768 2050 3824 Ut
2080 3770 2297 3840 aliquem
2328 3773 2546 3839 fructum
2574 3768 2783 3822 habeant
2810 3770 2960 3822 etiam
2991 3768 3041 3819 in
3071 3767 3227 3820 vobis.
3261 3766 3368 3819 Etsi
3398 3782 3437 3817 δι
3463 3779 3557 3833 pe~

1979 3862 2089 3915 rius
2119 3860 2366 3914 desiderii
2394 3874 2606 3912 causam
2637 3859 2905 3923 attulerit,
2935 3868 2989 3911 et
3019 3859 3117 3912 sibi
3152 3872 3556 3933 conci-uerens-

1981 3954 2246 4016 tenderit;
2280 3962 2509 4005 attamen
2555 3951 2639 4005 hic
2679 3966 2891 4019 quoque
2937 3950 3078 4003 illam
3120 3948 3301 4023 all'crt,
3346 3948 3559 4000 illorum

1980 4046 2334 4115 susipicionem
2369 4044 2653 4098 admodum
2681 4043 2977 4112 Corrigens.
3011 4042 3140 4106 Quia
3172 4041 3311 4093 cnim
3338 4040 3555 4106 Ctmspi‘

1980 4154 2075 4193 cua
2105 4138 2231 4192 urbs
2256 4146 2390 4201 erat,
2421 4146 2473 4189 ct
2501 4136 2612 4190 Sola
2642 4137 2693 4189 iu
2727 4146 2863 4189 terra
2893 4144 2945 4188 et
2976 4134 3105 4187 mari
3137 4143 3296 4185 tanta:
3329 4132 3559 4199 pulchri-

1981 4232 2198 4291 tudinis.
2224 4242 2383 4301 atque
2406 4230 2521 4300 ejus
2546 4240 2746 4283 tantmn
2775 4227 3014 4282 videndae
3040 4225 3304 4281 desiderio
3330 4224 3557 4294 permoti

1983 4323 2129 4377 multi
2181 4322 2267 4376 illo
2304 4322 2716 4389 couunigraraut
2748 4341 2759 4373 :
2794 4336 2862 4375 ne
2907 4320 3029 4387 quid
3073 4319 3244 4371 simile
3290 4318 3356 4372 de
3397 4316 3559 4369 Paulo

1980 4415 2137 4467 etiam
2172 4414 2535 4483 opinarentur,
2566 4427 2700 4466 neve
2732 4411 3163 4481 suspicarentur,
3197 4407 3317 4462 ideo
3347 4408 3558 4461 illorum

1980 4514 2324 4575 conspectum
2351 4504 2658 4560 desiderare
2684 4503 2927 4569 Paulum,
2948 4501 3087 4573 quod
3112 4517 3175 4556 ex
3204 4502 3411 4555 illorum
3435 4500 3563 4553 con;

1980 4596 2150 4649 sortio
2174 4609 2233 4649 se
2260 4595 2539 4649 clariorem
2572 4594 2689 4649 fore
2720 4604 2946 4664 putaret,
2978 4594 3283 4663 frequenter
3308 4591 3560 4647 desiderii

1981 4702 2197 4743 Causam
2237 4687 2478 4756 apponit.
2521 4687 2586 4740 Et
2623 4702 2783 4755 supra
2825 4686 3037 4755 quidem
3067 4685 3203 4738 dixit
3232 4702 3244 4737 :
3278 4682 3343 4737 Ut
3370 4684 3562 4753 aliquid

1980 4778 2264 4847 impertiam
2291 4778 2427 4831 vobis
2457 4778 2633 4847 gratia'
2662 4777 2959 4843 spiritantia,
2990 4774 3155 4828 videre
3178 4772 3561 4835 desiderabam;

1984 4870 2069 4925 hic
2098 4886 2226 4925 vero
2254 4870 2447 4924 clarius
2476 4888 2490 4924 :
2522 4868 2587 4923 Ut
2614 4870 2829 4935 aliquem
2857 4869 3076 4935 {metum
3098 4864 3305 4918 habeam
3332 4865 3481 4915 etiam
3508 4864 3561 4915 in

1981 4964 2138 5029 vobis,
2161 4964 2579 5032 quemadmodum
2602 4972 2646 5014 et
2672 4963 2802 5013 inter
2826 4961 3041 5026 reliquas
3070 4968 3257 5027 gentes.
3289 4956 3563 5025 Principes

1983 5072 2102 5110 cum
2128 5055 2353 5111 subditis
2371 5062 2718 5115 annumerat',
2744 5062 2858 5121 post
2884 5051 3027 5105 mille
3051 5061 3266 5118 tropa-a,
3294 5049 3561 5113 victorias,

1986 5160 2106 5220 post
2132 5148 2411 5203 consulum
2439 5147 2772 5209 claritatem,
2802 5161 2921 5197 cum
2959 5142 3202 5196 barbaris
3230 5143 3377 5210 ponit
3408 5142 3562 5204 illos;

1984 5250 2037 5296 et
2064 5240 2180 5309 jure
2216 5237 2452 5309 quidem.
2491 5235 2622 5290 Nam
2669 5235 2753 5295 ubi
2799 5234 2916 5288 lidci
2965 5233 3215 5288 nobilitas
3251 5242 3365 5299 est,
3404 5249 3563 5288 nemo

1986 5334 2260 5395 barbarus,
2294 5347 2452 5386 nemo
2480 5329 2719 5393 Crmcus,
2748 5343 2904 5382 nemo
2932 5328 3264 5397 peregrinus,
3299 5343 3454 5381 nemo
3482 5328 3563 5381 cia

1987 5427 2098 5481 vis:
2132 5424 2225 5479 sed
2259 5424 2309 5477 in
2341 5438 2501 5475 unum
2538 5419 2810 5491 dignitatis
2847 5418 3111 5491 fastigium
3147 5434 3334 5473 omnes
3373 5433 3563 5473 ascen-

1982 5517 2133 5572 'luut.

2060 5611 2211 5664 Pauli
2240 5607 2503 5662 modestia.
2524 5638 2596 5649 σ-
2622 5606 2755 5661 Vide
2785 5621 2943 5675 porro
2973 5605 3119 5659 illum
3158 5602 3243 5657 hic
3278 5597 3565 5655 modestius

1986 5714 2251 5768 agentem.
2286 5700 2400 5755 Non
2440 5699 2583 5755 enim
2625 5698 2788 5762 dixit,
2819 5697 2885 5751 lit
2920 5696 3137 5750 doceam
3165 5702 3218 5744 ct
3260 5691 3563 5743 instituam:

1987 5794 2079 5849 Sed
2106 5791 2273 5866 quid?
2306 5789 2373 5845 Ut
2402 5791 2618 5865 aliquem
2648 5788 2864 5862 fructum
2901 5786 3143 5845 habeam;
3174 5793 3278 5831 non
3309 5773 3563 5847 simplici-
