3934 6212
416 329 520 385 407

419 450 501 496 ter
527 439 777 505 fructum,
809 436 926 504 sed,
958 435 1187 506 Aliquem
1212 439 1429 507 {ructant
1460 450 1477 488 :
1505 447 1688 488 rursus
1715 447 1775 486 ea
1801 446 1919 500 quae
1945 443 2003 482 se

415 540 661 600 spectant
697 530 1094 600 comprimens,
1129 536 1186 582 ut
1223 528 1469 597 superius
1509 527 1676 588 dixit,
1713 523 1781 578 Ut
1809 522 2003 584 aliquid

415 622 721 692 impertiam.
757 621 956 675 Deinde
985 619 1104 674 illos
1131 632 1344 689 quoque
1373 627 1430 673 ut
1455 617 1562 686 jam
1591 616 1735 681 dixi,
1768 615 2002 682 compri-

419 727 592 778 mens,
623 713 716 777 ait,
749 711 1187 779 Quemadmodum
1209 720 1257 765 et
1280 712 1410 764 inter
1433 709 1650 779 reiiqttas
1675 716 1864 778 gentes.
1889 703 2002 759 Non

420 809 582 870 enim,
611 808 737 876 quia
762 806 956 862 divites
979 806 1130 872 estis,
1157 815 1212 859 et
1234 805 1352 874 plus
1383 815 1540 874 Quam
1566 801 1748 856 caueri
1774 799 1998 861 habetis,

419 899 597 952 minus
640 912 762 968 erga
816 897 1052 966 reliquos
1082 896 1319 956 studium
1363 893 1592 948 atlhibeo
1625 908 1638 946 :
1669 907 1770 945 non
1809 889 2005 943 divites

419 990 712 1055 qmerirnus
735 1029 750 1052 ,
791 989 885 1042 sed
929 987 1133 1042 fideles.
1166 985 1264 1040 Ubi
1301 1001 1441 1041 nunc
1469 992 1594 1038 sunt
1628 982 1894 1051 sapientes
1928 979 2002 1033 illi

419 1081 728 1137 Gratcorum
747 1121 759 1141 ,
787 1081 983 1136 densas
1010 1080 1266 1134 habentes
1296 1075 1512 1137 barbas.
1540 1076 1716 1148 palliis
1742 1072 1919 1127 atuicli
1952 1082 2005 1125 et

422 1186 745 1242 magnoliere
769 1170 1162 1226 tumescentes?
1181 1170 1438 1226 Grieciam
1460 1180 1512 1221 et
1538 1169 1880 1221 barbarorum
1908 1175 2008 1219 ter-

422 1280 534 1318 ram
574 1277 788 1318 omnem
833 1266 1184 1318 tantoriorum
1222 1265 1409 1318 artifex
1446 1264 1726 1317 cunvertit.
1761 1261 1854 1316 Ille
1877 1275 2006 1314 vero

419 1360 508 1427 qui
541 1359 680 1426 apud
721 1359 840 1412 illos
881 1359 1192 1428 preponitur
1219 1371 1272 1413 et
1309 1355 1679 1412 circumfertur
1707 1355 1890 1416 Plato,
1923 1363 2006 1409 ter

422 1452 473 1506 in
516 1451 748 1508 Siciliam
798 1453 1066 1521 profectus
1100 1454 1203 1523 (α),
1245 1467 1364 1507 cum
1408 1461 1551 1504 lauto
1593 1452 1680 1504 illo
1719 1449 2004 1504 verborum

423 1545 579 1610 fastu,
603 1559 722 1600 cum
754 1546 840 1600 illa
873 1555 1038 1610 tanta,
1068 1560 1225 1617 quam
1254 1546 1321 1600 de
1349 1547 1461 1615 ipso
1487 1546 1772 1606 habebant,
1801 1544 2008 1613 opinio-

422 1649 523 1702 ne,
557 1653 622 1692 ne
656 1653 815 1692 unum
848 1637 1059 1708 quidem
1105 1651 1382 1709 tyrannum
1427 1635 1731 1705 superavit;
1765 1638 1870 1689 imo
1899 1645 2003 1689 tam

423 1731 618 1784 misere
647 1729 732 1783 ille
757 1729 968 1799 elapsus
996 1739 1095 1797 est,
1125 1740 1178 1782 ut
1205 1730 1362 1783 etiam
1393 1738 1423 1782 a
1454 1727 1699 1782 libertate
1728 1725 2003 1782 exciderit.

423 1825 490 1876 At
519 1825 866 1877 tentoriorum
895 1823 1082 1878 artifex
1115 1838 1217 1875 non
1253 1823 1488 1877 Siciliam
1521 1822 1713 1886 modo,
1753 1836 1858 1875 non
1901 1821 2004 1875 Ita-

423 1913 546 1967 liam
581 1925 800 1978 tantum,
831 1914 924 1968 sed
957 1923 1125 1968 totum
1158 1913 1656 1982 peragravitorhem
1680 1931 1695 1977 ;
1721 1928 1782 1967 ac
1811 1927 2002 1982 neque,

423 2005 547 2057 dmn
597 2005 944 2074 praedicaret,
985 2014 1153 2060 artem
1198 2004 1515 2066 intermisit,
1549 2003 1640 2058 sed
1682 2003 1839 2058 etiam
1881 2013 2006 2057 tunc

426 2099 591 2165 pelles
633 2099 958 2159 consuebat,
995 2091 1053 2151 et
1097 2097 1322 2151 officium
1365 2105 1588 2160 pru‘eral
1623 2114 1636 2150 :
1669 2112 1840 2166 neque
1876 2093 2003 2150 illud

421 2189 788 2242 consularibus
813 2188 1132 2242 oﬂ‘einlicnio
1161 2190 1290 2254 fuit;
1323 2189 1479 2256 idque
1504 2189 1622 2255 jure
1651 2189 1860 2242 merito.
1889 2187 2004 2244 Non

421 2282 563 2334 enim
589 2291 732 2335 artes
758 2295 819 2336 ac
846 2281 1017 2335 studia
1038 2321 1052 2346 ,
1086 2280 1176 2334 sed
1209 2281 1540 2335 mendacium
1576 2291 1628 2334 et
1658 2282 1878 2334 conficta
1905 2281 2005 2334 do-

422 2382 596 2443 gmata
639 2373 992 2442 deSpicabiies
1041 2374 1269 2427 reddunt
1311 2374 1576 2427 doctores.
1626 2372 1849 2442 ideoque
1889 2373 2006 2429 illos

421 2467 634 2534 quidem
662 2466 771 2534 jam
801 2466 1047 2520 derident
1084 2465 1472 2526 Athenienses;
1509 2463 1631 2518 huic
1669 2479 1796 2519 vero
1829 2474 2006 2518 atten-

422 2558 553 2611 dttnl
594 2557 801 2611 barbari
827 2598 842 2622 ,
883 2557 1067 2611 inculti
1110 2557 1350 2610 heminrs
1379 2565 1432 2610 et
1471 2555 1666 2610 idiotm.
1697 2555 2006 2610 Communis

421 2649 618 2717 quippe
647 2648 892 2702 omnibus
921 2647 1161 2702 doctrina
1190 2656 1394 2716 prostat
1421 2663 1435 2700 :
1465 2663 1569 2701 non
1599 2647 1872 2718 dignitatis
1896 2647 2008 2700 dis-

421 2742 623 2794 crimen
674 2742 857 2806 novit,
909 2756 1012 2794 non
1052 2740 1224 2810 gentis
1270 2739 1639 2795 excellentiam
1665 2781 1678 2802 ,
1711 2749 1818 2793 non
1861 2740 2004 2795 aliud

422 2833 693 2902 quidpiam
727 2833 898 2887 simile
929 2851 940 2885 :
977 2832 1079 2888 iide
1111 2845 1336 2902 namque
1364 2842 1564 2886 tantum
1592 2841 1732 2902 eget,
1764 2847 1868 2886 non
1899 2831 2007 2902 syl-

421 2927 680 2996 logismis.
713 2925 943 2996 ltle0que
971 2926 1201 2980 maxime
1229 2925 1539 2980 admiranda
1568 2935 1645 2979 est
1664 2968 1677 2988 ,
1711 2941 1814 2979 non
1849 2926 2006 2979 modo

420 3019 560 3088 quod
594 3018 737 3073 utilis
766 3029 821 3074 et
849 3019 1096 3074 salutaris
1127 3019 1228 3083 sit,
1261 3019 1353 3073 sed
1381 3019 1539 3073 etiam
1568 3018 1687 3089 quia
1718 3017 1918 3082 facilis,
1952 3027 2007 3072 et

420 3112 487 3164 ab
513 3111 760 3165 munibus
789 3101 932 3164 nullo
960 3110 1172 3180 negotio
1197 3110 1460 3178 excipitur
1485 3127 1498 3163 :
1527 3109 1576 3162 id
1604 3108 1746 3178 quod
1776 3108 2005 3163 maxime

422 3204 514 3258 Dei
540 3202 882 3272 providentia:
907 3217 1041 3272 opus
1069 3211 1172 3268 est,
1192 3201 1286 3270 qui
1309 3215 1404 3255 sua
1427 3201 1674 3256 omnibus
1699 3200 2002 3255 communia

421 3297 687 3365 proponit.
721 3295 851 3350 Nam
883 3295 1021 3365 quod
1054 3295 1103 3348 in
1135 3295 1276 3355 sole,
1312 3293 1464 3357 luna,
1496 3295 1546 3347 in
1580 3303 1718 3347 terra
1743 3335 1758 3355 ,
1790 3293 1839 3345 in
1868 3292 2003 3346 mari

420 3388 734 3457 czrterisqne
761 3385 915 3449 fecit,
947 3401 1050 3440 non
1081 3383 1226 3454 plura
1253 3401 1318 3440 ex
1350 3385 1455 3438 illis
1487 3385 1721 3439 tribuens
1751 3383 2003 3439 divitibus

420 3490 472 3531 et
495 3478 843 3546 sapientibus,
869 3492 966 3531 nec
989 3477 1237 3546 pauciora
1267 3476 1605 3545 pauperibus,
1631 3475 1722 3529 sed
1745 3475 2000 3545 aequalem

422 3571 668 3624 munibus
691 3569 1074 3624 usmnfructum
1097 3582 1401 3639 proponens
1425 3585 1439 3630 ;
1463 3567 1566 3622 hoc
1591 3575 1644 3621 et
1672 3570 1720 3620 in
1750 3567 2005 3636 prtedica.

424 3665 566 3717 tione
594 3662 735 3723 fecit.
768 3664 874 3716 imo
902 3661 1069 3716 multo
1096 3661 1285 3730 majus,
1311 3661 1560 3730 quoniam
1588 3657 1690 3713 hoc
1718 3659 1884 3728 magis
1910 3673 2004 3712 ne-

422 3755 715 3810 cessarium
747 3770 904 3824 quam
938 3753 1023 3806 illa
1055 3761 1155 3806 est.
1200 3751 1427 3820 lde0qne
1469 3750 1662 3805 Paulus
1702 3750 2005 3816 frequenter

425 3847 518 3909 ait,
552 3845 796 3898 Omnibus
830 3844 1075 3916 gentibus.
1112 3843 1312 3898 Deinde
1336 3841 1624 3896 ostendens
1651 3856 1708 3896 se
1740 3840 1866 3895 nihil
1901 3841 2006 3895 illis

425 3939 627 4009 largiri,
658 3938 749 3992 scd
782 3945 1100 4007 przeceptum
1134 3935 1337 3990 Domini
1377 3935 1616 4005 implere,
1649 3942 1702 3987 et
1732 3933 2006 3987 remittens

427 4034 544 4087 illos
575 4033 639 4085 ad
668 4031 969 4087 reddendas
1001 4031 1110 4085 Deo
1141 4030 1507 4083 universorum
1529 4027 1746 4095 gratias,
1770 4025 1843 4078 ait
1871 4043 1884 4077 :
1921 4025 2003 4078 i4.

429 4124 620 4178 (ἔναξε-ξε
660 4132 705 4176 et
742 4117 966 4177 barbaris
985 4165 1000 4188 ,
1037 4116 1344 4191 sapientibus
1369 4129 1412 4172 et
1440 4115 1788 4185 insipientibus
1818 4116 2010 4168 debitor

426 4231 554 4272 sum.
576 4217 725 4282 Quod
749 4225 800 4269 et
820 4215 884 4268 ad
907 4214 1210 4268 Corinthios
1231 4211 1469 4264 scribens
1489 4209 1558 4262 ita
1577 4208 1803 4270 diccbat,
1827 4211 2007 4260 omnia

428 4306 537 4363 Deo
575 4310 887 4362 attribuens.
920 4302 1005 4360 l5.
1051 4297 1132 4357 Ita
1165 4314 1406 4369 quantum
1438 4303 1488 4354 in
1521 4318 1598 4354 me
1628 4311 1724 4364 est,
1755 4311 1802 4354 et
1836 4299 1970 4353 vobis
1990 4339 2008 4367 ,

427 4402 512 4469 qui
545 4401 719 4452 Roma:
745 4399 883 4462 estis,
909 4396 1265 4466 erangrlizare.

500 4491 552 4544 6.
591 4492 636 4543 υ
673 4501 984 4558 generosam
1026 4485 1291 4540 animam!
1325 4476 1456 4538 Rem
1497 4492 1572 4538 tot
1611 4483 1857 4552 perieulis
1898 4481 2014 4551 ple-

428 4592 548 4636 nam
571 4581 895 4648 suscipiens,
923 4579 1180 4632 marinam
1213 4577 1731 4647 peregrinationem,
1764 4576 2015 4630 tentatio-

430 4687 558 4736 nes,
591 4671 827 4734 insidias,
861 4670 1195 4733 seditiones;
1231 4685 1350 4723 nam
1384 4669 1435 4722 in
1467 4677 1609 4722 tanta
1643 4667 1774 4722 urbe
1802 4667 2017 4722 concio-

429 4765 612 4829 nanti,
645 4764 744 4816 sub
783 4763 1066 4830 impietatis
1098 4761 1380 4832 tyrannide
1418 4759 1622 4830 posita,
1669 4759 2016 4813 tcntationum

425 4859 711 4927 grandines
764 4855 1135 4926 cxspectande
1187 4865 1368 4916 erant;
1415 4853 1491 4907 sic
1539 4865 1591 4907 et
1647 4854 1808 4905 vitam
1841 4853 1890 4905 iu
1922 4851 2019 4905 ista

429 4951 560 5005 urbe
611 4951 823 5015 clausit,
868 4948 1022 5018 jussu
1083 4947 1292 5018 tyranni
1348 4957 1472 5000 tunc
1520 4943 1794 5013 regnantis
1846 4943 2020 5011 capite

429 5049 736 5107 truncatus;
792 5053 1025 5095 attamen
1073 5055 1192 5092 cum
1245 5045 1324 5091 tot
1377 5046 1628 5103 tantaque
1659 5049 1718 5088 se
1749 5049 2021 5103 passurum

430 5142 785 5201 exspectaret.
816 5147 920 5187 non
955 5132 1074 5186 ideo
1109 5131 1323 5200 segnior
1348 5128 1693 5190 reddebatur,
1739 5126 1832 5180 sed
1866 5124 2014 5179 festi-

432 5223 626 5286 nabat,
654 5223 996 5291 partoriehat,
1031 5231 1413 5291 protr-aptusque
1452 5229 1585 5273 erat.
1634 5217 1859 5282 Ideoque
1899 5218 1973 5269 ait
2009 5230 2024 5266 :

433 5313 688 5376 Quantum
709 5314 762 5365 in
784 5328 858 5365 tne
877 5324 971 5376 est,
991 5323 1198 5376 paratus
1216 5331 1326 5366 sum
1348 5312 1484 5366 vobis
1500 5327 1717 5380 quoque,
1737 5310 1823 5372 qui
1842 5306 2019 5362 Roma:

433 5404 579 5465 estis,
602 5403 962 5472 euangelizare.
996 5404 1085 5457 16.
1122 5401 1243 5457 Non
1269 5407 1402 5458 enim
1431 5404 1665 5457 erubesco
1695 5401 2024 5470 evangelium.

431 5497 566 5565 Quid
598 5497 698 5561 ais,
717 5495 919 5550 Paule?
943 5492 1075 5550 Cum
1106 5507 1380 5565 oporteret
1407 5497 1610 5560 dicere,
1635 5494 1867 5559 Glorior,
1896 5493 2026 5548 mihi

431 5589 702 5660 gratulor;
733 5603 837 5643 non
866 5589 966 5642 hoc
990 5587 1142 5654 dicis,
1162 5588 1255 5643 sed
1281 5588 1422 5659 quod
1448 5589 1539 5643 illo
1561 5579 1736 5642 minus
1759 5599 1859 5653 est,
1883 5585 2026 5658 quod

503 5746 578 5807 (a)
605 5745 682 5794 De
705 5744 921 5807 Platone,
943 5743 1027 5806 qui
1052 5750 1133 5792 ter
1157 5745 1210 5807 in
1230 5742 1433 5794 siciliam
1458 5740 1663 5806 appulit,
1691 5740 1911 5805 pluribus
1934 5742 2039 5804 agit

455 5804 703 5868 Diogenes
723 5805 941 5856 Laertius
962 5804 1010 5855 in
1039 5807 1144 5870 ejus
1160 5804 1279 5856 Vila.

1154 319 1210 379 S.
1251 318 1524 377 JOANNIS
1559 308 2029 373 Clll‘iYSOSTOMl
2069 307 2379 364 ARCHIEP.
2421 300 2944 362 CONSTANTINOP.

3587 301 3690 359 £08

2107 442 2212 480 non
2238 426 2557 493 erubescas;
2605 417 2657 481 id
2699 427 2840 496 quod
2881 426 2933 480 in
2979 423 3142 481 rebus
3180 424 3472 496 insignibus
3508 425 3690 480 dicere

2108 528 2214 573 non
2239 519 2494 573 solemus.
2544 518 2680 584 Quid
2703 519 2864 588 igitur
2889 518 3056 574 dicit?
3080 533 3178 573 cur
3204 519 3283 573 sic
3308 519 3558 590 loquitur,
3589 522 3689 574 etsi

2107 611 2275 680 magis
2300 610 2368 664 de
2397 610 2672 680 evangelio
2705 625 2862 681 quam
2894 610 2962 665 de
2987 609 3121 666 czelo
3143 609 3434 680 glorietur?
3477 612 3557 665 Ad
3581 610 3689 663 Ga-

2107 700 2242 754 latas
2271 702 2412 756 enim
2453 703 2718 762 scribens.
2763 703 2880 756 ait:
2909 702 3041 756 Mihi
3076 713 3247 757 autem
3289 704 3415 758 absit
3455 705 3689 773 gloriari,

2107 795 2207 848 nisi
2233 796 2286 849 in
2313 809 2458 850 cruce
2484 795 2690 850 Domini
2727 796 2886 850 nostri
2913 794 3040 850 Jesu
3065 798 3251 851 Christi
3284 797 3304 868 (
3326 796 3443 852 Gal.
3477 798 3530 852 6.
3563 799 3631 852 Η
3653 802 3689 864 ).

2108 884 2214 939 Cur
2242 899 2371 956 ergo
2397 886 2484 940 hic
2509 902 2613 942 non
2635 888 2797 953 dicit,
2830 875 3075 951 Glorior;
3116 889 3208 943 sed
3231 931 3246 952 ,
3275 887 3394 943 Non
3418 890 3693 945 erubesco?

2107 975 2336 1030 Romani
2361 978 2425 1031 ad
2455 991 2540 1032 res
2573 979 2729 1047 hujus
2750 979 2930 1034 mundi
2957 980 3263 1044 inhiabant,
3285 981 3352 1036 ob
3372 980 3605 1047 divitias,
3623 984 3695 1036 ob

2109 1067 2413 1134 imperium,
2445 1069 2516 1123 ob
2554 1070 2802 1124 victorias
2825 1111 2839 1133 ,
2882 1072 2952 1126 ob
3000 1072 3382 1142 imperatores,
3415 1088 3548 1143 quos
3591 1075 3696 1129 diis

2110 1173 2265 1229 pares
2293 1161 2668 1216 existimabant
2700 1162 2916 1233 (sicque
2947 1163 3066 1218 illos
3091 1163 3425 1234 vocabant);
3469 1166 3611 1221 unde
3640 1176 3695 1221 et

2108 1255 2319 1323 templis
2339 1265 2393 1309 et
2413 1256 2522 1310 aris
2540 1265 2592 1310 et
2617 1257 2891 1312 sacrificiis
2930 1259 3051 1313 illos
3076 1260 3344 1314 colebant.
3370 1260 3501 1329 Cum
3533 1261 3698 1329 igitur

2107 1344 2178 1399 ita
2210 1346 2346 1400 fastu
2381 1347 2519 1416 pleni
2547 1357 2748 1410 essent,
2779 1359 2834 1404 et
2880 1348 3071 1403 Paulus
3119 1325 3500 1421 przctlit-‘aturus
3551 1325 3698 1406 esset

2107 1434 2306 1501 Jesum,
2331 1439 2417 1508 qui
2442 1436 2577 1492 fabri
2603 1439 2740 1492 filius
2759 1455 2878 1494 esse
2901 1441 3200 1509 putabatur,
3225 1441 3276 1494 in
3299 1439 3480 1496 Jutla-a
3503 1453 3688 1507 natus,

2107 1536 2162 1581 et
2188 1529 2238 1582 in
2267 1529 2426 1582 domo
2455 1531 2627 1584 tenuis
2650 1530 2888 1585 mulieris
2909 1531 3164 1586 (aduentus
3192 1531 3390 1597 fuerat;
3419 1535 3506 1602 qui
3530 1535 3698 1588 satel-

2108 1619 2228 1676 lites
2251 1637 2353 1675 non
2385 1621 2664 1686 habuerat,
2695 1639 2799 1677 non
2825 1624 3057 1686 divitias,
3081 1623 3174 1678 sed
3197 1625 3352 1681 etiam
3384 1635 3440 1678 ut
3465 1625 3696 1679 damna-

2109 1722 2193 1768 tus
2220 1725 2459 1770 mortuus
2490 1715 2660 1769 fuerat
2697 1733 2817 1771 cum
2849 1717 3162 1783 latronibus,
3216 1718 3514 1788 multasque
3558 1720 3696 1774 alias

2108 1808 2421 1878 ignbminias
2450 1828 2638 1882 passus
2656 1813 2822 1868 fuerat
2846 1830 2861 1876 ;
2887 1827 2949 1867 ac
2971 1815 3257 1867 verisimile
3278 1823 3393 1867 erat
3422 1814 3696 1868 Romanus

2107 1911 2235 1956 tunc
2277 1903 2478 1971 pudore
2506 1905 2737 1960 suffusos
2785 1905 2970 1966 fuisse.
3003 1917 3123 1960 eum
3172 1905 3429 1958 nihildum
3489 1907 3698 1960 scirent

2108 2008 2288 2049 rerum
2341 2011 2654 2052 arcanarum
2678 2009 2732 2052 et
2761 2011 3068 2068 magnarum
3104 2016 3118 2053 :
3153 1999 3272 2052 ideo
3300 2000 3393 2061 ait,
3437 1996 3556 2051 Non
3577 2016 3697 2051 ern-

2109 2089 2272 2153 besco,
2296 2089 2415 2145 illos
2443 2090 2652 2144 interim
2681 2091 2910 2157 docens,
2941 2107 3007 2144 ne
3033 2091 3416 2145 erubescerent
3442 2107 3455 2140 :
3488 2091 3698 2145 sciebat

2108 2180 2249 2234 enim
2293 2195 2406 2246 eos,
2439 2182 2483 2235 si
2515 2183 2564 2235 id
2591 2183 2805 2236 tandem
2860 2190 3289 2251 asscquerentur,
3321 2186 3426 2236 cito
3453 2191 3698 2252 eousque

2109 2281 2460 2341 perventuros
2489 2286 2608 2328 esse
2639 2284 2694 2326 ut
2718 2274 3094 2343 gloriarentur.
3154 2273 3220 2327 Et
3251 2283 3307 2327 tu
3338 2273 3497 2344 igitur
3521 2275 3567 2327 si
3596 2289 3698 2327 au:-

2108 2365 2273 2419 dieris
2329 2366 2629 2434 quempiam
2684 2366 2946 2420 dieentem
2983 2383 2995 2419 :
3027 2367 3420 2421 Cruciiixumne
3449 2365 3645 2420 adoras
3673 2367 3697 2419 ?

2108 2470 2176 2512 ne
2225 2457 2510 2511 erubescas
2542 2472 2640 2512 nec
2670 2457 2856 2511 oculos
2905 2457 3192 2522 demittas;
3228 2457 3334 2510 imo
3359 2457 3594 2527 gloriare
3638 2464 3698 2512 et

2109 2550 2201 2604 tibi
2233 2552 2500 2621 gratulare
2522 2592 2536 2614 ,
2566 2551 2849 2619 liberisque
2899 2551 3069 2605 oculis
3090 2558 3143 2604 et
3170 2558 3347 2605 erecta
3375 2550 3526 2615 faeie,
3560 2561 3697 2604 cott-

2107 2642 2392 2698 fessionem
2434 2643 2675 2698 admitte.
2701 2644 2755 2698 Si
2800 2657 3006 2697 rursum
3033 2643 3230 2697 dixerit
3254 2662 3268 2696 :
3293 2641 3699 2696 Crucilisumue

2108 2737 2341 2790 adoras?
2363 2742 2561 2806 repens
2593 2737 2665 2790 illi
2702 2753 2714 2790 :
2745 2735 2849 2790 Sed
2877 2752 2978 2790 non
3012 2735 3299 2799 mmchum,
3333 2748 3438 2787 non
3467 2734 3694 2803 parrici-

2107 2831 2266 2896 dam,
2302 2847 2408 2884 non
2454 2831 2680 2884 filiorum
2734 2829 3129 2886 interfectorem
3161 2829 3332 2899 (tales
3379 2828 3525 2882 enim
3571 2834 3696 2880 sunt

2108 2937 2296 2978 omnes
2323 2924 2532 2978 illorum
2555 2923 2626 2977 dii
2651 2924 2705 2993 );
2737 2924 2829 2978 sed
2861 2939 3006 2989 eum,
3032 2923 3122 2992 qui
3150 2937 3245 2990 per
3260 2936 3476 2976 crucem
3505 2921 3696 2974 damno-

2109 3016 2265 3071 uibus
2304 3031 2398 3069 ora
2433 3015 2693 3080 obstruit,
2720 3023 2878 3084 atQue
2920 3015 3228 3068 inntuneras
3253 3013 3466 3066 illorum
3497 3009 3708 3080 [musti-l-

2109 3109 2222 3177 gias
2269 3107 2504 3160 abstulit.
2558 3107 2767 3159 Etenim
2823 3121 2951 3160 crux
3007 3113 3226 3174 propter
3274 3117 3370 3181 nos
3416 3102 3701 3156 ineil‘abilis

2109 3194 2448 3269 benignitatis
2494 3215 2628 3268 opus
2679 3214 2990 3268 magna-que
3041 3214 3182 3252 curae
3229 3197 3536 3268 symbolum
3590 3205 3692 3249 cst.

2109 3292 2190 3347 Ad
2237 3291 2350 3346 lucc
2387 3301 2538 3354 vero,
2567 3290 2688 3360 quia
2730 3290 3086 3359 eloquentiam
3136 3303 3286 3343 suam
3316 3287 3617 3345 venditant.
3647 3289 3702 3340 et

2107 3393 2327 3440 externa
2361 3381 2698 3453 philosophia
2750 3380 2938 3434 muniti
2985 3381 3149 3433 altum
3181 3380 3410 3449 sapiunt,
3449 3379 3582 3448 Ego,
3610 3378 3696 3431 in-

2109 3479 2225 3546 quit
2269 3475 2466 3530 Paulus
2492 3518 2506 3540 ,
2537 3476 2618 3528 his
2647 3475 2972 3546 syllogismis
3027 3467 3241 3542 longum
3293 3473 3472 3525 valere
3513 3471 3699 3541 jussis,

2105 3584 2320 3624 crucem
2348 3567 2693 3637 pra-dicatum
2725 3567 2896 3629 venio,
2934 3582 3106 3633 neque
3138 3565 3255 3618 idco
3278 3565 3562 3618 erubesco.
3600 3564 3704 3616 Po-

2106 3661 2262 3714 tentia
2284 3662 2417 3714 enim
2448 3659 2540 3713 Dei
2568 3669 2636 3714 est
2663 3659 2728 3714 ad
2753 3660 2986 3713 salutem.
3014 3657 3147 3724 Quia
3171 3656 3310 3710 enim
3336 3655 3572 3724 potentia
3606 3656 3698 3709 Dei

2105 3766 2187 3810 est
2213 3757 2371 3810 etiam
2395 3754 2458 3806 ad
2486 3766 2697 3822 plenam
2728 3751 3053 3806 inferendam
3087 3751 3238 3820 (nam
3266 3763 3385 3802 cum
3412 3747 3700 3818 Egyptins

2108 3847 2357 3917 puniebat
2383 3888 2398 3911 ,
2448 3846 2618 3898 dixit:
2649 3845 2770 3899 ihec
2791 3853 2873 3898 est
2901 3843 3136 3911 potentia
3195 3856 3309 3894 mea
3342 3857 3530 3909 magna
3556 3847 3572 3907 )
3599 3855 3614 3901 ;
3648 3849 3702 3890 et

2111 3948 2345 4007 potestas
2374 3936 2439 3990 tttl
2465 3936 2683 3989 exitium
2718 3937 2872 4003 (nam
2901 3935 2973 3986 ait
3003 3950 3016 3987 :
3054 3931 3241 3985 Timete
3263 3945 3397 3992 eum,
3430 3931 3518 3996 qui
3545 3938 3703 3990 potest

2110 4041 2158 4085 et
2188 4031 2411 4082 animam
2440 4039 2484 4081 et
2513 4045 2697 4091 corpus
2728 4026 2935 4094 perdere
2958 4025 3008 4077 in
3039 4025 3317 4094 gehennam
3349 4020 3574 4092 [Matt/t.
3611 4022 3697 4074 li).

2114 4112 2306 4194 28]):
2340 4123 2461 4176 ideo
2508 4123 2580 4174 ait
2610 4137 2623 4170 :
2657 4120 2778 4174 Haec
2831 4118 3053 4171 veniens
3097 4115 3278 4178 alit-r0,
3315 4122 3419 4167 non
3468 4130 3586 4180 qua:
3633 4112 3703 4165 ad

2115 4230 2322 4285 pennam
2344 4222 2397 4266 et
2417 4213 2756 4282 supplicium,
2781 4210 2872 4264 ενα
2897 4226 3012 4276 qnzu
3034 4207 3098 4261 ad
3122 4205 3364 4262 salutem.
3386 4205 3520 4272 Quid
3541 4205 3703 4273 ergo?

2115 4323 2292 4361 nonne
2341 4305 2455 4359 haec
2500 4303 2848 4358 annuntiabat
2900 4302 3060 4355 etiam
3101 4299 3456 4368 evangelium,
3503 4297 3566 4351 de
3604 4311 3703 4364 ge-

2115 4400 2311 4464 ltcnna,
2335 4398 2402 4452 de
2433 4397 2668 4450 tenebris
2694 4394 3070 4455 extet-ioribus,
3099 4392 3162 4445 de
3193 4405 3372 4444 verme
3399 4387 3704 4443 venenato!

2117 4492 2275 4560 Atqui
2306 4506 2408 4543 non
2452 4488 2663 4540 aliunde
2693 4488 2805 4539 haec
2833 4487 3096 4547 novimus,
3145 4484 3245 4537 nisi
3277 4491 3342 4536 ex
3373 4481 3654 4551 evangelio
3686 4499 3702 4532 :

2118 4582 2384 4652 quomodo
2438 4581 2616 4649 igitur,
2645 4579 2884 4648 inquies,
2916 4571 3149 4631 Potentia
3193 4575 3285 4628 Dei
3331 4575 3398 4626 ad
3445 4576 3707 4627 salutem?

2119 4678 2226 4732 Sed
2258 4677 2378 4729 audi
2435 4675 2718 4744 sequentia
2744 4691 2756 4725 :
2797 4671 2947 4724 Οιηηὶ
2976 4670 3217 4731 credenti,
3245 4667 3431 4722 Iudaeo
3459 4667 3704 4735 primum,

2122 4781 2168 4823 et
2201 4769 2398 4823 Greco.
2450 4767 2564 4820 Non
2607 4767 2749 4819 enim
2804 4763 3071 4825 omnibus,
3122 4760 3212 4813 sed
3272 4746 3705 4826 suscipientibus.

2123 4863 2342 4916 Etiamsi
2366 4862 2506 4914 enim
2534 4857 2751 4914 Cra-rus
2778 4859 2887 4910 sive
2915 4855 3127 4925 gentilis
3157 4854 3336 4916 fueris,
3369 4852 3578 4908 etiamsi
3610 4869 3707 4904 ne-

2123 4958 2341 5027 quitiam
2389 4967 2601 5008 omnem
2634 4953 2868 5014 adieris;
2914 4949 3012 5002 etsi
3039 4950 3257 5019 Scytha,
3289 4947 3417 5000 batb
3438 4963 3564 5009 irus,
3599 4947 3709 4997 imo

2127 5052 2232 5104 i'era
2259 5049 2440 5111 fueris,
2466 5047 2672 5099 ratione
2688 5045 2904 5097 omnino
2925 5041 3230 5100 destitutus,
3262 5048 3316 5092 et
3340 5039 3486 5093 mille
3515 5054 3704 5107 peccas

2126 5151 2296 5193 torum
2329 5139 2553 5192 sarcinis
2595 5147 2816 5190 onustus
2857 5153 2869 5187 :
2902 5133 3058 5187 simul
3114 5140 3273 5201 atque
3306 5141 3605 5185 sermonem
3639 5131 3710 5182 de

2127 5248 2285 5287 cruce
2309 5231 2611 5300 Suscepisti,
2633 5239 2687 5284 et
2707 5229 3002 5297 baptizatus
3023 5240 3102 5290 es,
3131 5227 3308 5279 omnia
3331 5227 3417 5279 illa
3443 5225 3704 5280 delerist'i.

2128 5326 2236 5378 Cur
2261 5336 2435 5376 atttcm
2465 5325 2549 5376 hic
2575 5321 2723 5382 dicit,
2747 5320 2930 5372 Juda'o
2954 5321 3196 5388 primum,
3245 5330 3293 5372 et
3343 5317 3555 5373 Gra'co?
3581 5316 3710 5386 quid

2131 5418 2229 5471 sibi
2257 5417 2370 5471 vult
2402 5415 2488 5468 illa
2530 5412 2868 5468 differentia?
2912 5411 3069 5479 Atqui
3117 5426 3261 5478 sa-pe
3308 5411 3475 5472 dixit,
3531 5410 3710 5478 Neque

2130 5508 2466 5563 circumcisio
2521 5505 2805 5574 quidquam
2849 5512 2951 5565 est,
2982 5515 3156 5572 neque
3183 5503 3498 5571 pra-patiam
3530 5520 3542 5554 :
3573 5517 3706 5562 quo-

2135 5602 2293 5655 tnodo
2331 5601 2487 5670 igitur
2518 5599 2603 5652 hic
2647 5596 2943 5664 distinguit,
2991 5594 3235 5648 Judzenm
3274 5585 3463 5648 Cra-co
3490 5604 3701 5659 antepo-

2136 5692 2302 5746 tta-us?
2334 5691 2534 5759 Ecquid
2566 5672 2708 5742 hoc?
2737 5702 2904 5756 neque
2931 5686 3070 5738 enim
3094 5685 3213 5754 quia
3243 5686 3448 5755 primus
3471 5696 3570 5747 est,
3599 5694 3712 5733 ina-

2135 5789 2304 5858 jorem
2335 5783 2522 5855 accipit
2550 5783 2771 5853 gratiam
2809 5780 2982 5853 (idem
3021 5780 3161 5834 enim
3194 5782 3366 5848 ipsum
3417 5781 3462 5833 d.
3491 5795 3617 5832 unm
3654 5776 3719 5830 et
