3934 6212
224 316 318 374 ωυ

224 432 337 485 huic
363 439 414 482 ct
456 426 526 481 illi
574 422 900 493 tribuitur),
943 418 1037 477 sed
1072 419 1273 474 ordinis
1300 419 1471 472 solum
1522 426 1604 471 est
1631 416 1792 482 illud,

222 524 419 593 primus.
448 519 631 592 Neque
655 517 707 573 id
730 517 850 587 plus
873 516 1051 581 habet,
1079 514 1218 584 quod
1249 512 1504 582 majorem
1527 510 1792 578 acceperit

217 618 490 687 jlls‘llllam;
520 612 613 668 scd
637 615 694 668 in
723 611 823 665 hoc
861 610 1036 665 solum
1065 608 1382 671 honoratur,
1417 604 1556 674 quod
1590 605 1791 673 primus

218 706 488 775 acceperit.
522 704 654 758 Nam
689 701 746 765 ii,
777 701 865 770 qui
921 699 1288 753 illuminantur
1322 695 1513 767 (scitis,
1563 693 1784 757 initiati,

218 800 342 869 quiut
387 797 623 863 dicitur),
653 808 840 847 onmes
880 791 944 845 ad
984 791 1245 859 baptisma
1277 796 1519 847 currunt,
1557 786 1651 840 sed
1686 800 1787 839 non

218 906 387 945 omnes
413 887 601 943 eadem
625 886 780 951 hora,
802 884 895 939 sed
922 884 1058 937 alius
1078 883 1300 952 primus,
1325 881 1460 934 alius
1483 879 1743 933 secundus
1772 894 1785 931 :

218 998 368 1051 neque
416 991 595 1033 tamen
644 977 848 1047 primus
900 976 1017 1045 plus
1056 973 1251 1042 accipit
1296 987 1452 1041 quam
1485 971 1781 1031 secundus,

219 1090 371 1143 neque
424 1070 695 1126 secundus
748 1085 904 1138 quant
962 1067 1172 1130 tertius,
1206 1064 1298 1118 sed
1357 1078 1545 1118 omnes
1599 1062 1781 1115 iisdem

214 1166 462 1219 lrmtntur.
483 1162 688 1216 Primus
718 1161 877 1231 igitttr
901 1159 1008 1223 hic,
1026 1158 1256 1212 nominis
1280 1156 1453 1211 solum
1481 1164 1562 1210 est
1590 1154 1779 1220 honor,

214 1274 305 1311 non
329 1258 493 1337 gratia
524 1254 713 1323 tttajor.
750 1252 970 1315 Deinde,
1000 1258 1284 1321 postquam
1319 1247 1473 1309 dixit,
1518 1246 1596 1299 Ad
1639 1247 1780 1299 saltt-

212 1361 313 1410 tem,
344 1363 531 1402 rursus
560 1356 717 1417 auget
760 1343 984 1409 donum,
1035 1340 1327 1396 ostendens
1370 1354 1474 1394 non
1504 1338 1782 1408 prvuscnlis

212 1441 447 1510 tcntptris
503 1439 674 1494 δυιυιυ
720 1452 862 1503 esse,
896 1435 989 1489 sed
1013 1444 1066 1490 et
1108 1434 1329 1487 ulterius
1360 1430 1641 1501 progredi;
1680 1429 1779 1482 hue

208 1533 335 1586 enim
358 1530 678 1601 significavit
708 1528 790 1581 liis
819 1526 997 1581 verbis
1029 1543 1040 1579 :
1074 1526 1161 1579 17.
1183 1524 1394 1577 Iustitia
1415 1523 1546 1575 enim
1595 1521 1686 1573 Dei
1729 1520 1777 1571 in

208 1629 305 1690 ipso
324 1626 569 1705 εει-βιαιω-
598 1640 659 1675 ex
686 1622 789 1690 [ide
823 1622 875 1674 in
905 1619 1079 1689 ﬁdem,
1108 1618 1237 1671 sicut
1263 1617 1505 1685 scriptum
1527 1623 1596 1666 est
1630 1630 1647 1666 :
1675 1611 1776 1665 Ju-

207 1729 301 1773 stus
318 1728 478 1770 autem
507 1732 572 1769 cx
594 1716 697 1784 [ide
721 1713 881 1782 vivet(
904 1711 1101 1764 Ilubac.
1127 1710 1181 1763 2.
1207 1710 1241 1764 4
1259 1710 1296 1779 ).
1327 1708 1424 1775 Qui
1453 1722 1581 1775 ergo
1602 1706 1778 1774 justus

207 1809 409 1864 effectus
428 1818 533 1871 est,
568 1821 673 1860 non
715 1806 766 1859 in
800 1802 1048 1875 prmsenti
1079 1801 1250 1855 solum
1280 1799 1495 1860 smculo,
1525 1796 1617 1851 sed
1645 1806 1697 1850 et
1725 1795 1775 1849 in

208 1899 366 1954 futuro
386 1900 546 1953 vivet.
570 1896 754 1965 Neque
784 1894 883 1948 hoc
907 1894 1114 1957 solum;
1159 1891 1253 1947 sed
1286 1899 1337 1945 et
1361 1889 1501 1943 aliud
1533 1887 1772 1942 subindi-

204 2001 295 2052 σπι,
313 1987 613 2058 bttjusmodi
644 2001 836 2054 nempe
861 1984 982 2037 vitae
1008 1981 1347 2052 splendorem
1372 1989 1426 2034 et
1445 1978 1766 2033 claritatem.

203 2082 317 2149 Quia
344 2074 486 2135 enim
516 2087 691 2150 potest
712 2077 831 2147 quis
850 2092 970 2130 cum
994 2074 1261 2129 dedecore
1280 2072 1479 2127 servari
1506 2088 1517 2123 :
1548 2080 1603 2123 ttt
1624 2069 1772 2123 multi

202 2192 256 2228 rx
280 2176 411 2243 regia
438 2166 722 2226 clementia
746 2185 775 2223 τι
802 2166 1065 2238 supplicio
1093 2165 1428 2235 eripiuntur;
1460 2171 1515 2216 ut
1543 2176 1609 2216 ne
1654 2159 1776 2230 quis

201 2270 399 2321 salutem
418 2266 647 2321 audiens
678 2265 779 2319 hoc
800 2263 1119 2332 suspicetur,
1143 2258 1345 2314 addidit
1371 2277 1382 2312 ε
1410 2257 1473 2309 Et
1485 2256 1773 2326 justitiam,-

199 2373 242 2415 et
268 2362 523 2428 justitiam
553 2375 658 2414 non
691 2368 855 2420 tuam,
882 2356 974 2411 sed
1020 2355 1150 2417 Dei;
1205 2352 1318 2418 ejus
1374 2350 1678 2423 largitatem
1722 2360 1773 2404 et

201 2452 492 2507 facilitatem
541 2450 907 2506 subiudicans.
960 2446 1142 2516 Neque
1182 2445 1327 2499 enim
1372 2461 1439 2500 ex
1486 2443 1680 2498 sudore
1720 2450 1775 2496 ct

197 2546 359 2600 labore
403 2546 557 2599 illam
606 2542 847 2614 perficis,
881 2539 973 2593 sed
1006 2554 1071 2593 ex
1104 2551 1341 2606 superno
1366 2537 1507 2591 dono
1550 2534 1769 2603 accipis,

195 2637 287 2691 hoc
318 2651 479 2689 unum
511 2648 579 2690 ex
613 2634 785 2702 teipso
810 2630 1065 2691 aﬂ‘erens,
1114 2629 1259 2700 quod
1291 2628 1503 2684 credas.
1542 2625 1765 2702 Deinde,

194 2730 301 2796 quia
328 2728 409 2780 vix
429 2724 712 2780 credibilis
741 2736 921 2778 sermo
949 2718 1157 2776 videtur
1175 2735 1314 2782 esse,
1338 2717 1477 2789 quod
1496 2696 1767 2792 tumchus,

192 2818 371 2879 mollis,
399 2816 773 2886 sepulcrorum
803 2812 1051 2878 eli'ossor,
1085 2811 1461 2882 praestigiator,
1490 2806 1768 2862 confestim

185 2926 281 2963 non
312 2907 473 2961 modo
498 2922 524 2959 a
544 2905 808 2975 supplicio
834 2905 1114 2975 eripiatur,
1150 2902 1243 2957 sed
1266 2901 1423 2955 etiam
1452 2900 1626 2968 justus
1657 2897 1766 2959 fiat,

187 3013 231 3055 et
256 3000 421 3062 iustus
452 3011 707 3067 suprema
732 2996 975 3065 justitia;
1010 3010 1038 3049 a
1073 2993 1251 3048 Veteri
1279 2992 1622 3046 Testamento
1650 3002 1767 3041 scr-

184 3106 225 3141 ιη
248 3105 381 3143 ιηςη]
420 3087 734 3154 confirmat,
785 3103 849 3142 ac
879 3087 1051 3156 primo
1080 3083 1295 3155 quidem
1325 3081 1471 3136 brevi
1498 3080 1640 3135 dicto
1672 3080 1770 3131 im-

188 3199 411 3235 mensum
452 3180 807 3236 historiarum
854 3179 1074 3248 pelagus
1119 3174 1312 3229 intueri
1342 3171 1539 3227 valenti
1571 3169 1764 3239 aperit.

182 3278 299 3329 tium
348 3274 584 3329 dixisset
622 3273 787 3337 enim,
835 3269 919 3323 Ea:
946 3269 1048 3337 ﬁde
1072 3269 1125 3321 iu
1154 3266 1328 3335 ﬁdem,
1356 3263 1652 3318 auditorem
1684 3274 1769 3314 rc-

185 3366 311 3417 misit
338 3364 403 3417 ad
427 3364 766 3421 teconomias
791 3362 930 3426 illas,
951 3375 981 3413 a
1007 3359 1113 3413 Deo
1140 3358 1191 3411 in
1221 3355 1398 3410 Veteri
1418 3354 1765 3408 Testamento

186 3455 354 3523 factas,
386 3472 528 3528 quas
553 3456 621 3511 ad
649 3454 901 3509 Ilebraeos
922 3450 1184 3516 scribens,
1214 3463 1333 3503 cum
1358 3446 1521 3500 multa
1552 3444 1764 3513 sapien-

182 3549 244 3605 tia
269 3557 488 3605 enarrat
510 3588 526 3614 ,
554 3558 715 3617 atque
758 3545 918 3598 etiam
948 3551 1074 3596 tunc
1097 3548 1150 3595 et
1171 3539 1346 3609 justos
1375 3546 1429 3591 et
1456 3544 1764 3605 peccatores

181 3640 491 3709 justificatos
517 3637 751 3694 ostendit
776 3654 789 3688 :
821 3643 1145 3706 quapropter
1170 3638 1224 3685 et
1248 3628 1395 3683 Raab
1421 3637 1475 3681 ct
1495 3626 1762 3681 Abraham

181 3733 511 3788 memoravit.
543 3731 731 3785 Postea
754 3736 955 3791 autem,
987 3740 1107 3780 cum
1136 3724 1222 3778 hic
1248 3722 1418 3776 solum
1449 3718 1500 3775 id
1526 3718 1763 3774 subindi-

179 3836 337 3879 cisset
372 3825 545 3895 (nam
572 3820 639 3875 ad
669 3821 829 3874 aliam
870 3814 1374 3885 contemplationem
1407 3826 1565 3867 cursu
1593 3808 1761 3863 veloci

178 3914 516 3983 festinabat),
546 3928 575 3966 a
605 3910 883 3982 prophetis
904 3923 1089 3963 rursus
1116 3905 1354 3961 sermoni
1398 3904 1554 3957 fidetn
1583 3900 1762 3955 conci-

178 4008 279 4071 lia',
310 4024 360 4061 tu
409 4006 650 4061 medium
679 4004 951 4058 adducens
974 4001 1222 4055 llabacuc
1249 3997 1568 4052 clamantem
1596 4001 1650 4048 et
1676 3993 1759 4046 di-

174 4112 392 4165 centeni,
429 4115 541 4154 non
576 4112 733 4167 posse
755 4096 936 4150 vivere
961 4108 1081 4149 eum
1122 4090 1213 4161 qui
1240 4090 1475 4143 victurus
1503 4095 1604 4147 est,
1657 4084 1759 4139 nisi

174 4208 259 4261 per
284 4193 466 4246 fidem.
506 4190 635 4244 Nam
664 4188 864 4252 Justus,
889 4185 1074 4256 inquit,
1107 4200 1169 4237 ex
1194 4183 1296 4251 [ide
1321 4182 1464 4244 vivet,
1499 4178 1565 4232 de
1588 4178 1756 4230 futura

173 4282 384 4351 luqttuns
418 4282 553 4336 vita.
586 4280 719 4347 Quia
747 4278 889 4333 enim
917 4290 1037 4346 quae
1069 4275 1211 4329 Detts
1236 4272 1510 4341 elargitnr,
1543 4283 1757 4324 omnem

172 4376 547 4442 mgitationem
588 4378 866 4440 superant,
887 4368 1010 4437 jure
1041 4365 1145 4420 fide
1188 4379 1322 4434 Opus
1356 4362 1633 4417 habemus.
1670 4359 1760 4413 Vir

169 4477 334 4519 autem
360 4465 643 4535 pervicax,
669 4468 1010 4529 contemptor
1038 4467 1093 4513 et
1122 4469 1397 4525 arrogans,
1432 4452 1561 4508 nihil
1603 4451 1759 4522 perfiv

169 4558 280 4611 ciet.
314 4556 561 4612 Audiant
597 4552 831 4608 bmretici
885 4549 1214 4620 spiritualem
1257 4560 1465 4601 vocem.
1499 4543 1643 4598 Talis
1677 4551 1760 4597 est

168 4646 299 4701 enim
325 4646 717 4717 cogitationum
752 4652 938 4697 natura
971 4659 984 4694 :
1018 4638 1319 4712 labyrintho
1344 4635 1554 4691 cuidam
1576 4644 1626 4689 et
1648 4634 1758 4705 gri-

168 4740 279 4808 phis
304 4739 505 4795 similis
540 4748 625 4793 est
653 4737 855 4791 nullum
902 4735 1061 4790 finem
1099 4734 1323 4797 habens,
1362 4744 1460 4785 nec
1495 4730 1676 4784 sinens
1703 4727 1757 4781 in

166 4840 307 4899 petra
336 4830 725 4900 cogitationem
755 4827 1071 4889 consistere,
1102 4822 1529 4893 principiumque
1554 4818 1758 4873 habens

166 4921 227 4976 ab
250 4921 589 4992 arrogantia.
620 4918 751 4973 Cum
775 4918 915 4973 enim
946 4916 1141 4985 pudeat
1167 4915 1286 4969 illos
1311 4914 1466 4968 fidem
1490 4911 1754 4980 accipere,

166 5028 227 5069 ne
254 5016 546 5069 vidcantur
574 5012 819 5083 ignorare
848 5008 1102 5071 ctnlcstia,
1137 5022 1258 5061 sese
1299 5006 1348 5059 in
1382 5004 1527 5058 mille
1550 5003 1753 5072 cogita-

165 5106 359 5159 tionum
390 5104 671 5174 pulverem
699 5099 1010 5169 conjiciunt.
1055 5097 1225 5163 Itane,
1258 5096 1423 5149 miser
1451 5101 1503 5148 et
1542 5092 1753 5155 infelix,

161 5206 313 5269 atque
334 5197 567 5252 infinitis
606 5197 797 5266 dignus
831 5191 1105 5265 lacrytnis,
1139 5190 1183 5244 si
1212 5188 1329 5258 quis
1361 5197 1410 5241 te
1441 5186 1753 5252 interroget,

156 5288 431 5358 quomodo
460 5288 650 5342 cadum
671 5284 865 5341 factum
885 5285 976 5346 sit,
1000 5278 1270 5352 quomodo
1293 5287 1431 5332 terra
1452 5292 1465 5338 ;
1486 5272 1613 5346 quid
1637 5273 1756 5326 dico

160 5382 343 5436 caelum
376 5387 436 5435 et
468 5378 707 5433 terram?
733 5374 1003 5447 quomodo
1033 5374 1149 5444 ipse
1179 5378 1335 5426 natus
1361 5367 1455 5435 sis,
1483 5363 1750 5437 quomodo

502 5744 763 5811 Parnm.
812 5755 927 5815 Gtt.
977 5756 1098 5819 LX.

1332 306 1393 360 IN
1436 307 1649 361 El’lS'l'.
1695 304 1784 359 AD
1826 304 1985 360 ΝΟΜ.
2029 305 2257 361 ll0.\lll..
2307 307 2368 361 ll.

3383 323 3487 380 410

1907 419 2137 473 nutritus
2167 429 2219 473 et
2252 430 2456 484 auctus,
2489 438 2595 476 non
2627 432 2675 477 te
2707 424 2864 494 pudet
2892 426 3241 496 ignorantiae?
3286 434 3328 486 si
3359 451 3489 492 vero

1899 511 1966 566 de
1994 511 2276 582 Uttigcnito
2300 530 2479 569 sermo
2509 515 2598 578 sit,
2647 532 2757 585 pne
2791 519 2991 587 pudore
3021 530 3071 575 te
3102 521 3151 575 itt
3177 523 3486 586 barathrum

1898 604 2150 671 perniciei
2174 606 2415 673 conjicis,
2447 606 2586 676 quod
2616 617 2665 661 te
2692 608 2963 678 indignum
2993 622 3147 681 putes
3178 630 3281 669 non
3304 624 3486 678 omnia

1896 696 2070 749 scire?
2098 697 2254 766 Atqui
2279 699 2488 768 indigna
2512 701 2685 769 potius
2709 718 2793 756 res
2821 711 2903 757 est
2927 708 3195 761 contentio
3211 718 3269 766 et
3296 713 3489 768 intem-

1896 788 2097 857 pestiva
2128 792 2429 844 curiositas.
2468 792 2666 862 Ecquid
2699 794 2763 848 de
2793 774 3129 865 dogmatibus
3154 800 3377 873 loquor?
3402 807 3482 861 Ex

1895 884 2174 949 praesentis
2220 885 2341 937 vita:
2386 887 2621 955 nequitia
2654 904 2756 940 non
2804 891 2909 943 alio
2950 893 3109 947 modo
3155 897 3479 964 liberamur,

1892 986 2048 1039 quam
2080 988 2173 1040 per
2214 974 2393 1028 fidem.
2427 974 2515 1030 Sic
2556 992 2744 1031 omnes
2771 981 2929 1047 prisci
2985 982 3063 1039 ili
3096 987 3192 1039 viri
3219 989 3481 1055 claruere,

1891 1061 1969 1115 sic
2001 1064 2285 1127 Abraham,
2314 1067 2391 1119 sic
2416 1066 2580 1133 Isaac,
2607 1070 2683 1123 sic
2704 1069 2869 1123 Jaeob
2895 1087 2909 1137 ;
2940 1073 3016 1129 sic
3044 1086 3097 1130 et
3122 1076 3371 1133 meretrix
3397 1095 3483 1134 sa-

1892 1152 2051 1207 lutent
2084 1168 2411 1227 consequuta
2434 1168 2535 1222 est,
2570 1168 2622 1213 a-t
2652 1162 2700 1214 in
2748 1161 2928 1219 Veteri
2957 1175 3009 1220 et
3036 1169 3087 1221 itt
3118 1168 3266 1222 Novo
3296 1170 3482 1225 Τροία-

1891 1255 2086 1300 mento.
2114 1247 2243 1301 Nam
2275 1250 2348 1303 ait
2388 1268 2400 1302 :
2433 1250 2565 1305 Fide
2610 1252 2750 1306 Raab
2789 1260 3026 1312 utrretrix
3051 1276 3151 1313 non
3192 1261 3336 1328 periit
3364 1278 3481 1315 cum

1886 1339 2181 1407 incredulis,
2206 1344 2551 1410 exploratores
2573 1350 2825 1419 arripiens
2859 1350 3054 1422 (IIt'br.
3093 1353 3178 1407 ll.
3208 1353 3266 1407 51
3292 1352 3332 1424 ).
3362 1353 3479 1409 Non

1887 1433 2018 1485 dixit
2054 1433 2103 1487 itt
2135 1436 2453 1505 semetipsa,
2486 1436 2555 1494 Et
2582 1443 2850 1510 quomodo
2881 1454 3132 1517 pptcrunt
3160 1444 3210 1499 lti
3242 1446 3471 1515 captivi,

1887 1522 2087 1593 fugitivi
2118 1533 2171 1580 et
2200 1542 2423 1582 errones
2448 1571 2463 1597 ,
2507 1533 2593 1601 qui
2633 1534 2918 1588 nomadum
2950 1552 3099 1591 more
3129 1537 3342 1602 vivunt,
3377 1554 3475 1592 nos

1884 1631 2154 1683 superare,
2203 1617 2290 1687 qui
2325 1619 2535 1686 tttbent,
2570 1624 2761 1677 moenia
2800 1634 2853 1679 et
2881 1635 3053 1681 turres
3096 1627 3471 1683 ltabetntts?Si

1886 1721 2014 1760 vero
2042 1707 2153 1762 hzec
2183 1710 2323 1779 apud
2356 1730 2414 1768 se
2454 1715 2697 1782 dixisset,
2724 1726 2777 1770 ct
2802 1717 3031 1786 scipsam
3063 1727 3116 1773 et
3143 1719 3259 1773 illos
3288 1721 3469 1790 perdi-

1881 1796 2047 1852 disset
2081 1817 2094 1853 :
2123 1809 2176 1855 ut
2207 1814 2260 1858 et
2299 1803 2473 1859 fecere
2504 1806 2735 1876 majores
2764 1824 2970 1874 eorum,
3000 1810 3090 1880 qui
3123 1820 3249 1865 tttttc
3272 1814 3469 1867 servati

1881 1902 2021 1946 sunt.
2058 1894 2136 1950 llli
2165 1898 2308 1952 enim
2340 1900 2645 1969 consitectis
2689 1902 2816 1955 viris
2855 1903 3062 1973 magnis
3094 1913 3146 1957 et
3195 1906 3467 1974 proceris,

1880 1985 2121 2042 victoria:
2167 1990 2382 2044 modum
2438 1993 2731 2059 quaesiere,
2779 2008 2842 2047 ac
2898 1994 3013 2048 sine
3061 1994 3200 2047 bello
3251 2005 3306 2049 et
3354 1996 3470 2050 acie

1880 2092 2068 2134 omnes
2093 2081 2384 2149 perierunt.
2436 2083 2677 2137 Vidistin’
2703 2094 2956 2154 quantum
2988 2087 3051 2140 sit
3084 2088 3468 2144 incredulitatis

1883 2170 2214 2238 barathrum,
2245 2181 2298 2227 et
2327 2182 2555 2243 quantus
2595 2174 2715 2229 fidei
2756 2176 2976 2230 murus?
3001 2176 3092 2231 Illa
3133 2178 3276 2232 enim
3308 2180 3465 2234 innu-

1880 2278 2025 2318 mera
2058 2264 2221 2318 millia
2247 2264 2644 2333 pessumdedit;
2680 2265 2792 2320 lure
2827 2282 2956 2321 vero
2993 2269 3328 2323 meretricem
3358 2286 3463 2325 non

1878 2357 2038 2411 modo
2076 2359 2326 2421 servavit,
2358 2358 2450 2411 sed
2481 2358 2610 2412 tanti
2637 2358 2817 2429 populi
2850 2368 3126 2428 patronam
3154 2360 3350 2416 effecit.

1950 2450 2310 2504 Mattrlatorum
2364 2450 2458 2505 Dei
2511 2453 2639 2506 ratio
2688 2470 2787 2506 non
2834 2455 3121 2523 quau-endit.
3149 2485 3221 2494 —
3250 2456 3373 2509 llaec
3405 2464 3463 2511 et

1880 2542 2051 2596 multo
2081 2542 2231 2612 plura
2265 2559 2385 2598 cum
2410 2543 2662 2606 sr-iamus,
2696 2560 2723 2596 a
2755 2545 2862 2597 Deo
2909 2544 3169 2599 factorum
3196 2547 3461 2601 rationem

1877 2649 2163 2703 numquam
2198 2634 2501 2703 exigamus,
2545 2635 2637 2690 sed
2665 2636 2919 2706 quidquid
2955 2637 3286 2706 illejusscrit
3310 2639 3459 2693 exci.

1877 2726 2083 2794 piamtts
2115 2740 2128 2777 :
2161 2740 2263 2777 non
2311 2726 2528 2779 curiose
2570 2725 2904 2795 iuqttiranttts
2946 2727 3027 2780 vel
3094 2728 3456 2797 exploremus,

1874 2815 2083 2870 etiamsi
2110 2815 2158 2867 id
2190 2815 2571 2884 quodjubetur
2618 2816 2914 2871 secundum
2957 2819 3187 2873 humana
3240 2820 3458 2873 ratioci-

1874 2904 1959 2960 nia
1987 2906 2275 2960 absurdum
2305 2906 2565 2962 videatur.
2592 2907 2729 2973 Quid
2756 2909 2919 2975 enim,
2952 2925 3156 2979 qumso,
3175 2910 3459 2964 absurdius

1871 2998 2135 3061 videatur,
2166 3015 2322 3069 quant
2374 3015 2493 3054 cum
2526 3010 2674 3069 pater
2723 3003 3053 3071 unigenitum
3104 3003 3270 3057 filium
3314 3005 3459 3059 occi-

1872 3088 1999 3143 dere
2024 3089 2241 3158 jubetur
2262 3091 2287 3143 ?
2308 3094 2555 3146 Attamen
2582 3092 2759 3161 justus
2791 3093 2879 3148 ille
2900 3093 3106 3163 jussus,
3140 3110 3244 3150 non
3279 3097 3457 3151 curio-

1876 3196 1936 3236 se
1984 3180 2191 3251 jussum
2239 3182 2558 3251 exploravit,
2611 3182 2705 3237 sed
2740 3184 2809 3238 ob
2857 3184 3093 3251 jubetttis
3147 3186 3454 3256 dignitatem

1870 3272 2176 3326 mandatum
2201 3273 2407 3341 accepit
2432 3283 2485 3326 et
2516 3273 2771 3329 obcdivit.
2802 3274 2948 3327 Alius
2974 3289 3186 3345 quoque
3208 3276 3390 3345 jussus
3420 3293 3454 3331 ει

1870 3363 1981 3419 Deo
2013 3363 2325 3433 prophetam
2359 3374 2656 3434 percutere,
2687 3365 2809 3435 quia
2838 3381 2950 3420 rem
3000 3365 3288 3421 absurdam
3321 3382 3443 3423 esse

1872 3464 2104 3525 putans,
2148 3456 2361 3510 curiose
2420 3456 2757 3524 perquisivit,
2797 3471 2895 3511 nec
2938 3456 3256 3526 simpliciter
3298 3457 3457 3513 obse-

1868 3558 2067 3618 quutus
2097 3556 2200 3613 est,
2226 3557 2493 3602 extremas
2514 3547 2664 3602 dedit
2702 3562 2886 3617 pinnas
2912 3549 2933 3620 (
2955 3549 3008 3603 5.
3038 3548 3166 3619 Reg.
3192 3548 3280 3604 20.
3314 3549 3405 3618 55)
3430 3566 3446 3614 ;

1869 3639 1957 3707 qui
1988 3653 2115 3694 vero
2145 3639 2429 3708 percussit,
2458 3648 2711 3709 acceptus
2743 3638 2862 3693 fuit.
2893 3638 3105 3695 EtSaitl
3133 3640 3222 3710 qui
3256 3650 3454 3709 printer

1870 3728 1963 3783 Dci
1996 3729 2253 3797 placitum
2291 3730 2534 3783 homines
2583 3730 2853 3795 servavit,
2885 3745 2913 3783 a
2956 3746 3122 3801 regno
3150 3731 3366 3797 excidit,
3400 3741 3455 3787 et

1866 3818 2227 3873 intolerabilia
2279 3834 2468 3888 passus
2510 3828 2612 3874 est.
2665 3820 2831 3876 Multo
2862 3822 3011 3890 plura
3062 3823 3301 3893 exempla
3335 3824 3454 3892 quis

1866 3909 2107 3964 invenire
2140 3910 2345 3976 possit:
2376 3909 2569 3978 quibus
2615 3909 2863 3964 omnibus
2912 3910 3188 3975 docemur,
3229 3911 3453 3967 manda-

1866 4011 2040 4057 torum
2067 4002 2160 4055 Dei
2193 4015 2479 4069 numquam
2510 4000 2772 4054 rationem
2802 4015 2921 4055 esse
2952 4002 3317 4070 qttrerendam,
3348 4003 3444 4057 sed

1863 4093 2165 4149 cedendum
2191 4100 2245 4147 et
2274 4090 2675 4160 obsequendum
2700 4105 2841 4146 esse.
2871 4091 2925 4145 Si
2970 4101 3146 4146 autem
3200 4093 3287 4147 illa
3329 4108 3448 4162 qua:

1864 4185 2107 4256 prmcipit
2152 4184 2409 4250 serutari,
2461 4182 2818 4251 periculosum
2875 4190 2992 4249 est,
3038 4192 3093 4238 et
3144 4193 3443 4238 extremum

1862 4278 2179 4348 supplicium
2208 4274 2567 4330 scrutantibus
2592 4284 2672 4329 est
2699 4274 3007 4345 deputatum
3043 4292 3057 4331 :
3084 4276 3171 4345 qui
3196 4290 3256 4330 ea
3280 4317 3294 4341 ,
3325 4292 3445 4345 qua:

1862 4379 1987 4424 sunt
2032 4369 2133 4423 illis
2161 4369 2318 4438 longe
2348 4367 2636 4422 secretiora
2664 4376 2718 4421 et
2750 4366 3088 4420 ltorribiliora
3119 4375 3447 4433 scrutantur,

1864 4476 2057 4531 nempe
2100 4458 2371 4531 quomodo
2422 4459 2611 4529 genuit
2638 4456 2852 4523 Filittm,
2901 4465 2954 4512 et
2981 4472 3081 4526 qua
3138 4458 3365 4524 ratione,
3398 4467 3453 4513 et

1861 4568 2109 4624 qnzenam
2133 4553 2202 4606 sit
2232 4551 2548 4611 substantia,
2567 4565 2724 4619 quam
2756 4548 3123 4604 defensionem
3144 4548 3453 4604 habebunt?

1863 4645 1988 4699 llaac
2017 4659 2135 4699 cum
2158 4643 2412 4707 sciamus,
2444 4641 2599 4695 fidem
2652 4640 2912 4695 bonorum
2950 4640 3187 4694 onmium
3221 4649 3445 4694 matrem

1861 4750 1980 4789 cum
2029 4735 2171 4788 omni
2250 4731 2621 4788 benevolentia
2671 4731 3047 4799 suscipiamus,
3092 4740 3151 4783 ut
3196 4729 3347 4799 quasi
3391 4729 3443 4783 in

1863 4825 2153 4895 tranquillo
2200 4832 2358 4893 portu
2409 4822 2741 4890 navigantes,
2793 4831 2938 4874 recta
2980 4819 3227 4888 dogmata
3260 4832 3445 4871 serve-

1862 4934 2001 4979 mus,
2032 4926 2085 4971 et
2132 4916 2293 4968 vitam
2341 4923 2576 4966 nostram
2630 4925 2749 4963 cum
2800 4910 3089 4964 securitate
3118 4908 3435 4976 dirigentes,

1861 5018 2058 5063 mtcrtta
2115 5018 2505 5074 consequamur
2577 5001 2747 5064 bona,
2800 4999 2966 5068 gratia
3014 5006 3069 5052 et
3124 4996 3446 5067 benignitate

1864 5100 2075 5156 Domini
2100 5098 2267 5151 nostri
2298 5094 2424 5149 Jcsu
2449 5091 2669 5155 Christi,
2722 5091 2934 5159 quicum
2957 5088 3097 5143 Patri
3120 5089 3307 5159 gloria,
3340 5088 3443 5141 int-

1865 5193 2092 5263 pcrium,
2126 5188 2299 5241 honor
2323 5194 2376 5240 et
2401 5182 2644 5238 adoratio
2689 5197 2792 5237 una
2818 5195 2940 5236 cum
2986 5188 3172 5237 sancto
3200 5177 3429 5252 Spiritu,

1863 5288 1915 5342 in
1946 5283 2137 5340 smcula
2165 5278 2503 5335 sat-culorum.
2536 5275 2731 5331 Amen.

1852 5590 1999 5600 ,αρε-ω

3032 5766 3113 5827 96
