3934 6212
505 272 598 326 M1

510 389 991 406 “mw—Mm

1250 264 1307 318 S.
1340 259 1615 319 JOANNIS
1650 256 2125 318 CHRYSOSTOMI
2166 256 2486 313 ARCHIEP.
2517 256 3049 317 CONSTANTINOP.

3632 280 3712 339 1η

3638 400 3707 411 —_

999 375 3186 400 M

1882 462 2225 525 HOMILIA
2273 461 2380 522 ΙΙΙ.

513 603 637 660 lite.
671 605 725 659 1.
751 618 804 656 v.
842 600 928 656 18.
964 597 1234 654 Revelatur
1280 595 1411 649 enim
1457 594 1535 647 ira
1569 592 1658 645 Dei
1686 591 1748 643 de
1786 591 1908 642 ca'lo
1952 601 2104 655 super

583 711 779 749 onmem
806 693 1115 763 impietatem
1144 700 1192 744 et
1212 687 1515 758 injustitiam
1543 684 1826 750 hominum,
1849 681 1930 752 qui
1975 679 2102 732 ueri-

584 799 737 842 tatem
761 788 813 839 in
838 786 1091 857 injustitia
1112 784 1357 837 detinent.

585 881 638 934 1.
670 875 806 932 Vide
835 876 985 931 Pauli
1015 873 1355 945 prudentiam
1381 912 1394 935 ,
1440 867 1712 941 quomodo
1741 882 1769 921 a
1800 863 2102 919 mitioribus

516 970 803 1034 hortatus,
861 967 927 1021 ad
977 966 1296 1021 terribiliora
1343 976 1649 1017 sermonem
1710 966 1908 1013 vertat.
1968 956 2101 1010 Cum

520 1061 743 1115 dixisset
796 1056 939 1113 enim
1003 1056 1341 1125 evangelium
1390 1052 1579 1108 salutis
1624 1060 1678 1106 et
1719 1050 1839 1104 vitzc
1891 1062 2105 1103 cansmn

523 1168 680 1217 esse;
712 1152 947 1221 itemque
977 1147 1070 1204 Dei
1102 1148 1393 1218 potentiam
1413 1154 1466 1200 et
1489 1145 1712 1200 salutem
1737 1140 2107 1212 justitiamque

521 1250 795 1311 operatam
820 1255 960 1306 esse,
986 1239 1096 1309 jam
1124 1238 1253 1293 dicit
1292 1253 1375 1303 ea,
1424 1252 1544 1307 qua:
1571 1250 1676 1288 non
1707 1232 2109 1288 attendentibus

523 1344 786 1388 terrorem
820 1331 1063 1385 incutere
1092 1330 1319 1397 possint.
1345 1326 1476 1394 Quia
1500 1328 1643 1382 enim
1664 1324 1840 1379 solent
1870 1322 2112 1394 plerique

524 1425 799 1480 hominum
870 1438 976 1478 non
1025 1432 1130 1477 tam
1180 1419 1536 1492 promissione
1598 1417 1895 1483 bonorum,
1953 1428 2113 1484 quam

524 1521 755 1573 tristium
787 1518 978 1572 timore
1005 1516 1071 1571 ad
1096 1516 1351 1570 virtutem
1381 1512 1656 1584 pertrahi;
1693 1512 1941 1581 utrinque
1966 1510 2113 1580 ipsos

524 1612 708 1666 allicit.
743 1610 951 1665 Idcirco
970 1610 1111 1664 Deus
1140 1624 1245 1662 non
1279 1607 1438 1662 modo
1468 1620 1687 1675 regnum
1719 1603 1985 1674 promisit,
2018 1601 2112 1656 sed

530 1703 690 1755 etiam
738 1701 1037 1771 gehennam
1080 1700 1438 1755 comminatus
1480 1706 1677 1751 eslzet
1708 1694 1981 1767 prophetae
2020 1693 2115 1748 Ju~

529 1797 662 1851 dacis
695 1796 764 1849 ita
792 1796 1100 1865 loquuntur,
1122 1794 1259 1847 mala
1281 1792 1434 1847 bonis
1454 1798 1711 1860 perpetuo
1737 1787 2115 1843 admiscentes.

531 1887 762 1956 Ideoque
787 1886 983 1940 Paulus
1009 1885 1087 1940 sic
1113 1897 1419 1939 sermonem
1454 1881 1642 1948 variat,
1672 1895 1777 1934 non
1806 1887 2116 1949 utcumque,

532 1978 624 2032 sed
656 1978 804 2031 mitia
833 1977 1085 2046 primum,
1119 1973 1423 2044 deindeque
1449 1972 1618 2027 tristia
1649 1971 1908 2037 adhibet;
1936 1980 2120 2025 osten-

535 2070 692 2134 dens,
734 2069 820 2122 illa
846 2068 1058 2138 quidem
1097 2084 1162 2121 ex
1210 2066 1403 2135 prtevia
1450 2065 1541 2119 Dei
1572 2064 1838 2119 sententia
1866 2077 2083 2117 manare
2105 2101 2121 2128 ,

537 2162 651 2215 llzt'c
676 2175 800 2216 vere
831 2176 894 2214 ex
925 2159 1315 2230 negligentiam
1360 2157 1614 2227 nequitia.
1646 2156 1736 2212 Sic
1768 2165 1822 2211 et
1850 2156 2123 2226 prephcta

539 2254 714 2322 primo
745 2252 881 2307 bona
912 2251 1137 2321 profert,
1162 2251 1348 2304 dicens
1374 2267 1389 2304 :
1424 2250 1485 2305 Si
1510 2248 1767 2303 volueritis
1789 2258 1836 2301 et
1862 2247 2126 2300 audieritis

538 2362 638 2409 me,
669 2346 802 2398 bona
844 2354 991 2399 terra:
1014 2343 1284 2397 comedetis
1307 2358 1327 2406 ;
1356 2342 1401 2395 si
1424 2341 1707 2406 nolueritis,
1733 2356 1824 2393 nec
1866 2339 2127 2392 audieritis

540 2452 639 2501 me,
665 2436 869 2506 gladius
890 2451 975 2488 vos
1007 2435 1233 2488 absumet
1273 2432 1428 2503 (lsai.
1464 2433 1518 2491 1.
1547 2432 1634 2486 19.
1667 2429 1781 2502 20).
1810 2430 1881 2484 Ita
1915 2439 1967 2486 et
1994 2430 2127 2485 Pau-

544 2528 626 2579 lus
652 2526 739 2579 hic
782 2540 1090 2579 sermonem
1138 2524 1388 2595 profert:
1438 2522 1594 2577 Venit
1635 2521 1900 2586 Christus,
1937 2521 2125 2591 inquit,

551 2617 930 2672 remissionem
963 2617 1164 2678 ferens,
1188 2616 1471 2686 justitiam,
1502 2614 1664 2668 vitam
1695 2631 1709 2665 :
1741 2628 1841 2669 nec
1869 2613 2126 2684 simplici-

548 2721 647 2775 ter,
680 2710 775 2765 sed
823 2727 920 2782 per
949 2725 1165 2766 crucem
1204 2709 1401 2775 affert;
1459 2709 1709 2780 quodque
1758 2708 2048 2762 maximum
2080 2715 2134 2761 et

549 2803 925 2858 admirandum
959 2813 1063 2871 est,
1111 2818 1215 2858 non
1243 2802 1386 2874 quod
1422 2802 1543 2856 talia
1585 2801 1806 2872 largitus
1837 2801 1908 2855 sit
1932 2801 2130 2866 solum,

549 2894 643 2949 sed
674 2894 815 2965 quod
842 2894 964 2949 talia
994 2909 1183 2965 passus
1209 2894 1297 2948 sit.
1326 2894 1385 2949 Si
1437 2894 1597 2965 igitur
1628 2894 1740 2964 ipsa
1771 2893 1909 2947 dona
1942 2900 2133 2947 contu-

554 2988 706 3039 melia
733 2986 1042 3053 alfeceritis,
1073 2996 1200 3040 tunc
1239 2985 1409 3040 tristia
1440 3001 1535 3039 vos
1580 2984 1894 3039 manebunt.
1929 2984 1995 3038 Et
2018 2984 2137 3038 vide

552 3078 819 3147 quomodo
850 3093 1155 3134 sermonem
1182 3078 1441 3134 extollat:
1474 3076 1744 3131 Revetatur
1764 3076 1917 3140 enim,
1945 3076 2134 3146 inquit,

553 3172 629 3222 ira
655 3168 751 3222 Dei
780 3171 843 3223 de
868 3170 1016 3224 creto.
1062 3169 1340 3224 Undenam
1370 3168 1470 3222 hoc
1512 3167 1722 3237 liquet?
1752 3167 1807 3220 Si
1842 3166 2013 3221 ﬁdelis
2038 3166 2139 3220 hoc

560 3264 781 3327 dixerit,
815 3263 1013 3317 Christi
1042 3263 1334 3317 sententias
1378 3263 1752 3330 proferemus;
1800 3260 1845 3314 si
1868 3274 1996 3314 vero
2023 3258 2142 3312 inti-

558 3356 715 3418 delis,
748 3370 777 3408 a
810 3355 1159 3425 sequentibus
1201 3354 1280 3409 illi
1305 3354 1500 3408 Paulus
1549 3370 1609 3406 os
1642 3353 1907 3419 obstruit,
1960 3352 2046 3405 ubi
2074 3351 2142 3406 de

566 3446 766 3515 judicio
800 3446 895 3500 Dei
926 3446 1142 3515 agitur,
1176 3461 1241 3500 ex
1284 3446 1452 3515 gestis
1507 3446 1744 3514 ipsorum
1782 3444 2144 3514 insuperabile

559 3547 929 3606 argumentum
958 3538 1009 3591 in
1042 3536 1275 3592 medium
1308 3536 1619 3591 adducens:
1658 3535 1707 3589 id
1736 3535 1877 3606 quod
1910 3537 2143 3591 maxime

561 3628 881 3696 stupendum
911 3636 1030 3692 est;
1068 3643 1189 3683 cum
1222 3642 1346 3693 eos,
1374 3627 1464 3697 qui
1506 3626 1715 3679 veritati
1759 3626 2143 3692 adversantur,

562 3737 625 3773 ex
646 3720 741 3787 iis,
770 3734 888 3789 quae
930 3718 1170 3789 quotidie
1203 3719 1389 3773 dicunt
1417 3729 1470 3774 et
1492 3719 1709 3785 faetunt,
1741 3718 1984 3772 veritatis
2012 3718 2144 3788 dog-

570 3822 708 3865 mata
757 3810 987 3881 probare
1034 3810 1290 3865 declarat.
1308 3808 1504 3865 Verum
1539 3811 1656 3865 btec
1685 3811 1737 3864 in
1766 3810 2144 3881 sequentibus;

567 3904 785 3957 interim
820 3904 1150 3974 propositam
1193 3918 1307 3958 rem
1341 3912 1651 3959 tractemus.
1706 3900 1981 3957 Revelatur
2018 3903 2150 3955 enim

562 4000 643 4049 ira
683 3994 775 4049 Dei
804 3995 865 4047 de
890 3996 1034 4051 aeto.
1078 3995 1239 4065 Atqui
1284 3995 1335 4049 in
1362 3994 1463 4049 hac
1493 3995 1598 4048 vita
1631 3994 1681 4049 id
1712 4008 1856 4063 saepe
1877 3992 2071 4048 accidit
2097 3994 2149 4047 in

566 4089 707 4145 fame
731 4098 783 4144 et
817 4100 966 4161 peste
1011 4099 1065 4145 et
1095 4088 1293 4145 bellis:
1328 4104 1451 4143 nam
1495 4088 1743 4159 privatim
1775 4088 1971 4159 singuli
2016 4098 2070 4144 et
2099 4089 2151 4144 in

565 4184 841 4238 communi
891 4198 1080 4238 omnes
1123 4184 1436 4251 puniuntur.
1488 4180 1624 4249 Quid
1664 4182 1825 4251 igitur
1855 4191 1982 4237 tunc
2029 4182 2152 4236 novi

566 4277 703 4330 erit?
753 4275 904 4342 Quod
964 4274 1137 4343 majus
1206 4273 1443 4327 futurqu
1485 4273 1554 4326 sit
1610 4272 1960 4343 supplicium,
2012 4272 2152 4343 quod

568 4381 852 4420 commune
904 4373 957 4419 et
1010 4380 1114 4418 non
1168 4364 1478 4419 earumdem
1537 4379 1712 4419 rerum
1771 4380 1967 4420 causa:
2014 4381 2155 4421 llllllC

569 4459 713 4511 enim
787 4456 853 4509 ad
921 4455 1355 4510 emendationem
1406 4455 1521 4510 haec
1567 4458 1732 4517 fiunt,
1790 4466 1914 4511 tunc
1977 4468 2153 4513 autem

570 4549 636 4603 ad
692 4547 947 4603 ultionem
992 4566 1004 4601 :
1048 4547 1189 4618 quod
1264 4548 1573 4617 significans
1649 4549 1845 4603 Paulus
1888 4550 2098 4605 dicebat
2140 4570 2154 4607 :

572 4638 890 4709 Corripimur
961 4655 1132 4703 nunc,
1176 4647 1231 4691 ut
1295 4655 1396 4692 non
1446 4655 1559 4692 eum
1622 4640 1810 4692 nmndo
1859 4640 2159 4694 damnentur

571 4730 817 4801 (Ltjor.
885 4731 973 4785 11.
1036 4729 1153 4799 52).
1207 4730 1273 4784 Ει
1333 4745 1475 4786 nunc
1516 4730 1731 4800 quidem
1786 4746 1891 4785 non
1946 4748 2009 4786 ex
2062 4748 2154 4787 su-

577 4836 744 4890 perna
801 4822 913 4887 ira,
947 4822 1039 4876 sed
1081 4821 1148 4876 ab
1191 4822 1465 4876 hominum
1508 4822 1697 4892 injuria
1730 4822 1844 4877 haec
1894 4839 1924 4877 a
1977 4824 2159 4879 multis

575 4914 822 4968 accidere
883 4922 1179 4984 putantur:
1218 4923 1345 4968 tunc
1403 4927 1532 4967 vero
1590 4913 1869 4968 manifesta
1918 4917 2021 4968 erit
2066 4915 2158 4969 Dei

578 5007 733 5071 ultio,
762 5007 977 5075 quando
1005 5005 1176 5061 Judex
1208 5006 1403 5061 sedens
1436 5007 1486 5060 in
1515 5006 1796 5062 tremendo
1821 5008 1959 5062 solio
1979 5049 1995 5075 ,
2026 5008 2160 5064 alios

578 5099 643 5152 ad
699 5100 942 5153 caminos
993 5099 1130 5153 trahi
1174 5098 1416 5168 jubebit,
1461 5099 1596 5152 alios
1650 5098 1717 5152 ad
1770 5100 2020 5155 tenebras
2066 5116 2161 5155 ex-

579 5191 829 5254 teriores,
858 5190 993 5243 alios
1019 5190 1084 5243 ad
1112 5190 1212 5243 alia
1244 5190 1569 5245 inevitabilia
1596 5200 1651 5245 et
1673 5190 2007 5246 intoleranda
2039 5208 2164 5263 Sup-

580 5281 755 5348 plicia.
790 5282 854 5334 Et
876 5297 971 5335 cur
996 5297 1099 5335 non
1119 5283 1197 5336 sic
1225 5292 1409 5352 aperte
1435 5283 1585 5350 dicit,
1610 5284 1803 5338 Filium
1840 5286 1931 5340 Dei
1971 5298 2160 5340 ventu-

583 5388 698 5424 rum
725 5385 846 5425 esse
866 5386 985 5425 eum
1022 5373 1319 5427 innumeris
1351 5375 1585 5445 angelis,
1617 5385 1670 5429 ct
1704 5377 1965 5431 rationem
1999 5393 2028 5431 a
2055 5378 2165 5432 sin-

582 5462 721 5532 gulis
748 5464 1130 5531 repetiturum;
1171 5464 1264 5519 sed
1307 5467 1411 5531 ait,
1449 5465 1719 5520 Revelatur
1753 5468 1830 5520 ira
1861 5467 2000 5521 Dei?
2029 5469 2164 5523 Neo-

587 5555 933 5629 phytiadhuc
986 5566 1141 5611 erant
1190 5557 1500 5623 auditores;
1552 5559 1780 5629 ideoque
1821 5560 1888 5613 ab
1926 5561 2010 5625 iis,
2044 5577 2163 5630 qua:

585 5648 803 5707 omnino
822 5648 875 5705 in
898 5646 1146 5704 confesso
1193 5658 1348 5705 erant
1386 5649 1528 5721 apud
1575 5666 1668 5706 eos
1694 5690 1709 5718 ,
1753 5652 1978 5721 primum
2020 5654 2163 5722 ipsos

2210 583 2391 638 allicit.
2424 584 2693 641 Praeterea
2736 603 2863 644 vero
2900 591 3131 661 gentiles
3169 594 3353 666 alloqui
3381 599 3497 657 mihi
3524 602 3715 669 videtur;

2213 674 2437 746 ideoque
2460 676 2584 731 hinc
2606 678 2833 746 orditur,
2868 691 3051 751 postea
3088 694 3262 739 autem
3290 686 3544 757 dejudicio
3563 692 3719 749 Christi

2203 783 2507 825 sermonem
2537 772 2757 828 inducit.
2797 772 2966 842 Super
2988 793 3183 831 onmem
3224 779 3509 849 impietatem
3543 794 3583 838 et
3615 787 3717 856 inju-

2205 861 2395 915 stitiam
2422 863 2704 930 hominum,
2727 866 2813 935 qui
2835 866 3091 921 veritatem
3112 868 3162 921 in
3193 871 3433 937 iniustitia
3460 874 3665 927 detinent.

2279 953 2441 1008 Error
2484 956 2654 1010 varius
2675 998 2688 1021 ,
2736 958 2919 1013 veritas
2957 976 3079 1013 una.
3103 991 3173 999 —
3197 961 3289 1015 llic
3324 964 3540 1018 ostendit
3573 968 3722 1022 multas

2208 1059 2329 1101 esse
2361 1047 2648 1117 impietatis
2674 1051 2786 1104 vias
2808 1093 2823 1116 ,
2846 1052 3093 1107 veritatis
3129 1064 3305 1109 autem
3362 1072 3528 1111 unam.
3558 1058 3722 1114 Etenim
3772 1066 3779 1067 ⁷

2209 1140 2379 1205 varia,
2406 1140 2753 1196 multiformis
2779 1152 2833 1198 et
2878 1144 3097 1198 confusa
3138 1162 3225 1199 res
3251 1157 3331 1201 est
3359 1163 3536 1214 error;
3569 1156 3725 1205 veritas

2212 1241 2391 1287 autem
2424 1250 2546 1288 una.
2578 1235 2868 1307 Postquam
2914 1253 3040 1293 vero
3067 1238 3135 1294 de
3170 1239 3493 1310 dogmatibus
3517 1243 3651 1309 dixit,
3676 1246 3725 1301 de

2211 1325 2319 1379 vita
2350 1325 2610 1397 loquitur,
2642 1324 2959 1397 injustitiam
3002 1329 3277 1385 hominum
3314 1349 3609 1389 memorans.
3633 1336 3729 1391 Ete-

2214 1418 2325 1473 nim
2358 1419 2636 1488 injustitia:
2659 1422 2820 1476 variae
2857 1432 2982 1477 sunt
3014 1441 3027 1477 :
3058 1434 3111 1478 et
3142 1422 3246 1478 alia
3283 1426 3486 1495 quidem
3510 1427 3630 1482 circa
3657 1445 3726 1497 pe-

2214 1511 2398 1566 cunias
2428 1521 2531 1576 est,
2560 1522 2615 1566 ut
2646 1528 2764 1568 cum
2796 1513 2915 1584 quis
2949 1515 3001 1569 in
3040 1514 3104 1570 iis
3131 1518 3428 1586 proximum
3470 1518 3628 1585 hedit;
3654 1521 3729 1574 alia

2215 1602 2468 1659 mulieres
2500 1614 2723 1674 spectat,
2759 1614 2817 1661 ut
2844 1605 3057 1676 quando
3083 1608 3206 1678 quis
3228 1606 3408 1664 relicta
3436 1626 3601 1675 uxore,
3626 1611 3729 1665 aite-

2216 1693 2329 1749 rius
2353 1696 2566 1764 nuptias
2590 1693 2814 1751 dirimit.
2872 1697 2985 1752 Hoc
3029 1708 3177 1754 certe
3208 1698 3436 1755 fraudem
3471 1711 3605 1756 vocat
3629 1702 3730 1757 Pau-

2218 1786 2324 1850 lus.
2354 1787 2539 1843 dicens
2567 1807 2579 1842 :
2614 1788 2700 1843 Ne
2741 1791 2852 1859 quis
2896 1789 3150 1862 opprimat
3200 1793 3277 1846 vel
3299 1793 3486 1862 fraudat
3511 1794 3555 1847 iu
3578 1797 3732 1864 negotio

2222 1882 2431 1949 fratrem
2462 1881 2537 1954 (1.
2583 1880 2758 1936 Thess.
2790 1882 2841 1936 4.
2873 1881 2949 1953 6).
2983 1883 3085 1937 Alii
3111 1899 3324 1939 rursum
3352 1901 3449 1940 non
3470 1901 3654 1942 uxorem
3673 1886 3734 1940 vel

2219 1973 2525 2042 pecuniam,
2558 1973 2651 2029 sed
2676 1974 2900 2044 gloriam
2950 1976 3183 2045 proximi
3225 1976 3568 2033 labefactant:
3591 1987 3635 2032 et
3660 1978 3734 2031 hoc

2223 2063 2481 2132 injustitia
2509 2073 2611 2119 est.
2647 2064 2781 2120 Nam
2809 2064 2997 2119 Melius
3044 2076 3115 2121 est
3161 2084 3345 2122 nomen
3405 2068 3585 2131 bonum,
3622 2084 3736 2137 quam

2225 2155 2413 2209 divitia:
2438 2156 2609 2209 multa!
2640 2155 2823 2226 (Prov.
2850 2156 2941 2211 22.
2974 2157 3050 2228 1.)
3093 2157 3323 2224 Quidam
3354 2175 3472 2213 vero
3497 2157 3737 2212 dicuntitoc

2226 2262 2436 2316 quoque
2481 2247 2549 2301 de
2595 2247 2933 2316 dogmatibus
2976 2264 3005 2302 a
3056 2248 3230 2303 Paulo
3267 2249 3506 2319 intelligi:
3540 2258 3739 2303 ceterum

2227 2338 2359 2392 nihil
2390 2348 2535 2393 vetat
2564 2338 2630 2393 de
2657 2348 2883 2408 utroque
2909 2340 3108 2394 dictum
3135 2340 3327 2396 fuisse.
3355 2341 3483 2407 Quid
3505 2350 3654 2394 autem
3672 2340 3738 2403 sit,

2240 2429 2512 2485 Veritatem
2538 2432 2588 2485 in
2613 2430 2864 2502 injustitia
2887 2432 3131 2499 detinent,
3175 2448 3243 2487 ex
3269 2434 3587 2503 sequentibus
3604 2432 3739 2486 disce.

2232 2523 2319 2579 19.
2349 2525 2481 2591 Quia
2500 2527 2635 2592 quod
2661 2538 2838 2579 notum
2886 2536 2958 2580 est
2978 2526 3096 2593 Dei,
3139 2530 3460 2598 manifestum
3492 2536 3554 2579 est
3572 2528 3614 2577 in
3632 2524 3743 2577 illis:

2231 2614 2371 2670 Deus
2401 2618 2531 2670 enim
2560 2617 2666 2671 illis
2692 2619 3053 2689 manifestavit.
3094 2618 3205 2674 Sed
3238 2619 3370 2674 hanc
3414 2618 3608 2688 gloriam
3626 2616 3744 2685 lignis

2233 2708 2594 2764 attribuerunt
2615 2719 2665 2764 et
2698 2709 2985 2781 lapidibus.

2302 2801 2359 2856 2.
2392 2801 2595 2855 Natura
2624 2802 2733 2874 ipsa
2755 2804 2995 2873 praedicat
3021 2803 3332 2859 Creatorem.
3363 2833 3428 2844 --
3450 2800 3745 2870 Quemadmo-

2235 2892 2359 2949 dum
2386 2894 2546 2965 igitur
2575 2895 2641 2961 is,
2671 2896 2757 2950 cui
2788 2896 2944 2966 regim
2976 2898 3221 2967 pecunia:
3252 2897 3458 2953 creditae
3502 2902 3623 2959 sunt,
3653 2896 3744 2963 jus-

2238 3001 2329 3041 sus
2354 2987 2471 3041 illas
2500 2987 2552 3041 iu
2576 2987 2717 3057 regis
2767 2987 2991 3057 gloriam
3044 2987 3379 3058 impendere,
3405 2989 3447 3043 si
3472 2988 3516 3040 in
3541 2982 3746 3047 fures,in

2239 3090 2415 3135 scorta
2440 3089 2494 3135 et
2520 3082 2568 3135 in
2601 3081 3015 3152 pra-stigiatores
3039 3081 3161 3136 illas
3190 3080 3514 3152 impenderit,
3530 3090 3670 3146 exque
3687 3090 3751 3127 ro-

2239 3175 2340 3244 giis
2369 3174 2558 3244 opibus
2584 3174 2895 3245 Splendidos
2923 3175 3043 3229 illos
3062 3173 3378 3237 reddiderit,
3413 3182 3642 3239 tamquam
3684 3164 3749 3234 qui

2243 3265 2474 3318 maxime
2514 3279 2691 3334 regem
2719 3263 3023 3329 otfenderit,
3068 3278 3260 3333 ptenas
3288 3262 3374 3317 dat
3397 3279 3409 3316 :
3439 3262 3503 3316 ita
3527 3268 3573 3313 et
3597 3257 3638 3309 hi
3661 3269 3750 3308 cum

2244 3356 2485 3409 notitiam
2543 3356 2632 3409 Dei
2682 3364 2737 3409 et
2757 3354 2942 3424 gloria:
2965 3354 3080 3426 ejus
3109 3355 3476 3424 accepissent,
3517 3346 3754 3412 deinde!“le

2247 3444 2405 3499 idolis
2425 3446 2566 3499 illam
2595 3445 2985 3513 attribuissent,
3021 3445 3304 3501 veritatem
3332 3445 3382 3499 in
3404 3441 3629 3513 injustitia
3655 3435 3758 3491 deti-

2248 3546 2501 3599 nuerunt,
2532 3546 2604 3600 et,
2634 3548 2892 3607 quantum
2925 3538 2978 3592 in
3011 3537 3142 3608 ipsis
3197 3546 3333 3604 erat,
3364 3533 3676 3606 cognitionem
3699 3528 3756 3579 iu-

2243 3629 2381 3698 juria
2407 3629 2701 3685 ati'eeerunt
2726 3673 2740 3695 ,
2774 3646 2879 3685 non
2908 3639 2964 3685 ut
2992 3645 3087 3700 par
3122 3639 3243 3686 erat
3272 3631 3358 3683 illa
3378 3637 3585 3683 utentes.
3612 3624 3676 3678 An
3698 3633 3759 3671 vo-

2249 3721 2331 3775 bis
2360 3720 2563 3775 clarum
2584 3729 2668 3777 est
2696 3722 2745 3777 id
2768 3763 2785 3789 ,
2814 3720 2956 3792 quod
2979 3722 3181 3777 dictum
3208 3721 3327 3787 fuit,
3349 3737 3413 3775 an
3438 3718 3608 3774 clarius
3628 3714 3760 3768 denuo

2250 3813 2628 3882 eXplicandum
2678 3814 2810 3868 est?
2864 3812 3026 3869 Forte
3068 3813 3432 3870 necessarium
3482 3808 3621 3865 fuerit
3657 3803 3761 3858 ultra

2252 3905 2526 3976 ῐποῧνθάί·
2560 3905 2696 3972 Quid
2727 3919 2855 3975 ergo
2885 3914 2968 3960 est
2997 3904 3153 3971 illud,
3185 3904 3328 3975 quod
3349 3898 3573 3959 dicitur?
3611 3892 3763 3962 Cogni-

2256 3997 2452 4051 tioneut
2496 3996 2578 4051 sui
2622 3998 2763 4051 Deus
2803 3995 3111 4051 hominibus
3135 4012 3166 4050 a
3190 3995 3447 4068 principio
3475 3987 3668 4047 indidit;
3694 3980 3763 4035 sed

2256 4088 2398 4142 illam
2419 4088 2777 4158 cognitionem
2820 4086 3050 4158 gentiles
3100 4087 3264 4158 lignis
3292 4096 3346 4141 et
3375 4082 3613 4154 lapidibus
3653 4072 3767 4129 attri-

2257 4179 2482 4234 bucutes
2508 4218 2523 4244 ,
2573 4179 2884 4242 veritatem,
2939 4188 3204 4248 quantum
3247 4178 3298 4230 in
3328 4176 3451 4246 ipsis
3497 4170 3595 4235 fuit,
3620 4160 3765 4233 injuria

2257 4270 2589 4325 affecerunt:
2643 4269 2732 4324 illa
2760 4270 2904 4324 enim
2947 4268 3300 4324 immutabilis
3347 4271 3547 4326 manet,
3596 4254 3767 4327 gloriam

2256 4377 2406 4415 suam
2439 4360 2643 4414 habens
2666 4360 2962 4413 immotam.
2988 4359 3053 4413 Et
3080 4357 3223 4412 unde
3246 4367 3425 4412 notum
3449 4361 3540 4415 est,
3566 4364 3594 4403 ο
3612 4342 3737 4402 Paule
3754 4380 3767 4405 ν

2259 4453 2399 4522 quod
2432 4453 2570 4507 Deus
2592 4452 2722 4522 ipsis
2748 4451 3107 4521 cognitionem
3140 4447 3430 4505 indiderit?
3458 4443 3597 4512 Quia,
3619 4434 3767 4505 inquit.

2258 4546 2393 4616 quod
2440 4555 2613 4599 notum
2641 4552 2715 4598 est
2747 4544 2859 4613 ejus
2880 4584 2896 4610 ,
2944 4543 3272 4614 manifestum
3298 4540 3444 4594 estin
3470 4536 3581 4589 illis.
3620 4532 3674 4583 At
3699 4526 3769 4577 huc

2261 4638 2522 4693 sententia
2554 4646 2657 4703 est,
2707 4652 2812 4691 non
2849 4634 3262 4698 demonstratio;
3299 4644 3351 4686 tu
3378 4645 3497 4684 vero
3522 4624 3631 4680 mihi
3650 4616 3770 4688 proba

2263 4741 2317 4788 et
2344 4730 2587 4796 ostende,
2614 4730 2974 4799 cognitionem
3002 4728 3093 4781 Dei
3140 4725 3473 4781 manifestam
3498 4719 3636 4773 fuisse
3658 4712 3735 4766 illis
3759 4746 3769 4770 ν

2263 4824 2356 4879 sed
2386 4833 2577 4893 sponte
2608 4824 2729 4878 illos
2749 4821 3187 4893 praetermisisse.
3220 4817 3374 4874 Unde
3400 4828 3521 4883 ergo
3556 4806 3768 4893 muniit-stt

2264 4916 2418 4971 erat?
2445 4930 2704 4970 vocenme
2731 4915 2836 4969 illis
2865 4913 3041 4968 emisit
3068 4912 3091 4964 ?
3121 4911 3341 4965 Minime
3371 4926 3386 4962 :
3432 4916 3596 4959 verum
3624 4896 3663 4950 id
3682 4892 3770 4947 cffc‘

2265 5009 2361 5075 cit,
2394 5009 2535 5078 quod
2568 5008 2736 5077 magis
2768 5006 2887 5061 illos
2926 5021 3085 5076 quam
3130 5020 3234 5057 vox
3286 4998 3527 5074 quzelibct
3568 4988 3771 5047 attrahere

2268 5108 2512 5170 poterat:
2540 5108 2778 5155 creatum
2807 5099 2992 5153 orbem
3020 5097 3071 5152 in
3098 5096 3277 5151 medio
3319 5092 3520 5163 posoit:
3550 5087 3609 5141 ita
3636 5091 3679 5135 ul

2268 5168 2439 5264 piens,
2470 5193 2654 5259 idiom,
2684 5191 2880 5263 Scytha
2907 5233 2921 5258 ,
2952 5175 3304 5246 bat'barus'ex
3334 5186 3446 5242 solo
3490 5184 3597 5235 visu
3634 5168 3769 5227 visibi-

2269 5288 2398 5342 lium
2428 5286 2879 5356 pulchritudinem
2907 5284 3125 5339 cdoctus
3146 5322 3161 5347 ,
3195 5282 3261 5335 ad
3294 5281 3452 5334 Deum
3480 5264 3770 5330 conscendere

2269 5387 2472 5448 posset.
2499 5376 2625 5432 Ideo
2645 5377 2720 5431 ait
2753 5394 2767 5431 :
2811 5375 2903 5429 20.
2930 5373 3219 5429 Invisibilia
3256 5372 3385 5425 enim
3427 5366 3588 5438 ipsius,
3622 5375 3648 5412 α
3670 5366 3767 5449 crre-

2271 5481 2384 5523 tura
2427 5470 2624 5535 mundi,
2680 5485 2769 5537 per
2800 5483 2859 5522 ea
2887 5481 3001 5537 qua:
3023 5467 3159 5535 facta
3188 5472 3305 5517 sunt
3331 5460 3592 5517 intellecta,
3618 5456 3768 5509 conti"

2270 5564 2476 5616 eiuntur
2506 5580 2523 5627 ;
2575 5561 2718 5630 quod
2769 5561 2932 5614 etiam
2964 5556 3221 5629 propheta
3257 5555 3382 5609 dicit
3407 5572 3418 5608 :
3445 5548 3555 5605 ειτιὶ
3594 5538 3770 5631 narret“

2272 5655 2485 5725 gloriam
2506 5620 2612 5706 'Dei
2640 5653 2661 5722 (
2695 5649 2841 5705 Psat.
2875 5620 3011 5705 18:1
3119 5645 3261 5715 Quid
3310 5644 3445 5700 enim
3472 5638 3625 5693 dicent
3652 5620 3767 5682 ibi“:l
