4048 6216
337 562 595 575 με’-ἰ-
601 562 1911 582 WW—

2015 573 2264 582 ——————-—.

1425 410 1493 465 1N
1529 409 1745 467 EPIST.
1789 411 1882 466 AD
1911 411 2078 507 1106!.
2123 411 2350 468 "OMIL
2397 413 2482 468 111.

3565 414 3665 471 ΗΞ

2269 573 2678 584 ο--ι--υν--ν

3439 583 3520 596 -ι

1783 691 2034 743 OMIAIA
2076 691 2150 744 Γ.

250 784 745 841 Ἀποκαλύπτεται
769 783 1044 854 γὰράργὴ
1077 781 1224 837 Θεοῦ
1250 781 1350 854 ἀπ’
1377 779 1638 854 οὐρανοῦ
1663 781 1760 854 ἐπὶ
1785 780 1897 854 πᾷ-

301 871 423 908 σαν
467 855 750 907 ἀσέϐειαν
776 849 900 906 ’καί
927 849 1190 907 ’ἇδὶκίαν
1237 849 1564 919 ἀνθρώπων
1617 849 1736 904 τῶν
1786 851 1902 919 τὴν

306 923 590 989 ἀλήθειαν
618 923 688 976 ἐν
718 922 916 990 ἀδικίᾳ
943 924 1335 991 κατεχόντων.

305 1024 518 1095 α⁹.“’ορα
534 1024 634 1093 τὴν
650 1022 860 1076 Παύλου
885 1021 1118 1086 σύνεσιν,
1137 1022 1256 1084 πῶς
1270 1021 1377 1075 ἀπὸ
1395 1021 1504 1074 τῶν
1522 1021 1901 1092 χρηστοτέρων

242 1112 571 1184 προτρέψας,
600 1110 690 1164 ἐπὶ
718 1110 786 1164 τά
812 1109 1161 1181 φοϐερώτερα
1183 1108 1374 1179 τρέπει
1401 1109 1491 1162 τὸν
1513 1107 1692 1176 λόγον.
1717 1107 1902 1161 Εἰπὼν

241 1200 456 1271 γάρ,δτι
479 1197 749 1270 σωτηρίας
770 1199 942 1251 αίτιον
956 1196 1018 1250 :6
1041 1197 1476 1264 Εὐαγγέλιον,ὃτι
1493 1196 1746 1266 ζωῆς,δτι
1765 1196 1900 1249 Θεοῦ

240 1285 481 1354 δύναμις,
508 1286 590 1338 6::
623 1285 892 1355 σωτηρίας
923 1284 1017 1338 καὶ
1039 1283 1384 1354 δικαιοσύνης
1405 1284 1707 1354 ποιητικὸν,
1753 1283 1902 1350 λέγει

242 1369 332 1421 καὶ
364 1369 431 1420 τά
457 1367 689 1438 φοϐῆσαι
712 1363 985 1436 δυνάμενα
1012 1365 1140 1428 τοὺς
1168 1364 1228 1418 οὐ
1261 1363 1645 1436 προσέχοντας.
1687 1363 1902 1433 Ἐπειδὴ

241 1457 345 1527 γάρ
372 1456 445 1520 ὡς
480 1456 548 1509 τά
583 1454 753 1508 πολλά
791 1455 898 1508 τῶν
940 1454 1244 1526 ἀνθρώπων
1272 1455 1322 1507 οἰ
1371 1453 1587 1518 πλείους
1630 1455 1728 1525 οὐχ
1760 1453 1904 1507 οῦτω

242 1546 304 1613 τῇ
330 1542 435 1596 τῶν
461 1541 714 1612 χρηστῶν
741 1541 1066 1612 ἐπαγγελίᾳ,
1097 1541 1172 1605 ὼς
1219 1540 1295 1611 τῷ
1326 1539 1476 1610 φόϐῳ
1503 1541 1609 1616 τῶν
1643 1539 1903 1610 λυπηρῶν

243 1631 374 1701 πρὸς
408 1629 504 1700 τὴν
531 1629 732 1700 ἀρετὴν
757 1628 1030 1695 ἕλκονται,
1057 1628 1398 1700 ἑκατέρωθεν
1433 1627 1630 1690 αὐτοὺς
1664 1627 1902 1678 ἐπισπᾶ-

243 1735 351 1772 ται.
387 1718 483 1771 Διά
510 1717 668 1770 τοῦτο
700 1716 851 1789 [MS]
894 1717 989 1771 καὶ
1027 1718 1055 1769 6
1084 1715 1216 1778 Θεὸς
1244 1715 1304 1768 οὐ
1332 1714 1609 1784 βασιλείαν
1640 1713 1902 1783 ἐπηγγεί-

243 1805 367 1858 λατο
391 1805 566 1874 μόνον,
589 1804 722 1858 ἀλλά
746 1806 842 1857 καὶ
866 1803 1090 1872 γέενναν
1109 1801 1374 1874 ἠπείλησε
1390 1819 1405 1834 θ
1435 1802 1529 1854 καὶ
1549 1802 1598 1854 οἰ
1627 1801 1902 1872 προφῆται

244 1892 298 1944 δέ
326 1895 431 1956 τοῖς
470 1893 743 1956 Ἰουδαίοις
761 1892 904 1946 οὕτω
924 1892 1244 1960 διελέγοντο,
1267 1890 1335 1944 τά
1361 1889 1508 1943 κακά
1531 1892 1646 1951 τοῖς
1679 1888 1902 1956 ἀγαθοῖς

247 1981 635 2050 ἀναμιγνύντες
680 1980 965 2051 διηνεκῶς.
1014 1979 1113 2032 Διά
1140 1979 1299 2032 τοῦτο
1333 1978 1428 2032 καί
1455 1979 1483 2031 6
1514 1976 1724 2039 Παῦλος
1759 1974 1902 2029 οὕτω

247 2069 501 2121 ποικίλλει
528 2068 620 2122 τὸν
654 2068 834 2137 λόγον,
859 2067 921 2120 οὐ
952 2067 1058 2137 μὴν
1087 2065 1296 2129 ἁπλῶς,
1323 2064 1460 2118 ἀλλὰ
1484 2063 1552 2116 τά
1590 2063 1799 2134 χρηστά
1823 2061 1905 2114 τί-

248 2154 366 2225 θησι
403 2156 636 2227 πρῶτον,
687 2156 782 2208 καὶ
818 2153 958 2224 μετά
1001 2153 1172 2207 ταῦτα
1210 2153 1278 2206 τὰ
1305 2151 1545 2222 λυπηρά,
1579 2150 1793 2212 δεικνὺς
1821 2151 1904 2202 6::

247 2245 419 2296 ἐκεῖνα
463 2244 560 2313 μὲν
599 2244 701 2314 τῆς
751 2241 1168 2315 προηγουμένης
1212 2239 1306 2294 τοῦ
1335 2239 1468 2294 Θεοῦ
1505 2237 1730 2308 γνώμης
1763 2238 1902 2305 ἐστὶ,

248 2330 407 2384 ταῦτα
436 2332 494 2384 δέ
545 2332 648 2401 τῆς
684 2330 793 2384 τῶν
831 2328 1218 2402 ῥᾳθυμούντων
1247 2329 1532 2400 πονηρίας.
1565 2325 1720 2379 Οῦτω
1752 2325 1847 2379 καὶ
1875 2327 1905 2379 6

249 2421 520 2488 προφήτης
542 2417 761 2488 πρῶτον
785 2417 854 2470 τὰ
874 2415 1052 2484 ἀγαθά
1073 2415 1278 2486 τίθησι,
1299 2414 1473 2484 λέγων
1491 2431 1507 2446 ο
1543 2414 1678 2466 Ἐὰν
1695 2412 1906 2480 θέλητε

248 2503 340 2556 καί
379 2503 780 2570 είσακούσητέ
816 2521 957 2572 μου,
991 2501 1064 2556 τὰ
1096 2502 1285 2571 ἀγαθὰ
1321 2499 1429 2568 τῆς
1464 2501 1576 2571 γῆς
1608 2499 1902 2570 φάγεσθε·

245 2591 348 2644 ἐὰν
361 2591 516 2660 δὲμή
535 2590 772 2659 θελήσῃ
781 2590 964 2656 τε,καὶ
975 2589 1060 2659 μὴ
1078 2589 1482 2656 είσακούσητέ
1492 2607 1633 2657 μου,
1644 2587 1909 2656 μάχαιρα

249 2677 394 2745 ὑμᾶς
410 2678 746 2733 κατέδεται.
774 2677 930 2731 Οὕτω
951 2679 1044 2730 καὶ
1063 2677 1300 2730 ἐνταῦθα
1328 2678 1560 2747 προάγει
1586 2676 1676 2729 τὸν
1691 2675 1849 2744 λόγον
1880 2677 1909 2729 6

253 2765 468 2829 Παῦλος.
509 2766 715 2819 Σκόπει
761 2767 852 2819 δέ’
898 2761 1070 2819 Ἱίλθε
1120 2765 1300 2837 φέρων
1345 2765 1373 2816 6
1410 2764 1644 2835 Χριστὸς
1693 2764 1908 2831 ἄφεσιν,

253 2855 394 2922 φησὶ,
434 2852 803 2925 δικαιοσύνην,
838 2850 1020 2923 ζωήν·
1054 2855 1151 2906 καὶ
1193 2853 1290 2922 οὐχ
1330 2851 1516 2914 ἁπλῶς
1543 2864 1592 2916 ιι,
1645 2851 1782 2905 ἀλλά
1821 2849 1910 2903 διὰ

254 2940 474 3012 σταυφῦ
524 2940 720 3011 φέρει·
758 2939 789 2993 6
818 2940 882 3008 δὴ
916 2939 1176 3010 μέγιστον
1201 2939 1294 2992 καὶ
1325 2937 1660 3009 θαυμαστὸν,
1695 2939 1793 3008 οὐχ
1828 2939 1910 2990 6::

251 3027 461 3081 τοιαῦτα
492 3027 790 3098 ἐχαρίσατο
821 3027 1003 3099 μόνον,
1049 3026 1161 3080 ἀλλ’
1185 3027 1266 3079 6::
1295 3027 1389 3080 καὶ
1431 3025 1655 3079 τοιαῦτα
1687 3025 1907 3078 ἔπαθεν.

255 3113 344 3165 Ἂν
375 3115 546 3167 τοίνυν
581 3113 842 3184 ὐϐρίσητε
872 3114 951 3177 εἰς
979 3113 1079 3176 τάς
1099 3111 1326 3182 δωρεὰς,
1351 3112 1468 3165 τότε
1498 3112 1816 3183 ἀναμενεῖτε
1843 3111 1910 3165 τά

250 3204 476 3277 λυπηρά.
530 3205 648 3257 Καὶ
679 3204 780 3276 δρα
822 3203 939 3267 πῶς
984 3202 1199 3274 ἐπαίρει
1227 3205 1318 3257 τὸν
1357 3203 1544 3272 λόγον.
1589 3203 1912 3258 Ἀποκαλύ-

253 3307 441 3344 artem:
489 3292 628 3362 γὰρ,
677 3292 862 3363 φησὶν,
905 3289 1050 3360 ὀργὴ
1095 3290 1242 3344 Θεοῦ
1284 3291 1384 3345 ἀπ’
1417 3290 1698 3359 οὐρανοῦ.
1740 3291 1911 3345 Πόθεν

251 3378 394 3431 τοῦτο
435 3379 638 3448 δῆλον;
671 3379 768 3431 Ἂν
809 3377 907 3448 μέν
940 3379 968 3430 6
997 3377 1183 3439 πιστὸς
1211 3376 1368 3449 λέγῃ.
1412 3376 1506 3430 τοῦ
1535 3375 1769 3446 Χριστοῦ
1812 3377 1912 3440 τὰς

253 3465 540 3532 ἀποφάσεις
577 3464 812 3534 ἐροῦμεν
830 3480 843 3494 ·
885 3463 950 3516 ἂν
973 3464 1030 3516 δέ
1055 3464 1083 3516 6
1115 3464 1342 3526 ἄπιστος
1378 3464 1472 3516 καί¹
1500 3465 1527 3516 6
1559 3463 1778 3534 Ἕλλην,
1806 3463 1914 3517 6:7:6

251 3550 348 3602 τῶν
370 3550 490 3621 ἑξῆς
520 3548 692 3605 αὐτὸν
718 3550 746 3602 6
773 3549 982 3613 Παῦλος
1013 3549 1353 3620 ἐπιστομίζει
1381 3549 1487 3602 τῶν
1520 3551 1646 3621 7:591
1674 3551 1772 3620 τῆς
1797 3550 1910 3621 κρίο

256 3653 380 3700 σεως
414 3637 503 3690 τοῦ
547 3637 693 3690 Θεοῦ
725 3637 919 3705 λόγων,
961 3639 1026 3690 ἐκ
1065 3636 1172 3689 τῶν
1211 3638 1301 3690 ὐπ’
1347 3636 1570 3690 ἐκείνων
1613 3637 1914 3706 γινομένων

253 3723 511 3789 ἀπόδειξιν
538 3723 938 3794 ἀναντίρρητον
967 3723 1203 3790 εἰσάγων
1221 3737 1236 3752 ο
1263 3722 1292 3775 6
1323 3722 1388 3794 δὴ
1414 3722 1508 3776 καὶ
1541 3721 1654 3774 ἔστι
1683 3722 1916 3791 μάλιστα

253 3808 705 3877 παραδοξότατον,
755 3808 881 3862 ὅταν
928 3807 1053 3870 τούς
1083 3806 1461 3874 ἀντιλέγοντας
1507 3807 1643 3877 αὐτῇ
1682 3809 1748 3876 τῇ
1780 3805 1915 3876 ἀλη·

253 3893 384 3965 θείᾳ,
410 3895 472 3948 δι’
506 3889 590 3948 ὧν
622 3895 835 3947 ποιοῦσι
866 3895 988 3948 καθ’
1023 3893 1260 3964 ἑκάστην
1298 3894 1330 3965 ἢ
1359 3895 1454 3948 καὶ
1494 3893 1730 3962 λέγουσι,
1788 3911 1913 3946 συν-

253 3983 570 4054 ιοταμένους
587 3984 784 4043 αὐτοὺς
805 3983 1094 4051 ἀποφαίνει
1113 3985 1332 4053 τοῖςτῆς
1355 3981 1613 4053 ἀληθείας
1631 3982 1914 4051 δόγμασιν.

266 4071 415 4124 Ἀλλὰ
439 4070 622 4125 ταῦτα
665 4071 762 4141 μὲν
794 4072 851 4125 ἐν
876 4071 988 4134 τοῖς
1025 4069 1181 4140 ἑξῆς,
1209 4069 1347 4134 τέως
1380 4069 1436 4123 δὲ
1477 4068 1587 4121 τῶν
1625 4067 1920 4138 προκειμέ-

253 4173 351 4210 νων
386 4155 668 4228 ἐχώμεθα.
729 4157 1239 4210 Ἀποκαλύπτεται
1280 4155 1390 4225 γὰρ
1430 4155 1574 4225 ὁρτὴ
1624 4153 1774 4208 Θεοῦ
1818 4153 1920 4209 ἀπ’

252 4245 525 4310 οὐρανοῦ.
566 4244 760 4298 Καίτοι
800 4244 894 4296 καὶ
935 4243 1167 4298 ἐνταῦθα
1195 4243 1454 4306 πολλάκις
1495 4242 1651 4295 τοῦτο
1688 4242 1916 4310 γίνεται,

251 4327 356 4384 οἷον
400 4333 458 4384 ἐν
490 4332 674 4400 λιμοῖς
717 4331 809 4385 καὶ
852 4330 1059 4400 λοιμοῖς
1104 4331 1198 4384 καὶ
1227 4330 1512 4402 πολέμοις
1547 4330 1640 4385 καὶ
1672 4330 1778 4398 γὰρ
1817 4329 1921 4400 ἰδίᾳ

253 4414 498 4478 ἕκαστος,
532 4415 631 4467 καὶ
667 4416 820 4484 κοινῇ
855 4412 1053 4478 πάντες
1091 4413 1428 4479 κολάζονται.
1463 4413 1528 4466 Τί
1563 4409 1654 4468 οῦν
1679 4413 1739 4466 :6
1770 4413 1925 4478 ξένον

252 4495 402 4562 τότε;
443 4497 572 4550 ’Ότι
604 4495 697 4550 καὶ⁸
734 4494 934 4566 μείζων
965 4496 998 4565 ἡ
1024 4495 1244 4560 κόλασις
1277 4497 1370 4548 καὶ
1402 4495 1554 4566 κοινὴ
1583 4496 1676 4549 καὶ
1701 4495 1803 4547 οὐκ
1829 4494 1920 4547 ἐπὶ

252 4590 357 4652 τοῖς
395 4589 608 4648 αὐτοῖς’
639 4587 733 4642 νῦν
775 4587 874 4658 μὲν
915 4587 1022 4659 γὰρ
1049 4587 1185 4659 πρὸς
1218 4587 1504 4656 διόρθωσιν
1537 4587 1604 4639 τὰ
1634 4586 1913 4655 γινόμενα,

252 4673 366 4726 τότε
394 4675 450 4728 δέ
474 4675 615 4746 πρὸς
635 4675 902 4745 τιμωρίαν
919 4691 932 4703 ⁸
959 4675 1094 4745 ὅπερ
1121 4673 1212 4726 καὶ
1232 4676 1260 4727 6
1285 4672 1496 4736 Παῦλος
1518 4671 1691 4741 δηλῶν
1712 4672 1916 4738 ἔλεγεν,

253 4760 333 4812 6::
358 4761 769 4830 Παιδευόμεθα
789 4761 924 4826 νῦν,
948 4761 1048 4814 ἵνα
1065 4759 1149 4830 μὴ
1168 4759 1289 4814 σὺν
1317 4759 1395 4824 τῷ
1421 4760 1626 4828 κόσμῳ
1651 4776 1920 4828 κατακρι-

255 4846 461 4915 θῶμεν.
501 4847 616 4900 Καὶ
658 4846 750 4900 νῦν
783 4847 882 4918 μὲν
925 4848 984 4900 οὐ
1011 4847 1097 4900 διὰ
1133 4847 1232 4917 τὴν
1261 4846 1466 4900 ἀνωθεν
1495 4846 1664 4918 ὀργὴν
1705 4846 1919 4908 πολλοῖς

251 4931 394 4986 δοκεῖ
417 4934 488 4986 τὰ
514 4932 687 4986 πολλά
725 4933 992 5001 γίνεσθαι,
1021 4933 1154 4986 ἀλλά
1178 4933 1244 4986 δι’
1270 4931 1573 5004 ἀνθρώπων
1623 4933 1886 5004 ἐπήρειαν
1903 4948 1916 4962 ·

252 5019 370 5072 τότε
408 5019 466 5073 δὲ
513 5020 726 5091 φανερά
760 5020 911 5074 ἔσται
952 5023 984 5092 ἡ
1022 5021 1173 5092 παρά
1211 5020 1302 5074 τοῦ
1335 5019 1470 5073 Θεοῦ
1504 5021 1746 5084 κόλασις,
1790 5021 1920 5074 ὅταν

252 5109 560 5178 καθήμενος
585 5109 677 5162 ἐπὶ
707 5108 799 5162 τοῦ
835 5109 1066 5180 φοϐεροῦ
1099 5109 1339 5180 βήματος
1367 5110 1397 5161 6
1421 5109 1631 5179 κριτὴς,
1665 5111 1791 5172 τούς
1822 5110 1922 5179 μὲν

253 5194 344 5246 ἐπὶ
367 5195 466 5258 τὰς
490 5195 754 5265 καμίνους
777 5196 1030 5250 ἕλκεσθαι
1058 5197 1273 5268 κελεύῃ,
1303 5196 1428 5260 τοὺς
1455 5197 1509 5250 δὲ
1539 5197 1630 5250 ἐπὶ
1654 5195 1712 5248 :6
1734 5196 1920 5260 σκότος

251 5281 310 5334 τὸ
331 5280 758 5352 ἐξώτερον,τοῦς
785 5284 841 5337 δέ
866 5285 952 5337 ἐπ’
979 5284 1146 5348 ἄλλας
1170 5285 1580 5356 ἀπαραιτήτους
1597 5286 1692 5338 καὶ
1712 5284 1920 5355 ἀφορή-
1961 5291 1968 5294 ’

253 5385 378 5433 τους
440 5370 714 5434 κολάσεις.
737 5371 846 5425 Καὶ
874 5371 1018 5434 τίνος
1038 5371 1223 5425 ἕνεκεν
1241 5373 1340 5441 οὐχ
1361 5371 1536 5434 οὕτως
1565 5367 1685 5424 εἷπε
1712 5372 1918 5438 σαφῶς,

254 5450 363 5511 οἷον
390 5459 474 5512 6::
504 5460 534 5512 6
562 5459 691 5522 Υἱὸς
723 5458 817 5511 τοῦ
845 5459 980 5512 Θεοῦ
1015 5460 1196 5530 μέλλει
1227 5457 1619 5530 παραγίνεσθαι
1649 5458 1786 5527 μετά
1819 5476 1918 5528 μυ-

260 5543 388 5612 ρίων
411 5545 686 5613 ἀγγέλων,
718 5550 813 5598 καὶ
838 5546 938 5609 τάς
983 5546 1212 5609 εὐθύνας
1247 5547 1494 5598 ἀπαιτεῖν
1523 5544 1771 5607 ἕκαστον,
1807 5545 1922 5597 ἀλλ’

256 5629 337 5682 6::
380 5631 886 5685 Ἆποκαλύπτεται
925 5632 1068 5702 ὀργὴ
1111 5632 1258 5686 Θεοῦ
1271 5647 1291 5695 ;
1321 5631 1442 5684 Τῶν
1475 5629 1746 5698 νεοφύτων
1784 5625 1923 5700 ἦσαν

254 5716 308 5768 οἱ
334 5717 625 5780 ἀκούοντες
667 5717 776 5770 ἔτι·
817 5717 904 5770 διὰ
938 5719 1092 5772 τοῦτο
1119 5718 1229 5772 ἀπὸ
1254 5719 1361 5771 τῶν
1412 5717 1616 5787 σφόδρα
1645 5716 1924 5788 ώμολογη⁹

261 5801 438 5871 μένων
464 5807 590 5876 παρ’
622 5804 809 5867 αὐτοῖς
840 5803 1052 5873 πρῶτον
1077 5805 1275 5864 αὐτοὺς
1302 5806 1615 5857 ἐπισπᾶται.
1656 5803 1840 5874 Χωρὶς
1866 5804 1921 5857 δὲ

255 5883 368 5938 τῶν
410 5885 746 5956 εἰρημένων,
793 5885 886 5935 καὶ
926 5886 1057 5955 πρὸς
1105 5886 1371 5956 ’Έλληνας
1419 5886 1796 5941 ἀποτείνεσθαί
1835 5904 1920 5957 μοι

317 5984 347 6049 ⁸,
373 5987 534 6050 Alius,
553 5989 633 6038 καὶ
656 5989 747 6049 οὐχ
773 5987 934 6042 ἁπλῶς
963 5990 1109 6039 ταῦτα

2001 782 2176 836 δοκεῖ·
2209 783 2288 836 διὸ
2331 783 2422 836 καὶ
2452 782 2702 837 ἐντεῦθεν
2735 787 3181 856 προοιμιάζεταιο
3212 787 3437 858 ὕστερον
3473 791 3531 844 δὲ
3575 793 3672 847 καὶ

2001 869 2092 920 τὸν
2123 870 2251 939 περὶ
2281 870 2382 938 τῆς
2424 870 2656 941 κρίσεως
2687 870 2779 923 τοῦ
2813 873 3047 941 Χριστοῦ
3079 873 3234 942 λόγον
3267 877 3497 944 εἰσάγει.
3545 880 3673 932 Ἐπί

2002 956 2211 1010 πᾶσαν
2253 958 2536 1011 ἀσέϐειαν
2588 958 2686 1010 καὶ
2736 958 2982 1013 ἀδικίαν
3029 961 3354 1028 ἀνθρώπων
3404 966 3522 1018 τῶν
3558 965 3675 1035 τήν

2004 1044 2294 1112 ἀλήθειαν
2324 1046 2394 1097 ἐν
2425 1045 2626 1112 ἀδικίᾳ
2656 1048 3051 1114 κατεχόντων.
3095 1050 3355 1102 Ἐνταῦθα
3381 1053 3670 1119 δείκνυσιν,

2003 1131 2084 1185 6::
2110 1132 2302 1184 πολλαὶ
2331 1133 2432 1202 τῆς
2461 1133 2714 1196 ἀσεϐείας
2741 1137 2795 1186 αἰ
2822 1135 2952 1196 6601,
2985 1138 3016 1206 ἡ
3047 1136 3100 1188 δὲ
3132 1140 3229 1208 τῆς
3266 1138 3520 1207 ἀληθείας
3544 1140 3672 1210 μία·

2005 1221 2100 1272 καὶ
2143 1220 2250 1292 γάρ
2304 1219 2548 1274 ποικΰρν
2601 1221 2692 1274 καὶ
2742 1220 3016 1286 πολυειδὲς
3047 1225 3141 1287 καὶ
3192 1227 3596 1297 συγκεχυμένον
3638 1231 3672 1298 ἡ

2005 1307 2202 1376 πλάνη,
2260 1305 2476 1378 [HiHi]
2531 1306 2588 1360 δέ
2648 1308 2876 1380 ἀλήθεια
2936 1309 3053 1380 μία.
3109 1310 3293 1365 Εἰπὼν
3334 1313 3390 1366 δέ
3439 1312 3678 1383 περἰδο-

2003 1393 2248 1462 γμάτων,
2290 1394 2438 1462 λέγει
2465 1394 2557 1447 καὶ
2585 1396 2710 1466 7:591
2740 1395 2874 1465 βίου,
2910 1397 3122 1450 ἀδικίαν
3149 1398 3456 1468 ἀνθρώπων
3483 1402 3674 1457 εἰπών.

2003 1481 2113 1533 Καὶ
2167 1481 2280 1552 γὰρ
2328 1483 2382 1534 αί
2423 1482 2627 1535 ἀδικίαι
2663 1482 2986 1536 ποιήλαιδε
3036 1483 3194 1556 καὶὴ
3243 1485 3343 1554 μέν
3378 1487 3506 1557 περὶ
3536 1489 3678 1558 χρή-

2008 1584 2154 1636 ματα
2194 1569 2435 1635 γίνεται,
2474 1563 2583 1621 οἷον
2629 1570 2755 1622 ὅταν
2793 1589 2878 1634 τις
2908 1572 2965 1624 ἐν
2992 1571 3202 1636 τούτοις
3236 1573 3396 1644 ἀδικῇ
3424 1574 3514 1628 τὸν
3541 1575 3679 1643 πλη-

2005 1656 2148 1707 σίονο
2187 1656 2219 1723 ἡ
2269 1655 2325 1708 δέ
2363 1655 2490 1725 περὶ
2528 1659 2814 1723 γυναῖκας,
2853 1657 2980 1710 ὅταν
3010 1675 3094 1720 τις
3124 1659 3283 1728 ἀφεὶς
3322 1661 3421 1730 τὴν
3457 1661 3675 1725 ἑαυτοῦ,

2002 1741 2095 1795 τὸν
2125 1741 2313 1812 ἐτέρου
2356 1741 2608 1814 διορύττῃ
2644 1745 2855 1814 γάμον·
2893 1745 2988 1798 καὶ
3025 1746 3133 1816 γάρ
3177 1745 3269 1799 καὶ
3300 1745 3458 1800 τοῦτο
3489 1748 3677 1802 πλέον·

2003 1827 2153 1893 εξίαν
2183 1829 2210 1880 6
2239 1827 2448 1891 Παῦλος
2479 1829 2652 1892 καλεῖ,
2675 1830 2818 1884 οὕτω
2846 1830 3020 1899 λέγων
3044 1849 3056 1863 ο
3090 1831 3161 1886 Τὸ
3183 1832 3269 1902 μὴ
3296 1835 3678 1902 ὑπερϐαίνειν

2003 1915 2103 1968 καὶ
2133 1916 2523 1970 πλεονεκτεῖν
2547 1917 2616 1970 ἐν
2645 1916 2723 1983 τῷ
2751 1918 3042 1987 πράγματι
3062 1918 3170 1973 τὸν
3201 1921 3488 1988 ἀδελφόν.
3517 1923 3678 1976 Ἐτε-

2007 2019 2090 2073 ροι
2150 2003 2334 2069 πάλιν,
2365 2003 2488 2056 ἀντὶ
2515 2005 2771 2073 γυναικὸς
2801 2007 2896 2059 καὶ
2922 2008 3243 2077 χρημάτων,
3287 2009 3445 2076 δόξαν
3477 2009 3676 2079 λυμαί-

2002 2106 2184 2143 νονται
2212 2089 2309 2159 τὴν
2345 2090 2439 2144 τοῦ
2479 2091 2735 2160 πλησίονο
2774 2092 2870 2145 καὶ
2899 2093 3056 2146 τοῦτο
3085 2094 3141 2146 δέ
3177 2095 3396 2149 ἀδικίαο
3438 2097 3530 2150 καὶ
3567 2099 3677 2168 γάρ

2003 2176 2306 2244 Κρεῖσσον
2343 2177 2530 2246 ὄνομα
2562 2179 2776 2240 καλὸν,
2806 2177 2844 2246 ἣ
2881 2179 3144 2246 πλοῦτος
3187 2183 3400 2247 πολύς.
3437 2183 3594 2244 Τινὲς
3619 2183 3677 2236 δέ

2005 2280 2190 2332 φασιν,
2219 2262 2302 2315 6::
2331 2264 2424 2316 καὶ
2449 2261 2605 2316 τοῦτο
2633 2264 2761 2335 7:591
2793 2264 3082 2334 δογμάτων
3114 2265 3332 2338 είρηται
3351 2269 3430 2338 τῷ
3457 2269 3674 2339 Παύλῳο

2006 2350 2146 2422 πλὴν
2172 2350 2325 2404 οὐδὲν
2349 2351 2546 2404 κωλύει
2572 2352 2701 2423 7:591
2727 2352 3054 2425 ἀμφοτέρων
3076 2354 3346 2426 εἰρῆσθαι.
3375 2357 3440 2408 Τί
3457 2357 3512 2408 δέ
3539 2360 3674 2421 ἐστι,

2011 2438 2132 2503 Τὴν
2179 2438 2468 2503 ἀλήθειαν
2495 2438 2565 2492 ἐν
2606 2439 2807 2506 ἀδικίῃ
2840 2441 3234 2509 κατεχόντων,
3284 2441 3372 2495 διὰ
3414 2445 3522 2496 τῶν
3551 2444 3678 2514 ἐξῆς

2011 2525 2273 2595 μάνθανε.
2316 2528 2443 2580 Ὅτι
2486 2527 2552 2580 τὸ
2583 2528 2859 2596 γνωστὸν
2890 2528 2998 2582 τοῦ
3037 2528 3184 2583 Θεοῦ
3213 2531 3476 2598 φανερόν
3511 2533 3680 2585 ἐστιν

2006 2613 2077 2666 ἐν
2118 2615 2354 2680 αὐτοῖς’
2408 2617 2441 2669 ό
2480 2615 2626 2682 Θεὸς
2673 2615 2780 2684 γὰρ
2810 2615 3015 2682 αὐτοῖς
3063 2616 3466 2686 ἐφανέρωσεν.
3519 2620 3680 2672 Ἀλλά

2008 2701 2210 2772 ταύτην
2249 2703 2346 2773 τὴν
2376 2702 2534 2766 δόξαν
2564 2703 2741 2770 ξύλοις
2773 2703 3110 2774 περιέθηκαν
3136 2706 3230 2759 καὶ
3251 2706 3441 2770 λίθοις.

2081 2790 2145 2860 β’.
2169 2792 2377 2862 Ὥσπερ
2393 2787 2486 2844 οῦν
2505 2793 2532 2844 6
2564 2793 2820 2863 χρήματα
2841 2791 3150 2856 πιστευθεὶς
3173 2793 3444 2863 βασιλικὰ,
3479 2795 3573 2849 καὶ
3601 2796 3678 2859 εἰς

2010 2881 2108 2951 τὴν
2151 2880 2244 2933 τοῦ
2293 2881 2554 2951 βασιλέως
2599 2881 2757 2948 δόξαν
2801 2881 3074 2935 ἀναλῶσαι
3119 2883 3452 2947 κελευσθεὶς,
3491 2884 3558 2938 ἂν
3600 2887 3681 2948 εἰς

2011 2967 2215 3039 λῃστάς
2257 2969 2352 3021 xa1
2403 2968 2608 3037 πόρνας
2642 2969 2736 3020 καὶ
2776 2968 2981 3038 γόητας
3022 2969 3311 3043 δαπανήσῃ
3354 2970 3547 3034 ταῦτα,
3584 2970 3682 3024 καὶ

2011 3055 2299 3126 λαμπροὺς
2328 3055 2548 3117 τούτους
2583 3055 2694 3108 ἀπὸ
2724 3055 2830 3108 τῶν
2863 3055 2958 3108 τοῦ
3007 3055 3271 3124 βασιλέως
3299 3057 3499 3130 ποιήσῃ
3540 3075 3678 3128 χρη-

2016 3144 2223 3214 μάτων,
2265 3143 2340 3206 ὡς
2386 3143 2454 3195 :3:
2493 3143 2722 3212 μέγιστα
2763 3142 3040 3214 ἠδικηκὼς
3073 3144 3163 3198 τὸν
3213 3145 3472 3214 βασιλέαε
3518 3147 3679 3200 κολά-

2015 3227 2166 3290 ζεται
2185 3241 2196 3253 ·
2225 3224 2368 3278 οὓτω
2397 3226 2490 3279 καὶ
2523 3219 2666 3279 οῦτοι
2693 3223 2947 3290 λαϐόντες
2974 3229 3070 3296 τὴν
3101 3227 3227 3297 περί
3256 3227 3348 3280 τοῦ
3376 3227 3512 3280 Θεοῦ
3543 3228 3682 3296 γνῶ-

2016 3330 2100 3366 σιν
2122 3311 2214 3366 καὶ
2238 3312 2337 3382 τῆς
2357 3311 2514 3382 δόξης
2540 3311 2726 3377 αὐτοῦ,
2755 3306 2872 3366 εἶτα
2894 3313 3133 3377 εἰδώλοις
3153 3314 3321 3385 αὐτὴν
3344 3313 3678 3386 περιθέντες,

2012 3401 2070 3452 ἐν
2111 3399 2294 3470 ἀδικία
2339 3400 2436 3469 τὴν
2469 3399 2730 3471 ἀλήθειαν
2773 3400 3037 3470 κατέσχον
3058 3399 3108 3466 ἀ,
3156 3401 3271 3464 καὶ,
3299 3400 3360 3453 τό
3388 3417 3449 3470 γε
3479 3402 3559 3464 εἰς
3586 3401 3654 3453 αὐ

2011 3486 2138 3550 :06;
2167 3483 2322 3560 ἦκον,
2345 3486 2608 3556 ἠδίκησαν
2633 3487 2730 3556 τὴν
2757 3487 2980 3554 γνῶσιν,
3011 3487 3111 3540 οὐκ
3139 3488 3219 3550 εἰς
3240 3487 3309 3540 τὰ
3339 3488 3675 3558 προσήκοντα

2013 3573 2149 3643 αὐτῇ
2187 3571 2543 3643 χρησάμενοι.
2576 3569 2721 3643 Ἀρά
2758 3571 2979 3640 γέγονεν
3009 3573 3139 3643 ὑμῖν
3169 3573 3338 3641 σαφὲς
3371 3572 3431 3625 :6
3467 3572 3678 3642 λεχθὲν,

2020 3658 2053 3727 ἢ
2103 3658 2185 3710 δεῖ
2225 3659 2560 3729 σαφέστερον
2592 3659 2724 3712 ἀύτὸ
2754 3659 2914 3713 πάλιν
2944 3661 3153 3726 εἰπείν;
3201 3658 3354 3729 Τάχα
3385 3659 3682 3727 ἀναγκαῖον

2015 3745 2178 3798 πάλιν
2209 3748 2403 3800 εἰπεῖν.
2433 3747 2498 3799 Τί
2527 3743 2620 3799 οῦν
2649 3748 2764 3799 ἐστι
2798 3747 2857 3799 :6
2883 3747 3204 3816 λεγόμενον;
3230 3747 3341 3817 Τὴν
3365 3748 3492 3817 περὶ
3517 3747 3680 3800 αὐτοῦ

2014 3830 2215 3898 γνῶσιν
2247 3831 2306 3897 ἐξ
2333 3833 2507 3902 ἀρχῆς
2545 3834 2657 3894 τοῖς
2688 3832 2993 3901 ἀνθρώποις
3024 3833 3284 3902 ἐνέθηκεν
3303 3833 3333 3884 6
3359 3833 3510 3895 Θεὸς,
3547 3833 3683 3886 ἀλλά

2013 3916 2218 3988 ταύτην
2259 3917 2356 3988 τὴν
2400 3917 2602 3984 γνῶσιν
2635 3919 2684 3970 οἰ
2723 3919 2985 3988 Ἕλληνες
3031 3918 3207 3982 ξύλοις
3241 3919 3554 3990 περιθέντες
3586 3920 3682 3973 καὶ

2015 4004 2206 4068 λίθοις,
2242 4004 2506 4074 ἠδίκησαν
2550 4002 2648 4070 τὴν
2693 4003 2974 4074 ἀλήθειαν,
3027 4004 3089 4058 τό
3131 4022 3194 4073 γε
3245 4004 3423 4058 αὐτῶν
3483 4005 3676 4076 μέρος·

2017 4090 2196 4162 ἐκείνη
2243 4090 2351 4162 γὰρ
2396 4089 2664 4161 ἄτρεπτος
2705 4089 2879 4159 μένει,
2915 4090 3014 4160 τὴν
3049 4090 3256 4143 οἰκείαν
3292 4090 3448 4154 δόξαν
3484 4090 3683 4159 ἔχουσα

2016 4177 2292 4245 ἀκίνητον.
2342 4176 2452 4229 Καὶ
2499 4174 2664 4228 πόθεν
2705 4175 2880 4245 δῆλον,
2925 4177 3005 4229 ὄτι
3042 4175 3298 4246 ἐνέθηκεν
3343 4176 3525 4238 αὐτοῖς
3582 4175 3682 4244 τὴν

2016 4263 2238 4332 γνῶσιν,
2290 4257 2335 4316 ὧ
2381 4262 2594 4327 Παῦλες
2645 4264 2795 4326 Ὅτι,
2849 4263 3004 4332 φησὶ,
3058 4261 3126 4316 τὸ
3185 4262 3452 4332 γνωστὸν
3494 4261 3682 4316 αὐτοῦ

2017 4350 2279 4419 φανερόν
2304 4350 2475 4403 ἐστιν
2494 4349 2563 4402 ἐν
2590 4348 2813 4415 αὐτοῖς.
2849 4348 3012 4402 Ἀλλά
3036 4347 3192 4401 τοῦτο
3215 4345 3486 4416 ἀπόφασίς
3510 4348 3679 4412 ἐστιν,

2017 4434 2117 4486 οὐκ
2158 4432 2464 4497 ἀπόδειξις·
2497 4431 2560 4484 σὺ
2594 4431 2650 4485 δέ
2687 4449 2775 4501 μοι
2823 4431 3250 4496 κατασκεύασον,
3285 4430 3380 4483 καὶ
3407 4429 3576 4494 δεῖξον
3601 4430 3681 4482 6::
3721 4422 3727 4428 ’
3781 4464 3790 4471 ι

2017 4521 2051 4590 ἡ
2084 4519 2282 4587 γνῶσις
2313 4521 2345 4590 ἡ
2391 4518 2519 4588 7:591
2547 4517 2640 4571 τοῦ
2673 4517 2805 4570 Θεοῦ
2839 4517 2971 4588 δήλη
3003 4514 3071 4589 ἦν
3102 4518 3303 4581 αὐτοῖς,
3335 4518 3427 4570 καὶ
3466 4515 3682 4579 ἑκόντες

2021 4607 2391 4677 παρέδραμον.
2441 4604 2610 4658 Πόθεν
2636 4601 2729 4659 οὖν
2759 4604 2892 4674 δήλη
2930 4600 3026 4674 ἦν;
3054 4605 3235 4675 φωνὴν
3262 4605 3444 4667 αὐτοῖς
3476 4603 3684 4657 ἀνωθεν

2019 4693 2265 4762 ἀφῆκενς
2313 4691 2604 4761 Οὐδαμῶςο
2659 4691 2772 4744 ἀλλ’
2817 4692 2844 4744 6
2885 4692 3068 4761 φωνῆς
3116 4691 3311 4753 αὐτοὺς
3359 4688 3682 4758 ἐφέλκεσθαι

2023 4778 2224 4847 μᾶλλον
2263 4777 2515 4847 ἠδύνατο,
2561 4777 2722 4830 τοῦτο
2754 4777 2996 4845 ἐποίησε,
3033 4775 3132 4846 τὴν
3173 4776 3349 4828 κτίσιν
3391 4777 3469 4837 είς
3519 4773 3684 4843 μέσον

2022 4865 2267 4935 προθεὶς,
2294 4864 2435 4917 ὥστε
2470 4866 2564 4917 καὶ
2606 4864 2766 4932 σοφὸν
2812 4864 2904 4916 καὶ
2941 4862 3176 4933 ἰδιώτην,
3212 4861 3304 4914 καὶ
3346 4860 3560 4930 Σκύθην
3591 4859 3685 4914 καὶ

2024 4950 2293 5021 βάρϐαρον
2329 4951 2416 5003 διὰ
2443 4952 2539 5020 τῆς
2569 4951 2743 5018 ὅψεως
2762 4948 3146 5017 καταμαθόντα
3175 4947 3281 5000 τῶν
3313 4946 3604 5015 ὁρωμένων
3623 4946 3684 4998 :6

2022 5037 2238 5101 κάλλος,
2279 5037 2370 5089 ἐπὶ
2420 5037 2510 5089 τὸν
2561 5035 2692 5089 Θεὸν
2746 5033 3073 5088 ἀναϐαίνειν.
3107 5033 3198 5086 Διό
3242 5048 3404 5103 φησιο
3454 5031 3530 5085 Τὰ
3572 5031 3684 5102 γὰρ

2021 5123 2243 5192 ἀόρατα
2285 5123 2470 5177 αὐτοῦ
2506 5121 2623 5176 ἀπὸ
2672 5121 2921 5185 κτίσεως
2953 5120 3186 5188 κόσμου
3231 5121 3356 5185 τοῖς
3393 5118 3688 5187 ποιήμασι

2022 5214 2316 5281 νοούμενα
2336 5209 2652 5280 καθορᾶται
2674 5227 2684 5239 °
2711 5211 2848 5280 ὅπερ
2867 5205 2958 5264 οῦν
2983 5210 3078 5262 καὶ
3099 5210 3127 5262 6
3161 5211 3445 5281 προφήτης
3475 5210 3680 5279 ἕλεγεψ

2026 5303 2088 5352 Οἱ
2127 5298 2368 5367 οὐρανοὶ
2417 5296 2758 5365 διηγοῦνται
2795 5296 2984 5362 δόξαν
3032 5299 3198 5353 Θεοῦ.
3240 5299 3306 5351 Τί
3345 5297 3452 5369 γάρ
3501 5298 3685 5370 ἐροῦσι

2023 5386 2142 5439 κατ’
2182 5383 2396 5454 ἐκείνην
2429 5383 2525 5454 τὴν
2554 5384 2768 5454 ἡμέραν
2796 5385 2845 5438 οἰ
2880 5385 3266 5456 ⁸Ἐλληνεςςὸτι
3305 5386 3684 5456 Ἠγνοήσαμέν

2025 5489 2114 5537 σε;
2143 5467 2273 5525 Εἶτα
2302 5471 2402 5523 οὐκ
2422 5470 2692 5542 ἠκούσατε
2716 5471 2806 5524 τοῦ
2823 5472 3052 5544 οὐρανοῦ
3075 5474 3255 5544 φωνὴν
3269 5473 3357 5527 διὰ
3383 5475 3480 5543 τῆς
3504 5472 3685 5540 ὅψεως

2023 5561 2274 5631 ἀφιέντος
2296 5602 2311 5627 ,
2355 5561 2453 5630 τῆς
2487 5560 2752 5614 εὐτάκτου
2805 5562 3022 5617 πάντων
3069 5563 3334 5634 ἁρμονίας
3385 5561 3681 5625 σάλπιγγος

2025 5647 2402 5719 λαμπρότερον
2447 5646 2690 5718 βοώσης;
2731 5649 2922 5713 νυκτὸς
2963 5649 3058 5703 καὶ
3099 5651 3310 5720 ἡμέρας
3356 5647 3551 5714 νόμους
3582 5641 3682 5693 οὐκ

2026 5735 2192 5788 εἴδετε
2237 5734 2495 5806 μένοντας
2534 5734 2682 5808 [450]
2731 5737 3017 5806 ἀκινήτους
3059 5735 3348 5805 διηνεκῶς;
3395 5727 3679 5799 χειμῶνος.

2027 5821 2206 5894 ἔαρος.
2230 5822 2321 5876 καὶ
2344 5821 2454 5875 τῶν
2481 5822 2655 5878 ἄλλων
2687 5823 2845 5896 ώρῶν
2863 5825 2960 5895 τὴν
2983 5822 3233 5886 εὐταξίαν
3257 5815 3479 5888 βεϐαίαν
3499 5829 3556 5864 τε
3593 5811 3681 5864 καὶ

2094 5953 2123 5993 ι,
2151 5935 2290 5984 Unus
2320 5936 2450 5994 cod.,
2476 5937 2650 5985 ἀδικίαι
2671 5937 2858 5985 πολλαί.
2927 5939 2948 5967 τ
2970 5934 3077 5983 Duo
3101 5946 3146 5981 m
3175 5945 3235 5988 5.,
3256 5929 3338 5984 τήν
3359 5922 3615 5989 βασιλείαν.

2035 5993 2060 6034 δ
2095 5998 2212 6058 Αἰξί,
2236 5993 2499 6060 περιέσχον.
