4048 6216
457 397 559 452 115

458 511 713 580 ἀκίνητον
764 505 966 572 οὖσανς
1018 505 1288 576 θαλάττης
1346 503 1766 574 εὐγνωμοσύνην
1810 505 1866 556 ἐν
1915 504 2125 575 ταραχῇ

452 606 689 676 τοσαύτῃ
732 604 826 656 καὶ
876 602 1120 673 κύμασις
1163 602 1336 655 πάντα
1375 603 1432 654 ἐν
1459 601 1610 666 τάξει
1643 601 1890 670 μένοντα,
1923 601 2015 653 καὶ
2042 600 2128 653 διὰ

451 703 548 757 τοῦ
588 701 822 764 κάλλους
861 701 956 754 καὶ
991 699 1077 753 διά
1122 698 1214 751 τοῦ
1257 698 1520 769 μεγέθους
1551 695 1994 766 ἀνακηρύττοντα
2036 696 2126 748 τὸν

450 797 814 868 Δημιουργόν;
838 795 1023 850 Ταῦτα
1048 793 1156 862 γάρ
1179 794 1414 859 ἅπαντα,
1448 792 1548 846 καὶ
1575 791 1643 844 τά
1667 790 1872 843 τούτων
1907 791 2128 843 πλείονα

454 892 692 948 συνελὼν
734 895 762 946 6
796 892 1008 954 Παῦλος
1053 890 1204 958 ἔλεγε
1227 906 1240 919 ·
1293 889 1367 942 Τὰ
1404 887 1515 957 γὰρ
1547 888 1765 955 ἀόρατα
1793 888 1978 941 αὐτοῦ
2010 887 2127 940 ἀπὸ

452 993 706 1057 κτίσεως
728 990 959 1058 κόσμου
985 987 1109 1053 τοῖς
1139 985 1429 1056 ποιήμασι
1463 988 1758 1055 νοούμενα
1789 985 2124 1051 καθορᾶται·

453 1089 493 1156 ἦ
517 1105 579 1142 τε
616 1087 807 1152 ἀΐδιος
842 1083 1029 1137 αὑτοῦ
1062 1082 1314 1151 δύναμις
1340 1081 1436 1134 καὶ
1465 1083 1714 1149 θειότης,
1743 1084 1829 1147 εἰς
1872 1080 1937 1134 τὸ
1975 1075 2126 1133 εἶναι

452 1182 674 1248 αὐτοὺς
707 1178 1220 1248 ἀναπολογήτους.
1253 1177 1445 1230 Καίτοι
1475 1194 1537 1244 γε
1565 1177 1624 1229 οὑ
1659 1176 1745 1229 διά
1767 1176 1922 1230 τοῦτο
1957 1175 2129 1230 ταῦτα

454 1281 709 1351 ἐποίησεν
739 1280 766 1331 ὁ
789 1279 941 1344 Θεὸς,
982 1280 1030 1331 εί
1072 1278 1165 1331 καί
1193 1277 1350 1329 τοῦτο
1373 1275 1551 1347 ἐξέϐη.
1582 1277 1656 1329 Οὑ
1683 1276 1789 1347 γάρ
1815 1277 1900 1329 ἵνα
1933 1277 2128 1339 αύτούς

453 1376 748 1445 ἀπολογίας
773 1375 1145 1446 ἀποστερήσῃ,
1179 1371 1524 1425 διδασκαλίαν
1553 1371 1819 1441 τοσαύτην
1855 1374 1933 1435 εἰς
1959 1372 2129 1442 ,μέσον

454 1472 785 1543 προῦθηκεν,
805 1469 1024 1524 ἀλλ’ἵνα
1051 1468 1210 1522 αὑτὸν
1223 1467 1535 1536 ἐπιγνῶσιν·
1552 1465 2126 1537 ἀγνωμονήσαντεςδὲ,

453 1569 635 1639 πάσης
661 1567 888 1628 ἑαυτοὺς
913 1565 1214 1636 ἐστέρησαν
1245 1563 1556 1631 ἀπολογίας.
1590 1559 1720 1616 Εἶτα
1748 1562 1982 1625 δεικνὺς,
2014 1560 2128 1623 πῶς

455 1669 592 1724 εἰσιν
613 1664 904 1735 ἀπολογίας
923 1661 1377 1734 ἀπεστερημένοι,
1401 1659 1580 1732 φησίν·
1606 1661 1731 1712 ’Ὀτι
1755 1661 2002 1728 γνόντες·
2024 1656 2131 1711 τὸν

455 1763 607 1821 Θεὸν
639 1765 751 1832 οὐχ
785 1762 865 1828 ὡς
906 1761 1055 1815 θεὸν
1089 1759 1396 1823 ἐδόξασαν
1437 1756 1474 1824 ἣ
1513 1756 1986 1825 εὐχαρίστησαν.
2034 1751 2130 1804 ’Ἑν

455 1856 612 1911 τοῦτο
634 1855 886 1926 ἔγκλημα
910 1853 1164 1925 μέγιστον
1183 1869 1199 1885 ·
1218 1851 1468 1924 δεύτερον
1498 1850 1555 1904 δὲ
1583 1852 1699 1920 μετ’
1731 1850 1925 1914 ἐκεῖνο,
1948 1848 2006 1901 τὸ
2035 1847 2132 1901 καὶ

456 1952 648 2006 εἴδωλα
667 1951 1063 2022 προσκυνῆσαι,
1093 1948 1121 2002 δ
1141 1947 1236 2002 καὶ
1274 1946 1542 2018 Ἱερεμίας
1571 1944 1914 2016 κατηγορῶν,
1943 1943 2094 2013 ἔλεγε
2115 1959 2130 1974 ·

455 2051 570 2103 Δύο
598 2048 831 2117 πονηρὰ
855 2047 1145 2114 ἐποίησεν
1164 2047 1196 2098 ό
1215 2043 1362 2109 λαὸς
1386 2038 1562 2109 οὗτος
1578 2057 1591 2072 ⁸
1617 2039 1721 2110 ἐμὲ
1739 2037 2132 2110 ἐγκατέλιπον

460 2145 664 2217 πηγὴν
694 2141 906 2210 ζῶντος
947 2142 1186 2207 ὓδατος,
1229 2141 1326 2196 καὶ
1349 2139 1588 2209 ὤρυξαν
1609 2138 1843 2204 ἑαυτοῖς
1867 2136 2133 2203 λάκκους

452 2243 1020 2314 συντετριμμένους.
1072 2238 1204 2294 Εἶτα
1257 2239 1352 2294 καὶ
1386 2241 1612 2310 σημεῖον
1654 2237 1745 2291 τοῦ
1795 2236 1992 2289 εἰδέναι
2041 2233 2132 2286 τὸν

454 2341 606 2407 Θεὸν,
633 2342 726 2394 καὶ
751 2339 824 2411 μὴ
855 2337 1091 2410 χρῆσθαι
1122 2339 1201 2401 εἰς
1231 2337 1348 2390 δέον
1373 2338 1440 2407 τῇ
1463 2335 1684 2404 γνώσει,
1714 2333 1954 2404 παράγει
1978 2331 2134 2386 τοῦτο

455 2437 609 2502 αὑτὸ,
662 2436 722 2488 τὸ
772 2435 928 2497 θεοὺς
989 2433 1320 2502 ἐγνωκέναι·
1375 2431 1564 2501 διόπερ
1624 2431 1906 2500 ἐπήγαγε·
1979 2429 2133 2483 Διότι

452 2529 702 2594 γνόντες
737 2526 844 2580 τὸν
887 2524 1058 2587 Θεὸν,
1093 2527 1204 2592 οὐχ
1236 2524 1317 2588 ὡς
1360 2523 1509 2576 Θεὸν
1542 2522 1865 2586 ἐδόξασαν.
1899 2522 2011 2576 Καὶ
2034 2522 2133 2593 τὴν

457 2617 637 2669 αἰτίαν
668 2616 725 2668 δὲ
764 2615 968 2685 τίθησι,
1007 2615 1077 2668 δι’
1108 2616 1173 2685 ἢν
1203 2614 1282 2678 εἰς
1323 2613 1591 2683 τοσαύτην
1637 2613 1823 2666 ἄνοιαν
1852 2613 2130 2679 ἐξέπεσον.

456 2710 553 2774 Τίς
589 2706 681 2763 οῦν
728 2709 864 2780 α’ύτη
898 2709 1047 2774 ἐστί;
1083 2709 1208 2770 Τοῖς
1247 2707 1526 2778 λογισμοῖς
1571 2706 1630 2761 τὸ
1661 2709 1769 2761 πᾶν
1805 2707 2132 2778 ἐπέτρεψαν.

466 2806 609 2861 Ἀλλ’
654 2805 753 2858 οὑκ
795 2800 949 2857 εἶπεν
985 2803 1187 2869 οὕτως,
1241 2802 1377 2857 ἀλλά
1426 2801 1607 2872 πολλῷ
1658 2802 2130 2874 πληκτικώτερονς

469 2901 954 2971 Ἐματαιώθησαν
981 2901 1112 2970 γὰρ,
1145 2900 1297 2971 φησὶ,
1339 2899 1405 2952 ἐν
1434 2897 1558 2963 τοῖς
1590 2897 2003 2968 διαλογισμοῖς
2031 2901 2136 2952 αὐ-

452 2997 594 3062 τῶν,
650 2996 749 3050 καί
805 2996 1132 3063 ἐσκοτίσθη
1189 2998 1228 3064 ἠ
1285 2994 1580 3059 ἀσύνετος
1643 2991 1842 3047 αὐτῶν
1899 2992 2132 3060 καρδία.

457 3094 666 3163 Ὥσπερ
689 3091 798 3160 γάρ
829 3093 884 3144 ἐν
912 3090 1158 3161 ἀσελήνῳ
1189 3091 1346 3143 νυκτὶ
1373 3089 1426 3142 εί
1451 3108 1534 3153 τις
1565 3088 1723 3159 ξένην
1752 3089 2089 3159 ἐπιχειρήσει
2108 3099 2135 3127 ει

459 3185 694 3254 βαδίζειν
725 3183 864 3247 ὁδὸν,
893 3183 926 3254 ἢ
954 3183 1189 3250 πέλαγος
1219 3181 1390 3245 πλεῖν,
1411 3181 1472 3234 ού
1500 3181 1658 3251 μόνον
1686 3181 1747 3233 ού
1775 3180 1970 3248 φθάσει
2002 3178 2138 3249 πρὸς

456 3282 516 3333 τὸ
547 3279 719 3343 τέλος,
756 3277 891 3330 ἀλλὰ
932 3278 1025 3330 καὶ
1070 3277 1351 3330 ἀπολεῖται
1394 3277 1638 3347 ταχέως·
1666 3274 1809 3328 ούτω
1847 3275 1941 3327 καὶ
1989 3268 2134 3326 οὗτοι

459 3379 557 3447 τὴν
593 3375 727 3446 πρὸς
772 3373 862 3428 τὸν
909 3373 1138 3444 οὐρανὸν
1177 3372 1448 3442 φέρουσαν
1498 3371 1614 3423 ὁδὸν
1649 3369 1886 3440 βαδίζειν
1926 3369 2132 3438 ἐπιχει-

466 3471 683 3543 ροῦντες
723 3470 816 3522 καὶ
855 3468 917 3521 τὸ
961 3467 1076 3536 φῶς
1121 3467 1213 3536 ἀφ’
1261 3466 1470 3518 ἑαυτῶν
1511 3465 1827 3533 ἀφελόντες,
1859 3458 1980 3516 εἷτα
2021 3463 2134 3516 ἀντ’

454 3569 666 3621 ἐκείνου
708 3568 784 3639 τῷ
822 3567 995 3637 σκότῳ
1029 3565 1137 3618 τῶ)
1176 3562 1454 3633 λογισμῶν
1479 3561 1702 3623 ἑαυτοὺς
1724 3558 2133 3628 ἐπιτρέψαντες,

456 3665 550 3716 καὶ
575 3664 634 3716 ἐν
671 3662 888 3733 σώμασι
917 3661 1005 3714 τὸν
1028 3658 1343 3730 ἀσώματον,
1371 3659 1463 3710 καὶ
1491 3657 1548 3708 ἐν
1578 3655 1821 3725 σχήμασι
1853 3653 1944 3705 τὸν
1968 3653 2138 3721 ἀσχη-

462 3761 720 3831 μάτιστον
763 3757 1164 3828 ἐπιζητοῦντες,
1188 3753 1446 3822 ναυάγιον
1481 3751 1794 3819 ὑπέστησαν
1824 3747 2138 3818 χαλεπώτα-

458 3873 571 3909 τον.
601 3855 754 3908 Μετὰ
792 3855 846 3908 δὲ
889 3853 996 3906 τῶν
1021 3850 1328 3922 εἰρημένων
1357 3849 1452 3902 καὶ
1479 3847 1675 3916 ἑτέραν
1713 3844 1927 3915 τίθησιν
1959 3840 2136 3896 αἰτίαν

458 3952 558 4020 τῆς
599 3949 808 4020 πλάνης
845 3947 1044 4012 αὑτῶν,
1090 3946 1294 4014 λέγων·
1339 3943 1686 4008 Φὰσκοντες
1735 3938 1888 3994 εῖναι
1933 3937 2132 4006 σοφοί,

459 4046 911 4116 ἐμωράνθησαν.
943 4045 1100 4113 Μέγα
1131 4044 1240 4114 γάρ
1261 4059 1314 4095 τι
1335 4041 1463 4112 περὶ
1483 4039 1694 4093 ἑαυτῶν
1720 4035 2135 4106 φαντασθέντες,

457 4146 551 4199 καὶ
571 4145 672 4197 οὑκ
705 4142 1067 4214 ἀνασχόμενοι
1090 4138 1291 4208 ταύτην
1318 4137 1511 4199 ἐλθεῖν,
1547 4134 1614 4205 ἢν
1639 4135 1666 4185 6
1697 4132 1829 4194 Θεὸς
1852 4130 2136 4183 ἐκέλευσεν

459 4244 664 4305 αὑτοῖς,
700 4236 1109 4306 ἐϐαπτίσθησαν
1150 4235 1261 4295 τοῖς
1296 4233 1396 4301 τῆς
1439 4227 1624 4290 ἀνοίας
1661 4225 1963 4294 λογισμοῖς.
2004 4219 2138 4275 Εἶτα

464 4333 678 4394 δεικνὺς
710 4331 802 4383 καὶ
828 4329 1161 4398 ὑπογράφων
1183 4324 1242 4377 τὸ
1277 4321 1585 4386 κλυδώνιον,
1623 4320 1740 4382 πῶς
1778 4318 2008 4388 χαλεπὸν
2045 4318 2140 4369 καὶ

465 4425 796 4496 συγγνώμης
825 4423 1044 4491 ἁπάσης
1070 4426 1265 4489 ὲστερη
1275 4419 1452 4488 μένον,
1479 4417 1750 4487 ἐπήγαγε,
1791 4415 1962 4481 λέγων
1984 4429 1996 4442 ·
2026 4413 2136 4466 Καὶ

465 4520 748 4590 ἤλλαξαν
776 4517 890 4583 τὴν
932 4515 1120 4578 δόξαν
1151 4513 1256 4566 τοῦ
1279 4511 1585 4579 ἀφθάρτου
1633 4509 1783 4562 Θεοῦ
1819 4509 1888 4560 ἐν
1925 4506 2136 4577 όγιιοιώ⁸

463 4631 605 4685 ματι
655 4612 888 4676 εἰκόνος
941 4607 1204 4678 φθαρτοῦ
1233 4605 1570 4675 ἀνθρώπου,
1607 4605 1705 4658 καί
1725 4602 2011 4657 πετεινῶν
2038 4601 2137 4656 καί

465 4704 844 4775 τετραπόδων
868 4702 967 4756 καί
989 4701 1276 4770 ἑρπετῶν.

532 4809 602 4871 γ’.
619 4801 840 4874 Πρῶτον
860 4798 1130 4869 ἔγκλημα,
1154 4798 1234 4851 ὅτι
1264 4795 1395 4850 Θεὸν
1425 4795 1521 4866 οὑχ
1554 4788 1730 4867 εῦρον·
1755 4794 2027 4865 δεύτερον,
2053 4795 2134 4848 ὅτι

463 4901 556 4955 καὶ
591 4898 844 4969 ἀφορμὰς
872 4897 1086 4967 ἔχοντες
1119 4894 1364 4963 μεγάλας
1410 4894 1504 4946 καὶ
1556 4896 1776 4962 σαφεῖς·
1822 4894 2024 4964 τρίτον,
2049 4893 2134 4945 ὅτι

465 4997 615 5063 σοφοὶ
649 4995 899 5063 λέγοντες
926 4989 1093 5046 εἶναι·
1131 4992 1408 5063 τέταρτον,
1440 4991 1522 5043 ὅτι
1545 4990 1606 5044 ού
1638 4990 1795 5060 μόνον
1824 4990 1922 5059 οὑχ
1953 4983 2133 5059 εὖρον,

467 5093 600 5145 ἀλλά
629 5093 724 5146 καὶ
751 5093 830 5156 εἰς
857 5092 1113 5161 δαίμονας
1141 5093 1450 5160 κατήγαγον
1470 5089 1564 5142 καὶ
1591 5087 1772 5150 λίθους
1799 5087 1892 5140 καὶ
1915 5085 2048 5153 ξύλα
2075 5085 2135 5139 τὸ

467 5191 630 5253 σέϐας
664 5193 855 5244 ἐκεῖνο.
891 5189 1155 5259 Καθαιρεῖ
1184 5189 1282 5258 μὲν
1315 5183 1406 5241 οὖν
1440 5187 1619 5240 αὐτῶν
1666 5186 1761 5238 καὶ
1793 5186 1850 5238 ἐν
1880 5187 1944 5256 τῇ
1998 5184 2135 5255 πρὸς

466 5285 780 5354 Κορινθίους
815 5287 1100 5356 Ἐπιστολῇ
1127 5286 1217 5339 τὸν
1255 5285 1443 5355 τῦφον,
1497 5285 1612 5338 ἀλλ’
1639 5284 1737 5352 οὐχ
1790 5282 1990 5352 ὁμοίως
2020 5283 2136 5334 ἐκεῖ

468 5383 560 5436 καὶ
578 5381 986 5453 ένταῦθα.[4ῐ31]
1005 5384 1151 5434 Ἐκεῖ
1181 5383 1280 5451 μὲν
1296 5382 1405 5453 γάρ
1428 5382 1534 5434 ἀπὸ
1557 5379 1653 5433 τοῦ
1669 5378 1902 5451 σταυροῦ
1921 5378 2135 5431 δίδωσιν

469 5479 650 5541 αὐτοῖς
682 5476 914 5547 πληγὴν,
965 5478 1158 5545 λέγων,
1188 5479 1268 5530 δτι
1304 5477 1374 5532 Τὸ
1395 5478 1596 5546 μωρὸν
1627 5476 1733 5530 τοῦ
1763 5475 1911 5528 Θεοῦ
1939 5473 2136 5543 σοφώ-

469 5590 643 5643 τερον
681 5571 798 5626 τῶν
831 5574 1156 5642 ἀνθρώπων
1194 5573 1396 5626 ἐστίν·
1451 5572 1684 5626 ἐνταῦθα
1738 5572 1793 5624 δὲ
1829 5570 1923 5624 καὶ
1967 5570 2138 5640 χωρὶς

473 5672 809 5745 συγκρίσεως
869 5672 1037 5742 αὑτὴν
1088 5671 1211 5725 καθ’
1258 5672 1456 5742 ἑαυτὴν
1509 5671 1762 5742 κωμῳδεῖ
1795 5671 1892 5742 τὴν
1947 5670 2137 5738 σοφίαν

471 5773 671 5835 αὑτῶν,
695 5769 908 5833 δεικνὺς
956 5768 1165 5840 μωρίαν
1195 5765 1382 5832 οὖσαν,
1416 5770 1507 5822 καὶ
1540 5769 1855 5832 ἀλαζονείας
1881 5767 2138 5832 ἐπίδειξιν

477 5870 650 5937 μενον.
677 5865 812 5923 Εἶτα
841 5869 928 5924 ἵνα
964 5868 1160 5940 μάθῃς,
1185 5869 1265 5922 ὃτι
1288 5866 1498 5937 ἔχοντες
1546 5865 1641 5936 τὴν
1674 5866 1799 5935 περὶ
1837 5862 1972 5917 Θεοῦ
1996 5863 2136 5932 γνῶ-

540 6013 559 6040 ⁸
583 6020 686 6068 Duo
709 6036 842 6080 ηιςς..
879 6025 1151 6084 ἐπιχειροίη.

1231 390 1287 448 S.
1329 388 1614 447 JOANNIS
1654 384 2148 445 CIIRYSOSTOMI
2187 387 2514 445 ARCIIIEP.
2556 390 3109 450 CONSTANTINOP.
3754 399 3839 462 ιιι

2179 566 2184 571 ε
2238 522 2342 568 σιν,
2390 506 2562 570 οὑτως
2605 507 2773 577 αὐτὴν
2803 508 3145 579 προὺδωκαν,
3178 509 3493 578 Ἦνιίαξαν,
3531 513 3698 570 εἶπεν·
3727 520 3753 572 δ
3790 520 3838 574 δι

2234 591 2538 660 ἀλλάσσων,
2566 595 2639 657 ὡς
2673 594 2799 649 ἄλλο
2817 595 2952 665 ἔχων
2979 596 3252 650 ἀλλάσσει.
3280 598 3499 652 Ἥθελον
3514 603 3612 674 γάρ
3633 621 3680 657 τι
3708 609 3841 661 πλέον

2233 683 2433 754 εὑρεῖν,
2461 687 2552 737 καὶ
2599 687 2700 738 οὐκ
2746 687 3036 757 ἠνέσχοντο
3088 689 3196 741 τῶν
3225 690 3478 744 δοθέντων
3499 693 3629 762 ὅρων
3647 713 3660 727 ·
3683 697 3752 750 διὸ
3768 701 3838 752 καὶ

2231 773 2434 828 τούτων
2470 775 2754 840 ἐξέπεσον·
2806 779 3158 849 καινοτομίας
3189 783 3298 852 γάρ
3337 776 3471 852 ἦσαν
3534 785 3838 858 ἐπιθυμηταί.

2231 865 2338 916 Καὶ
2358 865 2466 936 γάρ
2489 868 2709 921 τοιαῦτα
2731 869 2908 923 πάντα
2922 869 3310 942 τάἘλληνικά.
3342 873 3438 925 Διά
3464 873 3611 926 τοῦτο
3639 878 3721 929 καὶ
3740 881 3840 931 κατ’

2230 955 2475 1026 ἀλλήλων
2498 957 2751 1028 ἔστησαν,
2785 961 2879 1013 καὶ
2908 961 3285 1034 Ἀριστοτέλης
3320 964 3412 1033 μὲν
3444 965 3690 1036 ἐπανέστη
3726 967 3839 1022 Πλά·

2229 1061 2380 1110 τωνι,
2403 1047 2451 1098 οί
2493 1048 2719 1100 Στωῑκοὶ
2743 1048 2799 1100 δὲ
2820 1049 2957 1120 πρὸς
2977 1051 3165 1103 τοῦτον
3193 1051 3526 1121 έφρυάξαντο
3546 1053 3591 1116 ιι,
3619 1056 3699 1107 καὶ
3716 1053 3839 1119 ἄλλος

2230 1137 2374 1209 ἄλλῳ
2392 1138 2650 1209 πολέμιος
2676 1141 2917 1209 γέγονεν·
2951 1141 3090 1194 ὥστε
3105 1143 3203 1212 οὑχ
3224 1143 3396 1206 οὕτως
3422 1145 3608 1208 αὐτοὺς
3631 1146 3722 1217 χρὴ
3741 1147 3838 1199 Θαυ-

2236 1228 2428 1298 μάζειν
2457 1229 2543 1282 διά
2572 1232 2672 1303 τὴν
2711 1233 2922 1301 σοφίαν,
2955 1233 3029 1298 ὡς
3082 1235 3519 1307 ἀποστρέφεσθαι
3557 1237 3641 1290 καὶ
3683 1240 3838 1307 μισεῖν,

2231 1323 2312 1375 ὅτι
2367 1323 2433 1375 δι’
2469 1322 2599 1375 αὐτὸ
2631 1323 2788 1377 τοῦτο
2824 1327 2997 1396 μωροὶ
3027 1328 3335 1396 γεγόνασιν.
3393 1329 3454 1381 El
3485 1327 3586 1398 γὰρ
3639 1330 3703 1400 μὴ
3727 1329 3840 1396 λογι-

2235 1416 2390 1483 σμοῖς
2447 1415 2752 1487 ἐπέτρεψαν
2802 1419 2895 1471 καὶ
2943 1420 3320 1491 συλλογισμοῖς
3371 1422 3464 1474 καὶ
3507 1423 3766 1492 σοφίσμασι
3789 1420 3838 1474 τὰ

2233 1507 2353 1558 καθ’
2395 1508 2641 1569 ἑαυτοὺς,
2689 1509 2789 1561 ούκ
2838 1509 2904 1563 ἂν
2953 1511 3174 1574 ἔπαθον,
3210 1514 3347 1584 ὅπερ
3379 1514 3588 1567 ἔπαθον.
3619 1511 3730 1566 Εἶτα
3750 1515 3838 1566 ἑπι-

2231 1597 2423 1650 τείνων
2467 1600 2646 1653 αύτῶν
2689 1600 2787 1671 τὴν
2819 1605 3177 1674 κατηγορίαν,
3211 1605 3464 1674 κωμῳδεῖ
3487 1605 3578 1675 τὴν
3611 1604 3837 1657 εἰδωλολα-

2232 1691 2418 1762 τρείαν
2450 1691 2632 1745 αὑτῶν
2663 1693 2901 1748 ἃπασαν.
2926 1696 3175 1750 Μάλιστα
3206 1697 3304 1767 μὲν
3335 1693 3428 1749 οὖν
3453 1698 3542 1749 καὶ
3566 1697 3622 1748 τὸ
3643 1697 3837 1761 ἀλλάξαι,

2235 1787 2669 1855 καταγέλαστον·
2723 1789 2785 1842 τὸ
2822 1790 2877 1843 δέ
2917 1791 3010 1843 καὶ
3063 1792 3141 1853 εἰς
3165 1792 3394 1845 τοιαῦτα
3432 1792 3662 1856 ἀλλάξαι,
3701 1792 3838 1859 πάσης

2234 1877 2528 1945 ἀπολογίας
2557 1879 2735 1942 ἐκτός.
2779 1880 2872 1940 Εἰς
2909 1880 3029 1933 τίνα
3061 1877 3154 1934 οὖν
3199 1882 3456 1952 ἤλλαξαν,
3491 1884 3579 1935 καὶ
3605 1883 3698 1936 τίσι
3725 1899 3838 1951 περι-

2235 1968 2436 2040 έθηκαν
2470 1969 2567 2041 τὴν
2589 1970 2766 2035 δόξαν,
2808 1972 3020 2025 σκόπει·
3049 1974 3429 2044 Φαντασθῆναι
3466 1975 3565 2028 ἔδει
3597 1974 3710 2043 περὶ
3737 1971 3838 2024 ἐκείο

2236 2077 2350 2122 νου,
2398 2054 2531 2127 οἷον,
2561 2062 2643 2114 ὃτι
2697 2062 2848 2126 Θεὸς,
2875 2063 2956 2116 ὅτι
2995 2064 3214 2118 πάντων
3243 2063 3470 2134 Κύριος,
3500 2066 3575 2118 ὅτι
3608 2064 3694 2117 ούκ
3719 2063 3841 2124 ὄντας

2236 2151 2510 2221 ἐποίησεν,
2569 2154 2649 2207 ὅτι
2703 2158 2938 2226 προνοεῖ,
2979 2156 3060 2208 ὅτι
3114 2157 3372 2226 κήδεται·
3413 2157 3575 2210 ταῦτα
3617 2159 3710 2225 γὰρ
3747 2155 3842 2218 δόξα

2235 2241 2393 2298 Θεοῦ.
2455 2243 2606 2297 Τίσιν
2654 2240 2746 2298 οὖν
2797 2245 2999 2316 ταύτην
3047 2245 3357 2316 ἀνέθηκανς
3409 2248 3520 2300 Ούκ
3575 2245 3842 2316 ἀνθρώποις,

2235 2335 2350 2389 ἀλλ’
2381 2335 2684 2407 ὁμοιώματι
2729 2338 2938 2401 εἰκόνος
2971 2337 3213 2409 φθαρτοῦ
3261 2339 3568 2411 ἀνθρώπου.
3619 2338 3712 2392 Καὶ
3753 2336 3848 2390 οὐδὲ

2237 2427 2469 2481 ἐνταῦθα
2501 2429 2760 2499 ἔστησαν,
2800 2430 2936 2485 ἀλλά
2963 2430 3059 2484 καὶ
3083 2431 3162 2494 εἰς
3196 2430 3447 2485 κνώδαλα
3477 2428 3850 2500 κατηνέχθησαν,

2239 2520 2440 2590 μᾶλλον
2468 2520 2525 2574 δὲ
2558 2524 2651 2575 καὶ
2681 2524 2760 2583 είς
2787 2521 2884 2586 τὰς
2908 2521 3113 2574 τούτων
3138 2521 3377 2586 εἰκόνας.
3409 2523 3478 2576 Σὺ
3507 2522 3557 2574 δέ
3583 2538 3663 2590 μοι
3696 2520 3852 2572 σκόπει

2235 2611 2334 2684 τὴν
2367 2612 2558 2682 σοφίαν
2581 2611 2674 2665 τοῦ
2705 2611 2940 2676 Παύλου,
2981 2613 3098 2677 πῶς
3121 2613 3191 2667 τὰ
3219 2613 3315 2667 δύο
3346 2615 3490 2685 ἄκρα
3512 2614 3719 2674 τέθεικε,
3747 2608 3850 2661 Θεὸν

2235 2703 2329 2756 τὸν
2358 2704 2641 2770 ἀνωτάτω,
2675 2705 2769 2758 καί
2793 2704 2861 2758 τὰ
2892 2704 3095 2775 ἑρπετά
3125 2706 3193 2758 τὰ
3226 2707 3526 2760 κατωτάτω
3547 2718 3560 2733 ’
3616 2699 3849 2773 μᾶλλονδὲ

2237 2795 2356 2849 οὑδὲ
2405 2796 2473 2849 τά
2508 2796 2732 2868 ἑρπετὰ,
2768 2796 2904 2850 ἀλλὰ
2935 2796 3139 2850 τούτων
3196 2797 3536 2867 ὁμοιώματα,
3581 2795 3658 2848 ἵνα
3704 2790 3850 2859 σαφῶς

2237 2887 2385 2960 δείξῃ
2417 2889 2514 2959 τὴν
2533 2888 2794 2960 λαμπράν
2830 2889 3008 2943 αὐτῶν
3038 2890 3254 2960 μανίαν.
3315 2890 3428 2961 Τὴν
3448 2888 3551 2959 γάρ
3585 2887 3774 2954 γνῶσιν,
3799 2883 3849 2952 ἢν

2239 2979 2344 3032 ἔδει
2402 2981 2530 3050 περὶ
2567 2979 2660 3033 τοῦ
2695 2981 2910 3034 πάντων
2956 2981 3303 3053 ἀσυγκρίτως
3358 2981 3692 3052 ὑπερέχοντος
3718 2976 3848 3047 ἔχειν,

2236 3071 2442 3141 ταύτην
2499 3071 2577 3141 τῷ
2610 3073 2825 3130 πάντων
2858 3073 3202 3144 ἀσυγκρίτως
3235 3072 3592 3142 εύτελεστέρῳ
3643 3067 3850 3138 mmor,-

2239 3179 2363 3214 καν.
2399 3161 2508 3214 Καὶ
2537 3161 2588 3213 τί
2616 3161 2788 3216 ταῦτα
2818 3164 2953 3234 πρὸς
2996 3165 3119 3226 τοὺς
3169 3163 3514 3232 φιλοσόφους,
3541 3162 3690 3232 φησί;
3741 3158 3851 3227 Πρὶς

2240 3254 2436 3317 αὐτοὺς
2474 3252 2574 3324 μὲν
2602 3248 2696 3306 οὖν
2735 3253 2968 3324 μάλιστα
2996 3254 3171 3306 πάντα
3206 3254 3276 3307 τὰ
3323 3253 3597 3326 εἰρημένα.
3631 3251 3725 3304 Καὶ
3766 3250 3851 3317 γὰρ

2239 3337 2384 3397 οὗτοι
2424 3345 2549 3407 τοὺς
2580 3342 2750 3397 ταῦτα
2801 3344 3129 3415 ἐφευρόντας
3177 3345 3509 3414 Αἰγυπτίους
3555 3340 3854 3400 διδασκάλους

2240 3435 2424 3506 έχουσι
2444 3451 2458 3465 ·
2491 3435 2585 3487 καὶ
2612 3435 2836 3488 Πλάτων
2863 3437 2890 3487 6
2915 3434 3084 3487 δοκῶν
3114 3430 3250 3488 εἶναι
3287 3435 3400 3488 τῶν
3447 3434 3608 3489 ἄλλων
3644 3432 3854 3499 σεμνότε-

2242 3541 2354 3594 ρος,
2411 3522 2880 3590 ὲγκαλλωπίζεται
2919 3521 3149 3586 τούτοις,
3195 3523 3290 3576 καὶ
3320 3523 3350 3573 6
3381 3521 3562 3576 τούτου
3590 3517 3854 3577 διδάσκαλος

2240 3615 2368 3685 περὶ
2405 3614 2472 3667 τὰ
2507 3614 2703 3668 εἴδωλα
2729 3613 2903 3668 ταῦτα
2923 3615 3180 3684 ἐπτόηται
3209 3625 3230 3650 ε
3257 3630 3268 3642 ·
3300 3614 3395 3667 τὸν
3428 3611 3551 3681 γοῦν
3577 3607 3855 3678 ἀλεκτρυόνα

2240 3709 2268 3761 6
2297 3707 2532 3762 κελεύων
2558 3708 2636 3779 τῷ
2659 3706 2972 3778 Ἀσκληπιῷ
3011 3707 3178 3773 θύειν,
3209 3701 3368 3772 οὗτός
3403 3708 3563 3760 ἐστιν.
3599 3702 3745 3758 Ἔνθα
3769 3699 3854 3752 τῶν

2241 3801 2523 3856 κνωδάλων
2556 3801 2760 3854 τούτων
2790 3799 2885 3854 καὶ
2939 3800 3046 3852 τῶν
3096 3799 3349 3871 ἑρπετῶν
3398 3799 3620 3860 εἰκόνας,
3668 3795 3748 3849 καὶ
3784 3792 3855 3844 τὸν

2253 3897 2565 3951 Ἀπόλλωνα
2596 3897 2653 3950 δὲ
2677 3897 2770 3950 καὶ
2802 3897 2893 3950 τὸν
2918 3895 3169 3950 Διόνυσον
3214 3897 3359 3966 μετά
3386 3896 3583 3950 τούτων
3611 3893 3859 3962 θεραπευο-

2246 3987 2439 4058 μένους
2471 3985 2578 4040 τῶν
2609 3986 2852 4058 ἑρπετῶν
2889 3989 2987 4042 ίδοι
3021 4005 3106 4051 τις
3144 3987 3232 4040 ἄν.
3285 3987 3446 4051 Τινὲς
3478 3987 3532 4039 δὲ
3560 3985 3658 4038 τῶν
3685 3977 3859 4051 φιλοσό-

2243 4097 2358 4149 φων
2376 4080 2469 4134 καὶ
2493 4081 2573 4143 εἰς
2601 4080 2690 4132 τὸν
2707 4081 2934 4150 οὐρανὸν
2958 4083 3230 4154 ἀνήγαγον
3249 4081 3486 4151 ταύρους
3507 4079 3594 4132 καὶ
3611 4072 3857 4145 σκορπίοκ

2241 4170 2335 4223 καὶ
2373 4169 2671 4239 δράκοντας
2697 4171 2792 4223 καὶ
2827 4172 2919 4224 τὸν
2964 4173 3120 4227 ἄλλον
3155 4173 3376 4226 ἅπαντα
3414 4171 3592 4240 λῆρον·
3625 4160 3857 4232 πανταχοῦ

2239 4259 2347 4332 γάρ
2384 4262 2412 4312 6
2459 4259 2699 4323 διάϐολος
2749 4262 3078 4315 ἐσπούδασεν
3099 4263 3177 4326 είς
3204 4261 3272 4315 τά
3299 4263 3409 4315 τῶν
3439 4256 3668 4332 ἑρπετῶν
3693 4248 3858 4326 ὁμοιώ·

2244 4369 2388 4422 ματα
2435 4351 2560 4414 τοὺς
2597 4352 2914 4422 ἀνθρώπους
2964 4357 3316 4421 καταγαγεῖν,
3373 4355 3466 4408 καὶ
3499 4349 3736 4413 ὑποτάξαι
3769 4346 3860 4404 τοῖς

2242 4444 2457 4498 πάντων
2485 4444 2846 4515 ἀλογωτέροις
2897 4446 3114 4510 αὐτοὺς,
3158 4446 3250 4510 οὓς
3280 4449 3309 4501 6
3342 4446 3472 4508 Θεὸς
3510 4443 3639 4511 ὑπὲρ
3675 4440 3754 4493 τὸν
3783 4434 3857 4487 οὐ·

2245 4533 2402 4606 ρανὸν
2424 4535 2716 4603 ἀναγαγεῖν
2738 4535 3021 4608 ἠθέλησεν.
3056 4538 3169 4590 υύκ
3199 4537 3449 4590 ἐντεῦθεν
3475 4537 3528 4589 δὲ
3564 4533 3725 4604 μόνον,
3749 4525 3858 4580 ἀλλὰ

2243 4626 2333 4679 καὶ
2364 4625 2628 4696 ἑτέρωθεν
2657 4626 2776 4695 δίει
2803 4627 2894 4680 τὸν
2931 4630 3225 4698 κορυφαῖον
3257 4628 3438 4681 αὐτῶν
3465 4623 3741 4679 ὑπεύθυνον
3768 4618 3858 4676 τοῖς

2239 4716 2553 4786 λεγομένοις
2568 4716 2889 4772 δντα.”οταν
2913 4718 3021 4790 γάρ
3038 4721 3162 4782 τοὺς
3181 4719 3409 4790 ποιητάς
3428 4717 3643 4786 συνάγῃ.
3660 4712 3741 4766 καὶ
3751 4709 3856 4773 λέγῃ

2239 4805 2438 4875 χρῆναι
2471 4807 2746 4861 πιστεύειν
2780 4810 2963 4874 αὑτοῖς
2989 4811 3137 4882 [έῖἱκ]
3169 4813 3225 4864 ἐν
3252 4815 3364 4874 τοῖς
3397 4828 3460 4862 πε
3472 4812 3522 4880 ρὶ
3546 4807 3666 4859 Θεὸν
3691 4803 3854 4869 λόγοις,

2239 4901 2314 4964 ὡς
2348 4903 2590 4972 ἀκριϐῶς
2644 4905 2862 4968 εἰδόσιν,
2891 4907 3044 4959 οὐδὲν
3078 4907 3264 4977 ἕτερον
3320 4907 3352 4977 ἢ
3403 4907 3494 4959 τὸν
3528 4901 3745 4975 ὁρμαθὸν
3769 4893 3857 4945 τῶν

2239 4991 2420 5063 λήρων
2446 4994 2649 5048 τούτων
2679 4998 2911 5065 εἰσάγει,
2944 4998 3037 5050 καὶ
3059 4999 3149 5051 τὸν
3178 4999 3343 5052 πολὺν
3376 4998 3580 5066 γέλωτα
3601 4991 3764 5046 τοῦτον
3791 4984 3856 5036 ὅτι

2239 5085 2412 5156 ἀληθῆ
2441 5087 2544 5159 χρὴ
2572 5088 2817 5160 νομίζειν
2851 5086 2990 5144 εἷναί
3034 5107 3185 5161 φησι.
3227 5091 3321 5143 Διὸ
3375 5089 3474 5143 καί
3509 5075 3858 5153 παρέδωκενδ

2243 5173 2385 5240 Θεὸς
2411 5175 2628 5242 αὐτοὺς
2665 5177 2734 5230 ἐν
2754 5177 2884 5243 ταῖς
2921 5179 3260 5246 ἐπιθυμίαις
3287 5175 3404 5230 τῶν
3429 5171 3674 5242 καρδιῶν
3694 5162 3859 5220 αὐτῶν

2239 5267 2325 5330 εἰς
2363 5265 2758 5334 ἀκαθαρσίαν,
2803 5268 2910 5322 τοῦ
2937 5267 3312 5336 ἀτιμάζεσθαι
3339 5266 3412 5320 τὰ
3441 5265 3670 5334 σώματα
3695 5251 3859 5310 αὐτῶν

2239 5356 2308 5408 ἐν
2338 5355 2592 5423 ἑαυτοῖς.
2634 5358 2914 5412 Δείκνυσιν
2947 5358 3217 5421 ἐντεῦθεν,
3249 5363 3327 5414 ὅτι
3350 5358 3443 5410 καὶ
3475 5357 3569 5424 τῆς
3594 5352 3691 5404 ⁸τῶν
3717 5349 3859 5415 νόμων

2240 5443 2572 5514 διαστροφῆς
2602 5447 2634 5516 ἡ
2669 5446 2890 5499 ἀσέϐεια
2918 5447 3141 5514 γέγονεν
3185 5447 3351 5501 αἰτία.
3405 5445 3478 5496 Τὸ
3528 5443 3602 5504 δὲ,
3630 5433 3861 5504 Παρέδω·

2241 5551 2369 5599 κεν,
2397 5536 2629 5590 ἐνταῦθα
2659 5539 2856 5591 Εἵασεν
2897 5538 3062 5592 ἐστίν.
3096 5539 3304 5610 Ὥσπερ
3331 5536 3440 5606 γὰρ
3482 5536 3510 5586 ὁ
3543 5525 3859 5602 στρατοπέδου

2243 5625 2651 5696 προηγούμενος
2694 5628 2760 5681 ἂν
2785 5629 2878 5681 τοῦ
2927 5629 3162 5699 πολέμου
3199 5630 3530 5700 βαρήσαντος
3548 5618 3860 5690 ἀναχωρήσας

2203 5715 2484 5781 ,ἀπέλθοῃ
2528 5719 2859 5788 παραδίδωσι
2908 5723 3020 5782 τοῖς
3064 5720 3335 5789 πολεμίοις
3381 5717 3505 5778 τοὺς
3546 5707 3855 5783 στρατιώτας.

2241 5805 2361 5875 οὑχί
2413 5806 2576 5869 αὑτὸς
2617 5807 2794 5870 ώθῶν,
2832 5808 2970 5861 ἀλλά
2996 5810 3222 5880 γυμνῶν
3254 5809 3351 5879 τῆς
3400 5803 3588 5860 ἑαυτοῦ
3616 5796 3856 5872 βοηθείας⁶

2313 6027 2339 6068 ιι
2368 6018 2475 6068 Duo
2500 6031 2635 6078 mss.,
2663 6019 2935 6081 ἐφράξαντο,
2960 6023 3105 6070 msh.
3176 6023 3195 6050 "-
3222 6022 3323 6070 Duo
3351 6028 3486 6073 mss.,
3509 6010 3716 6067 ἐπτόητο.
