4048 6216
363 264 469 326 413

371 375 458 432 die
481 370 713 444 gentiles
740 365 764 422 2
801 361 1166 437 ignoravimus
1189 358 1278 414 te?
1310 355 1457 413 ltane
1491 358 1680 410 cmlum
1710 367 1814 409 non
1846 366 1943 405 au-

367 465 518 521 distis
542 477 607 516 ex
635 459 752 515 solo
780 464 1002 525 aSpectu
1050 466 1238 507 vocem
1269 451 1522 505 cmittens
1547 449 1570 502 'i
1619 461 1799 502 rerum
1833 459 1948 497 om-

374 556 522 612 nium
552 548 888 605 harmoniam
921 554 973 599 et
1019 551 1335 598 concentum
1361 582 1376 607 ,
1404 538 1599 593 clarius
1624 552 1781 608 quam
1828 534 1951 588 tuba

370 651 693 705 clamantem
724 641 747 694 ’ἔ
779 638 950 693 noctis
976 645 1030 691 ct
1059 635 1164 690 diei
1197 635 1361 703 leges,
1395 633 1641 685 immotas
1695 634 1951 698 perpetuo

371 743 654 793 manentes
683 731 707 782 'l
737 728 927 783 hiemis
967 735 1020 780 et
1048 725 1191 779 veris
1217 733 1268 779 et
1296 722 1521 776 aliarum
1575 724 1950 789 tempestatum

375 825 621 882 ordinem
673 820 882 874 lirtnum
905 824 960 871 et
989 812 1308 869 immotum?
1339 811 1502 866 maris
1530 806 1867 864 commodum
1899 804 1951 858 in

380 927 456 972 tot
499 912 749 985 procellis
772 919 825 965 et
858 907 1142 963 ﬂuctibus?
1165 905 1342 960 omnia
1361 906 1413 958 in
1439 903 1623 958 ordine
1652 899 1917 956 manentia
1934 939 1950 965 ,

374 1024 435 1063 ac
476 1022 570 1077 per
608 1000 1052 1075 pulchritudinem
1102 1006 1156 1052 et
1200 994 1611 1065 magnitudinem
1645 992 1953 1046 Creatorem

375 1096 719 1172 praedicanda
747 1093 770 1145 ?
803 1091 927 1145 llzec
950 1090 1144 1159 quippe
1162 1087 1338 1141 omnia
1362 1127 1375 1149 ,
1412 1095 1465 1139 ct
1493 1086 1651 1139 etiam
1696 1081 1778 1136 his
1800 1081 1950 1149 plura

375 1182 695 1256 compendio
722 1182 914 1236 Paulus
962 1178 1132 1233 dixit:
1187 1175 1471 1230 lnvisibilia
1515 1174 1647 1228 enim
1688 1172 1849 1243 ipsius
1876 1212 1890 1235 ,
1926 1185 1958 1223 a

375 1288 608 1333 creatura
629 1272 820 1336 ntundi,
854 1287 941 1340 per
960 1287 1018 1323 ca
1044 1284 1156 1337 qua:
1180 1272 1319 1338 facta
1366 1276 1482 1320 sunt
1526 1264 1803 1325 intellecta,
1832 1278 1958 1315 con-

378 1368 657 1438 spiriuntur
676 1380 693 1419 :
709 1364 1010 1433 sempiterna
1031 1376 1224 1429 quoque
1250 1360 1359 1430 ejus
1382 1358 1601 1427 potentia
1629 1366 1675 1410 et
1701 1356 1956 1421 divinitas,

381 1462 453 1515 ita
472 1469 525 1512 ut
551 1458 648 1511 sint
678 1452 1059 1509 inexcusabiles.
1092 1451 1203 1505 Etsi
1228 1466 1332 1504 non
1364 1450 1417 1503 itt
1441 1464 1560 1503 eum
1591 1446 1748 1501 linem
1776 1445 1961 1501 fecerit

381 1553 466 1608 illa
498 1554 658 1613 Deus,
686 1547 925 1618 quamvis
955 1546 1023 1597 ita
1054 1542 1333 1597 acciderit.
1364 1541 1547 1610 Neque
1578 1540 1722 1594 enim
1753 1547 1810 1592 ut
1839 1537 1960 1590 illos

381 1639 725 1696 excusatione
751 1636 1004 1706 privaret,
1030 1633 1333 1687 doctrinam
1366 1641 1569 1685 tantum
1626 1631 1675 1683 in
1720 1627 1955 1683 medium

382 1731 621 1803 protulit,
647 1727 739 1783 sed
768 1737 821 1781 ut
847 1727 1017 1795 ipsum
1050 1732 1435 1793 cognoscerent
1470 1740 1483 1775 :
1534 1721 1727 1791 ingrati
1778 1729 1960 1773 autem

387 1840 502 1880 cum
531 1831 729 1886 essent,
761 1836 819 1874 se
847 1820 943 1889 ipsi
966 1818 1275 1872 defensione
1319 1815 1612 1885 privarunt.
1642 1812 1841 1867 Deinde
1871 1827 1961 1867 os-

389 1914 608 1971 tendens
638 1911 905 1982 quomodo
924 1907 1234 1963 defensione
1261 1913 1497 1971 careant,
1541 1905 1648 1960 ait:
1695 1904 1784 1958 2|.
1831 1902 1965 1969 Quia

387 2023 499 2058 cum
530 2002 873 2073 cognovissent
905 1999 1088 2063 Deum,
1120 2012 1219 2051 non
1248 2005 1301 2049 ut
1331 1995 1493 2049 Deum
1518 1995 1958 2066 gloriﬁcaverunt,

386 2095 680 2165 autgratias
702 2100 925 2161 egerunt.
961 2088 1130 2142 Unum
1171 2087 1270 2140 hoc
1297 2085 1499 2139 crimen
1528 2085 1815 2138 maximum
1845 2090 1962 2147 est;

388 2187 616 2239 alterum
638 2182 779 2252 quod
810 2179 944 2234 idola
978 2177 1354 2231 adoraverint:
1388 2191 1490 2245 qua
1516 2174 1583 2229 de
1620 2189 1679 2228 re
1704 2186 1966 2227 accusans

391 2276 514 2331 illos
543 2272 821 2333 Jcremias,
852 2268 1062 2324 dicebat
1093 2285 1105 2319 :
1146 2265 1261 2318 Duo
1294 2265 1427 2317 mala
1453 2264 1570 2333 fecit
1599 2262 1817 2333 populus
1846 2264 1925 2314 hic
1949 2278 1967 2315 :

394 2383 474 2421 me
524 2364 894 2431 dereliquerunt
945 2360 1134 2428 fontem
1173 2372 1317 2428 aqua:
1363 2356 1503 2421 virts,
1532 2366 1577 2408 et
1598 2353 1830 2424 {oderunt
1876 2351 1969 2405 sibi

392 2462 633 2514 cisternas
650 2456 924 2524 dissipatas
951 2450 1083 2521 (Jcr.
1108 2450 1162 2503 9.
1195 2449 1303 2519 15).
1335 2448 1537 2503 Deinde
1559 2446 1767 2515 signum
1792 2444 1963 2509 allerl,

393 2550 533 2623 quod
554 2551 715 2604 Deum
740 2552 1083 2616 cognoscant,
1100 2556 1201 2595 nec
1215 2541 1515 2611 cognitione
1532 2556 1629 2597 sua
1640 2551 1699 2597 ut
1714 2552 1810 2609 par
1830 2543 1972 2590 esset

396 2651 611 2697 utantur
634 2680 649 2703 ,
683 2638 821 2709 quod
852 2636 1057 2690 scilicet
1107 2634 1235 2687 deos
1261 2629 1608 2699 cognoverint
1636 2646 1647 2681 :
1698 2642 1863 2694 quare
1893 2626 1975 2680 in-

399 2733 515 2785 tu‘.it
546 2749 559 2783 :
593 2730 722 2796 Quia
740 2744 851 2781 cum
876 2723 1215 2795 cognovissent
1246 2720 1428 2785 Deum,
1462 2736 1561 2772 non
1586 2728 1638 2771 ut
1670 2716 1831 2770 Deum
1857 2717 1966 2786 glo-

397 2825 732 2891 ri/imvernnt.
813 2816 1144 2882 Causamque
1231 2811 1451 2883 apponit
1502 2826 1596 2864 cur
1658 2810 1709 2863 in
1776 2817 1972 2862 tantam

400 2912 689 2967 amentiam
718 2906 919 2977 delapsi
949 2905 1075 2957 sint.
1104 2903 1358 2970 Quaenam
1383 2901 1471 2955 illa
1500 2900 1620 2954 est?
1663 2898 1976 2953 Ratiociniis

401 3006 511 3059 suis
528 3001 705 3055 omnia
733 2997 1136 3054 commiserunt.
1168 2994 1237 3047 At
1259 3007 1363 3046 non
1389 2992 1457 3044 ita
1482 2991 1633 3056 dicit,
1683 2988 1777 3043 sed
1818 2989 1975 3055 longe

402 3089 787 3149 Vchetnentiori
817 3088 1006 3142 modo:
1038 3086 1365 3139 Evanuerunt
1390 3083 1543 3147 enim,
1574 3082 1764 3150 inquit,
1815 3081 1865 3133 in
1888 3096 1976 3133 co-

404 3181 726 3257 gitationibus
750 3179 874 3243 suis,
906 3186 952 3230 et
981 3177 1301 3230 obscuratum
1314 3181 1386 3227 est
1407 3172 1647 3241 insipiens
1674 3186 1761 3223 cor
1786 3186 1976 3223 eorum.

405 3275 715 3333 Sicutcnim
744 3272 797 3326 in
828 3279 982 3325 nocte
1030 3268 1200 3333 illuni,
1241 3267 1285 3320 si
1334 3264 1451 3335 quis
1491 3262 1831 3334 peregrinum
1881 3262 1981 3316 iter

408 3382 633 3438 carpere
658 3372 917 3426 conetur,
967 3360 1052 3415 vel
1093 3360 1145 3414 in
1188 3357 1323 3412 mari
1374 3357 1645 3426 navigare,
1678 3371 1785 3409 non
1826 3353 1982 3409 modo

409 3477 512 3517 non
534 3454 859 3533 pervenitad
888 3453 1067 3519 linem,
1098 3451 1191 3507 sed
1216 3451 1322 3505 cito
1349 3450 1486 3520 perit
1510 3465 1523 3501 :
1557 3450 1634 3502 sic
1662 3459 1715 3503 et
1739 3448 1821 3501 isti
1846 3447 1982 3500 viam

410 3551 476 3607 ad
505 3549 693 3605 ezelum
723 3547 983 3602 ferentem
1011 3543 1271 3612 aggressi,
1301 3541 1510 3609 sibique
1532 3539 1705 3593 lucem
1737 3538 1983 3593 adimen-

418 3655 522 3709 tes,
553 3650 607 3695 et
660 3639 803 3693 illius
853 3637 973 3691 loco
1028 3634 1427 3689 ratiociniorum
1478 3646 1693 3686 suorum
1754 3630 1987 3685 tenebris

412 3748 535 3788 sese
574 3729 987 3789 conunittentes,
1011 3726 1061 3779 in
1086 3725 1361 3794 corporeis
1408 3724 1782 3792 incorporeum
1802 3763 1817 3788 ,
1848 3722 1899 3775 in
1930 3720 1990 3774 ﬁ-

414 3824 560 3894 guris
590 3824 753 3891 ligura
781 3827 1055 3889 expertem
1077 3828 1399 3886 qmerentes,
1424 3814 1757 3883 naufragium
1787 3814 1991 3883 gravis-

414 3916 607 3971 sinmm
653 3912 913 3966 fecerunt.
970 3909 1099 3963 Cum
1128 3908 1193 3960 iis
1220 3917 1420 3971 autem,
1479 3920 1597 3974 quae
1632 3904 1771 3957 dicta
1813 3911 1976 3967 sunt,

415 4005 575 4059 aliam
605 4002 801 4057 erroris
828 4001 1040 4054 illorum
1064 4014 1277 4053 causam
1309 3996 1457 4066 pmtit
1484 4011 1603 4050 cum
1630 3995 1738 4048 ait:
1770 3995 1861 4047 22.
1891 3994 1985 4046 1Ιὶ-

417 4106 651 4149 crntesse
675 4108 781 4145 esse
801 4092 1070 4160 sapientes,
1100 4088 1237 4143 stulti
1265 4086 1387 4159 facti
1407 4095 1542 4140 sunt.
1586 4086 1828 4156 Magnum
1850 4085 1991 4139 enim

419 4185 688 4257 quidpiam
718 4183 785 4237 de
808 4197 865 4236 se
895 4181 1264 4251 imaginantes,
1320 4194 1417 4234 nec
1443 4179 1769 4233 sustinentes
1813 4176 1951 4231 hanc
1977 4216 1992 4240 ,

419 4294 577 4348 quam
599 4277 831 4346 jusscrat
861 4275 1019 4337 Deus,
1047 4274 1185 4327 viam
1218 4272 1440 4342 ingredi,
1473 4272 1524 4326 in
1573 4271 1817 4326 amentia:
1848 4271 1995 4339 cogi-

421 4368 708 4423 tationibus
757 4365 983 4421 demersi
1020 4375 1160 4419 sunt.
1193 4365 1394 4419 Deinde
1427 4373 1794 4434 tempestatem
1852 4364 1994 4417 illam

423 4458 756 4520 describens,
784 4471 940 4525 quam
984 4456 1160 4525 gravis
1189 4455 1364 4519 fuerit,
1398 4464 1451 4510 et
1479 4455 1624 4509 omni
1666 4454 1816 4509 venia
1864 4454 2000 4508 indi—

420 4564 547 4619 gna,
576 4548 846 4623 subjunxit
875 4564 888 4601 :
917 4546 1007 4601 25.
1042 4544 1107 4598 Et
1128 4556 1440 4599 mutaverunt
1466 4546 1678 4616 gloriam
1698 4547 1999 4615 incorrupti-

421 4639 536 4693 bilis
563 4637 675 4704 Dei,
694 4639 749 4690 in
775 4638 1153 4690 similitudinem
1184 4637 1421 4707 imaginis
1463 4638 1805 4707 corruptibilis
1832 4638 1998 4691 homi-

421 4731 525 4794 uis,
549 4739 596 4783 et
625 4728 886 4782 volucrum
939 4737 985 4781 et
1039 4728 1425 4798 quadrupedum
1472 4737 1515 4781 et
1558 4730 1889 4797 serpentium.

492 4819 545 4874 5.
580 4818 768 4873 Contra
824 4817 1151 4887 pltilosOpIios
1172 4820 1397 4888 gentiles.
1420 4849 1492 4857 —
1512 4819 1687 4873 Prima
1710 4819 1996 4885 accusatio,

420 4909 564 4979 quod
594 4909 759 4963 Deum
791 4924 893 4962 non
925 4909 1263 4974 invenerint;
1311 4912 1567 4975 secunda,
1597 4910 1738 4980 quod
1762 4910 2001 4965 occasio-

424 5015 521 5056 nes
566 5014 786 5070 magnas
834 5008 889 5054 et
925 5000 1245 5067 conspicuas
1294 5000 1598 5067 habentes;
1648 5004 1824 5066 tertia,
1858 5002 2000 5072 quod

421 5106 544 5146 cum
571 5106 631 5147 se
659 5091 928 5161 sapientes
949 5090 1223 5156 dicerent;
1253 5102 1441 5162 quarta
1464 5134 1480 5158 ,
1513 5093 1653 5161 quod
1691 5109 1795 5147 non
1841 5092 2001 5148 modo

425 5198 530 5237 non
559 5182 879 5248 invenerint,
911 5182 1004 5237 scd
1033 5184 1193 5237 etiam
1216 5185 1416 5238 cultum
1443 5185 1588 5237 illum
1613 5184 1679 5239 ad
1705 5186 1998 5253 dmmonas,

422 5272 489 5326 ad
538 5272 740 5341 lapides
768 5281 823 5325 et
850 5272 991 5341 ligna
1036 5272 1347 5327 derivarint.
1379 5274 1594 5327 Illorum
1638 5290 1767 5329 vero
1809 5276 2001 5329 fastum

423 5365 676 5433 deprimit
706 5363 757 5417 in
792 5364 1026 5432 Epistula
1059 5363 1124 5417 ad
1157 5362 1498 5431 Corinthios;
1532 5366 1623 5422 scd
1648 5384 1751 5421 non
1783 5369 2004 5437 perinde

428 5455 537 5509 illic
562 5466 615 5508 ut
648 5454 753 5507 hic.
788 5453 900 5507 Illic
922 5455 1064 5507 enim
1099 5469 1126 5506 a
1155 5470 1313 5509 cruce
1344 5458 1548 5526 plagam
1583 5458 1709 5527 ipsis
1766 5459 1957 5529 inﬂigit
1983 5502 1998 5526 ,

425 5544 610 5598 dicens
644 5562 656 5597 :
711 5543 844 5609 Quia
865 5543 1001 5610 quod
1021 5543 1229 5597 stultum
1256 5555 1328 5600 est
1356 5545 1474 5613 Dei,
1497 5549 1775 5616 sapientius
1806 5562 1877 5601 est
1911 5554 2005 5603 lto-

425 5633 642 5687 minibus
671 5635 759 5704 (ι.
788 5630 905 5687 Cor.
944 5633 993 5686 1.
1016 5632 1087 5687 25
1108 5636 1162 5703 );
1196 5633 1281 5692 hic
1308 5651 1439 5694 vero
1466 5640 1581 5695 sine
1603 5641 2001 5709 comparatione

1478 245 1542 301 IN
1582 243 1797 301 EPIST.
1840 240 1931 296 AD
1970 237 2133 294 ROM.
2177 240 2403 295 llO.\llL.
2446 242 2529 297 lll.

3532 244 3635 296 bis

2058 351 2371 419 sapientiam
2402 366 2586 406 eorum
2610 352 2661 406 in
2692 354 2866 424 scipsa
2898 353 3161 420 traducit,
3191 352 3482 408 ostendens
3499 352 3636 408 stul-

2061 440 2231 495 titiam
2285 456 2405 496 esse
2456 450 2511 496 et
2557 444 2875 512 arrogantia:
2941 453 3147 499 tantum
3195 446 3632 498 ostentationem.

2061 530 2261 586 Deinde
2282 540 2339 585 ut
2358 532 2531 588 discas
2555 533 2672 588 illos
2699 534 2791 589 Dei
2821 535 3058 589 notitiam
3088 534 3360 601 habentes,
3391 535 3468 589 sic
3490 534 3634 589 illam

2060 622 2379 690 prodidisse,
2420 622 2569 689 dicit,
2625 623 2988 681 Mntaveruut:
3028 626 3118 697 qui
3151 640 3278 680 vero
3324 634 3531 692 mutat,
3581 635 3640 679 ut

2060 711 2204 765 aliud
2234 711 2437 767 habens
2492 721 2680 766 mutat.
2734 713 3031 769 Voluerunt
3075 716 3216 770 enim
3254 715 3378 785 quid
3410 716 3640 785 amplius

2060 802 2319 870 invenire,
2352 804 2492 860 datis
2516 806 2758 861 terminis
2781 821 2884 861 non
2913 808 3146 863 contenti
3176 827 3189 873 ;
3222 808 3447 878 ideoque
3475 809 3636 862 etiam

2062 894 2143 951 his
2168 896 2505 952 exciderunt:
2539 898 2825 953 novitatem
2848 898 2988 952 enim
3010 898 3400 952 desiderabant.
3424 899 3635 953 Etenim

2063 985 2363 1056 lmjuuuodi
2410 988 2586 1043 omnia
2618 989 2934 1045 Grrccorum
2968 988 3134 1042 luere.
3166 989 3289 1042 ldeo
3334 990 3494 1043 etiam
3538 989 3641 1043 sibi

2062 1088 2247 1132 mutuo
2285 1078 2550 1134 adversati
2582 1090 2705 1134 sum
2733 1098 2744 1134 :
2776 1079 3093 1135 Aristoteles
3135 1080 3419 1134 iusurrexit
3459 1089 3644 1134 contra

2065 1170 2372 1236 Platonem,
2397 1172 2560 1227 Stoici
2607 1173 2658 1226 in
2693 1173 2830 1225 hunc
2859 1172 3208 1236 intremuere,
3242 1180 3296 1225 et
3325 1170 3462 1225 alter
3487 1170 3642 1224 alteri

2065 1261 2235 1317 hostis
2266 1262 2381 1316 fuit.
2413 1263 2595 1333 itaque
2626 1277 2729 1317 neu
2766 1262 2833 1315 ita
2868 1261 3165 1316 admirandi
3191 1270 3315 1316 sunt
3337 1260 3405 1314 ob
3431 1260 3643 1328 sapient.-

2065 1355 2190 1409 tiam
2220 1356 2572 1411 utaversandi
2600 1366 2654 1410 et
2678 1355 2802 1411 odio
2831 1355 3081 1420 habendi,
3101 1356 3224 1426 quia
3244 1356 3311 1410 ob
3341 1354 3444 1409 hoc
3473 1355 3643 1423 ipsmn

2064 1446 2211 1501 stulti
2243 1446 2370 1501 facti
2402 1456 2546 1501 sunt.
2577 1447 2686 1502 Nisi
2708 1448 2850 1502 enim
2889 1448 3178 1502 ratiociniis
3224 1455 3278 1501 et
3325 1447 3650 1517 syllogismis

2076 1548 2235 1609 atque
2265 1540 2684 1610 sephismatibus
2710 1556 2805 1596 sua
2854 1541 3249 1596 commisissent
3272 1581 3287 1605 ,
3318 1556 3422 1593 non
3447 1540 3496 1593 in
3524 1538 3644 1593 talia

2068 1631 2401 1686 incidissent.
2450 1632 2650 1687 Deinde
2692 1632 3120 1687 criminationem
3147 1646 3346 1700 augens
3380 1630 3588 1682 illorum
3625 1670 3637 1687 .

2067 1720 2421 1776 idololatriam
2450 1732 2614 1777 totam
2646 1722 2891 1777 traducit.
2917 1721 3073 1777 Certe
3118 1722 3200 1776 vel
3234 1719 3373 1790 quod
3407 1728 3648 1773 mutave-

2066 1813 2192 1878 rint,
2213 1813 2494 1868 ridiculum
2515 1822 2631 1868 est:
2662 1812 2805 1883 quod
2831 1821 3010 1867 autem
3038 1812 3091 1866 in
3124 1812 3247 1867 talia
3273 1810 3595 1865 mutaverint
3628 1848 3645 1874 ,

2068 1905 2213 1961 omni
2244 1907 2587 1961 excusatione
2609 1915 2776 1961 caret.
2798 1905 2853 1960 In
2877 1921 3121 1976 quamam
3153 1919 3281 1975 ergo
3304 1903 3646 1965 mutaverint,

2068 2006 2122 2053 et
2142 2012 2243 2067 qua
2273 1997 2323 2051 in
2349 2012 2405 2052 re
2422 1998 2643 2068 gloriam
2668 1999 2960 2068 posuerint,
2982 1997 3275 2067 perpende.
3298 1994 3651 2065 Cogitandum

2071 2087 2139 2143 de
2166 2087 2259 2142 illo
2288 2096 2424 2154 erat,
2452 2088 2591 2158 quod
2624 2097 2767 2143 esset
2812 2089 2982 2153 Deus,
3025 2088 3167 2157 quod
3206 2088 3445 2141 omnium
3474 2085 3650 2141 domi-

2070 2194 2207 2244 nus,
2239 2179 2381 2249 quod
2428 2194 2552 2242 eos,
2587 2179 2675 2249 qui
2708 2193 2811 2233 non
2846 2188 3021 2244 erant,
3053 2179 3260 2242 fecerit,
3296 2176 3437 2246 quod
3472 2174 3650 2244 preti.

2070 2269 2194 2326 deat
2220 2278 2275 2325 et
2300 2285 2481 2324 curam
2504 2278 2653 2339 gerat
2681 2287 2694 2323 :
2750 2269 2866 2322 hrce
2898 2268 3065 2337 gloria
3118 2268 3207 2321 Dei
3248 2275 3394 2319 sunt.
3423 2264 3655 2331 Quibus‘

2074 2376 2195 2414 tiam
2223 2360 2320 2429 ipsi
2366 2359 2507 2413 illam
2551 2358 2966 2412 attribuerunt?
3005 2357 3121 2411 Non
3174 2354 3511 2417 hominibus,
3563 2353 3654 2404 sed

2074 2450 2406 2505 similitudini
2433 2449 2677 2518 imaginis
2698 2448 3062 2518 corruptibilis
3090 2447 3340 2501 hominis.
3367 2444 3546 2512 Neque
3573 2442 3658 2495 hie

2075 2550 2360 2607 steterunt,
2384 2540 2479 2595 sed
2499 2550 2551 2595 et
2581 2540 2649 2594 ad
2679 2540 2830 2593 bruta
2857 2540 3104 2593 animalia
3146 2536 3351 2605 delapsi
3374 2544 3517 2598 sunt,
3550 2534 3657 2586 imo
3702 2566 3715 2571 -

2076 2642 2128 2689 et
2152 2632 2219 2687 ad
2248 2633 2462 2687 illorum
2495 2631 2776 2701 imagines.
2836 2631 2915 2684 Tu
2946 2646 3074 2685 vero
3098 2629 3230 2683 mihi
3265 2628 3411 2683 Pauli
3438 2626 3658 2695 sapien-

2079 2726 2203 2779 tiam
2236 2723 2533 2793 perpendas
2557 2724 2738 2789 velim,
2765 2721 3035 2791 quomodo
3070 2721 3174 2775 duo
3196 2729 3434 2775 extrema
3463 2732 3660 2787 ιςο.υρ-

2079 2819 2182 2881 rit;
2222 2817 2386 2871 Deum
2438 2831 2745 2884 supremum
2788 2815 3055 2880 (mnium,
3088 2821 3142 2867 et
3177 2813 3383 2882 reptilia
3426 2812 3603 2865 intima
3640 2827 3653 2869 ;

2079 2908 2186 2963 imo
2224 2923 2326 2960 non
2376 2905 2617 2975 reptilia,
2677 2905 2770 2959 sed
2821 2905 3087 2973 reptilium
3140 2902 3547 2961 similitudines.
3605 2910 3662 2953 ut

2079 3011 2312 3068 apertam
2339 2998 2549 3051 illorum
2580 2996 2839 3050 insaniam
2856 2995 2998 3049 clare
3025 2993 3352 3048 ostenderet.
3385 2992 3659 3061 Ciguitio-

2082 3105 2205 3145 nem
2236 3089 2375 3143 enim
2405 3088 2572 3152 illam,
2596 3103 2751 3157 quam
2784 3087 2980 3141 habere
3001 3085 3283 3156 oportebat
3311 3084 3454 3139 circa
3485 3099 3607 3137 eum
3641 3122 3655 3143 ,

2082 3184 2171 3253 qui
2200 3183 2316 3238 sine
2340 3182 2735 3250 comparatione
2753 3181 2990 3234 onmium
3019 3178 3499 3233 excellentissimus
3530 3186 3610 3231 est
3646 3216 3659 3236 .

2083 3271 2224 3330 hanc
2246 3273 2483 3327 onmium
2506 3271 2645 3326 haud
2677 3272 2837 3326 dubie
2859 3271 3123 3325 vilissimo
3166 3270 3557 3339 applicuerunt.
3600 3268 3665 3322 Et

2085 3363 2209 3433 quid
2240 3362 2374 3426 hmc,
2405 3363 2634 3433 inquies,
2663 3361 2729 3416 ad
2758 3360 3150 3432 philosophos?
3200 3358 3277 3413 Ad
3313 3360 3410 3412 hos
3438 3359 3667 3412 maxime

2086 3456 2262 3510 omnia
2291 3470 2452 3525 supra
2470 3456 2611 3510 dicta
2633 3464 2896 3524 spectant.
2926 3454 3055 3509 Nam
3083 3454 3134 3507 lii
3166 3453 3446 3525 xligyptios
3477 3452 3665 3506 horum

2089 3548 2397 3603 inventores
2445 3547 2731 3617 magistros
2779 3546 2978 3600 habent
3009 3562 3020 3599 :
3054 3556 3107 3600 et
3136 3545 3310 3612 Plato,
3341 3543 3431 3614 qui
3460 3544 3671 3597 caeteris

2090 3644 2424 3710 ρπιυδιαιιιὶον
2451 3656 2572 3697 esse
2601 3641 2834 3708 videtur,
2867 3641 2936 3697 de
2963 3642 3109 3697 hisee
3130 3641 3423 3711 gloriatur;
3453 3640 3672 3709 ejusque

2091 3731 2278 3785 doctor
2322 3731 2476 3785 idolis
2519 3733 2634 3787 istis
2689 3732 2938 3787 addictus
2989 3732 3110 3798 fuit,
3144 3732 3232 3802 qui
3282 3732 3479 3801 gallum
3525 3729 3676 3798 jubet

2092 3824 2405 3894 Esculapio
2444 3826 2733 3880 sacriﬁcari
2783 3827 2878 3896 (α).
2914 3826 3011 3881 llic
3063 3825 3247 3881 videas
3294 3825 3571 3879 hrutorum
3622 3834 3676 3878 et

2096 3916 2361 3984 reptilium
2420 3914 2700 3983 imagines,
2733 3923 2933 3969 etcum
2990 3915 3073 3969 his
3125 3915 3430 3983 Apollinem
3458 3924 3511 3967 et
3537 3913 3671 3966 Bac-

2095 4007 2250 4061 chum
2284 4005 2393 4077 pari
2422 4005 2565 4060 cultu
2591 4005 3097 4075 dignatos.Quidam
3130 4021 3256 4060 vero
3294 4003 3596 4075 philosophi
3626 4006 3678 4057 iu

2097 4098 2286 4152 caelum
2318 4097 2569 4151 invexere
2592 4105 2793 4162 tauros,
2824 4096 3089 4166 scorpios,
3110 4096 3375 4149 dracones
3401 4106 3449 4148 et
3480 4096 3670 4163 ln.jusv

2098 4188 2240 4242 modi
2267 4187 2609 4257 quisquilias:
2632 4187 2827 4257 ubique
2849 4188 2989 4241 enim
3012 4185 3253 4241 diabolus
3275 4187 3479 4240 curavit
3500 4186 3566 4239 ad
3596 4202 3677 4238 re-

2101 4280 2301 4349 ptilimn
2346 4278 2751 4333 similitudinem
2780 4278 3023 4333 homines
3048 4278 3351 4341 demittere,
3378 4287 3431 4333 et
3462 4279 3675 4331 irratio-

2104 4371 2455 4426 nabilioribus
2478 4385 2571 4449 eos
2602 4370 2886 4440 subjicere,
2925 4385 3062 4440 quos
3108 4372 3245 4425 Deus
3289 4386 3448 4441 supra
3504 4371 3676 4439 ipsum

2100 4460 2285 4515 caelum
2314 4460 2571 4515 extollere
2592 4460 2778 4516 voluit.
2835 4460 3020 4531 Neque
3076 4461 3199 4515 hinc
3241 4468 3467 4524 tantum,
3494 4460 3585 4514 sed
3629 4470 3683 4513 et

2101 4550 2315 4604 aliunde
2346 4550 2556 4605 illorum
2586 4551 2927 4623 coryphaeum
2950 4552 3153 4607 videbis
3181 4567 3341 4621 supra
3387 4550 3544 4607 dictis
3574 4552 3673 4605 ob-

2103 4643 2341 4695 noxium.
2373 4641 2506 4696 Cum
2537 4642 2677 4697 enim
2704 4651 2886 4711 poetas
2916 4643 2966 4697 in
3000 4659 3161 4697 unum
3190 4642 3427 4712 colligit,
3458 4652 3512 4697 et
3548 4642 3679 4697 dicit

2104 4740 2356 4801 oportere
2379 4731 2483 4785 illis
2508 4730 2705 4787 habere
2731 4732 2887 4786 [idem
2920 4732 2970 4786 in
2992 4732 3073 4797 iis,
3108 4748 3227 4802 quae
3249 4732 3314 4786 de
3343 4732 3451 4786 Deo
3473 4732 3685 4796 dicunt,

2104 4830 2287 4891 utpote
2314 4822 2401 4891 qui
2434 4822 2597 4891 probe
2625 4822 2825 4888 norint,
2851 4822 2980 4876 nihil
3010 4822 3155 4876 aliud
3208 4837 3367 4892 quam
3428 4836 3689 4890 nugarum

2104 4914 2409 4982 congeriem
2443 4912 2668 4978 inducit,
2702 4922 2756 4967 et
2782 4928 2868 4967 res
2892 4920 2995 4966 tam
3030 4911 3282 4965 ridiculas
3311 4926 3469 4964 veras
3496 4910 3687 4965 existi-

2105 5002 2328 5058 mandas
2346 5017 2466 5059 esse
2488 5004 2635 5058 dicit.
2667 5004 2759 5058 2L
2789 5001 2915 5056 Ideo
2939 5003 3147 5055 tradidit
3176 5003 3291 5055 illos
3314 5001 3448 5056 Deus
3475 5003 3525 5055 in
3549 5002 3683 5055 desi-

2107 5094 2247 5148 deria
2281 5093 2447 5148 cordis
2478 5095 2577 5159 sui,
2624 5094 2675 5147 in
2724 5093 3115 5157 immunditiam,
3145 5101 3200 5145 ut
3228 5093 3543 5147 contumeliis
3586 5094 3693 5161 afﬂe-

2107 5189 2241 5241 ciant
2299 5202 2511 5255 corpora
2539 5202 2631 5239 sua
2661 5187 2713 5239 in
2736 5186 3032 5256 semetipsis.
3069 5185 3201 5239 lliue
3232 5185 3467 5241 ostendit
3498 5187 3687 5256 impie-

2110 5288 2271 5334 tatem
2300 5278 2615 5333 violatarum
2664 5279 2838 5347 legum
2882 5276 3045 5333 fuisse
3085 5292 3319 5332 causam.
3374 5278 3507 5333 Illud
3564 5295 3691 5335 vero

2109 5370 2368 5435 Tradidit,
2421 5368 2509 5425 hic
2564 5368 2849 5439 signiﬁcat,
2909 5368 3167 5438 permisit.
3220 5369 3691 5436 Quemadmodum

2110 5464 2252 5515 enim
2271 5461 2374 5515 dus
2400 5460 2666 5513 exercitus
2688 5461 2730 5512 si
2754 5460 3151 5528 ingravescente
3169 5475 3340 5530 pugna
3365 5454 3689 5513 discesserit,

2174 5553 2245 5613 (ιι)
2283 5551 2490 5599 Platonis
2512 5550 2679 5613 doctor
2697 5556 2918 5613 Socrates
2938 5551 3201 5600 moriturus
3223 5549 3401 5613 gallum
3425 5549 3563 5613 jubet
3593 5541 3695 5587 ιΕς-

2112 5610 2300 5673 culajio
2345 5614 2619 5660 sacritieari.
2650 5612 2769 5660 Vide
2798 5611 3043 5661 Platonem
3084 5615 3129 5661 in
3170 5610 3421 5673 Phaedime
3447 5610 3508 5655 de
3536 5616 3688 5673 :iaute

2113 5669 2332 5725 socratis.
2357 5681 2463 5723 ttzee
2488 5683 2727 5736 [.Usil'clli'd
2758 5688 2845 5724 vox
2875 5676 2962 5723 l‘uit
2989 5674 3304 5723 celeberrimi
3329 5669 3615 5734 philosophi.
