4048 6216
399 223 503 276 διδ

402 337 603 394 milites
625 336 863 392 hostibus
893 334 1075 400 tradit,
1100 349 1207 389 non
1240 335 1353 404 ipse
1378 336 1684 406 impellens,
1717 336 1812 392 sed
1840 339 1987 392 auxi—

402 426 476 483 iio
504 444 604 485 suo
628 428 877 499 privans:
907 427 985 480 sic
1016 426 1158 481 Deus
1183 440 1299 493 eos,
1332 426 1420 496 qui
1453 429 1740 482 noluerunt
1776 443 1870 483 sua
1896 445 1987 484 ac-

401 521 602 591 cipere,
631 519 725 575 sed
755 519 909 588 primi
933 519 1260 582 resilierunt,
1320 518 1552 585 dimisit,
1585 530 1864 589 postquam
1894 535 1988 575 sua

402 612 580 667 omnia
604 611 938 681 impleverat.
990 609 1269 678 Perpende
1320 621 1497 665 autem
1543 628 1556 664 :
1606 626 1701 679 pro
1749 612 1988 667 doctrina

402 700 659 755 mundum
692 702 744 755 in
786 700 964 755 modio
1010 702 1223 770 posuit;
1269 710 1501 755 mentem
1529 711 1581 755 et
1608 702 1985 771 cogitationem

398 795 568 861 dedit,
593 810 712 864 qua:
735 802 918 864 posset
941 792 990 846 id
1016 836 1029 857 ,
1064 792 1204 863 quod
1233 793 1561 848 conveniens
1593 803 1735 859 erat,
1783 795 1985 850 intelli-

397 903 551 957 gere.
572 886 726 941 Nullo
754 885 943 939 horum
974 884 1241 952 homines,
1272 886 1361 955 qui
1393 894 1519 939 tunc
1558 895 1734 953 erant,
1761 888 1839 942 usi
1862 896 1987 943 sunt

396 978 463 1031 ad
501 977 751 1041 salutem,
783 976 875 1031 sed
907 978 957 1029 in
977 977 1303 1030 contrarium
1361 977 1508 1047 quod
1540 987 1857 1048 acceperant
1905 979 1985 1034 in-

400 1076 696 1121 verterunt.
725 1066 860 1131 Quid
894 1066 1054 1136 igitur
1079 1064 1257 1120 facere
1285 1067 1609 1137 oportebat?
1640 1068 1689 1121 vi
1719 1079 1770 1123 et
1795 1084 1985 1125 neces-

399 1160 556 1213 sitate
585 1158 839 1213 trahere?
866 1160 934 1212 At
966 1173 1069 1212 non
1116 1166 1198 1213 est
1228 1158 1329 1213 hoc
1360 1160 1533 1215 facere
1559 1161 1755 1216 virtute
1784 1163 1981 1232 prtedi-

398 1260 499 1305 tos.
522 1249 803 1319 Reliquum
832 1259 947 1304 erat
978 1258 1034 1303 ut
1060 1249 1357 1317 desereret,
1376 1252 1517 1321 quod
1541 1261 1595 1305 et
1622 1250 1745 1307 iecit
1774 1269 1788 1319 ;
1826 1256 1981 1309 utvel

394 1343 475 1396 sic
508 1341 620 1405 illa,
646 1356 766 1410 qua:
786 1340 1186 1409 concupierant,
1213 1342 1443 1409 experti,
1481 1343 1867 1412 turpitudinem
1895 1344 1981 1400 fu-

392 1442 599 1505 gerent.
652 1431 786 1487 Nam
828 1434 872 1487 si
908 1437 1027 1503 quis
1059 1433 1197 1503 regis
1227 1432 1402 1499 ﬁlius,
1453 1446 1762 1506 contempto
1790 1448 1975 1508 patre,

391 1544 513 1583 eum
538 1528 898 1600 praedonibus,
922 1529 1128 1584 sicariis
1156 1538 1210 1585 et
1237 1530 1603 1599 sepulcrorum
1633 1532 1978 1588 effossoribus

391 1638 449 1678 se
478 1623 734 1688 conferat,
760 1633 815 1677 et
842 1623 1055 1677 illorum
1111 1623 1449 1677 consortium
1499 1634 1738 1693 paterna:
1793 1624 1977 1681 domui

393 1714 658 1783 przel'crat,
693 1714 1082 1783 relinquiteum
1113 1722 1265 1783 pater
1285 1754 1299 1777 ,
1347 1722 1404 1767 ut
1444 1715 1687 1770 stultitia:
1717 1732 1827 1771 sure
1856 1732 1973 1772 ma-

389 1805 717 1874 gnitudinem
739 1804 1072 1874 experientia
1102 1803 1321 1859 ediscat.

460 1897 513 1951 4.
544 1897 653 1951 Cur
677 1904 854 1949 autem
894 1894 1098 1950 nullum
1122 1893 1267 1949 aliud
1300 1897 1619 1951 memoravit
1649 1908 1923 1968 peccatum
1956 1940 1971 1966 ,

389 1999 447 2045 ut
476 1989 710 2052 cmdem,
739 1988 1017 2043 avaritiam
1059 1994 1114 2042 et
1154 1986 1257 2040 alia
1289 1987 1505 2055 similia,
1556 1990 1648 2043 sed
1708 1991 1973 2060 intempe-

390 2081 663 2135 rantiam't
692 2079 981 2134 Auditores
1007 2086 1233 2143 tantum,
1264 2086 1318 2133 et
1347 2094 1439 2134 eos
1462 2080 1551 2149 qui
1581 2080 1861 2149 epistolam
1887 2096 1975 2136 ac-

386 2171 589 2241 cepturi
613 2179 786 2237 erant,
819 2170 1055 2225 indicare
1083 2169 1214 2223 milii
1244 2168 1467 2224 videtur.
1486 2168 1551 2223 In
1576 2171 1967 2241 immunditiam,

386 2274 442 2315 ut
467 2278 681 2331 corpora
704 2277 798 2314 sua
826 2259 1131 2313 contumelia
1169 2259 1387 2329 afﬁciant
1424 2261 1477 2314 in
1514 2262 1813 2333 semetipsis.
1837 2263 1973 2320 Vide

385 2354 668 2422 emphasin
691 2354 926 2407 maxime
949 2353 1424 2423 perstringentem.
1446 2352 1561 2407 Non
1579 2354 1698 2409 aliis
1721 2356 1966 2424 egebant,

388 2445 578 2512 inquit,
609 2444 805 2512 quibus
825 2443 1150 2498 contumelia
1171 2444 1549 2500 afﬁcerentur:
1596 2446 1691 2500 sed
1721 2463 1840 2516 qua:
1866 2448 1971 2502 ini-

387 2533 509 2587 mici
558 2534 862 2589 intulissent
890 2574 905 2600 ,
935 2533 1120 2588 eadem
1151 2544 1334 2589 contra
1363 2550 1421 2589 se
1442 2536 1742 2604 patrabant.
1768 2538 1970 2595 Deinde

384 2638 601 2678 oausam
631 2637 907 2677 resumens
927 2623 1037 2677 ait:
1076 2623 1167 2679 25.
1196 2624 1297 2690 Qui
1321 2634 1748 2680 commutaverunt
1788 2630 1972 2683 verita-

387 2724 485 2769 tem
511 2713 603 2768 Dei
622 2714 674 2767 in
704 2713 1065 2779 mendacium;
1101 2731 1162 2767 ac
1199 2715 1387 2768 cultum
1427 2717 1767 2785 prwstiterunt
1792 2727 1840 2773 et
1865 2736 1971 2773 ser-

384 2807 575 2861 uierunt
595 2816 840 2859 creatura:
860 2805 1027 2875 potius
1043 2822 1198 2875 quam
1222 2803 1466 2860 Creatori.
1500 2805 1630 2874 Qua:
1674 2807 1965 2864 admodum

386 2898 603 2954 ridicula
631 2909 805 2964 erant,
839 2901 887 2952 in
918 2899 1097 2968 specie
1149 2899 1332 2969 ponit;
1385 2916 1504 2970 qua:
1548 2916 1674 2955 vero
1723 2904 1967 2972 graviora

382 3001 553 3058 erant,
583 2990 905 3062 generaliter
938 3010 950 3044 :
982 3006 1044 3044 ac
1067 3006 1161 3060 per
1188 2990 1301 3046 haec
1317 2992 1495 3046 omnia
1525 2993 1795 3061 ostendit,
1820 3010 1969 3050 crea-

384 3093 516 3139 tura:
541 3084 741 3138 cultum
768 3082 834 3137 ad
860 3084 1089 3153 gentiles
1114 3084 1403 3152 pertinere.
1459 3083 1526 3138 Et
1552 3083 1673 3139 vide
1699 3085 1968 3155 quomodo

382 3192 688 3232 sermonem
715 3175 1063 3245 explicaverit
1099 3191 1111 3226 :
1145 3191 1251 3229 non
1283 3175 1425 3230 enim
1453 3175 1774 3245 simpliciter
1794 3176 1963 3244 dixit,

379 3266 676 3321 Coluerunt
703 3275 1026 3329 creaturam,
1057 3264 1152 3319 sed
1176 3264 1401 3332 addidit,
1438 3263 1623 3318 Potius
1639 3282 1789 3335 quam
1819 3264 1966 3320 Crea-

381 3359 798 3429 torein:ubique
825 3357 924 3412 hac
964 3357 1170 3411 ratione
1219 3357 1421 3412 crimen
1469 3357 1743 3423 attollens,
1769 3368 1824 3413 et
1865 3359 1967 3413 hoc

322 3504 331 3509 ,
381 3450 751 3505 additamento
774 3449 893 3504 illos
924 3448 1074 3503 venia
1099 3448 1333 3518 privatis.
1369 3448 1469 3515 Qui
1507 3457 1576 3501 est
1603 3448 1889 3504 benedictus
1912 3452 1967 3505 in

378 3543 585 3596 ειεειιια.
610 3545 787 3595 Amen.
814 3540 1010 3595 Verum
1066 3539 1165 3594 hoc
1196 3539 1325 3592 nihil
1371 3540 1446 3592 illi
1478 3541 1692 3606 nocuit,
1745 3542 1915 3612 inquit
1945 3558 1959 3595 :

378 3640 463 3689 est
481 3635 624 3688 enim
652 3634 740 3687 ille
761 3631 1073 3686 benedictus
1099 3635 1150 3686 in
1182 3631 1397 3686 szecula.
1431 3631 1526 3686 llic
1554 3633 1787 3688 ostendit
1818 3635 1963 3690 illum

380 3739 484 3778 non
510 3733 567 3778 ut
590 3739 649 3779 se
670 3723 1021 3789 ulcisceretur
1061 3722 1367 3778 deseruisse
1419 3723 1581 3793 ipsos,
1632 3726 1966 3796 quandoqui-

378 3818 501 3871 dem
526 3815 656 3869 nihil
680 3829 870 3885 passus
896 3822 998 3868 est.
1032 3814 1256 3869 Etiamsi
1282 3815 1423 3869 enim
1453 3815 1530 3870 illi
1568 3816 1736 3886 ipsum
1775 3826 1964 3873 contu-

380 3906 536 3963 melia
565 3905 841 3962 allecerint
864 3922 879 3969 ;
904 3914 959 3960 at
982 3905 1070 3961 ille
1099 3907 1479 3961 contumeliam
1510 3922 1614 3961 non
1644 3923 1832 3978 passus
1857 3920 1959 3977 est,

378 4014 551 4071 neque
591 3999 761 4070 gloria
784 3997 900 4068 ejus
930 3999 1207 4053 imminuta
1236 3998 1353 4064 fuit,
1383 3998 1478 4053 sed
1516 4008 1697 4053 manet
1749 4015 1964 4069 semper

377 4093 708 4149 benedictus.
726 4091 859 4147 Nam
881 4092 924 4146 si
957 4092 1270 4161 plerumque
1300 4092 1378 4145 \ir
1402 4093 1491 4161 qui
1534 4091 1960 4161 philosophatur,

378 4186 511 4241 nihil
544 4189 745 4255 patitur
769 4184 838 4239 ab
867 4185 952 4250 iis,
983 4185 1075 4253 qui
1103 4183 1481 4238 contumeliam
1514 4182 1768 4247 inferunt,
1794 4183 1962 4235 multo

377 4280 556 4333 minus
582 4278 746 4342 Deus,
776 4276 1094 4330 immortalis
1120 4285 1173 4328 et
1200 4272 1548 4328 immutabilis
1596 4274 1687 4326 illa
1730 4284 1918 4327 natura
1941 4312 1957 4338 ,

382 4368 715 4423 invariabilis
740 4376 795 4421 et
821 4367 1040 4420 immota
1090 4365 1278 4435 gloria.
1312 4364 1524 4418 Etenim
1552 4364 1798 4419 homines
1861 4362 1962 4418 hac

376 4464 429 4515 in
457 4475 514 4514 re
545 4460 654 4512 Deo
677 4457 881 4512 similes
905 4458 1055 4521 ﬁunt,
1089 4472 1207 4509 cum
1231 4455 1358 4508 nihil
1400 4455 1668 4524 patiuntur
1699 4454 1766 4508 ab
1787 4454 1851 4509 iis
1872 4455 1961 4524 qui

377 4549 679 4605 molestiam
701 4545 901 4602 inferre
926 4549 1126 4611 volunt,
1152 4560 1248 4600 nec
1268 4545 1643 4601 contumeliam
1666 4545 1956 4614 accipiunt,

378 4643 619 4716 percussi
689 4657 796 4696 non
862 4639 1270 4711 percutiuntur,
1318 4639 1437 4694 aliis
1502 4638 1798 4694 ridentibus
1853 4654 1958 4693 non

377 4748 503 4793 vere
546 4733 858 4790 irridentur.
914 4731 983 4785 Et
1022 4730 1325 4801 quomodo,
1373 4729 1580 4800 inquies
1613 4771 1628 4799 ,
1683 4729 1785 4783 hoc
1846 4728 1960 4784 ﬁeri

377 4828 597 4900 possit?
643 4828 862 4892 Potest,
926 4825 1109 4894 utique
1165 4831 1373 4893 potest,
1425 4824 1468 4877 si
1510 4838 1616 4877 non
1673 4822 1855 4878 doleas
1894 4821 1961 4875 de

375 4923 442 4975 iis
481 4934 599 4990 qua:
643 4917 913 4973 accidunt.
965 4918 1031 4969 ιι
1066 4913 1375 4985 quomodo,
1428 4914 1635 4983 inquies
1660 4953 1673 4977 ,
1742 4927 1958 4983 possunt

376 5028 482 5068 non
519 5012 749 5067 dolere?
794 5014 863 5066 At
894 5008 1168 5083 quomodo
1220 5018 1374 5079 potes
1422 5008 1653 5063 dolere?
1699 5008 1789 5061 Dic
1817 5011 1958 5063 enim

377 5106 505 5160 mihi
549 5125 563 5159 :
626 5105 681 5158 Si
728 5105 978 5174 puerulus
1037 5112 1159 5157 tuus
1209 5110 1261 5157 te
1297 5100 1620 5156 contumelia
1670 5099 1909 5153 afﬁceret
1938 5141 1954 5164 ,

1129 218 1185 272 S.
1226 217 1503 272 JOA-XMS
1540 217 2016 277 CHRYSOSTOMI
2056 223 2370 281 ARCIIIEP.
2410 229 2937 293 CONSTANTINOP.
3584 228 3678 309 “6

2094 355 2161 395 an
2194 342 2321 398 illud
2350 360 2446 414 pro
2461 352 2779 407 contumelia
2808 353 3056 411 haberes?
3074 375 3137 413 an
3156 360 3401 420 doleres?
3427 367 3675 426 Minime:

2093 431 2136 485 si
2165 432 2393 503 doleres,
2429 453 2603 494 annon
2625 443 2880 499 ridiculus
2910 450 3095 504 esses?
3120 451 3207 507 Sic
3231 469 3357 526 erga
3379 460 3676 527 proximum

2093 521 2266 578 allecti
2288 525 2474 593 simus,
2507 540 2560 584 et
2586 531 2717 586 nihil
2750 534 2942 605 ingrati
2971 541 3234 609 patiemur
3266 521 3472 617 (pueris
3503 553 3667 615 enim,

2092 618 2179 687 qui
2208 622 2586 677 contumeliam
2612 625 2870 696 inferunt,
2899 631 3297 701 insipientiores
3325 651 3450 695 sunt
3478 641 3534 713 );
3581 661 3676 700 nec

2092 725 2396 779 qumramus
2424 719 2765 775 contumeliis
2808 736 2914 777 non
2943 724 3105 791 afﬁci,
3131 737 3186 783 et
3214 729 3277 785 iis
3298 732 3475 788 allecti
3500 776 3515 800 ,
3566 736 3677 791 lor-

2092 800 2217 856 titer
2269 804 2499 861 feramus
2530 830 2543 864 :
2577 807 2663 865 hic
2692 819 2775 866 est
2800 814 2941 867 enim
2999 832 3160 873 verus
3200 821 3391 877 honor.
3451 825 3677 893 Quare?

2090 893 2224 961 Quia
2254 906 2307 949 tu
2329 895 2490 965 hujus
2517 900 2736 957 honoris
2760 902 3011 960 dominus
3050 922 3143 974 es,
3177 909 3319 967 illius
3341 930 3470 969 vero
3511 918 3669 972 alius.

2089 983 2280 1041 Annon
2339 988 2487 1043 vides
2540 992 2875 1050 adamantem
2946 1012 3069 1053 cum
3126 1004 3422 1070 percutitur
3476 1023 3672 1077 reper-

2087 1077 2429 1133 cutientem?
2473 1080 2575 1135 Sed
2640 1084 2754 1138 haec
2809 1094 2925 1152 est,
2978 1088 3185 1158 inquies
3220 1133 3234 1157 ,
3289 1093 3406 1163 ejus
3458 1108 3669 1154 natura.

2086 1168 2158 1222 At
2211 1178 2360 1238 potes
2418 1178 2471 1224 tu
2519 1186 2584 1226 ex
2642 1175 2914 1243 proposito
2977 1180 3263 1239 voluntatis
3319 1185 3438 1239 talis
3488 1188 3669 1255 efﬁci,

2087 1262 2259 1331 qualis
2289 1264 2376 1320 ille
2407 1282 2470 1320 ex
2502 1276 2687 1323 natura
2717 1279 2817 1324 est.
2851 1272 2988 1340 Quid
3015 1284 3191 1331 autem
3212 1278 3237 1330 ?
3272 1293 3448 1334 annon
3494 1284 3670 1338 vidisti

2087 1372 2281 1427 pueros
2321 1359 2373 1413 in
2417 1360 2634 1418 fornace
2679 1379 2783 1417 non
2833 1366 3091 1424 adnstos?
3134 1370 3407 1428 Danielem
3455 1375 3506 1429 in
3554 1377 3670 1431 lacu

2085 1449 2216 1503 nihil
2245 1450 2369 1505 mali
2399 1453 2729 1521 patientem?
2755 1457 2989 1526 ldipsum
3026 1460 3132 1530 jam
3172 1462 3287 1518 ﬁeri
3331 1474 3501 1533 potest
3530 1486 3543 1521 :
3575 1470 3670 1522 ad-

2084 1552 2206 1595 sunt
2237 1540 2396 1596 etiam
2426 1544 2581 1599 nobis
2611 1545 2795 1601 leones
2817 1590 2831 1615 ,
2866 1549 2943 1603 ira
2963 1590 2979 1615 ,
3007 1554 3438 1623 concupiscentia
3464 1598 3479 1623 ,
3512 1574 3666 1614 acer-

2085 1634 2235 1688 rimis
2264 1634 2513 1690 dentibus
2542 1637 2785 1693 instructi
2812 1680 2827 1706 ,
2862 1643 2951 1711 qui
2981 1643 3134 1698 obvia
3162 1645 3489 1719 discerpunt.
3537 1650 3669 1706 Esto

2082 1725 2239 1795 igitur
2265 1727 2453 1781 similis
2482 1728 2685 1785 Danicli
2711 1773 2726 1797 ,
2757 1742 2812 1786 et
2858 1749 2926 1788 ne
2974 1737 3119 1792 sinas
3157 1740 3435 1808 passiones
3478 1741 3667 1799 dentes

2083 1815 2306 1887 inﬁgere
2334 1819 2386 1871 in
2416 1819 2648 1874 animam
2680 1831 2844 1877 tuam.
2874 1826 2943 1880 At
2984 1826 3072 1881 ille
3096 1870 3111 1895 ,
3150 1830 3357 1899 inquies
3382 1874 3396 1899 ,
3438 1836 3663 1904 gratiam

2083 1917 2246 1962 totam
2295 1908 2481 1965 habuit
2525 1927 2708 1968 secum
2749 1926 3078 1985 operantem.
3130 1920 3315 1991 Bene,
3358 1926 3478 1994 quia
3526 1926 3666 1983 hanc

2080 1999 2307 2056 ducebat
2338 2005 2669 2073 propositum
2700 2007 3006 2064 voluntatis.
3039 2009 3221 2081 itaque
3248 2015 3293 2068 si
3319 2016 3543 2072 velimus
3566 2036 3663 2074 nos

2083 2092 2214 2147 tales
2243 2108 2557 2164 comparare
2583 2139 2597 2161 ,
2625 2098 2775 2153 adest
2806 2109 2859 2155 et
2888 2118 3029 2157 nunc
3055 2105 3222 2173 gratia
3252 2125 3264 2157 :
3297 2108 3505 2163 etiamsi
3536 2110 3663 2165 fera:

2079 2186 2353 2252 esuriant,
2383 2201 2489 2240 non
2531 2188 2670 2243 latus
2712 2198 2859 2245 tuum
2904 2202 3139 2264 tangent.
3191 2195 3323 2251 Nam
3372 2200 3418 2253 si
3470 2203 3661 2257 servile

2078 2292 2275 2347 corpus
2302 2279 2544 2336 videntes
2574 2285 2821 2339 reverita:
2849 2296 2972 2341 sunt
2998 2304 3012 2351 ;
3043 2303 3164 2343 cum
3195 2291 3436 2347 membra
3465 2293 3662 2350 Christi

2084 2370 2337 2426 videbunt
2369 2372 2510 2443 (hoc
2539 2378 2683 2430 enim
2727 2391 2825 2431 nos
2875 2378 3060 2434 ﬁdeles
3100 2383 3347 2453 sumus),
3391 2388 3661 2455 quomodo

2078 2475 2184 2515 non
2214 2463 2532 2533 quiescent?
2559 2464 2617 2521 Si
2646 2482 2776 2522 vero
2806 2484 2910 2523 non
2939 2472 3255 2540 quiescant,
3298 2474 3349 2529 id
3397 2491 3461 2531 ex
3503 2480 3659 2550 culpa

2076 2565 2264 2607 eorum
2290 2554 2379 2623 qui
2411 2555 2590 2625 injecti
2612 2556 2811 2613 fuerint
2835 2562 3071 2617 eveniet.
3092 2552 3306 2619 Etenim
3328 2568 3481 2623 multi
3498 2555 3621 2625 sunt
3638 2613 3657 2639 ,

2076 2645 2164 2712 qui
2199 2645 2439 2701 le0nibus
2468 2647 2618 2704 hisce
2646 2661 2915 2722 sumptum
2936 2654 3315 2725 suppeditant,
3345 2661 3658 2718 meretrices

2076 2736 2371 2792 nutrientes
2395 2779 2409 2805 ,
2446 2741 2655 2811 nuptias
2685 2743 2947 2800 violantes
2972 2788 2986 2812 ,
3010 2747 3301 2804 vindictam
3328 2752 3380 2805 in
3412 2752 3657 2811 inimicos

2076 2838 2389 2885 exercentes
2413 2846 2427 2885 :
2452 2831 2676 2903 ideoque
2694 2836 2842 2905 prius
2869 2853 3026 2906 quam
3045 2840 3111 2894 ad
3133 2842 3303 2896 solum
3325 2847 3655 2913 perveniant,

2080 2917 2464 2978 dilacerantur.
2492 2926 2559 2979 At
2585 2940 2690 2980 non
2718 2927 2771 2981 id
2797 2927 2998 2983 Danieli
3022 2932 3277 3003 contigit;
3301 2944 3356 2988 at
3380 2952 3481 2991 nec
3505 2939 3658 2994 nobis

2074 3011 2345 3083 continget
2374 3014 2419 3068 si
2447 3014 2673 3069 velimus
2697 3058 2712 3082 ,
2744 3015 2851 3073 imo
2878 3028 2931 3074 et
2969 3020 3094 3091 quid
3126 3025 3318 3078 melius
3343 3041 3501 3095 quam
3532 3039 3657 3085 tunc

2073 3102 2297 3157 accidet.

2146 3193 2365 3264 lnjuriw
2389 3198 2537 3253 utiles
2564 3201 2812 3270 patienter
2838 3206 3038 3274 ferenti.
3064 3236 3137 3249 --
3165 3207 3277 3264 lllic
3301 3211 3444 3266 enim
3474 3212 3655 3269 leones

2072 3302 2179 3341 non
2211 3300 2550 3357 nocuerunt;
2586 3293 2742 3347 nobis
2768 3306 2946 3351 autem
2972 3336 2988 3363 ,
3036 3299 3082 3352 si
3123 3300 3405 3370 vigilemus
3434 3344 3449 3370 ,
3498 3305 3654 3361 utiles

2072 3388 2231 3435 erunt
2258 3381 2289 3434 ii
2315 3383 2403 3451 qui
2432 3384 2679 3454 injuriani
2709 3386 2963 3443 inferunt.
3006 3391 3081 3445 ita
3111 3401 3165 3447 et
3193 3394 3386 3449 Paulus
3414 3398 3656 3468 splendi-

2071 3470 2170 3527 dus
2200 3475 2366 3527 evasit
2392 3474 2460 3529 ab
2487 3476 2550 3531 iis
2571 3518 2586 3543 ,
2611 3480 2700 3547 qui
2727 3479 2825 3548 ipsi
2858 3481 3127 3537 molestias
3144 3493 3201 3539 et
3221 3486 3438 3542 insidias
3461 3490 3654 3545 infere-

2072 3564 2235 3631 bant;
2264 3566 2342 3621 sic
2366 3566 2467 3622 Job
2492 3584 2523 3624 a
2562 3571 2744 3625 multis
2791 3572 2957 3643 plagis
2981 3616 2996 3640 ,
3039 3576 3118 3629 sic
3158 3576 3417 3634 Jeremias
3467 3596 3499 3635 a
3536 3583 3651 3639 lacu

2071 3657 2212 3725 luti,
2245 3659 2322 3714 sic
2356 3658 2469 3715 Noe
2523 3675 2552 3713 a
2596 3661 2835 3733 diluvio,
2887 3665 2966 3720 sic
3004 3666 3137 3723 Abel
3176 3669 3243 3724 ab
3281 3671 3527 3739 insidiis,
3576 3678 3655 3730 sic

2071 3749 2281 3821 Moyses
2309 3768 2338 3805 a
2369 3754 2719 3823 sanguinariis
2750 3755 2947 3813 Judzeis
2972 3798 2987 3823 ,
3016 3760 3097 3814 sic
3136 3761 3361 3817 Elisanus
3383 3804 3398 3829 ,
3431 3764 3511 3820 sic
3541 3783 3655 3820 ma-

2069 3857 2293 3912 gnorum
2322 3844 2533 3900 illorum
2563 3847 2758 3916 singuli
2788 3889 2803 3913 ,
2837 3864 2943 3904 non
2972 3866 3001 3903 a
3031 3851 3210 3921 quiete
3247 3863 3303 3909 et
3347 3856 3650 3926 voluptate,

2070 3935 2163 3990 sed
2194 3936 2261 3990 ab
2289 3937 2544 3991 aerumnis
2578 3947 2631 3992 et
2673 3941 3056 3996 tentationibus
3093 3944 3371 4013 Splendide
3412 3951 3652 4002 coronati

2069 4038 2211 4081 sunt.
2243 4028 2371 4084 Ideo
2400 4028 2645 4085 Christus
2672 4030 2810 4086 haue
2836 4046 2957 4087 eum
2987 4044 3170 4090 nosset
3209 4036 3286 4091 rei
3321 4038 3517 4093 eximie
3553 4056 3651 4109 ge-

2068 4120 2249 4175 renda:
2280 4122 2576 4187 rationem,
2604 4123 2878 4193 discipulis
2904 4125 3115 4181 dicebat
3147 4145 3159 4181 :
3192 4126 3258 4181 In
3279 4134 3466 4183 mundo
3488 4134 3653 4184 tribu-

2068 4211 2304 4267 lationem
2369 4214 2597 4280 habetis;
2654 4216 2743 4269 sed
2793 4217 3033 4285 conﬁdite
3058 4260 3074 4286 ,
3122 4235 3213 4289 ego
3264 4221 3359 4273 uici
3407 4223 3653 4276 ntumluni

2068 4301 2086 4373 (
2112 4301 2267 4356 Joan.
2296 4304 2383 4359 16.
2411 4305 2480 4360 55
2504 4305 2544 4376 ).
2575 4305 2711 4373 Quid
2738 4308 2911 4377 ergo?
2936 4309 3183 4378 inquies;
3209 4326 3386 4365 annon
3415 4314 3565 4367 multi
3587 4315 3654 4368 ab

2067 4395 2321 4450 (erumnis
2347 4397 2589 4453 subversi
2621 4401 2789 4453 sunt?
2835 4399 2950 4454 Non
2994 4401 3061 4457 ob
3105 4404 3456 4459 tentationum
3502 4415 3655 4460 natu-

2068 4501 2181 4541 ram
2206 4528 2221 4553 ,
2255 4488 2349 4542 sed
2377 4488 2448 4543 ob
2473 4504 2623 4544 suam
2657 4490 2945 4560 ignaviam.
2992 4492 3093 4560 Qui
3140 4503 3315 4547 autem
3361 4495 3486 4549 facit
3531 4513 3652 4551 cum

2069 4579 2361 4634 tentatioue
2406 4589 2765 4650 proventum,
2811 4583 2882 4636 ita
2932 4593 2987 4637 ut
3032 4584 3298 4653 possimus
3343 4588 3650 4653 sustinere,

2068 4672 2182 4740 ipse
2221 4672 2361 4728 adsit
2401 4675 2650 4730 omnibus
2692 4674 2846 4729 nobis
2893 4683 2947 4729 et
2999 4692 3215 4730 manum
3271 4680 3544 4748 porrigat,
3602 4693 3654 4734 ut

2068 4764 2346 4834 splendide
2375 4767 2667 4831 celebrati,
2700 4778 2931 4822 internas
2961 4783 3355 4839 consequamur
3385 4787 3616 4825 coronas
3638 4817 3652 4839 ,

2065 4857 2235 4925 gratia
2290 4864 2345 4911 et
2395 4856 2721 4927 benignitate
2764 4859 2972 4913 Domini
3019 4863 3186 4914 nostri
3232 4861 3356 4916 Jcsu
3411 4861 3608 4918 Christi
3637 4905 3652 4928 ,

2067 4946 2284 5015 quicum
2312 4945 2453 5000 Patri
2480 4957 2533 5001 et
2557 4948 2775 5017 Spiritui
2800 4959 2987 5003 sancto
3009 4951 3175 5019 gloria
3206 4993 3221 5017 ,
3249 4951 3422 5007 honor
3447 4992 3463 5019 ,
3489 4956 3657 5025 impe-

2068 5037 2437 5104 rium,nnncet
2452 5052 2666 5109 semper
2693 5082 2708 5107 ,
2734 5042 2861 5095 etin
2884 5043 3437 5100 sacculasrculorum.
3456 5049 3649 5104 Amen.

1784 5304 2131 5367 HOMILIA
2173 5306 2258 5367 IV

374 5475 504 5532 Cir.
532 5475 574 5533 1.
619 5489 671 5527 v.
707 5472 797 5529 ‘26.
843 5472 969 5526 Ideo
1013 5472 1222 5526 tradidit
1264 5473 1378 5528 illos
1423 5472 1557 5528 Deus
1602 5473 1653 5527 in
1698 5473 1956 5544 passiones

446 5566 754 5639 ignominiw.
785 5564 923 5620 Nam
954 5565 1156 5635 femina:
1193 5581 1366 5618 eorum
1398 5576 1713 5620 mutaverunt
1743 5575 1955 5619 natura-

446 5661 540 5715 lem
570 5660 783 5716 usumin
813 5674 923 5712 eum
953 5700 965 5726 ,
1000 5658 1083 5729 qui
1105 5666 1175 5712 cst
1198 5664 1373 5711 contra
1399 5666 1652 5711 naturam.
1674 5657 1763 5711 27.
1791 5658 1949 5714 Simi-

2139 5476 2251 5529 liter
2279 5484 2326 5530 et
2354 5478 2565 5530 masculi
2591 5518 2604 5541 ,
2628 5479 2800 5533 relicto
2823 5484 3046 5538 naturali
3070 5501 3163 5540 usu
3187 5486 3391 5556 femina:
3413 5529 3431 5555 ,
3455 5508 3659 5548 exarse-

2140 5576 2255 5620 runt
2282 5567 2334 5619 in
2364 5567 2626 5623 desideriis
2651 5571 2756 5626 suis
2779 5571 2831 5624 in
2856 5572 3089 5627 invicem.

2146 5659 2193 5713 l.
2237 5657 2519 5715 Passiones
2567 5676 2754 5717 omnes
2799 5664 3165 5734 ignominiosa:
3211 5681 3334 5726 sunt
3363 5709 3380 5741 ,
3430 5671 3663 5727 maxime
