4090 6230
366 415 476 472 τῶν
497 415 744 488 ἀρρένων
779 414 949 486 μανία
972 429 986 443 ο
1017 411 1240 484 καὶγὰρ
1262 413 1462 483 πάσχει
1495 413 1554 466 ἐν
1581 415 1690 476 τοῖς
1719 409 2053 482 ἁμαρτήμα-

365 525 454 562 σιν
497 510 531 580 ἡ
748 506 950 578 μᾶλλον
994 504 1088 558 καὶ
1117 503 1628 573 καταισχύνεται,ἧ
1683 501 1746 555 τὸ
1788 499 1949 568 σῶμα
1993 499 2052 549 ἐν

365 599 480 660 τοῖς
505 595 792 666 νοσήμασι.
833 592 945 646 Θέα
973 592 1030 645 δέ
1055 590 1174 654 πῶς
1197 592 1395 654 αὐτοὺς
1419 591 1511 644 καὶ
1531 587 1767 642 ἐνταῦθα
1801 583 2046 654 συγγνῶ-

371 701 481 756 μης
531 683 846 752 ἀποστερεῖ,
891 679 1146 752 καθάπερ
1183 679 1277 732 ἐπὶ
1315 678 1425 731 τῶν
1483 677 1787 748 δογμάτων,
1821 675 1913 728 ἐπὶ
1951 673 2050 743 μέν

366 771 476 824 τῶν
499 769 726 840 θηλειῶν
775 767 965 834 εἰπὼν,
994 765 1401 833 Μετήλλαξαν
1434 764 1548 832 τὴν
1599 761 1875 833 φυσικὴν
1901 761 2051 831 χρῆ-

367 873 495 912 σιν.
528 858 602 911 Οὐ
635 856 743 928 γάρ
775 855 887 927 ἔχει
918 873 1003 920 τις
1037 857 1233 919 εἰπεῖν,
1265 855 1554 926 φησίν,ὃτι
1586 851 1916 905 κωλυθεῖσαι
1947 849 2051 920 τῆς

369 946 513 1000 κατά
545 945 710 1016 νόμον
745 944 964 1015 μίξεως,
997 943 1090 998 ἐπὶ
1123 943 1283 998 τοῦτο
1301 939 1484 1014 ἦλθον,
1508 940 1622 994 οὗθ’
1653 943 1735 995 ὃτι
1769 940 1872 993 οὐκ
1893 937 2051 1009 ἐχου-

371 1052 462 1088 σαι
497 1034 596 1104 τὴν
626 1032 920 1104 ἐπιθυμίαν
951 1030 1260 1103 πληρῶσαι,
1307 1031 1445 1102 πρὸς
1482 1029 1579 1101 τὴν
1607 1027 1888 1082 ἀλλόκοτον
1917 1024 2052 1078 ταύ-

367 1138 471 1192 την
498 1119 705 1174 λύσσαν
727 1118 1038 1188 ἐξώκειλαν·
1072 1120 1134 1172 τὸ
1159 1117 1268 1191 γὰρ
1305 1116 1657 1189 μεταλλάξαι,
1677 1115 1787 1168 τῶν
1818 1113 2050 1184 ἐχόντων

370 1207 520 1261 ἐστίν
539 1225 554 1238 ο
596 1207 730 1279 ὅπερ
770 1207 864 1260 καὶ
888 1208 980 1260 ἐπὶ
1002 1205 1111 1260 τῶν
1137 1205 1424 1276 δογμάτων
1449 1203 1830 1273 διαλεγόμενος
1854 1200 2006 1268 ἔλεγε
2031 1215 2047 1232 ο

371 1295 779 1365 Μετήλλαξαν
810 1294 925 1363 τὴν
947 1293 1236 1363 ἀλήθειαν
1263 1293 1368 1347 τοῦ
1415 1291 1562 1346 Θεοῦ
1601 1291 1670 1344 ἐν
1706 1288 1786 1356 τῷ
1819 1289 2046 1358 ψεύδει.

385 1384 511 1439 Ἐπί
554 1383 611 1437 δέ
640 1383 746 1437 τῶν
774 1383 1018 1456 ἀρρένων
1053 1381 1214 1436 πάλιν
1248 1381 1448 1452 ἐτέρως
1497 1379 1558 1432 τὸ
1593 1378 1723 1432 αὐτὸ
1761 1376 2049 1449 ἐδήλωσεν,

373 1472 545 1526 εἰπών
569 1488 584 1503 ⁸
622 1472 892 1542 Ἀφέντες
921 1470 1036 1540 τὴν
1085 1469 1359 1540 φυσικὴν
1391 1467 1614 1538 χρῆσιν
1642 1465 1753 1535 τῆς
1784 1465 2048 1532 θηλείας.

373 1560 484 1614 Καὶ
503 1560 706 1630 ὁμοίως
735 1560 973 1622 ἐκείναις
992 1567 1011 1588 ⁸
1048 1559 1142 1611 καὶ
1173 1557 1394 1619 τούτους
1428 1554 1677 1609 ἐκϐάλλει
1716 1553 1896 1623 πάσης
1925 1553 2050 1606 ἀπο-

373 1648 584 1715 λογίας,
607 1646 933 1719 κατηγορῶν
954 1645 1153 1711 αὐτῶν,
1179 1645 1239 1698 ού
1270 1644 1430 1716 μόνον
1457 1645 1539 1697 ὃτι
1561 1639 1705 1714 εἶχον
1729 1641 1936 1696 ἀπόλαυ
1946 1658 2046 1708 σιν,

375 1736 472 1790 καὶ
509 1734 738 1805 ἀφέντες
772 1736 837 1806 ἢν
893 1729 1061 1804 εἰχον,
1120 1733 1206 1786 ἐπ’
1234 1733 1398 1803 ἄλλην
1455 1727 1638 1802 ῆλθον,
1683 1730 1798 1784 ἀλλ’
1825 1730 1906 1782 ὅτι
1950 1728 2050 1799 τὴν

376 1822 519 1876 κατὰ
575 1821 740 1891 φύσιν
790 1822 1176 1892 ἀτιμάσαντες,
1225 1821 1317 1872 ἐπὶ
1354 1819 1453 1890 τὴν
1496 1817 1649 1888 παρά
1696 1817 1856 1886 φύσιν
1889 1815 2049 1886 ἕδρα-

381 1928 501 1982 μον.
558 1909 947 1981 Δυσκολὼτερα
985 1909 1041 1962 δέ
1073 1909 1140 1962 τά
1189 1908 1338 1980 ποιρά
1392 1907 1554 1976 φύσιν
1596 1906 1691 1959 καὶ
1721 1905 2045 1974 ἀηδέστερα,

378 1999 518 2052 ὥστε
566 1999 687 2052 οὺδέ
745 1997 936 2069 ἡδονὴν
988 1998 1054 2051 ἂν
1103 1997 1276 2066 ἔχοιεν
1329 1996 1540 2048 εἰπεῖν·
1605 1995 1637 2064 ἡ
1692 1993 1799 2063 γὰρ
1853 1992 2051 2062 γνησία

378 2086 537 2158 ἡδονὴ
567 2087 600 2158 ἡ
624 2085 763 2140 κατά
793 2085 953 2155 φύσιν
975 2085 1121 2139 ἐστίν
1141 2101 1154 2116 ’
1187 2084 1300 2138 ἀλλ’
1318 2085 1444 2137 ὅταν
1472 2083 1502 2136 6
1533 2082 1663 2144 Θεὸς
1690 2081 2048 2151 ἐγκαταλίπῃ,

379 2175 558 2228 πάντα
605 2175 719 2228 ἀνω
769 2174 864 2227 καὶ
893 2173 1046 2227 κάτω
1078 2172 1309 2241 γίνεται.
1340 2171 1437 2224 Διά
1471 2169 1630 2224 τοῦτο
1679 2169 1742 2222 ού
1790 2167 1850 2221 τὸ
1876 2167 2052 2238 δόγμα

380 2262 564 2325 αὐτοῖς
596 2259 883 2315 σατανικδν
918 2259 1076 2330 μόνον
1111 2255 1200 2330 ἦν,
1226 2258 1362 2312 ἀλλά
1409 2259 1501 2312 καὶ
1523 2259 1553 2311 6
1589 2257 1701 2328 βίος
1722 2254 2048 2317 διαϐολικός.

382 2351 511 2405 Ὅτε
567 2350 668 2421 μὲν
710 2346 803 2404 οῦν
834 2350 961 2421 περί
989 2348 1274 2419 δογμάτων
1316 2347 1604 2416 διελέγετο,
1633 2346 1723 2399 τὸν
1751 2345 1952 2415 κόσμον
1973 2344 2053 2408 είς

385 2439 547 2510 μέσον
593 2437 759 2508 ἔθηκε
792 2439 887 2492 καὶ
913 2439 1010 2508 τὴν
1035 2437 1276 2490 διάνοιαν
1298 2437 1326 2477 δ
1350 2436 1448 2507 τὴν
1469 2435 1836 2506 ἀνθρωπίνην,
1861 2433 2052 2497 εἰπὼν,

381 2528 463 2579 ὃτι
493 2529 558 2596 τῇ
591 2527 803 2578 συνέσει
829 2528 894 2596 τῇ
927 2525 1078 2596 παρὰ
1093 2524 1190 2577 τοῦ
1219 2523 1353 2577 Θεοῦ
1382 2523 1640 2594 δεδομένῃ
1661 2522 1750 2576 διὰ
1777 2521 1884 2574 τῶν
1914 2524 2054 2592 ὁρω-

387 2614 565 2684 μένων
595 2613 856 2684 ἧδύναντο
892 2611 1373 2684 χειραγωγηθῆναι
1410 2611 1546 2682 πρὸς
1574 2611 1664 2663 τὸν
1686 2611 2052 2682 Δημιουργὸν,

383 2697 505 2754 εἶτα
554 2702 627 2773 μὴ
663 2700 1032 2772 βουληθέντες,
1083 2699 1305 2771 ἔμειναν
1338 2699 1731 2767 ἁσύγγνωστοι.
1792 2697 2056 2751 Ἐνταῦθα

383 2790 441 2843 δέ
470 2790 589 2843 ἀντὶ
615 2789 710 2843 τοῦ
745 2790 951 2860 κόσμου
981 2789 1080 2859 τὴν
1119 2788 1262 2843 κατά
1293 2788 1453 2858 φύσιν
1480 2787 1728 2841 τέθεικεν
1751 2786 1962 2858 ἡδονὴν,
1988 2781 2055 2860 ἧς

385 2876 648 2946 ἠδύναντο
678 2877 815 2949 μετά
841 2877 1026 2940 ἀδείας
1059 2875 1305 2941 πλείονος
1337 2875 1699 2938 ἀπολαύοντες
1753 2874 1844 2928 καὶ
1875 2874 2057 2944 μείζο-

385 2983 478 3031 νος
517 2965 618 3038 τῆς
667 2966 1026 3040 εὐφροσύνης,
1069 2965 1412 3037 ἀπηλλάχθαι
1445 2963 1734 3036 άίσχύνηςο
1794 2963 1911 3017 ἀλλ’
1955 2963 2058 3017 οὐκ

384 3055 678 3128 ἠθέλησαν·
709 3055 831 3110 ὅθεν
847 3057 942 3110 καὶ
965 3053 1296 3126 συγγνώμης
1315 3055 1392 3108 ἀπ
1403 3054 1540 3125 άσης
1570 3053 1708 3105 εἰσὶν
1726 3049 1876 3124 [455]
1900 3050 2056 3115 ἐκτός

385 3143 482 3200 καὶ
529 3145 609 3209 είς
637 3145 808 3216 αὐτὴν
837 3145 936 3215 τὴν
963 3143 1126 3212 φύσιν
1154 3142 1472 3215 ὑϐρίσαντες
1492 3158 1507 3174 ’
1543 3141 1638 3194 καὶ
1666 3140 1728 3194 τὸ
1751 3141 1816 3210 δὴ
1850 3138 2056 3193 τούτων

387 3233 992 3306 ἀτιμότερον,δτανκαὶ
1010 3235 1269 3302 γυναῖκες
1295 3230 1498 3294 ταύτας
1520 3228 1825 3299 ἐπιζητῶσι
1853 3229 1952 3291 τὰς
1975 3227 2060 3298 μί-

388 3322 520 3390 ξεις.
556 3322 622 3386 ἀς
652 3322 860 3395 ἀνδρῶν
890 3321 1089 3389 μᾶλλον
1117 3319 1382 3376 αἰδεῖσθαι
1407 3319 1593 3391 ἐχρῆν.
1623 3317 1808 3382 ’Ἄξιον
1833 3317 1892 3370 δέ
1929 3315 2060 3370 θαυ-

393 3409 562 3478 μάσαι
605 3409 695 3463 καὶ
735 3407 969 3462 ἐνταῦθα
1005 3407 1098 3461 τοῦ
1150 3407 1364 3461 Παύλου
1412 3406 1512 3475 τὴν
1544 3403 1780 3471 σύνεσιν,
1815 3401 1932 3467 πῶς
1981 3405 2062 3467 εἰς

388 3497 481 3550 δύο
516 3495 818 3570 πράγματα
845 3493 1102 3566 ἐμπεσὼν
1131 3494 1367 3558 ἐναντία,
1400 3491 1684 3563 ἀμφότερα
1713 3491 1876 3562 ῆνυσε
1923 3489 2063 3561 μετά

390 3584 570 3655 πάσης
600 3581 1206 3656 ἀκριϐείας.Ἒϐούλετο
1230 3582 1338 3651 γάρ
1371 3582 1464 3635 καὶ
1495 3579 1707 3651 σεμνῶς
1741 3581 1935 3644 εἰπεῖν,
1969 3579 2063 3632 καὶ

390 3672 574 3725 δακεῖν
596 3672 688 3726 τὸν
711 3673 986 3744 ἀκροατήν
1003 3688 1016 3702 ο
1048 3669 1221 3724 ταῦτα
1247 3671 1304 3724 δέ
1326 3669 1611 3741 ἀμφότερα
1634 3669 1734 3722 οὐκ
1756 3667 1904 3739 ἐνῆν,
1928 3667 2064 3721 ἀλλά

392 3759 618 3831 θάτερον
664 3759 937 3830 ἐμποδίζει
972 3757 1206 3830 θατέρῳ.
1232 3757 1331 3810 Ἂν
1359 3757 1459 3828 μὲν
1486 3757 1594 3828 γὰρ
1627 3755 1839 3826 σεμνῶς
1881 3757 2060 3829 εἴπῃς,

390 3847 451 3899 ού
489 3847 692 3917 δυνήσῃ
717 3845 1034 3899 καθικέσθαι
1079 3844 1174 3897 τοῦ
1215 3843 1539 3907 ἀκούοντος·
1581 3843 1676 3896 ἐὰν
1700 3842 1757 3896 δέ
1799 3841 2063 3913 βουληθῇς

391 3933 736 4004 καθάψασθαι
775 3933 1038 4004 σφοδρῶς,
1072 3931 1315 4004 ἀνάγκην
1353 3931 1498 4002 ἔχεις
1537 3929 1931 4000 ἀπογυμνῶσαι
1971 3947 2064 3982 σα-

394 4021 654 4094 φέστερον
687 4021 749 4075 τὸ
781 4020 1092 4092 λεγόμενον.
1137 4009 1276 4074 Ἀλλ’
1323 4020 1357 4090 ἡ
1393 4019 1586 4090 συνετὴ
1618 4020 1712 4072 καὶ
1743 4018 1875 4086 ἀγία
1918 4018 2064 4088 ψυχὴ

395 4111 536 4182 μετά
565 4111 849 4183 ἀκριϐείας
893 4109 1179 4180 ἀμφότερα
1224 4108 1462 4178 ἴσχυσεν,
1493 4109 1550 4161 ἐν
1599 4106 1673 4177 τῷ
1704 4106 1804 4175 τῆς
1851 4104 2064 4176 φύσεως

393 4199 618 4270 ὀνόματι
651 4199 744 4253 καί.
773 4200 871 4269 τὴν
905 4197 1240 4268 κατηγορίαν
1269 4195 1530 4266 αὐξήσας,
1557 4195 1652 4247 καὶ
1677 4194 1866 4264 ῶσπερ
1891 4210 2065 4264 παρα-

395 4287 705 4357 πετάσμστί
757 4304 862 4339 τινι
923 4285 1101 4357 ταύτῃ
1132 4283 1478 4354 χρησάμενος
1506 4282 1585 4343 εἰς
1628 4281 1688 4335 τὸ
1723 4280 1920 4351 σεμνὸν
1965 4284 2064 4351 τῆς

393 4375 718 4445 διηγήσεως.

469 4526 600 4582 Εἶτα
631 4529 738 4583 τῶν
764 4529 1040 4599 γυναικῶν
1074 4526 1456 4598 καθαψάμενος
1490 4529 1794 4600 πρότερον,
1840 4529 1933 4581 καὶ
1972 4529 2066 4582 ἐπὶ

395 4618 522 4680 τοὺς
559 4617 758 4688 ἄνδρας
793 4617 1028 4689 πρόεισι,
1063 4617 1234 4686 λέγων
1254 4635 1266 4648 ·
1306 4617 1550 4686 Ὁμοίως
1583 4616 1652 4670 δὲ
1683 4617 1780 4670 καί
1810 4618 1864 4670 οἱ
1892 4616 2064 4685 dips-

395 4724 519 4774 νες,
547 4707 796 4776 ἀφέντες
823 4705 940 4775 τὴν
962 4706 1236 4776 φυσικὴν
1262 4706 1485 4776 χρῆσιν
1511 4705 1618 4775 τῆς
1641 4709 1903 4774 θηλείας·
1930 4711 2066 4778 ὅπερ

394 4797 632 4868 ἐσχάτης
669 4797 818 4850 ἐστὶν
864 4796 1139 4859 ἀπωλείας
1190 4796 1416 4866 δεῖγμα,
1451 4797 1579 4849 ὅταν
1613 4798 1870 4868 ἑκάτερον
2003 4798 2066 4850 τὸ

394 4885 552 4952 γένος
584 4883 978 4956 διεφθαρμένον
998 4925 1012 4950 ,
1046 4884 1140 4937 καὶ
1168 4883 1196 4936 ὃ
1226 4901 1283 4936 τε
1321 4881 1638 4947 διδάσκαλος
1677 4883 1777 4952 τῆς
1809 4884 2066 4952 γυναικὸς

394 4967 538 5025 εἶναι
564 4971 804 5042 ταχθεὶς,
908 4989 968 5023 τε
1000 4970 1192 5042 βοηθὸς
1221 4970 1312 5024 τοῦ
1345 4969 1534 5042 ἀνδρὸς
1597 4969 1948 5023 κελευσθεῖσα
1977 4988 2066 5039 γε-

392 5060 604 5122 νέσθαι,
632 5059 702 5112 τά
732 5059 839 5113 τῶν
871 5058 1083 5130 ἐχθρῶν
1113 5060 1194 5124 εἰς
1211 5057 1475 5129 ἀλλήλους
1494 5057 1835 5129 ἐργάζονται.
1869 5059 2065 5112 Σκόπει

393 5147 450 5199 δὲ
493 5148 610 5209 πῶς
643 5147 737 5201 καὶ
779 5149 1128 5218 ἐμφαντικῶς
1169 5147 1371 5219 χρῆται
1413 5150 1531 5211 ταῖς
1576 5146 1806 5214 λέξεσιν.
1843 5147 1917 5201 Ού
1957 5147 2066 5219 γὰρ

395 5228 578 5299 εἶπεν,
612 5234 691 5286 ὃτι
736 5234 1059 5305 ἠράσθησαν
1115 5236 1210 5288 καὶ
1244 5233 1598 5306 ἐπεθύμησαν
1636 5234 1915 5306 ἀλλήλων,
1951 5235 2066 5288 ἀλλ’

407 5323 860 5390 Ἐεεκίιύθησαν
897 5325 966 5378 ἐν
1013 5323 1087 5392 τῇ
1133 5324 1324 5392 ὀρέξει
1365 5323 1564 5378 αὐτῶν
1595 5327 1682 5390 είς
1729 5325 2063 5393 ἀλλήλους.

406 5411 594 5481 Ὁρᾷς,
643 5410 724 5464 ὅτι
751 5411 859 5465 ἀπὸ
902 5411 1212 5476 πλεονεξίας
1242 5412 1303 5465 τὸ
1329 5414 1438 5466 πᾶν
1467 5413 1566 5483 τῆς
1606 5412 1900 5484 ἐπιθυμίας
1923 5453 1936 5476 ,
1967 5413 2067 5466 οὐκ

397 5499 777 5569 ἁνασχομένης
808 5498 941 5552 εἴσω
978 5497 1086 5552 τῶν
1117 5499 1334 5554 οἰκείων
1371 5501 1514 5572 ὅρων
1551 5499 1771 5569 μένειν;
1808 5502 1924 5554 Πᾶν
1958 5500 2067 5571 γὰρ

397 5588 458 5641 τὸ
497 5586 823 5658 ύπερϐαῖνον
868 5587 994 5651 τοὺς
1039 5586 1187 5659 παρὰ
1228 5587 1364 5640 Θεοῦ
1408 5588 1660 5653 τεθέντας
1698 5589 1915 5660 νόμους,
1959 5590 2067 5643 τῶν

399 5675 703 5730 ἀλλοκότων
725 5673 999 5745 ἐπιθυμεῖ,
1023 5677 1115 5729 καί
1135 5677 1255 5746 ούχί
1273 5675 1382 5728 τῶν
1408 5677 1830 5747 νενομισμένων.
1859 5679 2066 5748 Ὥσπερ

405 5763 510 5834 γὰρ
539 5762 723 5816 πολλοὶ
751 5761 1008 5825 πολλάκις
1033 5763 1131 5833 τὴν
1150 5763 1260 5816 τῶν
1293 5761 1477 5816 σιτίων
1501 5764 1795 5835 ἐπιθυμίαν
1820 5765 2065 5834 ἀφέντες,

470 5945 488 5969 ⁸
513 5947 668 6012 linus,
691 5949 865 6011 ὁμοίως
892 5950 1081 6006 Ξκείνας.
1171 5951 1196 5993 ιι
1219 5951 1296 6004 ΑΙ.
1350 5953 1426 6009 τὴν
1471 5950 1678 6011 δύναμιν,

1130 300 1187 355 S.
1241 297 1530 356 JOANNIS
1571 290 2066 354 CHRYSOSTOMI
2101 291 2423 348 ARCHIEP.
2467 294 3017 355 (ZONSTANTINOP.

3734 299 3842 356 H8

2158 408 2262 478 γῆν
2299 412 2571 466 σιτοῦνται
2610 413 2702 466 καὶ
2753 413 2935 476 λίθους
2965 414 3228 486 μικροὺς,
3278 415 3372 469 καὶ
3419 413 3596 489 ἓίεροι
3635 421 3692 474 δέ
3736 423 3848 475 ὑπὸ

2157 496 2344 565 δίψους
2397 503 2749 571 κατεχόμενοι
2802 501 3072 574 σφοδροῦ,
3121 503 3216 556 καί.
3269 503 3532 575 βορϐόρου
3580 509 3842 576 πολλάκις

2160 583 2540 656 ἐπιθυμοῦσιν·
2567 589 2711 642 οῦτω
2737 591 2830 642 καὶ
2860 592 3059 642 ἐκεῖνοι
3084 591 3220 663 πρὸς
3247 593 3338 646 τὸν
3367 597 3685 666 παράνομον
3716 601 3840 652 τοῦ·

2156 691 2249 727 τον
2283 675 2688 748 ἐξεϐράσθησαν
2723 689 2743 716 τε
2783 677 2982 748 ἔρωτα.
3018 681 3082 733 El
3120 680 3175 733 δέ
3215 681 3424 750 λέγεις,
3458 687 3568 738 Καὶ
3599 689 3762 742 πόθεν
3803 693 3840 761 ἡ

2158 763 2412 826 ἐπίτασις
2440 765 2538 834 τῆς
2563 766 2859 836 ἐπιθυμίας
2887 766 3059 838 αῦτης
3101 769 3233 821 Ἀπὸ
3261 771 3360 840 τῆς
3387 773 3481 825 τοῦ
3507 775 3642 828 Θεοῦ
3675 779 3837 843 ἐγκα-

2158 849 2476 920 ταλείψεως.
2523 853 2588 904 Ἡ
2629 853 2687 905 δέ
2719 854 3109 924 ἐγκατάλειψις
3151 857 3245 910 τοῦ
3291 859 3426 911 Θεοῦ
3469 862 3666 928 πόθεν;
3708 865 3838 918 ’Δπδ

2157 936 2258 1008 τῆς
2285 938 2393 991 τῶν
2427 939 2674 1008 ἀφέντων
2703 941 2866 994 αὑτὸν
2911 943 3163 1014 ἀνομίας
3203 947 3477 1014 Ἀρῤενες
3513 950 3584 1002 ἐν
3623 951 3839 1020 ἄρσεσι

2159 1021 2274 1091 τὴν
2301 1023 2750 1094 ἀσχημοσύνην
2779 1029 3287 1100 κατεργαζόμενοι.

2232 1178 2300 1249 β’.
2317 1180 2409 1251 Μὴ
2431 1179 2538 1254 γάρ
2557 1181 2746 1251 ἐπειδὴ
2771 1183 3027 1254 ἤκουσας,
3055 1185 3241 1255 φησὶν,
3262 1187 3343 1240 δτι
3359 1189 3838 1260 Ἐξεκαύθησιεν,

2156 1268 2255 1339 τῆς
2283 1268 2582 1339 ἐπιθυμίας
2607 1271 2776 1341 μόνης
2801 1266 2939 1324 εἶναι
2975 1273 3206 1343 νομίσῃς
3231 1275 3292 1327 τὸ
3319 1276 3534 1347 νόσημα
3560 1295 3575 1310 ·
3604 1279 3698 1332 καὶ
3731 1281 3838 1351 γὰρ

2157 1356 2217 1410 τὸ
2240 1357 2404 1411 πλέον
2429 1359 2529 1428 τῆς
2557 1360 2738 1413 αὐτῶν
2761 1359 3036 1431 ῥᾳθυμίας
3056 1363 3275 1434 ἐστὶν,ἢ
3301 1364 3396 1418 καὶ
3417 1365 3518 1436 τὴν
3544 1365 3836 1436 ἐπιθυμίαν

2157 1447 2354 1519 ἀνῆψε.
2379 1448 2477 1502 Διά
2505 1447 2662 1502 τοῦτο
2680 1450 2780 1503 ούκ
2810 1445 2952 1514 εἷπε,
2975 1451 3466 1523 Παρασυρέντες,ἦ
3495 1455 3837 1524 Προληφθέν-

2157 1552 2248 1598 τες
2273 1533 2324 1601 ἀ,
2359 1537 2497 1607 ὅπερ
2523 1536 2756 1607 ἀλλαχοῦ
2794 1554 2980 1608 φησιν,
3014 1538 3152 1592 ἀλλά
3181 1539 3235 1593 τί
3255 1557 3269 1599 ς
3313 1539 3836 1612 Κατεμπτιζόμενοι.

2163 1623 2364 1693 Ἔργον
2391 1622 2576 1676 ἔθεντο
2597 1625 2696 1695 τὴν
2723 1626 3015 1696 ἁμαρτίαν,
3041 1627 3136 1679 καὶ
3155 1627 3252 1696 οὐχ
3279 1627 3465 1692 ἀπλῶς
3491 1629 3678 1702 ἔργον,
3704 1631 3839 1686 άλλά

2159 1711 2253 1764 καὶ
2300 1711 2756 1783 ἐσπουδασμένον.
2814 1714 2925 1767 Καὶ
2967 1714 3067 1767 οὐκ
3095 1710 3277 1779 εἶπεν,
3343 1717 3689 1787 Ὶοίπιθυμίαν,
3723 1720 3838 1772 ἀλλ’

2173 1798 2654 1868 Ἀσχημοσύνην,
2696 1801 2923 1872 κυρίως*
2959 1803 3052 1855 καὶ
3085 1803 3195 1874 γὰρ
3225 1805 3318 1856 καὶ
3347 1804 3444 1875 τὴν
3478 1805 3643 1872 φύσιν
3673 1807 3838 1876 ᾔσχυ·

2159 1902 2290 1949 ναν,
2324 1885 2420 1939 καὶ
2452 1886 2582 1949 τοὺς
2620 1886 2820 1958 νόμους
2861 1890 3162 1959 ἐπάτησαν.
3208 1890 3317 1943 Καὶ
3362 1891 3463 1960 δρα
3493 1892 3701 1962 πολλὴν
3742 1893 3840 1964 τὴν

2161 1973 2424 2044 σύγχυσιν
2451 1975 2510 2042 ἐξ
2535 1975 2845 2046 ἀμφοτέρου
2873 1975 2968 2028 τοῦ
3000 1976 3198 2048 μέρους
3225 1977 3536 2049 γινομένην.
3562 1982 3639 2034 Ού
3665 1980 3778 2051 γὰρ
3804 1984 3837 2052 ἡ

2161 2063 2370 2133 κεφαλὴ
2401 2063 2538 2134 μόνη
2565 2064 2716 2117 κάτω
2741 2066 2985 2132 γέγονεν,
3013 2065 3148 2119 ἀλλά
3175 2067 3272 2120 καὶ
3302 2069 3350 2120 οί
3388 2068 3546 2130 πόδες
3577 2069 3713 2135 ἄνω,
3746 2072 3843 2124 καί

2160 2151 2412 2222 πολέμιοι
2436 2151 2644 2206 ἑαυτῶν
2667 2154 2760 2206 καὶ
2779 2153 3022 2225 ἀλλήλων
3043 2155 3309 2222 ἐγένοντο,
3333 2156 3459 2226 χαλε
3469 2159 3572 2229 τιήν
3594 2176 3718 2212 τινα
3745 2162 3842 2212 καὶ

2161 2240 2362 2304 παντὸς
2407 2241 2671 2311 ἐμφυλίου
2721 2241 2960 2310 πολέμου
3015 2245 3483 2315 παρανομωτέραν
3526 2247 3842 2314 εἰσάγοντες

2165 2325 2345 2396 μάχην
2363 2328 2456 2380 καὶ
2482 2328 2775 2398 πολυσχιδῆ
2807 2330 2901 2384 καὶ
2925 2329 3196 2400 ποικίλην.
3220 2332 3329 2384 Καὶ
3349 2332 3458 2404 γὰρ
3487 2333 3566 2396 εἰς
3591 2337 3842 2405 τέσσαρα

2159 2413 2366 2483 ταύτην
2394 2413 2586 2468 διεῖλον
2618 2415 2732 2484 εἴδη
2763 2417 2897 2468 κενά
2922 2417 3017 2469 καὶ
3039 2418 3332 2488 παράνομα
3351 2434 3364 2448 °
3392 2419 3453 2471 ού
3479 2419 3586 2489 γὰρ
3615 2420 3846 2484 διπλοῦς

2163 2499 2255 2552 καὶ
2283 2500 2560 2570 τριπλοῦς,
2594 2502 2731 2557 ἀλλά
2762 2503 2858 2556 καὶ
2882 2504 3222 2575 τετραπλοῦς
3246 2498 3402 2568 οὗτος
3431 2508 3458 2558 6
3482 2507 3719 2576 πόλεμος
3747 2504 3836 2578 ῆν,

2165 2586 2314 2660 [456]
2348 2589 2646 2668 Σκόπει.δεῦ
2684 2593 2833 2647 Ἔδει
2857 2593 2982 2652 τοὺς
3015 2593 3108 2646 δύο
3142 2595 3238 2648 ἐνα
3277 2592 3436 2657 εἶναι,
3482 2600 3713 2663 γυναῖκα
3747 2601 3841 2650 καὶ

2164 2674 2335 2746 ἄνδρα
2363 2676 2523 2744 λέγω
2565 2676 2850 2732 Ἔσονται
2890 2679 2997 2749 γάρ
3022 2725 3036 2744 ,
3069 2682 3254 2750 φησὶν,
3291 2684 3343 2734 οἱ
3374 2681 3482 2735 δύο
3521 2685 3607 2749 εις
3640 2685 3840 2750 σάρκα

2159 2764 2325 2833 μίαν.
2383 2765 2586 2818 Ἐποίει
2635 2765 2691 2818 δέ
2735 2767 2894 2819 τοῦτο
2939 2769 2972 2838 ἡ
3015 2768 3117 2838 τῆς
3162 2769 3379 2840 ὁμιλίας
3422 2771 3704 2840 ἐπιθυμία,
3745 2774 3840 2824 καὶ

2169 2853 2407 2922 συνῆπτε
2431 2853 2499 2906 τά
2519 2853 2649 2924 γένη
2676 2854 2810 2923 πρὸς
2830 2855 3054 2926 ἄλληλα.
3080 2857 3297 2928 Ταύτην
3324 2857 3529 2912 ἀνελὼν
3548 2862 3575 2910 ό
3593 2859 3841 2922 διάϐολος

2165 2940 2263 3011 τὴν
2311 2940 2638 3010 ἐπιθυμίαν,
2673 2944 2768 2995 καὶ
2806 2943 2887 3011 ἐφ’
2941 2943 3125 3014 ἕτερον
3177 2945 3574 3016 μετοχετεύσας
3611 2945 3840 3013 τρόπον,

2167 3029 2464 3100 ἀπέσχισεν
2490 3027 2663 3094 οὕτως
2692 3031 2786 3084 ἀπ’
2814 3030 3060 3101 ἀλλήλων
3100 3031 3166 3085 τά
3206 3033 3361 3105 γένη,
3394 3033 3489 3086 καὶ
3521 3034 3747 3104 ἐποίησε
3780 3035 3846 3086 7.6

2169 3117 2228 3172 ἓν
2257 3119 2352 3172 δύο
2390 3119 2642 3188 γενέσθαι
2677 3121 2848 3192 μέρη,
2886 3122 3214 3185 ἀπεναντίας
3245 3123 3324 3194 τῷ
3356 3124 3450 3178 τοῦ
3485 3125 3617 3178 Θεοῦ
3653 3127 3837 3196 νόμῳ·

2168 3203 2196 3254 6
2228 3203 2327 3274 μὲν
2358 3205 2466 3276 γάρ
2496 3221 2682 3276 φησιν,
2721 3207 3006 3259 Ἔσονται
3034 3210 3087 3260 οἱ
3115 3206 3223 3261 δύο
3267 3212 3355 3275 εὶς
3391 3208 3586 3278 σάρκα
3606 3211 3774 3279 μίαν*
3812 3215 3844 3264 ὁ

2168 3291 2342 3358 δὲτὴν
2361 3291 2490 3361 μίαν
2510 3293 2588 3356 είς
2609 3291 2703 3344 δύο
2722 3291 2936 3348 διεῖλεν.
2976 3294 3106 3347 Ἰδοὺ
3134 3295 3374 3366 πόλεμος
3393 3291 3492 3360 εἷς.
3514 3297 3679 3350 Πάλιν
3700 3299 3842 3351 αὐτὰ

2169 3380 2239 3434 τά
2265 3380 2360 3433 δύο
2390 3381 2528 3453 μέρη
2562 3381 2732 3434 ταῦτα
2763 3381 2858 3434 καὶ
2893 3383 3026 3455 πρὸς
3061 3384 3256 3448 αὐτοὺς
3286 3385 3380 3438 καὶ
3409 3386 3543 3456 πρὸς
3576 3387 3842 3457 ἀλλήλους

2170 3465 2580 3538 ἐξεπολέμωσεν
2599 3485 2612 3498 ·
2635 3468 2770 3522 αἵτε
2792 3469 2897 3540 γάρ
2917 3475 3172 3538 γυναῖκες
3195 3475 3463 3540 γυναῖκας
3485 3472 3704 3543 ῦϐριζον
3736 3475 3842 3528 πά-

2169 3555 2272 3621 λιν,
2306 3558 2406 3609 ούκ
2452 3555 2653 3629 ἀνδρας
2689 3557 2871 3627 μόνον,
2916 3559 2970 3611 οἵ
3010 3576 3071 3612 τε
3111 3559 3303 3632 ἄνδρες
3332 3562 3474 3614 κατά
3503 3579 3561 3614 τε
3594 3562 3842 3632 ἀλλήλων

2172 3645 2408 3705 ἵσταντο,
2442 3643 2535 3696 καὶ
2569 3644 2710 3698 κατά
2739 3645 2833 3698 τοῦ
2865 3647 3178 3714 γυναικείου
3228 3647 3440 3715 γένους,
3484 3648 3737 3718 καθάπερ
3783 3651 3843 3701 ἐν

2171 3731 2513 3802 νυκτομαχίᾳ
2539 3732 2672 3784 τινί·
2700 3731 2838 3794 εἶδες
2861 3733 3112 3806 δεύτερον
3138 3735 3233 3788 καὶ
3255 3736 3438 3805 τρίτον
3466 3737 3721 3807 πόλεμον,
3747 3739 3845 3790 καὶ

2169 3819 2424 3889 τέταρτον
2449 3816 2544 3870 καὶ
2570 3818 2850 3888 πέμπτονς
2887 3820 3046 3873 Ἔστι
3079 3822 3172 3874 καὶ
3197 3822 3402 3894 ἕτερος·
3433 3823 3572 3894 μετά
3596 3822 3706 3894 γὰρ
3731 3825 3840 3876 τῶν

2172 3906 2476 3979 εἰρημένων
2537 3907 2632 3959 καὶ
2689 3908 2770 3970 εἰς
2823 3907 2921 3979 τὴν
2985 3908 3146 3978 φύσιν
3197 3909 3366 3981 αὐτὴν
3420 3911 3842 3980 παρηνόμησαν.

2185 3993 2401 4066 Ἐπειδὴ
2434 3995 2542 4068 γὰρ
2573 3989 2712 4048 εἶδεν
2739 3997 2768 4048 ό
2797 3994 3064 4061 διάϐολος,
3093 3995 3176 4049 ὅτι
3195 3995 3334 4067 αῦτη
3363 3996 3596 4066 μάλιστα
3620 3997 3850 4064 συνάγει

2171 4081 2240 4135 τὰ
2273 4081 2407 4154 γένη
2458 4085 2492 4155 ἡ
2525 4082 2826 4154 ἐπιθυμία,
2871 4081 2962 4134 τὸν
3001 4082 3199 4154 δεσμὸν
3227 4082 3526 4136 ἐσπούδασε
3564 4084 3843 4154 διακόψαι,

2172 4169 2313 4222 ῶστε
2340 4170 2402 4223 ού
2434 4169 2513 4242 τῷ
2558 4171 2633 4244 μὴ
2665 4169 2986 4242 σπείρεσθαι
3022 4170 3182 4241 μόνον
3214 4171 3356 4224 κατὰ
3391 4171 3555 4240 νόμον
3590 4172 3651 4223 τὸ
3688 4173 3846 4238 γένος

2172 4257 2443 4322 διαλῦσαι,
2476 4258 2612 4313 ἀλλά
2643 4258 2739 4312 καὶ
2768 4257 2847 4330 τῷ
2887 4259 3024 4329 πρὸς
3058 4258 3320 4329 ἀλλήλους
3351 4258 3846 4328 ἐκπεπολεμῶσθαι

2172 4343 2233 4395 τὸ
2255 4342 2409 4409 γένος
2432 4343 2526 4396 καὶ
2550 4341 2884 4406 στασιάζειν.
2913 4342 3024 4396 Καὶ
3046 4341 3161 4411 τὴν
3178 4343 3582 4411 ἀντιμισθίαν,
3600 4340 3678 4408 ἣν
3695 4341 3843 4405 ἔδει,

2174 4428 2284 4497 τῆς
2303 4429 2544 4498 πλάνης
2561 4429 2760 4484 αὐτῶν
2780 4429 2850 4484 ἐν
2873 4429 3106 4496 ἑαυτοῖς
3127 4429 3682 4498 ἀπολαμϐάνοντες.
3701 4429 3847 4500 Ὀρα

2173 4517 2292 4580 πῶς
2325 4518 2486 4572 πάλιν
2512 4519 2604 4571 ἐπὶ
2633 4518 2733 4590 τὴν
2766 4517 2947 4588 πηγὴν
2982 4517 3200 4590 ἔρχεται
3234 4517 3326 4572 τοῦ
3359 4516 3553 4580 κακοῦ,
3588 4517 3686 4588 τὴ»
3719 4519 3847 4570 ἀσέ-

2175 4604 2326 4657 ϐειαν
2356 4604 2454 4675 τὴν
2499 4604 2607 4658 ἀπὸ
2633 4604 2742 4658 τῶν
2780 4605 3090 4675 δογμάτων,
3125 4604 3218 4656 καὶ
3256 4603 3445 4674 μισθὸν
3475 4602 3663 4656 τοῦτον
3706 4599 3846 4656 εἶναί

2175 4709 2307 4762 φησι
2333 4693 2431 4763 τῆς
2454 4693 2798 4764 παρανομίας
2824 4692 3059 4760 ἐκείνης.
3094 4691 3311 4762 Ἐπειδὴ
3336 4692 3446 4762 γὰρ
3469 4691 3598 4763 περὶ
3621 4691 3847 4760 γεέννης

2175 4782 2270 4834 καὶ
2309 4781 2582 4843 κολάσεως
2613 4781 2786 4850 λέγων
2807 4821 2820 4846 ,
2858 4781 2952 4833 νῦν
2981 4780 3080 4833 οὐκ
3113 4780 3290 4834 ἐδόκει
3329 4779 3519 4844 πιστὸς
3559 4775 3700 4833 εἶναι
3734 4783 3848 4842 τοῖς

2175 4869 2392 4923 ἀσεϐέσι
2423 4869 2514 4922 καὶ
2547 4870 2687 4923 οὕτω
2717 4870 2814 4940 ζῇν
2845 4867 3320 4939 προαιρουμένοις,
3363 4867 3498 4920 ἀλλὰ
3543 4867 3636 4920 καί
3680 4884 3848 4920 κατα·
3899 4896 3915 4902 -

2174 4956 2742 5025 γέλαστος,δείκνυσιν
2769 4958 2828 5009 ἐν
2849 4956 2986 5026 αὐτῇ
3010 4959 3078 5026 τῇ
3097 4955 3257 5026 ἡδονῇ
3275 4953 3480 5024 ταύτην
3505 4955 3605 5024 τὴν
3627 4953 3849 5006 κόλασιν

2173 5040 2359 5098 οὖσαν.
2397 5045 2461 5097 Εἰ
2498 5044 2554 5098 δὲ
2584 5044 2684 5096 οὐκ
2717 5042 3093 5108 αἰσθάνονται,
3148 5041 3264 5096 ἀλλ’
3310 5041 3563 5111 ἥδονται,
3602 5039 3677 5110 μὴ
3716 5039 3847 5091 θαυ-

2178 5133 2377 5204 μάσῃςο
2435 5131 2531 5186 καὶ
2573 5131 2681 5201 γάρ
2731 5131 2826 5184 καὶ
2873 5133 2920 5184 οί
2975 5129 3288 5201 μαινόμενοι
3343 5130 3441 5183 καὶ
3484 5129 3534 5181 οἱ
3587 5127 3849 5198 φρενίτιδι

2175 5220 2524 5290 κατεχόμενοι
2549 5219 2688 5288 νόσῳ
2716 5217 2882 5271 πολλά
2903 5217 3130 5282 ἑαυτοὺς
3155 5215 3490 5281 ἀδικοῦντες,
3520 5215 3616 5268 καὶ
3640 5215 3852 5266 ἐλεεινὰ

2176 5306 2540 5378 πράσσοντες,
2572 5305 2657 5374 ἐφ’
2707 5300 2789 5368 οἷς
2837 5305 3031 5367 αὐτοὺς
3059 5303 3239 5374 ἕτεροι
3283 5302 3614 5374 δακρύουσι,
3647 5300 3850 5370 γελῶσι

2177 5393 2269 5446 καὶ
2293 5393 2598 5462 ἐντρυφῶσι
2623 5395 2736 5456 τοῖς
2763 5391 3068 5461 γινομένοις
3096 5389 3269 5444 αὐτοί.
3313 5390 3453 5444 Ἀλλ’
3485 5391 3544 5443 οὐ
3577 5389 3665 5442 διὰ
3694 5388 3855 5442 τοῦτό

2177 5499 2356 5551 φαμεν
2387 5481 2585 5544 αὐτοὺς
2617 5480 2963 5550 ἀπηλλάχθαι
2991 5479 3268 5542 κολάσεως
3291 5519 3306 5543 ,
3336 5479 3474 5533 ἀλλά
3503 5479 3597 5532 καὶ
3621 5477 3691 5530 δι’
3719 5478 3855 5531 αὐτὸ

2181 5571 2278 5640 μὲν
2320 5565 2412 5623 οὖν
2444 5567 2598 5622 τοῦτο
2629 5570 2686 5621 ἐν
2717 5567 3073 5639 χαλεπωτέρᾳ
3107 5562 3247 5620 εἶναι
3288 5566 3561 5638 τιμωρίᾳ,
3611 5566 3696 5618 ὅτι
3728 5566 3856 5619 οὐδὲ

2180 5659 2356 5712 ἴσασιν
2391 5660 2446 5711 ἐν
2475 5651 2558 5720 οἷς
2577 5659 2734 5711 εἰσιν.
2762 5657 2838 5710 Οὐ
2861 5656 2970 5726 γὰρ
2990 5655 3102 5710 ἀπὸ
3121 5655 3226 5708 τῶν
3253 5654 3575 5715 νοσούντων,
3605 5653 3724 5706 ἀλλ’
3748 5654 3858 5708 ἀπὸ

2177 5746 2285 5798 τῶν
2325 5745 2672 5814 ὑγιαινόντων
2719 5744 2800 5796 δεῖ
2837 5743 3023 5814 φέρειν
3071 5742 3170 5806 τὰς
3207 5742 3456 5812 ψήφους·
3507 5740 3632 5794 ἐπεὶ
3682 5741 3744 5794 τό
3793 5757 3856 5809 γε

2315 5958 2331 5974 ⁵
2359 5953 2436 6004 Ai.
2465 5951 2791 6006 ἐξεκαύθησαν.
2865 5945 2885 5985 δ
2919 5948 3069 6002 ιἰιυκ,
3098 5948 3125 6004 "r.
3153 5944 3550 6010 παραλίης-θέτης.
