4048 6216
429 267 528 323 H7

428 395 556 440 vero
584 379 797 435 insania
825 395 949 451 erga
976 380 1237 435 masculos
1262 395 1277 434 :
1305 379 1499 435 etenim
1526 378 1699 432 anima
1728 380 1843 448 plus
1873 379 2000 449 pati-

426 479 514 524 tur
539 479 597 526 et
623 469 827 525 rubore
851 470 1170 525 suffunditur
1204 471 1256 523 in
1304 469 1536 540 peccatis
1559 510 1575 534 ,
1624 485 1782 539 quam
1819 485 2013 538 corpus

427 567 480 618 in
509 562 934 617 inﬁrmitatibus.
966 561 1240 631 Perpende
1271 575 1447 617 autem
1488 571 1755 631 quomodo
1796 562 1880 616 hic
1908 561 2014 616 illis

426 657 636 712 veniam
666 655 935 725 deneget,
987 655 1206 725 perinde
1245 664 1404 724 atque
1451 655 1502 708 in
1543 653 1917 724 dogmatibus;
1947 653 2014 708 de

428 749 744 803 mulieribus
794 749 1010 817 quidem
1060 749 1247 802 dicens
1290 765 1305 802 :
1365 746 1688 800 Mutavcrunt
1731 749 2014 801 naturalem

428 855 596 892 usum.
627 838 745 894 Non
777 840 920 894 enim
953 839 1133 894 dicere
1161 849 1419 908 possunt,
1450 839 1618 910 inquit
1643 881 1656 904 ,
1684 855 1742 895 se
1773 839 2010 910 [H'Olliili‘

431 941 510 985 tas
537 929 607 984 ab
635 945 702 984 eo
726 972 740 994 ,
771 930 860 1001 qui
892 929 1183 984 secundum
1217 929 1386 1000 legem
1414 938 1500 985 est
1522 973 1536 995 ,
1571 930 1754 996 coitu,
1800 930 1866 984 ad
1915 930 2015 984 hoc

429 1023 796 1091 processisse;
828 1037 1004 1092 neque
1047 1036 1139 1088 se,
1173 1023 1306 1076 cum
1344 1038 1448 1076 non
1494 1031 1713 1092 possent
1757 1021 2013 1092 concupi-

427 1116 687 1170 scentiam
739 1130 892 1170 suam
939 1115 1203 1184 implere,
1249 1115 1316 1170 ad
1365 1115 1502 1170 hanc
1541 1115 1767 1169 alienam
1811 1114 2013 1169 rabiem

427 1208 714 1277 impegisse
741 1225 754 1261 :
785 1223 905 1260 nam
935 1208 1158 1261 mutatio
1184 1207 1368 1262 eorum
1395 1217 1478 1264 est
1497 1251 1511 1271 ,
1540 1208 1630 1278 qui
1654 1208 1764 1277 jam
1792 1215 1972 1262 leuent
1997 1224 2010 1261 :

425 1299 568 1370 quod
595 1300 754 1354 etiam
781 1300 848 1354 de
877 1299 1215 1370 dogmatibus
1250 1301 1474 1370 loquens
1499 1300 1708 1354 dicebat
1737 1315 1755 1356 :
1787 1299 2012 1353 Mutave-

425 1400 544 1444 ruut
571 1391 828 1444 ueritatem
858 1389 953 1443 Dei
989 1391 1040 1444 in
1087 1391 1425 1445 mendacium.
1471 1391 1546 1445 De
1595 1392 1843 1445 masculis
1885 1406 2013 1446 vero

427 1496 616 1535 rursus
641 1481 748 1533 alio
778 1480 938 1534 modo
967 1481 1195 1550 idipsum
1221 1482 1579 1552 significavit,
1613 1482 1796 1536 dicens
1827 1499 1840 1536 :
1874 1481 2014 1536 Reli-

426 1581 507 1626 cto
537 1572 758 1624 naturali
786 1588 879 1626 usu
899 1573 1120 1642 ferninaz.
1157 1572 1273 1626 Pari
1299 1573 1458 1627 modo
1482 1572 1567 1627 his
1593 1583 1645 1627 et
1674 1574 1776 1628 illis
1806 1573 2010 1628 nullum

428 1663 682 1731 relinquit
710 1677 832 1716 sese
863 1663 1120 1732 purgandi
1153 1663 1372 1718 modum
1401 1679 1699 1718 :accusaus
1723 1665 1842 1719 illos
1865 1705 1880 1729 ,
1905 1679 2009 1719 non

431 1753 592 1808 modo
617 1753 757 1823 quod
785 1768 938 1808 suum
969 1753 1228 1809 habentes
1259 1753 1466 1808 fruendi
1497 1754 1711 1808 modum
1738 1797 1753 1822 ,
1783 1755 1872 1810 illo
1917 1771 2010 1809 re-

429 1847 552 1900 licto
581 1846 647 1899 ad
674 1846 838 1900 alium
867 1847 1140 1902 venissent
1164 1863 1178 1913 ;
1209 1847 1302 1902 sed
1332 1848 1490 1902 etiam
1516 1847 1654 1916 quod
1677 1857 1860 1918 Spreto
1883 1849 1972 1902 illo
1991 1891 2008 1916 ,

428 1938 516 2007 qui
545 1938 840 1992 secundum
871 1950 1114 1993 naturam
1142 1949 1290 2004 erat,
1343 1941 1411 1994 ad
1455 1940 1618 1994 alium
1647 1951 1832 1995 contra
1863 1952 2013 1996 natu-

427 2044 540 2082 ram
570 2028 939 2098 confugerent.
968 2029 1273 2084 Difficiliora
1301 2039 1478 2084 autem
1503 2041 1557 2084 et
1579 2031 1864 2100 ingratiora
1889 2042 2012 2086 sunt

428 2119 516 2172 illa
547 2129 731 2173 contra
760 2128 1042 2186 naturam;
1074 2121 1143 2174 ita
1186 2130 1244 2175 ut
1286 2138 1389 2176 non
1436 2123 1638 2191 possint
1687 2123 2008 2192 voluptatem

427 2210 762 2280 praetendere
815 2228 828 2264 :
879 2212 1106 2280 genuina
1156 2212 1353 2282 quippe
1392 2212 1676 2282 voluptas,
1720 2213 2010 2268 secundum

430 2311 674 2357 naturam
698 2310 818 2367 est;
849 2302 943 2357 sed
975 2319 1095 2357 cum
1123 2303 1264 2357 Deus
1301 2303 1622 2373 dorelinquit
1645 2345 1660 2366 ,
1704 2305 1880 2357 omnia
1922 2319 2013 2358 sus

428 2397 601 2465 deque
629 2405 930 2450 vertuntur.
965 2395 1090 2450 Iden
1137 2412 1242 2449 non
1288 2396 1480 2464 dogma
1524 2405 1723 2450 tantum
1778 2397 2013 2466 ipsorum

427 2487 722 2543 Satauicum
752 2497 869 2542 erat
889 2531 903 2556 ,
935 2488 1027 2542 sed
1055 2491 1215 2542 etian‘i
1244 2488 1350 2542 vita
1381 2487 1663 2542 diabolica.
1694 2487 1824 2542 Cum
1859 2488 2016 2558 igitur

429 2580 495 2634 de
547 2581 885 2650 dogmatibus
937 2581 1266 2645 dissereret,
1321 2580 1578 2634 mundum
1627 2589 1682 2634 et
1727 2580 2013 2634 humanam

430 2682 660 2727 mentem
693 2672 1004 2727 inmedium
1051 2674 1270 2740 attulit,
1317 2673 1504 2728 dicens
1545 2689 1610 2728 ex
1659 2672 1936 2743 prudentia
1984 2689 2014 2727 a

433 2764 537 2818 Deo
558 2765 658 2819 sibi
682 2765 804 2818 data
834 2806 850 2830 ,
875 2765 1110 2834 potuisse
1137 2763 1382 2818 homines
1406 2781 1499 2834 per
1519 2765 1746 2819 visibilia
1768 2765 1834 2818 ad
1854 2763 2018 2819 Crea-

429 2865 597 2910 torem
657 2855 826 2911 duci:
871 2855 1170 2925 deindeque
1222 2855 1508 2922 nolentes,
1563 2857 1717 2910 venia
1769 2855 2017 2926 indignos

430 2947 707 3003 inuasisse.
743 2949 839 3003 llic
885 2958 1061 3003 autem
1106 2947 1288 3002 mundi
1331 2948 1450 3004 loco
1505 2948 1865 3017 voluptatem,
1897 2963 2016 3015 qua:

428 3043 721 3095 secundum
756 3051 998 3096 naturam
1031 3051 1153 3106 est,
1197 3042 1410 3111 posuit,
1453 3056 1556 3111 qua
1601 3049 1849 3111 poterant
1893 3055 2015 3094 eum

433 3130 684 3186 libertate
725 3147 788 3186 ac
813 3133 998 3201 majori
1032 3133 1210 3187 laetitia
1245 3133 1384 3196 frui,
1424 3143 1585 3203 atque
1623 3150 1650 3186 a
1693 3133 2019 3203 turpitudine

431 3221 647 3277 liberari
675 3239 689 3287 ;
721 3223 814 3278 sed
843 3224 1123 3278 noluerunt
1151 3241 1166 3289 ;
1195 3225 1337 3278 unde
1364 3223 1432 3278 ab
1459 3226 1604 3278 omni
1631 3226 1784 3280 venia
1815 3224 2017 3280 exclusi

429 3322 591 3377 sunt,
623 3314 792 3383 ipsam
822 3324 1066 3370 naturam
1101 3315 1557 3370 dehonestantcs:
1606 3315 1856 3386 quodque
1901 3325 2016 3368 tur-

430 3405 548 3473 pius
587 3412 708 3468 est,
741 3421 860 3458 cum
905 3415 960 3460 et
1003 3407 1254 3461 mulieres
1302 3422 1396 3462 eos
1442 3416 1760 3477 appeterent
1801 3409 1973 3462 coitus
1999 3448 2014 3472 ,

433 3511 569 3565 quos
595 3510 716 3550 cum
757 3497 946 3566 majori
997 3497 1198 3567 pudore
1236 3497 1385 3552 adire
1430 3513 1524 3567 par
1572 3510 1722 3566 erat,
1769 3514 1927 3568 qualn
1973 3500 2016 3553 si

434 3602 555 3640 cum
588 3586 716 3642 viris
743 3588 1018 3642 coiisscnt.
1053 3589 1148 3643 llic
1175 3605 1302 3644 vero
1339 3590 1695 3645 admiratione
1743 3591 1896 3661 digna
1937 3600 2020 3646 est

433 3676 582 3732 Pauli
616 3677 894 3748 prudentia
923 3719 937 3743 ,
969 3695 1078 3750 quo
1105 3689 1260 3750 parto
1290 3695 1412 3734 cum
1444 3680 1496 3734 in
1527 3695 1614 3734 res
1642 3681 1774 3735 duas
1801 3692 2017 3736 contra-

433 3767 543 3821 rias
571 3767 832 3823 incideret
856 3810 870 3833 ,
901 3777 1180 3839 utramque
1209 3785 1329 3824 cum
1356 3769 1501 3824 omni
1532 3771 1873 3826 aceuratione
1901 3786 2023 3840 per-

435 3861 640 3917 fecerit.
683 3862 908 3918 Volebat
950 3865 1092 3919 cnim
1137 3872 1194 3918 et
1250 3871 1396 3918 caste
1439 3863 1624 3932 loqui,
1677 3871 1731 3917 et
1775 3865 2020 3920 mordere

433 3954 731 4009 auditorem
763 3971 776 4009 :
807 3954 920 4009 haec
944 3965 1122 4009 autem
1151 3954 1310 4010 ambo
1332 3954 1508 4009 facere
1532 3970 1638 4008 non
1671 3954 1895 4020 licebat,
1925 3955 2020 4010 sed

433 4046 660 4100 alterum
689 4045 840 4100 alteri
867 4045 1156 4100 officiebat.
1184 4046 1240 4101 Si
1266 4045 1407 4099 enim
1435 4054 1583 4099 caste
1608 4044 1842 4112 loquaris
1867 4084 1882 4108 ,
1914 4061 2019 4100 non

437 4136 636 4205 poteris
663 4137 1024 4207 perstringere
1049 4137 1345 4192 auditorem
1369 4153 1385 4204 ;
1415 4137 1498 4191 sin
1525 4135 1657 4191 velis
1677 4135 2024 4192 vehementer

438 4227 708 4282 incessere
732 4269 748 4292 ,
779 4243 892 4283 rem
921 4269 936 4294 ,
963 4243 1124 4299 quam
1166 4227 1301 4283 dicis
1324 4270 1340 4294 ,
1365 4228 1504 4282 unde
1531 4235 1587 4282 ct
1613 4230 1758 4282 clare
1784 4229 2024 4297 proferre

436 4321 662 4388 cogeris.
694 4317 889 4374 Verum
919 4319 1154 4389 prudens
1181 4319 1267 4372 illa
1295 4326 1350 4372 et
1375 4328 1556 4373 sancta
1590 4319 1767 4372 anima
1809 4329 2022 4373 utrum-

435 4423 537 4477 que
561 4408 730 4476 potuit
750 4423 870 4464 cum
895 4411 1238 4464 accnratione
1259 4407 1436 4464 facere
1459 4449 1473 4475 ,
1505 4409 1557 4462 in
1577 4418 1780 4463 natura:
1804 4411 2024 4466 nomine

436 4509 491 4553 et
518 4501 910 4556 accusationem
943 4517 1143 4573 angens
1166 4544 1181 4568 ,
1231 4511 1284 4557 et
1320 4503 1469 4572 quasi
1494 4503 1771 4558 involucro
1792 4503 2023 4574 quodam

435 4591 525 4645 illo
552 4601 706 4648 utens
732 4634 746 4658 ,
778 4603 834 4647 ut
862 4604 1042 4648 castus
1067 4603 1211 4648 esset
1238 4594 1488 4663 loquendi
1520 4597 1733 4648 modus.

505 4681 688 4737 Libido
733 4694 911 4738 contra
945 4695 1182 4738 naturaet
1223 4685 1494 4738 horrenda.
1520 4714 1588 4726 —-
1620 4686 1822 4741 Deinde
1871 4698 2022 4757 post-

433 4788 589 4843 quam
622 4774 878 4830 mulieres
906 4776 1135 4845 primum
1167 4776 1598 4845 perstrinxerat,
1630 4777 1696 4830 ad
1729 4777 1873 4831 viros
1894 4794 2023 4848 pro-

434 4865 574 4918 cedit
602 4906 618 4931 ,
651 4865 838 4921 dicens
867 4882 881 4920 :
913 4866 1164 4922 Similiter
1205 4878 1252 4921 et
1301 4867 1552 4936 masculi,
1594 4869 1769 4923 relicto
1802 4871 2026 4924 naturali

433 4971 528 5008 usu
555 4957 758 5026 (canina:
781 4972 800 5010 :
831 4957 971 5026 quod
1001 4966 1258 5012 extrema:
1286 4959 1540 5028 perniciei
1573 4961 1881 5029 exemplum
1911 4970 2018 5027 est,

431 5063 552 5103 eum
585 5058 810 5120 uterque
837 5065 1000 5104 sexus
1026 5058 1310 5119 corruptus
1334 5058 1417 5104 est
1441 5091 1455 5114 ,
1485 5060 1539 5105 et
1566 5050 1647 5104 vir
1668 5092 1682 5117 ,
1713 5067 1803 5121 qut
1829 5051 2023 5106 tuulic-

433 5138 509 5192 ris
535 5140 789 5209 magiSIer
813 5149 896 5194 est
919 5141 1240 5195 constitutus
1265 5181 1283 5209 ,
1333 5148 1388 5196 et
1432 5140 1630 5195 femina
1656 5184 1669 5206 ,
1704 5157 1823 5210 qua:
1860 5142 2018 5212 adju-

437 5231 538 5284 trix
567 5233 667 5286 viri
696 5247 816 5287 esse
835 5231 987 5302 jussa
1009 5241 1131 5298 est,
1161 5249 1279 5305 qua:
1307 5234 1644 5289 inimicorum
1667 5243 1791 5288 sunt
1813 5275 1829 5300 ,
1857 5236 2025 5290 utrin-

433 5339 538 5393 que
594 5335 781 5380 mutuo
829 5336 1012 5396 agunt.
1074 5325 1352 5398 Perpende
1409 5336 1586 5380 autem
1640 5343 1760 5381 eum
1821 5338 2020 5398 quanta

437 5414 681 5484 emphasi
724 5415 888 5471 verba
927 5417 1200 5473 adhibeat.
1243 5417 1361 5472 Non
1406 5418 1549 5471 enim
1593 5417 1732 5471 dixit
1777 5417 1923 5487 ipsos
1965 5436 2026 5476 se

433 5515 621 5561 nmtuo
651 5521 862 5562 amasse
890 5517 946 5564 et
970 5510 1382 5578 concupivisse;
1431 5509 1527 5564 sed
1550 5549 1566 5574 ,
1613 5508 1926 5563 Exarserunt
1973 5510 2026 5564 in

431 5597 700 5651 desideriis
723 5598 830 5651 suis
851 5597 904 5652 in
929 5598 1158 5654 invicem.
1190 5600 1374 5655 Viden'
1397 5608 1565 5655 totum
1592 5600 1754 5654 fuisse
1775 5614 1840 5654 ex
1864 5602 2025 5656 nimia

433 5688 872 5760 ctmcupiscentia
901 5730 915 5757 ,
941 5705 1058 5760 quae
1085 5706 1188 5745 non
1219 5699 1423 5761 poterat
1451 5690 1588 5747 intra
1615 5687 1870 5748 terminos
1899 5706 2024 5747 suos

1527 260 1592 317 IN
1630 261 1843 319 EPIST.
1886 263 1976 318 AD
2014 262 2176 318 ROSI.
2221 261 2450 319 llOMlL.
2493 264 2574 325 IV.

3595 300 3704 355 “8

2131 379 2430 470 contineri?
2452 381 2717 454 Quidquid
2733 387 2873 442 enim
2892 389 3104 445 excedit
3124 391 3271 462 leges
3291 409 3321 450 a
3353 398 3456 452 Deo
3477 402 3695 470 positas,

2120 469 2295 526 aliena
2346 474 2714 544 concupiscit,
2745 493 2846 534 nec
2873 489 2978 534 stat
3010 483 3062 536 in
3093 487 3399 542 constitutis
3431 493 3696 550 terminis.

2119 559 2266 614 Sicut
2287 561 2426 615 enim
2451 564 2600 618 multi
2621 581 2765 635 smpe
2791 610 2805 634 ,
2824 570 3013 625 relicto
3040 573 3412 633 alimentorum
3437 583 3698 650 appetitu,

2121 659 2317 706 terram
2345 665 2398 708 et
2425 653 2630 722 lapides
2661 673 2852 727 parvos
2890 664 3214 732 comedunt;
3256 678 3312 724 et
3355 671 3443 725 alii
3487 674 3696 730 ardenti

2119 745 2350 813 correpti
2377 746 2502 811 siti,
2533 747 2700 802 lutum
2734 750 3050 823 plerumque
3074 769 3328 826 appetunt
3359 779 3373 816 :
3415 766 3492 817 sic
3525 775 3578 820 et
3623 767 3700 822 illi

2120 833 2173 887 in
2201 850 2437 891 amorem
2468 837 2615 893 illum
2649 840 2888 911 iniqmnn
2916 859 3250 903 exarserunt.
3284 852 3436 919 Quod
3463 857 3510 909 si
3543 857 3698 913 dixe-

2119 925 2236 981 ris:
2267 927 2333 981 Et
2358 929 2497 984 unde
2536 931 2666 985 illud
2707 943 2911 989 tantum
2959 940 3404 1008 concupiscentia:
3441 960 3702 1018 augmen-

2120 1018 2272 1071 tum?
2328 1019 2408 1075 Ex
2449 1037 2551 1089 eo,
2600 1024 2744 1093 quod
2787 1026 2928 1082 Deus
2969 1028 3334 1101 dereliquerit.
3384 1036 3477 1091 Det
3522 1049 3699 1095 autem

2117 1109 2392 1166 derelictio
2421 1116 2602 1170 unde?
2631 1117 2706 1171 Ex
2737 1119 3016 1188 iniquitate
3047 1139 3231 1178 eorum
3255 1169 3269 1192 ,
3295 1127 3384 1198 qui
3407 1128 3703 1202 derelique-

2118 1211 2241 1254 runt
2260 1217 2380 1257 eum
2403 1223 2416 1258 :
2438 1205 2658 1261 Μασαιιὶ
2681 1209 2734 1262 in
2757 1213 3010 1267 masculos
3031 1216 3395 1284 turpitudinem
3413 1233 3702 1290 operantes.

2187 1293 2240 1347 2.
2281 1295 2358 1350 Ne
2391 1299 2510 1367 quia
2542 1301 2779 1367 audisti,
2818 1303 3173 1372 Exarserunt,
3219 1320 3372 1378 putes
3411 1314 3462 1367 in
3500 1330 3700 1370 concu-

2118 1385 2374 1454 piscentia
2405 1399 2605 1445 tantum
2637 1393 2754 1448 sisti
2783 1396 3025 1451 morbum
3054 1416 3068 1452 :
3093 1415 3216 1454 nam
3250 1411 3305 1456 ut
3329 1404 3611 1472 plurimum
3635 1410 3704 1463 ab

2118 1491 2302 1530 eorum
2360 1478 2564 1549 ignavia
2618 1485 2928 1540 accenditur
2965 1492 3416 1561 concupiscentia.
3470 1497 3704 1568 ideoque

2119 1579 2223 1620 non
2251 1567 2421 1632 dixit,
2455 1570 2748 1636 Pertracti,
2780 1575 2863 1630 vel
2891 1576 3254 1650 Praeoccupati
3285 1624 3300 1647 ,
3339 1592 3396 1638 ut
3434 1585 3556 1641 alibi
3586 1567 3699 1655 ait,

2117 1657 2210 1710 sed
2242 1658 2410 1727 quid?
2440 1659 2738 1731 ()perantcs.
2772 1666 2828 1720 In
2855 1682 2987 1735 opus
3016 1669 3286 1728 deduxere
3311 1687 3582 1742 peccatum
3608 1697 3622 1744 ;
3649 1690 3703 1735 et

2119 1763 2222 1801 non
2251 1748 2422 1804 solum
2449 1751 2501 1805 in
2531 1768 2664 1821 opus
2689 1796 2704 1820 ,
2741 1756 2834 1811 sed
2863 1758 3023 1812 etiam
3045 1775 3165 1816 cum
3195 1765 3370 1818 studio
3391 1776 3444 1820 et
3467 1767 3697 1824 fervore.

2117 1839 2225 1894 Nec
2267 1841 2436 1909 dixit,
2473 1845 2973 1917 Concupiscentiam
3001 1867 3016 1916 ;
3049 1852 3143 1907 sed
3177 1858 3422 1925 preprie,
3458 1858 3703 1930 Turpitu-

2117 1931 2285 1985 dinem
2312 1948 2332 1986 :
2357 1949 2477 1988 nam
2511 1947 2562 1989 et
2598 1947 2842 1993 naturam
2878 1941 3264 2012 deturparunt,
3296 1957 3350 2001 et
3388 1949 3530 2019 leges
3569 1966 3703 2006 con-

2116 2025 2414 2079 culcavere.
2445 2027 2509 2079 Et
2546 2029 2667 2084 vide
2705 2031 3076 2088 confusionem
3119 2038 3338 2092 multam
3371 2056 3439 2096 ex
3479 2052 3704 2113 utraque

2121 2125 2268 2182 parte
2292 2125 2484 2170 ortam.
2506 2117 2690 2188 Neque
2713 2121 2871 2176 modo
2893 2125 3033 2178 enim
3057 2139 3214 2194 caput
3240 2129 3447 2185 inferne
3471 2136 3701 2200 positum

2117 2213 2199 2258 est
2223 2247 2237 2267 ,
2273 2206 2365 2260 sed
2399 2209 2557 2262 etiam
2603 2211 2768 2278 pedes
2803 2227 3036 2280 superne
3059 2257 3075 2281 ,
3109 2227 3271 2287 atque
3311 2222 3508 2277 inimici
3540 2236 3592 2280 et
3619 2229 3703 2282 sui

2118 2305 2171 2350 et
2194 2307 2376 2351 mutuo
2403 2297 2525 2353 facti
2548 2309 2672 2355 sunt
2689 2342 2702 2367 ,
2724 2319 2938 2372 gravem
2964 2309 3246 2375 quamdam
3272 2353 3286 2375 ,
3313 2313 3700 2386 multiplicem,

2118 2389 2358 2457 variam,
2401 2406 2463 2446 ac
2501 2395 2692 2462 quovis
2743 2395 2883 2451 bello
2922 2399 3065 2454 civili
3114 2402 3429 2473 iniquiorem
3471 2426 3700 2481 pugnam

2120 2479 2452 2537 inducentes.
2485 2483 2694 2539 Etenim
2728 2489 2778 2540 in
2805 2499 3033 2558 quatuor
3054 2491 3196 2546 illam
3221 2496 3432 2564 Species
3463 2479 3625 2556 vanas
3651 2513 3708 2557 et

2121 2569 2327 2639 iniquas
2350 2571 2648 2629 diviserunt
2673 2594 2686 2630 :
2715 2591 2820 2630 non
2849 2579 2990 2632 enim
3017 2579 3210 2652 duplex
3234 2595 3325 2639 aut
3349 2588 3539 2657 triplex
3565 2632 3580 2656 ,
3608 2593 3702 2647 sed

2120 2666 2280 2718 etiam
2309 2666 2635 2736 quadruplex
2662 2671 2762 2725 hoc
2784 2671 2979 2727 bellum
3010 2686 3145 2730 erat.
3178 2678 3454 2749 Perpende
3475 2695 3653 2740 autem
3688 2707 3700 2740 :

2119 2756 2400 2822 Oportebat
2433 2757 2605 2824 duos,
2656 2762 2828 2816 virum
2880 2774 2934 2818 et
2981 2767 3294 2837 mulierem,
3337 2789 3496 2828 unum
3539 2792 3702 2832 esse:

2121 2859 2243 2898 nam
2271 2846 2347 2901 ait
2372 2888 2388 2913 ,
2420 2846 2590 2902 Erunt
2619 2850 2718 2904 duo
2748 2852 2801 2905 in
2827 2870 2980 2908 carne
3005 2872 3106 2910 una
3138 2857 3158 2927 (
3183 2858 3308 2914 Gen.
3335 2862 3391 2919 2.
3413 2863 3482 2918 24
3502 2867 3542 2933 ).
3573 2866 3705 2922 Illud

2121 2950 2282 3005 porro
2327 2937 2592 2994 efﬁciebat
2631 2943 2886 2996 consortii
2927 2948 3403 3021 et‘mcupisecntia,
3449 2965 3502 3010 et
3545 2973 3707 3013 sexus

2123 3037 2306 3084 mutuo
2329 3030 2604 3103 jungebat.
2651 3034 2760 3090 llac
2793 3045 2970 3091 autem
3001 3039 3209 3096 sublata
3237 3043 3481 3102 diabolus
3511 3064 3705 3106 concu-

2123 3121 2380 3190 piscentia
2405 3165 2419 3188 ,
2453 3133 2507 3178 et
2533 3126 2583 3179 in
2613 3127 2775 3180 alium
2805 3127 3020 3183 modum
3049 3131 3286 3188 derivata
3313 3178 3328 3202 ,
3368 3139 3446 3193 sic
3477 3153 3639 3197 sexus
3676 3162 3705 3197 a

2123 3221 2306 3265 mutuo
2321 3218 2592 3268 consortio
2603 3215 2781 3270 divisit
2795 3259 2809 3284 ,
2826 3227 2879 3272 et
2898 3218 2947 3273 id
2961 3219 3165 3286 effecit,
3183 3227 3394 3295 utquod
3414 3243 3578 3284 unum
3594 3243 3710 3287 erat

2121 3303 2240 3356 duae
2256 3313 2434 3359 essent
2458 3315 2632 3375 partes
2655 3348 2671 3373 ,
2691 3307 2848 3377 idque
2867 3319 3051 3364 contra
3077 3311 3170 3368 Dei
3195 3313 3398 3386 legem;
3425 3320 3536 3389 ipse
3560 3339 3711 3377 nam-

2121 3409 2226 3464 que
2251 3395 2386 3449 dixit
2414 3412 2427 3449 :
2466 3395 2626 3450 Erunt
2653 3399 2752 3452 duo
2773 3400 2824 3453 in
2845 3417 2998 3454 carne
3019 3419 3121 3457 una
3150 3420 3170 3458 :
3195 3407 3282 3462 ille
3313 3425 3440 3466 vero
3468 3428 3624 3466 unam
3656 3416 3706 3468 iu

2124 3485 2260 3540 duas
2285 3486 2484 3542 divisit.
2519 3489 2654 3543 Ecce
2681 3490 2873 3545 bellmn
2899 3509 3079 3548 unmn.
3110 3495 3420 3568 RursuSque
3447 3503 3543 3558 has
3571 3503 3708 3560 duas

2126 3587 2326 3645 partes,
2353 3593 2408 3632 ut
2440 3578 2637 3635 bellum
2661 3590 2714 3636 et
2743 3583 2844 3637 sibi
2875 3584 3003 3652 ipsis
3028 3595 3080 3640 et
3106 3598 3289 3642 mutuo
3319 3591 3592 3656 inferrent,
3627 3597 3710 3650 cf-

2125 3666 2253 3722 fecit
2283 3685 2298 3723 :
2331 3670 2582 3725 mulieres
2608 3673 2749 3726 enim
2775 3677 3152 3732 contumeliam
3183 3680 3484 3738 inferebant
3523 3687 3712 3741 mulie-

2124 3760 2290 3824 ribus,
2318 3776 2414 3815 uec
2439 3763 2598 3815 modo
2620 3764 2777 3828 viris;
2808 3767 2906 3820 viri
2931 3783 3140 3837 quoque
3162 3781 3346 3826 contra
3371 3775 3514 3829 viros
3540 3778 3713 3832 iusiur-

2125 3860 2416 3917 rexerunt,
2469 3862 2524 3906 et
2571 3864 2758 3908 contra
2812 3857 3125 3913 muliebrem
3181 3877 3404 3926 sexum,
3456 3870 3604 3934 quasi
3655 3870 3711 3924 in

2125 3943 2353 4012 quadam
2394 3952 2652 3997 nocturna
2692 3960 2887 4015 pugna.
2922 3947 3164 4004 Vidistiu‘
3193 3957 3487 4010 secundum
3516 3969 3570 4013 et
3599 3971 3710 4014 ter-

2127 4036 2256 4089 tium
2294 4035 2527 4100 bellum;
2573 4037 2679 4090 imo
2708 4045 2763 4090 et
2787 4047 3034 4107 quartmn
3061 4048 3115 4094 et
3139 4043 3421 4109 quintum?
3452 4048 3540 4100 Est
3566 4051 3712 4104 enim

2125 4134 2179 4181 et
2205 4125 2346 4179 aliud
2377 4142 2390 4178 :
2421 4141 2543 4179 nam
2572 4141 2692 4180 cum
2719 4127 3062 4195 supradictis,
3096 4129 3146 4182 in
3178 4129 3344 4196 ipsam
3372 4151 3583 4205 quoque
3611 4154 3710 4191 na-

2127 4227 2300 4272 turam
2333 4217 2510 4287 inique
2538 4227 2782 4288 egerunt.
2825 4217 2925 4274 Ubi
2963 4220 3094 4274 vidit
3124 4222 3264 4276 enim
3303 4223 3546 4281 diabolus
3574 4226 3715 4285 hanc

2127 4309 2610 4379 concupiscentiam
2637 4324 2798 4365 sexus
2825 4312 3054 4367 maxime
3078 4313 3328 4382 copulare
3347 4355 3364 4381 ,
3399 4317 3499 4371 hoc
3520 4320 3710 4373 vincu-

2129 4403 2236 4457 lmn
2259 4402 2561 4458 discindere
2591 4403 2738 4458 nisus
2764 4411 2847 4458 est
2879 4420 2893 4457 :
2919 4404 2987 4457 ita
3011 4413 3064 4458 ut
3098 4420 3202 4458 non
3233 4417 3434 4462 tantum
3466 4425 3530 4464 ex
3561 4410 3711 4466 defe-

2127 4504 2214 4548 ctu
2262 4494 2483 4549 seminis
2529 4509 2699 4564 genus
2742 4494 3147 4560 dissolveretur,
3178 4496 3270 4551 sed
3313 4499 3471 4553 etiam
3513 4515 3577 4555 ex
3622 4517 3713 4569 eo,

2127 4587 2269 4657 quod
2297 4586 2492 4641 bellum
2515 4586 2614 4642 sibi
2643 4596 2828 4641 mutuo
2855 4587 3111 4643 inferrent
3132 4599 3186 4643 et
3206 4589 3613 4648 altercarentur.
3649 4595 3715 4648 Et

2129 4677 2422 4739 mercedem.
2445 4693 2596 4747 quant
2620 4679 2862 4748 oportuit,
2884 4679 3069 4732 erroris
3096 4679 3178 4732 sui
3205 4680 3258 4734 in
3284 4683 3567 4749 semetipsis
3595 4687 3714 4737 reci-

2129 4770 2336 4839 pientes.
2372 4768 2504 4823 Vide
2527 4768 2797 4838 quoniodo
2823 4784 3033 4823 rursum
3055 4769 3121 4823 ad
3147 4769 3344 4824 fontem
3369 4773 3492 4824 mali
3514 4774 3714 4838 veniat,

2130 4862 2455 4931 impietatem
2483 4876 2674 4928 nempe
2691 4875 2752 4914 ex
2777 4859 3142 4929 dogmatibus;
3171 4870 3226 4914 et
3248 4861 3383 4916 lnuic
3405 4863 3715 4918 mercedem

2128 4968 2249 5007 esse
2275 4953 2402 5007 dicit
2442 4951 2733 5021 iniquitatis
2770 4951 2929 5004 illius.
2961 4952 3096 5016 Quia
3121 4952 3263 5005 enim
3292 4951 3356 5006 de
3385 4951 3628 5020 gebeuua
3656 4970 3716 5009 et

2129 5044 2394 5113 supplicio
2435 5042 2680 5112 loquens,
2731 5041 2907 5110 impiis
2949 5049 3003 5096 et
3041 5040 3146 5094 vita
3189 5042 3368 5096 vivere
3411 5043 3718 5102 volentibus

2131 5151 2235 5187 nou
2265 5133 2542 5187 videbatur
2568 5147 2706 5184 nunc
2734 5129 2838 5185 fide
2865 5129 3058 5201 dignus
3077 5145 3217 5196 esse,
3245 5130 3352 5186 imo
3383 5135 3560 5202 potius
3586 5135 3719 5191 ridi-

2129 5224 2301 5290 culus,
2324 5221 2557 5277 ostendit
2583 5221 2635 5274 in
2657 5220 2771 5293 ipsa
2800 5221 3071 5291 voluptate
3100 5221 3202 5276 hoc
3220 5224 3539 5293 supplicium
3570 5241 3712 5282 esse.

2130 5312 2282 5380 Quod
2311 5313 2356 5368 si
2378 5311 2430 5368 id
2458 5327 2566 5368 non
2594 5313 2852 5380 sentiant,
2884 5311 2992 5368 imo
3019 5312 3118 5367 sibi
3151 5312 3419 5382 placeant,
3450 5332 3519 5372 ne
3548 5318 3713 5372 mire-

2133 5405 2204 5460 ris
2238 5424 2251 5460 :
2287 5420 2408 5460 nam
2444 5401 2683 5459 furentes
2725 5413 2776 5459 et
2820 5403 2912 5475 qui
2952 5404 3254 5477 pbrenitide
3289 5407 3431 5476 capti
3475 5417 3620 5472 sunt,
3653 5421 3716 5462 se

2133 5497 2358 5551 multum
2386 5495 2644 5552 lzedentes
2677 5504 2726 5550 et
2771 5495 3094 5550 miserabilia
3125 5497 3400 5562 facientes,
3429 5497 3554 5551 dum
3576 5497 3714 5551 alio.

2133 5606 2250 5644 rum
2291 5588 2555 5658 lacrymas
2587 5587 2858 5650 excitant,
2892 5585 3067 5640 rident
3092 5601 3156 5642 ac
3182 5587 3250 5642 de
3277 5587 3439 5656 gestis
3469 5601 3498 5638 a
3524 5600 3585 5639 se
3614 5585 3710 5640 la:-

2145 5696 2342 5741 tantur.
2377 5681 2481 5740 Sed
2514 5698 2619 5738 non
2646 5679 2768 5738 ideo
2793 5680 3020 5736 dicimus
3046 5678 3166 5735 illos
3193 5694 3218 5734 a
3245 5678 3507 5747 supplicio
3534 5691 3720 5734 οιευι-
