  <div class='ocr_page' id='page_1' title='image "/cluster/home/n/w/nwhite01/storage/ocr_20150623/60/hvd.32044073501942/423.png"; bbox 0 0 4090 6230; ppageno 0'>
   <div class='ocr_carea' id='block_1_1' title="bbox 346 259 448 318">
    <p class='ocr_par' dir='ltr' id='par_1_1' title="bbox 346 259 448 318">
     <span class='ocr_line' id='line_1_1' title="bbox 346 259 448 318; baseline -0.029 0"><span class='ocrx_word' id='word_1_1' title='bbox 346 259 448 318; x_wconf 71' lang='grc' dir='ltr'><strong>ΜΘ</strong></span> 
     </span>
    </p>
   </div>
   <div class='ocr_carea' id='block_1_2' title="bbox 343 353 1920 452">
    <p class='ocr_par' dir='ltr' id='par_1_2' title="bbox 343 353 1920 452">
     <span class='ocr_line' id='line_1_2' title="bbox 343 353 1920 452; baseline -0.018 -17"><span class='ocrx_word' id='word_1_2' title='bbox 343 389 483 452; x_wconf 82' lang='lat' dir='ltr'><strong>ptes,</strong></span> <span class='ocrx_word' id='word_1_3' title='bbox 512 375 608 433; x_wconf 88' lang='lat' dir='ltr'><strong>sed</strong></span> <span class='ocrx_word' id='word_1_4' title='bbox 653 373 772 429; x_wconf 89' lang='lat' dir='ltr'><strong>ideo</strong></span> <span class='ocrx_word' id='word_1_5' title='bbox 813 372 865 425; x_wconf 92' lang='lat' dir='ltr'><strong>in</strong></span> <span class='ocrx_word' id='word_1_6' title='bbox 908 366 1153 439; x_wconf 79' lang='lat' dir='ltr'><strong>graviore</strong></span> <span class='ocrx_word' id='word_1_7' title='bbox 1192 364 1389 418; x_wconf 84' lang='lat' dir='ltr'><strong>damno</strong></span> <span class='ocrx_word' id='word_1_8' title='bbox 1423 369 1478 415; x_wconf 89' lang='lat' dir='ltr'><strong>et</strong></span> <span class='ocrx_word' id='word_1_9' title='bbox 1516 353 1920 452; x_wconf 45' lang='lat' dir='ltr'><strong>pmttaa&#39;ersari,</strong></span> 
     </span>
    </p>
   </div>
   <div class='ocr_carea' id='block_1_3' title="bbox 340 445 1923 541">
    <p class='ocr_par' dir='ltr' id='par_1_3' title="bbox 340 445 1923 541">
     <span class='ocr_line' id='line_1_3' title="bbox 340 445 1923 541; baseline -0.017 -16"><span class='ocrx_word' id='word_1_10' title='bbox 340 445 475 541; x_wconf 77' lang='lat' dir='ltr'><strong>quia</strong></span> <span class='ocrx_word' id='word_1_11' title='bbox 500 481 607 538; x_wconf 93' lang='lat' dir='ltr'><strong>quo</strong></span> <span class='ocrx_word' id='word_1_12' title='bbox 634 465 687 519; x_wconf 90' lang='lat' dir='ltr'><strong>in</strong></span> <span class='ocrx_word' id='word_1_13' title='bbox 720 472 863 519; x_wconf 85' lang='lat' dir='ltr'><strong>statu</strong></span> <span class='ocrx_word' id='word_1_14' title='bbox 892 459 1000 515; x_wconf 91' lang='lat' dir='ltr'><strong>sint</strong></span> <span class='ocrx_word' id='word_1_15' title='bbox 1027 455 1291 511; x_wconf 91' lang='lat' dir='ltr'><strong>nesciunt.</strong></span> <span class='ocrx_word' id='word_1_16' title='bbox 1326 451 1440 507; x_wconf 87' lang='lat' dir='ltr'><strong>Non</strong></span> <span class='ocrx_word' id='word_1_17' title='bbox 1466 450 1610 506; x_wconf 90' lang='lat' dir='ltr'><strong>enim</strong></span> <span class='ocrx_word' id='word_1_18' title='bbox 1635 446 1703 502; x_wconf 90' lang='lat' dir='ltr'><strong>ab</strong></span> <span class='ocrx_word' id='word_1_19' title='bbox 1730 445 1886 541; x_wconf 72' lang='lat' dir='ltr'><strong>mgris</strong></span> <span class='ocrx_word' id='word_1_20' title='bbox 1906 483 1923 511; x_wconf 93' lang='lat'><strong>,</strong></span> 
     </span>
    </p>
   </div>
   <div class='ocr_carea' id='block_1_4' title="bbox 343 537 1927 617">
    <p class='ocr_par' dir='ltr' id='par_1_4' title="bbox 343 537 1927 617">
     <span class='ocr_line' id='line_1_4' title="bbox 343 537 1927 617; baseline -0.017 0"><span class='ocrx_word' id='word_1_21' title='bbox 343 537 438 617; x_wconf 71' lang='lat' dir='ltr'><strong>sed</strong></span> <span class='ocrx_word' id='word_1_22' title='bbox 460 575 490 614; x_wconf 89' lang='lat' dir='ltr'><strong>a</strong></span> <span class='ocrx_word' id='word_1_23' title='bbox 511 537 944 613; x_wconf 88' lang='lat' dir='ltr'><strong>benevalentibus</strong></span> <span class='ocrx_word' id='word_1_24' title='bbox 968 547 1231 603; x_wconf 81' lang='lat' dir='ltr'><strong>calculum</strong></span> <span class='ocrx_word' id='word_1_25' title='bbox 1260 544 1383 599; x_wconf 90' lang='lat' dir='ltr'><strong>ferri</strong></span> <span class='ocrx_word' id='word_1_26' title='bbox 1410 550 1622 612; x_wconf 90' lang='lat' dir='ltr'><strong>oportet</strong></span> <span class='ocrx_word' id='word_1_27' title='bbox 1647 556 1660 593; x_wconf 88' lang='lat'><strong>:</strong></span> <span class='ocrx_word' id='word_1_28' title='bbox 1686 537 1927 608; x_wconf 89' lang='lat' dir='ltr'><strong>quando-</strong></span> 
     </span>
    </p>
   </div>
   <div class='ocr_carea' id='block_1_5' title="bbox 343 632 1930 724">
    <p class='ocr_par' dir='ltr' id='par_1_5' title="bbox 343 632 1930 724">
     <span class='ocr_line' id='line_1_5' title="bbox 343 632 1930 724; baseline -0.016 -16"><span class='ocrx_word' id='word_1_29' title='bbox 343 653 559 724; x_wconf 84' lang='lat' dir='ltr'><strong>quidem</strong></span> <span class='ocrx_word' id='word_1_30' title='bbox 589 648 880 717; x_wconf 86' lang='lat' dir='ltr'><strong>antiquitus</strong></span> <span class='ocrx_word' id='word_1_31' title='bbox 906 656 995 697; x_wconf 90' lang='lat' dir='ltr'><strong>res</strong></span> <span class='ocrx_word' id='word_1_32' title='bbox 1023 641 1149 697; x_wconf 90' lang='lat' dir='ltr'><strong>etin</strong></span> <span class='ocrx_word' id='word_1_33' title='bbox 1172 639 1341 709; x_wconf 82' lang='lat' dir='ltr'><strong>legem</strong></span> <span class='ocrx_word' id='word_1_34' title='bbox 1371 649 1525 690; x_wconf 88' lang='lat' dir='ltr'><strong>versa</strong></span> <span class='ocrx_word' id='word_1_35' title='bbox 1549 632 1851 724; x_wconf 91' lang='lat' dir='ltr'><strong>videbatur,</strong></span> <span class='ocrx_word' id='word_1_36' title='bbox 1876 637 1930 683; x_wconf 91' lang='lat' dir='ltr'><strong>ct</strong></span> 
     </span>
    </p>
   </div>
   <div class='ocr_carea' id='block_1_6' title="bbox 344 722 1931 814">
    <p class='ocr_par' dir='ltr' id='par_1_6' title="bbox 344 722 1931 814">
     <span class='ocr_line' id='line_1_6' title="bbox 344 722 1931 814; baseline -0.016 -15"><span class='ocrx_word' id='word_1_37' title='bbox 344 722 561 814; x_wconf 85' lang='lat' dir='ltr'><strong>quidam</strong></span> <span class='ocrx_word' id='word_1_38' title='bbox 589 738 864 809; x_wconf 89' lang='lat' dir='ltr'><strong>legislator</strong></span> <span class='ocrx_word' id='word_1_39' title='bbox 891 733 1029 803; x_wconf 89' lang='lat' dir='ltr'><strong>apud</strong></span> <span class='ocrx_word' id='word_1_40' title='bbox 1059 731 1177 785; x_wconf 94' lang='lat' dir='ltr'><strong>illos</strong></span> <span class='ocrx_word' id='word_1_41' title='bbox 1202 729 1470 799; x_wconf 89' lang='lat' dir='ltr'><strong>jusserat,</strong></span> <span class='ocrx_word' id='word_1_42' title='bbox 1500 740 1568 779; x_wconf 92' lang='lat' dir='ltr'><strong>ne</strong></span> <span class='ocrx_word' id='word_1_43' title='bbox 1595 722 1713 814; x_wconf 82' lang='lat' dir='ltr'><strong>quis</strong></span> <span class='ocrx_word' id='word_1_44' title='bbox 1742 734 1931 776; x_wconf 87' lang='lat' dir='ltr'><strong>servus</strong></span> 
     </span>
    </p>
   </div>
   <div class='ocr_carea' id='block_1_7' title="bbox 343 812 1932 903">
    <p class='ocr_par' dir='ltr' id='par_1_7' title="bbox 343 812 1932 903">
     <span class='ocr_line' id='line_1_7' title="bbox 343 812 1932 903; baseline -0.015 -16"><span class='ocrx_word' id='word_1_45' title='bbox 343 812 485 903; x_wconf 82' lang='lat' dir='ltr'><strong>apud</strong></span> <span class='ocrx_word' id='word_1_46' title='bbox 514 831 633 885; x_wconf 93' lang='lat' dir='ltr'><strong>illos</strong></span> <span class='ocrx_word' id='word_1_47' title='bbox 662 827 748 882; x_wconf 87' lang='lat' dir='ltr'><strong>vel</strong></span> <span class='ocrx_word' id='word_1_48' title='bbox 779 825 1028 880; x_wconf 91' lang='lat' dir='ltr'><strong>unctione</strong></span> <span class='ocrx_word' id='word_1_49' title='bbox 1057 822 1199 875; x_wconf 91' lang='lat' dir='ltr'><strong>sicca</strong></span> <span class='ocrx_word' id='word_1_50' title='bbox 1230 827 1468 872; x_wconf 91' lang='lat' dir='ltr'><strong>uteretur</strong></span> <span class='ocrx_word' id='word_1_51' title='bbox 1490 816 1593 884; x_wconf 91' lang='lat' dir='ltr'><strong>(a),</strong></span> <span class='ocrx_word' id='word_1_52' title='bbox 1624 812 1707 867; x_wconf 85' lang='lat' dir='ltr'><strong>vel</strong></span> <span class='ocrx_word' id='word_1_53' title='bbox 1741 824 1932 903; x_wconf 81' lang='lat' dir='ltr'><strong>pueros</strong></span> 
     </span>
    </p>
   </div>
   <div class='ocr_carea' id='block_1_8' title="bbox 344 901 1931 986">
    <p class='ocr_par' dir='ltr' id='par_1_8' title="bbox 344 901 1931 986">
     <span class='ocr_line' id='line_1_8' title="bbox 344 901 1931 986; baseline -0.016 -9"><span class='ocrx_word' id='word_1_54' title='bbox 344 901 589 986; x_wconf 78' lang='lat' dir='ltr'><strong>amaret;</strong></span> <span class='ocrx_word' id='word_1_55' title='bbox 619 919 802 973; x_wconf 90' lang='lat' dir='ltr'><strong>liberis</strong></span> <span class='ocrx_word' id='word_1_56' title='bbox 838 923 1042 971; x_wconf 91' lang='lat' dir='ltr'><strong>tantum</strong></span> <span class='ocrx_word' id='word_1_57' title='bbox 1071 911 1210 965; x_wconf 88' lang='lat' dir='ltr'><strong>hanc</strong></span> <span class='ocrx_word' id='word_1_58' title='bbox 1242 906 1651 978; x_wconf 69' lang='lat' dir='ltr'><strong>prmrogativam</strong></span> <span class='ocrx_word' id='word_1_59' title='bbox 1673 942 1689 968; x_wconf 90' lang='lat'><strong>,</strong></span> <span class='ocrx_word' id='word_1_60' title='bbox 1722 901 1803 957; x_wconf 91' lang='lat' dir='ltr'><strong>vel</strong></span> <span class='ocrx_word' id='word_1_61' title='bbox 1831 915 1931 970; x_wconf 90' lang='lat' dir='ltr'><strong>po-</strong></span> 
     </span>
    </p>
   </div>
   <div class='ocr_carea' id='block_1_9' title="bbox 348 992 1929 1078">
    <p class='ocr_par' dir='ltr' id='par_1_9' title="bbox 348 992 1929 1078">
     <span class='ocr_line' id='line_1_9' title="bbox 348 992 1929 1078; baseline -0.016 -9"><span class='ocrx_word' id='word_1_62' title='bbox 348 1016 453 1070; x_wconf 91' lang='lat' dir='ltr'><strong>tius</strong></span> <span class='ocrx_word' id='word_1_63' title='bbox 489 1014 625 1066; x_wconf 89' lang='lat' dir='ltr'><strong>hanc</strong></span> <span class='ocrx_word' id='word_1_64' title='bbox 665 1007 1050 1078; x_wconf 81' lang='lat' dir='ltr'><strong>turpitudinem</strong></span> <span class='ocrx_word' id='word_1_65' title='bbox 1078 1000 1399 1057; x_wconf 74' lang='lat' dir='ltr'><strong>concedens.</strong></span> <span class='ocrx_word' id='word_1_66' title='bbox 1439 999 1691 1051; x_wconf 78' lang='lat' dir='ltr'><strong>Attamen</strong></span> <span class='ocrx_word' id='word_1_67' title='bbox 1718 992 1791 1046; x_wconf 85' lang='lat' dir='ltr'><strong>illi</strong></span> <span class='ocrx_word' id='word_1_68' title='bbox 1823 1006 1929 1045; x_wconf 90' lang='lat' dir='ltr'><strong>non</strong></span> 
     </span>
    </p>
   </div>
   <div class='ocr_carea' id='block_1_10' title="bbox 348 1087 1933 1175">
    <p class='ocr_par' dir='ltr' id='par_1_10' title="bbox 348 1087 1933 1175">
     <span class='ocr_line' id='line_1_10' title="bbox 348 1087 1933 1175; baseline -0.015 -14"><span class='ocrx_word' id='word_1_69' title='bbox 348 1103 730 1175; x_wconf 86' lang='lat' dir='ltr'><strong>turpitudinem</strong></span> <span class='ocrx_word' id='word_1_70' title='bbox 775 1114 895 1156; x_wconf 90' lang='lat' dir='ltr'><strong>esse</strong></span> <span class='ocrx_word' id='word_1_71' title='bbox 934 1094 1220 1166; x_wconf 80' lang='lat' dir='ltr'><strong>putabant;</strong></span> <span class='ocrx_word' id='word_1_72' title='bbox 1262 1089 1357 1144; x_wconf 77' lang='lat' dir='ltr'><strong>sed</strong></span> <span class='ocrx_word' id='word_1_73' title='bbox 1396 1103 1509 1144; x_wconf 88' lang='lat' dir='ltr'><strong>rem</strong></span> <span class='ocrx_word' id='word_1_74' title='bbox 1556 1087 1836 1175; x_wconf 84' lang='lat' dir='ltr'><strong>honestam</strong></span> <span class='ocrx_word' id='word_1_75' title='bbox 1878 1090 1933 1175; x_wconf 88' lang='lat' dir='ltr'><strong>et</strong></span> 
     </span>
    </p>
   </div>
   <div class='ocr_carea' id='block_1_11' title="bbox 348 1174 1931 1265">
    <p class='ocr_par' dir='ltr' id='par_1_11' title="bbox 348 1174 1931 1265">
     <span class='ocr_line' id='line_1_11' title="bbox 348 1174 1931 1265; baseline -0.015 -14"><span class='ocrx_word' id='word_1_76' title='bbox 348 1174 641 1265; x_wconf 86' lang='lat' dir='ltr'><strong>majorem,</strong></span> <span class='ocrx_word' id='word_1_77' title='bbox 683 1206 839 1261; x_wconf 88' lang='lat' dir='ltr'><strong>quam</strong></span> <span class='ocrx_word' id='word_1_78' title='bbox 893 1188 1057 1242; x_wconf 83' lang='lat' dir='ltr'><strong>ferret</strong></span> <span class='ocrx_word' id='word_1_79' title='bbox 1102 1197 1383 1239; x_wconf 89' lang='lat' dir='ltr'><strong>servorum</strong></span> <span class='ocrx_word' id='word_1_80' title='bbox 1423 1176 1722 1265; x_wconf 76' lang='lat' dir='ltr'><strong>conditio,</strong></span> <span class='ocrx_word' id='word_1_81' title='bbox 1748 1174 1931 1265; x_wconf 86' lang='lat' dir='ltr'><strong>liberis</strong></span> 
     </span>
    </p>
   </div>
   <div class='ocr_carea' id='block_1_12' title="bbox 348 1264 1933 1343">
    <p class='ocr_par' dir='ltr' id='par_1_12' title="bbox 348 1264 1933 1343">
     <span class='ocr_line' id='line_1_12' title="bbox 348 1264 1933 1343; baseline -0.017 0"><span class='ocrx_word' id='word_1_82' title='bbox 348 1264 493 1343; x_wconf 84' lang='lat' dir='ltr'><strong>illam</strong></span> <span class='ocrx_word' id='word_1_83' title='bbox 517 1287 900 1339; x_wconf 91' lang='lat' dir='ltr'><strong>concesserunt</strong></span> <span class='ocrx_word' id='word_1_84' title='bbox 926 1295 941 1333; x_wconf 90' lang='lat'><strong>:</strong></span> <span class='ocrx_word' id='word_1_85' title='bbox 972 1287 1023 1332; x_wconf 92' lang='lat' dir='ltr'><strong>et</strong></span> <span class='ocrx_word' id='word_1_86' title='bbox 1052 1276 1154 1329; x_wconf 91' lang='lat' dir='ltr'><strong>hoc</strong></span> <span class='ocrx_word' id='word_1_87' title='bbox 1179 1270 1611 1342; x_wconf 88' lang='lat' dir='ltr'><strong>sapientissimus</strong></span> <span class='ocrx_word' id='word_1_88' title='bbox 1641 1264 1933 1321; x_wconf 87' lang='lat' dir='ltr'><strong>Athenien-</strong></span> 
     </span>
    </p>
   </div>
   <div class='ocr_carea' id='block_1_13' title="bbox 348 1355 1933 1446">
    <p class='ocr_par' dir='ltr' id='par_1_13' title="bbox 348 1355 1933 1446">
     <span class='ocr_line' id='line_1_13' title="bbox 348 1355 1933 1446; baseline -0.015 -15"><span class='ocrx_word' id='word_1_89' title='bbox 348 1378 487 1432; x_wconf 90' lang='lat' dir='ltr'><strong>sium</strong></span> <span class='ocrx_word' id='word_1_90' title='bbox 518 1374 763 1446; x_wconf 89' lang='lat' dir='ltr'><strong>populus,</strong></span> <span class='ocrx_word' id='word_1_91' title='bbox 794 1379 849 1426; x_wconf 91' lang='lat' dir='ltr'><strong>et</strong></span> <span class='ocrx_word' id='word_1_92' title='bbox 874 1381 1095 1438; x_wconf 88' lang='lat' dir='ltr'><strong>magnus</strong></span> <span class='ocrx_word' id='word_1_93' title='bbox 1131 1362 1271 1434; x_wconf 86' lang='lat' dir='ltr'><strong>apud</strong></span> <span class='ocrx_word' id='word_1_94' title='bbox 1312 1362 1431 1416; x_wconf 91' lang='lat' dir='ltr'><strong>illos</strong></span> <span class='ocrx_word' id='word_1_95' title='bbox 1471 1358 1657 1413; x_wconf 90' lang='lat' dir='ltr'><strong>Solon.</strong></span> <span class='ocrx_word' id='word_1_96' title='bbox 1699 1356 1765 1410; x_wconf 83' lang='lat' dir='ltr'><strong>Et</strong></span> <span class='ocrx_word' id='word_1_97' title='bbox 1800 1355 1933 1446; x_wconf 84' lang='lat' dir='ltr'><strong>alios</strong></span> 
     </span>
    </p>
   </div>
   <div class='ocr_carea' id='block_1_14' title="bbox 349 1445 1932 1541">
    <p class='ocr_par' dir='ltr' id='par_1_14' title="bbox 349 1445 1932 1541">
     <span class='ocr_line' id='line_1_14' title="bbox 349 1445 1932 1541; baseline -0.016 -18"><span class='ocrx_word' id='word_1_98' title='bbox 349 1486 559 1541; x_wconf 89' lang='lat' dir='ltr'><strong>quoque</strong></span> <span class='ocrx_word' id='word_1_99' title='bbox 589 1466 785 1521; x_wconf 92' lang='lat' dir='ltr'><strong>multos</strong></span> <span class='ocrx_word' id='word_1_100' title='bbox 812 1458 1248 1532; x_wconf 78' lang='lat' dir='ltr'><strong>phi1050phorum</strong></span> <span class='ocrx_word' id='word_1_101' title='bbox 1274 1456 1440 1509; x_wconf 90' lang='lat' dir='ltr'><strong>libros</strong></span> <span class='ocrx_word' id='word_1_102' title='bbox 1469 1451 1572 1505; x_wconf 90' lang='lat' dir='ltr'><strong>hoc</strong></span> <span class='ocrx_word' id='word_1_103' title='bbox 1601 1447 1788 1502; x_wconf 90' lang='lat' dir='ltr'><strong>morbo</strong></span> <span class='ocrx_word' id='word_1_104' title='bbox 1816 1445 1932 1515; x_wconf 88' lang='lat' dir='ltr'><strong>ple-</strong></span> 
     </span>
    </p>
   </div>
   <div class='ocr_carea' id='block_1_15' title="bbox 350 1548 1932 1631">
    <p class='ocr_par' dir='ltr' id='par_1_15' title="bbox 350 1548 1932 1631">
     <span class='ocr_line' id='line_1_15' title="bbox 350 1548 1932 1631; baseline -0.018 -13"><span class='ocrx_word' id='word_1_105' title='bbox 350 1579 448 1618; x_wconf 90' lang='lat' dir='ltr'><strong>nos</strong></span> <span class='ocrx_word' id='word_1_106' title='bbox 490 1560 726 1631; x_wconf 86' lang='lat' dir='ltr'><strong>reperias</strong></span> <span class='ocrx_word' id='word_1_107' title='bbox 755 1576 768 1612; x_wconf 95' lang='lat'>:</span> <span class='ocrx_word' id='word_1_108' title='bbox 803 1568 976 1624; x_wconf 81' lang='lat' dir='ltr'><strong>neque</strong></span> <span class='ocrx_word' id='word_1_109' title='bbox 1011 1560 1186 1606; x_wconf 92' lang='lat' dir='ltr'><strong>tamen</strong></span> <span class='ocrx_word' id='word_1_110' title='bbox 1226 1548 1346 1602; x_wconf 88' lang='lat' dir='ltr'><strong>ideo</strong></span> <span class='ocrx_word' id='word_1_111' title='bbox 1376 1560 1489 1600; x_wconf 91' lang='lat' dir='ltr'><strong>rem</strong></span> <span class='ocrx_word' id='word_1_112' title='bbox 1520 1556 1642 1597; x_wconf 90' lang='lat' dir='ltr'><strong>osse</strong></span> <span class='ocrx_word' id='word_1_113' title='bbox 1678 1548 1932 1631; x_wconf 86' lang='lat' dir='ltr'><strong>statutam</strong></span> 
     </span>
    </p>
   </div>
   <div class='ocr_carea' id='block_1_16' title="bbox 348 1630 1934 1715">
    <p class='ocr_par' dir='ltr' id='par_1_16' title="bbox 348 1630 1934 1715">
     <span class='ocr_line' id='line_1_16' title="bbox 348 1630 1934 1715; baseline -0.018 -6"><span class='ocrx_word' id='word_1_114' title='bbox 348 1630 595 1715; x_wconf 84' lang='lat' dir='ltr'><strong>dicimus,</strong></span> <span class='ocrx_word' id='word_1_115' title='bbox 625 1649 719 1704; x_wconf 90' lang='lat' dir='ltr'><strong>sed</strong></span> <span class='ocrx_word' id='word_1_116' title='bbox 756 1661 869 1711; x_wconf 91' lang='lat' dir='ltr'><strong>eos,</strong></span> <span class='ocrx_word' id='word_1_117' title='bbox 899 1644 989 1715; x_wconf 90' lang='lat' dir='ltr'><strong>qui</strong></span> <span class='ocrx_word' id='word_1_118' title='bbox 1025 1642 1163 1696; x_wconf 90' lang='lat' dir='ltr'><strong>hanc</strong></span> <span class='ocrx_word' id='word_1_119' title='bbox 1196 1651 1449 1706; x_wconf 87' lang='lat' dir='ltr'><strong>accepere</strong></span> <span class='ocrx_word' id='word_1_120' title='bbox 1486 1635 1679 1704; x_wconf 88' lang='lat' dir='ltr'><strong>legem,</strong></span> <span class='ocrx_word' id='word_1_121' title='bbox 1710 1630 1934 1684; x_wconf 76' lang='lat' dir='ltr'><strong>miseros</strong></span> 
     </span>
    </p>
   </div>
   <div class='ocr_carea' id='block_1_17' title="bbox 350 1721 1935 1813">
    <p class='ocr_par' dir='ltr' id='par_1_17' title="bbox 350 1721 1935 1813">
     <span class='ocr_line' id='line_1_17' title="bbox 350 1721 1935 1813; baseline -0.016 -14"><span class='ocrx_word' id='word_1_122' title='bbox 350 1755 406 1800; x_wconf 90' lang='lat' dir='ltr'><strong>et</strong></span> <span class='ocrx_word' id='word_1_123' title='bbox 437 1742 689 1813; x_wconf 83' lang='lat' dir='ltr'><strong>!acrymis</strong></span> <span class='ocrx_word' id='word_1_124' title='bbox 717 1739 908 1808; x_wconf 83' lang='lat' dir='ltr'><strong>dignos</strong></span> <span class='ocrx_word' id='word_1_125' title='bbox 942 1749 1060 1790; x_wconf 90' lang='lat' dir='ltr'><strong>esse</strong></span> <span class='ocrx_word' id='word_1_126' title='bbox 1087 1732 1289 1786; x_wconf 88' lang='lat' dir='ltr'><strong>multis.</strong></span> <span class='ocrx_word' id='word_1_127' title='bbox 1322 1727 1522 1783; x_wconf 85' lang='lat' dir='ltr'><strong>Eadem</strong></span> <span class='ocrx_word' id='word_1_128' title='bbox 1562 1725 1704 1780; x_wconf 91' lang='lat' dir='ltr'><strong>enim</strong></span> <span class='ocrx_word' id='word_1_129' title='bbox 1745 1721 1797 1775; x_wconf 90' lang='lat' dir='ltr'><strong>hi</strong></span> <span class='ocrx_word' id='word_1_130' title='bbox 1838 1736 1935 1790; x_wconf 83' lang='lat' dir='ltr'><strong>pa-</strong></span> 
     </span>
    </p>
   </div>
   <div class='ocr_carea' id='block_1_18' title="bbox 353 1813 1935 1903">
    <p class='ocr_par' dir='ltr' id='par_1_18' title="bbox 353 1813 1935 1903">
     <span class='ocr_line' id='line_1_18' title="bbox 353 1813 1935 1903; baseline -0.017 -11"><span class='ocrx_word' id='word_1_131' title='bbox 353 1841 576 1899; x_wconf 90' lang='lat' dir='ltr'><strong>tiuntur,</strong></span> <span class='ocrx_word' id='word_1_132' title='bbox 605 1849 725 1903; x_wconf 85' lang='lat' dir='ltr'><strong>quae</strong></span> <span class='ocrx_word' id='word_1_133' title='bbox 750 1830 1004 1885; x_wconf 89' lang='lat' dir='ltr'><strong>mulieres</strong></span> <span class='ocrx_word' id='word_1_134' title='bbox 1034 1825 1386 1888; x_wconf 88' lang='lat' dir='ltr'><strong>fornicantes;</strong></span> <span class='ocrx_word' id='word_1_135' title='bbox 1418 1820 1526 1874; x_wconf 92' lang='lat' dir='ltr'><strong>imo</strong></span> <span class='ocrx_word' id='word_1_136' title='bbox 1563 1825 1618 1872; x_wconf 92' lang='lat' dir='ltr'><strong>et</strong></span> <span class='ocrx_word' id='word_1_137' title='bbox 1655 1813 1935 1870; x_wconf 87' lang='lat' dir='ltr'><strong>miserabi-</strong></span> 
     </span>
    </p>
   </div>
   <div class='ocr_carea' id='block_1_19' title="bbox 353 1906 1935 1987">
    <p class='ocr_par' dir='ltr' id='par_1_19' title="bbox 353 1906 1935 1987">
     <span class='ocr_line' id='line_1_19' title="bbox 353 1906 1935 1987; baseline -0.018 -1"><span class='ocrx_word' id='word_1_138' title='bbox 353 1934 503 1987; x_wconf 83' lang='lat' dir='ltr'><strong>liora.</strong></span> <span class='ocrx_word' id='word_1_139' title='bbox 535 1929 748 1983; x_wconf 88' lang='lat' dir='ltr'><strong>lllarum</strong></span> <span class='ocrx_word' id='word_1_140' title='bbox 771 1925 914 1979; x_wconf 92' lang='lat' dir='ltr'><strong>enim</strong></span> <span class='ocrx_word' id='word_1_141' title='bbox 945 1921 1134 1983; x_wconf 88' lang='lat' dir='ltr'><strong>coitus,</strong></span> <span class='ocrx_word' id='word_1_142' title='bbox 1166 1917 1268 1973; x_wconf 87' lang='lat' dir='ltr'><strong>etsi</strong></span> <span class='ocrx_word' id='word_1_143' title='bbox 1295 1912 1619 1984; x_wconf 84' lang='lat' dir='ltr'><strong>illegitimus,</strong></span> <span class='ocrx_word' id='word_1_144' title='bbox 1643 1906 1935 1963; x_wconf 90' lang='lat' dir='ltr'><strong>secundum</strong></span> 
     </span>
    </p>
   </div>
   <div class='ocr_carea' id='block_1_20' title="bbox 352 2007 1934 2081">
    <p class='ocr_par' dir='ltr' id='par_1_20' title="bbox 352 2007 1934 2081">
     <span class='ocr_line' id='line_1_20' title="bbox 352 2007 1934 2081; baseline -0.018 0"><span class='ocrx_word' id='word_1_145' title='bbox 352 2036 594 2081; x_wconf 87' lang='lat' dir='ltr'><strong>naturam</strong></span> <span class='ocrx_word' id='word_1_146' title='bbox 628 2032 803 2076; x_wconf 88' lang='lat' dir='ltr'><strong>tamen</strong></span> <span class='ocrx_word' id='word_1_147' title='bbox 831 2027 940 2079; x_wconf 89' lang='lat' dir='ltr'><strong>est;</strong></span> <span class='ocrx_word' id='word_1_148' title='bbox 976 2016 1061 2070; x_wconf 90' lang='lat' dir='ltr'><strong>hic</strong></span> <span class='ocrx_word' id='word_1_149' title='bbox 1087 2029 1216 2069; x_wconf 92' lang='lat' dir='ltr'><strong>vero</strong></span> <span class='ocrx_word' id='word_1_150' title='bbox 1241 2020 1295 2066; x_wconf 90' lang='lat' dir='ltr'><strong>et</strong></span> <span class='ocrx_word' id='word_1_151' title='bbox 1330 2007 1636 2079; x_wconf 86' lang='lat' dir='ltr'><strong>illegitimus</strong></span> <span class='ocrx_word' id='word_1_152' title='bbox 1667 2011 1721 2059; x_wconf 89' lang='lat' dir='ltr'><strong>et</strong></span> <span class='ocrx_word' id='word_1_153' title='bbox 1750 2010 1934 2057; x_wconf 89' lang='lat' dir='ltr'><strong>contra</strong></span> 
     </span>
    </p>
   </div>
   <div class='ocr_carea' id='block_1_21' title="bbox 352 2091 1940 2174">
    <p class='ocr_par' dir='ltr' id='par_1_21' title="bbox 352 2091 1940 2174">
     <span class='ocr_line' id='line_1_21' title="bbox 352 2091 1940 2174; baseline -0.017 -2"><span class='ocrx_word' id='word_1_154' title='bbox 352 2127 618 2172; x_wconf 87' lang='lat' dir='ltr'><strong>naturam.</strong></span> <span class='ocrx_word' id='word_1_155' title='bbox 650 2109 872 2167; x_wconf 88' lang='lat' dir='ltr'><strong>Etiamsi</strong></span> <span class='ocrx_word' id='word_1_156' title='bbox 894 2107 1035 2163; x_wconf 90' lang='lat' dir='ltr'><strong>enim</strong></span> <span class='ocrx_word' id='word_1_157' title='bbox 1056 2120 1154 2160; x_wconf 90' lang='lat' dir='ltr'><strong>nec</strong></span> <span class='ocrx_word' id='word_1_158' title='bbox 1174 2101 1417 2174; x_wconf 86' lang='lat' dir='ltr'><strong>gehenna</strong></span> <span class='ocrx_word' id='word_1_159' title='bbox 1439 2105 1604 2164; x_wconf 89' lang='lat' dir='ltr'><strong>esset,</strong></span> <span class='ocrx_word' id='word_1_160' title='bbox 1629 2110 1727 2150; x_wconf 91' lang='lat' dir='ltr'><strong>nec</strong></span> <span class='ocrx_word' id='word_1_161' title='bbox 1747 2091 1940 2161; x_wconf 51' lang='lat' dir='ltr'><strong>supplic</strong></span> 
     </span>
    </p>
   </div>
   <div class='ocr_carea' id='block_1_22' title="bbox 350 2184 1937 2271">
    <p class='ocr_par' dir='ltr' id='par_1_22' title="bbox 350 2184 1937 2271">
     <span class='ocr_line' id='line_1_22' title="bbox 350 2184 1937 2271; baseline -0.018 -5"><span class='ocrx_word' id='word_1_162' title='bbox 350 2212 418 2266; x_wconf 88' lang='lat' dir='ltr'><strong>cii</strong></span> <span class='ocrx_word' id='word_1_163' title='bbox 444 2205 808 2271; x_wconf 85' lang='lat' dir='ltr'><strong>comminatio,</strong></span> <span class='ocrx_word' id='word_1_164' title='bbox 835 2202 935 2255; x_wconf 92' lang='lat' dir='ltr'><strong>hoc</strong></span> <span class='ocrx_word' id='word_1_165' title='bbox 962 2198 1105 2252; x_wconf 93' lang='lat' dir='ltr'><strong>omni</strong></span> <span class='ocrx_word' id='word_1_166' title='bbox 1134 2193 1396 2265; x_wconf 91' lang='lat' dir='ltr'><strong>supplicio</strong></span> <span class='ocrx_word' id='word_1_167' title='bbox 1419 2190 1571 2261; x_wconf 87' lang='lat' dir='ltr'><strong>pejus</strong></span> <span class='ocrx_word' id='word_1_168' title='bbox 1592 2195 1755 2245; x_wconf 87' lang='lat' dir='ltr'><strong>esset.</strong></span> <span class='ocrx_word' id='word_1_169' title='bbox 1785 2184 1937 2251; x_wconf 86' lang='lat' dir='ltr'><strong>Quod</strong></span> 
     </span>
    </p>
   </div>
   <div class='ocr_carea' id='block_1_23' title="bbox 350 2278 1934 2369">
    <p class='ocr_par' dir='ltr' id='par_1_23' title="bbox 350 2278 1934 2369">
     <span class='ocr_line' id='line_1_23' title="bbox 350 2278 1934 2369; baseline -0.016 -12"><span class='ocrx_word' id='word_1_170' title='bbox 350 2302 395 2356; x_wconf 93' lang='lat' dir='ltr'><strong>si</strong></span> <span class='ocrx_word' id='word_1_171' title='bbox 426 2301 477 2355; x_wconf 91' lang='lat' dir='ltr'><strong>id</strong></span> <span class='ocrx_word' id='word_1_172' title='bbox 506 2299 636 2369; x_wconf 87' lang='lat' dir='ltr'><strong>ipsis</strong></span> <span class='ocrx_word' id='word_1_173' title='bbox 662 2298 888 2367; x_wconf 85' lang='lat' dir='ltr'><strong>placeat,</strong></span> <span class='ocrx_word' id='word_1_174' title='bbox 915 2298 1261 2361; x_wconf 79' lang='lat' dir='ltr'><strong>augmentum</strong></span> <span class='ocrx_word' id='word_1_175' title='bbox 1289 2283 1538 2356; x_wconf 86' lang='lat' dir='ltr'><strong>supplicii</strong></span> <span class='ocrx_word' id='word_1_176' title='bbox 1565 2296 1753 2338; x_wconf 89' lang='lat' dir='ltr'><strong>narras</strong></span> <span class='ocrx_word' id='word_1_177' title='bbox 1783 2278 1934 2333; x_wconf 94' lang='lat' dir='ltr'><strong>mihi.</strong></span> 
     </span>
    </p>
   </div>
   <div class='ocr_carea' id='block_1_24' title="bbox 351 2376 1941 2461">
    <p class='ocr_par' dir='ltr' id='par_1_24' title="bbox 351 2376 1941 2461">
     <span class='ocr_line' id='line_1_24' title="bbox 351 2376 1941 2461; baseline -0.015 -14"><span class='ocrx_word' id='word_1_178' title='bbox 351 2392 534 2461; x_wconf 83' lang='lat' dir='ltr'><strong>Neque</strong></span> <span class='ocrx_word' id='word_1_179' title='bbox 559 2388 724 2452; x_wconf 91' lang='lat' dir='ltr'><strong>enim,</strong></span> <span class='ocrx_word' id='word_1_180' title='bbox 748 2387 792 2441; x_wconf 92' lang='lat' dir='ltr'><strong>si</strong></span> <span class='ocrx_word' id='word_1_181' title='bbox 820 2399 976 2454; x_wconf 89' lang='lat' dir='ltr'><strong>quem</strong></span> <span class='ocrx_word' id='word_1_182' title='bbox 1001 2380 1237 2435; x_wconf 90' lang='lat' dir='ltr'><strong>viderem</strong></span> <span class='ocrx_word' id='word_1_183' title='bbox 1269 2376 1472 2432; x_wconf 91' lang='lat' dir='ltr'><strong>nudum</strong></span> <span class='ocrx_word' id='word_1_184' title='bbox 1496 2381 1798 2429; x_wconf 90' lang='lat' dir='ltr'><strong>currentem</strong></span> <span class='ocrx_word' id='word_1_185' title='bbox 1828 2378 1941 2424; x_wconf 89' lang='lat' dir='ltr'><strong>toto</strong></span> 
     </span>
    </p>
   </div>
   <div class='ocr_carea' id='block_1_25' title="bbox 354 2463 1939 2552">
    <p class='ocr_par' dir='ltr' id='par_1_25' title="bbox 354 2463 1939 2552">
     <span class='ocr_line' id='line_1_25' title="bbox 354 2463 1939 2552; baseline -0.014 -14"><span class='ocrx_word' id='word_1_186' title='bbox 354 2496 582 2552; x_wconf 86' lang='lat' dir='ltr'><strong>corpore</strong></span> <span class='ocrx_word' id='word_1_187' title='bbox 612 2478 869 2534; x_wconf 67' lang='lat' dir='ltr'><strong>foedatum</strong></span> <span class='ocrx_word' id='word_1_188' title='bbox 909 2490 973 2530; x_wconf 81' lang='lat' dir='ltr'><strong>ex</strong></span> <span class='ocrx_word' id='word_1_189' title='bbox 1013 2470 1145 2536; x_wconf 74' lang='lat' dir='ltr'><strong>luto,</strong></span> <span class='ocrx_word' id='word_1_190' title='bbox 1173 2486 1273 2526; x_wconf 89' lang='lat' dir='ltr'><strong>nec</strong></span> <span class='ocrx_word' id='word_1_191' title='bbox 1312 2468 1516 2538; x_wconf 90' lang='lat' dir='ltr'><strong>pudore</strong></span> <span class='ocrx_word' id='word_1_192' title='bbox 1544 2465 1814 2529; x_wconf 64' lang='lat' dir='ltr'><strong>allectum,</strong></span> <span class='ocrx_word' id='word_1_193' title='bbox 1844 2463 1939 2518; x_wconf 89' lang='lat' dir='ltr'><strong>sed</strong></span> 
     </span>
    </p>
   </div>
   <div class='ocr_carea' id='block_1_26' title="bbox 351 2557 1939 2643">
    <p class='ocr_par' dir='ltr' id='par_1_26' title="bbox 351 2557 1939 2643">
     <span class='ocr_line' id='line_1_26' title="bbox 351 2557 1939 2643; baseline -0.012 -13"><span class='ocrx_word' id='word_1_194' title='bbox 351 2573 456 2630; x_wconf 90' lang='lat' dir='ltr'><strong>sibi</strong></span> <span class='ocrx_word' id='word_1_195' title='bbox 497 2571 851 2643; x_wconf 84' lang='lat' dir='ltr'><strong>gratulantem</strong></span> <span class='ocrx_word' id='word_1_196' title='bbox 870 2607 885 2633; x_wconf 93' lang='lat'><strong>,</strong></span> <span class='ocrx_word' id='word_1_197' title='bbox 914 2565 1216 2636; x_wconf 79' lang='lat' dir='ltr'><strong>gratularer</strong></span> <span class='ocrx_word' id='word_1_198' title='bbox 1239 2572 1293 2617; x_wconf 93' lang='lat' dir='ltr'><strong>et</strong></span> <span class='ocrx_word' id='word_1_199' title='bbox 1318 2576 1418 2631; x_wconf 91' lang='lat' dir='ltr'><strong>ego</strong></span> <span class='ocrx_word' id='word_1_200' title='bbox 1448 2559 1547 2629; x_wconf 92' lang='lat' dir='ltr'><strong>ipsi</strong></span> <span class='ocrx_word' id='word_1_201' title='bbox 1578 2576 1591 2613; x_wconf 91' lang='lat'><strong>:</strong></span> <span class='ocrx_word' id='word_1_202' title='bbox 1626 2559 1734 2613; x_wconf 93' lang='lat' dir='ltr'><strong>imo</strong></span> <span class='ocrx_word' id='word_1_203' title='bbox 1763 2557 1939 2626; x_wconf 89' lang='lat' dir='ltr'><strong>potius</strong></span> 
     </span>
    </p>
   </div>
   <div class='ocr_carea' id='block_1_27' title="bbox 354 2650 1940 2733">
    <p class='ocr_par' dir='ltr' id='par_1_27' title="bbox 354 2650 1940 2733">
     <span class='ocr_line' id='line_1_27' title="bbox 354 2650 1940 2733; baseline -0.01 -13"><span class='ocrx_word' id='word_1_204' title='bbox 354 2665 500 2720; x_wconf 92' lang='lat' dir='ltr'><strong>illum</strong></span> <span class='ocrx_word' id='word_1_205' title='bbox 531 2662 865 2733; x_wconf 87' lang='lat' dir='ltr'><strong>deplorarem</strong></span> <span class='ocrx_word' id='word_1_206' title='bbox 885 2701 898 2723; x_wconf 93' lang='lat'><strong>,</strong></span> <span class='ocrx_word' id='word_1_207' title='bbox 929 2656 1072 2728; x_wconf 89' lang='lat' dir='ltr'><strong>quod</strong></span> <span class='ocrx_word' id='word_1_208' title='bbox 1100 2669 1205 2711; x_wconf 87' lang='lat' dir='ltr'><strong>non</strong></span> <span class='ocrx_word' id='word_1_209' title='bbox 1238 2654 1352 2725; x_wconf 89' lang='lat' dir='ltr'><strong>ipse</strong></span> <span class='ocrx_word' id='word_1_210' title='bbox 1377 2651 1602 2707; x_wconf 82' lang='lat' dir='ltr'><strong>sentiret</strong></span> <span class='ocrx_word' id='word_1_211' title='bbox 1627 2665 1686 2705; x_wconf 88' lang='lat' dir='ltr'><strong>se</strong></span> <span class='ocrx_word' id='word_1_212' title='bbox 1713 2650 1940 2719; x_wconf 84' lang='lat' dir='ltr'><strong>turpiter</strong></span> 
     </span>
    </p>
   </div>
   <div class='ocr_carea' id='block_1_28' title="bbox 353 2740 1937 2827">
    <p class='ocr_par' dir='ltr' id='par_1_28' title="bbox 353 2740 1937 2827">
     <span class='ocr_line' id='line_1_28' title="bbox 353 2740 1937 2827; baseline -0.012 -15"><span class='ocrx_word' id='word_1_213' title='bbox 353 2771 531 2827; x_wconf 88' lang='lat' dir='ltr'><strong>agere.</strong></span> <span class='ocrx_word' id='word_1_214' title='bbox 566 2755 632 2810; x_wconf 84' lang='lat' dir='ltr'><strong>Ut</strong></span> <span class='ocrx_word' id='word_1_215' title='bbox 654 2761 834 2807; x_wconf 89' lang='lat' dir='ltr'><strong>autem</strong></span> <span class='ocrx_word' id='word_1_216' title='bbox 858 2746 1237 2805; x_wconf 89' lang='lat' dir='ltr'><strong>contumeliam</strong></span> <span class='ocrx_word' id='word_1_217' title='bbox 1261 2743 1646 2800; x_wconf 86' lang='lat' dir='ltr'><strong>evidentiorem</strong></span> <span class='ocrx_word' id='word_1_218' title='bbox 1677 2740 1901 2796; x_wconf 84' lang='lat' dir='ltr'><strong>reddam</strong></span> <span class='ocrx_word' id='word_1_219' title='bbox 1920 2782 1937 2809; x_wconf 90' lang='lat'><strong>,</strong></span> 
     </span>
    </p>
   </div>
   <div class='ocr_carea' id='block_1_29' title="bbox 356 2831 1944 2907">
    <p class='ocr_par' dir='ltr' id='par_1_29' title="bbox 356 2831 1944 2907">
     <span class='ocr_line' id='line_1_29' title="bbox 356 2831 1944 2907; baseline -0.01 -6"><span class='ocrx_word' id='word_1_220' title='bbox 356 2850 513 2903; x_wconf 90' lang='lat' dir='ltr'><strong>liceat</strong></span> <span class='ocrx_word' id='word_1_221' title='bbox 537 2845 663 2901; x_wconf 91' lang='lat' dir='ltr'><strong>mihi</strong></span> <span class='ocrx_word' id='word_1_222' title='bbox 691 2844 833 2898; x_wconf 92' lang='lat' dir='ltr'><strong>aliud</strong></span> <span class='ocrx_word' id='word_1_223' title='bbox 861 2841 1010 2896; x_wconf 90' lang='lat' dir='ltr'><strong>vobis</strong></span> <span class='ocrx_word' id='word_1_224' title='bbox 1037 2838 1342 2907; x_wconf 82' lang='lat' dir='ltr'><strong>exemplum</strong></span> <span class='ocrx_word' id='word_1_225' title='bbox 1366 2834 1585 2890; x_wconf 72' lang='lat' dir='ltr'><strong>afferre.</strong></span> <span class='ocrx_word' id='word_1_226' title='bbox 1614 2832 1667 2888; x_wconf 91' lang='lat' dir='ltr'><strong>Si</strong></span> <span class='ocrx_word' id='word_1_227' title='bbox 1696 2832 1815 2903; x_wconf 87' lang='lat' dir='ltr'><strong>quis</strong></span> <span class='ocrx_word' id='word_1_228' title='bbox 1836 2831 1944 2886; x_wconf 84' lang='lat' dir='ltr'><strong>vir-</strong></span> 
     </span>
    </p>
   </div>
   <div class='ocr_carea' id='block_1_30' title="bbox 354 2924 1942 3011">
    <p class='ocr_par' dir='ltr' id='par_1_30' title="bbox 354 2924 1942 3011">
     <span class='ocr_line' id='line_1_30' title="bbox 354 2924 1942 3011; baseline -0.009 -18"><span class='ocrx_word' id='word_1_229' title='bbox 354 2942 533 3011; x_wconf 83' lang='lat' dir='ltr'><strong>ginem</strong></span> <span class='ocrx_word' id='word_1_230' title='bbox 556 2939 608 2993; x_wconf 92' lang='lat' dir='ltr'><strong>iu</strong></span> <span class='ocrx_word' id='word_1_231' title='bbox 638 2937 870 2991; x_wconf 87' lang='lat' dir='ltr'><strong>thalamo</strong></span> <span class='ocrx_word' id='word_1_232' title='bbox 898 2941 1197 2988; x_wconf 85' lang='lat' dir='ltr'><strong>versantem</strong></span> <span class='ocrx_word' id='word_1_233' title='bbox 1218 2929 1515 2993; x_wconf 83' lang='lat' dir='ltr'><strong>damnaret,</strong></span> <span class='ocrx_word' id='word_1_234' title='bbox 1543 2936 1601 2981; x_wconf 90' lang='lat' dir='ltr'><strong>ut</strong></span> <span class='ocrx_word' id='word_1_235' title='bbox 1627 2941 1747 2981; x_wconf 91' lang='lat' dir='ltr'><strong>cum</strong></span> <span class='ocrx_word' id='word_1_236' title='bbox 1772 2924 1942 2979; x_wconf 92' lang='lat' dir='ltr'><strong>brutis</strong></span> 
     </span>
    </p>
   </div>
   <div class='ocr_carea' id='block_1_31' title="bbox 354 3017 1940 3089">
    <p class='ocr_par' dir='ltr' id='par_1_31' title="bbox 354 3017 1940 3089">
     <span class='ocr_line' id='line_1_31' title="bbox 354 3017 1940 3089; baseline -0.01 -2"><span class='ocrx_word' id='word_1_237' title='bbox 354 3032 678 3087; x_wconf 82' lang='lat' dir='ltr'><strong>animalibus</strong></span> <span class='ocrx_word' id='word_1_238' title='bbox 703 3028 1165 3089; x_wconf 87' lang='lat' dir='ltr'><strong>commisceretur,</strong></span> <span class='ocrx_word' id='word_1_239' title='bbox 1194 3023 1284 3077; x_wconf 90' lang='lat' dir='ltr'><strong>illa</strong></span> <span class='ocrx_word' id='word_1_240' title='bbox 1310 3036 1439 3077; x_wconf 91' lang='lat' dir='ltr'><strong>vero</strong></span> <span class='ocrx_word' id='word_1_241' title='bbox 1470 3021 1522 3075; x_wconf 91' lang='lat' dir='ltr'><strong>in</strong></span> <span class='ocrx_word' id='word_1_242' title='bbox 1550 3019 1641 3074; x_wconf 82' lang='lat' dir='ltr'><strong>tali</strong></span> <span class='ocrx_word' id='word_1_243' title='bbox 1672 3019 1816 3073; x_wconf 89' lang='lat' dir='ltr'><strong>coitu</strong></span> <span class='ocrx_word' id='word_1_244' title='bbox 1844 3017 1940 3072; x_wconf 83' lang='lat' dir='ltr'><strong>de-</strong></span> 
     </span>
    </p>
   </div>
   <div class='ocr_carea' id='block_1_32' title="bbox 361 3107 1942 3185">
    <p class='ocr_par' dir='ltr' id='par_1_32' title="bbox 361 3107 1942 3185">
     <span class='ocr_line' id='line_1_32' title="bbox 361 3107 1942 3185; baseline -0.011 -7"><span class='ocrx_word' id='word_1_245' title='bbox 361 3123 650 3178; x_wconf 90' lang='lat' dir='ltr'><strong>lcctaretur</strong></span> <span class='ocrx_word' id='word_1_246' title='bbox 678 3137 691 3174; x_wconf 87' lang='lat'><strong>:</strong></span> <span class='ocrx_word' id='word_1_247' title='bbox 725 3134 901 3175; x_wconf 89' lang='lat' dir='ltr'><strong>annon</strong></span> <span class='ocrx_word' id='word_1_248' title='bbox 938 3116 1059 3173; x_wconf 90' lang='lat' dir='ltr'><strong>ideo</strong></span> <span class='ocrx_word' id='word_1_249' title='bbox 1096 3113 1347 3185; x_wconf 82' lang='lat' dir='ltr'><strong>laerymis</strong></span> <span class='ocrx_word' id='word_1_250' title='bbox 1374 3112 1584 3182; x_wconf 86' lang='lat' dir='ltr'><strong>dignior</strong></span> <span class='ocrx_word' id='word_1_251' title='bbox 1609 3118 1771 3175; x_wconf 86' lang='lat' dir='ltr'><strong>esset,</strong></span> <span class='ocrx_word' id='word_1_252' title='bbox 1800 3107 1942 3184; x_wconf 81' lang='lat' dir='ltr'><strong>quod</strong></span> 
     </span>
    </p>
   </div>
   <div class='ocr_carea' id='block_1_33' title="bbox 358 3201 1945 3284">
    <p class='ocr_par' dir='ltr' id='par_1_33' title="bbox 358 3201 1945 3284">
     <span class='ocr_line' id='line_1_33' title="bbox 358 3201 1945 3284; baseline -0.01 -14"><span class='ocrx_word' id='word_1_253' title='bbox 358 3231 464 3270; x_wconf 86' lang='lat' dir='ltr'><strong>non</strong></span> <span class='ocrx_word' id='word_1_254' title='bbox 494 3220 674 3284; x_wconf 89' lang='lat' dir='ltr'><strong>posset</strong></span> <span class='ocrx_word' id='word_1_255' title='bbox 694 3211 761 3265; x_wconf 90' lang='lat' dir='ltr'><strong>ab</strong></span> <span class='ocrx_word' id='word_1_256' title='bbox 788 3211 890 3264; x_wconf 91' lang='lat' dir='ltr'><strong>hoc</strong></span> <span class='ocrx_word' id='word_1_257' title='bbox 920 3207 1107 3262; x_wconf 90' lang='lat' dir='ltr'><strong>morbo</strong></span> <span class='ocrx_word' id='word_1_258' title='bbox 1134 3204 1370 3269; x_wconf 89' lang='lat' dir='ltr'><strong>liberari,</strong></span> <span class='ocrx_word' id='word_1_259' title='bbox 1390 3205 1497 3258; x_wconf 93' lang='lat' dir='ltr'><strong>imo</strong></span> <span class='ocrx_word' id='word_1_260' title='bbox 1518 3217 1619 3256; x_wconf 89' lang='lat' dir='ltr'><strong>nec</strong></span> <span class='ocrx_word' id='word_1_261' title='bbox 1646 3201 1796 3255; x_wconf 92' lang='lat' dir='ltr'><strong>illum</strong></span> <span class='ocrx_word' id='word_1_262' title='bbox 1820 3215 1945 3255; x_wconf 87' lang='lat' dir='ltr'><strong>sen-</strong></span> 
     </span>
    </p>
   </div>
   <div class='ocr_carea' id='block_1_34' title="bbox 359 3293 1945 3367">
    <p class='ocr_par' dir='ltr' id='par_1_34' title="bbox 359 3293 1945 3367">
     <span class='ocr_line' id='line_1_34' title="bbox 359 3293 1945 3367; baseline -0.009 -7"><span class='ocrx_word' id='word_1_263' title='bbox 359 3306 495 3361; x_wconf 81' lang='lat' dir='ltr'><strong>tire?</strong></span> <span class='ocrx_word' id='word_1_264' title='bbox 536 3304 592 3359; x_wconf 90' lang='lat' dir='ltr'><strong>ld</strong></span> <span class='ocrx_word' id='word_1_265' title='bbox 632 3311 777 3358; x_wconf 89' lang='lat' dir='ltr'><strong>certe</strong></span> <span class='ocrx_word' id='word_1_266' title='bbox 810 3299 1009 3355; x_wconf 88' lang='lat' dir='ltr'><strong>nemini</strong></span> <span class='ocrx_word' id='word_1_267' title='bbox 1033 3314 1137 3352; x_wconf 89' lang='lat' dir='ltr'><strong>non</strong></span> <span class='ocrx_word' id='word_1_268' title='bbox 1166 3296 1338 3367; x_wconf 88' lang='lat' dir='ltr'><strong>palam</strong></span> <span class='ocrx_word' id='word_1_269' title='bbox 1366 3303 1467 3350; x_wconf 90' lang='lat' dir='ltr'><strong>est.</strong></span> <span class='ocrx_word' id='word_1_270' title='bbox 1500 3293 1557 3349; x_wconf 87' lang='lat' dir='ltr'><strong>Si</strong></span> <span class='ocrx_word' id='word_1_271' title='bbox 1580 3301 1755 3348; x_wconf 88' lang='lat' dir='ltr'><strong>autem</strong></span> <span class='ocrx_word' id='word_1_272' title='bbox 1783 3305 1945 3361; x_wconf 86' lang='lat' dir='ltr'><strong>grave</strong></span> 
     </span>
    </p>
   </div>
   <div class='ocr_carea' id='block_1_35' title="bbox 361 3384 1945 3461">
    <p class='ocr_par' dir='ltr' id='par_1_35' title="bbox 361 3384 1945 3461">
     <span class='ocr_line' id='line_1_35' title="bbox 361 3384 1945 3461; baseline -0.009 -9"><span class='ocrx_word' id='word_1_273' title='bbox 361 3397 491 3452; x_wconf 91' lang='lat' dir='ltr'><strong>illud</strong></span> <span class='ocrx_word' id='word_1_274' title='bbox 517 3396 606 3461; x_wconf 89' lang='lat' dir='ltr'><strong>sit,</strong></span> <span class='ocrx_word' id='word_1_275' title='bbox 633 3394 736 3449; x_wconf 91' lang='lat' dir='ltr'><strong>hoc</strong></span> <span class='ocrx_word' id='word_1_276' title='bbox 759 3407 863 3447; x_wconf 91' lang='lat' dir='ltr'><strong>non</strong></span> <span class='ocrx_word' id='word_1_277' title='bbox 894 3391 1071 3445; x_wconf 91' lang='lat' dir='ltr'><strong>minus</strong></span> <span class='ocrx_word' id='word_1_278' title='bbox 1094 3402 1256 3459; x_wconf 88' lang='lat' dir='ltr'><strong>grave</strong></span> <span class='ocrx_word' id='word_1_279' title='bbox 1282 3403 1300 3445; x_wconf 87' lang='lat'><strong>:</strong></span> <span class='ocrx_word' id='word_1_280' title='bbox 1329 3402 1450 3441; x_wconf 91' lang='lat' dir='ltr'><strong>nam</strong></span> <span class='ocrx_word' id='word_1_281' title='bbox 1475 3400 1505 3439; x_wconf 93' lang='lat' dir='ltr'><strong>a</strong></span> <span class='ocrx_word' id='word_1_282' title='bbox 1534 3384 1645 3439; x_wconf 86' lang='lat' dir='ltr'><strong>suis</strong></span> <span class='ocrx_word' id='word_1_283' title='bbox 1666 3391 1945 3438; x_wconf 85' lang='lat' dir='ltr'><strong>contume-</strong></span> 
     </span>
    </p>
   </div>
   <div class='ocr_carea' id='block_1_36' title="bbox 359 3477 1943 3551">
    <p class='ocr_par' dir='ltr' id='par_1_36' title="bbox 359 3477 1943 3551">
     <span class='ocr_line' id='line_1_36' title="bbox 359 3477 1943 3551; baseline -0.007 -8"><span class='ocrx_word' id='word_1_284' title='bbox 359 3491 427 3544; x_wconf 88' lang='lat' dir='ltr'><strong>lia</strong></span> <span class='ocrx_word' id='word_1_285' title='bbox 454 3490 612 3551; x_wconf 82' lang='lat' dir='ltr'><strong>allici,</strong></span> <span class='ocrx_word' id='word_1_286' title='bbox 642 3485 998 3542; x_wconf 87' lang='lat' dir='ltr'><strong>miserabilius</strong></span> <span class='ocrx_word' id='word_1_287' title='bbox 1038 3493 1149 3549; x_wconf 89' lang='lat' dir='ltr'><strong>est,</strong></span> <span class='ocrx_word' id='word_1_288' title='bbox 1188 3496 1345 3551; x_wconf 90' lang='lat' dir='ltr'><strong>quam</strong></span> <span class='ocrx_word' id='word_1_289' title='bbox 1374 3480 1442 3535; x_wconf 89' lang='lat' dir='ltr'><strong>ab</strong></span> <span class='ocrx_word' id='word_1_290' title='bbox 1472 3479 1677 3534; x_wconf 90' lang='lat' dir='ltr'><strong>alienis.</strong></span> <span class='ocrx_word' id='word_1_291' title='bbox 1707 3477 1818 3533; x_wconf 83' lang='lat' dir='ltr'><strong>llos</strong></span> <span class='ocrx_word' id='word_1_292' title='bbox 1843 3492 1943 3547; x_wconf 88' lang='lat' dir='ltr'><strong>ego</strong></span> 
     </span>
    </p>
   </div>
   <div class='ocr_carea' id='block_1_37' title="bbox 359 3570 1941 3649">
    <p class='ocr_par' dir='ltr' id='par_1_37' title="bbox 359 3570 1941 3649">
     <span class='ocr_line' id='line_1_37' title="bbox 359 3570 1941 3649; baseline -0.009 -12"><span class='ocrx_word' id='word_1_293' title='bbox 359 3581 660 3637; x_wconf 86' lang='lat' dir='ltr'><strong>homicidiis</strong></span> <span class='ocrx_word' id='word_1_294' title='bbox 702 3580 915 3649; x_wconf 88' lang='lat' dir='ltr'><strong>pejores</strong></span> <span class='ocrx_word' id='word_1_295' title='bbox 954 3576 1077 3631; x_wconf 92' lang='lat' dir='ltr'><strong>dico</strong></span> <span class='ocrx_word' id='word_1_296' title='bbox 1115 3593 1129 3629; x_wconf 90' lang='lat'><strong>:</strong></span> <span class='ocrx_word' id='word_1_297' title='bbox 1163 3572 1358 3628; x_wconf 92' lang='lat' dir='ltr'><strong>melius</strong></span> <span class='ocrx_word' id='word_1_298' title='bbox 1405 3573 1603 3642; x_wconf 85' lang='lat' dir='ltr'><strong>quippe</strong></span> <span class='ocrx_word' id='word_1_299' title='bbox 1648 3580 1730 3626; x_wconf 90' lang='lat' dir='ltr'><strong>est</strong></span> <span class='ocrx_word' id='word_1_300' title='bbox 1773 3570 1941 3637; x_wconf 92' lang='lat' dir='ltr'><strong>mori,</strong></span> 
     </span>
    </p>
   </div>
   <div class='ocr_carea' id='block_1_38' title="bbox 358 3662 1942 3743">
    <p class='ocr_par' dir='ltr' id='par_1_38' title="bbox 358 3662 1942 3743">
     <span class='ocr_line' id='line_1_38' title="bbox 358 3662 1942 3743; baseline -0.007 -16"><span class='ocrx_word' id='word_1_301' title='bbox 358 3688 517 3743; x_wconf 88' lang='lat' dir='ltr'><strong>quam</strong></span> <span class='ocrx_word' id='word_1_302' title='bbox 546 3672 625 3726; x_wconf 91' lang='lat' dir='ltr'><strong>sic</strong></span> <span class='ocrx_word' id='word_1_303' title='bbox 650 3669 971 3726; x_wconf 90' lang='lat' dir='ltr'><strong>contumelia</strong></span> <span class='ocrx_word' id='word_1_304' title='bbox 997 3667 1244 3722; x_wconf 67' lang='lat' dir='ltr'><strong>allectum</strong></span> <span class='ocrx_word' id='word_1_305' title='bbox 1266 3666 1467 3720; x_wconf 88' lang='lat' dir='ltr'><strong>vivere.</strong></span> <span class='ocrx_word' id='word_1_306' title='bbox 1494 3662 1773 3719; x_wconf 84' lang='lat' dir='ltr'><strong>Homicida</strong></span> <span class='ocrx_word' id='word_1_307' title='bbox 1799 3662 1942 3718; x_wconf 90' lang='lat' dir='ltr'><strong>enim</strong></span> 
     </span>
    </p>
   </div>
   <div class='ocr_carea' id='block_1_39' title="bbox 356 3755 1943 3832">
    <p class='ocr_par' dir='ltr' id='par_1_39' title="bbox 356 3755 1943 3832">
     <span class='ocr_line' id='line_1_39' title="bbox 356 3755 1943 3832; baseline -0.007 -13"><span class='ocrx_word' id='word_1_308' title='bbox 356 3766 592 3821; x_wconf 90' lang='lat' dir='ltr'><strong>animam</strong></span> <span class='ocrx_word' id='word_1_309' title='bbox 632 3777 662 3817; x_wconf 91' lang='lat' dir='ltr'><strong>a</strong></span> <span class='ocrx_word' id='word_1_310' title='bbox 692 3775 919 3832; x_wconf 89' lang='lat' dir='ltr'><strong>corpore</strong></span> <span class='ocrx_word' id='word_1_311' title='bbox 964 3766 1211 3829; x_wconf 90' lang='lat' dir='ltr'><strong>separat;</strong></span> <span class='ocrx_word' id='word_1_312' title='bbox 1258 3755 1344 3812; x_wconf 88' lang='lat' dir='ltr'><strong>hic</strong></span> <span class='ocrx_word' id='word_1_313' title='bbox 1378 3771 1506 3812; x_wconf 88' lang='lat' dir='ltr'><strong>vero</strong></span> <span class='ocrx_word' id='word_1_314' title='bbox 1546 3756 1777 3810; x_wconf 91' lang='lat' dir='ltr'><strong>animam</strong></span> <span class='ocrx_word' id='word_1_315' title='bbox 1820 3769 1943 3809; x_wconf 91' lang='lat' dir='ltr'><strong>cum</strong></span> 
     </span>
    </p>
   </div>
   <div class='ocr_carea' id='block_1_40' title="bbox 357 3848 1941 3925">
    <p class='ocr_par' dir='ltr' id='par_1_40' title="bbox 357 3848 1941 3925">
     <span class='ocr_line' id='line_1_40' title="bbox 357 3848 1941 3925; baseline -0.006 -14"><span class='ocrx_word' id='word_1_316' title='bbox 357 3871 585 3925; x_wconf 84' lang='lat' dir='ltr'><strong>corpore</strong></span> <span class='ocrx_word' id='word_1_317' title='bbox 635 3854 825 3924; x_wconf 87' lang='lat' dir='ltr'><strong>perdit.</strong></span> <span class='ocrx_word' id='word_1_318' title='bbox 872 3852 940 3907; x_wconf 85' lang='lat' dir='ltr'><strong>Et</strong></span> <span class='ocrx_word' id='word_1_319' title='bbox 987 3850 1362 3921; x_wconf 89' lang='lat' dir='ltr'><strong>quodcumque</strong></span> <span class='ocrx_word' id='word_1_320' title='bbox 1398 3848 1601 3904; x_wconf 79' lang='lat' dir='ltr'><strong>dixeris</strong></span> <span class='ocrx_word' id='word_1_321' title='bbox 1642 3856 1941 3918; x_wconf 88' lang='lat' dir='ltr'><strong>peceatum,</strong></span> 
     </span>
    </p>
   </div>
   <div class='ocr_carea' id='block_1_41' title="bbox 361 3939 1944 4017">
    <p class='ocr_par' dir='ltr' id='par_1_41' title="bbox 361 3939 1944 4017">
     <span class='ocr_line' id='line_1_41' title="bbox 361 3939 1944 4017; baseline -0.004 -15"><span class='ocrx_word' id='word_1_322' title='bbox 361 3963 466 4002; x_wconf 93' lang='lat' dir='ltr'><strong>non</strong></span> <span class='ocrx_word' id='word_1_323' title='bbox 504 3946 711 4017; x_wconf 70' lang='lat' dir='ltr'><strong>aequale</strong></span> <span class='ocrx_word' id='word_1_324' title='bbox 738 3945 939 3999; x_wconf 82' lang='lat' dir='ltr'><strong>dixeris</strong></span> <span class='ocrx_word' id='word_1_325' title='bbox 970 3943 1091 3997; x_wconf 86' lang='lat' dir='ltr'><strong>huic</strong></span> <span class='ocrx_word' id='word_1_326' title='bbox 1123 3941 1387 4012; x_wconf 88' lang='lat' dir='ltr'><strong>iniquitati</strong></span> <span class='ocrx_word' id='word_1_327' title='bbox 1422 3961 1436 3996; x_wconf 90' lang='lat'>:</span> <span class='ocrx_word' id='word_1_328' title='bbox 1468 3949 1524 3996; x_wconf 89' lang='lat' dir='ltr'><strong>et</strong></span> <span class='ocrx_word' id='word_1_329' title='bbox 1552 3941 1594 3995; x_wconf 93' lang='lat' dir='ltr'><strong>si</strong></span> <span class='ocrx_word' id='word_1_330' title='bbox 1628 3941 1681 4006; x_wconf 88' lang='lat' dir='ltr'><strong>ii,</strong></span> <span class='ocrx_word' id='word_1_331' title='bbox 1711 3939 1802 4010; x_wconf 90' lang='lat' dir='ltr'><strong>qui</strong></span> <span class='ocrx_word' id='word_1_332' title='bbox 1832 3941 1944 3995; x_wconf 76' lang='lat' dir='ltr'><strong>lucc</strong></span> 
     </span>
    </p>
   </div>
   <div class='ocr_carea' id='block_1_42' title="bbox 359 4030 1943 4107">
    <p class='ocr_par' dir='ltr' id='par_1_42' title="bbox 359 4030 1943 4107">
     <span class='ocr_line' id='line_1_42' title="bbox 359 4030 1943 4107; baseline -0.005 -16"><span class='ocrx_word' id='word_1_333' title='bbox 359 4038 649 4107; x_wconf 82' lang='lat' dir='ltr'><strong>patiuntur,</strong></span> <span class='ocrx_word' id='word_1_334' title='bbox 692 4035 768 4090; x_wconf 92' lang='lat' dir='ltr'><strong>rei</strong></span> <span class='ocrx_word' id='word_1_335' title='bbox 819 4047 1038 4089; x_wconf 77' lang='lat' dir='ltr'><strong>sensum</strong></span> <span class='ocrx_word' id='word_1_336' title='bbox 1083 4031 1361 4097; x_wconf 89' lang='lat' dir='ltr'><strong>haberent,</strong></span> <span class='ocrx_word' id='word_1_337' title='bbox 1398 4030 1591 4086; x_wconf 90' lang='lat' dir='ltr'><strong>millies</strong></span> <span class='ocrx_word' id='word_1_338' title='bbox 1626 4030 1761 4085; x_wconf 93' lang='lat' dir='ltr'><strong>mori</strong></span> <span class='ocrx_word' id='word_1_339' title='bbox 1802 4044 1943 4098; x_wconf 68' lang='lat' dir='ltr'><strong>prte-</strong></span> 
     </span>
    </p>
   </div>
   <div class='ocr_carea' id='block_1_43' title="bbox 359 4126 1219 4199">
    <p class='ocr_par' dir='ltr' id='par_1_43' title="bbox 359 4126 1219 4199">
     <span class='ocr_line' id='line_1_43' title="bbox 359 4126 1219 4199; baseline -0.008 -16"><span class='ocrx_word' id='word_1_340' title='bbox 359 4136 625 4199; x_wconf 76' lang='lat' dir='ltr'><strong>optarent,</strong></span> <span class='ocrx_word' id='word_1_341' title='bbox 657 4142 726 4182; x_wconf 89' lang='lat' dir='ltr'><strong>ne</strong></span> <span class='ocrx_word' id='word_1_342' title='bbox 754 4126 856 4181; x_wconf 90' lang='lat' dir='ltr'><strong>hoc</strong></span> <span class='ocrx_word' id='word_1_343' title='bbox 886 4132 1219 4195; x_wconf 88' lang='lat' dir='ltr'><strong>paterentur.</strong></span> 
     </span>
    </p>
   </div>
   <div class='ocr_carea' id='block_1_44' title="bbox 428 4212 1944 4287">
    <p class='ocr_par' dir='ltr' id='par_1_44' title="bbox 428 4212 1944 4287">
     <span class='ocr_line' id='line_1_44' title="bbox 428 4212 1944 4287; baseline -0.007 -9"><span class='ocrx_word' id='word_1_344' title='bbox 428 4224 481 4278; x_wconf 77' lang='lat'><strong>3.</strong></span> <span class='ocrx_word' id='word_1_345' title='bbox 512 4221 652 4277; x_wconf 84' lang='lat' dir='ltr'><strong>Nihil</strong></span> <span class='ocrx_word' id='word_1_346' title='bbox 674 4228 775 4283; x_wconf 90' lang='lat' dir='ltr'><strong>est,</strong></span> <span class='ocrx_word' id='word_1_347' title='bbox 800 4218 932 4273; x_wconf 92' lang='lat' dir='ltr'><strong>nihil</strong></span> <span class='ocrx_word' id='word_1_348' title='bbox 955 4218 1137 4287; x_wconf 84' lang='lat' dir='ltr'><strong>utique</strong></span> <span class='ocrx_word' id='word_1_349' title='bbox 1156 4224 1238 4271; x_wconf 90' lang='lat' dir='ltr'><strong>est</strong></span> <span class='ocrx_word' id='word_1_350' title='bbox 1263 4215 1362 4271; x_wconf 88' lang='lat' dir='ltr'><strong>hac</strong></span> <span class='ocrx_word' id='word_1_351' title='bbox 1380 4213 1703 4269; x_wconf 82' lang='lat' dir='ltr'><strong>contumelia</strong></span> <span class='ocrx_word' id='word_1_352' title='bbox 1731 4212 1944 4267; x_wconf 86' lang='lat' dir='ltr'><strong>irratio-</strong></span> 
     </span>
    </p>
   </div>
   <div class='ocr_carea' id='block_1_45' title="bbox 360 4306 1944 4380">
    <p class='ocr_par' dir='ltr' id='par_1_45' title="bbox 360 4306 1944 4380">
     <span class='ocr_line' id='line_1_45' title="bbox 360 4306 1944 4380; baseline -0.006 -11"><span class='ocrx_word' id='word_1_353' title='bbox 360 4312 588 4369; x_wconf 86' lang='lat' dir='ltr'><strong>nabilius</strong></span> <span class='ocrx_word' id='word_1_354' title='bbox 616 4321 669 4366; x_wconf 92' lang='lat' dir='ltr'><strong>et</strong></span> <span class='ocrx_word' id='word_1_355' title='bbox 711 4310 945 4380; x_wconf 82' lang='lat' dir='ltr'><strong>gravius.</strong></span> <span class='ocrx_word' id='word_1_356' title='bbox 986 4308 1043 4364; x_wconf 90' lang='lat' dir='ltr'><strong>Si</strong></span> <span class='ocrx_word' id='word_1_357' title='bbox 1074 4309 1215 4363; x_wconf 89' lang='lat' dir='ltr'><strong>enim</strong></span> <span class='ocrx_word' id='word_1_358' title='bbox 1243 4306 1311 4362; x_wconf 90' lang='lat' dir='ltr'><strong>de</strong></span> <span class='ocrx_word' id='word_1_359' title='bbox 1338 4306 1686 4360; x_wconf 87' lang='lat' dir='ltr'><strong>fornicatione</strong></span> <span class='ocrx_word' id='word_1_360' title='bbox 1721 4306 1944 4373; x_wconf 91' lang='lat' dir='ltr'><strong>loquens</strong></span> 
     </span>
    </p>
   </div>
   <div class='ocr_carea' id='block_1_46' title="bbox 361 4396 1945 4467">
    <p class='ocr_par' dir='ltr' id='par_1_46' title="bbox 361 4396 1945 4467">
     <span class='ocr_line' id='line_1_46' title="bbox 361 4396 1945 4467; baseline -0.004 -10"><span class='ocrx_word' id='word_1_361' title='bbox 361 4402 581 4466; x_wconf 75' lang='lat' dir='ltr'><strong>l‘aulus,</strong></span> <span class='ocrx_word' id='word_1_362' title='bbox 609 4400 825 4454; x_wconf 89' lang='lat' dir='ltr'><strong>dicebat</strong></span> <span class='ocrx_word' id='word_1_363' title='bbox 855 4416 868 4453; x_wconf 90' lang='lat'><strong>:</strong></span> <span class='ocrx_word' id='word_1_364' title='bbox 904 4397 1065 4452; x_wconf 83' lang='lat' dir='ltr'><strong>Omne</strong></span> <span class='ocrx_word' id='word_1_365' title='bbox 1092 4406 1374 4467; x_wconf 83' lang='lat' dir='ltr'><strong>peccatum,</strong></span> <span class='ocrx_word' id='word_1_366' title='bbox 1406 4396 1754 4466; x_wconf 83' lang='lat' dir='ltr'><strong>quodcumque</strong></span> <span class='ocrx_word' id='word_1_367' title='bbox 1773 4397 1945 4466; x_wconf 76' lang='lat' dir='ltr'><strong>fecerit</strong></span> 
     </span>
    </p>
   </div>
   <div class='ocr_carea' id='block_1_47' title="bbox 359 4486 1946 4558">
    <p class='ocr_par' dir='ltr' id='par_1_47' title="bbox 359 4486 1946 4558">
     <span class='ocr_line' id='line_1_47' title="bbox 359 4486 1946 4558; baseline -0.004 -12"><span class='ocrx_word' id='word_1_368' title='bbox 359 4496 529 4558; x_wconf 81' lang='lat' dir='ltr'><strong>homo,</strong></span> <span class='ocrx_word' id='word_1_369' title='bbox 553 4501 695 4545; x_wconf 78' lang='lat' dir='ltr'><strong>extra</strong></span> <span class='ocrx_word' id='word_1_370' title='bbox 715 4504 898 4558; x_wconf 84' lang='lat' dir='ltr'><strong>corpus</strong></span> <span class='ocrx_word' id='word_1_371' title='bbox 919 4496 1024 4550; x_wconf 79' lang='lat' dir='ltr'><strong>est;</strong></span> <span class='ocrx_word' id='word_1_372' title='bbox 1048 4486 1133 4557; x_wconf 84' lang='lat' dir='ltr'><strong>qui</strong></span> <span class='ocrx_word' id='word_1_373' title='bbox 1153 4502 1267 4540; x_wconf 81' lang='lat' dir='ltr'><strong>vero</strong></span> <span class='ocrx_word' id='word_1_374' title='bbox 1288 4487 1589 4556; x_wconf 79' lang='lat' dir='ltr'><strong>fornicatur,</strong></span> <span class='ocrx_word' id='word_1_375' title='bbox 1609 4488 1661 4540; x_wconf 79' lang='lat' dir='ltr'><strong>in</strong></span> <span class='ocrx_word' id='word_1_376' title='bbox 1683 4487 1946 4557; x_wconf 80' lang='lat' dir='ltr'><strong>proprium</strong></span> 
     </span>
    </p>
   </div>
   <div class='ocr_carea' id='block_1_48' title="bbox 355 4579 1946 4659">
    <p class='ocr_par' dir='ltr' id='par_1_48' title="bbox 355 4579 1946 4659">
     <span class='ocr_line' id='line_1_48' title="bbox 355 4579 1946 4659; baseline -0.004 -18"><span class='ocrx_word' id='word_1_377' title='bbox 355 4603 540 4659; x_wconf 79' lang='lat' dir='ltr'><strong>corpus</strong></span> <span class='ocrx_word' id='word_1_378' title='bbox 570 4593 741 4656; x_wconf 82' lang='lat' dir='ltr'><strong>peccat</strong></span> <span class='ocrx_word' id='word_1_379' title='bbox 767 4583 845 4652; x_wconf 85' lang='lat' dir='ltr'><strong>(l.</strong></span> <span class='ocrx_word' id='word_1_380' title='bbox 872 4581 991 4636; x_wconf 84' lang='lat' dir='ltr'><strong>Cor.</strong></span> <span class='ocrx_word' id='word_1_381' title='bbox 1021 4580 1074 4635; x_wconf 88' lang='lat'><strong>6.</strong></span> <span class='ocrx_word' id='word_1_382' title='bbox 1107 4580 1246 4649; x_wconf 71' lang='lat'><strong>18);</strong></span> <span class='ocrx_word' id='word_1_383' title='bbox 1278 4579 1405 4649; x_wconf 91' lang='lat' dir='ltr'><strong>quid</strong></span> <span class='ocrx_word' id='word_1_384' title='bbox 1435 4580 1727 4635; x_wconf 81' lang='lat' dir='ltr'><strong>dixerimus</strong></span> <span class='ocrx_word' id='word_1_385' title='bbox 1752 4579 1821 4635; x_wconf 88' lang='lat' dir='ltr'><strong>de</strong></span> <span class='ocrx_word' id='word_1_386' title='bbox 1846 4579 1946 4635; x_wconf 88' lang='lat' dir='ltr'><strong>hac</strong></span> 
     </span>
    </p>
   </div>
   <div class='ocr_carea' id='block_1_49' title="bbox 358 4671 1945 4747">
    <p class='ocr_par' dir='ltr' id='par_1_49' title="bbox 358 4671 1945 4747">
     <span class='ocr_line' id='line_1_49' title="bbox 358 4671 1945 4747; baseline -0.004 -13"><span class='ocrx_word' id='word_1_387' title='bbox 358 4680 585 4744; x_wconf 83' lang='lat' dir='ltr'><strong>insania,</strong></span> <span class='ocrx_word' id='word_1_388' title='bbox 616 4692 734 4747; x_wconf 68' lang='lat' dir='ltr'><strong>qua:</strong></span> <span class='ocrx_word' id='word_1_389' title='bbox 775 4683 922 4729; x_wconf 88' lang='lat' dir='ltr'><strong>tanto</strong></span> <span class='ocrx_word' id='word_1_390' title='bbox 955 4672 1192 4728; x_wconf 90' lang='lat' dir='ltr'><strong>deterior</strong></span> <span class='ocrx_word' id='word_1_391' title='bbox 1217 4680 1301 4728; x_wconf 93' lang='lat' dir='ltr'><strong>est</strong></span> <span class='ocrx_word' id='word_1_392' title='bbox 1329 4671 1679 4728; x_wconf 79' lang='lat' dir='ltr'><strong>fornicatione</strong></span> <span class='ocrx_word' id='word_1_393' title='bbox 1699 4714 1715 4740; x_wconf 93' lang='lat'><strong>,</strong></span> <span class='ocrx_word' id='word_1_394' title='bbox 1744 4684 1945 4744; x_wconf 88' lang='lat' dir='ltr'><strong>quanto</strong></span> 
     </span>
    </p>
   </div>
   <div class='ocr_carea' id='block_1_50' title="bbox 356 4765 1946 4840">
    <p class='ocr_par' dir='ltr' id='par_1_50' title="bbox 356 4765 1946 4840">
     <span class='ocr_line' id='line_1_50' title="bbox 356 4765 1946 4840; baseline -0.003 -15"><span class='ocrx_word' id='word_1_395' title='bbox 356 4772 459 4827; x_wconf 88' lang='lat' dir='ltr'><strong>dici</strong></span> <span class='ocrx_word' id='word_1_396' title='bbox 499 4768 718 4840; x_wconf 78' lang='lat' dir='ltr'><strong>nequit?</strong></span> <span class='ocrx_word' id='word_1_397' title='bbox 748 4766 931 4837; x_wconf 83' lang='lat' dir='ltr'><strong>Neque</strong></span> <span class='ocrx_word' id='word_1_398' title='bbox 956 4765 1097 4821; x_wconf 88' lang='lat' dir='ltr'><strong>enim</strong></span> <span class='ocrx_word' id='word_1_399' title='bbox 1128 4765 1230 4819; x_wconf 91' lang='lat' dir='ltr'><strong>hoc</strong></span> <span class='ocrx_word' id='word_1_400' title='bbox 1263 4773 1467 4819; x_wconf 91' lang='lat' dir='ltr'><strong>tantum</strong></span> <span class='ocrx_word' id='word_1_401' title='bbox 1499 4765 1653 4832; x_wconf 91' lang='lat' dir='ltr'><strong>dico,</strong></span> <span class='ocrx_word' id='word_1_402' title='bbox 1689 4765 1831 4836; x_wconf 92' lang='lat' dir='ltr'><strong>quod</strong></span> <span class='ocrx_word' id='word_1_403' title='bbox 1861 4766 1946 4820; x_wconf 82' lang='lat' dir='ltr'><strong>fa-</strong></span> 
     </span>
    </p>
   </div>
   <div class='ocr_carea' id='block_1_51' title="bbox 355 4857 1947 4931">
    <p class='ocr_par' dir='ltr' id='par_1_51' title="bbox 355 4857 1947 4931">
     <span class='ocr_line' id='line_1_51' title="bbox 355 4857 1947 4931; baseline -0.002 -13"><span class='ocrx_word' id='word_1_404' title='bbox 355 4873 473 4919; x_wconf 91' lang='lat' dir='ltr'><strong>ctus</strong></span> <span class='ocrx_word' id='word_1_405' title='bbox 498 4863 573 4918; x_wconf 91' lang='lat' dir='ltr'><strong>sis</strong></span> <span class='ocrx_word' id='word_1_406' title='bbox 598 4860 811 4926; x_wconf 88' lang='lat' dir='ltr'><strong>mulier,</strong></span> <span class='ocrx_word' id='word_1_407' title='bbox 836 4859 931 4914; x_wconf 92' lang='lat' dir='ltr'><strong>sed</strong></span> <span class='ocrx_word' id='word_1_408' title='bbox 952 4858 1111 4913; x_wconf 89' lang='lat' dir='ltr'><strong>etiam</strong></span> <span class='ocrx_word' id='word_1_409' title='bbox 1136 4857 1280 4929; x_wconf 93' lang='lat' dir='ltr'><strong>quod</strong></span> <span class='ocrx_word' id='word_1_410' title='bbox 1304 4873 1486 4913; x_wconf 90' lang='lat' dir='ltr'><strong>cesses</strong></span> <span class='ocrx_word' id='word_1_411' title='bbox 1506 4873 1627 4915; x_wconf 84' lang='lat' dir='ltr'><strong>esse</strong></span> <span class='ocrx_word' id='word_1_412' title='bbox 1646 4860 1746 4924; x_wconf 90' lang='lat' dir='ltr'><strong>vir,</strong></span> <span class='ocrx_word' id='word_1_413' title='bbox 1774 4874 1947 4931; x_wconf 90' lang='lat' dir='ltr'><strong>neque</strong></span> 
     </span>
    </p>
   </div>
   <div class='ocr_carea' id='block_1_52' title="bbox 357 4950 1944 5020">
    <p class='ocr_par' dir='ltr' id='par_1_52' title="bbox 357 4950 1944 5020">
     <span class='ocr_line' id='line_1_52' title="bbox 357 4950 1944 5020; baseline -0.001 -11"><span class='ocrx_word' id='word_1_414' title='bbox 357 4964 589 5010; x_wconf 87' lang='lat' dir='ltr'><strong>mutatus</strong></span> <span class='ocrx_word' id='word_1_415' title='bbox 632 4955 707 5007; x_wconf 90' lang='lat' dir='ltr'><strong>sis</strong></span> <span class='ocrx_word' id='word_1_416' title='bbox 751 4952 803 5007; x_wconf 92' lang='lat' dir='ltr'><strong>in</strong></span> <span class='ocrx_word' id='word_1_417' title='bbox 852 4951 1005 5007; x_wconf 91' lang='lat' dir='ltr'><strong>istam</strong></span> <span class='ocrx_word' id='word_1_418' title='bbox 1046 4961 1317 5017; x_wconf 88' lang='lat' dir='ltr'><strong>naturam,</strong></span> <span class='ocrx_word' id='word_1_419' title='bbox 1353 4964 1527 5020; x_wconf 84' lang='lat' dir='ltr'><strong>neque</strong></span> <span class='ocrx_word' id='word_1_420' title='bbox 1569 4950 1715 5006; x_wconf 89' lang='lat' dir='ltr'><strong>illam</strong></span> <span class='ocrx_word' id='word_1_421' title='bbox 1757 4966 1944 5008; x_wconf 87' lang='lat' dir='ltr'><strong>serves</strong></span> 
     </span>
    </p>
   </div>
   <div class='ocr_carea' id='block_1_53' title="bbox 356 5042 1947 5113">
    <p class='ocr_par' dir='ltr' id='par_1_53' title="bbox 356 5042 1947 5113">
     <span class='ocr_line' id='line_1_53' title="bbox 356 5042 1947 5113; baseline -0.001 -14"><span class='ocrx_word' id='word_1_422' title='bbox 356 5060 513 5113; x_wconf 91' lang='lat' dir='ltr'><strong>quam</strong></span> <span class='ocrx_word' id='word_1_423' title='bbox 560 5043 827 5108; x_wconf 87' lang='lat' dir='ltr'><strong>habuisti;</strong></span> <span class='ocrx_word' id='word_1_424' title='bbox 878 5042 975 5098; x_wconf 90' lang='lat' dir='ltr'><strong>sed</strong></span> <span class='ocrx_word' id='word_1_425' title='bbox 1026 5043 1302 5113; x_wconf 85' lang='lat' dir='ltr'><strong>utriusque</strong></span> <span class='ocrx_word' id='word_1_426' title='bbox 1355 5042 1655 5097; x_wconf 85' lang='lat' dir='ltr'><strong>communis</strong></span> <span class='ocrx_word' id='word_1_427' title='bbox 1707 5042 1947 5113; x_wconf 88' lang='lat' dir='ltr'><strong>proditor</strong></span> 
     </span>
    </p>
   </div>
   <div class='ocr_carea' id='block_1_54' title="bbox 355 5132 1945 5203">
    <p class='ocr_par' dir='ltr' id='par_1_54' title="bbox 355 5132 1945 5203">
     <span class='ocr_line' id='line_1_54' title="bbox 355 5132 1945 5203; baseline 0.001 -15"><span class='ocrx_word' id='word_1_428' title='bbox 355 5134 577 5188; x_wconf 77' lang='lat' dir='ltr'><strong>effectus</strong></span> <span class='ocrx_word' id='word_1_429' title='bbox 605 5134 714 5195; x_wconf 90' lang='lat' dir='ltr'><strong>sis,</strong></span> <span class='ocrx_word' id='word_1_430' title='bbox 755 5142 810 5188; x_wconf 90' lang='lat' dir='ltr'><strong>et</strong></span> <span class='ocrx_word' id='word_1_431' title='bbox 847 5133 1040 5203; x_wconf 90' lang='lat' dir='ltr'><strong>dignus</strong></span> <span class='ocrx_word' id='word_1_432' title='bbox 1074 5133 1166 5203; x_wconf 92' lang='lat' dir='ltr'><strong>qui</strong></span> <span class='ocrx_word' id='word_1_433' title='bbox 1201 5148 1231 5187; x_wconf 88' lang='lat' dir='ltr'><strong>a</strong></span> <span class='ocrx_word' id='word_1_434' title='bbox 1268 5132 1399 5187; x_wconf 89' lang='lat' dir='ltr'><strong>viris</strong></span> <span class='ocrx_word' id='word_1_435' title='bbox 1427 5142 1483 5188; x_wconf 91' lang='lat' dir='ltr'><strong>et</strong></span> <span class='ocrx_word' id='word_1_436' title='bbox 1509 5133 1823 5189; x_wconf 86' lang='lat' dir='ltr'><strong>mulieribus</strong></span> <span class='ocrx_word' id='word_1_437' title='bbox 1848 5150 1945 5189; x_wconf 78' lang='lat' dir='ltr'><strong>ex-</strong></span> 
     </span>
    </p>
   </div>
   <div class='ocr_carea' id='block_1_55' title="bbox 359 5224 1945 5297">
    <p class='ocr_par' dir='ltr' id='par_1_55' title="bbox 359 5224 1945 5297">
     <span class='ocr_line' id='line_1_55' title="bbox 359 5224 1945 5297; baseline 0.001 -18"><span class='ocrx_word' id='word_1_438' title='bbox 359 5225 573 5294; x_wconf 86' lang='lat' dir='ltr'><strong>pellaris</strong></span> <span class='ocrx_word' id='word_1_439' title='bbox 619 5234 673 5278; x_wconf 89' lang='lat' dir='ltr'><strong>et</strong></span> <span class='ocrx_word' id='word_1_440' title='bbox 719 5224 1010 5293; x_wconf 91' lang='lat' dir='ltr'><strong>lapideris,</strong></span> <span class='ocrx_word' id='word_1_441' title='bbox 1058 5233 1244 5294; x_wconf 90' lang='lat' dir='ltr'><strong>utpote</strong></span> <span class='ocrx_word' id='word_1_442' title='bbox 1293 5225 1385 5295; x_wconf 91' lang='lat' dir='ltr'><strong>qui</strong></span> <span class='ocrx_word' id='word_1_443' title='bbox 1429 5233 1713 5297; x_wconf 89' lang='lat' dir='ltr'><strong>utrumque</strong></span> <span class='ocrx_word' id='word_1_444' title='bbox 1758 5240 1945 5281; x_wconf 76' lang='lat' dir='ltr'><strong>sexum</strong></span> 
     </span>
    </p>
   </div>
   <div class='ocr_carea' id='block_1_56' title="bbox 357 5315 1945 5388">
    <p class='ocr_par' dir='ltr' id='par_1_56' title="bbox 357 5315 1945 5388">
     <span class='ocr_line' id='line_1_56' title="bbox 357 5315 1945 5388; baseline 0.001 -16"><span class='ocrx_word' id='word_1_445' title='bbox 357 5316 549 5388; x_wconf 86' lang='lat' dir='ltr'><strong>injuria</strong></span> <span class='ocrx_word' id='word_1_446' title='bbox 576 5315 841 5371; x_wconf 76' lang='lat' dir='ltr'><strong>effeceris.</strong></span> <span class='ocrx_word' id='word_1_447' title='bbox 883 5317 949 5371; x_wconf 84' lang='lat' dir='ltr'><strong>Et</strong></span> <span class='ocrx_word' id='word_1_448' title='bbox 993 5325 1052 5370; x_wconf 91' lang='lat' dir='ltr'><strong>ut</strong></span> <span class='ocrx_word' id='word_1_449' title='bbox 1086 5317 1294 5372; x_wconf 89' lang='lat' dir='ltr'><strong>ediscas</strong></span> <span class='ocrx_word' id='word_1_450' title='bbox 1320 5326 1579 5387; x_wconf 87' lang='lat' dir='ltr'><strong>quantum</strong></span> <span class='ocrx_word' id='word_1_451' title='bbox 1620 5319 1721 5373; x_wconf 91' lang='lat' dir='ltr'><strong>hoc</strong></span> <span class='ocrx_word' id='word_1_452' title='bbox 1760 5318 1867 5373; x_wconf 91' lang='lat' dir='ltr'><strong>sit:</strong></span> <span class='ocrx_word' id='word_1_453' title='bbox 1900 5319 1945 5374; x_wconf 79' lang='lat' dir='ltr'><strong>si</strong></span> 
     </span>
    </p>
   </div>
   <div class='ocr_carea' id='block_1_57' title="bbox 356 5408 2012 5483">
    <p class='ocr_par' dir='ltr' id='par_1_57' title="bbox 356 5408 2012 5483">
     <span class='ocr_line' id='line_1_57' title="bbox 356 5408 2012 5483; baseline 0 -18"><span class='ocrx_word' id='word_1_454' title='bbox 356 5412 475 5482; x_wconf 79' lang='lat' dir='ltr'><strong>quis</strong></span> <span class='ocrx_word' id='word_1_455' title='bbox 518 5408 781 5464; x_wconf 90' lang='lat' dir='ltr'><strong>accedens</strong></span> <span class='ocrx_word' id='word_1_456' title='bbox 823 5408 1043 5464; x_wconf 69' lang='lat' dir='ltr'><strong>offerret</strong></span> <span class='ocrx_word' id='word_1_457' title='bbox 1088 5409 1201 5475; x_wconf 88' lang='lat' dir='ltr'><strong>tibi,</strong></span> <span class='ocrx_word' id='word_1_458' title='bbox 1231 5423 1292 5464; x_wconf 91' lang='lat' dir='ltr'><strong>se</strong></span> <span class='ocrx_word' id='word_1_459' title='bbox 1318 5425 1384 5465; x_wconf 81' lang='lat' dir='ltr'><strong>ex</strong></span> <span class='ocrx_word' id='word_1_460' title='bbox 1424 5410 1642 5465; x_wconf 90' lang='lat' dir='ltr'><strong>homine</strong></span> <span class='ocrx_word' id='word_1_461' title='bbox 1677 5417 1729 5465; x_wconf 92' lang='lat' dir='ltr'><strong>te</strong></span> <span class='ocrx_word' id='word_1_462' title='bbox 1757 5424 1945 5465; x_wconf 91' lang='lat' dir='ltr'><strong>canem</strong></span> <span class='ocrx_word' id='word_1_463' title='bbox 1970 5459 2012 5483; x_wconf 41' lang='grc' dir='ltr'><strong>,δ</strong></span> 
     </span>
    </p>
   </div>
   <div class='ocr_carea' id='block_1_58' title="bbox 356 5500 1949 5573">
    <p class='ocr_par' dir='ltr' id='par_1_58' title="bbox 356 5500 1949 5573">
     <span class='ocr_line' id='line_1_58' title="bbox 356 5500 1949 5573; baseline -0.003 -11"><span class='ocrx_word' id='word_1_464' title='bbox 356 5520 477 5562; x_wconf 85' lang='lat' dir='ltr'><strong>esse</strong></span> <span class='ocrx_word' id='word_1_465' title='bbox 498 5504 780 5568; x_wconf 89' lang='lat' dir='ltr'><strong>facturum,</strong></span> <span class='ocrx_word' id='word_1_466' title='bbox 808 5517 985 5555; x_wconf 90' lang='lat' dir='ltr'><strong>annon</strong></span> <span class='ocrx_word' id='word_1_467' title='bbox 1009 5500 1156 5555; x_wconf 92' lang='lat' dir='ltr'><strong>illum</strong></span> <span class='ocrx_word' id='word_1_468' title='bbox 1179 5509 1241 5555; x_wconf 90' lang='lat' dir='ltr'><strong>ut</strong></span> <span class='ocrx_word' id='word_1_469' title='bbox 1266 5501 1621 5571; x_wconf 88' lang='lat' dir='ltr'><strong>perniciosum</strong></span> <span class='ocrx_word' id='word_1_470' title='bbox 1644 5501 1949 5573; x_wconf 74' lang='lat' dir='ltr'><strong>effugeres?</strong></span> 
     </span>
    </p>
   </div>
   <div class='ocr_carea' id='block_1_59' title="bbox 399 5635 1944 5699">
    <p class='ocr_par' dir='ltr' id='par_1_59' title="bbox 399 5635 1944 5699">
     <span class='ocr_line' id='line_1_59' title="bbox 399 5635 1944 5699; baseline 0.004 -12"><span class='ocrx_word' id='word_1_471' title='bbox 399 5640 473 5699; x_wconf 80' lang='grc' dir='ltr'><strong>(ιι)</strong></span> <span class='ocrx_word' id='word_1_472' title='bbox 498 5637 665 5687; x_wconf 85' lang='lat' dir='ltr'><strong>chtio</strong></span> <span class='ocrx_word' id='word_1_473' title='bbox 687 5638 812 5685; x_wconf 86' lang='lat' dir='ltr'><strong>sicea</strong></span> <span class='ocrx_word' id='word_1_474' title='bbox 836 5642 977 5685; x_wconf 77' lang='lat' dir='ltr'><strong>extra</strong></span> <span class='ocrx_word' id='word_1_475' title='bbox 1000 5635 1175 5685; x_wconf 89' lang='lat' dir='ltr'><strong>balnea</strong></span> <span class='ocrx_word' id='word_1_476' title='bbox 1194 5637 1478 5689; x_wconf 76' lang='lat' dir='ltr'><strong>sumebatur</strong></span> <span class='ocrx_word' id='word_1_477' title='bbox 1502 5639 1564 5690; x_wconf 89' lang='lat' dir='ltr'><strong>ab</strong></span> <span class='ocrx_word' id='word_1_478' title='bbox 1595 5639 1798 5692; x_wconf 85' lang='lat' dir='ltr'><strong>athletis</strong></span> <span class='ocrx_word' id='word_1_479' title='bbox 1820 5648 1870 5694; x_wconf 80' lang='lat' dir='ltr'><strong>et</strong></span> <span class='ocrx_word' id='word_1_480' title='bbox 1898 5641 1944 5693; x_wconf 87' lang='lat' dir='ltr'><strong>in</strong></span> 
     </span>
    </p>
   </div>
   <div class='ocr_carea' id='block_1_60' title="bbox 359 5699 1456 5762">
    <p class='ocr_par' dir='ltr' id='par_1_60' title="bbox 359 5699 1456 5762">
     <span class='ocr_line' id='line_1_60' title="bbox 359 5699 1456 5762; baseline 0.001 -13"><span class='ocrx_word' id='word_1_481' title='bbox 359 5701 599 5761; x_wconf 61' lang='lat' dir='ltr'><strong>palastra.</strong></span> <span class='ocrx_word' id='word_1_482' title='bbox 627 5699 742 5752; x_wconf 67' lang='lat' dir='ltr'><strong>llzcc</strong></span> <span class='ocrx_word' id='word_1_483' title='bbox 768 5712 887 5750; x_wconf 89' lang='lat' dir='ltr'><strong>vero</strong></span> <span class='ocrx_word' id='word_1_484' title='bbox 910 5712 1067 5749; x_wconf 77' lang='lat' dir='ltr'><strong>servis</strong></span> <span class='ocrx_word' id='word_1_485' title='bbox 1090 5699 1456 5762; x_wconf 84' lang='lat' dir='ltr'><strong>prohibebatur.</strong></span> 
     </span>
    </p>
   </div>
   <div class='ocr_carea' id='block_1_61' title="bbox 1087 238 2895 304">
    <p class='ocr_par' dir='ltr' id='par_1_61' title="bbox 1087 238 2895 304">
     <span class='ocr_line' id='line_1_61' title="bbox 1087 238 2895 304; baseline 0 -3"><span class='ocrx_word' id='word_1_486' title='bbox 1087 245 1144 301; x_wconf 86' lang='lat' dir='ltr'><strong>S.</strong></span> <span class='ocrx_word' id='word_1_487' title='bbox 1183 241 1463 303; x_wconf 68' lang='lat' dir='ltr'><strong>JOANNIS</strong></span> <span class='ocrx_word' id='word_1_488' title='bbox 1497 238 1967 299; x_wconf 77' lang='lat' dir='ltr'><strong>CIIRYSOSTOMI</strong></span> <span class='ocrx_word' id='word_1_489' title='bbox 2006 240 2323 301; x_wconf 69' lang='lat' dir='ltr'><strong>ARClllEP.</strong></span> <span class='ocrx_word' id='word_1_490' title='bbox 2362 244 2895 304; x_wconf 82' lang='lat' dir='ltr'><strong>CONSTANTINOP.</strong></span> 
     </span>
    </p>
   </div>
   <div class='ocr_carea' id='block_1_62' title="bbox 3521 253 3621 309">
    <p class='ocr_par' dir='ltr' id='par_1_62' title="bbox 3521 253 3621 309">
     <span class='ocr_line' id='line_1_62' title="bbox 3521 253 3621 309; baseline 0.02 -2"><span class='ocrx_word' id='word_1_491' title='bbox 3521 253 3621 309; x_wconf 62' lang='lat'><strong>£30</strong></span> 
     </span>
    </p>
   </div>
   <div class='ocr_carea' id='block_1_63' title="bbox 2029 356 3621 431">
    <p class='ocr_par' dir='ltr' id='par_1_63' title="bbox 2029 356 3621 431">
     <span class='ocr_line' id='line_1_63' title="bbox 2029 356 3621 431; baseline 0.01 -23"><span class='ocrx_word' id='word_1_492' title='bbox 2029 356 2190 427; x_wconf 89' lang='lat' dir='ltr'><strong>Atqui</strong></span> <span class='ocrx_word' id='word_1_493' title='bbox 2236 367 2289 413; x_wconf 91' lang='lat' dir='ltr'><strong>te</strong></span> <span class='ocrx_word' id='word_1_494' title='bbox 2334 374 2438 414; x_wconf 93' lang='lat' dir='ltr'><strong>non</strong></span> <span class='ocrx_word' id='word_1_495' title='bbox 2486 375 2672 417; x_wconf 91' lang='lat' dir='ltr'><strong>canem</strong></span> <span class='ocrx_word' id='word_1_496' title='bbox 2712 376 2781 417; x_wconf 77' lang='lat' dir='ltr'><strong>ex</strong></span> <span class='ocrx_word' id='word_1_497' title='bbox 2820 360 3036 418; x_wconf 88' lang='lat' dir='ltr'><strong>homine</strong></span> <span class='ocrx_word' id='word_1_498' title='bbox 3067 360 3272 431; x_wconf 78' lang='lat' dir='ltr'><strong>fecisti,</strong></span> <span class='ocrx_word' id='word_1_499' title='bbox 3302 365 3395 420; x_wconf 87' lang='lat' dir='ltr'><strong>sed</strong></span> <span class='ocrx_word' id='word_1_500' title='bbox 3422 371 3621 424; x_wconf 78' lang='lat' dir='ltr'><strong>animal</strong></span> 
     </span>
    </p>
   </div>
   <div class='ocr_carea' id='block_1_64' title="bbox 2030 447 3625 522">
    <p class='ocr_par' dir='ltr' id='par_1_64' title="bbox 2030 447 3625 522">
     <span class='ocr_line' id='line_1_64' title="bbox 2030 447 3625 522; baseline 0.008 -24"><span class='ocrx_word' id='word_1_501' title='bbox 2030 458 2163 501; x_wconf 89' lang='lat' dir='ltr'><strong>cane</strong></span> <span class='ocrx_word' id='word_1_502' title='bbox 2210 447 2366 517; x_wconf 79' lang='lat' dir='ltr'><strong>longe</strong></span> <span class='ocrx_word' id='word_1_503' title='bbox 2402 449 2560 505; x_wconf 89' lang='lat' dir='ltr'><strong>vilius</strong></span> <span class='ocrx_word' id='word_1_504' title='bbox 2589 468 2602 504; x_wconf 90' lang='lat'><strong>:</strong></span> <span class='ocrx_word' id='word_1_505' title='bbox 2627 448 2777 507; x_wconf 90' lang='lat' dir='ltr'><strong>canis</strong></span> <span class='ocrx_word' id='word_1_506' title='bbox 2824 452 3022 522; x_wconf 91' lang='lat' dir='ltr'><strong>quippe</strong></span> <span class='ocrx_word' id='word_1_507' title='bbox 3069 453 3214 508; x_wconf 89' lang='lat' dir='ltr'><strong>utilis</strong></span> <span class='ocrx_word' id='word_1_508' title='bbox 3253 464 3356 520; x_wconf 86' lang='lat' dir='ltr'><strong>est,</strong></span> <span class='ocrx_word' id='word_1_509' title='bbox 3385 458 3625 513; x_wconf 80' lang='lat' dir='ltr'><strong>amasios</strong></span> 
     </span>
    </p>
   </div>
   <div class='ocr_carea' id='block_1_65' title="bbox 2035 538 3624 617">
    <p class='ocr_par' dir='ltr' id='par_1_65' title="bbox 2035 538 3624 617">
     <span class='ocr_line' id='line_1_65' title="bbox 2035 538 3624 617; baseline 0.009 -29"><span class='ocrx_word' id='word_1_510' title='bbox 2035 549 2163 589; x_wconf 91' lang='lat' dir='ltr'><strong>vero</strong></span> <span class='ocrx_word' id='word_1_511' title='bbox 2204 538 2272 591; x_wconf 87' lang='lat' dir='ltr'><strong>ad</strong></span> <span class='ocrx_word' id='word_1_512' title='bbox 2316 538 2451 594; x_wconf 87' lang='lat' dir='ltr'><strong>nihil</strong></span> <span class='ocrx_word' id='word_1_513' title='bbox 2496 540 2661 595; x_wconf 91' lang='lat' dir='ltr'><strong>utilis.</strong></span> <span class='ocrx_word' id='word_1_514' title='bbox 2694 540 2833 609; x_wconf 90' lang='lat' dir='ltr'><strong>Quid</strong></span> <span class='ocrx_word' id='word_1_515' title='bbox 2862 552 3066 608; x_wconf 91' lang='lat' dir='ltr'><strong>autem,</strong></span> <span class='ocrx_word' id='word_1_516' title='bbox 3098 558 3280 613; x_wconf 83' lang='lat' dir='ltr'><strong>quaeso</strong></span> <span class='ocrx_word' id='word_1_517' title='bbox 3321 556 3391 611; x_wconf 90' lang='lat' dir='ltr'><strong>te,</strong></span> <span class='ocrx_word' id='word_1_518' title='bbox 3430 546 3476 601; x_wconf 92' lang='lat' dir='ltr'><strong>si</strong></span> <span class='ocrx_word' id='word_1_519' title='bbox 3502 546 3624 617; x_wconf 90' lang='lat' dir='ltr'><strong>quis</strong></span> 
     </span>
    </p>
   </div>
   <div class='ocr_carea' id='block_1_66' title="bbox 2036 628 3624 703">
    <p class='ocr_par' dir='ltr' id='par_1_66' title="bbox 2036 628 3624 703">
     <span class='ocr_line' id='line_1_66' title="bbox 2036 628 3624 703; baseline 0.008 -25"><span class='ocrx_word' id='word_1_520' title='bbox 2036 628 2454 684; x_wconf 88' lang='lat' dir='ltr'><strong>comminaretur</strong></span> <span class='ocrx_word' id='word_1_521' title='bbox 2481 629 2797 687; x_wconf 76' lang='lat' dir='ltr'><strong>ellecturum</strong></span> <span class='ocrx_word' id='word_1_522' title='bbox 2826 648 2887 688; x_wconf 91' lang='lat' dir='ltr'><strong>se</strong></span> <span class='ocrx_word' id='word_1_523' title='bbox 2916 643 2975 687; x_wconf 90' lang='lat' dir='ltr'><strong>ut</strong></span> <span class='ocrx_word' id='word_1_524' title='bbox 3002 633 3101 689; x_wconf 89' lang='lat' dir='ltr'><strong>viri</strong></span> <span class='ocrx_word' id='word_1_525' title='bbox 3133 646 3377 703; x_wconf 89' lang='lat' dir='ltr'><strong>parerent</strong></span> <span class='ocrx_word' id='word_1_526' title='bbox 3397 676 3412 700; x_wconf 94' lang='lat'><strong>,</strong></span> <span class='ocrx_word' id='word_1_527' title='bbox 3444 650 3624 691; x_wconf 90' lang='lat' dir='ltr'><strong>annon</strong></span> 
     </span>
    </p>
   </div>
   <div class='ocr_carea' id='block_1_67' title="bbox 2037 716 3621 797">
    <p class='ocr_par' dir='ltr' id='par_1_67' title="bbox 2037 716 3621 797">
     <span class='ocr_line' id='line_1_67' title="bbox 2037 716 3621 797; baseline 0.006 -26"><span class='ocrx_word' id='word_1_528' title='bbox 2037 716 2117 773; x_wconf 90' lang='lat' dir='ltr'><strong>ira</strong></span> <span class='ocrx_word' id='word_1_529' title='bbox 2146 721 2513 790; x_wconf 83' lang='lat' dir='ltr'><strong>repleremur?</strong></span> <span class='ocrx_word' id='word_1_530' title='bbox 2540 724 2610 777; x_wconf 88' lang='lat' dir='ltr'><strong>At</strong></span> <span class='ocrx_word' id='word_1_531' title='bbox 2631 740 2775 782; x_wconf 84' lang='lat' dir='ltr'><strong>nunc</strong></span> <span class='ocrx_word' id='word_1_532' title='bbox 2796 740 2923 780; x_wconf 90' lang='lat' dir='ltr'><strong>ecce</strong></span> <span class='ocrx_word' id='word_1_533' title='bbox 2945 726 3103 796; x_wconf 87' lang='lat' dir='ltr'><strong>longe</strong></span> <span class='ocrx_word' id='word_1_534' title='bbox 3128 728 3373 797; x_wconf 84' lang='lat' dir='ltr'><strong>graviora</strong></span> <span class='ocrx_word' id='word_1_535' title='bbox 3400 727 3621 794; x_wconf 88' lang='lat' dir='ltr'><strong>faciunt,</strong></span> 
     </span>
    </p>
   </div>
   <div class='ocr_carea' id='block_1_68' title="bbox 2037 809 3622 888">
    <p class='ocr_par' dir='ltr' id='par_1_68' title="bbox 2037 809 3622 888">
     <span class='ocr_line' id='line_1_68' title="bbox 2037 809 3622 888; baseline 0.007 -26"><span class='ocrx_word' id='word_1_536' title='bbox 2037 809 2126 878; x_wconf 92' lang='lat' dir='ltr'><strong>qui</strong></span> <span class='ocrx_word' id='word_1_537' title='bbox 2172 819 2447 883; x_wconf 89' lang='lat' dir='ltr'><strong>tantopere</strong></span> <span class='ocrx_word' id='word_1_538' title='bbox 2488 813 2805 871; x_wconf 89' lang='lat' dir='ltr'><strong>insaniunt:</strong></span> <span class='ocrx_word' id='word_1_539' title='bbox 2836 831 2947 872; x_wconf 91' lang='lat' dir='ltr'><strong>non</strong></span> <span class='ocrx_word' id='word_1_540' title='bbox 2997 818 3139 872; x_wconf 92' lang='lat' dir='ltr'><strong>enim</strong></span> <span class='ocrx_word' id='word_1_541' title='bbox 3190 834 3286 888; x_wconf 91' lang='lat' dir='ltr'><strong>par</strong></span> <span class='ocrx_word' id='word_1_542' title='bbox 3326 834 3409 873; x_wconf 92' lang='lat' dir='ltr'><strong>res</strong></span> <span class='ocrx_word' id='word_1_543' title='bbox 3453 830 3537 873; x_wconf 89' lang='lat' dir='ltr'><strong>est</strong></span> <span class='ocrx_word' id='word_1_544' title='bbox 3572 822 3622 874; x_wconf 90' lang='lat' dir='ltr'><strong>in</strong></span> 
     </span>
    </p>
   </div>
   <div class='ocr_carea' id='block_1_69' title="bbox 2040 901 3623 976">
    <p class='ocr_par' dir='ltr' id='par_1_69' title="bbox 2040 901 3623 976">
     <span class='ocr_line' id='line_1_69' title="bbox 2040 901 3623 976; baseline 0.006 -22"><span class='ocrx_word' id='word_1_545' title='bbox 2040 901 2317 957; x_wconf 90' lang='lat' dir='ltr'><strong>mulierem</strong></span> <span class='ocrx_word' id='word_1_546' title='bbox 2342 905 2558 973; x_wconf 90' lang='lat' dir='ltr'><strong>mutari,</strong></span> <span class='ocrx_word' id='word_1_547' title='bbox 2578 914 2633 961; x_wconf 91' lang='lat' dir='ltr'><strong>et</strong></span> <span class='ocrx_word' id='word_1_548' title='bbox 2654 907 2822 963; x_wconf 89' lang='lat' dir='ltr'><strong>virum</strong></span> <span class='ocrx_word' id='word_1_549' title='bbox 2845 917 3150 965; x_wconf 88' lang='lat' dir='ltr'><strong>manentem</strong></span> <span class='ocrx_word' id='word_1_550' title='bbox 3170 910 3449 965; x_wconf 86' lang='lat' dir='ltr'><strong>mulierem</strong></span> <span class='ocrx_word' id='word_1_551' title='bbox 3475 911 3623 976; x_wconf 81' lang='lat' dir='ltr'><strong>fieri;</strong></span> 
     </span>
    </p>
   </div>
   <div class='ocr_carea' id='block_1_70' title="bbox 2036 989 3625 1068">
    <p class='ocr_par' dir='ltr' id='par_1_70' title="bbox 2036 989 3625 1068">
     <span class='ocr_line' id='line_1_70' title="bbox 2036 989 3625 1068; baseline 0.008 -25"><span class='ocrx_word' id='word_1_552' title='bbox 2036 989 2146 1046; x_wconf 89' lang='lat' dir='ltr'><strong>imo</strong></span> <span class='ocrx_word' id='word_1_553' title='bbox 2190 1008 2363 1063; x_wconf 92' lang='lat' dir='ltr'><strong>neque</strong></span> <span class='ocrx_word' id='word_1_554' title='bbox 2406 995 2509 1052; x_wconf 91' lang='lat' dir='ltr'><strong>hoc</strong></span> <span class='ocrx_word' id='word_1_555' title='bbox 2550 1013 2725 1068; x_wconf 88' lang='lat' dir='ltr'><strong>neque</strong></span> <span class='ocrx_word' id='word_1_556' title='bbox 2768 998 2922 1054; x_wconf 91' lang='lat' dir='ltr'><strong>illud.</strong></span> <span class='ocrx_word' id='word_1_557' title='bbox 2966 999 3123 1067; x_wconf 87' lang='lat' dir='ltr'><strong>Quod</strong></span> <span class='ocrx_word' id='word_1_558' title='bbox 3164 1001 3209 1055; x_wconf 89' lang='lat' dir='ltr'><strong>si</strong></span> <span class='ocrx_word' id='word_1_559' title='bbox 3254 1000 3473 1056; x_wconf 90' lang='lat' dir='ltr'><strong>aliunde</strong></span> <span class='ocrx_word' id='word_1_560' title='bbox 3501 1004 3625 1056; x_wconf 90' lang='lat' dir='ltr'><strong>mali</strong></span> 
     </span>
    </p>
   </div>
   <div class='ocr_carea' id='block_1_71' title="bbox 2039 1085 3624 1164">
    <p class='ocr_par' dir='ltr' id='par_1_71' title="bbox 2039 1085 3624 1164">
     <span class='ocr_line' id='line_1_71' title="bbox 2039 1085 3624 1164; baseline 0.008 -28"><span class='ocrx_word' id='word_1_561' title='bbox 2039 1085 2168 1138; x_wconf 89' lang='lat' dir='ltr'><strong>tanti</strong></span> <span class='ocrx_word' id='word_1_562' title='bbox 2196 1087 2620 1157; x_wconf 86' lang='lat' dir='ltr'><strong>magnitudinem</strong></span> <span class='ocrx_word' id='word_1_563' title='bbox 2639 1089 2779 1146; x_wconf 88' lang='lat' dir='ltr'><strong>scire</strong></span> <span class='ocrx_word' id='word_1_564' title='bbox 2804 1092 2957 1158; x_wconf 90' lang='lat' dir='ltr'><strong>velis,</strong></span> <span class='ocrx_word' id='word_1_565' title='bbox 2990 1092 3260 1163; x_wconf 87' lang='lat' dir='ltr'><strong>interroga</strong></span> <span class='ocrx_word' id='word_1_566' title='bbox 3291 1108 3387 1147; x_wconf 92' lang='lat' dir='ltr'><strong>cur</strong></span> <span class='ocrx_word' id='word_1_567' title='bbox 3406 1093 3624 1164; x_wconf 80' lang='lat' dir='ltr'><strong>legisla-</strong></span> 
     </span>
    </p>
   </div>
   <div class='ocr_carea' id='block_1_72' title="bbox 2039 1178 3629 1252">
    <p class='ocr_par' dir='ltr' id='par_1_72' title="bbox 2039 1178 3629 1252">
     <span class='ocr_line' id='line_1_72' title="bbox 2039 1178 3629 1252; baseline 0.008 -23"><span class='ocrx_word' id='word_1_568' title='bbox 2039 1184 2184 1231; x_wconf 89' lang='lat' dir='ltr'><strong>tores</strong></span> <span class='ocrx_word' id='word_1_569' title='bbox 2218 1178 2442 1246; x_wconf 88' lang='lat' dir='ltr'><strong>puniant</strong></span> <span class='ocrx_word' id='word_1_570' title='bbox 2478 1179 2634 1247; x_wconf 89' lang='lat' dir='ltr'><strong>illos,</strong></span> <span class='ocrx_word' id='word_1_571' title='bbox 2670 1183 2761 1252; x_wconf 91' lang='lat' dir='ltr'><strong>qui</strong></span> <span class='ocrx_word' id='word_1_572' title='bbox 2800 1183 3075 1239; x_wconf 89' lang='lat' dir='ltr'><strong>eunuchos</strong></span> <span class='ocrx_word' id='word_1_573' title='bbox 3104 1184 3338 1249; x_wconf 86' lang='lat' dir='ltr'><strong>faciunt;</strong></span> <span class='ocrx_word' id='word_1_574' title='bbox 3368 1193 3422 1239; x_wconf 92' lang='lat' dir='ltr'><strong>et</strong></span> <span class='ocrx_word' id='word_1_575' title='bbox 3452 1185 3629 1241; x_wconf 80' lang='lat' dir='ltr'><strong>disces</strong></span> 
     </span>
    </p>
   </div>
   <div class='ocr_carea' id='block_1_73' title="bbox 2038 1268 3628 1343">
    <p class='ocr_par' dir='ltr' id='par_1_73' title="bbox 2038 1268 3628 1343">
     <span class='ocr_line' id='line_1_73' title="bbox 2038 1268 3628 1343; baseline 0.006 -22"><span class='ocrx_word' id='word_1_576' title='bbox 2038 1283 2144 1322; x_wconf 91' lang='lat' dir='ltr'><strong>non</strong></span> <span class='ocrx_word' id='word_1_577' title='bbox 2166 1268 2268 1322; x_wconf 90' lang='lat' dir='ltr'><strong>alia</strong></span> <span class='ocrx_word' id='word_1_578' title='bbox 2290 1269 2356 1324; x_wconf 92' lang='lat' dir='ltr'><strong>de</strong></span> <span class='ocrx_word' id='word_1_579' title='bbox 2385 1286 2567 1337; x_wconf 85' lang='lat' dir='ltr'><strong>causa,</strong></span> <span class='ocrx_word' id='word_1_580' title='bbox 2596 1288 2754 1342; x_wconf 90' lang='lat' dir='ltr'><strong>quam</strong></span> <span class='ocrx_word' id='word_1_581' title='bbox 2783 1274 2924 1343; x_wconf 92' lang='lat' dir='ltr'><strong>quod</strong></span> <span class='ocrx_word' id='word_1_582' title='bbox 2954 1284 3200 1329; x_wconf 87' lang='lat' dir='ltr'><strong>naturam</strong></span> <span class='ocrx_word' id='word_1_583' title='bbox 3231 1277 3547 1331; x_wconf 85' lang='lat' dir='ltr'><strong>exsciudaut</strong></span> <span class='ocrx_word' id='word_1_584' title='bbox 3575 1288 3628 1332; x_wconf 80' lang='lat' dir='ltr'><strong>et</strong></span> 
     </span>
    </p>
   </div>
   <div class='ocr_carea' id='block_1_74' title="bbox 2036 1358 3624 1435">
    <p class='ocr_par' dir='ltr' id='par_1_74' title="bbox 2036 1358 3624 1435">
     <span class='ocr_line' id='line_1_74' title="bbox 2036 1358 3624 1435; baseline 0.007 -25"><span class='ocrx_word' id='word_1_585' title='bbox 2036 1358 2297 1413; x_wconf 90' lang='lat' dir='ltr'><strong>minuant.</strong></span> <span class='ocrx_word' id='word_1_586' title='bbox 2328 1360 2486 1431; x_wconf 82' lang='lat' dir='ltr'><strong>Atqui</strong></span> <span class='ocrx_word' id='word_1_587' title='bbox 2509 1363 2586 1415; x_wconf 91' lang='lat' dir='ltr'><strong>illi</strong></span> <span class='ocrx_word' id='word_1_588' title='bbox 2611 1379 2716 1418; x_wconf 91' lang='lat' dir='ltr'><strong>non</strong></span> <span class='ocrx_word' id='word_1_589' title='bbox 2740 1372 2945 1420; x_wconf 86' lang='lat' dir='ltr'><strong>tantum</strong></span> <span class='ocrx_word' id='word_1_590' title='bbox 2971 1366 3176 1435; x_wconf 76' lang='lat' dir='ltr'><strong>injuria:</strong></span> <span class='ocrx_word' id='word_1_591' title='bbox 3202 1367 3466 1431; x_wconf 84' lang='lat' dir='ltr'><strong>inferunt;</strong></span> <span class='ocrx_word' id='word_1_592' title='bbox 3503 1386 3624 1422; x_wconf 87' lang='lat' dir='ltr'><strong>nam</strong></span> 
     </span>
    </p>
   </div>
   <div class='ocr_carea' id='block_1_75' title="bbox 2038 1450 3626 1526">
    <p class='ocr_par' dir='ltr' id='par_1_75' title="bbox 2038 1450 3626 1526">
     <span class='ocr_line' id='line_1_75' title="bbox 2038 1450 3626 1526; baseline 0.008 -24"><span class='ocrx_word' id='word_1_593' title='bbox 2038 1450 2246 1504; x_wconf 81' lang='lat' dir='ltr'><strong>exsecti</strong></span> <span class='ocrx_word' id='word_1_594' title='bbox 2293 1450 2368 1504; x_wconf 91' lang='lat' dir='ltr'><strong>illi</strong></span> <span class='ocrx_word' id='word_1_595' title='bbox 2417 1453 2731 1524; x_wconf 90' lang='lat' dir='ltr'><strong>plerumque</strong></span> <span class='ocrx_word' id='word_1_596' title='bbox 2777 1464 2897 1526; x_wconf 90' lang='lat' dir='ltr'><strong>post</strong></span> <span class='ocrx_word' id='word_1_597' title='bbox 2937 1458 3265 1512; x_wconf 82' lang='lat' dir='ltr'><strong>excisiouem</strong></span> <span class='ocrx_word' id='word_1_598' title='bbox 3309 1460 3465 1514; x_wconf 88' lang='lat' dir='ltr'><strong>utiles</strong></span> <span class='ocrx_word' id='word_1_599' title='bbox 3507 1460 3626 1515; x_wconf 81' lang='lat' dir='ltr'><strong>fue—</strong></span> 
     </span>
    </p>
   </div>
   <div class='ocr_carea' id='block_1_76' title="bbox 2037 1541 3625 1604">
    <p class='ocr_par' dir='ltr' id='par_1_76' title="bbox 2037 1541 3625 1604">
     <span class='ocr_line' id='line_1_76' title="bbox 2037 1541 3625 1604; baseline 0.008 -12"><span class='ocrx_word' id='word_1_600' title='bbox 2037 1548 2162 1593; x_wconf 89' lang='lat' dir='ltr'><strong>runt</strong></span> <span class='ocrx_word' id='word_1_601' title='bbox 2195 1556 2207 1591; x_wconf 95' lang='lat'>:</span> <span class='ocrx_word' id='word_1_602' title='bbox 2239 1541 2352 1595; x_wconf 92' lang='lat' dir='ltr'><strong>viro</strong></span> <span class='ocrx_word' id='word_1_603' title='bbox 2377 1551 2553 1596; x_wconf 91' lang='lat' dir='ltr'><strong>autem</strong></span> <span class='ocrx_word' id='word_1_604' title='bbox 2583 1545 2635 1598; x_wconf 93' lang='lat' dir='ltr'><strong>in</strong></span> <span class='ocrx_word' id='word_1_605' title='bbox 2668 1546 3007 1602; x_wconf 91' lang='lat' dir='ltr'><strong>meretricem</strong></span> <span class='ocrx_word' id='word_1_606' title='bbox 3048 1562 3310 1603; x_wconf 71' lang='lat' dir='ltr'><strong>converso</strong></span> <span class='ocrx_word' id='word_1_607' title='bbox 3342 1549 3470 1602; x_wconf 89' lang='lat' dir='ltr'><strong>nihil</strong></span> <span class='ocrx_word' id='word_1_608' title='bbox 3503 1551 3625 1604; x_wconf 86' lang='lat' dir='ltr'><strong>inu-</strong></span> 
     </span>
    </p>
   </div>
   <div class='ocr_carea' id='block_1_77' title="bbox 2040 1630 3625 1705">
    <p class='ocr_par' dir='ltr' id='par_1_77' title="bbox 2040 1630 3625 1705">
     <span class='ocr_line' id='line_1_77' title="bbox 2040 1630 3625 1705; baseline 0.007 -22"><span class='ocrx_word' id='word_1_609' title='bbox 2040 1630 2184 1684; x_wconf 92' lang='lat' dir='ltr'><strong>tilius</strong></span> <span class='ocrx_word' id='word_1_610' title='bbox 2215 1630 2416 1686; x_wconf 89' lang='lat' dir='ltr'><strong>fuerit:</strong></span> <span class='ocrx_word' id='word_1_611' title='bbox 2451 1648 2626 1704; x_wconf 90' lang='lat' dir='ltr'><strong>neque</strong></span> <span class='ocrx_word' id='word_1_612' title='bbox 2666 1638 2809 1691; x_wconf 90' lang='lat' dir='ltr'><strong>enim</strong></span> <span class='ocrx_word' id='word_1_613' title='bbox 2850 1638 3025 1691; x_wconf 89' lang='lat' dir='ltr'><strong>anima</strong></span> <span class='ocrx_word' id='word_1_614' title='bbox 3071 1639 3280 1705; x_wconf 88' lang='lat' dir='ltr'><strong>solutn,</strong></span> <span class='ocrx_word' id='word_1_615' title='bbox 3323 1640 3421 1694; x_wconf 89' lang='lat' dir='ltr'><strong>sed</strong></span> <span class='ocrx_word' id='word_1_616' title='bbox 3465 1642 3625 1695; x_wconf 86' lang='lat' dir='ltr'><strong>etiam</strong></span> 
     </span>
    </p>
   </div>
   <div class='ocr_carea' id='block_1_78' title="bbox 2040 1725 3629 1800">
    <p class='ocr_par' dir='ltr' id='par_1_78' title="bbox 2040 1725 3629 1800">
     <span class='ocr_line' id='line_1_78' title="bbox 2040 1725 3629 1800; baseline 0.004 -22"><span class='ocrx_word' id='word_1_617' title='bbox 2040 1738 2237 1793; x_wconf 90' lang='lat' dir='ltr'><strong>corpus</strong></span> <span class='ocrx_word' id='word_1_618' title='bbox 2261 1725 2359 1779; x_wconf 90' lang='lat' dir='ltr'><strong>viri</strong></span> <span class='ocrx_word' id='word_1_619' title='bbox 2403 1726 2521 1779; x_wconf 87' lang='lat' dir='ltr'><strong>talia</strong></span> <span class='ocrx_word' id='word_1_620' title='bbox 2567 1729 2732 1797; x_wconf 86' lang='lat' dir='ltr'><strong>passi,</strong></span> <span class='ocrx_word' id='word_1_621' title='bbox 2767 1728 3058 1800; x_wconf 88' lang='lat' dir='ltr'><strong>ignominia</strong></span> <span class='ocrx_word' id='word_1_622' title='bbox 3088 1731 3305 1799; x_wconf 90' lang='lat' dir='ltr'><strong>plenum</strong></span> <span class='ocrx_word' id='word_1_623' title='bbox 3334 1742 3435 1792; x_wconf 73' lang='grc' dir='ltr'><strong>εει,</strong></span> <span class='ocrx_word' id='word_1_624' title='bbox 3465 1741 3518 1786; x_wconf 88' lang='lat' dir='ltr'><strong>et</strong></span> <span class='ocrx_word' id='word_1_625' title='bbox 3546 1733 3629 1785; x_wconf 82' lang='lat' dir='ltr'><strong>di-</strong></span> 
     </span>
    </p>
   </div>
   <div class='ocr_carea' id='block_1_79' title="bbox 2040 1816 3627 1892">
    <p class='ocr_par' dir='ltr' id='par_1_79' title="bbox 2040 1816 3627 1892">
     <span class='ocr_line' id='line_1_79' title="bbox 2040 1816 3627 1892; baseline 0.006 -25"><span class='ocrx_word' id='word_1_626' title='bbox 2040 1829 2199 1883; x_wconf 86' lang='lat' dir='ltr'><strong>gnum</strong></span> <span class='ocrx_word' id='word_1_627' title='bbox 2228 1816 2369 1885; x_wconf 92' lang='lat' dir='ltr'><strong>quod</strong></span> <span class='ocrx_word' id='word_1_628' title='bbox 2399 1817 2631 1888; x_wconf 89' lang='lat' dir='ltr'><strong>undique</strong></span> <span class='ocrx_word' id='word_1_629' title='bbox 2656 1820 2904 1889; x_wconf 89' lang='lat' dir='ltr'><strong>pellatur.</strong></span> <span class='ocrx_word' id='word_1_630' title='bbox 2934 1822 3075 1887; x_wconf 86' lang='lat' dir='ltr'><strong>Quot</strong></span> <span class='ocrx_word' id='word_1_631' title='bbox 3098 1824 3357 1892; x_wconf 73' lang='lat' dir='ltr'><strong>gehenna:</strong></span> <span class='ocrx_word' id='word_1_632' title='bbox 3384 1824 3486 1877; x_wconf 90' lang='lat' dir='ltr'><strong>illis</strong></span> <span class='ocrx_word' id='word_1_633' title='bbox 3511 1824 3627 1877; x_wconf 85' lang='lat' dir='ltr'><strong>suf-</strong></span> 
     </span>
    </p>
   </div>
   <div class='ocr_carea' id='block_1_80' title="bbox 2040 1905 3629 1979">
    <p class='ocr_par' dir='ltr' id='par_1_80' title="bbox 2040 1905 3629 1979">
     <span class='ocr_line' id='line_1_80' title="bbox 2040 1905 3629 1979; baseline 0.008 -20"><span class='ocrx_word' id='word_1_634' title='bbox 2040 1905 2257 1960; x_wconf 86' lang='lat' dir='ltr'><strong>ficient?</strong></span> <span class='ocrx_word' id='word_1_635' title='bbox 2287 1906 2342 1962; x_wconf 83' lang='lat' dir='ltr'><strong>SI</strong></span> <span class='ocrx_word' id='word_1_636' title='bbox 2360 1923 2491 1962; x_wconf 77' lang='lat' dir='ltr'><strong>vero</strong></span> <span class='ocrx_word' id='word_1_637' title='bbox 2511 1909 2811 1979; x_wconf 88' lang='lat' dir='ltr'><strong>gehennam</strong></span> <span class='ocrx_word' id='word_1_638' title='bbox 2832 1913 3054 1968; x_wconf 87' lang='lat' dir='ltr'><strong>audiens</strong></span> <span class='ocrx_word' id='word_1_639' title='bbox 3080 1914 3222 1970; x_wconf 86' lang='lat' dir='ltr'><strong>rides</strong></span> <span class='ocrx_word' id='word_1_640' title='bbox 3248 1926 3301 1971; x_wconf 91' lang='lat' dir='ltr'><strong>et</strong></span> <span class='ocrx_word' id='word_1_641' title='bbox 3321 1917 3629 1971; x_wconf 86' lang='lat' dir='ltr'><strong>incredulus</strong></span> 
     </span>
    </p>
   </div>
   <div class='ocr_carea' id='block_1_81' title="bbox 2042 1999 3625 2074">
    <p class='ocr_par' dir='ltr' id='par_1_81' title="bbox 2042 1999 3625 2074">
     <span class='ocr_line' id='line_1_81' title="bbox 2042 1999 3625 2074; baseline 0.007 -23"><span class='ocrx_word' id='word_1_642' title='bbox 2042 2012 2121 2064; x_wconf 91' lang='lat' dir='ltr'><strong>es,</strong></span> <span class='ocrx_word' id='word_1_643' title='bbox 2141 1999 2426 2054; x_wconf 86' lang='lat' dir='ltr'><strong>recordare</strong></span> <span class='ocrx_word' id='word_1_644' title='bbox 2449 2001 2585 2071; x_wconf 87' lang='lat' dir='ltr'><strong>ignis</strong></span> <span class='ocrx_word' id='word_1_645' title='bbox 2607 2002 2752 2057; x_wconf 89' lang='lat' dir='ltr'><strong>illius</strong></span> <span class='ocrx_word' id='word_1_646' title='bbox 2782 2003 3139 2060; x_wconf 91' lang='lat' dir='ltr'><strong>Sodomorum</strong></span> <span class='ocrx_word' id='word_1_647' title='bbox 3172 2023 3188 2061; x_wconf 89' lang='lat'><strong><em>:</em></strong></span> <span class='ocrx_word' id='word_1_648' title='bbox 3213 2007 3438 2062; x_wconf 87' lang='lat' dir='ltr'><strong>vidimus</strong></span> <span class='ocrx_word' id='word_1_649' title='bbox 3459 2011 3625 2074; x_wconf 87' lang='lat' dir='ltr'><strong>enim,</strong></span> 
     </span>
    </p>
   </div>
   <div class='ocr_carea' id='block_1_82' title="bbox 2041 2090 3628 2170">
    <p class='ocr_par' dir='ltr' id='par_1_82' title="bbox 2041 2090 3628 2170">
     <span class='ocr_line' id='line_1_82' title="bbox 2041 2090 3628 2170; baseline 0.008 -28"><span class='ocrx_word' id='word_1_650' title='bbox 2041 2090 2270 2146; x_wconf 82' lang='lat' dir='ltr'><strong>vidimus</strong></span> <span class='ocrx_word' id='word_1_651' title='bbox 2295 2102 2351 2146; x_wconf 91' lang='lat' dir='ltr'><strong>et</strong></span> <span class='ocrx_word' id='word_1_652' title='bbox 2377 2093 2429 2146; x_wconf 89' lang='lat' dir='ltr'><strong>in</strong></span> <span class='ocrx_word' id='word_1_653' title='bbox 2458 2096 2707 2163; x_wconf 73' lang='lat' dir='ltr'><strong>prtesenti</strong></span> <span class='ocrx_word' id='word_1_654' title='bbox 2736 2096 2845 2151; x_wconf 84' lang='lat' dir='ltr'><strong>vita</strong></span> <span class='ocrx_word' id='word_1_655' title='bbox 2870 2097 3129 2167; x_wconf 72' lang='lat' dir='ltr'><strong>gehennze</strong></span> <span class='ocrx_word' id='word_1_656' title='bbox 3161 2099 3464 2170; x_wconf 84' lang='lat' dir='ltr'><strong>imagtuem.</strong></span> <span class='ocrx_word' id='word_1_657' title='bbox 3493 2101 3628 2168; x_wconf 87' lang='lat' dir='ltr'><strong>Quia</strong></span> 
     </span>
    </p>
   </div>
   <div class='ocr_carea' id='block_1_83' title="bbox 2041 2183 3626 2261">
    <p class='ocr_par' dir='ltr' id='par_1_83' title="bbox 2041 2183 3626 2261">
     <span class='ocr_line' id='line_1_83' title="bbox 2041 2183 3626 2261; baseline 0.008 -26"><span class='ocrx_word' id='word_1_658' title='bbox 2041 2183 2183 2237; x_wconf 90' lang='lat' dir='ltr'><strong>enim</strong></span> <span class='ocrx_word' id='word_1_659' title='bbox 2216 2184 2365 2237; x_wconf 89' lang='lat' dir='ltr'><strong>multi</strong></span> <span class='ocrx_word' id='word_1_660' title='bbox 2392 2185 2476 2248; x_wconf 90' lang='lat' dir='ltr'><strong>iis,</strong></span> <span class='ocrx_word' id='word_1_661' title='bbox 2506 2202 2626 2255; x_wconf 68' lang='lat' dir='ltr'><strong>qua:</strong></span> <span class='ocrx_word' id='word_1_662' title='bbox 2655 2189 3103 2245; x_wconf 88' lang='lat' dir='ltr'><strong>resurrectionem</strong></span> <span class='ocrx_word' id='word_1_663' title='bbox 3125 2202 3436 2261; x_wconf 85' lang='lat' dir='ltr'><strong>sequentur,</strong></span> <span class='ocrx_word' id='word_1_664' title='bbox 3466 2194 3626 2247; x_wconf 77' lang='lat' dir='ltr'><strong>fidem</strong></span> 
     </span>
    </p>
   </div>
   <div class='ocr_carea' id='block_1_84' title="bbox 2042 2273 3627 2352">
    <p class='ocr_par' dir='ltr' id='par_1_84' title="bbox 2042 2273 3627 2352">
     <span class='ocr_line' id='line_1_84' title="bbox 2042 2273 3627 2352; baseline 0.006 -24"><span class='ocrx_word' id='word_1_665' title='bbox 2042 2273 2275 2328; x_wconf 86' lang='lat' dir='ltr'><strong>habituri</strong></span> <span class='ocrx_word' id='word_1_666' title='bbox 2306 2290 2415 2329; x_wconf 92' lang='lat' dir='ltr'><strong>non</strong></span> <span class='ocrx_word' id='word_1_667' title='bbox 2447 2285 2618 2342; x_wconf 89' lang='lat' dir='ltr'><strong>erant,</strong></span> <span class='ocrx_word' id='word_1_668' title='bbox 2658 2294 2799 2334; x_wconf 91' lang='lat' dir='ltr'><strong>nunc</strong></span> <span class='ocrx_word' id='word_1_669' title='bbox 2835 2279 3114 2336; x_wconf 87' lang='lat' dir='ltr'><strong>audientes</strong></span> <span class='ocrx_word' id='word_1_670' title='bbox 3152 2282 3331 2352; x_wconf 89' lang='lat' dir='ltr'><strong>ignem</strong></span> <span class='ocrx_word' id='word_1_671' title='bbox 3365 2284 3627 2339; x_wconf 79' lang='lat' dir='ltr'><strong>iucxstin-</strong></span> 
     </span>
    </p>
   </div>
   <div class='ocr_carea' id='block_1_85' title="bbox 2041 2366 3628 2442">
    <p class='ocr_par' dir='ltr' id='par_1_85' title="bbox 2041 2366 3628 2442">
     <span class='ocr_line' id='line_1_85' title="bbox 2041 2366 3628 2442; baseline 0.006 -23"><span class='ocrx_word' id='word_1_672' title='bbox 2041 2366 2295 2437; x_wconf 88' lang='lat' dir='ltr'><strong>guibilem</strong></span> <span class='ocrx_word' id='word_1_673' title='bbox 2341 2383 2498 2432; x_wconf 89' lang='lat' dir='ltr'><strong>esse,</strong></span> <span class='ocrx_word' id='word_1_674' title='bbox 2544 2369 2682 2437; x_wconf 81' lang='lat' dir='ltr'><strong>Deus</strong></span> <span class='ocrx_word' id='word_1_675' title='bbox 2720 2370 2838 2427; x_wconf 90' lang='lat' dir='ltr'><strong>illos</strong></span> <span class='ocrx_word' id='word_1_676' title='bbox 2873 2388 2903 2426; x_wconf 91' lang='lat' dir='ltr'><strong>a</strong></span> <span class='ocrx_word' id='word_1_677' title='bbox 2942 2374 3293 2442; x_wconf 68' lang='lat' dir='ltr'><strong>praesentibus</strong></span> <span class='ocrx_word' id='word_1_678' title='bbox 3334 2374 3400 2428; x_wconf 93' lang='lat' dir='ltr'><strong>ad</strong></span> <span class='ocrx_word' id='word_1_679' title='bbox 3442 2389 3628 2429; x_wconf 84' lang='lat' dir='ltr'><strong>sanam</strong></span> 
     </span>
    </p>
   </div>
   <div class='ocr_carea' id='block_1_86' title="bbox 2044 2457 3625 2536">
    <p class='ocr_par' dir='ltr' id='par_1_86' title="bbox 2044 2457 3625 2536">
     <span class='ocr_line' id='line_1_86' title="bbox 2044 2457 3625 2536; baseline 0.005 -23"><span class='ocrx_word' id='word_1_680' title='bbox 2044 2467 2281 2513; x_wconf 87' lang='lat' dir='ltr'><strong>tuentem</strong></span> <span class='ocrx_word' id='word_1_681' title='bbox 2324 2457 2556 2514; x_wconf 74' lang='lat' dir='ltr'><strong>reduxit.</strong></span> <span class='ocrx_word' id='word_1_682' title='bbox 2600 2460 2745 2515; x_wconf 90' lang='lat' dir='ltr'><strong>Talis</strong></span> <span class='ocrx_word' id='word_1_683' title='bbox 2788 2463 2950 2533; x_wconf 89' lang='lat' dir='ltr'><strong>igitur</strong></span> <span class='ocrx_word' id='word_1_684' title='bbox 2976 2474 3058 2518; x_wconf 91' lang='lat' dir='ltr'><strong>est</strong></span> <span class='ocrx_word' id='word_1_685' title='bbox 3085 2464 3439 2520; x_wconf 90' lang='lat' dir='ltr'><strong>Sodomorum</strong></span> <span class='ocrx_word' id='word_1_686' title='bbox 3484 2467 3625 2536; x_wconf 84' lang='lat' dir='ltr'><strong>ignis</strong></span> 
     </span>
    </p>
   </div>
   <div class='ocr_carea' id='block_1_87' title="bbox 2044 2550 3631 2627">
    <p class='ocr_par' dir='ltr' id='par_1_87' title="bbox 2044 2550 3631 2627">
     <span class='ocr_line' id='line_1_87' title="bbox 2044 2550 3631 2627; baseline 0.007 -23"><span class='ocrx_word' id='word_1_687' title='bbox 2044 2558 2101 2604; x_wconf 87' lang='lat' dir='ltr'><strong>et</strong></span> <span class='ocrx_word' id='word_1_688' title='bbox 2151 2550 2455 2606; x_wconf 90' lang='lat' dir='ltr'><strong>incendium</strong></span> <span class='ocrx_word' id='word_1_689' title='bbox 2501 2570 2515 2607; x_wconf 85' lang='lat'><strong>:</strong></span> <span class='ocrx_word' id='word_1_690' title='bbox 2560 2562 2612 2607; x_wconf 87' lang='lat' dir='ltr'><strong>et</strong></span> <span class='ocrx_word' id='word_1_691' title='bbox 2668 2554 2843 2608; x_wconf 91' lang='lat' dir='ltr'><strong>sciunt</strong></span> <span class='ocrx_word' id='word_1_692' title='bbox 2895 2556 2993 2622; x_wconf 90' lang='lat' dir='ltr'><strong>illi,</strong></span> <span class='ocrx_word' id='word_1_693' title='bbox 3025 2558 3112 2627; x_wconf 93' lang='lat' dir='ltr'><strong>qui</strong></span> <span class='ocrx_word' id='word_1_694' title='bbox 3167 2572 3232 2612; x_wconf 90' lang='lat' dir='ltr'><strong>eo</strong></span> <span class='ocrx_word' id='word_1_695' title='bbox 3283 2574 3344 2613; x_wconf 83' lang='lat' dir='ltr'><strong>se</strong></span> <span class='ocrx_word' id='word_1_696' title='bbox 3388 2561 3631 2615; x_wconf 84' lang='lat' dir='ltr'><strong>contule-</strong></span> 
     </span>
    </p>
   </div>
   <div class='ocr_carea' id='block_1_88' title="bbox 2044 2644 3632 2721">
    <p class='ocr_par' dir='ltr' id='par_1_88' title="bbox 2044 2644 3632 2721">
     <span class='ocr_line' id='line_1_88' title="bbox 2044 2644 3632 2721; baseline 0.007 -24"><span class='ocrx_word' id='word_1_697' title='bbox 2044 2652 2189 2710; x_wconf 90' lang='lat' dir='ltr'><strong>runt,</strong></span> <span class='ocrx_word' id='word_1_698' title='bbox 2216 2653 2270 2698; x_wconf 90' lang='lat' dir='ltr'><strong>et</strong></span> <span class='ocrx_word' id='word_1_699' title='bbox 2291 2644 2499 2715; x_wconf 82' lang='lat' dir='ltr'><strong>plagam</strong></span> <span class='ocrx_word' id='word_1_700' title='bbox 2525 2645 2667 2700; x_wconf 86' lang='lat' dir='ltr'><strong>illam</strong></span> <span class='ocrx_word' id='word_1_701' title='bbox 2692 2645 2949 2702; x_wconf 91' lang='lat' dir='ltr'><strong>divinitus</strong></span> <span class='ocrx_word' id='word_1_702' title='bbox 2974 2649 3265 2706; x_wconf 91' lang='lat' dir='ltr'><strong>immissam</strong></span> <span class='ocrx_word' id='word_1_703' title='bbox 3287 2662 3340 2707; x_wconf 89' lang='lat' dir='ltr'><strong>et</strong></span> <span class='ocrx_word' id='word_1_704' title='bbox 3362 2667 3632 2721; x_wconf 86' lang='lat' dir='ltr'><strong>superno-</strong></span> 
     </span>
    </p>
   </div>
   <div class='ocr_carea' id='block_1_89' title="bbox 2043 2735 3633 2814">
    <p class='ocr_par' dir='ltr' id='par_1_89' title="bbox 2043 2735 3633 2814">
     <span class='ocr_line' id='line_1_89' title="bbox 2043 2735 3633 2814; baseline 0.006 -24"><span class='ocrx_word' id='word_1_705' title='bbox 2043 2751 2165 2791; x_wconf 91' lang='lat' dir='ltr'><strong>rum</strong></span> <span class='ocrx_word' id='word_1_706' title='bbox 2212 2735 2489 2792; x_wconf 83' lang='lat' dir='ltr'><strong>fulminum</strong></span> <span class='ocrx_word' id='word_1_707' title='bbox 2539 2753 2675 2808; x_wconf 89' lang='lat' dir='ltr'><strong>opus</strong></span> <span class='ocrx_word' id='word_1_708' title='bbox 2722 2739 2988 2795; x_wconf 86' lang='lat' dir='ltr'><strong>viderunt.</strong></span> <span class='ocrx_word' id='word_1_709' title='bbox 3033 2742 3218 2812; x_wconf 88' lang='lat' dir='ltr'><strong>Cogita</strong></span> <span class='ocrx_word' id='word_1_710' title='bbox 3261 2755 3517 2814; x_wconf 91' lang='lat' dir='ltr'><strong>quantum</strong></span> <span class='ocrx_word' id='word_1_711' title='bbox 3560 2746 3633 2799; x_wconf 88' lang='lat' dir='ltr'><strong>sit</strong></span> 
     </span>
    </p>
   </div>
   <div class='ocr_carea' id='block_1_90' title="bbox 2044 2832 3631 2910">
    <p class='ocr_par' dir='ltr' id='par_1_90' title="bbox 2044 2832 3631 2910">
     <span class='ocr_line' id='line_1_90' title="bbox 2044 2832 3631 2910; baseline 0.007 -25"><span class='ocrx_word' id='word_1_712' title='bbox 2044 2839 2344 2900; x_wconf 81' lang='lat' dir='ltr'><strong>peccatum,</strong></span> <span class='ocrx_word' id='word_1_713' title='bbox 2373 2832 2513 2902; x_wconf 91' lang='lat' dir='ltr'><strong>quod</strong></span> <span class='ocrx_word' id='word_1_714' title='bbox 2539 2832 2626 2888; x_wconf 91' lang='lat' dir='ltr'><strong>vel</strong></span> <span class='ocrx_word' id='word_1_715' title='bbox 2654 2842 2778 2889; x_wconf 88' lang='lat' dir='ltr'><strong>ante</strong></span> <span class='ocrx_word' id='word_1_716' title='bbox 2808 2844 3017 2905; x_wconf 87' lang='lat' dir='ltr'><strong>tempus</strong></span> <span class='ocrx_word' id='word_1_717' title='bbox 3040 2837 3338 2907; x_wconf 84' lang='lat' dir='ltr'><strong>gehennam</strong></span> <span class='ocrx_word' id='word_1_718' title='bbox 3369 2854 3631 2910; x_wconf 74' lang='lat' dir='ltr'><strong>apparene</strong></span> 
     </span>
    </p>
   </div>
   <div class='ocr_carea' id='block_1_91' title="bbox 2045 2926 3630 3001">
    <p class='ocr_par' dir='ltr' id='par_1_91' title="bbox 2045 2926 3630 3001">
     <span class='ocr_line' id='line_1_91' title="bbox 2045 2926 3630 3001; baseline 0.005 -21"><span class='ocrx_word' id='word_1_719' title='bbox 2045 2926 2302 2996; x_wconf 86' lang='lat' dir='ltr'><strong>coegerit.</strong></span> <span class='ocrx_word' id='word_1_720' title='bbox 2345 2926 2478 2994; x_wconf 87' lang='lat' dir='ltr'><strong>Quia</strong></span> <span class='ocrx_word' id='word_1_721' title='bbox 2517 2928 2660 2981; x_wconf 75' lang='lat' dir='ltr'><strong>enim</strong></span> <span class='ocrx_word' id='word_1_722' title='bbox 2704 2927 2854 2983; x_wconf 90' lang='lat' dir='ltr'><strong>multi</strong></span> <span class='ocrx_word' id='word_1_723' title='bbox 2896 2929 3057 2985; x_wconf 89' lang='lat' dir='ltr'><strong>verba</strong></span> <span class='ocrx_word' id='word_1_724' title='bbox 3101 2931 3190 2985; x_wconf 90' lang='lat' dir='ltr'><strong>illa</strong></span> <span class='ocrx_word' id='word_1_725' title='bbox 3228 2931 3630 3001; x_wconf 80' lang='lat' dir='ltr'><strong>despiciebant,</strong></span> 
     </span>
    </p>
   </div>
   <div class='ocr_carea' id='block_1_92' title="bbox 2042 3018 3628 3088">
    <p class='ocr_par' dir='ltr' id='par_1_92' title="bbox 2042 3018 3628 3088">
     <span class='ocr_line' id='line_1_92' title="bbox 2042 3018 3628 3088; baseline 0.004 -18"><span class='ocrx_word' id='word_1_726' title='bbox 2042 3020 2303 3088; x_wconf 75' lang='lat' dir='ltr'><strong>gehenna:</strong></span> <span class='ocrx_word' id='word_1_727' title='bbox 2342 3018 2623 3088; x_wconf 86' lang='lat' dir='ltr'><strong>imaginem</strong></span> <span class='ocrx_word' id='word_1_728' title='bbox 2667 3034 2805 3075; x_wconf 90' lang='lat' dir='ltr'><strong>novo</strong></span> <span class='ocrx_word' id='word_1_729' title='bbox 2842 3021 3001 3076; x_wconf 91' lang='lat' dir='ltr'><strong>modo</strong></span> <span class='ocrx_word' id='word_1_730' title='bbox 3041 3023 3276 3077; x_wconf 89' lang='lat' dir='ltr'><strong>ostendit</strong></span> <span class='ocrx_word' id='word_1_731' title='bbox 3316 3024 3422 3079; x_wconf 89' lang='lat' dir='ltr'><strong>illis</strong></span> <span class='ocrx_word' id='word_1_732' title='bbox 3469 3025 3628 3079; x_wconf 90' lang='lat' dir='ltr'><strong>Deus.</strong></span> 
     </span>
    </p>
   </div>
   <div class='ocr_carea' id='block_1_93' title="bbox 2048 3108 3634 3183">
    <p class='ocr_par' dir='ltr' id='par_1_93' title="bbox 2048 3108 3634 3183">
     <span class='ocr_line' id='line_1_93' title="bbox 2048 3108 3634 3183; baseline 0.006 -21"><span class='ocrx_word' id='word_1_733' title='bbox 2048 3109 2260 3163; x_wconf 85' lang='lat' dir='ltr'><strong>Etenim</strong></span> <span class='ocrx_word' id='word_1_734' title='bbox 2302 3108 2561 3179; x_wconf 88' lang='lat' dir='ltr'><strong>stupenda</strong></span> <span class='ocrx_word' id='word_1_735' title='bbox 2602 3120 2718 3166; x_wconf 91' lang='lat' dir='ltr'><strong>erat</strong></span> <span class='ocrx_word' id='word_1_736' title='bbox 2761 3111 2934 3182; x_wconf 89' lang='lat' dir='ltr'><strong>pluvia</strong></span> <span class='ocrx_word' id='word_1_737' title='bbox 2981 3112 3100 3177; x_wconf 91' lang='lat' dir='ltr'><strong>illa,</strong></span> <span class='ocrx_word' id='word_1_738' title='bbox 3149 3115 3272 3183; x_wconf 90' lang='lat' dir='ltr'><strong>quia</strong></span> <span class='ocrx_word' id='word_1_739' title='bbox 3319 3115 3494 3170; x_wconf 91' lang='lat' dir='ltr'><strong>coitus</strong></span> <span class='ocrx_word' id='word_1_740' title='bbox 3541 3117 3634 3172; x_wconf 79' lang='lat' dir='ltr'><strong>ille</strong></span> 
     </span>
    </p>
   </div>
   <div class='ocr_carea' id='block_1_94' title="bbox 2046 3202 3630 3276">
    <p class='ocr_par' dir='ltr' id='par_1_94' title="bbox 2046 3202 3630 3276">
     <span class='ocr_line' id='line_1_94' title="bbox 2046 3202 3630 3276; baseline 0.004 -23"><span class='ocrx_word' id='word_1_741' title='bbox 2046 3208 2243 3269; x_wconf 70' lang='lat' dir='ltr'><strong>prmter</strong></span> <span class='ocrx_word' id='word_1_742' title='bbox 2268 3210 2511 3255; x_wconf 90' lang='lat' dir='ltr'><strong>naturam</strong></span> <span class='ocrx_word' id='word_1_743' title='bbox 2540 3210 2683 3267; x_wconf 84' lang='lat' dir='ltr'><strong>erat;</strong></span> <span class='ocrx_word' id='word_1_744' title='bbox 2728 3213 2782 3257; x_wconf 92' lang='lat' dir='ltr'><strong>et</strong></span> <span class='ocrx_word' id='word_1_745' title='bbox 2822 3202 3099 3257; x_wconf 91' lang='lat' dir='ltr'><strong>inundavit</strong></span> <span class='ocrx_word' id='word_1_746' title='bbox 3128 3213 3323 3259; x_wconf 91' lang='lat' dir='ltr'><strong>terram</strong></span> <span class='ocrx_word' id='word_1_747' title='bbox 3352 3205 3475 3276; x_wconf 87' lang='lat' dir='ltr'><strong>quia</strong></span> <span class='ocrx_word' id='word_1_748' title='bbox 3510 3207 3630 3260; x_wconf 83' lang='lat' dir='ltr'><strong>illo—</strong></span> 
     </span>
    </p>
   </div>
   <div class='ocr_carea' id='block_1_95' title="bbox 2047 3292 3635 3365">
    <p class='ocr_par' dir='ltr' id='par_1_95' title="bbox 2047 3292 3635 3365">
     <span class='ocr_line' id='line_1_95' title="bbox 2047 3292 3635 3365; baseline 0.005 -19"><span class='ocrx_word' id='word_1_749' title='bbox 2047 3307 2166 3346; x_wconf 91' lang='lat' dir='ltr'><strong>rum</strong></span> <span class='ocrx_word' id='word_1_750' title='bbox 2197 3292 2359 3346; x_wconf 89' lang='lat' dir='ltr'><strong>etiam</strong></span> <span class='ocrx_word' id='word_1_751' title='bbox 2389 3293 2596 3348; x_wconf 90' lang='lat' dir='ltr'><strong>animas</strong></span> <span class='ocrx_word' id='word_1_752' title='bbox 2622 3295 3053 3365; x_wconf 85' lang='lat' dir='ltr'><strong>concupiscentia</strong></span> <span class='ocrx_word' id='word_1_753' title='bbox 3086 3296 3453 3352; x_wconf 89' lang='lat' dir='ltr'><strong>inundaverat.</strong></span> <span class='ocrx_word' id='word_1_754' title='bbox 3504 3298 3635 3354; x_wconf 85' lang='lat' dir='ltr'><strong>Ideo</strong></span> 
     </span>
    </p>
   </div>
   <div class='ocr_carea' id='block_1_96' title="bbox 2046 3385 3632 3459">
    <p class='ocr_par' dir='ltr' id='par_1_96' title="bbox 2046 3385 3632 3459">
     <span class='ocr_line' id='line_1_96' title="bbox 2046 3385 3632 3459; baseline 0.005 -21"><span class='ocrx_word' id='word_1_755' title='bbox 2046 3385 2421 3440; x_wconf 88' lang='lat' dir='ltr'><strong>consuetudini</strong></span> <span class='ocrx_word' id='word_1_756' title='bbox 2447 3388 2715 3442; x_wconf 89' lang='lat' dir='ltr'><strong>contraria</strong></span> <span class='ocrx_word' id='word_1_757' title='bbox 2744 3398 2860 3443; x_wconf 90' lang='lat' dir='ltr'><strong>erat</strong></span> <span class='ocrx_word' id='word_1_758' title='bbox 2890 3388 3064 3459; x_wconf 85' lang='lat' dir='ltr'><strong>pluvia</strong></span> <span class='ocrx_word' id='word_1_759' title='bbox 3092 3407 3105 3443; x_wconf 88' lang='lat'><strong>:</strong></span> <span class='ocrx_word' id='word_1_760' title='bbox 3134 3405 3240 3445; x_wconf 91' lang='lat' dir='ltr'><strong>non</strong></span> <span class='ocrx_word' id='word_1_761' title='bbox 3279 3390 3441 3445; x_wconf 90' lang='lat' dir='ltr'><strong>modo</strong></span> <span class='ocrx_word' id='word_1_762' title='bbox 3483 3392 3632 3446; x_wconf 84' lang='lat' dir='ltr'><strong>enim</strong></span> 
     </span>
    </p>
   </div>
   <div class='ocr_carea' id='block_1_97' title="bbox 2049 3478 3626 3555">
    <p class='ocr_par' dir='ltr' id='par_1_97' title="bbox 2049 3478 3626 3555">
     <span class='ocr_line' id='line_1_97' title="bbox 2049 3478 3626 3555; baseline 0.006 -24"><span class='ocrx_word' id='word_1_763' title='bbox 2049 3485 2206 3533; x_wconf 67' lang='lat' dir='ltr'><strong>terrae</strong></span> <span class='ocrx_word' id='word_1_764' title='bbox 2227 3478 2433 3534; x_wconf 83' lang='lat' dir='ltr'><strong>viscera</strong></span> <span class='ocrx_word' id='word_1_765' title='bbox 2472 3494 2578 3534; x_wconf 89' lang='lat' dir='ltr'><strong>non</strong></span> <span class='ocrx_word' id='word_1_766' title='bbox 2616 3482 2870 3536; x_wconf 79' lang='lat' dir='ltr'><strong>excitavit</strong></span> <span class='ocrx_word' id='word_1_767' title='bbox 2910 3481 2978 3537; x_wconf 93' lang='lat' dir='ltr'><strong>ad</strong></span> <span class='ocrx_word' id='word_1_768' title='bbox 3022 3482 3227 3538; x_wconf 88' lang='lat' dir='ltr'><strong>fructus</strong></span> <span class='ocrx_word' id='word_1_769' title='bbox 3253 3484 3626 3555; x_wconf 73' lang='lat' dir='ltr'><strong>proferendos,</strong></span> 
     </span>
    </p>
   </div>
   <div class='ocr_carea' id='block_1_98' title="bbox 2045 3568 3628 3644">
    <p class='ocr_par' dir='ltr' id='par_1_98' title="bbox 2045 3568 3628 3644">
     <span class='ocr_line' id='line_1_98' title="bbox 2045 3568 3628 3644; baseline 0.006 -22"><span class='ocrx_word' id='word_1_770' title='bbox 2045 3568 2139 3623; x_wconf 90' lang='lat' dir='ltr'><strong>sed</strong></span> <span class='ocrx_word' id='word_1_771' title='bbox 2170 3569 2310 3623; x_wconf 92' lang='lat' dir='ltr'><strong>illam</strong></span> <span class='ocrx_word' id='word_1_772' title='bbox 2341 3570 2406 3624; x_wconf 90' lang='lat' dir='ltr'><strong>ad</strong></span> <span class='ocrx_word' id='word_1_773' title='bbox 2445 3571 2707 3626; x_wconf 91' lang='lat' dir='ltr'><strong>seminum</strong></span> <span class='ocrx_word' id='word_1_774' title='bbox 2752 3573 3146 3642; x_wconf 89' lang='lat' dir='ltr'><strong>susceptionem</strong></span> <span class='ocrx_word' id='word_1_775' title='bbox 3179 3575 3411 3644; x_wconf 87' lang='lat' dir='ltr'><strong>ineptam</strong></span> <span class='ocrx_word' id='word_1_776' title='bbox 3441 3577 3628 3631; x_wconf 79' lang='lat' dir='ltr'><strong>reddi-</strong></span> 
     </span>
    </p>
   </div>
   <div class='ocr_carea' id='block_1_99' title="bbox 2045 3660 3631 3723">
    <p class='ocr_par' dir='ltr' id='par_1_99' title="bbox 2045 3660 3631 3723">
     <span class='ocr_line' id='line_1_99' title="bbox 2045 3660 3631 3723; baseline 0.004 -7"><span class='ocrx_word' id='word_1_777' title='bbox 2045 3660 2142 3716; x_wconf 93' lang='lat' dir='ltr'><strong>dit.</strong></span> <span class='ocrx_word' id='word_1_778' title='bbox 2174 3662 2316 3718; x_wconf 90' lang='lat' dir='ltr'><strong>Talis</strong></span> <span class='ocrx_word' id='word_1_779' title='bbox 2340 3664 2483 3718; x_wconf 89' lang='lat' dir='ltr'><strong>enim</strong></span> <span class='ocrx_word' id='word_1_780' title='bbox 2509 3672 2627 3718; x_wconf 86' lang='lat' dir='ltr'><strong>erat</strong></span> <span class='ocrx_word' id='word_1_781' title='bbox 2650 3664 2823 3719; x_wconf 89' lang='lat' dir='ltr'><strong>coitus</strong></span> <span class='ocrx_word' id='word_1_782' title='bbox 2852 3666 3088 3720; x_wconf 90' lang='lat' dir='ltr'><strong>virorum</strong></span> <span class='ocrx_word' id='word_1_783' title='bbox 3117 3665 3169 3721; x_wconf 92' lang='lat' dir='ltr'><strong>in</strong></span> <span class='ocrx_word' id='word_1_784' title='bbox 3197 3674 3336 3721; x_wconf 91' lang='lat' dir='ltr'><strong>terra</strong></span> <span class='ocrx_word' id='word_1_785' title='bbox 3362 3666 3631 3723; x_wconf 82' lang='lat' dir='ltr'><strong>Sodomo-</strong></span> 
     </span>
    </p>
   </div>
   <div class='ocr_carea' id='block_1_100' title="bbox 2045 3757 3631 3827">
    <p class='ocr_par' dir='ltr' id='par_1_100' title="bbox 2045 3757 3631 3827">
     <span class='ocr_line' id='line_1_100' title="bbox 2045 3757 3631 3827; baseline 0.003 -16"><span class='ocrx_word' id='word_1_786' title='bbox 2045 3772 2200 3824; x_wconf 90' lang='lat' dir='ltr'><strong>rum,</strong></span> <span class='ocrx_word' id='word_1_787' title='bbox 2238 3758 2343 3813; x_wconf 90' lang='lat' dir='ltr'><strong>tale</strong></span> <span class='ocrx_word' id='word_1_788' title='bbox 2378 3772 2573 3827; x_wconf 90' lang='lat' dir='ltr'><strong>corpus</strong></span> <span class='ocrx_word' id='word_1_789' title='bbox 2614 3757 2856 3812; x_wconf 90' lang='lat' dir='ltr'><strong>inutilius</strong></span> <span class='ocrx_word' id='word_1_790' title='bbox 2894 3758 3142 3814; x_wconf 89' lang='lat' dir='ltr'><strong>reddens.</strong></span> <span class='ocrx_word' id='word_1_791' title='bbox 3187 3760 3325 3825; x_wconf 92' lang='lat' dir='ltr'><strong>Quid</strong></span> <span class='ocrx_word' id='word_1_792' title='bbox 3349 3764 3489 3814; x_wconf 89' lang='lat' dir='ltr'><strong>enim</strong></span> <span class='ocrx_word' id='word_1_793' title='bbox 3514 3762 3631 3815; x_wconf 82' lang='lat' dir='ltr'><strong>viro</strong></span> 
     </span>
    </p>
   </div>
   <div class='ocr_carea' id='block_1_101' title="bbox 2045 3849 3631 3920">
    <p class='ocr_par' dir='ltr' id='par_1_101' title="bbox 2045 3849 3631 3920">
     <span class='ocr_line' id='line_1_101' title="bbox 2045 3849 3631 3920; baseline 0.002 -16"><span class='ocrx_word' id='word_1_794' title='bbox 2045 3850 2381 3905; x_wconf 89' lang='lat' dir='ltr'><strong>meretricem</strong></span> <span class='ocrx_word' id='word_1_795' title='bbox 2407 3850 2583 3920; x_wconf 87' lang='lat' dir='ltr'><strong>agenti</strong></span> <span class='ocrx_word' id='word_1_796' title='bbox 2615 3849 2996 3905; x_wconf 83' lang='lat' dir='ltr'><strong>exsecrabilius</strong></span> <span class='ocrx_word' id='word_1_797' title='bbox 3020 3859 3075 3906; x_wconf 90' lang='lat' dir='ltr'><strong>et</strong></span> <span class='ocrx_word' id='word_1_798' title='bbox 3099 3850 3381 3907; x_wconf 82' lang='lat' dir='ltr'><strong>infamius?</strong></span> <span class='ocrx_word' id='word_1_799' title='bbox 3408 3852 3452 3908; x_wconf 94' lang='grc' dir='ltr'>Ο</span> <span class='ocrx_word' id='word_1_800' title='bbox 3480 3852 3631 3907; x_wconf 86' lang='lat' dir='ltr'><strong>furo-</strong></span> 
     </span>
    </p>
   </div>
   <div class='ocr_carea' id='block_1_102' title="bbox 2047 3940 3631 4013">
    <p class='ocr_par' dir='ltr' id='par_1_102' title="bbox 2047 3940 3631 4013">
     <span class='ocr_line' id='line_1_102' title="bbox 2047 3940 3631 4013; baseline 0.002 -17"><span class='ocrx_word' id='word_1_801' title='bbox 2047 3940 2197 3996; x_wconf 88' lang='lat' dir='ltr'><strong>reml</strong></span> <span class='ocrx_word' id='word_1_802' title='bbox 2253 3955 2286 3995; x_wconf 94' lang='grc' dir='ltr'>ο</span> <span class='ocrx_word' id='word_1_803' title='bbox 2343 3942 2653 4010; x_wconf 82' lang='lat' dir='ltr'><strong>stuporem!</strong></span> <span class='ocrx_word' id='word_1_804' title='bbox 2709 3941 2989 4008; x_wconf 87' lang='lat' dir='ltr'><strong>Quomodo</strong></span> <span class='ocrx_word' id='word_1_805' title='bbox 3038 3942 3153 3997; x_wconf 81' lang='lat' dir='ltr'><strong>haec</strong></span> <span class='ocrx_word' id='word_1_806' title='bbox 3199 3943 3631 4013; x_wconf 88' lang='lat' dir='ltr'><strong>concupiscentia</strong></span> 
     </span>
    </p>
   </div>
   <div class='ocr_carea' id='block_1_103' title="bbox 2043 4033 3631 4105">
    <p class='ocr_par' dir='ltr' id='par_1_103' title="bbox 2043 4033 3631 4105">
     <span class='ocr_line' id='line_1_103' title="bbox 2043 4033 3631 4105; baseline 0.004 -20"><span class='ocrx_word' id='word_1_807' title='bbox 2043 4042 2283 4102; x_wconf 84' lang='lat' dir='ltr'><strong>grassata</strong></span> <span class='ocrx_word' id='word_1_808' title='bbox 2327 4042 2450 4097; x_wconf 88' lang='lat' dir='ltr'><strong>est,</strong></span> <span class='ocrx_word' id='word_1_809' title='bbox 2487 4048 2607 4103; x_wconf 72' lang='lat' dir='ltr'><strong>qua:</strong></span> <span class='ocrx_word' id='word_1_810' title='bbox 2647 4033 2932 4087; x_wconf 89' lang='lat' dir='ltr'><strong>humanam</strong></span> <span class='ocrx_word' id='word_1_811' title='bbox 2972 4043 3215 4089; x_wconf 91' lang='lat' dir='ltr'><strong>naturam</strong></span> <span class='ocrx_word' id='word_1_812' title='bbox 3251 4036 3401 4105; x_wconf 88' lang='lat' dir='ltr'><strong>quasi</strong></span> <span class='ocrx_word' id='word_1_813' title='bbox 3447 4036 3631 4091; x_wconf 84' lang='lat' dir='ltr'><strong>hostes</strong></span> 
     </span>
    </p>
   </div>
   <div class='ocr_carea' id='block_1_104' title="bbox 2044 4124 3628 4195">
    <p class='ocr_par' dir='ltr' id='par_1_104' title="bbox 2044 4124 3628 4195">
     <span class='ocr_line' id='line_1_104' title="bbox 2044 4124 3628 4195; baseline 0.001 -16"><span class='ocrx_word' id='word_1_814' title='bbox 2044 4124 2186 4179; x_wconf 88' lang='lat' dir='ltr'><strong>bello</strong></span> <span class='ocrx_word' id='word_1_815' title='bbox 2230 4124 2463 4188; x_wconf 90' lang='lat' dir='ltr'><strong>invasit;</strong></span> <span class='ocrx_word' id='word_1_816' title='bbox 2515 4125 2622 4179; x_wconf 92' lang='lat' dir='ltr'><strong>imo</strong></span> <span class='ocrx_word' id='word_1_817' title='bbox 2674 4125 2917 4180; x_wconf 87' lang='lat' dir='ltr'><strong>hostibus</strong></span> <span class='ocrx_word' id='word_1_818' title='bbox 2957 4125 3086 4195; x_wconf 90' lang='lat' dir='ltr'><strong>ipsis</strong></span> <span class='ocrx_word' id='word_1_819' title='bbox 3128 4134 3277 4182; x_wconf 86' lang='lat' dir='ltr'><strong>tanto</strong></span> <span class='ocrx_word' id='word_1_820' title='bbox 3318 4126 3628 4193; x_wconf 87' lang='lat' dir='ltr'><strong>molestior,</strong></span> 
     </span>
    </p>
   </div>
   <div class='ocr_carea' id='block_1_105' title="bbox 2044 4217 3627 4287">
    <p class='ocr_par' dir='ltr' id='par_1_105' title="bbox 2044 4217 3627 4287">
     <span class='ocr_line' id='line_1_105' title="bbox 2044 4217 3627 4287; baseline 0.002 -18"><span class='ocrx_word' id='word_1_821' title='bbox 2044 4225 2246 4287; x_wconf 88' lang='lat' dir='ltr'><strong>quanto</strong></span> <span class='ocrx_word' id='word_1_822' title='bbox 2274 4217 2450 4271; x_wconf 88' lang='lat' dir='ltr'><strong>anima</strong></span> <span class='ocrx_word' id='word_1_823' title='bbox 2482 4217 2672 4271; x_wconf 86' lang='lat' dir='ltr'><strong>melior</strong></span> <span class='ocrx_word' id='word_1_824' title='bbox 2701 4225 2784 4272; x_wconf 91' lang='lat' dir='ltr'><strong>est</strong></span> <span class='ocrx_word' id='word_1_825' title='bbox 2811 4220 3075 4287; x_wconf 86' lang='lat' dir='ltr'><strong>corpore?</strong></span> <span class='ocrx_word' id='word_1_826' title='bbox 3102 4218 3262 4274; x_wconf 81' lang='lat' dir='ltr'><strong>Oves</strong></span> <span class='ocrx_word' id='word_1_827' title='bbox 3284 4219 3627 4275; x_wconf 78' lang='lat' dir='ltr'><strong>irrationabi-</strong></span> 
     </span>
    </p>
   </div>
   <div class='ocr_carea' id='block_1_106' title="bbox 2044 4306 3627 4378">
    <p class='ocr_par' dir='ltr' id='par_1_106' title="bbox 2044 4306 3627 4378">
     <span class='ocr_line' id='line_1_106' title="bbox 2044 4306 3627 4378; baseline 0.003 -17"><span class='ocrx_word' id='word_1_828' title='bbox 2044 4306 2185 4361; x_wconf 90' lang='lat' dir='ltr'><strong>libus</strong></span> <span class='ocrx_word' id='word_1_829' title='bbox 2232 4306 2747 4372; x_wconf 87' lang='lat' dir='ltr'><strong>irrationabiliores,</strong></span> <span class='ocrx_word' id='word_1_830' title='bbox 2806 4317 2861 4363; x_wconf 93' lang='lat' dir='ltr'><strong>et</strong></span> <span class='ocrx_word' id='word_1_831' title='bbox 2903 4308 3125 4365; x_wconf 88' lang='lat' dir='ltr'><strong>canibus</strong></span> <span class='ocrx_word' id='word_1_832' title='bbox 3170 4309 3627 4378; x_wconf 75' lang='lat' dir='ltr'><strong>impudentiam-sl</strong></span> 
     </span>
    </p>
   </div>
   <div class='ocr_carea' id='block_1_107' title="bbox 2045 4398 3630 4469">
    <p class='ocr_par' dir='ltr' id='par_1_107' title="bbox 2045 4398 3630 4469">
     <span class='ocr_line' id='line_1_107' title="bbox 2045 4398 3630 4469; baseline 0.003 -16"><span class='ocrx_word' id='word_1_833' title='bbox 2045 4398 2315 4469; x_wconf 76' lang='lat' dir='ltr'><strong>Nusquam</strong></span> <span class='ocrx_word' id='word_1_834' title='bbox 2360 4399 2501 4454; x_wconf 90' lang='lat' dir='ltr'><strong>enim</strong></span> <span class='ocrx_word' id='word_1_835' title='bbox 2546 4399 2685 4469; x_wconf 91' lang='lat' dir='ltr'><strong>apud</strong></span> <span class='ocrx_word' id='word_1_836' title='bbox 2726 4400 2847 4456; x_wconf 91' lang='lat' dir='ltr'><strong>illos</strong></span> <span class='ocrx_word' id='word_1_837' title='bbox 2894 4401 3012 4455; x_wconf 87' lang='lat' dir='ltr'><strong>talis</strong></span> <span class='ocrx_word' id='word_1_838' title='bbox 3052 4402 3261 4468; x_wconf 89' lang='lat' dir='ltr'><strong>coitus,</strong></span> <span class='ocrx_word' id='word_1_839' title='bbox 3305 4402 3398 4457; x_wconf 90' lang='lat' dir='ltr'><strong>sed</strong></span> <span class='ocrx_word' id='word_1_840' title='bbox 3443 4413 3630 4457; x_wconf 88' lang='lat' dir='ltr'><strong>natura</strong></span> 
     </span>
    </p>
   </div>
   <div class='ocr_carea' id='block_1_108' title="bbox 2045 4490 3633 4565">
    <p class='ocr_par' dir='ltr' id='par_1_108' title="bbox 2045 4490 3633 4565">
     <span class='ocr_line' id='line_1_108' title="bbox 2045 4490 3633 4565; baseline 0.003 -20"><span class='ocrx_word' id='word_1_841' title='bbox 2045 4505 2173 4545; x_wconf 90' lang='lat' dir='ltr'><strong>suos</strong></span> <span class='ocrx_word' id='word_1_842' title='bbox 2203 4490 2459 4546; x_wconf 89' lang='lat' dir='ltr'><strong>terminos</strong></span> <span class='ocrx_word' id='word_1_843' title='bbox 2489 4493 2739 4561; x_wconf 91' lang='lat' dir='ltr'><strong>agnovit;</strong></span> <span class='ocrx_word' id='word_1_844' title='bbox 2772 4507 2867 4548; x_wconf 87' lang='lat' dir='ltr'><strong>vos</strong></span> <span class='ocrx_word' id='word_1_845' title='bbox 2882 4508 3011 4548; x_wconf 88' lang='lat' dir='ltr'><strong>vero</strong></span> <span class='ocrx_word' id='word_1_846' title='bbox 3032 4509 3200 4564; x_wconf 87' lang='lat' dir='ltr'><strong>genus</strong></span> <span class='ocrx_word' id='word_1_847' title='bbox 3223 4503 3455 4549; x_wconf 83' lang='lat' dir='ltr'><strong>vestrum</strong></span> <span class='ocrx_word' id='word_1_848' title='bbox 3483 4499 3633 4565; x_wconf 86' lang='lat' dir='ltr'><strong>igno-</strong></span> 
     </span>
    </p>
   </div>
   <div class='ocr_carea' id='block_1_109' title="bbox 2046 4580 3633 4653">
    <p class='ocr_par' dir='ltr' id='par_1_109' title="bbox 2046 4580 3633 4653">
     <span class='ocr_line' id='line_1_109' title="bbox 2046 4580 3633 4653; baseline 0.003 -17"><span class='ocrx_word' id='word_1_849' title='bbox 2046 4580 2203 4636; x_wconf 87' lang='lat' dir='ltr'><strong>bilius</strong></span> <span class='ocrx_word' id='word_1_850' title='bbox 2230 4580 2482 4636; x_wconf 84' lang='lat' dir='ltr'><strong>ell&#39;ecistis</strong></span> <span class='ocrx_word' id='word_1_851' title='bbox 2521 4598 2616 4652; x_wconf 89' lang='lat' dir='ltr'><strong>per</strong></span> <span class='ocrx_word' id='word_1_852' title='bbox 2656 4582 2903 4653; x_wconf 89' lang='lat' dir='ltr'><strong>injuriam</strong></span> <span class='ocrx_word' id='word_1_853' title='bbox 2946 4592 3166 4639; x_wconf 87' lang='lat' dir='ltr'><strong>lautam.</strong></span> <span class='ocrx_word' id='word_1_854' title='bbox 3208 4584 3485 4640; x_wconf 88' lang='lat' dir='ltr'><strong>Undenam</strong></span> <span class='ocrx_word' id='word_1_855' title='bbox 3518 4586 3633 4640; x_wconf 55' lang='lat' dir='ltr'><strong>hac</strong></span> 
     </span>
    </p>
   </div>
   <div class='ocr_carea' id='block_1_110' title="bbox 2046 4674 3631 4746">
    <p class='ocr_par' dir='ltr' id='par_1_110' title="bbox 2046 4674 3631 4746">
     <span class='ocr_line' id='line_1_110' title="bbox 2046 4674 3631 4746; baseline 0.002 -19"><span class='ocrx_word' id='word_1_856' title='bbox 2046 4682 2163 4727; x_wconf 88' lang='lat' dir='ltr'><strong>orta</strong></span> <span class='ocrx_word' id='word_1_857' title='bbox 2189 4681 2314 4728; x_wconf 91' lang='lat' dir='ltr'><strong>sunt</strong></span> <span class='ocrx_word' id='word_1_858' title='bbox 2343 4674 2521 4728; x_wconf 92' lang='lat' dir='ltr'><strong>mala?</strong></span> <span class='ocrx_word' id='word_1_859' title='bbox 2547 4674 2593 4729; x_wconf 87' lang='lat' dir='ltr'><strong>A</strong></span> <span class='ocrx_word' id='word_1_860' title='bbox 2619 4675 2893 4745; x_wconf 87' lang='lat' dir='ltr'><strong>voluptate</strong></span> <span class='ocrx_word' id='word_1_861' title='bbox 2912 4717 2927 4742; x_wconf 90' lang='lat'><strong>,</strong></span> <span class='ocrx_word' id='word_1_862' title='bbox 2959 4675 3025 4730; x_wconf 91' lang='lat' dir='ltr'><strong>ab</strong></span> <span class='ocrx_word' id='word_1_863' title='bbox 3054 4691 3120 4732; x_wconf 92' lang='lat' dir='ltr'><strong>eo</strong></span> <span class='ocrx_word' id='word_1_864' title='bbox 3146 4675 3287 4746; x_wconf 91' lang='lat' dir='ltr'><strong>quod</strong></span> <span class='ocrx_word' id='word_1_865' title='bbox 3324 4676 3490 4731; x_wconf 88' lang='lat' dir='ltr'><strong>Deum</strong></span> <span class='ocrx_word' id='word_1_866' title='bbox 3524 4693 3631 4731; x_wconf 88' lang='lat' dir='ltr'><strong>non</strong></span> 
     </span>
    </p>
   </div>
   <div class='ocr_carea' id='block_1_111' title="bbox 2047 4767 3631 4838">
    <p class='ocr_par' dir='ltr' id='par_1_111' title="bbox 2047 4767 3631 4838">
     <span class='ocr_line' id='line_1_111' title="bbox 2047 4767 3631 4838; baseline 0.001 -17"><span class='ocrx_word' id='word_1_867' title='bbox 2047 4768 2445 4838; x_wconf 84' lang='lat' dir='ltr'><strong>cognoscerelis</strong></span> <span class='ocrx_word' id='word_1_868' title='bbox 2470 4784 2483 4821; x_wconf 90' lang='lat'><strong>:</strong></span> <span class='ocrx_word' id='word_1_869' title='bbox 2511 4782 2630 4821; x_wconf 91' lang='lat' dir='ltr'><strong>cum</strong></span> <span class='ocrx_word' id='word_1_870' title='bbox 2660 4768 2802 4822; x_wconf 93' lang='lat' dir='ltr'><strong>enim</strong></span> <span class='ocrx_word' id='word_1_871' title='bbox 2831 4767 3046 4837; x_wconf 88' lang='lat' dir='ltr'><strong>quidam</strong></span> <span class='ocrx_word' id='word_1_872' title='bbox 3085 4767 3202 4838; x_wconf 85' lang='lat' dir='ltr'><strong>ejus</strong></span> <span class='ocrx_word' id='word_1_873' title='bbox 3242 4768 3488 4824; x_wconf 88' lang='lat' dir='ltr'><strong>timorem</strong></span> <span class='ocrx_word' id='word_1_874' title='bbox 3516 4767 3631 4838; x_wconf 87' lang='lat' dir='ltr'><strong>eje-</strong></span> 
     </span>
    </p>
   </div>
   <div class='ocr_carea' id='block_1_112' title="bbox 2046 4858 3116 4926">
    <p class='ocr_par' dir='ltr' id='par_1_112' title="bbox 2046 4858 3116 4926">
     <span class='ocr_line' id='line_1_112' title="bbox 2046 4858 3116 4926; baseline -0.004 -11"><span class='ocrx_word' id='word_1_875' title='bbox 2046 4859 2241 4926; x_wconf 92' lang='lat' dir='ltr'><strong>cerint,</strong></span> <span class='ocrx_word' id='word_1_876' title='bbox 2273 4860 2453 4914; x_wconf 88' lang='lat' dir='ltr'><strong>omnia</strong></span> <span class='ocrx_word' id='word_1_877' title='bbox 2475 4858 2689 4915; x_wconf 90' lang='lat' dir='ltr'><strong>demum</strong></span> <span class='ocrx_word' id='word_1_878' title='bbox 2720 4860 2855 4914; x_wconf 90' lang='lat' dir='ltr'><strong>bona</strong></span> <span class='ocrx_word' id='word_1_879' title='bbox 2884 4860 3116 4915; x_wconf 85' lang='lat' dir='ltr'><strong>avolant.</strong></span> 
     </span>
    </p>
   </div>
   <div class='ocr_carea' id='block_1_113' title="bbox 2118 4949 3631 5021">
    <p class='ocr_par' dir='ltr' id='par_1_113' title="bbox 2118 4949 3631 5021">
     <span class='ocr_line' id='line_1_113' title="bbox 2118 4949 3631 5021; baseline 0.001 -17"><span class='ocrx_word' id='word_1_880' title='bbox 2118 4951 2175 5004; x_wconf 65' lang='lat'><strong>4.</strong></span> <span class='ocrx_word' id='word_1_881' title='bbox 2216 4949 2294 5007; x_wconf 88' lang='lat' dir='ltr'><strong>Ne</strong></span> <span class='ocrx_word' id='word_1_882' title='bbox 2319 4950 2478 5021; x_wconf 88' lang='lat' dir='ltr'><strong>igitur</strong></span> <span class='ocrx_word' id='word_1_883' title='bbox 2512 4951 2565 5006; x_wconf 90' lang='lat' dir='ltr'><strong>id</strong></span> <span class='ocrx_word' id='word_1_884' title='bbox 2605 4951 2849 5017; x_wconf 88' lang='lat' dir='ltr'><strong>accidat,</strong></span> <span class='ocrx_word' id='word_1_885' title='bbox 2883 4951 3127 5006; x_wconf 89' lang='lat' dir='ltr'><strong>timorem</strong></span> <span class='ocrx_word' id='word_1_886' title='bbox 3160 4951 3253 5006; x_wconf 89' lang='lat' dir='ltr'><strong>Dei</strong></span> <span class='ocrx_word' id='word_1_887' title='bbox 3282 4949 3494 5006; x_wconf 88' lang='lat' dir='ltr'><strong>assidue</strong></span> <span class='ocrx_word' id='word_1_888' title='bbox 3525 4967 3631 5021; x_wconf 69' lang='lat' dir='ltr'><strong>prae</strong></span> 
     </span>
    </p>
   </div>
   <div class='ocr_carea' id='block_1_114' title="bbox 2047 5041 3634 5113">
    <p class='ocr_par' dir='ltr' id='par_1_114' title="bbox 2047 5041 3634 5113">
     <span class='ocr_line' id='line_1_114' title="bbox 2047 5041 3634 5113; baseline 0 -16"><span class='ocrx_word' id='word_1_889' title='bbox 2047 5041 2218 5097; x_wconf 91' lang='lat' dir='ltr'><strong>oculis</strong></span> <span class='ocrx_word' id='word_1_890' title='bbox 2246 5041 2556 5097; x_wconf 88' lang='lat' dir='ltr'><strong>habeamus.</strong></span> <span class='ocrx_word' id='word_1_891' title='bbox 2582 5041 2720 5096; x_wconf 91' lang='lat' dir='ltr'><strong>Nihil</strong></span> <span class='ocrx_word' id='word_1_892' title='bbox 2748 5042 2912 5110; x_wconf 91' lang='lat' dir='ltr'><strong>enim,</strong></span> <span class='ocrx_word' id='word_1_893' title='bbox 2949 5042 3080 5096; x_wconf 90' lang='lat' dir='ltr'><strong>nihil</strong></span> <span class='ocrx_word' id='word_1_894' title='bbox 3108 5042 3177 5097; x_wconf 89' lang='lat' dir='ltr'><strong>ita</strong></span> <span class='ocrx_word' id='word_1_895' title='bbox 3213 5042 3485 5097; x_wconf 88' lang='lat' dir='ltr'><strong>hominem</strong></span> <span class='ocrx_word' id='word_1_896' title='bbox 3516 5058 3634 5113; x_wconf 83' lang='lat' dir='ltr'><strong>per-</strong></span> 
     </span>
    </p>
   </div>
   <div class='ocr_carea' id='block_1_115' title="bbox 2047 5133 3634 5203">
    <p class='ocr_par' dir='ltr' id='par_1_115' title="bbox 2047 5133 3634 5203">
     <span class='ocr_line' id='line_1_115' title="bbox 2047 5133 3634 5203; baseline -0.001 -14"><span class='ocrx_word' id='word_1_897' title='bbox 2047 5133 2153 5199; x_wconf 90' lang='lat' dir='ltr'><strong>dit,</strong></span> <span class='ocrx_word' id='word_1_898' title='bbox 2187 5145 2242 5190; x_wconf 90' lang='lat' dir='ltr'><strong>ut</strong></span> <span class='ocrx_word' id='word_1_899' title='bbox 2273 5149 2392 5189; x_wconf 92' lang='lat' dir='ltr'><strong>cum</strong></span> <span class='ocrx_word' id='word_1_900' title='bbox 2433 5149 2464 5189; x_wconf 91' lang='lat' dir='ltr'><strong>a</strong></span> <span class='ocrx_word' id='word_1_901' title='bbox 2511 5133 2599 5189; x_wconf 89' lang='lat' dir='ltr'><strong>tali</strong></span> <span class='ocrx_word' id='word_1_902' title='bbox 2639 5133 2837 5189; x_wconf 83' lang='lat' dir='ltr'><strong>excidit</strong></span> <span class='ocrx_word' id='word_1_903' title='bbox 2880 5148 3098 5201; x_wconf 88' lang='lat' dir='ltr'><strong>ancora,</strong></span> <span class='ocrx_word' id='word_1_904' title='bbox 3144 5148 3321 5203; x_wconf 90' lang='lat' dir='ltr'><strong>neque</strong></span> <span class='ocrx_word' id='word_1_905' title='bbox 3368 5134 3438 5188; x_wconf 90' lang='lat' dir='ltr'><strong>ita</strong></span> <span class='ocrx_word' id='word_1_906' title='bbox 3487 5134 3634 5188; x_wconf 86' lang='lat' dir='ltr'><strong>illum</strong></span> 
     </span>
    </p>
   </div>
   <div class='ocr_carea' id='block_1_116' title="bbox 2049 5224 3636 5296">
    <p class='ocr_par' dir='ltr' id='par_1_116' title="bbox 2049 5224 3636 5296">
     <span class='ocr_line' id='line_1_116' title="bbox 2049 5224 3636 5296; baseline -0.003 -14"><span class='ocrx_word' id='word_1_907' title='bbox 2049 5234 2261 5292; x_wconf 85' lang='lat' dir='ltr'><strong>servat,</strong></span> <span class='ocrx_word' id='word_1_908' title='bbox 2293 5235 2354 5281; x_wconf 89' lang='lat' dir='ltr'><strong>ut</strong></span> <span class='ocrx_word' id='word_1_909' title='bbox 2379 5227 2423 5280; x_wconf 92' lang='lat' dir='ltr'><strong>si</strong></span> <span class='ocrx_word' id='word_1_910' title='bbox 2454 5234 2713 5296; x_wconf 88' lang='lat' dir='ltr'><strong>perpetuo</strong></span> <span class='ocrx_word' id='word_1_911' title='bbox 2740 5225 2866 5281; x_wconf 91' lang='lat' dir='ltr'><strong>illuc</strong></span> <span class='ocrx_word' id='word_1_912' title='bbox 2896 5224 3233 5295; x_wconf 88' lang='lat' dir='ltr'><strong>respiciatur.</strong></span> <span class='ocrx_word' id='word_1_913' title='bbox 3279 5224 3411 5279; x_wconf 88' lang='lat' dir='ltr'><strong>Nam</strong></span> <span class='ocrx_word' id='word_1_914' title='bbox 3454 5225 3498 5279; x_wconf 92' lang='lat' dir='ltr'><strong>si</strong></span> <span class='ocrx_word' id='word_1_915' title='bbox 3543 5227 3636 5278; x_wconf 84' lang='lat' dir='ltr'><strong>lm-</strong></span> 
     </span>
    </p>
   </div>
   <div class='ocr_carea' id='block_1_117' title="bbox 2048 5317 3639 5389">
    <p class='ocr_par' dir='ltr' id='par_1_117' title="bbox 2048 5317 3639 5389">
     <span class='ocr_line' id='line_1_117' title="bbox 2048 5317 3639 5389; baseline -0.001 -16"><span class='ocrx_word' id='word_1_916' title='bbox 2048 5320 2247 5373; x_wconf 92' lang='lat' dir='ltr'><strong>minem</strong></span> <span class='ocrx_word' id='word_1_917' title='bbox 2273 5334 2381 5388; x_wconf 77' lang='lat' dir='ltr'><strong>pra:</strong></span> <span class='ocrx_word' id='word_1_918' title='bbox 2403 5318 2575 5373; x_wconf 91' lang='lat' dir='ltr'><strong>oculis</strong></span> <span class='ocrx_word' id='word_1_919' title='bbox 2604 5317 2881 5384; x_wconf 88' lang='lat' dir='ltr'><strong>habentes,</strong></span> <span class='ocrx_word' id='word_1_920' title='bbox 2906 5322 3181 5389; x_wconf 83' lang='lat' dir='ltr'><strong>segniores</strong></span> <span class='ocrx_word' id='word_1_921' title='bbox 3207 5332 3395 5373; x_wconf 87' lang='lat' dir='ltr'><strong>sumus</strong></span> <span class='ocrx_word' id='word_1_922' title='bbox 3415 5317 3481 5372; x_wconf 85' lang='lat' dir='ltr'><strong>ad</strong></span> <span class='ocrx_word' id='word_1_923' title='bbox 3514 5333 3639 5387; x_wconf 88' lang='lat' dir='ltr'><strong>pec-</strong></span> 
     </span>
    </p>
   </div>
   <div class='ocr_carea' id='block_1_118' title="bbox 2047 5409 3639 5479">
    <p class='ocr_par' dir='ltr' id='par_1_118' title="bbox 2047 5409 3639 5479">
     <span class='ocr_line' id='line_1_118' title="bbox 2047 5409 3639 5479; baseline -0.002 -13"><span class='ocrx_word' id='word_1_924' title='bbox 2047 5421 2167 5466; x_wconf 84' lang='lat' dir='ltr'><strong>cata</strong></span> <span class='ocrx_word' id='word_1_925' title='bbox 2207 5409 2570 5475; x_wconf 86' lang='lat' dir='ltr'><strong>admittenda;</strong></span> <span class='ocrx_word' id='word_1_926' title='bbox 2615 5410 2723 5465; x_wconf 91' lang='lat' dir='ltr'><strong>imo</strong></span> <span class='ocrx_word' id='word_1_927' title='bbox 2766 5410 2965 5479; x_wconf 71' lang='lat' dir='ltr'><strong>smpius</strong></span> <span class='ocrx_word' id='word_1_928' title='bbox 3009 5409 3241 5465; x_wconf 91' lang='lat' dir='ltr'><strong>famulos</strong></span> <span class='ocrx_word' id='word_1_929' title='bbox 3279 5409 3639 5465; x_wconf 87' lang='lat' dir='ltr'><strong>modestiores</strong></span> 
     </span>
    </p>
   </div>
   <div class='ocr_carea' id='block_1_119' title="bbox 2048 5501 3638 5572">
    <p class='ocr_par' dir='ltr' id='par_1_119' title="bbox 2048 5501 3638 5572">
     <span class='ocr_line' id='line_1_119' title="bbox 2048 5501 3638 5572; baseline -0.003 -13"><span class='ocrx_word' id='word_1_930' title='bbox 2048 5504 2376 5569; x_wconf 87' lang='lat' dir='ltr'><strong>reverent&#39;es,</strong></span> <span class='ocrx_word' id='word_1_931' title='bbox 2401 5501 2533 5556; x_wconf 91' lang='lat' dir='ltr'><strong>nihil</strong></span> <span class='ocrx_word' id='word_1_932' title='bbox 2554 5501 2772 5557; x_wconf 84' lang='lat' dir='ltr'><strong>absurdi</strong></span> <span class='ocrx_word' id='word_1_933' title='bbox 2796 5501 3043 5569; x_wconf 81' lang='lat' dir='ltr'><strong>facimus,</strong></span> <span class='ocrx_word' id='word_1_934' title='bbox 3063 5502 3235 5572; x_wconf 90' lang='lat' dir='ltr'><strong>cogita</strong></span> <span class='ocrx_word' id='word_1_935' title='bbox 3264 5510 3462 5572; x_wconf 87' lang='lat' dir='ltr'><strong>quanta</strong></span> <span class='ocrx_word' id='word_1_936' title='bbox 3493 5502 3638 5555; x_wconf 88' lang='lat' dir='ltr'><strong>frue-</strong></span> 
     </span>
    </p>
   </div>
   <div class='ocr_carea' id='block_1_120' title="bbox 2049 5591 3637 5664">
    <p class='ocr_par' dir='ltr' id='par_1_120' title="bbox 2049 5591 3637 5664">
     <span class='ocr_line' id='line_1_120' title="bbox 2049 5591 3637 5664; baseline -0.005 -13"><span class='ocrx_word' id='word_1_937' title='bbox 2049 5611 2170 5651; x_wconf 91' lang='lat' dir='ltr'><strong>mur</strong></span> <span class='ocrx_word' id='word_1_938' title='bbox 2199 5595 2487 5652; x_wconf 88' lang='lat' dir='ltr'><strong>securitate</strong></span> <span class='ocrx_word' id='word_1_939' title='bbox 2508 5636 2523 5660; x_wconf 85' lang='lat'><strong>,</strong></span> <span class='ocrx_word' id='word_1_940' title='bbox 2554 5595 2599 5649; x_wconf 94' lang='lat' dir='ltr'><strong>si</strong></span> <span class='ocrx_word' id='word_1_941' title='bbox 2628 5595 2795 5649; x_wconf 90' lang='lat' dir='ltr'><strong>Deum</strong></span> <span class='ocrx_word' id='word_1_942' title='bbox 2825 5609 2936 5664; x_wconf 65' lang='lat' dir='ltr'><strong>pra:</strong></span> <span class='ocrx_word' id='word_1_943' title='bbox 2959 5594 3128 5649; x_wconf 89' lang='lat' dir='ltr'><strong>oculis</strong></span> <span class='ocrx_word' id='word_1_944' title='bbox 3158 5594 3468 5649; x_wconf 88' lang='lat' dir='ltr'><strong>habeamus.</strong></span> <span class='ocrx_word' id='word_1_945' title='bbox 3498 5591 3637 5646; x_wconf 80' lang='lat' dir='ltr'><strong>Nus-</strong></span> 
     </span>
    </p>
   </div>
   <div class='ocr_carea' id='block_1_121' title="bbox 2048 5688 3638 5765">
    <p class='ocr_par' dir='ltr' id='par_1_121' title="bbox 2048 5688 3638 5765">
     <span class='ocr_line' id='line_1_121' title="bbox 2048 5688 3638 5765; baseline -0.002 -20"><span class='ocrx_word' id='word_1_946' title='bbox 2048 5705 2205 5765; x_wconf 88' lang='lat' dir='ltr'><strong>quam</strong></span> <span class='ocrx_word' id='word_1_947' title='bbox 2228 5690 2371 5747; x_wconf 87' lang='lat' dir='ltr'><strong>enitn</strong></span> <span class='ocrx_word' id='word_1_948' title='bbox 2398 5704 2497 5746; x_wconf 94' lang='lat' dir='ltr'><strong>nos</strong></span> <span class='ocrx_word' id='word_1_949' title='bbox 2525 5688 2771 5747; x_wconf 89' lang='lat' dir='ltr'><strong>diabolus</strong></span> <span class='ocrx_word' id='word_1_950' title='bbox 2811 5691 2881 5746; x_wconf 81' lang='lat' dir='ltr'><strong>ita</strong></span> <span class='ocrx_word' id='word_1_951' title='bbox 2921 5688 3140 5747; x_wconf 86' lang='lat' dir='ltr'><strong>affectos</strong></span> <span class='ocrx_word' id='word_1_952' title='bbox 3171 5689 3405 5755; x_wconf 82' lang='lat' dir='ltr'><strong>invadet,</strong></span> <span class='ocrx_word' id='word_1_953' title='bbox 3457 5696 3638 5759; x_wconf 87' lang='lat' dir='ltr'><strong>utpote</strong></span> 
     </span>
    </p>
   </div>
  </div>
