4090 6230
288 274 403 335 419

291 398 530 453 παλαιὸν
561 397 657 451 καὶ
684 396 844 460 νόμος
878 390 1015 447 εἶναι
1043 394 1103 446 16
1138 395 1368 463 πρᾶγμα
1398 394 1589 455 ἐδόκει,
1621 392 1714 446 καὶ
1742 388 1963 458 νομοθέ-

290 504 396 556 της
425 504 511 549 τις
543 484 675 555 παρ’
703 483 886 544 αὐτοῖς
909 482 1125 543 οίκέτας
1152 481 1403 532 ἐκέλευσε
1437 482 1573 550 μήτε
1618 476 1963 548 ξηραλοιφεῖν

296 577 439 644 μήτε
503 572 917 641 παιδεραστεῖν,
970 570 1083 630 τοῖς
1134 566 1437 635 ἐλευθέροις
1490 567 1587 636 τῆς
1642 562 1961 634 προεδρείας

294 656 713 727 παραχωρήσας
764 651 990 721 ταύτης,
1051 651 1250 721 μᾶλλον
1296 651 1353 703 δὲ
1406 651 1503 718 τῆς
1555 647 1960 719 ἀσχημοσύνης.

308 744 451 797 Ἀλλ’
475 745 623 812 ὅμως
647 742 747 793 ούκ
771 740 1028 809 ἐνόμισαν
1050 738 1433 807 ἀσχημοσύνην
1457 733 1596 790 εἶναι
1618 738 1677 788 16
1708 736 1961 805 πρᾶγμα,

294 833 417 885 ἀλλ’
448 832 523 892 ὡς
554 828 749 898 σεμνὸν
777 828 870 879 καὶ
904 824 1087 895 μεῖζον
1114 824 1147 894 ἦ
1176 828 1296 879 κατ’
1326 824 1553 877 οἰκετῶν
1584 823 1821 891 ἀξίωμα,
1853 823 1965 882 τοῖς

294 919 603 988 ἐλευθέροις
650 913 992 985 ἐπέτρεψανο
1048 914 1143 964 καὶ
1188 912 1345 964 τοῦτο
1389 913 1417 963 6
1467 910 1821 979 σοφώτατοςα
1856 906 1964 960 τῶν

308 1006 609 1075 Ἀθηναίων
641 1003 830 1072 δῆμος,
858 1001 955 1053 καὶ
979 1002 1007 1053 6
1044 999 1217 1069 μέγας
1246 997 1375 1069 παρ’
1409 998 1590 1059 αὑτοῖς
1616 996 1813 1048 Σόλων.
1856 993 1965 1047 Καὶ

294 1096 463 1165 ’ἑτέρα
497 1094 553 1146 δέ
593 1090 765 1143 πολλὰ
800 1090 909 1141 τῶν
955 1087 1262 1157 φιλοσόφων
1314 1086 1493 1156 βιϐλία
1539 1084 1741 1154 ταύτης
1787 1085 1852 1137 ἄν
1882 1097 1965 1144 τις

296 1185 451 1253 εὖροι
470 1182 707 1251 γέμοντα
733 1182 831 1249 τῆς
860 1179 1037 1231 νόσου·
1062 1177 1174 1229 ἀλλ’
1192 1178 1251 1228 οὑ
1279 1176 1367 1228 διὰ
1395 1176 1549 1227 τοῦτο
1577 1171 1964 1243 νενομισμένον

294 1268 437 1323 εἶναι
471 1269 532 1321 16
562 1266 795 1337 πρᾶγμά
822 1282 1023 1333 φαμεν,
1052 1263 1186 1316 ἀλλά
1214 1263 1305 1316 καὶ
1334 1263 1460 1325 τοὺς
1485 1262 1577 1313 τὸν
1609 1261 1772 1330 νόμον
1813 1260 1965 1324 δεξα-

303 1358 498 1427 μένους
530 1354 718 1407 τοῦτον
751 1353 1013 1415 ἐλεεινοὺς
1048 1351 1142 1404 καὶ
1178 1349 1429 1420 δακρύων
1459 1347 1641 1413 ἀξίους
1674 1344 1809 1399 εἶναι
1838 1346 1966 1398 πολ-

295 1444 428 1497 λῶν.
463 1444 529 1495 ‘A
557 1441 667 1511 γὰρ
694 1441 749 1492 αἱ
776 1439 1168 1509 πορνευόμεναι
1209 1437 1476 1507 πάσχουσι
1508 1433 1657 1506 [457]
1689 1435 1963 1501 γυναῖκες,

297 1531 470 1584 ταῦτα
498 1530 594 1583 καὶ
615 1524 784 1582 οὗτοι·
808 1528 1006 1598 μᾶλλον
1037 1526 1093 1577 δέ
1120 1526 1345 1578 ἐκείνων
1366 1523 1688 1592 ἀθλιώτερα.
1712 1522 1843 1583 Ταῖς
1868 1519 1964 1588 μέν

299 1620 412 1688 7‘19
450 1620 497 1671 εἰ
530 1618 623 1671 καὶ
647 1616 983 1687 παράνομος,
1028 1613 1165 1666 ἀλλὰ
1192 1612 1331 1665 κατὰ
1362 1612 1524 1681 φύσιν
1554 1612 1586 1671 ἠ
1630 1607 1798 1678 μίξις’
1824 1606 1963 1675 αῦτη

298 1707 355 1759 δέ
390 1704 485 1758 καὶ
517 1704 855 1774 παράνομος,
887 1703 980 1753 καὶ
1010 1700 1157 1771 παρά
1190 1699 1369 1767 φύσιν.
1411 1698 1474 1749 Εἰ
1514 1695 1621 1765 γάρ
1658 1695 1731 1765 μὴ
1771 1694 1963 1761 γέεννα

298 1792 391 1866 ἦν,
418 1794 549 1865 μηδέ
569 1791 787 1854 κόλασις
807 1789 1088 1859 ἠπείλητο,
1112 1785 1268 1839 τοῦτο
1290 1786 1469 1854 πάσης
1494 1782 1765 1844 κολάσεως
1782 1784 1963 1852 χεῖρον

298 1882 392 1955 ἦν.
424 1885 486 1938 Εἰ
515 1884 570 1936 δὲ
601 1882 835 1953 ἥδονται,
866 1879 962 1948 την
994 1876 1311 1947 προσθήκην
1342 1891 1431 1943 μοι
1458 1873 1633 1940 λέγεις
1668 1870 1768 1940 τῆς
1794 1885 1963 1937 τιμω-

304 1974 447 2043 ρίας.
482 1969 614 2023 Οὐδὲ
638 1969 745 2037 γάρ
779 1966 833 2018 εἴ
866 1983 987 2018 τινα
1009 1960 1147 2016 εἶδον
1174 1961 1379 2031 γυμνὸν
1408 1959 1690 2032 τρέχοντα,
1719 1956 1963 2028 βορϐόρῳ

300 2060 361 2112 16
399 2058 556 2127 σῶμα
601 2051 1089 2124 ἀνακεχρωσμένον
1119 2048 1293 2115 ἅπαν,
1329 2044 1448 2100 εἶτα
1484 2048 1584 2099 οὑκ
1627 2044 1963 2113 ἐγκαλυπτό-

303 2162 484 2213 μενον,
525 2142 657 2195 ἀλλά
687 2142 778 2194 καὶ
806 2137 1364 2205 ἐγκαλλωπιζόμενον,
1401 2132 1670 2204 συνήσθην
1696 2132 1759 2185 ἂν
1792 2130 1960 2199 αύτῷ,

298 2233 435 2287 ἀλλά
456 2233 549 2285 καὶ
576 2230 771 2301 μᾶλλον
804 2228 867 2281 ἂν
890 2226 1053 2279 αὑτὸν
1080 2225 1377 2294 ἐθρήνησα,
1401 2224 1479 2275 ὅτι
1508 2222 1627 2275 ούδέ
1650 2221 1963 2275 αἰσθάνεται

298 2318 645 2389 ἀσχημονῶν.
692 2317 810 2368 ἰνα
842 2314 899 2366 δέ
946 2314 1039 2366 καὶ
1079 2312 1419 2383 σαφεστέραν
1451 2310 1609 2374 δείξω
1644 2308 1741 2379 τὴν
1771 2308 1926 2379 ὓϐριν
1946 2347 1961 2371 ,

298 2406 599 2476 ἀνάσχεσθέ
624 2421 723 2475 μου
751 2404 844 2455 καὶ
874 2402 1058 2471 ἐτέρου
1088 2399 1552 2470 παραδείγματος.
1588 2398 1649 2449 Εἰ
1680 2396 1789 2466 γάρ
1825 2412 1965 2465 παρ-

300 2496 453 2549 θένον
497 2510 581 2555 τις
614 2489 933 2544 κατεδίκασε
980 2485 1431 2556 θαλαμευομένην
1479 2484 1693 2552 ἀλόγοις
1738 2484 1963 2553 μιγῆναι

299 2580 482 2644 ζώοις,
513 2576 630 2632 εἶτα
657 2579 813 2649 ἥδετο
839 2576 1020 2645 ἐκείνη
1048 2578 1114 2645 τῇ
1144 2573 1313 2644 μίξει,
1342 2574 1402 2626 οὐ
1433 2573 1519 2626 διὰ
1543 2571 1702 2625 τοῦτο
1734 2572 1965 2643 μάλιστα

298 2668 554 2739 δακρύων
583 2662 650 2736 ἦν
680 2665 825 2731 ἀξία,
857 2665 937 2716 ὅτι
972 2662 1091 2715 ούδέ
1123 2661 1501 2731 ἀπαλλαγῆναι
1530 2660 1627 2729 τῆς
1654 2660 1807 2713 νόσου
1836 2659 1966 2712 ταύ-

297 2773 403 2827 της
434 2754 662 2823 ἠδύνατο
691 2750 767 2821 τῷ
799 2751 933 2821 μηδέ
960 2748 1309 2805 αἰσθάνεσθαι
1335 2751 1433 2818 τῆς
1455 2747 1634 2813 νόσου;
1662 2747 1829 2800 Παντί
1862 2763 1964 2798 που

298 2844 459 2914 δῆλόν
506 2846 670 2896 ἐστιν.
702 2842 764 2893 Εἰ
794 2841 849 2893 δέ
892 2842 1065 2893 ἐκεῖνο
1102 2838 1355 2908 χαλεπὸν,
1387 2836 1507 2889 ούδέ
1551 2835 1709 2887 τοῦτο
1746 2834 1966 2887 ἔλαττον

298 2931 530 2984 ἐκείνου’
558 2931 616 2983 16
640 2928 748 2999 γάρ
774 2928 877 2981 ὑπὸ
901 2928 1009 2980 τῶν
1030 2926 1242 2979 οἰκείων
1270 2922 1585 2994 ὑϐρίζεσθαι
1610 2921 1965 2995 ἐλεεινότερον
2009 2919 2011 2922 ⁴

296 3020 395 3073 τοῦ
429 3019 575 3089 παρά
604 3018 713 3070 τῶν
750 3017 1069 3087 ἀλλοτρίων.
1099 3012 1335 3075 Τούτους
1364 3010 1473 3081 ἐγὼ
1499 3011 1591 3064 καί
1626 3009 1966 3081 ἀνδροφόνων

298 3110 521 3178 χείρους
559 3101 697 3158 εἶναί
732 3122 892 3174 φημιο
932 3110 1025 3156 καὶ
1063 3103 1171 3173 γάρ
1203 3102 1406 3172 βέλτιον
1440 3098 1762 3160 ἀποθανεῖν,
1807 3098 1839 3168 ἢ
1868 3098 1966 3168 ζῇν

301 3194 662 3265 ὑϐριζόμενον
692 3191 884 3255 οὕτως.
942 3192 998 3244 '0
1035 3192 1133 3260 μὲν
1165 3192 1273 3259 γάρ
1308 3187 1630 3258 ἀνδροφόνος
1658 3185 1756 3258 τὴν
1790 3185 1967 3256 ψυχὴν

302 3283 412 3336 ἀπὸ
445 3281 539 3336 τοῦ
572 3279 824 3350 σώματος
862 3277 1167 3349 διέρρηξεν,
1197 3272 1349 3338 οὗτος
1381 3275 1437 3328 δέ
1475 3275 1573 3344 τὴν
1607 3274 1782 3344 ψυχὴν
1829 3274 1969 3344 μετά

299 3369 397 3423 τοῦ
431 3368 680 3439 σώματος
719 3364 984 3420 ἀπώλεσε.
1018 3365 1127 3418 Καὶ
1161 3365 1296 3434 ὅπερ
1328 3363 1393 3415 ἂν
1430 3361 1606 3421 εἴποις
1638 3362 1964 3431 ἁμάρτημα,

301 3457 457 3509 ούδέν
483 3455 596 3507 ἴσον
621 3456 765 3525 ἐρεῖς
790 3453 888 3522 τῆς
917 3451 1262 3521 παρανομίας
1283 3449 1505 3519 ταύτης⁶
1528 3450 1622 3501 καὶ
1654 3450 1699 3500 εί
1729 3447 1970 3519 ἐπῃσθά-

304 3560 460 3597 νοντο
485 3541 591 3595 τῶν
618 3539 916 3610 γινομένων
943 3540 991 3591 οἱ
1021 3538 1323 3607 πάσχοντες
1344 3576 1358 3599 ,
1402 3536 1628 3606 μυρίους
1657 3535 1722 3588 ἂν
1747 3534 1965 3588 κατεδέο

305 3632 466 3698 ξαντο
495 3630 774 3695 θανάτους,
804 3629 943 3682 ὥστε
976 3629 1051 3699 μὴ
1079 3627 1233 3680 τοῦτο
1263 3626 1475 3679 παθεῖν.

379 3797 450 3858 γ’.
467 3788 543 3843 Ού
570 3788 673 3858 γάρ
698 3786 866 3851 ἔστιν,
899 3785 997 3840 οὐκ
1034 3785 1149 3839 ἔστι
1168 3784 1372 3855 ταύτης
1406 3784 1504 3854 τῆς
1530 3781 1739 3852 ὕϐρεως
1765 3780 1970 3846 ἀλογώ-

304 3881 465 3951 τερόν
498 3896 557 3930 τε
590 3878 685 3930 καὶ
724 3874 1122 3946 χαλεπώτερον.
1165 3875 1226 3927 Εἰ
1266 3874 1374 3943 γὰρ
1411 3872 1540 3944 περὶ
1570 3870 1822 3940 πορνείας
1852 3869 1969 3921 δια-

304 3968 601 4035 λεγόμενος
629 3966 656 4016 6
694 3962 903 4025 Παῦλος
926 3962 1131 4029 ἔλεγεν,
1155 3962 1236 4013 ὅτι
1267 3959 1396 4013 Πᾶν⁸
1431 3959 1761 4026 ἁμάρτημα,
1794 3956 1825 4009 ὃ
1862 3954 1972 4010 ἐὰν

307 4051 538 4117 ποιήσῃ
578 4049 906 4115 ἅνθρωπος.
940 4046 1111 4111 ἐκτὸς
1150 4046 1257 4099 τοῦ
1295 4044 1566 4113 σώματός
1609 4044 1798 4096 ἐστιν·
1834 4045 1868 4096 ό
1903 4043 1970 4097 δὲ

306 4134 618 4201 πορνεύων
634 4134 719 4195 είς
736 4131 801 4183 τὸ
824 4129 977 4182 τδιον
996 4128 1166 4197 σῶμα
1197 4127 1535 4197 ἀμαρτάνεισ
1555 4127 1606 4178 τί
1628 4127 1694 4179 ἂν
1722 4125 1972 4196 εἴποιμεν

307 4223 441 4291 περὶ
472 4220 570 4286 τῆς
604 4219 799 4288 μανίας
828 4217 1055 4286 ταύτης,
1086 4217 1120 4286 ή
1153 4214 1408 4268 τοσοῦτον
1435 4213 1692 4284 πορνείας
1715 4213 1743 4252 δ
1773 4213 1973 4283 χείρων

307 4309 483 4363 ἐστὶν.
513 4308 635 4359 ὅσον
665 4306 784 4358 οὐδὲ
813 4305 958 4357 ἐστιν
985 4306 1191 4369 εἰπεῖν;
1221 4301 1355 4355 (ὶὺδέ
1386 4302 1493 4369 γάρ
1517 4299 1672 4354 τοῦτο
1699 4300 1841 4367 λέγω
1875 4300 1972 4369 μό-

305 4413 422 4457 νον,
454 4395 537 4446 ὃτι
566 4394 796 4461 γέγονας
824 4391 982 4461 γυνὴ,
1019 4389 1132 4443 ἀλλ’
1164 4390 1246 4442 ὃτι
1286 4387 1575 4451 ἀπώλεσας
1615 4388 1706 4441 καὶ
1738 4387 1800 4439 16
1833 4382 1971 4439 εἶναι

307 4483 474 4552 ἀνὴρ,
506 4482 600 4532 καὶ
626 4478 749 4533 οὔτε
783 4480 861 4541 εἰς
891 4476 1095 4546 ταύτην
1129 4475 1394 4544 μετέστης
1423 4475 1519 4545 τήν
1552 4473 1731 4543 φύσιν,
1759 4471 1880 4526 οὔτε
1909 4474 1973 4541 ήν

310 4565 458 4637 εἶχες
490 4567 813 4635 διετήρησας
834 4605 846 4625 ,
883 4564 1017 4616 ἀλλὰ
1052 4562 1229 4624 κοινὸς
1267 4561 1529 4630 ἑκατέρας
1560 4560 1746 4626 ἐγένου
1779 4560 1973 4630 προδό-

308 4672 413 4723 της
433 4696 447 4718 ,
476 4655 565 4706 καὶ
597 4653 743 4722 παρά
784 4650 990 4720 ἀνδρῶν
1022 4652 1113 4703 καὶ
1141 4646 1414 4717 γυναικῶν
1452 4647 1600 4711 ἄξιος
1631 4646 1971 4711 ἐλαύνεσθαι,

313 4742 410 4795 καὶ
433 4739 850 4803 καταλεύεσθαι,
884 4740 977 4791 ἆτε
1013 4739 1271 4807 ἑκάτερον
1294 4734 1558 4804 ἀδικήσας
1581 4734 1642 4786 τὸ
1662 4735 1835 4801 γένος.
1866 4735 1976 4787 Καὶ

311 4831 403 4881 ἵνα
448 4828 624 4898 μάθῃς
668 4826 854 4897 ήλίκον
885 4824 1041 4877 τοῦτό
1074 4826 1240 4887 ἐστιν,
1292 4822 1345 4874 εἴ
1380 4838 1463 4884 τις
1497 4821 1667 4873 ἐλθὼν
1705 4820 1976 4890 ἐπηγγέλο

310 4917 438 4969 λετο
479 4915 535 4981 ἐξ
568 4912 870 4985 ἀνθρώπων
894 4911 1035 4965 κύνα
1075 4913 1246 4962 ποιεῖν
1286 4926 1366 4975 σε,
1404 4905 1510 4979 ἆρα
1540 4910 1639 4961 οὑκ
1684 4907 1750 4961 ἀν
1781 4907 1855 4970 ὡς
1886 4908 1977 4959 λυ-

314 5003 501 5073 μεῶνα
529 5001 761 5069 ἐφυγεςς
811 4998 949 5050 Ἀλλ’
979 4998 1087 5051 ἰδοὺ
1114 4998 1172 5050 οῦ
1202 4995 1339 5050 κύνα
1361 4995 1420 5059 ἐξ
1450 4995 1750 5067 ἀνθρώπων
1781 4995 1976 5049 σαυτὸν

309 5090 609 5158 ἐποίησας,
640 5087 775 5142 ἀλλὰ
803 5086 863 5139 16
886 5085 1076 5159 τούτου
1110 5085 1246 5148 ζῶον
1278 5084 1599 5153 ἀτιμότερον
1621 5099 1632 5113 ·
1668 5084 1843 5136 ἐκεῖνο
1878 5083 1976 5152 μέν

310 5178 423 5245 γάρ
474 5177 552 5237 εἰς
594 5175 788 5245 χρῆσιν
823 5173 1152 5243 ἐπιτήδειον,
1199 5173 1227 5224 6
1272 5171 1327 5223 δὲ
1376 5169 1691 5241 ήταιρηκὼς
1739 5170 1975 5239 οὐδαμοῦ

310 5264 601 5333 χρήσιμος.
634 5262 697 5314 Τί
728 5262 804 5325 δέ,
837 5260 957 5313 είπέ
1000 5276 1109 5329 μοι,
1146 5261 1305 5322 εἴτις
1334 5259 1547 5329 ἠπείλει
1578 5262 1749 5310 ποιεῖν
1774 5258 1977 5310 τίκτειν

310 5352 512 5420 ἄνδρας
540 5351 633 5402 καὶ
657 5348 994 5419 λοχεύεσθαι,
1014 5348 1113 5400 οὑκ
1134 5349 1198 5400 ἂν
1222 5347 1464 5416 ἐπλήσθη
1474 5363 1572 5414 μεν
1599 5345 1802 5415 θυμοῦ;
1837 5344 1975 5397 Ἀλλ’

312 5439 423 5491 I606
474 5436 570 5490 νῦν
618 5435 974 5511 χαλεπώτερα
1034 5436 1259 5496 ἑαυτοὺς
1313 5434 1745 5504 κατειργάσαντο
1801 5435 1850 5485 οἱ
1909 5436 1979 5487 τά

317 5524 537 5577 τοιαῦτα
578 5523 915 5585 λυττῶντες·
951 5523 1010 5575 ού
1061 5522 1170 5592 γάρ
1210 5523 1356 5573 ἐστιν
1390 5522 1502 5573 ἴσον
1544 5523 1621 5583 εἰς
1661 5520 1979 5588 γυναικείαν

316 5611 643 5681 μεταϐαλεῖν
664 5610 846 5679 φύσιν,
879 5612 972 5663 καὶ
1004 5612 1233 5680 μένοντα
1262 5610 1427 5679 ἄνδρα
1450 5609 1700 5676 γενέσθαι
1725 5611 1976 5677 γυναῖκα,

377 5804 583 5870 fﬁlius,
609 5806 688 5870 καί
713 5804 853 5852 τοῦτο
878 5807 1124 5870 ἐπέτρεψεν
1147 5809 1170 5854 ό
1197 5810 1374 5863 σοφώτ.
1445 5809 1467 5847 ί*
1487 5808 1642 5869 Alius,
1675 5808 1959 5870 παραιομίας

318 5869 339 5896 τ
370 5866 485 5922 Alii.
511 5867 772 5929 νομοθέται.
800 5870 890 5915 Καὶ
917 5866 1082 5929 διαί-τίς
1116 5872 1183 5915 Δι’
1212 5871 1358 5917 σύὀζν.

1486 274 1547 329 ΙΝ
1581 276 1796 332 EPIST.
1837 272 1927 327 AD
1958 270 2124 327 ROM.
2163 272 2397 331 HOMIL.
2439 277 2526 333 IV.

3618 282 3721 339 49.0

2069 387 2266 456 μᾶλλον
2299 389 2354 443 δέ
2396 392 2531 460 μήτε
2576 393 2733 447 τοῦτο
2774 396 2909 464 μήτε
2956 397 3150 453 ἐκεῖνο.
3195 399 3258 452 Ei
3299 400 3358 454 δέ
3406 400 3583 471 βούλει
3629 407 3722 459 καὶ

2066 476 2329 547 ἑτέρωθεν
2365 481 2557 549 μαθεῖν
2600 482 2692 534 τοῦ
2737 485 2908 537 κακοῦ
2951 486 3048 556 τὴν
3083 487 3405 559 ὑπερϐολήν,
3446 492 3722 561 ἐρώτησον

2065 566 2209 628 τίνος
2255 568 2438 621 ἕνεκεν
2487 570 2612 633 τοὺς
2650 571 2936 641 εὐνούχους
2981 575 3268 640 ποιοῦντας
3313 578 3633 643 κολάζουσιν
3670 586 3719 635 οἰ

2064 654 2369 724 νομοθέται,
2406 657 2499 710 καὶ
2536 658 2686 730 εἴσῃ,
2723 662 2803 713 ὃτι
2837 662 2905 713 δι’
2945 664 3096 715 οὐδὲν
3130 675 3151 701 α
3191 666 3374 736 ἕτερον
3410 654 3646 733 πάντως,
3684 672 3717 742 ἦ

2062 742 2143 794 ὅτι
2179 742 2277 813 τὴν
2306 743 2465 811 φύσιν
2504 746 2997 817 ἀκρωτηριάζουσι.
3031 752 3220 804 Καίτοι
3247 770 3306 820 γε
3333 756 3481 807 ούδὲν
3506 757 3719 810 ἀδικοῦν

2067 845 2151 880 σιν
2172 830 2364 883 ἐκεῖνοι
2400 830 2545 903 [458]
2580 833 2851 886 τοσοῦτονο
2889 835 3129 902 ἐγένοντο
3153 839 3260 909 γὰρ
3290 843 3337 893 οί
3369 842 3718 914 ἀκρωτηρια-

2068 915 2286 980 σθέντες
2313 916 2339 956 ἀ
2372 919 2463 971 καὶ
2494 918 2633 988 μετὰ
2663 922 2754 974 τὸν
2781 922 3239 994 ἀκρωτηριασμὸν
3296 928 3565 999 πολλαχοῦ
3591 932 3720 1001 19f.-

2067 1021 2213 1073 σιμοι
2231 1021 2245 1037 ο
2274 1004 2559 1076 ἀνθρώπου
2589 1005 2645 1059 δὲ
2668 1012 3110 1080 πεπορνευμένου
3138 1013 3290 1065 οὑδέν
3323 1015 3719 1088 ἀχρηστότερον

2062 1090 2256 1158 γένοιτ’
2301 1091 2399 1144 ἄν·
2434 1093 2495 1145 οὑ
2532 1092 2637 1164 γὰρ
2681 1096 2714 1165 ή
2757 1094 2901 1166 ψυχὴ
2951 1097 3132 1166 μόνον,
3173 1098 3310 1152 ἀλλά
3347 1102 3439 1154 καί
3475 1104 3534 1155 16
3562 1104 3719 1173 σῶμα

2063 1176 2156 1228 τοῦ
2187 1176 2255 1229 τά
2298 1177 2520 1231 τοιαῦτα
2556 1179 2815 1244 παθόντος
2853 1182 3046 1252 ἄτιμον
3088 1185 3183 1237 καὶ
3224 1185 3371 1252 ἄξιον
3405 1186 3719 1242 ἐλαύνεσθαι

2066 1265 2421 1334 πανταχόθεν.
2450 1267 2620 1320 Πόσαι
2658 1268 2873 1335 γέενναι
2919 1270 3127 1333 τούτοις
3160 1272 3518 1343 ἀρκέσουσιν;
3560 1276 3619 1327 Εἰ
3663 1276 3719 1328 δὲ

2063 1352 2285 1421 γεέννης
2323 1354 2629 1423 καταγελᾷς
2658 1356 2869 1409 ἀκούων
2899 1359 2993 1410 καὶ⁵
3024 1359 3292 1422 ἀπιστεῖς,
3322 1361 3496 1413 ἐκεῖνο
3528 1361 3587 1413 16
3610 1361 3721 1434 πῦρ

2062 1440 2435 1512 ἀναμνήσθητι
2458 1442 2563 1497 τῶν
2594 1444 2869 1513 Σοδόμωνο
2901 1445 3113 1517 εἴδομεν
3144 1448 3273 1518 γὰρ,
3303 1449 3515 1519 εἴδομεν
3546 1453 3635 1503 καὶ
3663 1453 3722 1503 ἐν

2064 1526 2139 1596 τῷ
2164 1527 2387 1597 παρόντι
2411 1528 2509 1597 βίῳ
2534 1529 2753 1599 γεέννης
2778 1531 2978 1585 εἰκόνα.
3016 1534 3232 1606 Ἐπειδὴ
3260 1536 3367 1605 γὰρ
3398 1537 3579 1589 πολλοί
3609 1542 3722 1602 τοῖς

2065 1616 2203 1683 μετὰ
2234 1615 2334 1685 τὴν
2365 1617 2660 1670 ἀνάστασιν
2690 1617 2911 1687 ἔμελλον
2940 1619 3241 1674 διαπιστεῖν
3260 1662 3273 1685 ,
3308 1623 3403 1676 νῦν
3434 1624 3722 1688 ἀκούοντες

2062 1700 2172 1771 πῦρ
2204 1703 2334 1755 ἀσϐε
2346 1721 2464 1755 στον
2490 1699 2649 1767 εἶναι,
2676 1704 2783 1756 ἀπὸ
2808 1705 2913 1757 τῶν
2941 1707 3221 1777 παρόντων
3254 1708 3449 1772 αὐτοὺς
3476 1711 3720 1780 ἐσωφρόο

2061 1805 2207 1840 νισεν
2238 1792 2265 1841 6
2293 1789 2441 1853 Θεός.
2476 1791 2726 1853 Τοιοῦτος
2748 1791 2876 1859 γοῦν
2905 1793 3052 1845 ἐστιν
3081 1796 3108 1845 6
3133 1794 3379 1864 Σοδόμων
3396 1797 3721 1866 ἐμπρησμὸς

2062 1877 2154 1928 καὶ
2181 1878 2213 1946 ή
2246 1876 2583 1949 πυρπόλησις
2617 1878 2819 1948 ἐκείνη⁶
2854 1879 2947 1932 καί¹
2986 1881 3160 1933 ἴσασιν
3190 1884 3236 1933 οί
3266 1882 3718 1953 παραγενόμενοι,

2061 1968 2155 2017 καὶ
2188 1968 2252 2035 τῇ
2291 1965 2390 2036 θέᾳ
2415 1965 2510 2035 τὴν
2547 1966 2759 2037 πληγὴν
2804 1966 3019 2035 ἐκείνην
3046 1967 3145 2037 τὴν
3185 1968 3442 2038 θεήλατον
3488 1972 3579 2022 καί¹
3613 1970 3722 2025 τῶν

2061 2051 2264 2105 ἄνωθεν
2312 2053 2594 2123 κεραυνῶν
2639 2054 2699 2107 τὸ
2740 2053 2899 2123 ἔργον
2942 2056 3159 2119 ἰδόντες.
3222 2057 3503 2126 Ἐννόησον
3537 2058 3721 2128 ήλίκον

2061 2142 2178 2193 ἐστὶ
2209 2140 2272 2192 τὸ
2311 2141 2633 2211 ἁμάρτημα,
2683 2142 2757 2203 ὡς
2797 2142 3087 2211 βιάσασθαι
3116 2143 3210 2196 καὶ
3247 2144 3350 2212 πρὸ
3394 2144 3584 2212 καιροῦ
3622 2145 3721 2215 τὴν

2060 2229 2283 2297 γέενναν
2314 2229 2565 2298 φανῆναι.
2621 2230 2839 2300 Ἐπειδὴ
2877 2228 2987 2299 γὰρ
3020 2229 3201 2281 πολλοί
3236 2230 3343 2283 τῶν
3381 2230 3552 2297 λόγων
3592 2248 3723 2283 κατ⁸

2060 2315 2354 2386 ἐφρόνουν,
2412 2315 2499 2368 διὰ
2533 2315 2641 2368 τῶν
2680 2316 2854 2385 ἔργων
2904 2316 3085 2379 αὐτοῖς
3134 2316 3233 2385 τὴν
3287 2317 3502 2385 ἐκείνης
3539 2318 3721 2370 είκόνα

2062 2403 2333 2467 ἐπέδειξεν
2360 2404 2387 2455 6
2414 2403 2546 2466 Θεὸς
2576 2403 2747 2473 καινῷ
2780 2420 2882 2455 τινι
2910 2404 3113 2473 τρόπῳ.
3143 2404 3253 2455 Καὶ
3281 2402 3388 2473 γάρ
3424 2404 3722 2473 παράδοξος

2058 2486 2126 2561 ἦν
2153 2493 2180 2543 6
2206 2491 2357 2554 ὑετὸς
2381 2492 2586 2555 ἐκεῖνος
2606 2531 2620 2552 ,
2660 2490 2845 2559 ἐπειδὴ
2869 2490 2963 2543 καὶ
2992 2491 3141 2561 παρά
3174 2492 3334 2559 φύσιν
3368 2494 3399 2562 ἡ
3434 2491 3597 2561 μίξις·
3630 2495 3723 2546 καὶ

2061 2579 2360 2632 κατέκλυσε
2398 2578 2495 2649 τὴν
2535 2580 2671 2649 γῆν,
2708 2578 2896 2648 ἐπειδὴ
2928 2578 3021 2630 καὶ
3065 2578 3164 2640 τὰς
3202 2578 3423 2631 ἐκείνων
3470 2579 3648 2648 ψυχὰς
3688 2583 3722 2651 ή

2062 2666 2345 2737 ἐπιθυμία.
2376 2667 2467 2720 Διὸ
2491 2668 2584 2720 καὶ
2615 2666 2937 2729 ἀπεναντίας
2965 2662 3032 2736 ἦν
3059 2667 3087 2718 6
3114 2667 3264 2731 ὑετὸς
3291 2665 3367 2736 τῷ
3398 2666 3637 2737 συνήθει·
3662 2668 3723 2719 ού

2060 2753 2171 2824 γάρ
2200 2765 2222 2792 ο
2253 2754 2412 2825 μόνον
2442 2755 2502 2807 οὑ
2536 2755 2773 2825 διήγειρε
2794 2752 2893 2825 τὴν
2928 2753 3171 2823 γαστέρα
3204 2753 3306 2823 τῆς
3328 2754 3430 2822 γῆς
3462 2755 3595 2824 πρὸς
3626 2754 3725 2823 τήν

2059 2841 2169 2894 τῶν
2196 2841 2423 2911 καρπῶν
2452 2841 2682 2908 γένεσιν,
2706 2840 2842 2893 ἀλλὰ
2869 2841 2963 2892 καὶ
2990 2841 3123 2910 πρὸς
3144 2840 3244 2910 τὴν
3266 2839 3531 2909 ὑποδοχὴν
3554 2840 3725 2911 αὐτὴν

2060 2928 2170 2982 τῶν
2193 2928 2523 2998 σπερμάτων
2540 2928 2812 2997 ἄχρηστον
2835 2927 3028 2981 ἐποίει.
3053 2927 3287 2997 Τοιαύτη
3312 2926 3419 2996 γὰρ
3436 2923 3501 2997 ἦν
3523 2929 3554 2996 ή
3580 2927 3724 2996 μίξις

2061 3016 2169 3069 τῶν
2188 3016 2397 3086 ἀνδρῶν
2414 3015 2512 3084 τῆς
2534 3015 2636 3084 γῆς
2657 3014 2924 3084 Σοδόμων,
2951 3014 3009 3066 16
3030 3013 3268 3067 τοιοῦτον
3293 3013 3449 3083 σῶμα
3466 3014 3726 3083 ἀχρηστόο

2060 3121 2218 3175 τερον
2256 3103 2647 3171 ἀποφαίνουσα.
2676 3102 2740 3154 Τί
2769 3100 2874 3172 γὰρ
2914 3101 3107 3173 ἀνδρὸς
3146 3099 3586 3171 πεπορνευμένου
3623 3117 3725 3169 μυ-

2064 3192 2407 3263 σαρώτερον;
2448 3192 2500 3243 τί
2532 3192 2589 3244 δὲ
2627 3191 3017 3262 ἐναγέστερον;
3059 3191 3123 3243 Ὢ
3156 3190 3254 3259 τῆς
3290 3190 3508 3260 μανίαςί
3543 3188 3586 3241 ὦ
3628 3188 3727 3258 τῆς

2063 3277 2447 3350 παραπληξίας
2470 3278 2484 3332 ἰ
2523 3276 2685 3330 πόθεν
2712 3276 3086 3347 είσεκώμασεν
3108 3278 3141 3347 ή
3182 3275 3446 3345 ἐπιθυμία
3470 3274 3633 3343 αῦτη,
3658 3275 3727 3327 τὰ

2061 3368 2171 3421 τῶν
2197 3367 2471 3437 πολεμίων
2495 3366 2794 3420 διατιθεῖσα
2820 3365 2917 3433 τὴν
2941 3364 3285 3435 ἀνθρωπίνην
3310 3363 3487 3433 φύσιν,
3525 3362 3725 3432 μᾶλλον

2062 3454 2119 3506 δέ
2166 3454 2261 3506 καὶ
2312 3452 2537 3506 ἐκείνων
2583 3452 2958 3523 χαλεπωτέρα,
3000 3452 3109 3521 ὅσῳ
3160 3450 3255 3504 καὶ
3294 3449 3437 3519 ψυχὴ
3477 3448 3728 3518 σώματος

2064 3539 2337 3608 ἀμείνωνς
2369 3533 2441 3589 Ὠ
2469 3539 2562 3592 καὶ
2589 3538 2799 3605 ἀλόγων
2832 3538 2990 3607 ὑμεῖς
3014 3536 3384 3605 ἀνοητότεροι,
3420 3536 3512 3588 καὶ
3546 3535 3728 3587 κυνῶν

2065 3627 2463 3697 ἀναιδέστεροιί
2492 3626 2743 3696 Οὐδαμοῦ
2756 3625 2865 3696 γὰρ
2894 3623 3117 3693 τοιαύτη
3147 3623 3293 3693 μίξις
3322 3624 3451 3692 παρ’
3475 3622 3725 3687 ἐκείνοις,

2063 3714 2177 3767 ἀλλ’
2222 3712 2573 3781 ἐπιγινώσκει
2610 3715 2737 3777 τοὺς
2774 3713 2936 3775 ίδίους
2973 3712 3128 3781 ὅρους
3169 3711 3201 3780 η
3243 3708 3433 3779 φύσις·
3477 3709 3633 3777 ὑμεῖς
3670 3708 3728 3760 δὲ

2066 3804 2160 3854 καὶ
2210 3800 2318 3853 τῶν
2368 3800 2577 3867 ἀλόγων
2632 3799 2954 3869 ἀτιμότερον
2996 3800 3056 3850 τὸ
3102 3797 3257 3864 γένος
3291 3796 3619 3867 εἰργάσασθε
3666 3795 3728 3847 16

2066 3888 2329 3957 ὑμέτερον
2383 3885 2823 3954 καθυϐρίζοντες.
2877 3884 3047 3937 Πόθεν
3078 3880 3169 3937 οὖν
3211 3883 3385 3936 ταῦτα
3436 3882 3627 3951 ἐτέχθη
3658 3881 3728 3934 τά

2069 3969 2248 4033 κακὰς
2282 3968 2416 4021 Ἀπὸ
2444 3968 2673 4038 τρυφῆς,
2700 3967 2805 4019 ἀπὸ
2832 3966 2925 4018 τοῦ
2956 3968 3030 4036 μὴ
3053 3965 3247 4019 εἰδέναι
3271 3966 3401 4017 Θεόν
3425 3980 3438 3992 ⁸
3468 3966 3595 4018 ὅταν
3618 3964 3727 4032 γὰρ

2069 4057 2339 4111 ἐκϐάλωσί
2369 4072 2511 4119 τινες
2547 4054 2709 4108 αὑτοῦ
2744 4054 2834 4106 τὸν
2880 4053 3064 4121 φόϐον,
3100 4052 3277 4106 πάντα
3305 4051 3509 4121 οἴχεται
3543 4050 3726 4103 λοιπὸν

2064 4145 2135 4199 τὰ
2159 4144 2317 4199 καλά.

2136 4303 2198 4355 δ’.
2225 4302 2323 4355 ’Ὶν⁹
2354 4295 2445 4354 οὖν
2493 4299 2567 4371 μὴ
2595 4297 2752 4352 τοῦτο
2789 4297 3034 4369 γένηται,
3063 4295 3274 4367 ἔχωμεν
3305 4294 3409 4365 πρὸ
3437 4294 3728 4363 ὀφθαλμῶν

2068 4391 2268 4461 ἀκριϐῆ
2304 4390 2393 4443 τὸν
2438 4390 2530 4443 τοῦ
2561 4388 2698 4442 Θεοῦ
2742 4388 2925 4457 φόϐον.
2970 4386 3135 4440 Οὐδὲν
3181 4386 3310 4457 γάρ,
3358 4385 3512 4438 οὐδὲν
3555 4384 3729 4445 οὕτως

2068 4478 2361 4531 ἀπόλλυσιν
2397 4477 2717 4546 ἄνθρωπον,
2750 4476 2826 4538 ὡς
2859 4476 2919 4528 16
2959 4476 3160 4543 ταύτης
3203 4474 3452 4527 ἐκπεσεῖν
3496 4472 3595 4541 τῆς
3632 4474 3731 4539 d7-

2070 4566 2243 4637 κύρας
2261 4581 2274 4594 ·
2301 4565 2488 4636 ῶσπερ
2513 4564 2665 4617 οὐδὲν
2695 4562 2876 4627 σώζει,
2902 4563 2976 4625 ὡς
2996 4563 3054 4614 τὸ
3074 4562 3335 4632 διηνεκῶς
3354 4562 3469 4613 ἐκεῖ
3491 4560 3727 4629 βλέπειν.

2071 4654 2132 4705 Εἰ
2166 4653 2273 4723 γὰρ
2300 4652 2584 4722 ἄνθρωπον
2615 4651 2830 4720 ἔχοντες
2875 4650 2979 4720 πρὸ
3022 4648 3314 4719 ὀφθαλμῶν
3336 4688 3349 4711 ,
3380 4648 3729 4717 όκνηρότεροι

2070 4740 2332 4809 γινόμεθα
2360 4740 2487 4808 περὶ
2516 4738 2582 4791 τα
2612 4738 3002 4807 ἁμαρτήματα,
3028 4736 3283 4796 πολλάκις
3313 4734 3368 4786 δὲ
3394 4734 3486 4786 καὶ
3515 4732 3731 4792 οἰκέτας

2073 4827 2492 4898 ἐρυθριάσαντες
2515 4824 2971 4893 ἐπιεικεστέρους,
2996 4823 3147 4875 οὑδέν
3171 4822 3481 4890 πράττομεν
3510 4821 3724 4877 ἄτοπον.

2072 4914 2323 4983 ἐννόησον
2355 4913 2526 4981 πόσης
2558 4909 2937 4978 ἀπολαύσομεν
2968 4908 3268 4975 ἀσφαλείας
3287 4945 3302 4968 ,
3334 4906 3425 4958 16v
3464 4905 3595 4957 Θεὸν
3626 4904 3730 4973 πρὸ

2072 4999 2362 5069 ὀφθαλμῶν
2395 4998 2627 5068 ἔχοντες.
2667 4994 2917 5066 Ούδαμοῦ
2946 4995 3054 5063 γάρ
3081 4996 3109 5045 6
3136 4992 3378 5054 διάϐολος
3419 4993 3550 5060 ήμῖν
3588 4990 3730 5044 οὕτω

2072 5086 2433 5156 διακειμένοις
2479 5084 2830 5153 ἐπιθήσεται,
2877 5082 2970 5134 ἆτε
3021 5081 3253 5148 ἀνόνητα
3304 5078 3512 5131 πονῶν·
3555 5078 3622 5131 ἂν
3673 5078 3730 5131 δέ

2076 5174 2459 5243 πλανωμένους
2495 5170 2629 5235 ἔξω,
2673 5170 2766 5222 καὶ
2803 5167 2971 5237 χωρὶς
3012 5166 3227 5238 χαλινοῦ
3273 5166 3580 5235 περιιόντας
3623 5166 3725 5237 ἴδη,

2075 5264 2202 5332 παρ’
2241 5260 2399 5330 ήμῶν
2434 5257 2612 5311 λαϐὼν
2649 5257 2748 5327 τὴν
2790 5255 2985 5326 ἀρχὴν,
3035 5252 3185 5327 [459]
3225 5252 3499 5323 πανταχοῦ
3546 5253 3732 5307 λοιπὸν

2076 5352 2221 5421 ἡμᾶς
2254 5346 2687 5415 ἀποϐουκολῆσαι
2727 5345 3036 5414 δυνήσεται.
3084 5344 3193 5395 Καὶ
3234 5342 3370 5413 ὅπερ
3408 5342 3457 5394 οἱ
3500 5341 3733 5412 ρᾁυμοι

2074 5439 2181 5491 τῶν
2204 5434 2429 5489 οἰκετῶν
2459 5434 2757 5503 πάσχουσιν
2789 5431 2874 5485 ἐπ’
2902 5432 3128 5501 ἀγορᾶς,
3168 5430 3266 5492 τὰς
3305 5430 3401 5499 μέν
3431 5427 3733 5496 ἀναγκαίας

2076 5524 2303 5592 ἀφέντες
2324 5519 2618 5582 διακονίας,
2646 5519 2729 5588 ἐφ’
2758 5519 2822 5581 ἆς
2856 5520 2990 5570 εἰσιν
3023 5516 3419 5587 ἀπεσταλμένοι
3448 5516 3597 5586 παρά
3624 5514 3731 5567 τῶν

2075 5610 2372 5673 (Ἱπποτῶν,
2397 5607 2578 5670 ἁπλῶς
2601 5607 2658 5659 δὲ
2691 5606 2783 5658 καὶ
2808 5605 2926 5674 εἰκῆ
2958 5606 3069 5666 τοῖς
3092 5604 3531 5675 παρεμπίπτουσι
3567 5616 3729 5670 προσ-

2141 5804 2166 5844 δ
2192 5806 2290 5859 ΑΙ..
2312 5802 2668 5865 ἀποτμηθέντες.
2753 5799 2770 5819 ⁸
2803 5796 2970 5851 Alius,
3006 5797 3142 5865 6:16;
3171 5802 3249 5851 τῆς
3306 5792 3524 5846 συνήθους
3569 5792 3723 5851 φορᾶς.

2091 5868 2159 5916 Οὐ
2182 5858 2287 5928 γάρ.
2329 5858 2447 5924 ρυίέ
2474 5866 2621 5915 lectio
2647 5874 2744 5911 non
2770 5858 3064 5922 spernenda.
