4048 6216
301 226 402 282 421

295 335 606 408 ηλούμενοι,
635 330 728 384 καὶ
769 329 869 399 τὴν
906 326 1100 398 σχολὴν
1128 329 1244 379 ἐκεῖ
1271 325 1776 389 καταναλίσκοντες,
1802 323 1956 377 τοῦτο

297 422 392 476 καὶ
422 423 584 491 ἡμεῖς
613 418 977 486 ὑπομένομεν,
1006 415 1135 468 ὅταν
1161 412 1488 483 ἀποστῶμεν
1513 413 1618 465 τῶν
1652 412 1959 480 ἐπιταγμά-

294 524 407 562 των
449 506 544 560 τοῦ
587 503 741 557 Θεοῦ.
803 502 1141 570 Ἐστήκαμεν
1180 499 1290 570 γάρ
1331 498 1515 552 λοιπὸν
1564 497 1790 550 πλοῦτον
1829 497 1959 550 θαυ-

299 593 582 664 μάζοντες,
617 589 712 642 καὶ
755 587 949 650 κάλλος
991 586 1267 656 σώματος,
1302 585 1398 638 καὶ
1423 584 1490 637 τὰ
1529 584 1662 637 ἄλλα
1689 583 1758 636 τά
1796 583 1960 653 μηδὲν

297 680 436 751 πρὸς
464 679 630 748 ἡμᾶς,
663 676 852 745 ὥσπερ
881 675 1078 727 ἐκεῖνοι
1111 675 1159 726 οἱ
1195 672 1405 725 οἰκέται
1443 671 1549 723 τῶν
1584 670 1821 723 ἐπαιτῶν
1849 670 1962 729 τοῖς

296 761 758 835 θαυματοποιοῦσι
810 757 1203 832 προσέχουσιν,
1255 753 1374 811 εἶτα
1425 756 1669 818 ἐλθόντες
1703 755 1961 826 βραδέως,

296 852 433 904 οἴκοι
454 849 551 912 τὰς
577 847 808 918 ἐσχάτας
836 846 1167 916 ὑπομένουσι
1192 843 1426 914 πληγάς.
1453 841 1643 894 Πολλοὶ⁸
1662 841 1717 893 δέ
1747 842 1840 894 καὶ
1865 841 1963 911 τὴν

296 937 413 990 ὁδὸν
441 936 540 1007 τὴν
569 933 934 1005 προκειμένην
964 931 1264 1002 παρῆλθον,
1299 930 1506 1000 ἑτέροις
1536 928 1760 982 τοιαῦτα
1791 929 1964 996 ἀσχη-

300 1021 552 1093 μονοῦσιν
573 1018 1007 1081 ἀκολουθοῦντες.
1043 1016 1202 1069 Ἀλλά
1227 1015 1302 1086 μὴ
1329 1016 1490 1085 ἡμεῖς
1512 1013 1670 1066 τοῦτο
1696 1012 1962 1082 ποιῶμεν⁹

299 1109 393 1162 καλ⁸
419 1108 528 1179 7&9
554 1105 944 1176 ἀπεστάλμεθα
967 1104 1161 1158 ἀνύσαι
1183 1102 1351 1156 πολλά
1370 1101 1477 1154 τῶν
1501 1101 1963 1169 κατεπειγόντων,

299 1196 404 1250 κάν
432 1194 661 1263 ἀφέντες
689 1194 871 1246 ἐκεῖνα
903 1191 1116 1261 στῶμεν
1151 1189 1440 1260 κεχηνότες
1465 1187 1600 1259 πρὸς
1629 1188 1699 1242 τά
1730 1187 1966 1256 ἀνόνητα

298 1281 490 1346 ταῦτα,
528 1279 894 1342 ἀναλωθέντος
922 1280 1050 1349 ἡμῖν
1083 1276 1176 1330 τοῦ
1231 1275 1423 1346 καιροῦ
1475 1274 1674 1337 παντὸς
1712 1274 1832 1344 είκῆ
1872 1273 1967 1327 καὶ

303 1367 501 1438 μάτην,
533 1367 633 1438 τὴν
663 1367 898 1436 ἐσχάτην
919 1364 1161 1434 δώσομεν
1183 1363 1360 1434 δίκην.
1390 1364 1452 1415 Εί
1473 1361 1582 1432 γὰρ
1605 1362 1698 1415 καὶ
1719 1360 1965 1430 ἀσχολεῖν

301 1455 479 1526 βούλει
509 1453 704 1508 σαυτὸν
723 1491 738 1516 ,
769 1452 912 1523 ἐχεις
945 1451 980 1506 ἃ
1011 1451 1312 1521 θαυμάζειν
1344 1449 1610 1518 ὀφείλεις,
1646 1448 1740 1500 καὶ
1769 1447 1897 1518 περὶ
1930 1446 1970 1501 ὃ.

301 1540 589 1611 κεχηνέναι
611 1539 788 1593 πάντα
805 1539 897 1592 τὸν
917 1539 1126 1609 χρόνονο
1146 1539 1289 1608 άπερ
1305 1537 1365 1589 οὑ
1389 1536 1623 1606 γέλωτάς
1646 1537 1792 1589 ἐστιν
1815 1535 1961 1600 ἀξια,

301 1628 436 1681 ἀλλά
461 1626 733 1698 θαύματος
769 1627 865 1680 κα)⁸
889 1626 1126 1679 ἐπαίνων
1161 1624 1390 1687 πολλῶν,
1412 1624 1486 1687 ὡς
1512 1625 1540 1677 ὅ
1569 1639 1631 1692 γε
1680 1622 1749 1674 τά
1793 1638 1959 1675 κατα-

299 1713 540 1782 γέλαστα
571 1713 883 1782 θαυμάζων,
913 1713 1008 1765 καὶ
1034 1710 1194 1774 αὐτὸς
1221 1710 1370 1763 ἐσται
1400 1709 1641 1771 τοιοῦτος
1661 1719 1704 1771 ⁸,
1751 1707 1844 1761 καὶ
1876 1705 1968 1760 τοῦ

299 1801 388 1872 γε)
399 1799 787 1863 ωτοποιοῦντος
811 1801 1031 1870 χείρων’
1051 1799 1187 1868 ὅπερ
1205 1799 1291 1850 ἴνα
1317 1797 1392 1868 μὴ
1405 1797 1602 1867 πάθῃς,
1619 1795 1969 1866 ἀποπήδησον

304 1885 540 1957 ταχέως.

370 1973 437 2026 Τί
482 1972 591 2044 γάρ
638 1973 734 2027 καὶ
781 1973 1036 2044 ἕστηκας,
1080 1972 1197 2026 εἰπέ
1251 1988 1378 2042 μοι,
1415 1971 1549 2042 πρὸς
1600 1970 1690 2025 τὸν
1741 1969 1970 2024 πλοῦτον

300 2058 548 2130 κεχηνὼς
591 2060 683 2112 καὶ
730 2060 1208 2134 ἀνεπτερωμένος;
1247 2059 1300 2111 τί
1339 2057 1651 2127 θαυμαστὸν
1701 2059 1831 2128 ὁρᾷς
1873 2057 1968 2110 καὶ

301 2143 484 2195 ἱκανόν
519 2159 613 2195 σου
640 2143 767 2205 τοὺς
797 2142 1108 2212 ὀφθαλμοὺς
1140 2143 1469 2211 κατασχεῖν;
1519 2142 1646 2202 τοὺς
1692 2156 1966 2210 χρυσοφοο

300 2228 529 2299 ροῦντας
552 2229 770 2294 ἵππους,
813 2231 907 2283 καὶ
950 2231 1077 2293 τοὺς
1109 2229 1326 2293 οίκέτας
1354 2231 1480 2294 τοὺς
1515 2229 1610 2299 μὲν
1637 2227 1962 2298 βαρϐάρους,

296 2313 424 2380 τοὺς
473 2315 530 2369 δὲ
581 2317 902 2388 εὐνούχους,
937 2316 1030 2370 καὶ
1065 2316 1133 2370 τά
1179 2316 1369 2387 ίμάτια
1418 2317 1487 2369 τά
1531 2314 1797 2383 πολυτελῆ
1823 2353 1837 2376 ,
1871 2313 1966 2366 καὶ

297 2402 398 2470 τὴν
449 2403 1037 2473 καταμαλακιζομένην
1093 2404 1151 2456 ἐν
1199 2403 1408 2467 τούτοις
1454 2403 1670 2472 ψυχὴν,
1729 2401 1822 2455 καὶ
1864 2401 1965 2471 τὴν

298 2487 717 2559 ἀνεσπασμένην
768 2491 938 2560 ὀφρὺν
964 2530 979 2554 ,
1025 2490 1250 2552 καὶτὰς
1293 2489 1662 2558 περιδρομὰς,
1699 2488 1793 2541 καὶ
1839 2487 1963 2549 τοὺς

298 2578 596 2650 θορύϐους;
661 2581 771 2633 Καὶ
832 2581 935 2635 ποῦ
1007 2580 1179 2636 ταῦτα
1235 2582 1361 2647 ἄξια
1425 2581 1729 2652 θαύματος;
1795 2581 1847 2634 τί
1905 2581 1963 2634 δέ

359 2783 377 2807 ⁸
405 2785 628 2851 ρυίἀδω,
651 2790 784 2840 ἔσται
815 2791 1042 2848 πολλάκις
1063 2790 1292 2848 τοιοῦτος.

1040 210 1098 268 S.
1137 210 1422 267 JOANNIS
1468 207 1961 266 CllRYSOSTUMI
2012 209 2332 264 ARCIIIEP.
2378 204 2918 264 CONSTANTINOP.

3616 207 3728 264 023

2059 316 2204 377 οῦτοι
2245 323 2355 378 τῶν
2394 323 2631 377 ἐπαιτῶν
2673 322 2986 390 διεστήκασι
3041 320 3148 374 τῶν
3191 321 3576 393 ὀρχουμένων,
3633 325 3730 378 καὶ

2062 413 2389 481 συριζόντων
2424 411 2515 464 ἐπὶ
2547 411 2642 480 τῆς
2673 411 2910 479 ἀγορᾶς;
2956 407 3067 460 Καὶ
3111 407 3218 479 γάρ
3256 410 3349 462 καὶ
3398 402 3550 463 οῦτοι
3599 412 3731 465 πολ-

2059 495 2136 565 λῷ
2192 496 2268 566 τῷ
2325 495 2467 566 λιμῷ
2534 497 2630 566 τῆς
2691 495 2896 563 ἀρετῆς
2962 494 3354 565 κατεχόμενοι,
3405 495 3731 567 χορεύουσιν

2062 581 2284 634 ἐκείνων
2359 581 2578 650 χορείαν
2647 578 3221 649 καταγελαστοτέραν,
3297 580 3559 650 ἀγόμενοι
3631 585 3730 636 καὶ

2063 668 2470 739 περιαγόμενοι,
2505 666 2599 719 νῦν
2631 667 2727 737 μὲν
2760 667 2842 728 είς
2872 665 3155 736 τραπέζας
3185 665 3513 730 πολυτελεῖς,
3548 667 3644 721 νῦν
3672 668 3730 722 δὲ

2063 756 2142 817 εἰς
2197 753 2623 825 ἐταιριζομένων
2673 752 2949 819 γυναικῶν
2995 750 3358 819 καταγώγιον,
3403 753 3496 804 νῦν
3539 754 3594 806 δέ
3647 755 3731 818 εἰς

2064 839 2307 893 κολάκων
2330 838 2530 908 ἐσμοὺς
2566 838 2595 877 δ
2630 837 2726 890 καὶ
2749 836 3068 908 παρασίτων
3099 836 3318 906 πλῆθος.
3359 839 3419 890 Εἰ
3447 837 3504 890 δέ
3531 855 3731 909 χρυσο-

2065 925 2308 997 φοροῦσι,
2336 925 2424 977 διά
2461 923 2618 977 τοῦτο
2647 924 2887 992 μάλιστα
2915 923 3160 986 ἐλεεινοὶ,
3184 924 3264 976 ὅτι
3289 924 3357 976 τά
3384 924 3552 995 μηδὲν
3590 927 3730 996 πρὸς

2064 1018 2259 1080 αὐτοὺς
2299 1013 2742 1086 περισπούδαστα
2770 1015 2955 1076 αὐτοῖς
2987 1013 3187 1082 μᾶλλόν
3215 1015 3340 1066 εἰσι.
3361 1010 3471 1084 ’Μὴ
3498 1014 3606 1084 γάρ
3637 1031 3728 1084 μοι

2065 1103 2134 1156 τά
2166 1103 2356 1173 ίμάτια
2385 1101 2523 1173 ἴδῃς,
2555 1101 2692 1154 ἀλλά
2718 1099 3062 1168 ἀνακάλυψον
3085 1099 3266 1152 αὐτῶν
3287 1099 3384 1170 τὴν
3403 1100 3604 1170 ψυχὴν,
3636 1103 3731 1154 καὶ

2068 1190 2341 1259 σκόπησον
2379 1192 2427 1243 εί
2468 1189 2544 1260 μὴ
2577 1187 2787 1259 μυρίων
2829 1186 2990 1256 γέμει
3038 1186 3400 1257 τραυμάτων,
3432 1187 3529 1239 καὶ
3562 1188 3731 1255 ῥάκια

2068 1276 2477 1347 περιϐέϐληται,
2506 1275 2601 1328 καὶ
2631 1274 2777 1328 ἐστιν
2811 1274 3015 1344 ἔρημος
3046 1273 3141 1326 καὶ
3172 1273 3627 1341 ἀπροστάτευτος.
3663 1277 3732 1328 Τί

2066 1361 2158 1418 οὖν
2199 1364 2390 1433 ὄφελος
2429 1364 2528 1432 τῆς
2563 1361 2669 1427 ἐξω
2711 1362 2944 1431 μανίαςς
2986 1361 3094 1413 Καὶ
3138 1361 3248 1430 γάρ
3296 1361 3476 1431 πολλῷ
3523 1361 3731 1431 βέλτιον

2069 1452 2276 1510 πένητα
2323 1447 2464 1504 εἶναι
2504 1451 2562 1503 ἐν
2609 1448 2778 1520 ἀρετῇ
2829 1447 3027 1511 ζῶντα,
3063 1448 3096 1519 ἢ
3147 1448 3370 1518 βασιλέα
3420 1449 3546 1502 ὅντα
3591 1450 3733 1520 μετά

2069 1535 2350 1607 πονηρίας.
2386 1537 2444 1588 ’0
2472 1535 2571 1606 μέν
2596 1535 2703 1605 7&9
2728 1534 2896 1604 πένης
2921 1534 3049 1604 παρ’
3075 1534 3251 1603 ἐαυτῷ
3272 1535 3530 1588 ἀπολαύει
3551 1536 3733 1605 πάσης

2067 1624 2166 1693 τῆς
2193 1622 2334 1676 κατά
2354 1620 2530 1692 ψυχὴν
2559 1620 2792 1692 τρυφῆς,
2819 1619 2914 1672 καὶ
2934 1621 3053 1673 ούδέ
3073 1621 3173 1690 τῆς
3199 1620 3396 1686 ἔξωθεν
3418 1621 3732 1676 αἰσθάνεται

2069 1709 2258 1772 πενίας
2293 1709 2382 1762 διὰ
2407 1710 2496 1762 τὸν
2527 1707 2673 1760 ἔνδον
2705 1706 2934 1760 πλοῦτον
2956 1722 2968 1735 °
3001 1707 3030 1760 0
3057 1707 3113 1761 δὲ
3141 1707 3392 1777 βασιλεὺς
3422 1708 3644 1780 τρυφῶν
3674 1710 3736 1761 ἐν

2067 1799 2179 1859 τοῖς
2234 1796 2384 1849 οὐδὲν
2432 1795 2580 1865 αὐτῷ
2611 1795 3014 1867 προσήκουσιν,
3062 1795 3120 1846 ἐν
3161 1797 3273 1858 τοῖς
3323 1795 3557 1865 μάλιστα
3585 1796 3738 1864 αὐτῷ

2067 1882 2724 1954 διαφέρουσικολάξεται,
2767 1884 2826 1934 ἐν
2860 1882 3006 1951 ψυχῇ
3045 1882 3139 1935 καὶ
3181 1881 3460 1952 λογισμοῖς
3512 1884 3610 1938 καὶ
3655 1882 3738 1952 τῷ

2069 1973 2328 2026 συνειδότι
2362 1983 2410 2036 ο,
2439 1976 2554 2036 τοῖς
2583 1973 2700 2025 ἐκεῖ
2729 1971 3196 2041 συναποδημοῦσιν
3235 1970 3398 2042 αὐτῷ.
3438 1971 3603 2025 Ταῦτ’
3643 1968 3742 2024 οὖν

2067 2061 2290 2127 εἰδότες,
2312 2059 2381 2114 τά
2409 2060 2509 2130 μὲν
2537 2059 2726 2130 ἱμάτια
2749 2058 3079 2128 ἀποθώμεθα
3100 2058 3170 2111 τὰ
3190 2060 3388 2129 χρυσᾶ,
3415 2057 3741 2128 ἀνελώμεθα

2065 2149 2123 2202 δέ
2152 2147 2354 2219 ἀρετὴν
2387 2146 2482 2200 καὶ
2509 2146 2609 2218 τὴν
2643 2148 2706 2200 ἐκ
2744 2145 2946 2217 ταύτης
2966 2146 3177 2216 ἡδονήν.
3212 2145 3368 2197 υῦτω
3394 2145 3502 2214 γάρ
3529 2146 3622 2196 καὶ
3651 2147 3738 2196 ἐν-

2066 2236 2239 2289 ταῦθα
2275 2235 2369 2286 καὶ
2413 2236 2529 2287 ἐκεῖ
2575 2233 2778 2300 πολλῆς
2809 2232 3188 2301 ἀπολαύσομεν
3231 2233 3330 2301 τῆς
3358 2231 3601 2302 τρυφῆς,
3644 2231 3742 2284 καὶ

2064 2324 2172 2376 τῶν
2220 2321 2642 2393 ἐπηγγελμένων
2683 2320 3028 2390 ἐπιτύχωμεν
3070 2317 3220 2390 [060]
3253 2319 3511 2385 ἀγαθῶν,
3553 2317 3746 2388 χάριτι

2065 2412 2161 2464 καὶ
2192 2408 2575 2479 φιλανθρωπίᾳ
2596 2407 2691 2460 τοῦ
2713 2407 2919 2478 Κυρίου
2945 2406 3100 2476 ἡμῶν
3132 2405 3304 2474 Ἰησοῦ
3331 2403 3590 2475 Χριστοῦ,
3620 2405 3744 2474 μεθ’

2063 2489 2124 2550 οῦ
2154 2496 2230 2566 τῷ
2260 2497 2436 2566 Πατρὶ
2467 2496 2561 2548 καὶ
2585 2494 2664 2566 τῷ
2693 2495 2834 2565 άγίῳ
2864 2493 3140 2564 Πνεύματι
3163 2493 3310 2558 δόξα,
3340 2492 3473 2563 τιμὴ
3495 2532 3511 2554 ,
3536 2492 3746 2562 κράτος

2063 2584 2158 2639 νῦν
2189 2583 2284 2637 καὶ
2309 2583 2394 2636 ἀεὶ
2425 2583 2520 2636 καὶ
2549 2585 2626 2646 εἰς
2659 2584 2784 2646 τοὺς
2815 2582 3018 2645 αἰῶνας
3047 2581 3155 2634 τῶν
3184 2581 3418 2635 αἰώνων.
3466 2580 3666 2651 Ἀμήν.

2107 2729 2156 2841 ἐξ
2173 2732 2274 2793 AL,
2294 2731 2517 2780 κολάκων
2540 2732 2705 2794 δῆμον.
2772 2735 2794 2763 °
2819 2729 2938 2792 Alii,
2959 2731 3006 2780 έν
3029 2734 3086 2792 τῇ
3111 2733 3238 2794 ψυχῇ
3267 2727 3414 2778 αὐτοῦ
3435 2729 3517 2777 καὶ
3543 2729 3614 2791 τῷ
3631 2743 3746 2776 συν-

2135 2809 2227 2841 οτι.

2063 2808 2207 2841 ειοοτι
2214 2826 2227 2838 .

1903 3059 2145 3112 ΟΜῙΛῙΑ
2183 3060 2258 3116 Ε’.

299 3175 506 3241 Καθὼς
529 3177 640 3230 οὐκ
665 3175 1038 3244 ἐδοκίμασαν
1079 3175 1188 3228 τὸν
1241 3175 1392 3227 Θεὸν
1423 3175 1588 3243 ἔχειν
1627 3175 1695 3228 ἐν
1721 3175 1970 3243 ἐπιγνώ-

368 3262 484 3308 σει,
511 3245 853 3313 παρέδωκεν
880 3247 911 3298 ό
939 3247 1085 3310 Θεὸς
1116 3245 1341 3310 αὐτοὺς
1376 3247 1462 3310 είς
1489 3245 1778 3313 ἀδόκιμον
1795 3246 1968 3311 νοῦν,

369 3315 565 3369 ποιεῖν
591 3315 663 3368 τὰ
679 3316 765 3383 μὴ
797 3313 1162 3380 καθήκοντα.

372 3425 442 3472 α’.
471 3419 590 3471 Ἵνα
629 3417 704 3488 μὴ
735 3417 862 3490 δόξῃ
895 3418 1092 3480 αὐτοὺς
1121 3417 1470 3483 αἰνίττεσθαι,
1501 3417 1592 3470 ἐπὶ
1613 3417 1745 3472 πολὺ
1767 3417 1844 3488 τῷ
1873 3419 1973 3489 τῆς

304 3505 698 3575 παιδεραστίας
738 3504 1087 3574 ἐνδιατρίϐων
1152 3503 1336 3574 λόγῳ,
1386 3503 1586 3574 μετέϐη
1641 3504 1823 3558 λοιπὸν
1874 3506 1972 3574 ἐφ’

302 3597 468 3668 ἐτερα
495 3596 611 3665 εῐδη
648 3595 1060 3665 ἁμαρτημάτων
1089 3611 1102 3622 ·
1129 3594 1209 3648 διὸ
1261 3594 1354 3648 καὶ
1405 3595 1493 3662 ἐφ’
1545 3595 1747 3665 ἐτέρων
1804 3611 1972 3666 προσ-

302 3683 470 3736 ώπων
505 3683 737 3753 προάγει
761 3683 854 3736 τὸν
883 3681 1040 3750 λόγον
1093 3682 1328 3736 ᾶπαντα.
1365 3682 1474 3734 Καὶ
1524 3681 1713 3754 ὥσπερ
1742 3683 1828 3736 ἀεὶ
1859 3685 1973 3746 τοῖς

308 3772 519 3833 πιστοῖς
541 3769 922 3840 διαλεγόμενος
964 3769 1090 3840 περὶ
1129 3769 1558 3840 ἁμαρτημάτων,
1587 3771 1683 3825 καλ⁵
1717 3770 1973 3842 βουλόμε-

308 3873 394 3919 νος
413 3855 586 3910 ταῦτα
614 3856 783 3922 δεῖξαι
827 3856 1054 3926 φευκτά,
1102 3855 1343 3928 παράγει
1387 3858 1468 3921 είς
1515 3858 1678 3929 μέσον
1711 3858 1781 3912 τά
1813 3857 1965 3928 ἔθνη,

305 3943 481 4012 λέγων
525 3961 540 3976 ·
586 3944 683 4013 Μὴ
726 3945 797 3998 ἐν
852 3944 1026 3998 πάθει
1073 3945 1408 4015 ἐπιθυμίας,
1463 3946 1726 4014 καθάπερ
1776 3946 1972 4000 καὶτὰ

305 4031 488 4086 λοιπὰ
512 4032 658 4100 ἔθνη
691 4033 764 4086 τὰ
780 4032 867 4102 μὴ
899 4032 1098 4087 εἰδότα
1139 4033 1245 4088 τόν
1279 4037 1428 4088 Θεόν
1459 4051 1474 4066 ο
1506 4036 1599 4088 καὶ
1641 4035 1823 4100 πάλιν,
1872 4033 1968 4103 Μὴ

305 4117 614 4183 λυπεῖσθε,
641 4119 844 4190 ὥσπερ
869 4124 924 4176 οἱ
961 4122 1161 4176 λοιποί
1198 4124 1253 4176 οἱ
1289 4121 1374 4190 μὴ
1413 4121 1660 4190 ἔχοντες
1706 4121 1925 4175 ἐλπίδα
1953 4137 1967 4151 ·

306 4205 449 4259 σ’ύτω
496 4207 592 4260 καὶ
638 4207 873 4261 ἐνταῦθα
941 4208 1210 4261 δείκνυσιν
1253 4208 1476 4261 ἐκείνων
1505 4209 1573 4262 τὰ
1597 4210 1971 4280 ἁμαρτήματα

303 4290 456 4355 ὄντα,
490 4293 584 4346 καὶ
614 4293 795 4360 πάσης
826 4293 1022 4355 αὐτοὺς
1054 4295 1350 4363 ἀποστερεῖ
1374 4294 1701 4366 συγγνώμης
1731 4313 1744 4326 ·
1772 4296 1832 4348 οὐ
1863 4297 1970 4368 γάρ

306 4378 565 4444 ἀγνοίας,
624 4379 762 4432 ἀλλά
831 4378 1065 4448 μελέτης
1118 4375 1257 4432 εἷναί
1312 4398 1444 4451 φησι
1499 4381 1567 4435 τὰ
1622 4382 1965 4454 τολμήματα.

307 4463 507 4534 Διόπερ
527 4465 627 4516 οὐκ
648 4459 790 4526 εἷπε,
821 4465 930 4517 Καὶ
961 4464 1141 4528 καθὼς
1164 4466 1263 4518 οὐκ
1285 4467 1546 4535 ἔγνωσαν,
1578 4468 1731 4533 ἀλλά,
1766 4471 1969 4538 Καθὼς

307 4551 422 4604 οὐκ
453 4550 822 4620 ἐδοκίμασαν
850 4553 959 4604 τὸν
982 4552 1131 4606 Θεὸν
1157 4552 1322 4624 ἔχειν
1359 4555 1429 4609 ἐν
1454 4555 1769 4625 ἐπιγνώσει
1801 4573 1816 4589 ⁸
1849 4559 1968 4629 κρί-

312 4651 448 4700 σεως
470 4637 864 4709 διεφθαρμένης
888 4639 981 4692 καὶ
1017 4637 1348 4707 φιλονεικίας
1383 4642 1605 4712 μᾶλλον,
1663 4645 1723 4696 οὐ
1773 4663 1971 4716 συναρι

309 4723 492 4793 παγῆς
512 4725 685 4794 λέγων
713 4722 849 4780 εἶναι
885 4727 945 4780 τὸ
982 4729 1304 4800 ἁμάρτημα,
1339 4729 1432 4782 καὶ
1462 4730 1675 4794 δεικνὺς
1723 4733 1843 4802 οὐχὶ
1871 4734 1970 4804 τῆς

310 4811 532 4882 σαρκὸς,
556 4811 738 4876 καθώς
778 4831 922 4876 τινες
960 4815 1068 4868 τῶν
1111 4814 1402 4885 αίρετικῶν
1459 4833 1641 4885 φασιν,
1695 4819 1829 4872 ἀλλά
1873 4822 1972 4891 τῆς

309 4897 547 4962 διανοίας
569 4899 696 4952 ὄντα
715 4900 816 4970 τῆς
843 4904 1084 4974 πονηρᾶς
1118 4901 1413 4969 ἐπιθυμίας
1447 4904 1514 4956 τὰ
1537 4904 1790 4977 άρμαρτή
1802 4925 1968 4977 ματα,

309 4987 404 5038 καὶ
433 4985 533 5057 τὴν
564 4987 745 5058 πηγὴν
766 4989 970 5043 ἐκεῖθεν
1013 4986 1178 5044 οὖσαν
1210 4991 1318 5044 τῶν
1358 4991 1564 5045 κακῶν.
1604 4991 1821 5065 Ἐπειδὴ
1860 4995 1968 5066 γὰρ

309 5073 339 5123 0
371 5073 494 5136 νοῦς
517 5074 773 5146 ἀδόκιμος
816 5076 1029 5146 γέγονε,
1076 5078 1256 5132 πάντα
1304 5080 1588 5151 παρεσύρη
1635 5081 1819 5134 λοιπὸν
1877 5083 1971 5136 καὶ

311 5159 590 5231 ἀνετράπη
621 5174 671 5227 ε,
723 5164 817 5216 τοῦ
857 5166 1074 5236 ἡνιόχου
1119 5165 1526 5236 διαφθαρέντος.
1575 5169 1969 5238 Πεπληρωμέ-

309 5261 457 5310 νους
477 5245 643 5314 πάσῃ
677 5249 895 5318 ἀδικίᾳ,
929 5254 1205 5320 πονηρίᾳ,
1235 5256 1578 5322 πλεονεξίᾳ,
1607 5258 1804 5323 κακίᾳ.
1829 5259 1970 5327 Ὅρα

309 5329 488 5383 πάντα
521 5334 635 5400 μετ’
655 5334 954 5398 ἐπιτάσεως
980 5354 993 5366 ·
1025 5338 1122 5389 καὶ
1149 5339 1258 5410 7&9
1291 5341 1802 5411 Πεπληρωμένους
1830 5338 1968 5395 εἷναί

311 5434 464 5488 φησι,
501 5417 594 5470 καὶ
650 5419 842 5489 Πὰσῃ.
887 5423 1188 5492 Ὀνομάσας
1249 5426 1305 5479 δὲ
1363 5427 1592 5494 γενικῶς
1630 5427 1726 5498 τὴν
1750 5431 1967 5492 κακίαν,

308 5504 404 5556 καὶ
429 5504 542 5567 τοῖς
570 5503 790 5574 μέρεσιν
823 5506 1195 5578 ἐπεξέρχεται,
1232 5511 1326 5564 καὶ
1347 5511 1554 5576 τούτοις
1598 5513 1714 5583 μεθ’
1740 5515 1969 5586 ὑπερϐο-

309 5587 624 5660 λῆς,λέγων
668 5594 945 5659 Μεστοὺς
990 5596 1240 5663 φθόνου,
1292 5598 1504 5665 φόνου,
1564 5597 1736 5653 Τοῦτο
1770 5604 1878 5672 γὰρ
1909 5603 1968 5667 ἐξ

313 5677 544 5741 ἐκείνου,
579 5676 768 5750 ὥσπερ
797 5679 890 5732 ἐπὶ
911 5681 1002 5734 τοῦ
1033 5680 1194 5736 Ἅϐελ
1229 5685 1321 5736 καὶ
1349 5684 1441 5738 τοῦ
1495 5687 1691 5755 Ἰωσὴφ
1728 5687 1958 5760 ἐδείχθη.

374 5779 392 5802 ⁸
406 5781 522 5842 Alii,
545 5783 837 5847 παρετράπη.

2075 3173 2206 3231 Εἶτα
2231 3179 2422 3242 εἰπὼν,
2445 3179 2703 3248 Ἔριδος,
2732 3179 2940 3243 δόλου,
2963 3177 3337 3243 κακοηθείας,
3360 3178 3746 3247 ψιθυριστάς,

2073 3266 2476 3333 καταλάλους,
2508 3268 2852 3337 θεοστυγεῖς
2871 3308 2884 3332 ,
2917 3265 3223 3335 ὑϐριστὰς,
3266 3266 3358 3318 καὶ
3385 3266 3454 3318 τά
3486 3266 3745 3319 δοκοῦντα

2071 3354 2338 3425 ἀδιάφορα
2371 3351 2512 3409 εἶναι
2568 3357 2782 3420 πολλοῖς
2826 3358 2884 3410 ἐν
2909 3356 3057 3421 τάξει
3093 3356 3205 3418 θεὶς
3233 3354 3618 3425 ἐγκλημάτων,
3647 3355 3747 3408 αὖ-

2073 3441 2150 3505 ξει
2180 3442 2341 3496 πάλιν
2366 3443 2464 3515 τὴν
2489 3444 2844 3514 κατηγορίαν,
2894 3445 2986 3496 ἐπὶ
3023 3442 3122 3514 τὴν
3172 3442 3469 3512 ἀκρόπολιν
3533 3443 3743 3504 ἀναϐάς

2070 3529 2180 3581 τῶν
2211 3530 2418 3594 κακῶν,
2467 3532 2561 3586 καὶ
2611 3531 2782 3584 εἰπὼν
2824 3528 3160 3596 Ἀλαζόνας.
3197 3529 3303 3582 Τοῦ
3348 3529 3457 3600 7&9
3490 3529 3741 3599 ἁμαρτά-

2069 3633 2180 3669 νειν
2233 3617 2294 3670 τὸ
2342 3618 2438 3672 καὶ
2488 3619 2870 3690 ἁμαρτάνοντα
2894 3620 3107 3688 φρονεῖν
3147 3617 3307 3687 μέγα,
3337 3616 3737 3690 χαλεπώτερον·

2069 3703 2151 3757 διὸ
2179 3705 2271 3758 καὶ
2305 3705 2612 3776 Κορινθίοις
2641 3705 2772 3760 αὐτὸ
2798 3704 3022 3772 ἐγκαλεῖ
3058 3704 3253 3772 λέγων·
3293 3704 3407 3757 Καὶ
3437 3705 3609 3773 ὑμεῖς
3636 3721 3736 3758 πε-

2070 3792 2432 3861 φυσιωμένοι
2461 3791 2620 3847 ἐστέ.
2669 3794 2732 3846 Εἰ
2781 3791 2889 3864 γὰρ
2954 3792 3047 3844 ἐπὶ
3095 3791 3483 3862 κατορθώματί
3513 3809 3600 3852 τις
3638 3809 3737 3860 φυ-

2074 3882 2315 3952 σώμενος
2343 3883 2406 3936 τὸ
2436 3885 2543 3936 πᾶν
2569 3882 2871 3947 ἀπώλεσεν,
2905 3883 2934 3936 0
2973 3880 3108 3953 μετά
3138 3882 3553 3952 ἁμαρτημάτων
3583 3881 3739 3935 τοῦτο

2073 3970 2260 4031 ποιῶν,
2283 3970 2455 4039 πόσης
2485 3972 2584 4023 οὐκ
2617 3970 2683 4024 ἂν
2705 3971 2786 4040 εἴη
2821 3970 3092 4041 τιμωρίας
3117 3967 3292 4035 ἄξιος;
3317 3969 3437 4022 οὐδὲ
3488 3969 3599 4040 γὰρ
3649 3986 3731 4038 μεο

2070 4055 2344 4125 ταγνῶναι
2399 4057 2688 4128 δυνήσεται
2739 4057 2922 4110 λοιπὸν
2975 4059 3004 4110 0
3059 4056 3319 4119 τοιοῦτος.
3368 4054 3502 4109 Εἶτά
3547 4073 3735 4126 φησιν,

2085 4143 2440 4212 Ἐφευρετὰς
2484 4142 2689 4198 κακῶν
2721 4159 2736 4174 ο
2769 4143 2966 4215 δηλῶν,
3012 4144 3092 4196 ὃτι
3146 4143 3268 4196 οὐδὲ
3297 4145 3410 4206 τοῖς
3440 4143 3544 4212 ήδη
3588 4139 3738 4196 οὖσιν

2073 4229 2443 4301 ἠρκέσθησαν,
2473 4230 2607 4284 ἀλλά
2639 4231 2728 4284 καὶ
2758 4230 2986 4301 ἐφεῦρον
3023 4230 3186 4301 ἐτερα
3223 4245 3237 4260 ⁸
3271 4231 3410 4300 ὅπερ
3437 4229 3599 4283 πάλιν
3646 4247 3739 4300 με·

2072 4315 2350 4370 λετώντων
2377 4313 2446 4388 ἦν
2479 4318 2572 4371 καὶ
2599 4316 3030 4380 σπουδαζόντων,
3079 4317 3200 4387 οὐχ)⁵
3245 4315 3737 4387 συναρπαζομένων

2075 4403 2168 4457 καὶ
2196 4406 2686 4476 παρασυρομένων.
2725 4404 2906 4458 Ei.va
2928 4406 2984 4458 δὲ
3013 4405 3153 4458 κατά
3180 4405 3347 4476 μέρος
3384 4404 3483 4476 τὴν
3511 4405 3732 4468 κακίαν,

2073 4492 2165 4544 καὶ
2183 4492 2383 4558 δείξας,
2407 4493 2489 4545 ὅτι
2533 4493 2628 4546 καὶ¹
2659 4493 2795 4564 πρὸς
2846 4493 3015 4564 αὐτὴν
3055 4493 3218 4546 πάλιν
3256 4492 3353 4563 τὴν
3383 4490 3536 4563 {461]
3575 4491 3736 4559 φύσιν

2071 4577 2307 4648 ἔστησαν
2329 4580 2610 4644 (Γονεῦσι
2634 4579 2762 4651 γὰρ,
2791 4581 2977 4651 φησὶν,
3009 4578 3318 4645 ἀπειθεῖς),
3350 4579 3442 4631 ἐπὶ
3463 4579 3560 4648 τὴν
3582 4578 3735 4650 ῥίζαν

2070 4665 2256 4719 λοιπὸν
2309 4667 2522 4737 πρόεισι
2569 4668 2667 4736 τῆς
2708 4667 2975 4738 τοσαύτης
3006 4667 3204 4736 λύμης,
3250 4665 3615 4734 Ἀστόργους
3641 4664 3734 4716 ναι

2072 4754 2421 4820 ἀσπόνδους
2468 4754 2670 4810 καλῶν.
2731 4753 2946 4825 Ταύτην
2991 4754 3100 4824 7&9
3147 4753 3241 4807 καὶ
3288 4754 3317 4806 ό
3359 4751 3596 4822 Χριστὸς
3641 4751 3734 4822 τὴν

2072 4841 2251 4895 αίτίαν
2283 4839 2421 4896 εἷναί
2466 4860 2599 4912 φησι
2653 4841 2754 4911 τῆς
2802 4842 3087 4911 πονηρίας,
3119 4840 3293 4908 λέγων
3319 4855 3332 4870 ⁸
3367 4840 3555 4892 ’Ὅταν
3581 4843 3732 4906 πλη·

2071 4928 2264 4997 θυνθῇ
2302 4929 2341 4996 ἡ
2385 4931 2620 4998 ἀνομία,
2674 4928 3016 4998 ψυγήσεται
3058 4929 3096 4996 ἡ
3143 4926 3364 4997 ἀγάπη.
3396 4925 3572 4980 Τοῦτο
3607 4925 3735 4996 γοῦν

2071 5017 2166 5069 καὶ
2206 5016 2440 5070 ἐνταῦθα
2481 5018 2627 5085 λέγει
2681 5018 2708 5069 ό
2762 5015 2993 5080 Παῦλος,
3051 5015 3470 5078 Ἀσυνθὲτους,
3531 5014 3734 5080 ἀστόρ-

2071 5121 2236 5173 γους,
2270 5103 2618 5169 ἀσπόνδους
2640 5144 2653 5170 ,
2702 5101 3115 5170 ἀνελεήμονας
3159 5101 3364 5164 καλῶν,
3412 5102 3507 5155 καὶ
3534 5099 3727 5170 δηλῶν,

2070 5192 2151 5244 ὅτι
2173 5191 2266 5244 καὶ
2291 5192 2421 5244 αὐτὸ
2457 5191 2519 5243 τὸ
2545 5191 2644 5259 τῆς
2673 5190 2888 5259 φύσεως
2915 5189 3234 5260 προῦδωκαν
3269 5188 3462 5254 δῶρον.
3493 5189 3725 5256 Ἔχομεν

2070 5279 2180 5350 7&9
2209 5280 2304 5334 καὶ
2323 5279 2558 5349 φυσικήν
2587 5296 2708 5332 τινα
2751 5278 2883 5349 πρὸς
2912 5279 3177 5348 ἀλλήλους
3225 5276 3522 5338 οἰκείωσιν,
3551 5277 3614 5345 ἣν
3641 5274 3733 5326 καὶ

2071 5367 2235 5439 θηρία
2265 5368 2403 5438 πρὸς
2423 5366 2625 5438 ἄλληλα
2657 5367 2972 5437 κέκτηνται.
3012 5365 3143 5422 Πᾶν
3190 5365 3302 5434 γὰρ
3347 5363 3514 5427 ζῶον,
3547 5361 3732 5432 φησὶν,

2071 5453 2269 5524 ἀγαπᾷ
2292 5455 2360 5509 τὸ
2381 5456 2588 5524 ὅμοιον
2604 5454 2812 5520 αὑτοῦ,
2843 5455 2940 5508 καὶ
2972 5455 3286 5522 ἄνθρωπος
3321 5451 3431 5505 τόν
3467 5450 3735 5514 πλησίον

2069 5541 2272 5596 αὐτοῦ.
2315 5541 2465 5594 Ἀλλ’
2497 5534 2643 5593 οὗτοι
2687 5539 2957 5594 κάκείνων
3009 5540 3351 5610 κατέστησαν
3381 5534 3730 5607 ἀγριώτεροι.

2070 5629 2181 5697 Τὴν
2217 5629 2317 5698 μὲν
2358 5624 2451 5682 οὗν
2475 5628 2629 5680 νόσον
2664 5628 2762 5698 τὴν
2791 5628 2898 5681 ἀπὸ
2932 5628 3040 5680 τῶν
3072 5626 3324 5697 πονηρῶν
3344 5623 3630 5692 δογμάτων
3664 5621 3733 5690 τῇ

2072 5715 2363 5786 οἰκουμένῃ
2394 5714 2692 5785 γενομένην
2741 5715 2829 5767 διὰ
2875 5714 3079 5766 τούτων
3113 5715 3241 5783 ἡμῖν
3273 5710 3610 5780 παρέστησε,
3641 5707 3733 5758 καὶ

2079 5800 2257 5868 sagi);
2297 5801 2460 5863 ἔδειξε
2503 5799 2600 5863 τῆς
2652 5799 2756 5851 τῶν
2795 5799 3090 5853 νοσούντων
3133 5797 3404 5866 ῥᾳθυμίας
3433 5794 3530 5867 τὴν
3559 5793 3730 5861 09.0w-
