  <div class='ocr_page' id='page_1' title='image "/cluster/home/n/w/nwhite01/storage/ocr_20150623/60/hvd.32044073501942/426.png"; bbox 0 0 3934 6212; ppageno 0'>
   <div class='ocr_carea' id='block_1_1' title="bbox 250 334 353 391">
    <p class='ocr_par' dir='ltr' id='par_1_1' title="bbox 250 334 353 391">
     <span class='ocr_line' id='line_1_1' title="bbox 250 334 353 391; baseline -0.019 -1"><span class='ocrx_word' id='word_1_1' title='bbox 250 334 353 391; x_wconf 67' lang='grc' dir='ltr'><strong>ιίῑ</strong></span> 
     </span>
    </p>
   </div>
   <div class='ocr_carea' id='block_1_2' title="bbox 249 441 1847 527">
    <p class='ocr_par' dir='ltr' id='par_1_2' title="bbox 249 441 1847 527">
     <span class='ocr_line' id='line_1_2' title="bbox 249 441 1847 527; baseline -0.013 -17"><span class='ocrx_word' id='word_1_2' title='bbox 249 455 346 527; x_wconf 99' lang='lat' dir='ltr'><strong>qui</strong></span> <span class='ocrx_word' id='word_1_3' title='bbox 395 449 643 509; x_wconf 83' lang='lat' dir='ltr'><strong>inutiliter</strong></span> <span class='ocrx_word' id='word_1_4' title='bbox 695 443 965 500; x_wconf 87' lang='lat' dir='ltr'><strong>laboraret</strong></span> <span class='ocrx_word' id='word_1_5' title='bbox 996 459 1011 498; x_wconf 92' lang='lat'><strong>:</strong></span> <span class='ocrx_word' id='word_1_6' title='bbox 1038 441 1083 495; x_wconf 91' lang='lat' dir='ltr'><strong>si</strong></span> <span class='ocrx_word' id='word_1_7' title='bbox 1126 454 1251 496; x_wconf 80' lang='lat' dir='ltr'><strong>vero</strong></span> <span class='ocrx_word' id='word_1_8' title='bbox 1291 448 1439 494; x_wconf 78' lang='lat' dir='ltr'><strong>extra</strong></span> <span class='ocrx_word' id='word_1_9' title='bbox 1475 448 1760 506; x_wconf 82' lang='lat' dir='ltr'><strong>vagantes,</strong></span> <span class='ocrx_word' id='word_1_10' title='bbox 1793 447 1847 490; x_wconf 81' lang='lat' dir='ltr'><strong>et</strong></span> 
     </span>
    </p>
   </div>
   <div class='ocr_carea' id='block_1_3' title="bbox 250 527 1849 601">
    <p class='ocr_par' dir='ltr' id='par_1_3' title="bbox 250 527 1849 601">
     <span class='ocr_line' id='line_1_3' title="bbox 250 527 1849 601; baseline -0.014 1"><span class='ocrx_word' id='word_1_11' title='bbox 250 548 376 601; x_wconf 84' lang='lat' dir='ltr'><strong>sine</strong></span> <span class='ocrx_word' id='word_1_12' title='bbox 406 545 559 600; x_wconf 82' lang='lat' dir='ltr'><strong>freno</strong></span> <span class='ocrx_word' id='word_1_13' title='bbox 588 542 984 595; x_wconf 85' lang='lat' dir='ltr'><strong>circumeuntes</strong></span> <span class='ocrx_word' id='word_1_14' title='bbox 1010 532 1221 599; x_wconf 90' lang='lat' dir='ltr'><strong>viderit,</strong></span> <span class='ocrx_word' id='word_1_15' title='bbox 1253 549 1284 587; x_wconf 88' lang='lat' dir='ltr'><strong>a</strong></span> <span class='ocrx_word' id='word_1_16' title='bbox 1319 530 1473 585; x_wconf 91' lang='lat' dir='ltr'><strong>nobis</strong></span> <span class='ocrx_word' id='word_1_17' title='bbox 1501 538 1716 599; x_wconf 88' lang='lat' dir='ltr'><strong>arrepto</strong></span> <span class='ocrx_word' id='word_1_18' title='bbox 1748 527 1849 581; x_wconf 85' lang='lat' dir='ltr'><strong>iui-</strong></span> 
     </span>
    </p>
   </div>
   <div class='ocr_carea' id='block_1_4' title="bbox 255 622 1848 706">
    <p class='ocr_par' dir='ltr' id='par_1_4' title="bbox 255 622 1848 706">
     <span class='ocr_line' id='line_1_4' title="bbox 255 622 1848 706; baseline -0.013 -11"><span class='ocrx_word' id='word_1_19' title='bbox 255 641 334 695; x_wconf 86' lang='lat' dir='ltr'><strong>tio</strong></span> <span class='ocrx_word' id='word_1_20' title='bbox 368 638 565 706; x_wconf 89' lang='lat' dir='ltr'><strong>ubique</strong></span> <span class='ocrx_word' id='word_1_21' title='bbox 605 650 703 689; x_wconf 89' lang='lat' dir='ltr'><strong>nos</strong></span> <span class='ocrx_word' id='word_1_22' title='bbox 730 632 989 699; x_wconf 80' lang='lat' dir='ltr'><strong>deinceps</strong></span> <span class='ocrx_word' id='word_1_23' title='bbox 1017 644 1047 683; x_wconf 87' lang='lat' dir='ltr'><strong>a</strong></span> <span class='ocrx_word' id='word_1_24' title='bbox 1073 641 1236 698; x_wconf 84' lang='lat' dir='ltr'><strong>grege</strong></span> <span class='ocrx_word' id='word_1_25' title='bbox 1264 625 1496 695; x_wconf 91' lang='lat' dir='ltr'><strong>dejicere</strong></span> <span class='ocrx_word' id='word_1_26' title='bbox 1521 623 1733 693; x_wconf 88' lang='lat' dir='ltr'><strong>poterit.</strong></span> <span class='ocrx_word' id='word_1_27' title='bbox 1783 622 1848 675; x_wconf 87' lang='lat' dir='ltr'><strong>Et</strong></span> 
     </span>
    </p>
   </div>
   <div class='ocr_carea' id='block_1_5' title="bbox 254 711 1845 800">
    <p class='ocr_par' dir='ltr' id='par_1_5' title="bbox 254 711 1845 800">
     <span class='ocr_line' id='line_1_5' title="bbox 254 711 1845 800; baseline -0.013 -17"><span class='ocrx_word' id='word_1_28' title='bbox 254 728 402 800; x_wconf 90' lang='lat' dir='ltr'><strong>quod</strong></span> <span class='ocrx_word' id='word_1_29' title='bbox 430 729 569 781; x_wconf 88' lang='lat' dir='ltr'><strong>inter</strong></span> <span class='ocrx_word' id='word_1_30' title='bbox 595 736 786 778; x_wconf 90' lang='lat' dir='ltr'><strong>servos</strong></span> <span class='ocrx_word' id='word_1_31' title='bbox 818 719 990 791; x_wconf 79' lang='lat' dir='ltr'><strong>ignavi</strong></span> <span class='ocrx_word' id='word_1_32' title='bbox 1024 718 1076 772; x_wconf 89' lang='lat' dir='ltr'><strong>in</strong></span> <span class='ocrx_word' id='word_1_33' title='bbox 1106 719 1218 771; x_wconf 83' lang='lat' dir='ltr'><strong>foro</strong></span> <span class='ocrx_word' id='word_1_34' title='bbox 1246 716 1539 784; x_wconf 87' lang='lat' dir='ltr'><strong>patiuntttr,</strong></span> <span class='ocrx_word' id='word_1_35' title='bbox 1568 713 1659 781; x_wconf 87' lang='lat' dir='ltr'><strong>qui</strong></span> <span class='ocrx_word' id='word_1_36' title='bbox 1688 711 1845 765; x_wconf 89' lang='lat' dir='ltr'><strong>mini-</strong></span> 
     </span>
    </p>
   </div>
   <div class='ocr_carea' id='block_1_6' title="bbox 256 802 1847 878">
    <p class='ocr_par' dir='ltr' id='par_1_6' title="bbox 256 802 1847 878">
     <span class='ocr_line' id='line_1_6' title="bbox 256 802 1847 878; baseline -0.01 -6"><span class='ocrx_word' id='word_1_37' title='bbox 256 819 422 874; x_wconf 71' lang='lat' dir='ltr'><strong>steria</strong></span> <span class='ocrx_word' id='word_1_38' title='bbox 470 812 773 870; x_wconf 84' lang='lat' dir='ltr'><strong>necessaria</strong></span> <span class='ocrx_word' id='word_1_39' title='bbox 823 810 1169 878; x_wconf 86' lang='lat' dir='ltr'><strong>relinquunt,</strong></span> <span class='ocrx_word' id='word_1_40' title='bbox 1217 822 1314 875; x_wconf 92' lang='lat' dir='ltr'><strong>pro</strong></span> <span class='ocrx_word' id='word_1_41' title='bbox 1356 804 1549 874; x_wconf 83' lang='lat' dir='ltr'><strong>quibus</strong></span> <span class='ocrx_word' id='word_1_42' title='bbox 1592 803 1660 856; x_wconf 91' lang='lat' dir='ltr'><strong>ab</strong></span> <span class='ocrx_word' id='word_1_43' title='bbox 1705 802 1847 856; x_wconf 90' lang='lat' dir='ltr'><strong>heris</strong></span> 
     </span>
    </p>
   </div>
   <div class='ocr_carea' id='block_1_7' title="bbox 258 897 1847 969">
    <p class='ocr_par' dir='ltr' id='par_1_7' title="bbox 258 897 1847 969">
     <span class='ocr_line' id='line_1_7' title="bbox 258 897 1847 969; baseline -0.008 -6"><span class='ocrx_word' id='word_1_44' title='bbox 258 910 406 963; x_wconf 84' lang='lat' dir='ltr'><strong>missi</strong></span> <span class='ocrx_word' id='word_1_45' title='bbox 436 906 680 969; x_wconf 70' lang='lat' dir='ltr'><strong>fueram,</strong></span> <span class='ocrx_word' id='word_1_46' title='bbox 715 915 916 958; x_wconf 88' lang='lat' dir='ltr'><strong>temere</strong></span> <span class='ocrx_word' id='word_1_47' title='bbox 954 912 1004 956; x_wconf 89' lang='lat' dir='ltr'><strong>et</strong></span> <span class='ocrx_word' id='word_1_48' title='bbox 1046 899 1164 954; x_wconf 87' lang='lat' dir='ltr'><strong>sine</strong></span> <span class='ocrx_word' id='word_1_49' title='bbox 1194 913 1353 953; x_wconf 86' lang='lat' dir='ltr'><strong>causa</strong></span> <span class='ocrx_word' id='word_1_50' title='bbox 1381 898 1443 951; x_wconf 89' lang='lat' dir='ltr'><strong>iis</strong></span> <span class='ocrx_word' id='word_1_51' title='bbox 1470 897 1562 965; x_wconf 91' lang='lat' dir='ltr'><strong>qui</strong></span> <span class='ocrx_word' id='word_1_52' title='bbox 1589 911 1847 964; x_wconf 86' lang='lat' dir='ltr'><strong>superve-</strong></span> 
     </span>
    </p>
   </div>
   <div class='ocr_carea' id='block_1_8' title="bbox 258 988 1848 1061">
    <p class='ocr_par' dir='ltr' id='par_1_8' title="bbox 258 988 1848 1061">
     <span class='ocr_line' id='line_1_8' title="bbox 258 988 1848 1061; baseline -0.01 -6"><span class='ocrx_word' id='word_1_53' title='bbox 258 1005 409 1055; x_wconf 83' lang='lat' dir='ltr'><strong>niunt</strong></span> <span class='ocrx_word' id='word_1_54' title='bbox 452 1001 739 1061; x_wconf 66' lang='lat' dir='ltr'><strong>haerentes,</strong></span> <span class='ocrx_word' id='word_1_55' title='bbox 784 1004 837 1049; x_wconf 88' lang='lat' dir='ltr'><strong>et</strong></span> <span class='ocrx_word' id='word_1_56' title='bbox 881 996 1046 1047; x_wconf 92' lang='lat' dir='ltr'><strong>otium</strong></span> <span class='ocrx_word' id='word_1_57' title='bbox 1097 990 1167 1044; x_wconf 85' lang='lat' dir='ltr'><strong>ibi</strong></span> <span class='ocrx_word' id='word_1_58' title='bbox 1211 998 1588 1044; x_wconf 84' lang='lat' dir='ltr'><strong>consumentes</strong></span> <span class='ocrx_word' id='word_1_59' title='bbox 1623 1006 1636 1040; x_wconf 90' lang='lat'><strong>:</strong></span> <span class='ocrx_word' id='word_1_60' title='bbox 1670 988 1770 1041; x_wconf 87' lang='lat' dir='ltr'><strong>hoc</strong></span> <span class='ocrx_word' id='word_1_61' title='bbox 1794 996 1848 1040; x_wconf 92' lang='lat' dir='ltr'><strong>ct</strong></span> 
     </span>
    </p>
   </div>
   <div class='ocr_carea' id='block_1_9' title="bbox 259 1078 1849 1153">
    <p class='ocr_par' dir='ltr' id='par_1_9' title="bbox 259 1078 1849 1153">
     <span class='ocr_line' id='line_1_9' title="bbox 259 1078 1849 1153; baseline -0.011 -6"><span class='ocrx_word' id='word_1_62' title='bbox 259 1092 412 1147; x_wconf 89' lang='lat' dir='ltr'><strong>nobis</strong></span> <span class='ocrx_word' id='word_1_63' title='bbox 441 1088 662 1151; x_wconf 87' lang='lat' dir='ltr'><strong>accidit,</strong></span> <span class='ocrx_word' id='word_1_64' title='bbox 688 1102 809 1141; x_wconf 90' lang='lat' dir='ltr'><strong>cmn</strong></span> <span class='ocrx_word' id='word_1_65' title='bbox 837 1100 866 1138; x_wconf 89' lang='lat' dir='ltr'><strong>a</strong></span> <span class='ocrx_word' id='word_1_66' title='bbox 896 1082 1178 1153; x_wconf 73' lang='lat' dir='ltr'><strong>prmceptis</strong></span> <span class='ocrx_word' id='word_1_67' title='bbox 1216 1080 1308 1135; x_wconf 87' lang='lat' dir='ltr'><strong>Dei</strong></span> <span class='ocrx_word' id='word_1_68' title='bbox 1351 1079 1695 1135; x_wconf 83' lang='lat' dir='ltr'><strong>discedimus.</strong></span> <span class='ocrx_word' id='word_1_69' title='bbox 1731 1078 1849 1133; x_wconf 89' lang='lat' dir='ltr'><strong>Sta-</strong></span> 
     </span>
    </p>
   </div>
   <div class='ocr_carea' id='block_1_10' title="bbox 257 1170 1848 1246">
    <p class='ocr_par' dir='ltr' id='par_1_10' title="bbox 257 1170 1848 1246">
     <span class='ocr_line' id='line_1_10' title="bbox 257 1170 1848 1246; baseline -0.009 -11"><span class='ocrx_word' id='word_1_70' title='bbox 257 1198 377 1236; x_wconf 84' lang='lat' dir='ltr'><strong>mus</strong></span> <span class='ocrx_word' id='word_1_71' title='bbox 396 1181 541 1236; x_wconf 90' lang='lat' dir='ltr'><strong>enim</strong></span> <span class='ocrx_word' id='word_1_72' title='bbox 567 1180 821 1246; x_wconf 81' lang='lat' dir='ltr'><strong>deinceps</strong></span> <span class='ocrx_word' id='word_1_73' title='bbox 853 1175 1064 1228; x_wconf 73' lang='lat' dir='ltr'><strong>divitias</strong></span> <span class='ocrx_word' id='word_1_74' title='bbox 1090 1172 1431 1226; x_wconf 81' lang='lat' dir='ltr'><strong>admirationi</strong></span> <span class='ocrx_word' id='word_1_75' title='bbox 1464 1170 1721 1224; x_wconf 80' lang='lat' dir='ltr'><strong>habentes</strong></span> <span class='ocrx_word' id='word_1_76' title='bbox 1747 1208 1760 1228; x_wconf 88' lang='lat'><strong>.</strong></span> <span class='ocrx_word' id='word_1_77' title='bbox 1794 1176 1848 1222; x_wconf 89' lang='lat' dir='ltr'><strong>et</strong></span> 
     </span>
    </p>
   </div>
   <div class='ocr_carea' id='block_1_11' title="bbox 256 1258 1847 1342">
    <p class='ocr_par' dir='ltr' id='par_1_11' title="bbox 256 1258 1847 1342">
     <span class='ocr_line' id='line_1_11' title="bbox 256 1258 1847 1342; baseline -0.008 -17"><span class='ocrx_word' id='word_1_78' title='bbox 256 1270 708 1342; x_wconf 82' lang='lat' dir='ltr'><strong>pulchritudinem</strong></span> <span class='ocrx_word' id='word_1_79' title='bbox 738 1265 1007 1334; x_wconf 90' lang='lat' dir='ltr'><strong>corporis,</strong></span> <span class='ocrx_word' id='word_1_80' title='bbox 1035 1272 1089 1318; x_wconf 90' lang='lat' dir='ltr'><strong>et</strong></span> <span class='ocrx_word' id='word_1_81' title='bbox 1115 1274 1309 1317; x_wconf 74' lang='lat' dir='ltr'><strong>etetera</strong></span> <span class='ocrx_word' id='word_1_82' title='bbox 1341 1276 1459 1331; x_wconf 74' lang='lat' dir='ltr'><strong>qua:</strong></span> <span class='ocrx_word' id='word_1_83' title='bbox 1490 1260 1620 1314; x_wconf 87' lang='lat' dir='ltr'><strong>nihil</strong></span> <span class='ocrx_word' id='word_1_84' title='bbox 1647 1258 1711 1312; x_wconf 89' lang='lat' dir='ltr'><strong>ad</strong></span> <span class='ocrx_word' id='word_1_85' title='bbox 1748 1273 1847 1312; x_wconf 89' lang='lat' dir='ltr'><strong>nos</strong></span> 
     </span>
    </p>
   </div>
   <div class='ocr_carea' id='block_1_12' title="bbox 257 1353 1847 1431">
    <p class='ocr_par' dir='ltr' id='par_1_12' title="bbox 257 1353 1847 1431">
     <span class='ocr_line' id='line_1_12' title="bbox 257 1353 1847 1431; baseline -0.008 -14"><span class='ocrx_word' id='word_1_86' title='bbox 257 1365 489 1417; x_wconf 81' lang='lat' dir='ltr'><strong>attinent</strong></span> <span class='ocrx_word' id='word_1_87' title='bbox 536 1376 552 1415; x_wconf 89' lang='lat'><strong>:</strong></span> <span class='ocrx_word' id='word_1_88' title='bbox 600 1357 1051 1431; x_wconf 85' lang='lat' dir='ltr'><strong>quemadmodum</strong></span> <span class='ocrx_word' id='word_1_89' title='bbox 1107 1356 1183 1409; x_wconf 89' lang='lat' dir='ltr'><strong>illi</strong></span> <span class='ocrx_word' id='word_1_90' title='bbox 1233 1356 1373 1409; x_wconf 86' lang='lat' dir='ltr'><strong>servi</strong></span> <span class='ocrx_word' id='word_1_91' title='bbox 1421 1353 1847 1408; x_wconf 83' lang='lat' dir='ltr'><strong>mendicantibus</strong></span> 
     </span>
    </p>
   </div>
   <div class='ocr_carea' id='block_1_13' title="bbox 260 1445 1843 1523">
    <p class='ocr_par' dir='ltr' id='par_1_13' title="bbox 260 1445 1843 1523">
     <span class='ocr_line' id='line_1_13' title="bbox 260 1445 1843 1523; baseline -0.007 -16"><span class='ocrx_word' id='word_1_92' title='bbox 260 1452 761 1523; x_wconf 60' lang='lat' dir='ltr'><strong>peastigiatoribus,</strong></span> <span class='ocrx_word' id='word_1_93' title='bbox 806 1449 897 1518; x_wconf 91' lang='lat' dir='ltr'><strong>qui</strong></span> <span class='ocrx_word' id='word_1_94' title='bbox 950 1446 1213 1501; x_wconf 86' lang='lat' dir='ltr'><strong>mirabilia</strong></span> <span class='ocrx_word' id='word_1_95' title='bbox 1254 1455 1490 1517; x_wconf 89' lang='lat' dir='ltr'><strong>patrant,</strong></span> <span class='ocrx_word' id='word_1_96' title='bbox 1523 1445 1843 1509; x_wconf 88' lang='lat' dir='ltr'><strong>attendunt;</strong></span> 
     </span>
    </p>
   </div>
   <div class='ocr_carea' id='block_1_14' title="bbox 260 1536 1846 1607">
    <p class='ocr_par' dir='ltr' id='par_1_14' title="bbox 260 1536 1846 1607">
     <span class='ocr_line' id='line_1_14' title="bbox 260 1536 1846 1607; baseline -0.004 -10"><span class='ocrx_word' id='word_1_97' title='bbox 260 1546 453 1601; x_wconf 86' lang='lat' dir='ltr'><strong>deinde</strong></span> <span class='ocrx_word' id='word_1_98' title='bbox 492 1560 615 1599; x_wconf 92' lang='lat' dir='ltr'><strong>cum</strong></span> <span class='ocrx_word' id='word_1_99' title='bbox 666 1542 871 1596; x_wconf 88' lang='lat' dir='ltr'><strong>tardius</strong></span> <span class='ocrx_word' id='word_1_100' title='bbox 914 1540 1173 1605; x_wconf 88' lang='lat' dir='ltr'><strong>redeunt,</strong></span> <span class='ocrx_word' id='word_1_101' title='bbox 1211 1537 1412 1592; x_wconf 90' lang='lat' dir='ltr'><strong>domini</strong></span> <span class='ocrx_word' id='word_1_102' title='bbox 1446 1538 1613 1607; x_wconf 80' lang='lat' dir='ltr'><strong>plagis</strong></span> <span class='ocrx_word' id='word_1_103' title='bbox 1640 1536 1846 1605; x_wconf 84' lang='lat' dir='ltr'><strong>excepti</strong></span> 
     </span>
    </p>
   </div>
   <div class='ocr_carea' id='block_1_15' title="bbox 259 1626 1845 1701">
    <p class='ocr_par' dir='ltr' id='par_1_15' title="bbox 259 1626 1845 1701">
     <span class='ocr_line' id='line_1_15' title="bbox 259 1626 1845 1701; baseline -0.006 -12"><span class='ocrx_word' id='word_1_104' title='bbox 259 1647 529 1689; x_wconf 79' lang='lat' dir='ltr'><strong>extremas</strong></span> <span class='ocrx_word' id='word_1_105' title='bbox 573 1633 704 1686; x_wconf 89' lang='lat' dir='ltr'><strong>dant</strong></span> <span class='ocrx_word' id='word_1_106' title='bbox 739 1644 949 1701; x_wconf 79' lang='lat' dir='ltr'><strong>pmnas.</strong></span> <span class='ocrx_word' id='word_1_107' title='bbox 996 1628 1145 1683; x_wconf 79' lang='lat' dir='ltr'><strong>Multi</strong></span> <span class='ocrx_word' id='word_1_108' title='bbox 1178 1642 1307 1682; x_wconf 84' lang='lat' dir='ltr'><strong>vero</strong></span> <span class='ocrx_word' id='word_1_109' title='bbox 1345 1628 1675 1697; x_wconf 90' lang='lat' dir='ltr'><strong>pr0positam</strong></span> <span class='ocrx_word' id='word_1_110' title='bbox 1705 1626 1845 1680; x_wconf 86' lang='lat' dir='ltr'><strong>viam</strong></span> 
     </span>
    </p>
   </div>
   <div class='ocr_carea' id='block_1_16' title="bbox 262 1718 1845 1793">
    <p class='ocr_par' dir='ltr' id='par_1_16' title="bbox 262 1718 1845 1793">
     <span class='ocr_line' id='line_1_16' title="bbox 262 1718 1845 1793; baseline -0.006 -14"><span class='ocrx_word' id='word_1_111' title='bbox 262 1724 709 1793; x_wconf 67' lang='lat' dir='ltr'><strong>praetermittunt,</strong></span> <span class='ocrx_word' id='word_1_112' title='bbox 736 1722 870 1775; x_wconf 88' lang='lat' dir='ltr'><strong>alios</strong></span> <span class='ocrx_word' id='word_1_113' title='bbox 900 1720 988 1790; x_wconf 87' lang='lat' dir='ltr'><strong>qtti</strong></span> <span class='ocrx_word' id='word_1_114' title='bbox 1020 1720 1235 1789; x_wconf 84' lang='lat' dir='ltr'><strong>indigne</strong></span> <span class='ocrx_word' id='word_1_115' title='bbox 1264 1733 1324 1773; x_wconf 88' lang='lat' dir='ltr'><strong>se</strong></span> <span class='ocrx_word' id='word_1_116' title='bbox 1360 1718 1585 1788; x_wconf 78' lang='lat' dir='ltr'><strong>agebant</strong></span> <span class='ocrx_word' id='word_1_117' title='bbox 1612 1734 1845 1787; x_wconf 79' lang='lat' dir='ltr'><strong>sequen-</strong></span> 
     </span>
    </p>
   </div>
   <div class='ocr_carea' id='block_1_17' title="bbox 261 1809 1847 1887">
    <p class='ocr_par' dir='ltr' id='par_1_17' title="bbox 261 1809 1847 1887">
     <span class='ocr_line' id='line_1_17' title="bbox 261 1809 1847 1887; baseline -0.004 -20"><span class='ocrx_word' id='word_1_118' title='bbox 261 1827 359 1869; x_wconf 87' lang='lat' dir='ltr'><strong>tes.</strong></span> <span class='ocrx_word' id='word_1_119' title='bbox 407 1813 516 1869; x_wconf 83' lang='lat' dir='ltr'><strong>Sed</strong></span> <span class='ocrx_word' id='word_1_120' title='bbox 547 1828 647 1867; x_wconf 90' lang='lat' dir='ltr'><strong>nos</strong></span> <span class='ocrx_word' id='word_1_121' title='bbox 672 1828 740 1867; x_wconf 87' lang='lat' dir='ltr'><strong>ne</strong></span> <span class='ocrx_word' id='word_1_122' title='bbox 772 1811 873 1866; x_wconf 88' lang='lat' dir='ltr'><strong>hoc</strong></span> <span class='ocrx_word' id='word_1_123' title='bbox 899 1810 1155 1865; x_wconf 77' lang='lat' dir='ltr'><strong>faciamus</strong></span> <span class='ocrx_word' id='word_1_124' title='bbox 1187 1827 1201 1863; x_wconf 89' lang='lat'><strong>:</strong></span> <span class='ocrx_word' id='word_1_125' title='bbox 1233 1810 1431 1864; x_wconf 88' lang='lat' dir='ltr'><strong>etenim</strong></span> <span class='ocrx_word' id='word_1_126' title='bbox 1477 1809 1625 1887; x_wconf 84' lang='lat' dir='ltr'><strong>missi</strong></span> <span class='ocrx_word' id='word_1_127' title='bbox 1665 1823 1847 1862; x_wconf 90' lang='lat' dir='ltr'><strong>sumus</strong></span> 
     </span>
    </p>
   </div>
   <div class='ocr_carea' id='block_1_18' title="bbox 258 1901 1846 1973">
    <p class='ocr_par' dir='ltr' id='par_1_18' title="bbox 258 1901 1846 1973">
     <span class='ocr_line' id='line_1_18' title="bbox 258 1901 1846 1973; baseline -0.001 -17"><span class='ocrx_word' id='word_1_128' title='bbox 258 1907 322 1959; x_wconf 77' lang='lat' dir='ltr'><strong>ad</strong></span> <span class='ocrx_word' id='word_1_129' title='bbox 358 1905 525 1961; x_wconf 68' lang='lat' dir='ltr'><strong>multa</strong></span> <span class='ocrx_word' id='word_1_130' title='bbox 556 1921 675 1973; x_wconf 83' lang='lat' dir='ltr'><strong>qme</strong></span> <span class='ocrx_word' id='word_1_131' title='bbox 709 1911 897 1973; x_wconf 86' lang='lat' dir='ltr'><strong>urgent</strong></span> <span class='ocrx_word' id='word_1_132' title='bbox 937 1902 1289 1973; x_wconf 83' lang='lat' dir='ltr'><strong>perficienda;</strong></span> <span class='ocrx_word' id='word_1_133' title='bbox 1334 1910 1390 1955; x_wconf 92' lang='lat' dir='ltr'><strong>et</strong></span> <span class='ocrx_word' id='word_1_134' title='bbox 1436 1902 1481 1955; x_wconf 90' lang='lat' dir='ltr'><strong>si</strong></span> <span class='ocrx_word' id='word_1_135' title='bbox 1522 1902 1697 1955; x_wconf 86' lang='lat' dir='ltr'><strong>missis</strong></span> <span class='ocrx_word' id='word_1_136' title='bbox 1738 1901 1846 1955; x_wconf 90' lang='lat' dir='ltr'><strong>illis</strong></span> 
     </span>
    </p>
   </div>
   <div class='ocr_carea' id='block_1_19' title="bbox 257 1992 1844 2061">
    <p class='ocr_par' dir='ltr' id='par_1_19' title="bbox 257 1992 1844 2061">
     <span class='ocr_line' id='line_1_19' title="bbox 257 1992 1844 2061; baseline -0.002 -11"><span class='ocrx_word' id='word_1_137' title='bbox 257 2010 486 2061; x_wconf 90' lang='lat' dir='ltr'><strong>stemus,</strong></span> <span class='ocrx_word' id='word_1_138' title='bbox 533 1996 742 2050; x_wconf 87' lang='lat' dir='ltr'><strong>inutilia</strong></span> <span class='ocrx_word' id='word_1_139' title='bbox 785 1994 875 2049; x_wconf 91' lang='lat' dir='ltr'><strong>illa</strong></span> <span class='ocrx_word' id='word_1_140' title='bbox 923 1994 1090 2047; x_wconf 90' lang='lat' dir='ltr'><strong>hianti</strong></span> <span class='ocrx_word' id='word_1_141' title='bbox 1141 2008 1235 2048; x_wconf 89' lang='lat' dir='ltr'><strong>ore</strong></span> <span class='ocrx_word' id='word_1_142' title='bbox 1280 1992 1650 2061; x_wconf 81' lang='lat' dir='ltr'><strong>respicientes,</strong></span> <span class='ocrx_word' id='word_1_143' title='bbox 1700 1994 1844 2047; x_wconf 92' lang='lat' dir='ltr'><strong>oumi</strong></span> 
     </span>
    </p>
   </div>
   <div class='ocr_carea' id='block_1_20' title="bbox 261 2084 1846 2157">
    <p class='ocr_par' dir='ltr' id='par_1_20' title="bbox 261 2084 1846 2157">
     <span class='ocr_line' id='line_1_20' title="bbox 261 2084 1846 2157; baseline -0.001 -16"><span class='ocrx_word' id='word_1_144' title='bbox 261 2100 502 2157; x_wconf 75' lang='lat' dir='ltr'><strong>tempore</strong></span> <span class='ocrx_word' id='word_1_145' title='bbox 543 2088 697 2141; x_wconf 92' lang='lat' dir='ltr'><strong>nobis</strong></span> <span class='ocrx_word' id='word_1_146' title='bbox 740 2086 939 2141; x_wconf 88' lang='lat' dir='ltr'><strong>frustra</strong></span> <span class='ocrx_word' id='word_1_147' title='bbox 990 2086 1278 2155; x_wconf 81' lang='lat' dir='ltr'><strong>insumpta,</strong></span> <span class='ocrx_word' id='word_1_148' title='bbox 1307 2096 1576 2139; x_wconf 83' lang='lat' dir='ltr'><strong>extremas</strong></span> <span class='ocrx_word' id='word_1_149' title='bbox 1604 2084 1846 2140; x_wconf 85' lang='lat' dir='ltr'><strong>dabimus</strong></span> 
     </span>
    </p>
   </div>
   <div class='ocr_carea' id='block_1_21' title="bbox 260 2176 1845 2250">
    <p class='ocr_par' dir='ltr' id='par_1_21' title="bbox 260 2176 1845 2250">
     <span class='ocr_line' id='line_1_21' title="bbox 260 2176 1845 2250; baseline -0.003 -16"><span class='ocrx_word' id='word_1_150' title='bbox 260 2196 471 2250; x_wconf 75' lang='lat' dir='ltr'><strong>poenas.</strong></span> <span class='ocrx_word' id='word_1_151' title='bbox 500 2180 556 2234; x_wconf 90' lang='lat' dir='ltr'><strong>Si</strong></span> <span class='ocrx_word' id='word_1_152' title='bbox 585 2181 726 2235; x_wconf 92' lang='lat' dir='ltr'><strong>enim</strong></span> <span class='ocrx_word' id='word_1_153' title='bbox 758 2189 809 2235; x_wconf 91' lang='lat' dir='ltr'><strong>te</strong></span> <span class='ocrx_word' id='word_1_154' title='bbox 836 2193 1089 2234; x_wconf 79' lang='lat' dir='ltr'><strong>exercere</strong></span> <span class='ocrx_word' id='word_1_155' title='bbox 1118 2177 1251 2232; x_wconf 78' lang='lat' dir='ltr'><strong>velis</strong></span> <span class='ocrx_word' id='word_1_156' title='bbox 1275 2217 1291 2243; x_wconf 95' lang='lat'><strong>,</strong></span> <span class='ocrx_word' id='word_1_157' title='bbox 1326 2176 1490 2231; x_wconf 89' lang='lat' dir='ltr'><strong>habes</strong></span> <span class='ocrx_word' id='word_1_158' title='bbox 1520 2192 1636 2245; x_wconf 68' lang='lat' dir='ltr'><strong>quae</strong></span> <span class='ocrx_word' id='word_1_159' title='bbox 1664 2176 1845 2230; x_wconf 80' lang='lat' dir='ltr'><strong>mirari</strong></span> 
     </span>
    </p>
   </div>
   <div class='ocr_carea' id='block_1_22' title="bbox 256 2267 1844 2341">
    <p class='ocr_par' dir='ltr' id='par_1_22' title="bbox 256 2267 1844 2341">
     <span class='ocr_line' id='line_1_22' title="bbox 256 2267 1844 2341; baseline -0.004 -16"><span class='ocrx_word' id='word_1_160' title='bbox 256 2273 478 2340; x_wconf 84' lang='lat' dir='ltr'><strong>debeas,</strong></span> <span class='ocrx_word' id='word_1_161' title='bbox 506 2284 559 2326; x_wconf 88' lang='lat' dir='ltr'><strong>et</strong></span> <span class='ocrx_word' id='word_1_162' title='bbox 584 2272 649 2326; x_wconf 90' lang='lat' dir='ltr'><strong>ad</strong></span> <span class='ocrx_word' id='word_1_163' title='bbox 673 2288 791 2341; x_wconf 70' lang='lat' dir='ltr'><strong>qua:</strong></span> <span class='ocrx_word' id='word_1_164' title='bbox 823 2270 1027 2324; x_wconf 88' lang='lat' dir='ltr'><strong>inhiare</strong></span> <span class='ocrx_word' id='word_1_165' title='bbox 1054 2270 1197 2323; x_wconf 93' lang='lat' dir='ltr'><strong>omni</strong></span> <span class='ocrx_word' id='word_1_166' title='bbox 1232 2278 1470 2337; x_wconf 85' lang='lat' dir='ltr'><strong>tempore</strong></span> <span class='ocrx_word' id='word_1_167' title='bbox 1503 2267 1694 2334; x_wconf 89' lang='lat' dir='ltr'><strong>possis,</strong></span> <span class='ocrx_word' id='word_1_168' title='bbox 1725 2281 1844 2335; x_wconf 72' lang='lat' dir='ltr'><strong>qua:</strong></span> 
     </span>
    </p>
   </div>
   <div class='ocr_carea' id='block_1_23' title="bbox 256 2359 1843 2429">
    <p class='ocr_par' dir='ltr' id='par_1_23' title="bbox 256 2359 1843 2429">
     <span class='ocr_line' id='line_1_23' title="bbox 256 2359 1843 2429; baseline -0.004 -10"><span class='ocrx_word' id='word_1_169' title='bbox 256 2383 361 2420; x_wconf 85' lang='lat' dir='ltr'><strong>non</strong></span> <span class='ocrx_word' id='word_1_170' title='bbox 394 2367 531 2429; x_wconf 82' lang='lat' dir='ltr'><strong>risu,</strong></span> <span class='ocrx_word' id='word_1_171' title='bbox 560 2364 654 2419; x_wconf 87' lang='lat' dir='ltr'><strong>sed</strong></span> <span class='ocrx_word' id='word_1_172' title='bbox 682 2364 1036 2418; x_wconf 79' lang='lat' dir='ltr'><strong>admiratione</strong></span> <span class='ocrx_word' id='word_1_173' title='bbox 1076 2371 1129 2416; x_wconf 92' lang='lat' dir='ltr'><strong>ct</strong></span> <span class='ocrx_word' id='word_1_174' title='bbox 1170 2361 1417 2416; x_wconf 85' lang='lat' dir='ltr'><strong>laudibus</strong></span> <span class='ocrx_word' id='word_1_175' title='bbox 1468 2361 1647 2414; x_wconf 90' lang='lat' dir='ltr'><strong>multis</strong></span> <span class='ocrx_word' id='word_1_176' title='bbox 1686 2359 1843 2428; x_wconf 87' lang='lat' dir='ltr'><strong>digna</strong></span> 
     </span>
    </p>
   </div>
   <div class='ocr_carea' id='block_1_24' title="bbox 253 2451 1841 2528">
    <p class='ocr_par' dir='ltr' id='par_1_24' title="bbox 253 2451 1841 2528">
     <span class='ocr_line' id='line_1_24' title="bbox 253 2451 1841 2528; baseline -0.005 -15"><span class='ocrx_word' id='word_1_177' title='bbox 253 2468 378 2514; x_wconf 82' lang='lat' dir='ltr'><strong>sunt</strong></span> <span class='ocrx_word' id='word_1_178' title='bbox 404 2477 419 2511; x_wconf 89' lang='lat'><strong>:</strong></span> <span class='ocrx_word' id='word_1_179' title='bbox 456 2456 905 2528; x_wconf 85' lang='lat' dir='ltr'><strong>quemadmodum</strong></span> <span class='ocrx_word' id='word_1_180' title='bbox 935 2463 1121 2511; x_wconf 89' lang='lat' dir='ltr'><strong>contra</strong></span> <span class='ocrx_word' id='word_1_181' title='bbox 1151 2455 1216 2522; x_wconf 90' lang='lat' dir='ltr'><strong>is,</strong></span> <span class='ocrx_word' id='word_1_182' title='bbox 1246 2455 1335 2524; x_wconf 91' lang='lat' dir='ltr'><strong>qui</strong></span> <span class='ocrx_word' id='word_1_183' title='bbox 1368 2452 1587 2507; x_wconf 88' lang='lat' dir='ltr'><strong>ridicula</strong></span> <span class='ocrx_word' id='word_1_184' title='bbox 1614 2451 1841 2506; x_wconf 88' lang='lat' dir='ltr'><strong>admira-</strong></span> 
     </span>
    </p>
   </div>
   <div class='ocr_carea' id='block_1_25' title="bbox 256 2545 1844 2620">
    <p class='ocr_par' dir='ltr' id='par_1_25' title="bbox 256 2545 1844 2620">
     <span class='ocr_line' id='line_1_25' title="bbox 256 2545 1844 2620; baseline -0.004 -16"><span class='ocrx_word' id='word_1_185' title='bbox 256 2561 357 2614; x_wconf 90' lang='lat' dir='ltr'><strong>tur,</strong></span> <span class='ocrx_word' id='word_1_186' title='bbox 390 2552 510 2620; x_wconf 91' lang='lat' dir='ltr'><strong>ipse</strong></span> <span class='ocrx_word' id='word_1_187' title='bbox 538 2550 655 2604; x_wconf 83' lang='lat' dir='ltr'><strong>talis</strong></span> <span class='ocrx_word' id='word_1_188' title='bbox 681 2550 803 2616; x_wconf 90' lang='lat' dir='ltr'><strong>erit,</strong></span> <span class='ocrx_word' id='word_1_189' title='bbox 833 2558 888 2604; x_wconf 91' lang='lat' dir='ltr'><strong>et</strong></span> <span class='ocrx_word' id='word_1_190' title='bbox 914 2549 1079 2602; x_wconf 90' lang='lat' dir='ltr'><strong>risum</strong></span> <span class='ocrx_word' id='word_1_191' title='bbox 1117 2557 1365 2601; x_wconf 78' lang='lat' dir='ltr'><strong>movente</strong></span> <span class='ocrx_word' id='word_1_192' title='bbox 1400 2545 1634 2600; x_wconf 88' lang='lat' dir='ltr'><strong>deterior</strong></span> <span class='ocrx_word' id='word_1_193' title='bbox 1660 2562 1672 2599; x_wconf 89' lang='lat'>:</span> <span class='ocrx_word' id='word_1_194' title='bbox 1700 2546 1844 2616; x_wconf 88' lang='lat' dir='ltr'><strong>quod</strong></span> 
     </span>
    </p>
   </div>
   <div class='ocr_carea' id='block_1_26' title="bbox 254 2640 1098 2705">
    <p class='ocr_par' dir='ltr' id='par_1_26' title="bbox 254 2640 1098 2705">
     <span class='ocr_line' id='line_1_26' title="bbox 254 2640 1098 2705; baseline -0.004 -11"><span class='ocrx_word' id='word_1_195' title='bbox 254 2656 319 2695; x_wconf 88' lang='lat' dir='ltr'><strong>ne</strong></span> <span class='ocrx_word' id='word_1_196' title='bbox 350 2642 448 2695; x_wconf 80' lang='lat' dir='ltr'><strong>tibi</strong></span> <span class='ocrx_word' id='word_1_197' title='bbox 482 2640 703 2705; x_wconf 90' lang='lat' dir='ltr'><strong>accidat,</strong></span> <span class='ocrx_word' id='word_1_198' title='bbox 736 2641 843 2694; x_wconf 89' lang='lat' dir='ltr'><strong>cito</strong></span> <span class='ocrx_word' id='word_1_199' title='bbox 869 2640 1098 2695; x_wconf 88' lang='lat' dir='ltr'><strong>resilias.</strong></span> 
     </span>
    </p>
   </div>
   <div class='ocr_carea' id='block_1_27' title="bbox 324 2731 1846 2802">
    <p class='ocr_par' dir='ltr' id='par_1_27' title="bbox 324 2731 1846 2802">
     <span class='ocr_line' id='line_1_27' title="bbox 324 2731 1846 2802; baseline -0.001 -18"><span class='ocrx_word' id='word_1_200' title='bbox 324 2732 635 2786; x_wconf 81' lang='lat' dir='ltr'><strong>Diritiarum</strong></span> <span class='ocrx_word' id='word_1_201' title='bbox 674 2749 794 2786; x_wconf 87' lang='lat' dir='ltr'><strong>usus</strong></span> <span class='ocrx_word' id='word_1_202' title='bbox 837 2733 1002 2785; x_wconf 88' lang='lat' dir='ltr'><strong>malus</strong></span> <span class='ocrx_word' id='word_1_203' title='bbox 1047 2748 1199 2802; x_wconf 87' lang='lat' dir='ltr'><strong>quam</strong></span> <span class='ocrx_word' id='word_1_204' title='bbox 1246 2731 1743 2799; x_wconf 76' lang='lat' dir='ltr'><strong>ntiseriam&#39;inferat.</strong></span> <span class='ocrx_word' id='word_1_205' title='bbox 1774 2761 1846 2771; x_wconf 95' lang='lat'>—</span> 
     </span>
    </p>
   </div>
   <div class='ocr_carea' id='block_1_28' title="bbox 253 2824 1845 2895">
    <p class='ocr_par' dir='ltr' id='par_1_28' title="bbox 253 2824 1845 2895">
     <span class='ocr_line' id='line_1_28' title="bbox 253 2824 1845 2895; baseline 0.001 -18"><span class='ocrx_word' id='word_1_206' title='bbox 253 2825 387 2893; x_wconf 81' lang='lat' dir='ltr'><strong>Quid</strong></span> <span class='ocrx_word' id='word_1_207' title='bbox 410 2868 428 2891; x_wconf 92' lang='lat'><strong>,</strong></span> <span class='ocrx_word' id='word_1_208' title='bbox 466 2840 669 2895; x_wconf 72' lang='lat' dir='ltr'><strong>qureso,</strong></span> <span class='ocrx_word' id='word_1_209' title='bbox 700 2837 810 2879; x_wconf 89' lang='lat' dir='ltr'><strong>stas</strong></span> <span class='ocrx_word' id='word_1_210' title='bbox 838 2826 1033 2879; x_wconf 80' lang='lat' dir='ltr'><strong>divitiis</strong></span> <span class='ocrx_word' id='word_1_211' title='bbox 1065 2824 1313 2878; x_wconf 84' lang='lat' dir='ltr'><strong>inhians?</strong></span> <span class='ocrx_word' id='word_1_212' title='bbox 1358 2824 1483 2893; x_wconf 92' lang='lat' dir='ltr'><strong>quid</strong></span> <span class='ocrx_word' id='word_1_213' title='bbox 1531 2824 1845 2878; x_wconf 77' lang='lat' dir='ltr'><strong>admirabile</strong></span> 
     </span>
    </p>
   </div>
   <div class='ocr_carea' id='block_1_29' title="bbox 252 2914 1845 2986">
    <p class='ocr_par' dir='ltr' id='par_1_29' title="bbox 252 2914 1845 2986">
     <span class='ocr_line' id='line_1_29' title="bbox 252 2914 1845 2986; baseline 0.001 -20"><span class='ocrx_word' id='word_1_214' title='bbox 252 2916 401 2968; x_wconf 78' lang='lat' dir='ltr'><strong>vides</strong></span> <span class='ocrx_word' id='word_1_215' title='bbox 422 2956 439 2978; x_wconf 90' lang='lat'><strong>,</strong></span> <span class='ocrx_word' id='word_1_216' title='bbox 484 2916 623 2983; x_wconf 91' lang='lat' dir='ltr'><strong>quod</strong></span> <span class='ocrx_word' id='word_1_217' title='bbox 667 2917 831 2984; x_wconf 88' lang='lat' dir='ltr'><strong>possit</strong></span> <span class='ocrx_word' id='word_1_218' title='bbox 857 2915 1041 2969; x_wconf 82' lang='lat' dir='ltr'><strong>oculos</strong></span> <span class='ocrx_word' id='word_1_219' title='bbox 1072 2925 1191 2968; x_wconf 92' lang='lat' dir='ltr'><strong>tuos</strong></span> <span class='ocrx_word' id='word_1_220' title='bbox 1217 2914 1490 2969; x_wconf 70' lang='lat' dir='ltr'><strong>detinuere?</strong></span> <span class='ocrx_word' id='word_1_221' title='bbox 1520 2930 1687 2986; x_wconf 87' lang='lat' dir='ltr'><strong>equos</strong></span> <span class='ocrx_word' id='word_1_222' title='bbox 1715 2931 1845 2969; x_wconf 88' lang='lat' dir='ltr'><strong>auro</strong></span> 
     </span>
    </p>
   </div>
   <div class='ocr_carea' id='block_1_30' title="bbox 252 3005 1840 3076">
    <p class='ocr_par' dir='ltr' id='par_1_30' title="bbox 252 3005 1840 3076">
     <span class='ocr_line' id='line_1_30' title="bbox 252 3005 1840 3076; baseline 0.002 -18"><span class='ocrx_word' id='word_1_223' title='bbox 252 3018 498 3071; x_wconf 85' lang='lat' dir='ltr'><strong>ornatos,</strong></span> <span class='ocrx_word' id='word_1_224' title='bbox 542 3007 803 3070; x_wconf 85' lang='lat' dir='ltr'><strong>famulos,</strong></span> <span class='ocrx_word' id='word_1_225' title='bbox 849 3008 983 3061; x_wconf 88' lang='lat' dir='ltr'><strong>alios</strong></span> <span class='ocrx_word' id='word_1_226' title='bbox 1030 3006 1315 3071; x_wconf 88' lang='lat' dir='ltr'><strong>barbaros,</strong></span> <span class='ocrx_word' id='word_1_227' title='bbox 1362 3005 1498 3062; x_wconf 89' lang='lat' dir='ltr'><strong>alios</strong></span> <span class='ocrx_word' id='word_1_228' title='bbox 1541 3006 1840 3076; x_wconf 81' lang='lat' dir='ltr'><strong>eunuchos,</strong></span> 
     </span>
    </p>
   </div>
   <div class='ocr_carea' id='block_1_31' title="bbox 1373 314 2392 373">
    <p class='ocr_par' dir='ltr' id='par_1_31' title="bbox 1373 314 2392 373">
     <span class='ocr_line' id='line_1_31' title="bbox 1373 314 2392 373; baseline 0 0"><span class='ocrx_word' id='word_1_229' title='bbox 1373 317 1436 373; x_wconf 83' lang='lat' dir='ltr'><strong>IN</strong></span> <span class='ocrx_word' id='word_1_230' title='bbox 1479 316 1691 373; x_wconf 76' lang='lat' dir='ltr'><strong>EPIST.</strong></span> <span class='ocrx_word' id='word_1_231' title='bbox 1726 316 1815 371; x_wconf 80' lang='lat' dir='ltr'><strong>AD</strong></span> <span class='ocrx_word' id='word_1_232' title='bbox 1857 314 2017 372; x_wconf 62' lang='lat' dir='ltr'><strong>R031.</strong></span> <span class='ocrx_word' id='word_1_233' title='bbox 2054 314 2282 372; x_wconf 77' lang='lat' dir='ltr'><strong>llOMlL.</strong></span> <span class='ocrx_word' id='word_1_234' title='bbox 2328 317 2392 373; x_wconf 82' lang='lat' dir='ltr'><strong>V.</strong></span> 
     </span>
    </p>
   </div>
   <div class='ocr_carea' id='block_1_32' title="bbox 3432 330 3537 388">
    <p class='ocr_par' dir='ltr' id='par_1_32' title="bbox 3432 330 3537 388">
     <span class='ocr_line' id='line_1_32' title="bbox 3432 330 3537 388; baseline 0.048 -5"><span class='ocrx_word' id='word_1_235' title='bbox 3432 330 3537 388; x_wconf 67' lang='lat' dir='ltr'><strong>tas</strong></span> 
     </span>
    </p>
   </div>
   <div class='ocr_carea' id='block_1_33' title="bbox 1955 438 3533 515">
    <p class='ocr_par' dir='ltr' id='par_1_33' title="bbox 1955 438 3533 515">
     <span class='ocr_line' id='line_1_33' title="bbox 1955 438 3533 515; baseline 0.012 -26"><span class='ocrx_word' id='word_1_236' title='bbox 1955 438 2260 506; x_wconf 85' lang='lat' dir='ltr'><strong>splendidas</strong></span> <span class='ocrx_word' id='word_1_237' title='bbox 2284 448 2479 509; x_wconf 85' lang='lat' dir='ltr'><strong>vestes,</strong></span> <span class='ocrx_word' id='word_1_238' title='bbox 2511 441 2741 498; x_wconf 87' lang='lat' dir='ltr'><strong>animam</strong></span> <span class='ocrx_word' id='word_1_239' title='bbox 2787 443 2838 499; x_wconf 92' lang='lat' dir='ltr'><strong>in</strong></span> <span class='ocrx_word' id='word_1_240' title='bbox 2886 444 2968 500; x_wconf 90' lang='lat' dir='ltr'><strong>his</strong></span> <span class='ocrx_word' id='word_1_241' title='bbox 3012 449 3323 515; x_wconf 87' lang='lat' dir='ltr'><strong>emollitam,</strong></span> <span class='ocrx_word' id='word_1_242' title='bbox 3352 453 3533 507; x_wconf 83' lang='lat' dir='ltr'><strong>subla-</strong></span> 
     </span>
    </p>
   </div>
   <div class='ocr_carea' id='block_1_34' title="bbox 1954 532 3532 605">
    <p class='ocr_par' dir='ltr' id='par_1_34' title="bbox 1954 532 3532 605">
     <span class='ocr_line' id='line_1_34' title="bbox 1954 532 3532 605; baseline 0.01 -23"><span class='ocrx_word' id='word_1_243' title='bbox 1954 536 2065 583; x_wconf 89' lang='lat' dir='ltr'><strong>tum</strong></span> <span class='ocrx_word' id='word_1_244' title='bbox 2107 532 2471 599; x_wconf 89' lang='lat' dir='ltr'><strong>supercilium,</strong></span> <span class='ocrx_word' id='word_1_245' title='bbox 2501 535 3038 594; x_wconf 87' lang='lat' dir='ltr'><strong>circumcursationes</strong></span> <span class='ocrx_word' id='word_1_246' title='bbox 3061 581 3076 605; x_wconf 95' lang='lat'><strong>,</strong></span> <span class='ocrx_word' id='word_1_247' title='bbox 3115 543 3413 599; x_wconf 73' lang='lat' dir='ltr'><strong>tumultus?</strong></span> <span class='ocrx_word' id='word_1_248' title='bbox 3451 546 3532 599; x_wconf 80' lang='lat' dir='ltr'><strong>An</strong></span> 
     </span>
    </p>
   </div>
   <div class='ocr_carea' id='block_1_35' title="bbox 1955 620 3534 697">
    <p class='ocr_par' dir='ltr' id='par_1_35' title="bbox 1955 620 3534 697">
     <span class='ocr_line' id='line_1_35' title="bbox 1955 620 3534 697; baseline 0.011 -23"><span class='ocrx_word' id='word_1_249' title='bbox 1955 620 2071 675; x_wconf 75' lang='lat' dir='ltr'><strong>hcce</strong></span> <span class='ocrx_word' id='word_1_250' title='bbox 2098 620 2451 678; x_wconf 84' lang='lat' dir='ltr'><strong>admiratione</strong></span> <span class='ocrx_word' id='word_1_251' title='bbox 2480 625 2673 694; x_wconf 88' lang='lat' dir='ltr'><strong>digna?</strong></span> <span class='ocrx_word' id='word_1_252' title='bbox 2705 627 2755 680; x_wconf 91' lang='lat' dir='ltr'><strong>in</strong></span> <span class='ocrx_word' id='word_1_253' title='bbox 2784 643 2890 697; x_wconf 91' lang='lat' dir='ltr'><strong>quo</strong></span> <span class='ocrx_word' id='word_1_254' title='bbox 2918 640 3093 685; x_wconf 86' lang='lat' dir='ltr'><strong>autem</strong></span> <span class='ocrx_word' id='word_1_255' title='bbox 3118 632 3369 689; x_wconf 82' lang='lat' dir='ltr'><strong>differunt</strong></span> <span class='ocrx_word' id='word_1_256' title='bbox 3409 636 3462 691; x_wconf 80' lang='lat' dir='ltr'><strong>lii</strong></span> <span class='ocrx_word' id='word_1_257' title='bbox 3502 652 3534 692; x_wconf 77' lang='lat' dir='ltr'><strong>a</strong></span> 
     </span>
    </p>
   </div>
   <div class='ocr_carea' id='block_1_36' title="bbox 1954 713 3534 782">
    <p class='ocr_par' dir='ltr' id='par_1_36' title="bbox 1954 713 3534 782">
     <span class='ocr_line' id='line_1_36' title="bbox 1954 713 3534 782; baseline 0.011 -17"><span class='ocrx_word' id='word_1_258' title='bbox 1954 713 2213 768; x_wconf 89' lang='lat' dir='ltr'><strong>mendicis</strong></span> <span class='ocrx_word' id='word_1_259' title='bbox 2244 714 2560 770; x_wconf 88' lang='lat' dir='ltr'><strong>saltantibus</strong></span> <span class='ocrx_word' id='word_1_260' title='bbox 2587 725 2640 771; x_wconf 89' lang='lat' dir='ltr'><strong>et</strong></span> <span class='ocrx_word' id='word_1_261' title='bbox 2664 718 3003 773; x_wconf 86' lang='lat' dir='ltr'><strong>sibilantibus</strong></span> <span class='ocrx_word' id='word_1_262' title='bbox 3037 722 3087 775; x_wconf 92' lang='lat' dir='ltr'><strong>iu</strong></span> <span class='ocrx_word' id='word_1_263' title='bbox 3118 723 3271 778; x_wconf 86' lang='lat' dir='ltr'><strong>foro?</strong></span> <span class='ocrx_word' id='word_1_264' title='bbox 3316 725 3445 779; x_wconf 83' lang='lat' dir='ltr'><strong>Nam</strong></span> <span class='ocrx_word' id='word_1_265' title='bbox 3479 738 3534 782; x_wconf 85' lang='lat' dir='ltr'><strong>et</strong></span> 
     </span>
    </p>
   </div>
   <div class='ocr_carea' id='block_1_37' title="bbox 1953 801 3529 872">
    <p class='ocr_par' dir='ltr' id='par_1_37' title="bbox 1953 801 3529 872">
     <span class='ocr_line' id='line_1_37' title="bbox 1953 801 3529 872; baseline 0.011 -18"><span class='ocrx_word' id='word_1_266' title='bbox 1953 801 2004 855; x_wconf 79' lang='lat' dir='ltr'><strong>lii</strong></span> <span class='ocrx_word' id='word_1_267' title='bbox 2038 804 2202 857; x_wconf 89' lang='lat' dir='ltr'><strong>tnnlta</strong></span> <span class='ocrx_word' id='word_1_268' title='bbox 2231 806 2441 859; x_wconf 87' lang='lat' dir='ltr'><strong>virtutis</strong></span> <span class='ocrx_word' id='word_1_269' title='bbox 2484 806 2625 861; x_wconf 90' lang='lat' dir='ltr'><strong>fame</strong></span> <span class='ocrx_word' id='word_1_270' title='bbox 2664 807 2864 863; x_wconf 88' lang='lat' dir='ltr'><strong>detenti</strong></span> <span class='ocrx_word' id='word_1_271' title='bbox 2887 850 2901 872; x_wconf 85' lang='lat'><strong>,</strong></span> <span class='ocrx_word' id='word_1_272' title='bbox 2932 810 3181 866; x_wconf 86' lang='lat' dir='ltr'><strong>cltoreatu</strong></span> <span class='ocrx_word' id='word_1_273' title='bbox 3213 814 3413 870; x_wconf 88' lang='lat' dir='ltr'><strong>ducunt</strong></span> <span class='ocrx_word' id='word_1_274' title='bbox 3442 818 3529 872; x_wconf 90' lang='lat' dir='ltr'><strong>illa</strong></span> 
     </span>
    </p>
   </div>
   <div class='ocr_carea' id='block_1_38' title="bbox 1952 892 3533 965">
    <p class='ocr_par' dir='ltr' id='par_1_38' title="bbox 1952 892 3533 965">
     <span class='ocr_line' id='line_1_38' title="bbox 1952 892 3533 965; baseline 0.011 -20"><span class='ocrx_word' id='word_1_275' title='bbox 1952 892 2334 960; x_wconf 88' lang='lat' dir='ltr'><strong>ridiculiorcm,</strong></span> <span class='ocrx_word' id='word_1_276' title='bbox 2362 897 2464 950; x_wconf 88' lang='lat' dir='ltr'><strong>acti</strong></span> <span class='ocrx_word' id='word_1_277' title='bbox 2495 905 2549 951; x_wconf 87' lang='lat' dir='ltr'><strong>et</strong></span> <span class='ocrx_word' id='word_1_278' title='bbox 2574 898 2900 965; x_wconf 74' lang='lat' dir='ltr'><strong>circumacti,</strong></span> <span class='ocrx_word' id='word_1_279' title='bbox 2929 917 3069 956; x_wconf 89' lang='lat' dir='ltr'><strong>nunc</strong></span> <span class='ocrx_word' id='word_1_280' title='bbox 3096 905 3161 956; x_wconf 90' lang='lat' dir='ltr'><strong>ad</strong></span> <span class='ocrx_word' id='word_1_281' title='bbox 3192 905 3359 959; x_wconf 86' lang='lat' dir='ltr'><strong>lautas</strong></span> <span class='ocrx_word' id='word_1_282' title='bbox 3384 924 3533 961; x_wconf 90' lang='lat' dir='ltr'><strong>men-</strong></span> 
     </span>
    </p>
   </div>
   <div class='ocr_carea' id='block_1_39' title="bbox 1952 987 3533 1064">
    <p class='ocr_par' dir='ltr' id='par_1_39' title="bbox 1952 987 3533 1064">
     <span class='ocr_line' id='line_1_39' title="bbox 1952 987 3533 1064; baseline 0.011 -27"><span class='ocrx_word' id='word_1_283' title='bbox 1952 998 2060 1050; x_wconf 87' lang='lat' dir='ltr'><strong>sas,</strong></span> <span class='ocrx_word' id='word_1_284' title='bbox 2092 1002 2230 1040; x_wconf 91' lang='lat' dir='ltr'><strong>nunc</strong></span> <span class='ocrx_word' id='word_1_285' title='bbox 2251 987 2316 1041; x_wconf 89' lang='lat' dir='ltr'><strong>ad</strong></span> <span class='ocrx_word' id='word_1_286' title='bbox 2340 989 2694 1044; x_wconf 86' lang='lat' dir='ltr'><strong>diversorium</strong></span> <span class='ocrx_word' id='word_1_287' title='bbox 2722 993 3043 1047; x_wconf 88' lang='lat' dir='ltr'><strong>amasiarum</strong></span> <span class='ocrx_word' id='word_1_288' title='bbox 3068 995 3369 1064; x_wconf 88' lang='lat' dir='ltr'><strong>mulierum,</strong></span> <span class='ocrx_word' id='word_1_289' title='bbox 3394 1016 3533 1054; x_wconf 91' lang='lat' dir='ltr'><strong>nunc</strong></span> 
     </span>
    </p>
   </div>
   <div class='ocr_carea' id='block_1_40' title="bbox 1951 1077 3529 1153">
    <p class='ocr_par' dir='ltr' id='par_1_40' title="bbox 1951 1077 3529 1153">
     <span class='ocr_line' id='line_1_40' title="bbox 1951 1077 3529 1153; baseline 0.01 -23"><span class='ocrx_word' id='word_1_290' title='bbox 1951 1077 2017 1131; x_wconf 88' lang='lat' dir='ltr'><strong>ad</strong></span> <span class='ocrx_word' id='word_1_291' title='bbox 2047 1078 2376 1134; x_wconf 85' lang='lat' dir='ltr'><strong>adulatorum</strong></span> <span class='ocrx_word' id='word_1_292' title='bbox 2401 1090 2454 1135; x_wconf 92' lang='lat' dir='ltr'><strong>et</strong></span> <span class='ocrx_word' id='word_1_293' title='bbox 2477 1085 2827 1151; x_wconf 87' lang='lat' dir='ltr'><strong>parasitorum</strong></span> <span class='ocrx_word' id='word_1_294' title='bbox 2852 1088 3081 1153; x_wconf 86' lang='lat' dir='ltr'><strong>agmina.</strong></span> <span class='ocrx_word' id='word_1_295' title='bbox 3116 1087 3170 1143; x_wconf 90' lang='lat' dir='ltr'><strong>Si</strong></span> <span class='ocrx_word' id='word_1_296' title='bbox 3194 1104 3319 1144; x_wconf 87' lang='lat' dir='ltr'><strong>vero</strong></span> <span class='ocrx_word' id='word_1_297' title='bbox 3342 1106 3529 1146; x_wconf 89' lang='lat' dir='ltr'><strong>aurum</strong></span> 
     </span>
    </p>
   </div>
   <div class='ocr_carea' id='block_1_41' title="bbox 1951 1169 3532 1250">
    <p class='ocr_par' dir='ltr' id='par_1_41' title="bbox 1951 1169 3532 1250">
     <span class='ocr_line' id='line_1_41' title="bbox 1951 1169 3532 1250; baseline 0.01 -31"><span class='ocrx_word' id='word_1_298' title='bbox 1951 1177 2179 1237; x_wconf 81' lang='lat' dir='ltr'><strong>gestant,</strong></span> <span class='ocrx_word' id='word_1_299' title='bbox 2206 1169 2324 1223; x_wconf 92' lang='lat' dir='ltr'><strong>ideo</strong></span> <span class='ocrx_word' id='word_1_300' title='bbox 2350 1173 2580 1227; x_wconf 79' lang='lat' dir='ltr'><strong>maxime</strong></span> <span class='ocrx_word' id='word_1_301' title='bbox 2610 1174 2943 1230; x_wconf 88' lang='lat' dir='ltr'><strong>miserabiles</strong></span> <span class='ocrx_word' id='word_1_302' title='bbox 2966 1186 3111 1244; x_wconf 91' lang='lat' dir='ltr'><strong>stmt,</strong></span> <span class='ocrx_word' id='word_1_303' title='bbox 3132 1179 3254 1247; x_wconf 90' lang='lat' dir='ltr'><strong>quia</strong></span> <span class='ocrx_word' id='word_1_304' title='bbox 3286 1180 3396 1246; x_wconf 88' lang='lat' dir='ltr'><strong>illa,</strong></span> <span class='ocrx_word' id='word_1_305' title='bbox 3415 1196 3532 1250; x_wconf 75' lang='lat' dir='ltr'><strong>qum</strong></span> 
     </span>
    </p>
   </div>
   <div class='ocr_carea' id='block_1_42' title="bbox 1952 1257 3533 1333">
    <p class='ocr_par' dir='ltr' id='par_1_42' title="bbox 1952 1257 3533 1333">
     <span class='ocr_line' id='line_1_42' title="bbox 1952 1257 3533 1333; baseline 0.009 -23"><span class='ocrx_word' id='word_1_306' title='bbox 1952 1257 2083 1311; x_wconf 87' lang='lat' dir='ltr'><strong>nihil</strong></span> <span class='ocrx_word' id='word_1_307' title='bbox 2127 1259 2191 1312; x_wconf 88' lang='lat' dir='ltr'><strong>ad</strong></span> <span class='ocrx_word' id='word_1_308' title='bbox 2235 1274 2294 1314; x_wconf 90' lang='lat' dir='ltr'><strong>se</strong></span> <span class='ocrx_word' id='word_1_309' title='bbox 2335 1262 2594 1328; x_wconf 88' lang='lat' dir='ltr'><strong>attinent,</strong></span> <span class='ocrx_word' id='word_1_310' title='bbox 2631 1265 2801 1333; x_wconf 90' lang='lat' dir='ltr'><strong>magis</strong></span> <span class='ocrx_word' id='word_1_311' title='bbox 2827 1265 2926 1319; x_wconf 93' lang='lat' dir='ltr'><strong>sibi</strong></span> <span class='ocrx_word' id='word_1_312' title='bbox 2957 1282 3098 1321; x_wconf 69' lang='lat' dir='ltr'><strong>cura:</strong></span> <span class='ocrx_word' id='word_1_313' title='bbox 3124 1278 3268 1322; x_wconf 89' lang='lat' dir='ltr'><strong>sunt.</strong></span> <span class='ocrx_word' id='word_1_314' title='bbox 3302 1269 3378 1324; x_wconf 86' lang='lat' dir='ltr'><strong>Ne</strong></span> <span class='ocrx_word' id='word_1_315' title='bbox 3404 1271 3533 1325; x_wconf 91' lang='lat' dir='ltr'><strong>mihi</strong></span> 
     </span>
    </p>
   </div>
   <div class='ocr_carea' id='block_1_43' title="bbox 1950 1352 3535 1425">
    <p class='ocr_par' dir='ltr' id='par_1_43' title="bbox 1950 1352 3535 1425">
     <span class='ocr_line' id='line_1_43' title="bbox 1950 1352 3535 1425; baseline 0.009 -21"><span class='ocrx_word' id='word_1_316' title='bbox 1950 1352 2271 1408; x_wconf 84' lang='lat' dir='ltr'><strong>vestimenta</strong></span> <span class='ocrx_word' id='word_1_317' title='bbox 2300 1353 2511 1409; x_wconf 89' lang='lat' dir='ltr'><strong>illorum</strong></span> <span class='ocrx_word' id='word_1_318' title='bbox 2540 1357 2812 1425; x_wconf 90' lang='lat' dir='ltr'><strong>respicias,</strong></span> <span class='ocrx_word' id='word_1_319' title='bbox 2844 1360 2936 1413; x_wconf 86' lang='lat' dir='ltr'><strong>sed</strong></span> <span class='ocrx_word' id='word_1_320' title='bbox 2969 1375 3153 1417; x_wconf 76' lang='lat' dir='ltr'><strong>eorum</strong></span> <span class='ocrx_word' id='word_1_321' title='bbox 3183 1362 3416 1416; x_wconf 92' lang='lat' dir='ltr'><strong>animam</strong></span> <span class='ocrx_word' id='word_1_322' title='bbox 3447 1379 3535 1418; x_wconf 92' lang='lat' dir='ltr'><strong>re-</strong></span> 
     </span>
    </p>
   </div>
   <div class='ocr_carea' id='block_1_44' title="bbox 1952 1445 3529 1520">
    <p class='ocr_par' dir='ltr' id='par_1_44' title="bbox 1952 1445 3529 1520">
     <span class='ocr_line' id='line_1_44' title="bbox 1952 1445 3529 1520; baseline 0.008 -25"><span class='ocrx_word' id='word_1_323' title='bbox 1952 1450 2089 1511; x_wconf 77' lang='lat' dir='ltr'><strong>tege,</strong></span> <span class='ocrx_word' id='word_1_324' title='bbox 2110 1454 2164 1498; x_wconf 90' lang='lat' dir='ltr'><strong>et</strong></span> <span class='ocrx_word' id='word_1_325' title='bbox 2188 1445 2453 1515; x_wconf 89' lang='lat' dir='ltr'><strong>perpende</strong></span> <span class='ocrx_word' id='word_1_326' title='bbox 2474 1463 2649 1502; x_wconf 90' lang='lat' dir='ltr'><strong>annon</strong></span> <span class='ocrx_word' id='word_1_327' title='bbox 2674 1450 2819 1503; x_wconf 90' lang='lat' dir='ltr'><strong>mille</strong></span> <span class='ocrx_word' id='word_1_328' title='bbox 2839 1452 2908 1504; x_wconf 91' lang='lat' dir='ltr'><strong>sit</strong></span> <span class='ocrx_word' id='word_1_329' title='bbox 2929 1453 3238 1508; x_wconf 88' lang='lat' dir='ltr'><strong>vulneribus</strong></span> <span class='ocrx_word' id='word_1_330' title='bbox 3258 1455 3529 1520; x_wconf 89' lang='lat' dir='ltr'><strong>confossa,</strong></span> 
     </span>
    </p>
   </div>
   <div class='ocr_carea' id='block_1_45' title="bbox 1951 1534 3532 1618">
    <p class='ocr_par' dir='ltr' id='par_1_45' title="bbox 1951 1534 3532 1618">
     <span class='ocr_line' id='line_1_45' title="bbox 1951 1534 3532 1618; baseline 0.012 -32"><span class='ocrx_word' id='word_1_331' title='bbox 1951 1542 2004 1586; x_wconf 92' lang='lat' dir='ltr'><strong>ct</strong></span> <span class='ocrx_word' id='word_1_332' title='bbox 2025 1534 2214 1590; x_wconf 91' lang='lat' dir='ltr'><strong>laceris</strong></span> <span class='ocrx_word' id='word_1_333' title='bbox 2240 1538 2424 1604; x_wconf 87' lang='lat' dir='ltr'><strong>pannis</strong></span> <span class='ocrx_word' id='word_1_334' title='bbox 2450 1539 2651 1603; x_wconf 90' lang='lat' dir='ltr'><strong>induta,</strong></span> <span class='ocrx_word' id='word_1_335' title='bbox 2676 1554 2854 1596; x_wconf 92' lang='lat' dir='ltr'><strong>annon</strong></span> <span class='ocrx_word' id='word_1_336' title='bbox 2879 1544 2947 1596; x_wconf 89' lang='lat' dir='ltr'><strong>sit</strong></span> <span class='ocrx_word' id='word_1_337' title='bbox 2975 1544 3187 1600; x_wconf 88' lang='lat' dir='ltr'><strong>deserta</strong></span> <span class='ocrx_word' id='word_1_338' title='bbox 3213 1557 3267 1602; x_wconf 93' lang='lat' dir='ltr'><strong>et</strong></span> <span class='ocrx_word' id='word_1_339' title='bbox 3291 1548 3406 1602; x_wconf 90' lang='lat' dir='ltr'><strong>sine</strong></span> <span class='ocrx_word' id='word_1_340' title='bbox 3437 1565 3532 1618; x_wconf 86' lang='lat' dir='ltr'><strong>pa-</strong></span> 
     </span>
    </p>
   </div>
   <div class='ocr_carea' id='block_1_46' title="bbox 1954 1627 3532 1696">
    <p class='ocr_par' dir='ltr' id='par_1_46' title="bbox 1954 1627 3532 1696">
     <span class='ocr_line' id='line_1_46' title="bbox 1954 1627 3532 1696; baseline 0.01 -17"><span class='ocrx_word' id='word_1_341' title='bbox 1954 1627 2199 1682; x_wconf 89' lang='lat' dir='ltr'><strong>trocinio.</strong></span> <span class='ocrx_word' id='word_1_342' title='bbox 2248 1629 2375 1696; x_wconf 78' lang='lat' dir='ltr'><strong>Qum</strong></span> <span class='ocrx_word' id='word_1_343' title='bbox 2407 1632 2606 1685; x_wconf 86' lang='lat' dir='ltr'><strong>utilitas</strong></span> <span class='ocrx_word' id='word_1_344' title='bbox 2641 1633 2784 1688; x_wconf 89' lang='lat' dir='ltr'><strong>illius</strong></span> <span class='ocrx_word' id='word_1_345' title='bbox 2813 1643 3049 1690; x_wconf 75' lang='lat' dir='ltr'><strong>externa:</strong></span> <span class='ocrx_word' id='word_1_346' title='bbox 3082 1637 3337 1692; x_wconf 77' lang='lat' dir='ltr'><strong>insanim?</strong></span> <span class='ocrx_word' id='word_1_347' title='bbox 3364 1639 3532 1695; x_wconf 85' lang='lat' dir='ltr'><strong>Multo</strong></span> 
     </span>
    </p>
   </div>
   <div class='ocr_carea' id='block_1_47' title="bbox 1952 1721 3529 1798">
    <p class='ocr_par' dir='ltr' id='par_1_47' title="bbox 1952 1721 3529 1798">
     <span class='ocr_line' id='line_1_47' title="bbox 1952 1721 3529 1798; baseline 0.008 -25"><span class='ocrx_word' id='word_1_348' title='bbox 1952 1721 2140 1775; x_wconf 89' lang='lat' dir='ltr'><strong>melius</strong></span> <span class='ocrx_word' id='word_1_349' title='bbox 2166 1732 2244 1775; x_wconf 89' lang='lat' dir='ltr'><strong>est</strong></span> <span class='ocrx_word' id='word_1_350' title='bbox 2269 1738 2554 1792; x_wconf 85' lang='lat' dir='ltr'><strong>pauperem</strong></span> <span class='ocrx_word' id='word_1_351' title='bbox 2584 1739 2703 1780; x_wconf 89' lang='lat' dir='ltr'><strong>esse</strong></span> <span class='ocrx_word' id='word_1_352' title='bbox 2730 1736 2780 1779; x_wconf 91' lang='lat' dir='ltr'><strong>et</strong></span> <span class='ocrx_word' id='word_1_353' title='bbox 2813 1727 2865 1780; x_wconf 90' lang='lat' dir='ltr'><strong>in</strong></span> <span class='ocrx_word' id='word_1_354' title='bbox 2891 1728 3086 1783; x_wconf 91' lang='lat' dir='ltr'><strong>virtute</strong></span> <span class='ocrx_word' id='word_1_355' title='bbox 3115 1730 3278 1784; x_wconf 89' lang='lat' dir='ltr'><strong>vitam</strong></span> <span class='ocrx_word' id='word_1_356' title='bbox 3310 1731 3529 1798; x_wconf 90' lang='lat' dir='ltr'><strong>ducere,</strong></span> 
     </span>
    </p>
   </div>
   <div class='ocr_carea' id='block_1_48' title="bbox 1950 1815 3532 1891">
    <p class='ocr_par' dir='ltr' id='par_1_48' title="bbox 1950 1815 3532 1891">
     <span class='ocr_line' id='line_1_48' title="bbox 1950 1815 3532 1891; baseline 0.009 -28"><span class='ocrx_word' id='word_1_357' title='bbox 1950 1827 2108 1881; x_wconf 90' lang='lat' dir='ltr'><strong>quam</strong></span> <span class='ocrx_word' id='word_1_358' title='bbox 2130 1829 2250 1867; x_wconf 88' lang='lat' dir='ltr'><strong>cum</strong></span> <span class='ocrx_word' id='word_1_359' title='bbox 2275 1815 2507 1884; x_wconf 88' lang='lat' dir='ltr'><strong>nequitia</strong></span> <span class='ocrx_word' id='word_1_360' title='bbox 2537 1831 2713 1885; x_wconf 80' lang='lat' dir='ltr'><strong>regem</strong></span> <span class='ocrx_word' id='word_1_361' title='bbox 2738 1831 2877 1872; x_wconf 90' lang='lat' dir='ltr'><strong>esse.</strong></span> <span class='ocrx_word' id='word_1_362' title='bbox 2905 1818 3115 1888; x_wconf 87' lang='lat' dir='ltr'><strong>Pauper</strong></span> <span class='ocrx_word' id='word_1_363' title='bbox 3138 1821 3280 1875; x_wconf 91' lang='lat' dir='ltr'><strong>enim</strong></span> <span class='ocrx_word' id='word_1_364' title='bbox 3310 1821 3451 1891; x_wconf 89' lang='lat' dir='ltr'><strong>apud</strong></span> <span class='ocrx_word' id='word_1_365' title='bbox 3472 1838 3532 1878; x_wconf 88' lang='lat' dir='ltr'><strong>se</strong></span> 
     </span>
    </p>
   </div>
   <div class='ocr_carea' id='block_1_49' title="bbox 1950 1903 3529 1984">
    <p class='ocr_par' dir='ltr' id='par_1_49' title="bbox 1950 1903 3529 1984">
     <span class='ocr_line' id='line_1_49' title="bbox 1950 1903 3529 1984; baseline 0.008 -27"><span class='ocrx_word' id='word_1_366' title='bbox 1950 1903 2094 1958; x_wconf 92' lang='lat' dir='ltr'><strong>omni</strong></span> <span class='ocrx_word' id='word_1_367' title='bbox 2126 1906 2415 1960; x_wconf 90' lang='lat' dir='ltr'><strong>secundum</strong></span> <span class='ocrx_word' id='word_1_368' title='bbox 2448 1909 2679 1961; x_wconf 88' lang='lat' dir='ltr'><strong>animam</strong></span> <span class='ocrx_word' id='word_1_369' title='bbox 2710 1910 2981 1979; x_wconf 86' lang='lat' dir='ltr'><strong>voluptate</strong></span> <span class='ocrx_word' id='word_1_370' title='bbox 3021 1911 3246 1978; x_wconf 89' lang='lat' dir='ltr'><strong>fruitur,</strong></span> <span class='ocrx_word' id='word_1_371' title='bbox 3277 1929 3450 1984; x_wconf 88' lang='lat' dir='ltr'><strong>neque</strong></span> <span class='ocrx_word' id='word_1_372' title='bbox 3479 1916 3529 1970; x_wconf 92' lang='lat' dir='ltr'><strong>in</strong></span> 
     </span>
    </p>
   </div>
   <div class='ocr_carea' id='block_1_50' title="bbox 1949 1997 3531 2070">
    <p class='ocr_par' dir='ltr' id='par_1_50' title="bbox 1949 1997 3531 2070">
     <span class='ocr_line' id='line_1_50' title="bbox 1949 1997 3531 2070; baseline 0.008 -22"><span class='ocrx_word' id='word_1_373' title='bbox 1949 2009 2168 2049; x_wconf 89' lang='lat' dir='ltr'><strong>sensum</strong></span> <span class='ocrx_word' id='word_1_374' title='bbox 2193 1997 2337 2051; x_wconf 86' lang='lat' dir='ltr'><strong>venit</strong></span> <span class='ocrx_word' id='word_1_375' title='bbox 2367 1997 2510 2052; x_wconf 91' lang='lat' dir='ltr'><strong>illius</strong></span> <span class='ocrx_word' id='word_1_376' title='bbox 2536 2008 2770 2053; x_wconf 78' lang='lat' dir='ltr'><strong>externa:</strong></span> <span class='ocrx_word' id='word_1_377' title='bbox 2796 2003 3125 2070; x_wconf 83' lang='lat' dir='ltr'><strong>paupertatis</strong></span> <span class='ocrx_word' id='word_1_378' title='bbox 3149 2044 3164 2069; x_wconf 95' lang='lat'><strong>,</strong></span> <span class='ocrx_word' id='word_1_379' title='bbox 3192 2003 3262 2058; x_wconf 92' lang='lat' dir='ltr'><strong>ob</strong></span> <span class='ocrx_word' id='word_1_380' title='bbox 3294 2006 3531 2061; x_wconf 88' lang='lat' dir='ltr'><strong>internas</strong></span> 
     </span>
    </p>
   </div>
   <div class='ocr_carea' id='block_1_51' title="bbox 1949 2084 3528 2164">
    <p class='ocr_par' dir='ltr' id='par_1_51' title="bbox 1949 2084 3528 2164">
     <span class='ocr_line' id='line_1_51' title="bbox 1949 2084 3528 2164; baseline 0.006 -25"><span class='ocrx_word' id='word_1_381' title='bbox 1949 2084 2164 2139; x_wconf 86' lang='lat' dir='ltr'><strong>divitias</strong></span> <span class='ocrx_word' id='word_1_382' title='bbox 2190 2102 2203 2139; x_wconf 91' lang='lat'><strong>:</strong></span> <span class='ocrx_word' id='word_1_383' title='bbox 2236 2102 2328 2140; x_wconf 80' lang='lat' dir='ltr'><strong>rex</strong></span> <span class='ocrx_word' id='word_1_384' title='bbox 2357 2102 2486 2141; x_wconf 90' lang='lat' dir='ltr'><strong>vero</strong></span> <span class='ocrx_word' id='word_1_385' title='bbox 2514 2088 2564 2141; x_wconf 89' lang='lat' dir='ltr'><strong>in</strong></span> <span class='ocrx_word' id='word_1_386' title='bbox 2588 2088 2793 2143; x_wconf 86' lang='lat' dir='ltr'><strong>deliciis</strong></span> <span class='ocrx_word' id='word_1_387' title='bbox 2818 2092 3023 2156; x_wconf 86' lang='lat' dir='ltr'><strong>vivens,</strong></span> <span class='ocrx_word' id='word_1_388' title='bbox 3051 2092 3100 2145; x_wconf 92' lang='lat' dir='ltr'><strong>in</strong></span> <span class='ocrx_word' id='word_1_389' title='bbox 3134 2094 3227 2156; x_wconf 83' lang='lat' dir='ltr'><strong>iis,</strong></span> <span class='ocrx_word' id='word_1_390' title='bbox 3263 2109 3383 2164; x_wconf 69' lang='lat' dir='ltr'><strong>qua:</strong></span> <span class='ocrx_word' id='word_1_391' title='bbox 3424 2112 3528 2151; x_wconf 89' lang='lat' dir='ltr'><strong>non</strong></span> 
     </span>
    </p>
   </div>
   <div class='ocr_carea' id='block_1_52' title="bbox 1948 2176 3525 2254">
    <p class='ocr_par' dir='ltr' id='par_1_52' title="bbox 1948 2176 3525 2254">
     <span class='ocr_line' id='line_1_52' title="bbox 1948 2176 3525 2254; baseline 0.006 -24"><span class='ocrx_word' id='word_1_392' title='bbox 1948 2176 2047 2246; x_wconf 89' lang='lat' dir='ltr'><strong>ipsi</strong></span> <span class='ocrx_word' id='word_1_393' title='bbox 2079 2178 2423 2247; x_wconf 88' lang='lat' dir='ltr'><strong>congruentia</strong></span> <span class='ocrx_word' id='word_1_394' title='bbox 2460 2189 2602 2242; x_wconf 89' lang='lat' dir='ltr'><strong>sunt,</strong></span> <span class='ocrx_word' id='word_1_395' title='bbox 2639 2179 2689 2233; x_wconf 94' lang='lat' dir='ltr'><strong>in</strong></span> <span class='ocrx_word' id='word_1_396' title='bbox 2732 2180 2796 2234; x_wconf 91' lang='lat' dir='ltr'><strong>iis</strong></span> <span class='ocrx_word' id='word_1_397' title='bbox 2839 2196 2956 2250; x_wconf 74' lang='lat' dir='ltr'><strong>qua:</strong></span> <span class='ocrx_word' id='word_1_398' title='bbox 2999 2183 3227 2237; x_wconf 81' lang='lat' dir='ltr'><strong>maxime</strong></span> <span class='ocrx_word' id='word_1_399' title='bbox 3252 2184 3319 2238; x_wconf 92' lang='lat' dir='ltr'><strong>ad</strong></span> <span class='ocrx_word' id='word_1_400' title='bbox 3350 2185 3525 2254; x_wconf 90' lang='lat' dir='ltr'><strong>ipsum</strong></span> 
     </span>
    </p>
   </div>
   <div class='ocr_carea' id='block_1_53' title="bbox 1947 2269 3528 2342">
    <p class='ocr_par' dir='ltr' id='par_1_53' title="bbox 1947 2269 3528 2342">
     <span class='ocr_line' id='line_1_53' title="bbox 1947 2269 3528 2342; baseline 0.006 -20"><span class='ocrx_word' id='word_1_401' title='bbox 1947 2269 2174 2322; x_wconf 85' lang='lat' dir='ltr'><strong>attinent</strong></span> <span class='ocrx_word' id='word_1_402' title='bbox 2212 2269 2500 2333; x_wconf 89' lang='lat' dir='ltr'><strong>cruciatur,</strong></span> <span class='ocrx_word' id='word_1_403' title='bbox 2549 2270 2602 2323; x_wconf 93' lang='lat' dir='ltr'><strong>in</strong></span> <span class='ocrx_word' id='word_1_404' title='bbox 2650 2271 2846 2335; x_wconf 91' lang='lat' dir='ltr'><strong>anima,</strong></span> <span class='ocrx_word' id='word_1_405' title='bbox 2897 2272 2949 2326; x_wconf 91' lang='lat' dir='ltr'><strong>in</strong></span> <span class='ocrx_word' id='word_1_406' title='bbox 2996 2274 3426 2342; x_wconf 82' lang='lat' dir='ltr'><strong>cogitationibus,</strong></span> <span class='ocrx_word' id='word_1_407' title='bbox 3473 2277 3528 2331; x_wconf 90' lang='lat' dir='ltr'><strong>in</strong></span> 
     </span>
    </p>
   </div>
   <div class='ocr_carea' id='block_1_54' title="bbox 1947 2360 3528 2435">
    <p class='ocr_par' dir='ltr' id='par_1_54' title="bbox 1947 2360 3528 2435">
     <span class='ocr_line' id='line_1_54' title="bbox 1947 2360 3528 2435; baseline 0.005 -20"><span class='ocrx_word' id='word_1_408' title='bbox 1947 2360 2293 2428; x_wconf 89' lang='lat' dir='ltr'><strong>conscientia,</strong></span> <span class='ocrx_word' id='word_1_409' title='bbox 2315 2377 2433 2431; x_wconf 76' lang='lat' dir='ltr'><strong>qum</strong></span> <span class='ocrx_word' id='word_1_410' title='bbox 2461 2376 2561 2415; x_wconf 92' lang='lat' dir='ltr'><strong>una</strong></span> <span class='ocrx_word' id='word_1_411' title='bbox 2595 2376 2773 2415; x_wconf 88' lang='lat' dir='ltr'><strong>secmn</strong></span> <span class='ocrx_word' id='word_1_412' title='bbox 2808 2363 2898 2418; x_wconf 92' lang='lat' dir='ltr'><strong>illo</strong></span> <span class='ocrx_word' id='word_1_413' title='bbox 2927 2365 3373 2435; x_wconf 83' lang='lat' dir='ltr'><strong>cmumigrabunt.</strong></span> <span class='ocrx_word' id='word_1_414' title='bbox 3404 2368 3528 2423; x_wconf 65' lang='lat' dir='ltr'><strong>llaec</strong></span> 
     </span>
    </p>
   </div>
   <div class='ocr_carea' id='block_1_55' title="bbox 1948 2452 3529 2526">
    <p class='ocr_par' dir='ltr' id='par_1_55' title="bbox 1948 2452 3529 2526">
     <span class='ocr_line' id='line_1_55' title="bbox 1948 2452 3529 2526; baseline 0.006 -22"><span class='ocrx_word' id='word_1_415' title='bbox 1948 2452 2107 2522; x_wconf 86' lang='lat' dir='ltr'><strong>igitur</strong></span> <span class='ocrx_word' id='word_1_416' title='bbox 2126 2468 2244 2506; x_wconf 90' lang='lat' dir='ltr'><strong>cum</strong></span> <span class='ocrx_word' id='word_1_417' title='bbox 2267 2453 2517 2517; x_wconf 88' lang='lat' dir='ltr'><strong>sciamus,</strong></span> <span class='ocrx_word' id='word_1_418' title='bbox 2542 2453 2857 2508; x_wconf 88' lang='lat' dir='ltr'><strong>vestimenta</strong></span> <span class='ocrx_word' id='word_1_419' title='bbox 2880 2455 3091 2524; x_wconf 88' lang='lat' dir='ltr'><strong>quidem</strong></span> <span class='ocrx_word' id='word_1_420' title='bbox 3113 2471 3271 2512; x_wconf 85' lang='lat' dir='ltr'><strong>aurea</strong></span> <span class='ocrx_word' id='word_1_421' title='bbox 3292 2458 3529 2526; x_wconf 89' lang='lat' dir='ltr'><strong>depona-</strong></span> 
     </span>
    </p>
   </div>
   <div class='ocr_carea' id='block_1_56' title="bbox 1948 2544 3523 2619">
    <p class='ocr_par' dir='ltr' id='par_1_56' title="bbox 1948 2544 3523 2619">
     <span class='ocr_line' id='line_1_56' title="bbox 1948 2544 3523 2619; baseline 0.004 -21"><span class='ocrx_word' id='word_1_422' title='bbox 1948 2544 2339 2610; x_wconf 89' lang='lat' dir='ltr'><strong>mus,virtutcm</strong></span> <span class='ocrx_word' id='word_1_423' title='bbox 2357 2560 2693 2600; x_wconf 83' lang='lat' dir='ltr'><strong>assumamus</strong></span> <span class='ocrx_word' id='word_1_424' title='bbox 2710 2557 2759 2600; x_wconf 89' lang='lat' dir='ltr'><strong>et</strong></span> <span class='ocrx_word' id='word_1_425' title='bbox 2774 2546 3097 2616; x_wconf 86' lang='lat' dir='ltr'><strong>voluptatem</strong></span> <span class='ocrx_word' id='word_1_426' title='bbox 3112 2563 3177 2604; x_wconf 82' lang='lat' dir='ltr'><strong>ex</strong></span> <span class='ocrx_word' id='word_1_427' title='bbox 3196 2550 3279 2602; x_wconf 76' lang='lat' dir='ltr'><strong>illa</strong></span> <span class='ocrx_word' id='word_1_428' title='bbox 3298 2559 3523 2619; x_wconf 84' lang='lat' dir='ltr'><strong>partam.</strong></span> 
     </span>
    </p>
   </div>
   <div class='ocr_carea' id='block_1_57' title="bbox 1946 2633 3529 2710">
    <p class='ocr_par' dir='ltr' id='par_1_57' title="bbox 1946 2633 3529 2710">
     <span class='ocr_line' id='line_1_57' title="bbox 1946 2633 3529 2710; baseline 0.006 -21"><span class='ocrx_word' id='word_1_429' title='bbox 1946 2633 2035 2689; x_wconf 88' lang='lat' dir='ltr'><strong>Sic</strong></span> <span class='ocrx_word' id='word_1_430' title='bbox 2063 2636 2206 2688; x_wconf 81' lang='lat' dir='ltr'><strong>enim</strong></span> <span class='ocrx_word' id='word_1_431' title='bbox 2234 2646 2289 2690; x_wconf 89' lang='lat' dir='ltr'><strong>et</strong></span> <span class='ocrx_word' id='word_1_432' title='bbox 2316 2635 2402 2689; x_wconf 90' lang='lat' dir='ltr'><strong>hic</strong></span> <span class='ocrx_word' id='word_1_433' title='bbox 2429 2646 2484 2691; x_wconf 90' lang='lat' dir='ltr'><strong>et</strong></span> <span class='ocrx_word' id='word_1_434' title='bbox 2516 2638 2624 2691; x_wconf 88' lang='lat' dir='ltr'><strong>illic</strong></span> <span class='ocrx_word' id='word_1_435' title='bbox 2651 2638 2817 2692; x_wconf 90' lang='lat' dir='ltr'><strong>multa</strong></span> <span class='ocrx_word' id='word_1_436' title='bbox 2860 2637 3102 2692; x_wconf 85' lang='lat' dir='ltr'><strong>fruemur</strong></span> <span class='ocrx_word' id='word_1_437' title='bbox 3140 2641 3440 2710; x_wconf 88' lang='lat' dir='ltr'><strong>voluptate,</strong></span> <span class='ocrx_word' id='word_1_438' title='bbox 3473 2655 3529 2698; x_wconf 88' lang='lat' dir='ltr'><strong>et</strong></span> 
     </span>
    </p>
   </div>
   <div class='ocr_carea' id='block_1_58' title="bbox 1950 2730 3528 2806">
    <p class='ocr_par' dir='ltr' id='par_1_58' title="bbox 1950 2730 3528 2806">
     <span class='ocr_line' id='line_1_58' title="bbox 1950 2730 3528 2806; baseline 0.008 -24"><span class='ocrx_word' id='word_1_439' title='bbox 1950 2730 2209 2797; x_wconf 89' lang='lat' dir='ltr'><strong>promissa</strong></span> <span class='ocrx_word' id='word_1_440' title='bbox 2263 2744 2656 2800; x_wconf 90' lang='lat' dir='ltr'><strong>consequemur</strong></span> <span class='ocrx_word' id='word_1_441' title='bbox 2698 2733 2857 2799; x_wconf 90' lang='lat' dir='ltr'><strong>bona,</strong></span> <span class='ocrx_word' id='word_1_442' title='bbox 2901 2736 3063 2803; x_wconf 86' lang='lat' dir='ltr'><strong>gratia</strong></span> <span class='ocrx_word' id='word_1_443' title='bbox 3109 2746 3164 2790; x_wconf 93' lang='lat' dir='ltr'><strong>et</strong></span> <span class='ocrx_word' id='word_1_444' title='bbox 3206 2736 3528 2806; x_wconf 83' lang='lat' dir='ltr'><strong>benignitate</strong></span> 
     </span>
    </p>
   </div>
   <div class='ocr_carea' id='block_1_59' title="bbox 1948 2822 3525 2899">
    <p class='ocr_par' dir='ltr' id='par_1_59' title="bbox 1948 2822 3525 2899">
     <span class='ocr_line' id='line_1_59' title="bbox 1948 2822 3525 2899; baseline 0.007 -25"><span class='ocrx_word' id='word_1_445' title='bbox 1948 2822 2157 2875; x_wconf 88' lang='lat' dir='ltr'><strong>Domini</strong></span> <span class='ocrx_word' id='word_1_446' title='bbox 2198 2824 2364 2877; x_wconf 91' lang='lat' dir='ltr'><strong>nostri</strong></span> <span class='ocrx_word' id='word_1_447' title='bbox 2407 2823 2533 2878; x_wconf 84' lang='lat' dir='ltr'><strong>Jcsu</strong></span> <span class='ocrx_word' id='word_1_448' title='bbox 2561 2824 2783 2887; x_wconf 72' lang='lat' dir='ltr'><strong>Christi,</strong></span> <span class='ocrx_word' id='word_1_449' title='bbox 2809 2828 3021 2895; x_wconf 90' lang='lat' dir='ltr'><strong>quicum</strong></span> <span class='ocrx_word' id='word_1_450' title='bbox 3054 2828 3195 2881; x_wconf 79' lang='lat' dir='ltr'><strong>Patri</strong></span> <span class='ocrx_word' id='word_1_451' title='bbox 3227 2839 3279 2883; x_wconf 92' lang='lat' dir='ltr'><strong>et</strong></span> <span class='ocrx_word' id='word_1_452' title='bbox 3307 2829 3525 2899; x_wconf 75' lang='lat' dir='ltr'><strong>Spiritui</strong></span> 
     </span>
    </p>
   </div>
   <div class='ocr_carea' id='block_1_60' title="bbox 1946 2913 3527 2990">
    <p class='ocr_par' dir='ltr' id='par_1_60' title="bbox 1946 2913 3527 2990">
     <span class='ocr_line' id='line_1_60' title="bbox 1946 2913 3527 2990; baseline 0.008 -25"><span class='ocrx_word' id='word_1_453' title='bbox 1946 2921 2132 2966; x_wconf 85' lang='lat' dir='ltr'><strong>sancto</strong></span> <span class='ocrx_word' id='word_1_454' title='bbox 2161 2913 2351 2982; x_wconf 88' lang='lat' dir='ltr'><strong>gloria,</strong></span> <span class='ocrx_word' id='word_1_455' title='bbox 2386 2914 2578 2982; x_wconf 87' lang='lat' dir='ltr'><strong>honor,</strong></span> <span class='ocrx_word' id='word_1_456' title='bbox 2608 2915 2912 2986; x_wconf 91' lang='lat' dir='ltr'><strong>imperium,</strong></span> <span class='ocrx_word' id='word_1_457' title='bbox 2942 2934 3084 2973; x_wconf 90' lang='lat' dir='ltr'><strong>nunc</strong></span> <span class='ocrx_word' id='word_1_458' title='bbox 3109 2928 3163 2973; x_wconf 89' lang='lat' dir='ltr'><strong>et</strong></span> <span class='ocrx_word' id='word_1_459' title='bbox 3192 2935 3404 2990; x_wconf 89' lang='lat' dir='ltr'><strong>semper</strong></span> <span class='ocrx_word' id='word_1_460' title='bbox 3423 2962 3438 2990; x_wconf 94' lang='lat'><strong>,</strong></span> <span class='ocrx_word' id='word_1_461' title='bbox 3471 2934 3527 2979; x_wconf 89' lang='lat' dir='ltr'><strong>et</strong></span> 
     </span>
    </p>
   </div>
   <div class='ocr_carea' id='block_1_61' title="bbox 1945 3004 2813 3061">
    <p class='ocr_par' dir='ltr' id='par_1_61' title="bbox 1945 3004 2813 3061">
     <span class='ocr_line' id='line_1_61' title="bbox 1945 3004 2813 3061; baseline -0.001 -2"><span class='ocrx_word' id='word_1_462' title='bbox 1945 3004 2000 3059; x_wconf 91' lang='lat' dir='ltr'><strong>in</strong></span> <span class='ocrx_word' id='word_1_463' title='bbox 2026 3004 2219 3061; x_wconf 66' lang='lat' dir='ltr'><strong>saecula</strong></span> <span class='ocrx_word' id='word_1_464' title='bbox 2247 3006 2587 3058; x_wconf 76' lang='lat' dir='ltr'><strong>smculorum.</strong></span> <span class='ocrx_word' id='word_1_465' title='bbox 2619 3007 2813 3060; x_wconf 83' lang='lat' dir='ltr'><strong>Amen.</strong></span> 
     </span>
    </p>
   </div>
   <div class='ocr_carea' id='block_1_62' title="bbox 256 3139 3493 3162">
    <p class='ocr_par' dir='ltr' id='par_1_62' title="bbox 256 3139 3493 3162">
     <span class='ocr_line' id='line_1_62' title="bbox 256 3139 3493 3162; baseline 0 -9"><span class='ocrx_word' id='word_1_466' title='bbox 256 3139 3493 3162; x_wconf 40' lang='grc' dir='ltr'><em>Μ</em></span> 
     </span>
    </p>
   </div>
   <div class='ocr_carea' id='block_1_63' title="bbox 1720 3211 2183 3273">
    <p class='ocr_par' dir='ltr' id='par_1_63' title="bbox 1720 3211 2183 3273">
     <span class='ocr_line' id='line_1_63' title="bbox 1720 3211 2183 3273; baseline -0.002 -1"><span class='ocrx_word' id='word_1_467' title='bbox 1720 3211 2060 3273; x_wconf 80' lang='lat' dir='ltr'><strong>HOMlLlA</strong></span> <span class='ocrx_word' id='word_1_468' title='bbox 2108 3213 2183 3272; x_wconf 91' lang='lat' dir='ltr'><strong>V.</strong></span> 
     </span>
    </p>
   </div>
   <div class='ocr_carea' id='block_1_64' title="bbox 252 3353 1841 3426">
    <p class='ocr_par' dir='ltr' id='par_1_64' title="bbox 252 3353 1841 3426">
     <span class='ocr_line' id='line_1_64' title="bbox 252 3353 1841 3426; baseline -0.008 -10"><span class='ocrx_word' id='word_1_469' title='bbox 252 3366 373 3418; x_wconf 60' lang='lat' dir='ltr'><strong>tiae.</strong></span> <span class='ocrx_word' id='word_1_470' title='bbox 419 3363 471 3416; x_wconf 84' lang='grc'><strong>1.</strong></span> <span class='ocrx_word' id='word_1_471' title='bbox 508 3376 560 3414; x_wconf 86' lang='lat' dir='ltr'><strong>v.</strong></span> <span class='ocrx_word' id='word_1_472' title='bbox 592 3359 683 3414; x_wconf 70' lang='lat'><strong>28.</strong></span> <span class='ocrx_word' id='word_1_473' title='bbox 714 3358 856 3414; x_wconf 81' lang='lat' dir='ltr'><strong>Sicut</strong></span> <span class='ocrx_word' id='word_1_474' title='bbox 892 3373 991 3410; x_wconf 86' lang='lat' dir='ltr'><strong>non</strong></span> <span class='ocrx_word' id='word_1_475' title='bbox 1022 3356 1354 3426; x_wconf 80' lang='lat' dir='ltr'><strong>probaverunt</strong></span> <span class='ocrx_word' id='word_1_476' title='bbox 1390 3353 1548 3407; x_wconf 78' lang='lat' dir='ltr'><strong>Deum</strong></span> <span class='ocrx_word' id='word_1_477' title='bbox 1579 3353 1760 3405; x_wconf 80' lang='lat' dir='ltr'><strong>habere</strong></span> <span class='ocrx_word' id='word_1_478' title='bbox 1791 3358 1841 3405; x_wconf 85' lang='lat' dir='ltr'><strong>in</strong></span> 
     </span>
    </p>
   </div>
   <div class='ocr_carea' id='block_1_65' title="bbox 322 3446 1844 3521">
    <p class='ocr_par' dir='ltr' id='par_1_65' title="bbox 322 3446 1844 3521">
     <span class='ocr_line' id='line_1_65' title="bbox 322 3446 1844 3521; baseline -0.009 -12"><span class='ocrx_word' id='word_1_479' title='bbox 322 3453 771 3521; x_wconf 65' lang='lat' dir='ltr'><strong>notitia,-tradidit</strong></span> <span class='ocrx_word' id='word_1_480' title='bbox 798 3467 881 3505; x_wconf 87' lang='lat' dir='ltr'><strong>eos</strong></span> <span class='ocrx_word' id='word_1_481' title='bbox 903 3448 1155 3504; x_wconf 75' lang='lat' dir='ltr'><strong>Dominus</strong></span> <span class='ocrx_word' id='word_1_482' title='bbox 1178 3450 1230 3502; x_wconf 87' lang='lat' dir='ltr'><strong>in</strong></span> <span class='ocrx_word' id='word_1_483' title='bbox 1253 3446 1519 3518; x_wconf 83' lang='lat' dir='ltr'><strong>reprobum</strong></span> <span class='ocrx_word' id='word_1_484' title='bbox 1549 3460 1771 3509; x_wconf 78' lang='lat' dir='ltr'><strong>sensum,</strong></span> <span class='ocrx_word' id='word_1_485' title='bbox 1790 3452 1844 3496; x_wconf 89' lang='lat' dir='ltr'><strong>ut</strong></span> 
     </span>
    </p>
   </div>
   <div class='ocr_carea' id='block_1_66' title="bbox 324 3542 1261 3618">
    <p class='ocr_par' dir='ltr' id='par_1_66' title="bbox 324 3542 1261 3618">
     <span class='ocr_line' id='line_1_66' title="bbox 324 3542 1261 3618; baseline -0.009 -17"><span class='ocrx_word' id='word_1_486' title='bbox 324 3553 554 3618; x_wconf 77' lang='lat' dir='ltr'><strong>facerent</strong></span> <span class='ocrx_word' id='word_1_487' title='bbox 583 3562 643 3599; x_wconf 85' lang='lat' dir='ltr'><strong>ea</strong></span> <span class='ocrx_word' id='word_1_488' title='bbox 677 3560 790 3613; x_wconf 83' lang='lat' dir='ltr'><strong>qua:</strong></span> <span class='ocrx_word' id='word_1_489' title='bbox 818 3560 916 3596; x_wconf 86' lang='lat' dir='ltr'><strong>non</strong></span> <span class='ocrx_word' id='word_1_490' title='bbox 943 3542 1261 3596; x_wconf 80' lang='lat' dir='ltr'><strong>conveniunt.</strong></span> 
     </span>
    </p>
   </div>
   <div class='ocr_carea' id='block_1_67' title="bbox 323 3626 1844 3698">
    <p class='ocr_par' dir='ltr' id='par_1_67' title="bbox 323 3626 1844 3698">
     <span class='ocr_line' id='line_1_67' title="bbox 323 3626 1844 3698; baseline -0.008 -5"><span class='ocrx_word' id='word_1_491' title='bbox 323 3643 375 3694; x_wconf 88' lang='grc'><strong>1.</strong></span> <span class='ocrx_word' id='word_1_492' title='bbox 419 3638 488 3693; x_wconf 85' lang='lat' dir='ltr'><strong>Ut</strong></span> <span class='ocrx_word' id='word_1_493' title='bbox 514 3652 583 3691; x_wconf 88' lang='lat' dir='ltr'><strong>ne</strong></span> <span class='ocrx_word' id='word_1_494' title='bbox 615 3634 885 3690; x_wconf 87' lang='lat' dir='ltr'><strong>videretur</strong></span> <span class='ocrx_word' id='word_1_495' title='bbox 921 3633 1038 3687; x_wconf 88' lang='lat' dir='ltr'><strong>illos</strong></span> <span class='ocrx_word' id='word_1_496' title='bbox 1063 3631 1421 3695; x_wconf 91' lang='lat' dir='ltr'><strong>subindicare,</strong></span> <span class='ocrx_word' id='word_1_497' title='bbox 1454 3638 1732 3698; x_wconf 82' lang='lat' dir='ltr'><strong>postquam</strong></span> <span class='ocrx_word' id='word_1_498' title='bbox 1757 3626 1844 3681; x_wconf 88' lang='lat' dir='ltr'><strong>diu</strong></span> 
     </span>
    </p>
   </div>
   <div class='ocr_carea' id='block_1_68' title="bbox 251 3718 1845 3800">
    <p class='ocr_par' dir='ltr' id='par_1_68' title="bbox 251 3718 1845 3800">
     <span class='ocr_line' id='line_1_68' title="bbox 251 3718 1845 3800; baseline -0.011 -13"><span class='ocrx_word' id='word_1_499' title='bbox 251 3735 395 3788; x_wconf 88' lang='lat' dir='ltr'><strong>circa</strong></span> <span class='ocrx_word' id='word_1_500' title='bbox 459 3742 746 3800; x_wconf 90' lang='lat' dir='ltr'><strong>puerorum</strong></span> <span class='ocrx_word' id='word_1_501' title='bbox 806 3739 1044 3779; x_wconf 90' lang='lat' dir='ltr'><strong>amorem</strong></span> <span class='ocrx_word' id='word_1_502' title='bbox 1096 3730 1339 3777; x_wconf 88' lang='lat' dir='ltr'><strong>versatus</strong></span> <span class='ocrx_word' id='word_1_503' title='bbox 1387 3720 1578 3784; x_wconf 85' lang='lat' dir='ltr'><strong>fuerat,</strong></span> <span class='ocrx_word' id='word_1_504' title='bbox 1628 3718 1692 3771; x_wconf 92' lang='lat' dir='ltr'><strong>ad</strong></span> <span class='ocrx_word' id='word_1_505' title='bbox 1743 3718 1845 3771; x_wconf 85' lang='lat' dir='ltr'><strong>alia</strong></span> 
     </span>
    </p>
   </div>
   <div class='ocr_carea' id='block_1_69' title="bbox 256 3808 1849 3890">
    <p class='ocr_par' dir='ltr' id='par_1_69' title="bbox 256 3808 1849 3890">
     <span class='ocr_line' id='line_1_69' title="bbox 256 3808 1849 3890; baseline -0.009 -14"><span class='ocrx_word' id='word_1_506' title='bbox 256 3822 455 3878; x_wconf 82' lang='lat' dir='ltr'><strong>deinde</strong></span> <span class='ocrx_word' id='word_1_507' title='bbox 479 3830 817 3890; x_wconf 87' lang='lat' dir='ltr'><strong>peceatorum</strong></span> <span class='ocrx_word' id='word_1_508' title='bbox 842 3830 1040 3886; x_wconf 88' lang='lat' dir='ltr'><strong>genera</strong></span> <span class='ocrx_word' id='word_1_509' title='bbox 1068 3813 1316 3868; x_wconf 86' lang='lat' dir='ltr'><strong>transivit</strong></span> <span class='ocrx_word' id='word_1_510' title='bbox 1343 3831 1357 3866; x_wconf 85' lang='lat'><strong>:</strong></span> <span class='ocrx_word' id='word_1_511' title='bbox 1382 3811 1611 3880; x_wconf 89' lang='lat' dir='ltr'><strong>ideoque</strong></span> <span class='ocrx_word' id='word_1_512' title='bbox 1631 3809 1696 3862; x_wconf 90' lang='lat' dir='ltr'><strong>ad</strong></span> <span class='ocrx_word' id='word_1_513' title='bbox 1716 3808 1849 3862; x_wconf 89' lang='lat' dir='ltr'><strong>alias</strong></span> 
     </span>
    </p>
   </div>
   <div class='ocr_carea' id='block_1_70' title="bbox 254 3903 1845 3983">
    <p class='ocr_par' dir='ltr' id='par_1_70' title="bbox 254 3903 1845 3983">
     <span class='ocr_line' id='line_1_70' title="bbox 254 3903 1845 3983; baseline -0.01 -14"><span class='ocrx_word' id='word_1_514' title='bbox 254 3929 525 3983; x_wconf 77' lang='lat' dir='ltr'><strong>personas</strong></span> <span class='ocrx_word' id='word_1_515' title='bbox 568 3922 732 3964; x_wconf 86' lang='lat' dir='ltr'><strong>totum</strong></span> <span class='ocrx_word' id='word_1_516' title='bbox 776 3923 1077 3963; x_wconf 87' lang='lat' dir='ltr'><strong>sermonem</strong></span> <span class='ocrx_word' id='word_1_517' title='bbox 1111 3904 1384 3961; x_wconf 88' lang='lat' dir='ltr'><strong>transfert.</strong></span> <span class='ocrx_word' id='word_1_518' title='bbox 1413 3903 1480 3958; x_wconf 89' lang='lat' dir='ltr'><strong>Et</strong></span> <span class='ocrx_word' id='word_1_519' title='bbox 1506 3918 1569 3957; x_wconf 89' lang='lat' dir='ltr'><strong>ac</strong></span> <span class='ocrx_word' id='word_1_520' title='bbox 1613 3903 1655 3955; x_wconf 91' lang='lat' dir='ltr'><strong>si</strong></span> <span class='ocrx_word' id='word_1_521' title='bbox 1702 3916 1845 3955; x_wconf 89' lang='lat' dir='ltr'><strong>scm-</strong></span> 
     </span>
    </p>
   </div>
   <div class='ocr_carea' id='block_1_71' title="bbox 257 3994 1845 4076">
    <p class='ocr_par' dir='ltr' id='par_1_71' title="bbox 257 3994 1845 4076">
     <span class='ocr_line' id='line_1_71' title="bbox 257 3994 1845 4076; baseline -0.009 -15"><span class='ocrx_word' id='word_1_522' title='bbox 257 4022 349 4076; x_wconf 82' lang='lat' dir='ltr'><strong>pcr</strong></span> <span class='ocrx_word' id='word_1_523' title='bbox 380 4006 574 4059; x_wconf 76' lang='lat' dir='ltr'><strong>fideles</strong></span> <span class='ocrx_word' id='word_1_524' title='bbox 598 4002 664 4057; x_wconf 88' lang='lat' dir='ltr'><strong>de</strong></span> <span class='ocrx_word' id='word_1_525' title='bbox 695 4001 926 4069; x_wconf 85' lang='lat' dir='ltr'><strong>peccatis</strong></span> <span class='ocrx_word' id='word_1_526' title='bbox 968 4000 1353 4069; x_wconf 89' lang='lat' dir='ltr'><strong>alloqueretur,</strong></span> <span class='ocrx_word' id='word_1_527' title='bbox 1402 4006 1458 4050; x_wconf 91' lang='lat' dir='ltr'><strong>ut</strong></span> <span class='ocrx_word' id='word_1_528' title='bbox 1488 3996 1573 4049; x_wconf 90' lang='lat' dir='ltr'><strong>illa</strong></span> <span class='ocrx_word' id='word_1_529' title='bbox 1601 3994 1845 4064; x_wconf 88' lang='lat' dir='ltr'><strong>fugienda</strong></span> 
     </span>
    </p>
   </div>
   <div class='ocr_carea' id='block_1_72' title="bbox 256 4086 1845 4161">
    <p class='ocr_par' dir='ltr' id='par_1_72' title="bbox 256 4086 1845 4161">
     <span class='ocr_line' id='line_1_72' title="bbox 256 4086 1845 4161; baseline -0.009 -9"><span class='ocrx_word' id='word_1_530' title='bbox 256 4114 375 4152; x_wconf 84' lang='lat' dir='ltr'><strong>esse</strong></span> <span class='ocrx_word' id='word_1_531' title='bbox 430 4102 854 4157; x_wconf 82' lang='lat' dir='ltr'><strong>eumtnonstret,</strong></span> <span class='ocrx_word' id='word_1_532' title='bbox 912 4101 1099 4161; x_wconf 84' lang='lat' dir='ltr'><strong>gentes</strong></span> <span class='ocrx_word' id='word_1_533' title='bbox 1165 4092 1215 4144; x_wconf 95' lang='lat' dir='ltr'><strong>in</strong></span> <span class='ocrx_word' id='word_1_534' title='bbox 1278 4088 1509 4143; x_wconf 89' lang='lat' dir='ltr'><strong>medium</strong></span> <span class='ocrx_word' id='word_1_535' title='bbox 1582 4086 1845 4156; x_wconf 91' lang='lat' dir='ltr'><strong>producit,</strong></span> 
     </span>
    </p>
   </div>
   <div class='ocr_carea' id='block_1_73' title="bbox 258 4177 1847 4252">
    <p class='ocr_par' dir='ltr' id='par_1_73' title="bbox 258 4177 1847 4252">
     <span class='ocr_line' id='line_1_73' title="bbox 258 4177 1847 4252; baseline -0.009 -9"><span class='ocrx_word' id='word_1_536' title='bbox 258 4192 448 4245; x_wconf 87' lang='lat' dir='ltr'><strong>dicens</strong></span> <span class='ocrx_word' id='word_1_537' title='bbox 496 4206 509 4243; x_wconf 90' lang='lat'><strong>:</strong></span> <span class='ocrx_word' id='word_1_538' title='bbox 562 4186 687 4240; x_wconf 86' lang='lat' dir='ltr'><strong>Non</strong></span> <span class='ocrx_word' id='word_1_539' title='bbox 744 4185 797 4239; x_wconf 90' lang='lat' dir='ltr'><strong>in</strong></span> <span class='ocrx_word' id='word_1_540' title='bbox 857 4184 1089 4252; x_wconf 75' lang='lat' dir='ltr'><strong>passione</strong></span> <span class='ocrx_word' id='word_1_541' title='bbox 1141 4181 1397 4245; x_wconf 78' lang='lat' dir='ltr'><strong>desiderii,</strong></span> <span class='ocrx_word' id='word_1_542' title='bbox 1450 4180 1576 4232; x_wconf 79' lang='lat' dir='ltr'><strong>sicut</strong></span> <span class='ocrx_word' id='word_1_543' title='bbox 1627 4186 1673 4231; x_wconf 86' lang='lat' dir='ltr'><strong>et</strong></span> <span class='ocrx_word' id='word_1_544' title='bbox 1726 4177 1847 4230; x_wconf 81' lang='lat' dir='ltr'><strong>reli-</strong></span> 
     </span>
    </p>
   </div>
   <div class='ocr_carea' id='block_1_74' title="bbox 259 4267 1845 4349">
    <p class='ocr_par' dir='ltr' id='par_1_74' title="bbox 259 4267 1845 4349">
     <span class='ocr_line' id='line_1_74' title="bbox 259 4267 1845 4349; baseline -0.007 -18"><span class='ocrx_word' id='word_1_545' title='bbox 259 4297 370 4349; x_wconf 68' lang='lat' dir='ltr'><strong>qua!</strong></span> <span class='ocrx_word' id='word_1_546' title='bbox 421 4288 614 4348; x_wconf 84' lang='lat' dir='ltr'><strong>gentes.</strong></span> <span class='ocrx_word' id='word_1_547' title='bbox 667 4293 780 4346; x_wconf 69' lang='lat' dir='ltr'><strong>quia</strong></span> <span class='ocrx_word' id='word_1_548' title='bbox 824 4274 984 4327; x_wconf 85' lang='lat' dir='ltr'><strong>Deum</strong></span> <span class='ocrx_word' id='word_1_549' title='bbox 1032 4288 1135 4327; x_wconf 88' lang='lat' dir='ltr'><strong>non</strong></span> <span class='ocrx_word' id='word_1_550' title='bbox 1183 4279 1425 4324; x_wconf 86' lang='lat' dir='ltr'><strong>noverunt</strong></span> <span class='ocrx_word' id='word_1_551' title='bbox 1465 4270 1541 4338; x_wconf 95' lang='grc'><strong>(1.</strong></span> <span class='ocrx_word' id='word_1_552' title='bbox 1588 4267 1758 4321; x_wconf 80' lang='lat' dir='ltr'><strong>Thess.</strong></span> <span class='ocrx_word' id='word_1_553' title='bbox 1794 4267 1845 4321; x_wconf 76' lang='grc'><strong>4.</strong></span> 
     </span>
    </p>
   </div>
   <div class='ocr_carea' id='block_1_75' title="bbox 260 4360 1852 4441">
    <p class='ocr_par' dir='ltr' id='par_1_75' title="bbox 260 4360 1852 4441">
     <span class='ocr_line' id='line_1_75' title="bbox 260 4360 1852 4441; baseline -0.011 -12"><span class='ocrx_word' id='word_1_554' title='bbox 260 4375 315 4441; x_wconf 82' lang='grc'><strong>5)</strong></span> <span class='ocrx_word' id='word_1_555' title='bbox 349 4393 361 4428; x_wconf 92' lang='lat'>:</span> <span class='ocrx_word' id='word_1_556' title='bbox 391 4383 448 4427; x_wconf 85' lang='lat' dir='ltr'><strong>et</strong></span> <span class='ocrx_word' id='word_1_557' title='bbox 479 4385 714 4434; x_wconf 88' lang='lat' dir='ltr'><strong>rursum,</strong></span> <span class='ocrx_word' id='word_1_558' title='bbox 762 4367 843 4421; x_wconf 80' lang='lat' dir='ltr'><strong>Ne</strong></span> <span class='ocrx_word' id='word_1_559' title='bbox 871 4365 1235 4420; x_wconf 85' lang='lat' dir='ltr'><strong>contristemini</strong></span> <span class='ocrx_word' id='word_1_560' title='bbox 1258 4404 1272 4427; x_wconf 88' lang='lat'><strong>,</strong></span> <span class='ocrx_word' id='word_1_561' title='bbox 1306 4364 1433 4415; x_wconf 83' lang='lat' dir='ltr'><strong>sicut</strong></span> <span class='ocrx_word' id='word_1_562' title='bbox 1470 4372 1515 4414; x_wconf 88' lang='lat' dir='ltr'><strong>et</strong></span> <span class='ocrx_word' id='word_1_563' title='bbox 1558 4361 1741 4417; x_wconf 80' lang='lat' dir='ltr'><strong>cwteri,</strong></span> <span class='ocrx_word' id='word_1_564' title='bbox 1766 4360 1852 4429; x_wconf 84' lang='lat' dir='ltr'><strong>qni</strong></span> 
     </span>
    </p>
   </div>
   <div class='ocr_carea' id='block_1_76' title="bbox 261 4456 1850 4536">
    <p class='ocr_par' dir='ltr' id='par_1_76' title="bbox 261 4456 1850 4536">
     <span class='ocr_line' id='line_1_76' title="bbox 261 4456 1850 4536; baseline -0.006 -17"><span class='ocrx_word' id='word_1_565' title='bbox 261 4484 402 4536; x_wconf 77' lang='lat' dir='ltr'><strong>spem</strong></span> <span class='ocrx_word' id='word_1_566' title='bbox 431 4483 534 4517; x_wconf 89' lang='lat' dir='ltr'><strong>non</strong></span> <span class='ocrx_word' id='word_1_567' title='bbox 561 4464 742 4517; x_wconf 74' lang='lat' dir='ltr'><strong>habent</strong></span> <span class='ocrx_word' id='word_1_568' title='bbox 772 4460 930 4533; x_wconf 83' lang='lat' dir='ltr'><strong>(Ibid.</strong></span> <span class='ocrx_word' id='word_1_569' title='bbox 966 4476 1013 4514; x_wconf 83' lang='grc' dir='ltr'><strong>υ.</strong></span> <span class='ocrx_word' id='word_1_570' title='bbox 1050 4460 1136 4530; x_wconf 77' lang='grc'><strong>13)</strong></span> <span class='ocrx_word' id='word_1_571' title='bbox 1162 4475 1174 4511; x_wconf 93' lang='lat'>:</span> <span class='ocrx_word' id='word_1_572' title='bbox 1204 4460 1280 4512; x_wconf 91' lang='lat' dir='ltr'><strong>sic</strong></span> <span class='ocrx_word' id='word_1_573' title='bbox 1302 4467 1354 4512; x_wconf 91' lang='lat' dir='ltr'><strong>et</strong></span> <span class='ocrx_word' id='word_1_574' title='bbox 1381 4457 1481 4511; x_wconf 87' lang='lat' dir='ltr'><strong>hoc</strong></span> <span class='ocrx_word' id='word_1_575' title='bbox 1502 4457 1618 4510; x_wconf 86' lang='lat' dir='ltr'><strong>loco</strong></span> <span class='ocrx_word' id='word_1_576' title='bbox 1640 4456 1850 4509; x_wconf 89' lang='lat' dir='ltr'><strong>illorttut</strong></span> 
     </span>
    </p>
   </div>
   <div class='ocr_carea' id='block_1_77' title="bbox 268 4547 1848 4624">
    <p class='ocr_par' dir='ltr' id='par_1_77' title="bbox 268 4547 1848 4624">
     <span class='ocr_line' id='line_1_77' title="bbox 268 4547 1848 4624; baseline -0.006 -14"><span class='ocrx_word' id='word_1_577' title='bbox 268 4566 488 4624; x_wconf 81' lang='lat' dir='ltr'><strong>peccata</strong></span> <span class='ocrx_word' id='word_1_578' title='bbox 520 4555 769 4619; x_wconf 81' lang='lat' dir='ltr'><strong>exhibet,</strong></span> <span class='ocrx_word' id='word_1_579' title='bbox 803 4552 1027 4621; x_wconf 86' lang='lat' dir='ltr'><strong>illosque</strong></span> <span class='ocrx_word' id='word_1_580' title='bbox 1070 4549 1137 4605; x_wconf 87' lang='lat' dir='ltr'><strong>ab</strong></span> <span class='ocrx_word' id='word_1_581' title='bbox 1178 4550 1323 4603; x_wconf 90' lang='lat' dir='ltr'><strong>omni</strong></span> <span class='ocrx_word' id='word_1_582' title='bbox 1370 4548 1523 4602; x_wconf 88' lang='lat' dir='ltr'><strong>venia</strong></span> <span class='ocrx_word' id='word_1_583' title='bbox 1566 4547 1848 4601; x_wconf 88' lang='lat' dir='ltr'><strong>deturbat:</strong></span> 
     </span>
    </p>
   </div>
   <div class='ocr_carea' id='block_1_78' title="bbox 269 4639 1852 4717">
    <p class='ocr_par' dir='ltr' id='par_1_78' title="bbox 269 4639 1852 4717">
     <span class='ocr_line' id='line_1_78' title="bbox 269 4639 1852 4717; baseline -0.008 -14"><span class='ocrx_word' id='word_1_584' title='bbox 269 4668 373 4703; x_wconf 87' lang='lat' dir='ltr'><strong>non</strong></span> <span class='ocrx_word' id='word_1_585' title='bbox 400 4649 543 4703; x_wconf 87' lang='lat' dir='ltr'><strong>enim</strong></span> <span class='ocrx_word' id='word_1_586' title='bbox 572 4662 668 4717; x_wconf 89' lang='lat' dir='ltr'><strong>per</strong></span> <span class='ocrx_word' id='word_1_587' title='bbox 693 4645 1042 4714; x_wconf 84' lang='lat' dir='ltr'><strong>ignorantiam</strong></span> <span class='ocrx_word' id='word_1_588' title='bbox 1080 4641 1340 4706; x_wconf 87' lang='lat' dir='ltr'><strong>admissa,</strong></span> <span class='ocrx_word' id='word_1_589' title='bbox 1374 4642 1466 4695; x_wconf 89' lang='lat' dir='ltr'><strong>scd</strong></span> <span class='ocrx_word' id='word_1_590' title='bbox 1495 4640 1743 4694; x_wconf 90' lang='lat' dir='ltr'><strong>meditata</strong></span> <span class='ocrx_word' id='word_1_591' title='bbox 1770 4639 1852 4692; x_wconf 87' lang='lat' dir='ltr'><strong>di-</strong></span> 
     </span>
    </p>
   </div>
   <div class='ocr_carea' id='block_1_79' title="bbox 265 4733 1853 4807">
    <p class='ocr_par' dir='ltr' id='par_1_79' title="bbox 265 4733 1853 4807">
     <span class='ocr_line' id='line_1_79' title="bbox 265 4733 1853 4807; baseline -0.008 -10"><span class='ocrx_word' id='word_1_592' title='bbox 265 4744 337 4798; x_wconf 89' lang='lat' dir='ltr'><strong>cit</strong></span> <span class='ocrx_word' id='word_1_593' title='bbox 362 4758 485 4799; x_wconf 87' lang='lat' dir='ltr'><strong>esse</strong></span> <span class='ocrx_word' id='word_1_594' title='bbox 517 4741 773 4796; x_wconf 89' lang='lat' dir='ltr'><strong>facinora.</strong></span> <span class='ocrx_word' id='word_1_595' title='bbox 806 4740 1140 4807; x_wconf 85' lang='lat' dir='ltr'><strong>Quapropter</strong></span> <span class='ocrx_word' id='word_1_596' title='bbox 1168 4752 1272 4790; x_wconf 89' lang='lat' dir='ltr'><strong>non</strong></span> <span class='ocrx_word' id='word_1_597' title='bbox 1295 4734 1424 4789; x_wconf 88' lang='lat' dir='ltr'><strong>dicit</strong></span> <span class='ocrx_word' id='word_1_598' title='bbox 1453 4750 1466 4786; x_wconf 91' lang='lat'>:</span> <span class='ocrx_word' id='word_1_599' title='bbox 1497 4733 1564 4787; x_wconf 86' lang='lat' dir='ltr'><strong>Et</strong></span> <span class='ocrx_word' id='word_1_600' title='bbox 1585 4734 1722 4788; x_wconf 88' lang='lat' dir='ltr'><strong>sicut</strong></span> <span class='ocrx_word' id='word_1_601' title='bbox 1750 4748 1853 4785; x_wconf 91' lang='lat' dir='ltr'><strong>non</strong></span> 
     </span>
    </p>
   </div>
   <div class='ocr_carea' id='block_1_80' title="bbox 267 4823 1857 4905">
    <p class='ocr_par' dir='ltr' id='par_1_80' title="bbox 267 4823 1857 4905">
     <span class='ocr_line' id='line_1_80' title="bbox 267 4823 1857 4905; baseline -0.007 -18"><span class='ocrx_word' id='word_1_602' title='bbox 267 4844 664 4905; x_wconf 84' lang='lat' dir='ltr'><strong>cognoverunt;</strong></span> <span class='ocrx_word' id='word_1_603' title='bbox 689 4830 804 4894; x_wconf 90' lang='lat' dir='ltr'><strong>sed,</strong></span> <span class='ocrx_word' id='word_1_604' title='bbox 834 4830 980 4883; x_wconf 80' lang='lat' dir='ltr'><strong>Sicut</strong></span> <span class='ocrx_word' id='word_1_605' title='bbox 1006 4846 1105 4882; x_wconf 88' lang='lat' dir='ltr'><strong>non</strong></span> <span class='ocrx_word' id='word_1_606' title='bbox 1132 4826 1464 4898; x_wconf 85' lang='lat' dir='ltr'><strong>probaverunt</strong></span> <span class='ocrx_word' id='word_1_607' title='bbox 1489 4824 1652 4877; x_wconf 88' lang='lat' dir='ltr'><strong>Deum</strong></span> <span class='ocrx_word' id='word_1_608' title='bbox 1678 4823 1857 4876; x_wconf 78' lang='lat' dir='ltr'><strong>habere</strong></span> 
     </span>
    </p>
   </div>
   <div class='ocr_carea' id='block_1_81' title="bbox 268 4916 1855 4988">
    <p class='ocr_par' dir='ltr' id='par_1_81' title="bbox 268 4916 1855 4988">
     <span class='ocr_line' id='line_1_81' title="bbox 268 4916 1855 4988; baseline -0.006 -11"><span class='ocrx_word' id='word_1_609' title='bbox 268 4927 318 4977; x_wconf 79' lang='lat' dir='ltr'><strong>in</strong></span> <span class='ocrx_word' id='word_1_610' title='bbox 355 4925 567 4986; x_wconf 79' lang='lat' dir='ltr'><strong>notitia;</strong></span> <span class='ocrx_word' id='word_1_611' title='bbox 597 4938 663 4975; x_wconf 82' lang='lat' dir='ltr'><strong>ex</strong></span> <span class='ocrx_word' id='word_1_612' title='bbox 702 4928 952 4988; x_wconf 88' lang='lat' dir='ltr'><strong>corrupto</strong></span> <span class='ocrx_word' id='word_1_613' title='bbox 988 4917 1191 4988; x_wconf 90' lang='lat' dir='ltr'><strong>judicio</strong></span> <span class='ocrx_word' id='word_1_614' title='bbox 1222 4926 1276 4971; x_wconf 91' lang='lat' dir='ltr'><strong>et</strong></span> <span class='ocrx_word' id='word_1_615' title='bbox 1299 4932 1363 4971; x_wconf 85' lang='lat' dir='ltr'><strong>ex</strong></span> <span class='ocrx_word' id='word_1_616' title='bbox 1386 4916 1727 4970; x_wconf 83' lang='lat' dir='ltr'><strong>contentiOue</strong></span> <span class='ocrx_word' id='word_1_617' title='bbox 1758 4930 1855 4984; x_wconf 85' lang='lat' dir='ltr'><strong>po-</strong></span> 
     </span>
    </p>
   </div>
   <div class='ocr_carea' id='block_1_82' title="bbox 271 5010 1857 5083">
    <p class='ocr_par' dir='ltr' id='par_1_82' title="bbox 271 5010 1857 5083">
     <span class='ocr_line' id='line_1_82' title="bbox 271 5010 1857 5083; baseline -0.004 -17"><span class='ocrx_word' id='word_1_618' title='bbox 271 5016 373 5068; x_wconf 90' lang='lat' dir='ltr'><strong>tius</strong></span> <span class='ocrx_word' id='word_1_619' title='bbox 395 5030 553 5083; x_wconf 77' lang='lat' dir='ltr'><strong>quam</strong></span> <span class='ocrx_word' id='word_1_620' title='bbox 586 5028 650 5066; x_wconf 75' lang='lat' dir='ltr'><strong>ex</strong></span> <span class='ocrx_word' id='word_1_621' title='bbox 676 5011 859 5081; x_wconf 89' lang='lat' dir='ltr'><strong>rapina</strong></span> <span class='ocrx_word' id='word_1_622' title='bbox 890 5010 1074 5064; x_wconf 89' lang='lat' dir='ltr'><strong>dicens</strong></span> <span class='ocrx_word' id='word_1_623' title='bbox 1101 5022 1222 5062; x_wconf 85' lang='lat' dir='ltr'><strong>esse</strong></span> <span class='ocrx_word' id='word_1_624' title='bbox 1256 5015 1527 5076; x_wconf 88' lang='lat' dir='ltr'><strong>peccatum</strong></span> <span class='ocrx_word' id='word_1_625' title='bbox 1551 5046 1567 5071; x_wconf 97' lang='lat'><strong>,</strong></span> <span class='ocrx_word' id='word_1_626' title='bbox 1596 5014 1649 5060; x_wconf 88' lang='lat' dir='ltr'><strong>et</strong></span> <span class='ocrx_word' id='word_1_627' title='bbox 1672 5014 1857 5060; x_wconf 88' lang='lat' dir='ltr'><strong>osten-</strong></span> 
     </span>
    </p>
   </div>
   <div class='ocr_carea' id='block_1_83' title="bbox 271 5095 1854 5168">
    <p class='ocr_par' dir='ltr' id='par_1_83' title="bbox 271 5095 1854 5168">
     <span class='ocr_line' id='line_1_83' title="bbox 271 5095 1854 5168; baseline -0.005 -11"><span class='ocrx_word' id='word_1_628' title='bbox 271 5105 407 5158; x_wconf 85' lang='lat' dir='ltr'><strong>deus</strong></span> <span class='ocrx_word' id='word_1_629' title='bbox 436 5118 543 5158; x_wconf 91' lang='lat' dir='ltr'><strong>non</strong></span> <span class='ocrx_word' id='word_1_630' title='bbox 574 5117 643 5157; x_wconf 75' lang='lat' dir='ltr'><strong>ex</strong></span> <span class='ocrx_word' id='word_1_631' title='bbox 670 5116 831 5155; x_wconf 85' lang='lat' dir='ltr'><strong>carne</strong></span> <span class='ocrx_word' id='word_1_632' title='bbox 850 5139 866 5166; x_wconf 91' lang='lat'><strong>,</strong></span> <span class='ocrx_word' id='word_1_633' title='bbox 905 5107 961 5153; x_wconf 91' lang='lat' dir='ltr'><strong>ut</strong></span> <span class='ocrx_word' id='word_1_634' title='bbox 990 5097 1205 5168; x_wconf 89' lang='lat' dir='ltr'><strong>quidam</strong></span> <span class='ocrx_word' id='word_1_635' title='bbox 1238 5098 1605 5151; x_wconf 67' lang='lat' dir='ltr'><strong>harrcticorum</strong></span> <span class='ocrx_word' id='word_1_636' title='bbox 1636 5095 1818 5150; x_wconf 88' lang='lat' dir='ltr'><strong>dicunt</strong></span> <span class='ocrx_word' id='word_1_637' title='bbox 1838 5137 1854 5162; x_wconf 93' lang='lat'><strong>,</strong></span> 
     </span>
    </p>
   </div>
   <div class='ocr_carea' id='block_1_84' title="bbox 273 5187 1857 5255">
    <p class='ocr_par' dir='ltr' id='par_1_84' title="bbox 273 5187 1857 5255">
     <span class='ocr_line' id='line_1_84' title="bbox 273 5187 1857 5255; baseline -0.004 -8"><span class='ocrx_word' id='word_1_638' title='bbox 273 5194 367 5247; x_wconf 83' lang='lat' dir='ltr'><strong>sed</strong></span> <span class='ocrx_word' id='word_1_639' title='bbox 394 5211 458 5248; x_wconf 79' lang='lat' dir='ltr'><strong>ex</strong></span> <span class='ocrx_word' id='word_1_640' title='bbox 482 5193 665 5246; x_wconf 90' lang='lat' dir='ltr'><strong>animo</strong></span> <span class='ocrx_word' id='word_1_641' title='bbox 692 5200 745 5246; x_wconf 89' lang='lat' dir='ltr'><strong>et</strong></span> <span class='ocrx_word' id='word_1_642' title='bbox 775 5202 954 5245; x_wconf 89' lang='lat' dir='ltr'><strong>mente</strong></span> <span class='ocrx_word' id='word_1_643' title='bbox 981 5189 1135 5244; x_wconf 76' lang='lat' dir='ltr'><strong>mala:</strong></span> <span class='ocrx_word' id='word_1_644' title='bbox 1166 5187 1607 5255; x_wconf 75' lang='lat' dir='ltr'><strong>concupiscentia:</strong></span> <span class='ocrx_word' id='word_1_645' title='bbox 1646 5197 1857 5255; x_wconf 85' lang='lat' dir='ltr'><strong>peccata</strong></span> 
     </span>
    </p>
   </div>
   <div class='ocr_carea' id='block_1_85' title="bbox 275 5280 1857 5355">
    <p class='ocr_par' dir='ltr' id='par_1_85' title="bbox 275 5280 1857 5355">
     <span class='ocr_line' id='line_1_85' title="bbox 275 5280 1857 5355; baseline -0.005 -15"><span class='ocrx_word' id='word_1_646' title='bbox 275 5285 541 5355; x_wconf 78' lang='lat' dir='ltr'><strong>proﬁcisci</strong></span> <span class='ocrx_word' id='word_1_647' title='bbox 567 5326 581 5349; x_wconf 90' lang='lat'><strong>,</strong></span> <span class='ocrx_word' id='word_1_648' title='bbox 615 5293 669 5338; x_wconf 91' lang='lat' dir='ltr'><strong>et</strong></span> <span class='ocrx_word' id='word_1_649' title='bbox 708 5284 848 5337; x_wconf 90' lang='lat' dir='ltr'><strong>hunc</strong></span> <span class='ocrx_word' id='word_1_650' title='bbox 893 5296 1012 5337; x_wconf 88' lang='lat' dir='ltr'><strong>esse</strong></span> <span class='ocrx_word' id='word_1_651' title='bbox 1058 5280 1316 5334; x_wconf 87' lang='lat' dir='ltr'><strong>malorum</strong></span> <span class='ocrx_word' id='word_1_652' title='bbox 1353 5280 1589 5333; x_wconf 91' lang='lat' dir='ltr'><strong>omnium</strong></span> <span class='ocrx_word' id='word_1_653' title='bbox 1638 5280 1857 5332; x_wconf 89' lang='lat' dir='ltr'><strong>fontem.</strong></span> 
     </span>
    </p>
   </div>
   <div class='ocr_carea' id='block_1_86' title="bbox 277 5370 1860 5447">
    <p class='ocr_par' dir='ltr' id='par_1_86' title="bbox 277 5370 1860 5447">
     <span class='ocr_line' id='line_1_86' title="bbox 277 5370 1860 5447; baseline -0.003 -18"><span class='ocrx_word' id='word_1_654' title='bbox 277 5377 565 5447; x_wconf 68' lang='lat' dir='ltr'><strong>Postquam</strong></span> <span class='ocrx_word' id='word_1_655' title='bbox 594 5377 736 5431; x_wconf 90' lang='lat' dir='ltr'><strong>enim</strong></span> <span class='ocrx_word' id='word_1_656' title='bbox 766 5389 918 5429; x_wconf 85' lang='lat' dir='ltr'><strong>mens</strong></span> <span class='ocrx_word' id='word_1_657' title='bbox 947 5372 1176 5441; x_wconf 87' lang='lat' dir='ltr'><strong>reproba</strong></span> <span class='ocrx_word' id='word_1_658' title='bbox 1208 5371 1342 5425; x_wconf 84' lang='lat' dir='ltr'><strong>facta</strong></span> <span class='ocrx_word' id='word_1_659' title='bbox 1372 5380 1455 5425; x_wconf 91' lang='lat' dir='ltr'><strong>est</strong></span> <span class='ocrx_word' id='word_1_660' title='bbox 1477 5412 1491 5436; x_wconf 94' lang='lat'><strong>,</strong></span> <span class='ocrx_word' id='word_1_661' title='bbox 1524 5370 1703 5439; x_wconf 90' lang='lat' dir='ltr'><strong>auriga</strong></span> <span class='ocrx_word' id='word_1_662' title='bbox 1734 5384 1860 5425; x_wconf 84' lang='lat' dir='ltr'><strong>cor-</strong></span> 
     </span>
    </p>
   </div>
   <div class='ocr_carea' id='block_1_87' title="bbox 277 5461 1860 5536">
    <p class='ocr_par' dir='ltr' id='par_1_87' title="bbox 277 5461 1860 5536">
     <span class='ocr_line' id='line_1_87' title="bbox 277 5461 1860 5536; baseline -0.002 -17"><span class='ocrx_word' id='word_1_663' title='bbox 277 5478 467 5536; x_wconf 84' lang='lat' dir='ltr'><strong>rupto,</strong></span> <span class='ocrx_word' id='word_1_664' title='bbox 489 5466 665 5519; x_wconf 84' lang='lat' dir='ltr'><strong>omnia</strong></span> <span class='ocrx_word' id='word_1_665' title='bbox 711 5464 925 5519; x_wconf 90' lang='lat' dir='ltr'><strong>demum</strong></span> <span class='ocrx_word' id='word_1_666' title='bbox 956 5462 1336 5517; x_wconf 90' lang='lat' dir='ltr'><strong>labefactantur</strong></span> <span class='ocrx_word' id='word_1_667' title='bbox 1362 5470 1414 5515; x_wconf 91' lang='lat' dir='ltr'><strong>et</strong></span> <span class='ocrx_word' id='word_1_668' title='bbox 1465 5461 1860 5516; x_wconf 74' lang='lat' dir='ltr'><strong>subvertantur.</strong></span> 
     </span>
    </p>
   </div>
   <div class='ocr_carea' id='block_1_88' title="bbox 276 5552 1859 5626">
    <p class='ocr_par' dir='ltr' id='par_1_88' title="bbox 276 5552 1859 5626">
     <span class='ocr_line' id='line_1_88' title="bbox 276 5552 1859 5626; baseline -0.004 -15"><span class='ocrx_word' id='word_1_669' title='bbox 276 5558 365 5611; x_wconf 75' lang='lat'><strong>‘29.</strong></span> <span class='ocrx_word' id='word_1_670' title='bbox 401 5556 631 5626; x_wconf 76' lang='lat' dir='ltr'><strong>Repletos</strong></span> <span class='ocrx_word' id='word_1_671' title='bbox 658 5558 790 5610; x_wconf 87' lang='lat' dir='ltr'><strong>omni</strong></span> <span class='ocrx_word' id='word_1_672' title='bbox 818 5556 1099 5625; x_wconf 83' lang='lat' dir='ltr'><strong>iniquitate,</strong></span> <span class='ocrx_word' id='word_1_673' title='bbox 1128 5554 1364 5622; x_wconf 82' lang='lat' dir='ltr'><strong>nequitia,</strong></span> <span class='ocrx_word' id='word_1_674' title='bbox 1390 5552 1623 5614; x_wconf 76' lang='lat' dir='ltr'><strong>avaritia,</strong></span> <span class='ocrx_word' id='word_1_675' title='bbox 1646 5552 1859 5605; x_wconf 86' lang='lat' dir='ltr'><strong>malitia.</strong></span> 
     </span>
    </p>
   </div>
   <div class='ocr_carea' id='block_1_89' title="bbox 284 5641 1865 5714">
    <p class='ocr_par' dir='ltr' id='par_1_89' title="bbox 284 5641 1865 5714">
     <span class='ocr_line' id='line_1_89' title="bbox 284 5641 1865 5714; baseline -0.002 -15"><span class='ocrx_word' id='word_1_676' title='bbox 284 5649 317 5699; x_wconf 85' lang='lat'><strong>\&#39;</strong></span> <span class='ocrx_word' id='word_1_677' title='bbox 332 5650 416 5701; x_wconf 84' lang='lat' dir='ltr'><strong>ide</strong></span> <span class='ocrx_word' id='word_1_678' title='bbox 440 5690 455 5712; x_wconf 87' lang='lat'><strong>,</strong></span> <span class='ocrx_word' id='word_1_679' title='bbox 484 5648 661 5700; x_wconf 86' lang='lat' dir='ltr'><strong>omnia</strong></span> <span class='ocrx_word' id='word_1_680' title='bbox 692 5646 971 5701; x_wconf 89' lang='lat' dir='ltr'><strong>confertim</strong></span> <span class='ocrx_word' id='word_1_681' title='bbox 1002 5662 1016 5698; x_wconf 91' lang='lat'>:</span> <span class='ocrx_word' id='word_1_682' title='bbox 1048 5660 1168 5699; x_wconf 90' lang='lat' dir='ltr'><strong>nam</strong></span> <span class='ocrx_word' id='word_1_683' title='bbox 1201 5643 1439 5714; x_wconf 82' lang='lat' dir='ltr'><strong>lleplctos</strong></span> <span class='ocrx_word' id='word_1_684' title='bbox 1469 5641 1587 5696; x_wconf 86' lang='lat' dir='ltr'><strong>illos</strong></span> <span class='ocrx_word' id='word_1_685' title='bbox 1612 5641 1778 5711; x_wconf 87' lang='lat' dir='ltr'><strong>dicit,</strong></span> <span class='ocrx_word' id='word_1_686' title='bbox 1810 5652 1865 5696; x_wconf 84' lang='lat' dir='ltr'><strong>et</strong></span> 
     </span>
    </p>
   </div>
   <div class='ocr_carea' id='block_1_90' title="bbox 288 5733 1859 5807">
    <p class='ocr_par' dir='ltr' id='par_1_90' title="bbox 288 5733 1859 5807">
     <span class='ocr_line' id='line_1_90' title="bbox 288 5733 1859 5807; baseline -0.004 -12"><span class='ocrx_word' id='word_1_687' title='bbox 288 5740 470 5804; x_wconf 74' lang='lat' dir='ltr'><strong><em>Omni;</em></strong></span> <span class='ocrx_word' id='word_1_688' title='bbox 499 5748 550 5793; x_wconf 88' lang='lat' dir='ltr'><strong>ct</strong></span> <span class='ocrx_word' id='word_1_689' title='bbox 581 5752 699 5792; x_wconf 90' lang='lat' dir='ltr'><strong>cum</strong></span> <span class='ocrx_word' id='word_1_690' title='bbox 731 5737 985 5794; x_wconf 87' lang='lat' dir='ltr'><strong>malitiam</strong></span> <span class='ocrx_word' id='word_1_691' title='bbox 1017 5736 1069 5790; x_wconf 94' lang='lat' dir='ltr'><strong>in</strong></span> <span class='ocrx_word' id='word_1_692' title='bbox 1111 5750 1307 5807; x_wconf 83' lang='lat' dir='ltr'><strong>genere</strong></span> <span class='ocrx_word' id='word_1_693' title='bbox 1347 5734 1706 5795; x_wconf 90' lang='lat' dir='ltr'><strong>nominasset.</strong></span> <span class='ocrx_word' id='word_1_694' title='bbox 1748 5733 1859 5803; x_wconf 80' lang='lat' dir='ltr'><strong>jam</strong></span> 
     </span>
    </p>
   </div>
   <div class='ocr_carea' id='block_1_91' title="bbox 1949 3350 3529 3428">
    <p class='ocr_par' dir='ltr' id='par_1_91' title="bbox 1949 3350 3529 3428">
     <span class='ocr_line' id='line_1_91' title="bbox 1949 3350 3529 3428; baseline 0.013 -30"><span class='ocrx_word' id='word_1_695' title='bbox 1949 3362 2126 3415; x_wconf 77' lang='lat' dir='ltr'><strong>partes</strong></span> <span class='ocrx_word' id='word_1_696' title='bbox 2168 3351 2285 3419; x_wconf 86' lang='lat' dir='ltr'><strong>ejus</strong></span> <span class='ocrx_word' id='word_1_697' title='bbox 2332 3351 2702 3421; x_wconf 86' lang='lat' dir='ltr'><strong>prosequitur,</strong></span> <span class='ocrx_word' id='word_1_698' title='bbox 2741 3361 2795 3406; x_wconf 91' lang='lat' dir='ltr'><strong>et</strong></span> <span class='ocrx_word' id='word_1_699' title='bbox 2821 3350 2914 3407; x_wconf 83' lang='lat' dir='ltr'><strong>ltas</strong></span> <span class='ocrx_word' id='word_1_700' title='bbox 2943 3369 3062 3409; x_wconf 92' lang='lat' dir='ltr'><strong>cum</strong></span> <span class='ocrx_word' id='word_1_701' title='bbox 3093 3354 3415 3428; x_wconf 81' lang='lat' dir='ltr'><strong>hyperbole,</strong></span> <span class='ocrx_word' id='word_1_702' title='bbox 3444 3363 3529 3419; x_wconf 85' lang='lat' dir='ltr'><strong>di-</strong></span> 
     </span>
    </p>
   </div>
   <div class='ocr_carea' id='block_1_92' title="bbox 1949 3441 3527 3521">
    <p class='ocr_par' dir='ltr' id='par_1_92' title="bbox 1949 3441 3527 3521">
     <span class='ocr_line' id='line_1_92' title="bbox 1949 3441 3527 3521; baseline 0.008 -26"><span class='ocrx_word' id='word_1_703' title='bbox 1949 3457 2105 3505; x_wconf 86' lang='lat' dir='ltr'><strong>cens,</strong></span> <span class='ocrx_word' id='word_1_704' title='bbox 2136 3441 2325 3495; x_wconf 84' lang='lat' dir='ltr'><strong>Plenos</strong></span> <span class='ocrx_word' id='word_1_705' title='bbox 2352 3443 2540 3494; x_wconf 83' lang='lat' dir='ltr'><strong>invidia</strong></span> <span class='ocrx_word' id='word_1_706' title='bbox 2559 3483 2574 3507; x_wconf 94' lang='lat'><strong>,</strong></span> <span class='ocrx_word' id='word_1_707' title='bbox 2603 3443 2757 3496; x_wconf 80' lang='lat' dir='ltr'><strong>cwde.</strong></span> <span class='ocrx_word' id='word_1_708' title='bbox 2790 3443 2903 3499; x_wconf 89' lang='lat' dir='ltr'><strong>lloc</strong></span> <span class='ocrx_word' id='word_1_709' title='bbox 2935 3447 3076 3500; x_wconf 89' lang='lat' dir='ltr'><strong>enim</strong></span> <span class='ocrx_word' id='word_1_710' title='bbox 3106 3464 3170 3502; x_wconf 79' lang='lat' dir='ltr'><strong>ex</strong></span> <span class='ocrx_word' id='word_1_711' title='bbox 3202 3450 3291 3504; x_wconf 94' lang='lat' dir='ltr'><strong>illo</strong></span> <span class='ocrx_word' id='word_1_712' title='bbox 3319 3453 3488 3509; x_wconf 83' lang='lat' dir='ltr'><strong>oritur</strong></span> <span class='ocrx_word' id='word_1_713' title='bbox 3510 3497 3527 3521; x_wconf 89' lang='lat'><strong>,</strong></span> 
     </span>
    </p>
   </div>
   <div class='ocr_carea' id='block_1_93' title="bbox 1952 3533 3532 3604">
    <p class='ocr_par' dir='ltr' id='par_1_93' title="bbox 1952 3533 3532 3604">
     <span class='ocr_line' id='line_1_93' title="bbox 1952 3533 3532 3604; baseline 0.01 -18"><span class='ocrx_word' id='word_1_714' title='bbox 1952 3544 2009 3587; x_wconf 91' lang='lat' dir='ltr'><strong>ut</strong></span> <span class='ocrx_word' id='word_1_715' title='bbox 2058 3533 2110 3587; x_wconf 92' lang='lat' dir='ltr'><strong>in</strong></span> <span class='ocrx_word' id='word_1_716' title='bbox 2157 3534 2324 3588; x_wconf 80' lang='lat' dir='ltr'><strong>Abcle</strong></span> <span class='ocrx_word' id='word_1_717' title='bbox 2371 3544 2424 3588; x_wconf 90' lang='lat' dir='ltr'><strong>et</strong></span> <span class='ocrx_word' id='word_1_718' title='bbox 2464 3535 2512 3587; x_wconf 91' lang='lat' dir='ltr'><strong>in</strong></span> <span class='ocrx_word' id='word_1_719' title='bbox 2560 3534 2758 3604; x_wconf 85' lang='lat' dir='ltr'><strong>Joseph</strong></span> <span class='ocrx_word' id='word_1_720' title='bbox 2802 3549 3150 3594; x_wconf 68' lang='lat' dir='ltr'><strong>mouswatum</strong></span> <span class='ocrx_word' id='word_1_721' title='bbox 3192 3551 3292 3596; x_wconf 92' lang='lat' dir='ltr'><strong>est.</strong></span> <span class='ocrx_word' id='word_1_722' title='bbox 3331 3544 3532 3603; x_wconf 85' lang='lat' dir='ltr'><strong>Deinde</strong></span> 
     </span>
    </p>
   </div>
   <div class='ocr_carea' id='block_1_94' title="bbox 1950 3624 3533 3700">
    <p class='ocr_par' dir='ltr' id='par_1_94' title="bbox 1950 3624 3533 3700">
     <span class='ocr_line' id='line_1_94' title="bbox 1950 3624 3533 3700; baseline 0.008 -22"><span class='ocrx_word' id='word_1_723' title='bbox 1950 3639 2068 3678; x_wconf 91' lang='lat' dir='ltr'><strong>cmn</strong></span> <span class='ocrx_word' id='word_1_724' title='bbox 2094 3624 2335 3690; x_wconf 81' lang='lat' dir='ltr'><strong>dixisset,</strong></span> <span class='ocrx_word' id='word_1_725' title='bbox 2359 3624 2699 3689; x_wconf 85' lang='lat' dir='ltr'><strong>Contentione,</strong></span> <span class='ocrx_word' id='word_1_726' title='bbox 2732 3628 2868 3691; x_wconf 87' lang='lat' dir='ltr'><strong>dolo,</strong></span> <span class='ocrx_word' id='word_1_727' title='bbox 2892 3630 3222 3700; x_wconf 83' lang='lat' dir='ltr'><strong>malignitate,</strong></span> <span class='ocrx_word' id='word_1_728' title='bbox 3244 3634 3333 3689; x_wconf 78' lang='lat'><strong>30.</strong></span> <span class='ocrx_word' id='word_1_729' title='bbox 3360 3653 3533 3692; x_wconf 84' lang='lat' dir='ltr'><strong>susur-</strong></span> 
     </span>
    </p>
   </div>
   <div class='ocr_carea' id='block_1_95' title="bbox 1951 3715 3533 3791">
    <p class='ocr_par' dir='ltr' id='par_1_95' title="bbox 1951 3715 3533 3791">
     <span class='ocr_line' id='line_1_95' title="bbox 1951 3715 3533 3791; baseline 0.011 -24"><span class='ocrx_word' id='word_1_730' title='bbox 1951 3731 2119 3779; x_wconf 87' lang='lat' dir='ltr'><strong>rones,</strong></span> <span class='ocrx_word' id='word_1_731' title='bbox 2152 3716 2477 3780; x_wconf 68' lang='lat' dir='ltr'><strong>deti-actores,</strong></span> <span class='ocrx_word' id='word_1_732' title='bbox 2526 3715 2634 3770; x_wconf 85' lang='lat' dir='ltr'><strong>Deo</strong></span> <span class='ocrx_word' id='word_1_733' title='bbox 2672 3735 2895 3787; x_wconf 79' lang='lat' dir='ltr'><strong>perosos,</strong></span> <span class='ocrx_word' id='word_1_734' title='bbox 2940 3726 3343 3791; x_wconf 83' lang='lat' dir='ltr'><strong>contumeliosos,</strong></span> <span class='ocrx_word' id='word_1_735' title='bbox 3373 3730 3533 3785; x_wconf 89' lang='lat' dir='ltr'><strong>etiam</strong></span> 
     </span>
    </p>
   </div>
   <div class='ocr_carea' id='block_1_96' title="bbox 1954 3808 3535 3882">
    <p class='ocr_par' dir='ltr' id='par_1_96' title="bbox 1954 3808 3535 3882">
     <span class='ocr_line' id='line_1_96' title="bbox 1954 3808 3535 3882; baseline 0.009 -22"><span class='ocrx_word' id='word_1_736' title='bbox 1954 3823 2014 3861; x_wconf 90' lang='lat' dir='ltr'><strong>ea</strong></span> <span class='ocrx_word' id='word_1_737' title='bbox 2036 3848 2051 3872; x_wconf 95' lang='lat'><strong>,</strong></span> <span class='ocrx_word' id='word_1_738' title='bbox 2085 3824 2203 3877; x_wconf 74' lang='lat' dir='ltr'><strong>qua:</strong></span> <span class='ocrx_word' id='word_1_739' title='bbox 2234 3808 2416 3861; x_wconf 90' lang='lat' dir='ltr'><strong>multis</strong></span> <span class='ocrx_word' id='word_1_740' title='bbox 2449 3809 2800 3864; x_wconf 80' lang='lat' dir='ltr'><strong>indill‘crcntia</strong></span> <span class='ocrx_word' id='word_1_741' title='bbox 2828 3827 2947 3866; x_wconf 90' lang='lat' dir='ltr'><strong>esse</strong></span> <span class='ocrx_word' id='word_1_742' title='bbox 2973 3814 3246 3882; x_wconf 70' lang='lat' dir='ltr'><strong>videntur,</strong></span> <span class='ocrx_word' id='word_1_743' title='bbox 3278 3818 3328 3871; x_wconf 94' lang='lat' dir='ltr'><strong>in</strong></span> <span class='ocrx_word' id='word_1_744' title='bbox 3357 3820 3535 3874; x_wconf 85' lang='lat' dir='ltr'><strong>crimi-</strong></span> 
     </span>
    </p>
   </div>
   <div class='ocr_carea' id='block_1_97' title="bbox 1954 3901 3533 3977">
    <p class='ocr_par' dir='ltr' id='par_1_97' title="bbox 1954 3901 3533 3977">
     <span class='ocr_line' id='line_1_97' title="bbox 1954 3901 3533 3977; baseline 0.008 -22"><span class='ocrx_word' id='word_1_745' title='bbox 1954 3918 2078 3955; x_wconf 93' lang='lat' dir='ltr'><strong>num</strong></span> <span class='ocrx_word' id='word_1_746' title='bbox 2133 3901 2319 3955; x_wconf 91' lang='lat' dir='ltr'><strong>ordine</strong></span> <span class='ocrx_word' id='word_1_747' title='bbox 2378 3917 2612 3969; x_wconf 88' lang='lat' dir='ltr'><strong>ponens;</strong></span> <span class='ocrx_word' id='word_1_748' title='bbox 2663 3913 2819 3972; x_wconf 87' lang='lat' dir='ltr'><strong>auget</strong></span> <span class='ocrx_word' id='word_1_749' title='bbox 2866 3920 3049 3960; x_wconf 90' lang='lat' dir='ltr'><strong>rursus</strong></span> <span class='ocrx_word' id='word_1_750' title='bbox 3100 3911 3533 3977; x_wconf 87' lang='lat' dir='ltr'><strong>accusationem,</strong></span> 
     </span>
    </p>
   </div>
   <div class='ocr_carea' id='block_1_98' title="bbox 1952 3990 3533 4063">
    <p class='ocr_par' dir='ltr' id='par_1_98' title="bbox 1952 3990 3533 4063">
     <span class='ocr_line' id='line_1_98' title="bbox 1952 3990 3533 4063; baseline 0.006 -19"><span class='ocrx_word' id='word_1_751' title='bbox 1952 4001 2233 4060; x_wconf 84' lang='lat' dir='ltr'><strong>postquam</strong></span> <span class='ocrx_word' id='word_1_752' title='bbox 2257 3990 2307 4042; x_wconf 92' lang='lat' dir='ltr'><strong>in</strong></span> <span class='ocrx_word' id='word_1_753' title='bbox 2339 4005 2515 4043; x_wconf 90' lang='lat' dir='ltr'><strong>arcem</strong></span> <span class='ocrx_word' id='word_1_754' title='bbox 2546 3990 2805 4045; x_wconf 86' lang='lat' dir='ltr'><strong>malorum</strong></span> <span class='ocrx_word' id='word_1_755' title='bbox 2837 3995 3099 4063; x_wconf 87' lang='lat' dir='ltr'><strong>ascendit,</strong></span> <span class='ocrx_word' id='word_1_756' title='bbox 3129 4006 3182 4051; x_wconf 91' lang='lat' dir='ltr'><strong>ct</strong></span> <span class='ocrx_word' id='word_1_757' title='bbox 3211 3998 3533 4057; x_wconf 80' lang='lat' dir='ltr'><strong>dixit,Arro-</strong></span> 
     </span>
    </p>
   </div>
   <div class='ocr_carea' id='block_1_99' title="bbox 1952 4065 3532 4159">
    <p class='ocr_par' dir='ltr' id='par_1_99' title="bbox 1952 4065 3532 4159">
     <span class='ocr_line' id='line_1_99' title="bbox 1952 4065 3532 4159; baseline 0.008 -25"><span class='ocrx_word' id='word_1_758' title='bbox 1952 4093 2147 4154; x_wconf 77' lang='lat' dir='ltr'><strong>gantes.</strong></span> <span class='ocrx_word' id='word_1_759' title='bbox 2178 4082 2403 4138; x_wconf 87' lang='lat' dir='ltr'><strong>Gravius</strong></span> <span class='ocrx_word' id='word_1_760' title='bbox 2427 4092 2509 4137; x_wconf 88' lang='lat' dir='ltr'><strong>est</strong></span> <span class='ocrx_word' id='word_1_761' title='bbox 2535 4081 2675 4136; x_wconf 89' lang='lat' dir='ltr'><strong>enim</strong></span> <span class='ocrx_word' id='word_1_762' title='bbox 2698 4065 2861 4137; x_wconf 70' lang='lat' dir='ltr'><strong>altum</strong></span> <span class='ocrx_word' id='word_1_763' title='bbox 2885 4099 3072 4153; x_wconf 87' lang='lat' dir='ltr'><strong>sapere</strong></span> <span class='ocrx_word' id='word_1_764' title='bbox 3090 4096 3208 4154; x_wconf 78' lang='lat' dir='ltr'><strong>past</strong></span> <span class='ocrx_word' id='word_1_765' title='bbox 3232 4100 3532 4159; x_wconf 74' lang='lat' dir='ltr'><strong>peccaturo,</strong></span> 
     </span>
    </p>
   </div>
   <div class='ocr_carea' id='block_1_100' title="bbox 1955 4174 3532 4246">
    <p class='ocr_par' dir='ltr' id='par_1_100' title="bbox 1955 4174 3532 4246">
     <span class='ocr_line' id='line_1_100' title="bbox 1955 4174 3532 4246; baseline 0.006 -18"><span class='ocrx_word' id='word_1_766' title='bbox 1955 4192 2113 4246; x_wconf 85' lang='lat' dir='ltr'><strong>quam</strong></span> <span class='ocrx_word' id='word_1_767' title='bbox 2155 4190 2379 4246; x_wconf 87' lang='lat' dir='ltr'><strong>peccare</strong></span> <span class='ocrx_word' id='word_1_768' title='bbox 2409 4191 2421 4228; x_wconf 89' lang='lat'><strong>:</strong></span> <span class='ocrx_word' id='word_1_769' title='bbox 2456 4174 2576 4228; x_wconf 91' lang='lat' dir='ltr'><strong>idco</strong></span> <span class='ocrx_word' id='word_1_770' title='bbox 2616 4175 2919 4229; x_wconf 88' lang='lat' dir='ltr'><strong>Corinthios</strong></span> <span class='ocrx_word' id='word_1_771' title='bbox 2957 4177 3162 4229; x_wconf 89' lang='lat' dir='ltr'><strong>incusat</strong></span> <span class='ocrx_word' id='word_1_772' title='bbox 3198 4178 3279 4232; x_wconf 85' lang='lat' dir='ltr'><strong>his</strong></span> <span class='ocrx_word' id='word_1_773' title='bbox 3310 4182 3486 4236; x_wconf 81' lang='lat' dir='ltr'><strong>verbis</strong></span> <span class='ocrx_word' id='word_1_774' title='bbox 3517 4200 3532 4238; x_wconf 89' lang='lat'><strong>:</strong></span> 
     </span>
    </p>
   </div>
   <div class='ocr_carea' id='block_1_101' title="bbox 1958 4264 3537 4338">
    <p class='ocr_par' dir='ltr' id='par_1_101' title="bbox 1958 4264 3537 4338">
     <span class='ocr_line' id='line_1_101' title="bbox 1958 4264 3537 4338; baseline 0.007 -20"><span class='ocrx_word' id='word_1_775' title='bbox 1958 4266 2022 4319; x_wconf 84' lang='lat' dir='ltr'><strong>Et</strong></span> <span class='ocrx_word' id='word_1_776' title='bbox 2049 4283 2132 4319; x_wconf 86' lang='lat' dir='ltr'><strong>vos</strong></span> <span class='ocrx_word' id='word_1_777' title='bbox 2160 4266 2323 4335; x_wconf 82' lang='lat' dir='ltr'><strong>inﬂati</strong></span> <span class='ocrx_word' id='word_1_778' title='bbox 2346 4266 2461 4319; x_wconf 87' lang='lat' dir='ltr'><strong>estis</strong></span> <span class='ocrx_word' id='word_1_779' title='bbox 2488 4266 2564 4334; x_wconf 87' lang='lat' dir='ltr'><strong>(l.</strong></span> <span class='ocrx_word' id='word_1_780' title='bbox 2600 4264 2717 4320; x_wconf 89' lang='lat' dir='ltr'><strong>Cor.</strong></span> <span class='ocrx_word' id='word_1_781' title='bbox 2750 4267 2804 4320; x_wconf 82' lang='grc'><strong>5.</strong></span> <span class='ocrx_word' id='word_1_782' title='bbox 2827 4266 2905 4336; x_wconf 70' lang='lat'><strong>2).</strong></span> <span class='ocrx_word' id='word_1_783' title='bbox 2936 4267 3065 4321; x_wconf 83' lang='lat' dir='ltr'><strong>Nam</strong></span> <span class='ocrx_word' id='word_1_784' title='bbox 3091 4268 3134 4322; x_wconf 92' lang='lat' dir='ltr'><strong>si</strong></span> <span class='ocrx_word' id='word_1_785' title='bbox 3157 4269 3273 4338; x_wconf 88' lang='lat' dir='ltr'><strong>quis</strong></span> <span class='ocrx_word' id='word_1_786' title='bbox 3296 4270 3361 4325; x_wconf 93' lang='lat' dir='ltr'><strong>de</strong></span> <span class='ocrx_word' id='word_1_787' title='bbox 3392 4282 3537 4329; x_wconf 88' lang='lat' dir='ltr'><strong>recte</strong></span> 
     </span>
    </p>
   </div>
   <div class='ocr_carea' id='block_1_102' title="bbox 1958 4357 3539 4428">
    <p class='ocr_par' dir='ltr' id='par_1_102' title="bbox 1958 4357 3539 4428">
     <span class='ocr_line' id='line_1_102' title="bbox 1958 4357 3539 4428; baseline 0.005 -18"><span class='ocrx_word' id='word_1_788' title='bbox 1958 4358 2096 4412; x_wconf 84' lang='lat' dir='ltr'><strong>facto</strong></span> <span class='ocrx_word' id='word_1_789' title='bbox 2124 4358 2335 4411; x_wconf 88' lang='lat' dir='ltr'><strong>inllatus</strong></span> <span class='ocrx_word' id='word_1_790' title='bbox 2361 4366 2462 4422; x_wconf 90' lang='lat' dir='ltr'><strong>est,</strong></span> <span class='ocrx_word' id='word_1_791' title='bbox 2495 4366 2658 4410; x_wconf 90' lang='lat' dir='ltr'><strong>totum</strong></span> <span class='ocrx_word' id='word_1_792' title='bbox 2688 4357 2860 4426; x_wconf 87' lang='lat' dir='ltr'><strong>perdit</strong></span> <span class='ocrx_word' id='word_1_793' title='bbox 2888 4375 2900 4412; x_wconf 89' lang='lat'><strong>:</strong></span> <span class='ocrx_word' id='word_1_794' title='bbox 2931 4358 3017 4427; x_wconf 90' lang='lat' dir='ltr'><strong>qni</strong></span> <span class='ocrx_word' id='word_1_795' title='bbox 3049 4374 3168 4412; x_wconf 91' lang='lat' dir='ltr'><strong>cum</strong></span> <span class='ocrx_word' id='word_1_796' title='bbox 3202 4361 3433 4428; x_wconf 90' lang='lat' dir='ltr'><strong>peccatis</strong></span> <span class='ocrx_word' id='word_1_797' title='bbox 3458 4364 3539 4418; x_wconf 79' lang='lat' dir='ltr'><strong>in-</strong></span> 
     </span>
    </p>
   </div>
   <div class='ocr_carea' id='block_1_103' title="bbox 1959 4448 3540 4521">
    <p class='ocr_par' dir='ltr' id='par_1_103' title="bbox 1959 4448 3540 4521">
     <span class='ocr_line' id='line_1_103' title="bbox 1959 4448 3540 4521; baseline 0.005 -18"><span class='ocrx_word' id='word_1_798' title='bbox 1959 4451 2136 4515; x_wconf 84' lang='lat' dir='ltr'><strong>ﬂatur,</strong></span> <span class='ocrx_word' id='word_1_799' title='bbox 2160 4465 2265 4519; x_wconf 86' lang='lat' dir='ltr'><strong>quo</strong></span> <span class='ocrx_word' id='word_1_800' title='bbox 2294 4464 2396 4502; x_wconf 88' lang='lat' dir='ltr'><strong>non</strong></span> <span class='ocrx_word' id='word_1_801' title='bbox 2428 4448 2617 4517; x_wconf 86' lang='lat' dir='ltr'><strong>dignus</strong></span> <span class='ocrx_word' id='word_1_802' title='bbox 2643 4448 2800 4504; x_wconf 86' lang='lat' dir='ltr'><strong>fuerit</strong></span> <span class='ocrx_word' id='word_1_803' title='bbox 2825 4450 3120 4518; x_wconf 91' lang='lat' dir='ltr'><strong>supplicio?</strong></span> <span class='ocrx_word' id='word_1_804' title='bbox 3141 4453 3228 4521; x_wconf 87' lang='lat' dir='ltr'><strong>qui</strong></span> <span class='ocrx_word' id='word_1_805' title='bbox 3254 4454 3395 4509; x_wconf 87' lang='lat' dir='ltr'><strong>enim</strong></span> <span class='ocrx_word' id='word_1_806' title='bbox 3421 4456 3540 4513; x_wconf 83' lang='lat' dir='ltr'><strong>talis</strong></span> 
     </span>
    </p>
   </div>
   <div class='ocr_carea' id='block_1_104' title="bbox 1959 4542 3542 4612">
    <p class='ocr_par' dir='ltr' id='par_1_104' title="bbox 1959 4542 3542 4612">
     <span class='ocr_line' id='line_1_104' title="bbox 1959 4542 3542 4612; baseline 0.006 -17"><span class='ocrx_word' id='word_1_807' title='bbox 1959 4553 2035 4595; x_wconf 89' lang='lat' dir='ltr'><strong>est</strong></span> <span class='ocrx_word' id='word_1_808' title='bbox 2059 4583 2074 4607; x_wconf 91' lang='lat'><strong>,</strong></span> <span class='ocrx_word' id='word_1_809' title='bbox 2122 4543 2435 4612; x_wconf 84' lang='lat' dir='ltr'><strong>resipiscere</strong></span> <span class='ocrx_word' id='word_1_810' title='bbox 2467 4557 2569 4595; x_wconf 94' lang='lat' dir='ltr'><strong>non</strong></span> <span class='ocrx_word' id='word_1_811' title='bbox 2602 4542 2820 4610; x_wconf 90' lang='lat' dir='ltr'><strong>poterit.</strong></span> <span class='ocrx_word' id='word_1_812' title='bbox 2872 4543 3071 4598; x_wconf 90' lang='lat' dir='ltr'><strong>Deinde</strong></span> <span class='ocrx_word' id='word_1_813' title='bbox 3109 4545 3216 4609; x_wconf 91' lang='lat' dir='ltr'><strong>ait,</strong></span> <span class='ocrx_word' id='word_1_814' title='bbox 3250 4544 3542 4604; x_wconf 78' lang='lat' dir='ltr'><strong>Inventorcs</strong></span> 
     </span>
    </p>
   </div>
   <div class='ocr_carea' id='block_1_105' title="bbox 1960 4632 3540 4709">
    <p class='ocr_par' dir='ltr' id='par_1_105' title="bbox 1960 4632 3540 4709">
     <span class='ocr_line' id='line_1_105' title="bbox 1960 4632 3540 4709; baseline 0.007 -24"><span class='ocrx_word' id='word_1_815' title='bbox 1960 4636 2228 4699; x_wconf 82' lang='lat' dir='ltr'><strong>malorum,</strong></span> <span class='ocrx_word' id='word_1_816' title='bbox 2260 4632 2564 4703; x_wconf 86' lang='lat' dir='ltr'><strong>significans</strong></span> <span class='ocrx_word' id='word_1_817' title='bbox 2595 4650 2698 4687; x_wconf 88' lang='lat' dir='ltr'><strong>non</strong></span> <span class='ocrx_word' id='word_1_818' title='bbox 2724 4643 2805 4687; x_wconf 89' lang='lat' dir='ltr'><strong>sat</strong></span> <span class='ocrx_word' id='word_1_819' title='bbox 2832 4634 2957 4703; x_wconf 89' lang='lat' dir='ltr'><strong>ipsis</strong></span> <span class='ocrx_word' id='word_1_820' title='bbox 2980 4635 3141 4691; x_wconf 86' lang='lat' dir='ltr'><strong>fuisse</strong></span> <span class='ocrx_word' id='word_1_821' title='bbox 3166 4636 3274 4703; x_wconf 90' lang='lat' dir='ltr'><strong>illa,</strong></span> <span class='ocrx_word' id='word_1_822' title='bbox 3297 4655 3414 4708; x_wconf 69' lang='lat' dir='ltr'><strong>quia:</strong></span> <span class='ocrx_word' id='word_1_823' title='bbox 3429 4640 3540 4709; x_wconf 89' lang='lat' dir='ltr'><strong>jam</strong></span> 
     </span>
    </p>
   </div>
   <div class='ocr_carea' id='block_1_106' title="bbox 1960 4725 3539 4796">
    <p class='ocr_par' dir='ltr' id='par_1_106' title="bbox 1960 4725 3539 4796">
     <span class='ocr_line' id='line_1_106' title="bbox 1960 4725 3539 4796; baseline 0.005 -17"><span class='ocrx_word' id='word_1_824' title='bbox 1960 4727 2280 4791; x_wconf 76' lang='lat' dir='ltr'><strong>exstabant,</strong></span> <span class='ocrx_word' id='word_1_825' title='bbox 2311 4725 2403 4779; x_wconf 89' lang='lat' dir='ltr'><strong>scd</strong></span> <span class='ocrx_word' id='word_1_826' title='bbox 2433 4735 2486 4780; x_wconf 91' lang='lat' dir='ltr'><strong>et</strong></span> <span class='ocrx_word' id='word_1_827' title='bbox 2514 4725 2616 4779; x_wconf 87' lang='lat' dir='ltr'><strong>alia</strong></span> <span class='ocrx_word' id='word_1_828' title='bbox 2650 4726 2915 4781; x_wconf 88' lang='lat' dir='ltr'><strong>invenisse</strong></span> <span class='ocrx_word' id='word_1_829' title='bbox 2948 4746 2962 4781; x_wconf 90' lang='lat'><strong>:</strong></span> <span class='ocrx_word' id='word_1_830' title='bbox 2993 4728 3132 4796; x_wconf 89' lang='lat' dir='ltr'><strong>quod</strong></span> <span class='ocrx_word' id='word_1_831' title='bbox 3172 4730 3539 4787; x_wconf 89' lang='lat' dir='ltr'><strong>meditantium</strong></span> 
     </span>
    </p>
   </div>
   <div class='ocr_carea' id='block_1_107' title="bbox 1961 4817 3543 4889">
    <p class='ocr_par' dir='ltr' id='par_1_107' title="bbox 1961 4817 3543 4889">
     <span class='ocr_line' id='line_1_107' title="bbox 1961 4817 3543 4889; baseline 0.005 -18"><span class='ocrx_word' id='word_1_832' title='bbox 1961 4827 2015 4871; x_wconf 90' lang='lat' dir='ltr'><strong>ct</strong></span> <span class='ocrx_word' id='word_1_833' title='bbox 2058 4817 2382 4872; x_wconf 87' lang='lat' dir='ltr'><strong>studentiqu</strong></span> <span class='ocrx_word' id='word_1_834' title='bbox 2433 4828 2569 4884; x_wconf 89' lang='lat' dir='ltr'><strong>erat,</strong></span> <span class='ocrx_word' id='word_1_835' title='bbox 2614 4817 2701 4886; x_wconf 90' lang='lat' dir='ltr'><strong>qui</strong></span> <span class='ocrx_word' id='word_1_836' title='bbox 2750 4834 2780 4871; x_wconf 90' lang='lat' dir='ltr'><strong>a</strong></span> <span class='ocrx_word' id='word_1_837' title='bbox 2830 4818 2991 4872; x_wconf 86' lang='lat' dir='ltr'><strong>nullis</strong></span> <span class='ocrx_word' id='word_1_838' title='bbox 3035 4820 3442 4889; x_wconf 84' lang='lat' dir='ltr'><strong>subriperenlnr</strong></span> <span class='ocrx_word' id='word_1_839' title='bbox 3489 4833 3543 4879; x_wconf 92' lang='lat' dir='ltr'><strong>et</strong></span> 
     </span>
    </p>
   </div>
   <div class='ocr_carea' id='block_1_108' title="bbox 1962 4906 3542 4968">
    <p class='ocr_par' dir='ltr' id='par_1_108' title="bbox 1962 4906 3542 4968">
     <span class='ocr_line' id='line_1_108' title="bbox 1962 4906 3542 4968; baseline 0.004 -7"><span class='ocrx_word' id='word_1_840' title='bbox 1962 4908 2379 4964; x_wconf 89' lang='lat' dir='ltr'><strong>attraherentur.</strong></span> <span class='ocrx_word' id='word_1_841' title='bbox 2427 4906 2558 4961; x_wconf 90' lang='lat' dir='ltr'><strong>Cum</strong></span> <span class='ocrx_word' id='word_1_842' title='bbox 2598 4917 2776 4961; x_wconf 90' lang='lat' dir='ltr'><strong>autem</strong></span> <span class='ocrx_word' id='word_1_843' title='bbox 2826 4909 3083 4963; x_wconf 89' lang='lat' dir='ltr'><strong>malitiam</strong></span> <span class='ocrx_word' id='word_1_844' title='bbox 3128 4911 3426 4966; x_wconf 90' lang='lat' dir='ltr'><strong>minutatim</strong></span> <span class='ocrx_word' id='word_1_845' title='bbox 3456 4914 3542 4968; x_wconf 86' lang='lat' dir='ltr'><strong>di-</strong></span> 
     </span>
    </p>
   </div>
   <div class='ocr_carea' id='block_1_109' title="bbox 1962 4998 3545 5071">
    <p class='ocr_par' dir='ltr' id='par_1_109' title="bbox 1962 4998 3545 5071">
     <span class='ocr_line' id='line_1_109' title="bbox 1962 4998 3545 5071; baseline 0.005 -17"><span class='ocrx_word' id='word_1_846' title='bbox 1962 5001 2151 5065; x_wconf 69' lang='lat' dir='ltr'><strong>sisset,</strong></span> <span class='ocrx_word' id='word_1_847' title='bbox 2203 5009 2256 5054; x_wconf 92' lang='lat' dir='ltr'><strong>et</strong></span> <span class='ocrx_word' id='word_1_848' title='bbox 2304 4998 2623 5053; x_wconf 88' lang='lat' dir='ltr'><strong>ostendisset</strong></span> <span class='ocrx_word' id='word_1_849' title='bbox 2665 4999 2808 5067; x_wconf 88' lang='lat' dir='ltr'><strong>ipsos</strong></span> <span class='ocrx_word' id='word_1_850' title='bbox 2854 4999 2905 5052; x_wconf 94' lang='lat' dir='ltr'><strong>in</strong></span> <span class='ocrx_word' id='word_1_851' title='bbox 2948 5000 3134 5055; x_wconf 87' lang='lat' dir='ltr'><strong>eadem</strong></span> <span class='ocrx_word' id='word_1_852' title='bbox 3176 5003 3287 5071; x_wconf 82' lang='lat' dir='ltr'><strong>ipsa</strong></span> <span class='ocrx_word' id='word_1_853' title='bbox 3330 5006 3545 5062; x_wconf 87' lang='lat' dir='ltr'><strong>stetisse</strong></span> 
     </span>
    </p>
   </div>
   <div class='ocr_carea' id='block_1_110' title="bbox 1965 5087 3545 5165">
    <p class='ocr_par' dir='ltr' id='par_1_110' title="bbox 1965 5087 3545 5165">
     <span class='ocr_line' id='line_1_110' title="bbox 1965 5087 3545 5165; baseline 0.006 -21"><span class='ocrx_word' id='word_1_854' title='bbox 1965 5100 2150 5145; x_wconf 91' lang='lat' dir='ltr'><strong>natura</strong></span> <span class='ocrx_word' id='word_1_855' title='bbox 2178 5090 2323 5157; x_wconf 91' lang='lat' dir='ltr'><strong>(nam</strong></span> <span class='ocrx_word' id='word_1_856' title='bbox 2356 5090 2448 5154; x_wconf 91' lang='lat' dir='ltr'><strong>ait,</strong></span> <span class='ocrx_word' id='word_1_857' title='bbox 2476 5087 2775 5142; x_wconf 86' lang='lat' dir='ltr'><strong>Parentibus</strong></span> <span class='ocrx_word' id='word_1_858' title='bbox 2806 5107 2903 5143; x_wconf 89' lang='lat' dir='ltr'><strong>nun</strong></span> <span class='ocrx_word' id='word_1_859' title='bbox 2929 5091 3256 5163; x_wconf 76' lang='lat' dir='ltr'><strong>obedientes),</strong></span> <span class='ocrx_word' id='word_1_860' title='bbox 3286 5094 3351 5149; x_wconf 91' lang='lat' dir='ltr'><strong>ad</strong></span> <span class='ocrx_word' id='word_1_861' title='bbox 3380 5101 3545 5165; x_wconf 88' lang='lat' dir='ltr'><strong>pestis</strong></span> 
     </span>
    </p>
   </div>
   <div class='ocr_carea' id='block_1_111' title="bbox 1965 5182 3544 5259">
    <p class='ocr_par' dir='ltr' id='par_1_111' title="bbox 1965 5182 3544 5259">
     <span class='ocr_line' id='line_1_111' title="bbox 1965 5182 3544 5259; baseline 0.003 -21"><span class='ocrx_word' id='word_1_862' title='bbox 1965 5192 2126 5238; x_wconf 79' lang='lat' dir='ltr'><strong>tanta:</strong></span> <span class='ocrx_word' id='word_1_863' title='bbox 2150 5183 2381 5237; x_wconf 88' lang='lat' dir='ltr'><strong>radicem</strong></span> <span class='ocrx_word' id='word_1_864' title='bbox 2407 5184 2484 5236; x_wconf 92' lang='lat' dir='ltr'><strong>sic</strong></span> <span class='ocrx_word' id='word_1_865' title='bbox 2509 5182 2722 5235; x_wconf 92' lang='lat' dir='ltr'><strong>demum</strong></span> <span class='ocrx_word' id='word_1_866' title='bbox 2753 5183 2944 5252; x_wconf 82' lang='lat' dir='ltr'><strong>pergit,</strong></span> <span class='ocrx_word' id='word_1_867' title='bbox 2972 5183 3061 5237; x_wconf 81' lang='grc'><strong>51.</strong></span> <span class='ocrx_word' id='word_1_868' title='bbox 3092 5183 3217 5238; x_wconf 87' lang='lat' dir='ltr'><strong>Sine</strong></span> <span class='ocrx_word' id='word_1_869' title='bbox 3241 5185 3507 5253; x_wconf 76' lang='lat' dir='ltr'><strong>a/I&#39;cctionc</strong></span> <span class='ocrx_word' id='word_1_870' title='bbox 3524 5230 3544 5259; x_wconf 85' lang='lat'><strong>,</strong></span> 
     </span>
    </p>
   </div>
   <div class='ocr_carea' id='block_1_112' title="bbox 1964 5271 3548 5344">
    <p class='ocr_par' dir='ltr' id='par_1_112' title="bbox 1964 5271 3548 5344">
     <span class='ocr_line' id='line_1_112' title="bbox 1964 5271 3548 5344; baseline 0.005 -17"><span class='ocrx_word' id='word_1_871' title='bbox 1964 5274 2149 5342; x_wconf 85' lang='lat' dir='ltr'><strong>absque</strong></span> <span class='ocrx_word' id='word_1_872' title='bbox 2191 5273 2378 5344; x_wconf 62' lang='lat' dir='ltr'><strong>{radere</strong></span> <span class='ocrx_word' id='word_1_873' title='bbox 2413 5271 2598 5327; x_wconf 88' lang='lat' dir='ltr'><strong>dicens</strong></span> <span class='ocrx_word' id='word_1_874' title='bbox 2644 5272 2783 5326; x_wconf 90' lang='lat' dir='ltr'><strong>illos.</strong></span> <span class='ocrx_word' id='word_1_875' title='bbox 2832 5273 2978 5328; x_wconf 84' lang='lat' dir='ltr'><strong>Hanc</strong></span> <span class='ocrx_word' id='word_1_876' title='bbox 3021 5276 3165 5328; x_wconf 89' lang='lat' dir='ltr'><strong>enim</strong></span> <span class='ocrx_word' id='word_1_877' title='bbox 3210 5285 3266 5331; x_wconf 90' lang='lat' dir='ltr'><strong>et</strong></span> <span class='ocrx_word' id='word_1_878' title='bbox 3304 5278 3548 5335; x_wconf 85' lang='lat' dir='ltr'><strong>Christus</strong></span> 
     </span>
    </p>
   </div>
   <div class='ocr_carea' id='block_1_113' title="bbox 1965 5363 3546 5440">
    <p class='ocr_par' dir='ltr' id='par_1_113' title="bbox 1965 5363 3546 5440">
     <span class='ocr_line' id='line_1_113' title="bbox 1965 5363 3546 5440; baseline 0.003 -21"><span class='ocrx_word' id='word_1_879' title='bbox 1965 5380 2180 5419; x_wconf 90' lang='lat' dir='ltr'><strong>causam</strong></span> <span class='ocrx_word' id='word_1_880' title='bbox 2220 5378 2340 5418; x_wconf 90' lang='lat' dir='ltr'><strong>esse</strong></span> <span class='ocrx_word' id='word_1_881' title='bbox 2366 5363 2613 5433; x_wconf 74' lang='lat' dir='ltr'><strong>nequitia:</strong></span> <span class='ocrx_word' id='word_1_882' title='bbox 2642 5363 2771 5417; x_wconf 91' lang='lat' dir='ltr'><strong>dicit</strong></span> <span class='ocrx_word' id='word_1_883' title='bbox 2807 5382 2821 5421; x_wconf 85' lang='lat'><strong>:</strong></span> <span class='ocrx_word' id='word_1_884' title='bbox 2848 5363 2972 5420; x_wconf 87' lang='lat' dir='ltr'><strong>Cum</strong></span> <span class='ocrx_word' id='word_1_885' title='bbox 3001 5366 3325 5421; x_wconf 81' lang='lat' dir='ltr'><strong>abundaverit</strong></span> <span class='ocrx_word' id='word_1_886' title='bbox 3357 5371 3546 5440; x_wconf 78' lang='lat' dir='ltr'><strong>iniqui-</strong></span> 
     </span>
    </p>
   </div>
   <div class='ocr_carea' id='block_1_114' title="bbox 1966 5454 3547 5527">
    <p class='ocr_par' dir='ltr' id='par_1_114' title="bbox 1966 5454 3547 5527">
     <span class='ocr_line' id='line_1_114' title="bbox 1966 5454 3547 5527; baseline 0.003 -18"><span class='ocrx_word' id='word_1_887' title='bbox 1966 5466 2063 5519; x_wconf 89' lang='lat' dir='ltr'><strong>tas,</strong></span> <span class='ocrx_word' id='word_1_888' title='bbox 2092 5455 2377 5525; x_wconf 77' lang='lat' dir='ltr'><strong>refrigescet</strong></span> <span class='ocrx_word' id='word_1_889' title='bbox 2407 5455 2593 5507; x_wconf 85' lang='lat' dir='ltr'><strong>caritas</strong></span> <span class='ocrx_word' id='word_1_890' title='bbox 2623 5454 2896 5508; x_wconf 85' lang='lat' dir='ltr'><strong>multorum</strong></span> <span class='ocrx_word' id='word_1_891' title='bbox 2922 5454 3129 5527; x_wconf 74' lang='lat' dir='ltr'><strong>(Matth.</strong></span> <span class='ocrx_word' id='word_1_892' title='bbox 3162 5456 3254 5513; x_wconf 68' lang='grc'><strong>24.</strong></span> <span class='ocrx_word' id='word_1_893' title='bbox 3287 5459 3401 5521; x_wconf 73' lang='grc'><strong>12).</strong></span> <span class='ocrx_word' id='word_1_894' title='bbox 3438 5460 3547 5513; x_wconf 90' lang='lat' dir='ltr'><strong>lloc</strong></span> 
     </span>
    </p>
   </div>
   <div class='ocr_carea' id='block_1_115' title="bbox 1968 5544 3541 5619">
    <p class='ocr_par' dir='ltr' id='par_1_115' title="bbox 1968 5544 3541 5619">
     <span class='ocr_line' id='line_1_115' title="bbox 1968 5544 3541 5619; baseline -0.002 -15"><span class='ocrx_word' id='word_1_895' title='bbox 1968 5550 2129 5619; x_wconf 88' lang='lat' dir='ltr'><strong>igitur</strong></span> <span class='ocrx_word' id='word_1_896' title='bbox 2159 5547 2243 5601; x_wconf 91' lang='lat' dir='ltr'><strong>hic</strong></span> <span class='ocrx_word' id='word_1_897' title='bbox 2270 5546 2398 5601; x_wconf 88' lang='lat' dir='ltr'><strong>dicit</strong></span> <span class='ocrx_word' id='word_1_898' title='bbox 2427 5544 2641 5613; x_wconf 82' lang='lat' dir='ltr'><strong>Paulus,</strong></span> <span class='ocrx_word' id='word_1_899' title='bbox 2678 5544 3043 5617; x_wconf 82' lang='lat' dir='ltr'><strong>lncompositos</strong></span> <span class='ocrx_word' id='word_1_900' title='bbox 3067 5589 3082 5611; x_wconf 89' lang='lat'><strong>,</strong></span> <span class='ocrx_word' id='word_1_901' title='bbox 3123 5549 3233 5602; x_wconf 86' lang='lat' dir='ltr'><strong>sine</strong></span> <span class='ocrx_word' id='word_1_902' title='bbox 3258 5549 3541 5615; x_wconf 71' lang='lat' dir='ltr'><strong>a/fcctione,</strong></span> 
     </span>
    </p>
   </div>
   <div class='ocr_carea' id='block_1_116' title="bbox 1968 5636 3545 5711">
    <p class='ocr_par' dir='ltr' id='par_1_116' title="bbox 1968 5636 3545 5711">
     <span class='ocr_line' id='line_1_116' title="bbox 1968 5636 3545 5711; baseline -0.003 -18"><span class='ocrx_word' id='word_1_903' title='bbox 1968 5642 2153 5711; x_wconf 81' lang='lat' dir='ltr'><strong>absque</strong></span> <span class='ocrx_word' id='word_1_904' title='bbox 2191 5639 2378 5709; x_wconf 68' lang='lat' dir='ltr'><strong>[ledere</strong></span> <span class='ocrx_word' id='word_1_905' title='bbox 2400 5678 2416 5706; x_wconf 95' lang='lat'><strong>,</strong></span> <span class='ocrx_word' id='word_1_906' title='bbox 2460 5638 2568 5691; x_wconf 86' lang='lat' dir='ltr'><strong>sine</strong></span> <span class='ocrx_word' id='word_1_907' title='bbox 2596 5637 2938 5691; x_wconf 84' lang='lat' dir='ltr'><strong>misericordia</strong></span> <span class='ocrx_word' id='word_1_908' title='bbox 2965 5651 3162 5697; x_wconf 83' lang='lat' dir='ltr'><strong>vocans</strong></span> <span class='ocrx_word' id='word_1_909' title='bbox 3181 5679 3197 5705; x_wconf 94' lang='lat'><strong>,</strong></span> <span class='ocrx_word' id='word_1_910' title='bbox 3229 5636 3545 5691; x_wconf 76' lang='lat' dir='ltr'><strong>ostendens-</strong></span> 
     </span>
    </p>
   </div>
   <div class='ocr_carea' id='block_1_117' title="bbox 1969 5727 3548 5804">
    <p class='ocr_par' dir='ltr' id='par_1_117' title="bbox 1969 5727 3548 5804">
     <span class='ocr_line' id='line_1_117' title="bbox 1969 5727 3548 5804; baseline -0.003 -16"><span class='ocrx_word' id='word_1_911' title='bbox 1969 5746 2073 5804; x_wconf 90' lang='lat' dir='ltr'><strong>quc</strong></span> <span class='ocrx_word' id='word_1_912' title='bbox 2116 5732 2260 5802; x_wconf 87' lang='lat' dir='ltr'><strong>ipsos</strong></span> <span class='ocrx_word' id='word_1_913' title='bbox 2300 5728 2403 5787; x_wconf 88' lang='lat' dir='ltr'><strong>hoc</strong></span> <span class='ocrx_word' id='word_1_914' title='bbox 2432 5739 2634 5785; x_wconf 78' lang='lat' dir='ltr'><strong>natura:</strong></span> <span class='ocrx_word' id='word_1_915' title='bbox 2678 5729 2875 5785; x_wconf 84' lang='lat' dir='ltr'><strong>donum</strong></span> <span class='ocrx_word' id='word_1_916' title='bbox 2922 5728 3235 5799; x_wconf 87' lang='lat' dir='ltr'><strong>prodidisse.</strong></span> <span class='ocrx_word' id='word_1_917' title='bbox 3280 5727 3548 5784; x_wconf 78' lang='lat' dir='ltr'><strong>Habemus</strong></span> 
     </span>
    </p>
   </div>
  </div>
