  <div class='ocr_page' id='page_1' title='image "/cluster/home/n/w/nwhite01/storage/ocr_20150623/60/hvd.32044073501942/427.png"; bbox 0 0 3934 6212; ppageno 0'>
   <div class='ocr_carea' id='block_1_1' title="bbox 645 360 749 417">
    <p class='ocr_par' dir='ltr' id='par_1_1' title="bbox 645 360 749 417">
     <span class='ocr_line' id='line_1_1' title="bbox 645 360 749 417; baseline -0.048 0"><span class='ocrx_word' id='word_1_1' title='bbox 645 360 749 417; x_wconf 62' lang='grc'><strong>423</strong></span> 
     </span>
    </p>
   </div>
   <div class='ocr_carea' id='block_1_2' title="bbox 650 459 2235 536">
    <p class='ocr_par' dir='ltr' id='par_1_2' title="bbox 650 459 2235 536">
     <span class='ocr_line' id='line_1_2' title="bbox 650 459 2235 536; baseline -0.014 -6"><span class='ocrx_word' id='word_1_2' title='bbox 650 474 794 530; x_wconf 78' lang='lat' dir='ltr'><strong>enim</strong></span> <span class='ocrx_word' id='word_1_3' title='bbox 824 468 1117 526; x_wconf 73' lang='lat' dir='ltr'><strong>naturalem</strong></span> <span class='ocrx_word' id='word_1_4' title='bbox 1145 464 1428 536; x_wconf 74' lang='lat' dir='ltr'><strong>quemdam</strong></span> <span class='ocrx_word' id='word_1_5' title='bbox 1461 462 1525 516; x_wconf 87' lang='lat' dir='ltr'><strong>ad</strong></span> <span class='ocrx_word' id='word_1_6' title='bbox 1549 462 1772 515; x_wconf 80' lang='lat' dir='ltr'><strong>invicem</strong></span> <span class='ocrx_word' id='word_1_7' title='bbox 1800 459 2069 523; x_wconf 72' lang='lat' dir='ltr'><strong>allectum,</strong></span> <span class='ocrx_word' id='word_1_8' title='bbox 2100 466 2157 509; x_wconf 91' lang='lat' dir='ltr'><strong>ut</strong></span> <span class='ocrx_word' id='word_1_9' title='bbox 2181 464 2235 509; x_wconf 91' lang='lat' dir='ltr'><strong>ct</strong></span> 
     </span>
    </p>
   </div>
   <div class='ocr_carea' id='block_1_3' title="bbox 652 548 2289 635">
    <p class='ocr_par' dir='ltr' id='par_1_3' title="bbox 652 548 2289 635">
     <span class='ocr_line' id='line_1_3' title="bbox 652 548 2289 635; baseline -0.015 -16"><span class='ocrx_word' id='word_1_10' title='bbox 652 570 780 635; x_wconf 74' lang='lat' dir='ltr'><strong>ipsze‘</strong></span> <span class='ocrx_word' id='word_1_11' title='bbox 810 564 937 617; x_wconf 72' lang='lat' dir='ltr'><strong>fera:</strong></span> <span class='ocrx_word' id='word_1_12' title='bbox 967 561 1180 615; x_wconf 85' lang='lat' dir='ltr'><strong>habent.</strong></span> <span class='ocrx_word' id='word_1_13' title='bbox 1218 556 1351 610; x_wconf 86' lang='lat' dir='ltr'><strong>Nam</strong></span> <span class='ocrx_word' id='word_1_14' title='bbox 1384 572 1529 609; x_wconf 88' lang='lat' dir='ltr'><strong>omne</strong></span> <span class='ocrx_word' id='word_1_15' title='bbox 1557 553 1766 614; x_wconf 82' lang='lat' dir='ltr'><strong>animal,</strong></span> <span class='ocrx_word' id='word_1_16' title='bbox 1803 552 2010 620; x_wconf 90' lang='lat' dir='ltr'><strong>inquit,</strong></span> <span class='ocrx_word' id='word_1_17' title='bbox 2042 548 2135 603; x_wconf 85' lang='lat' dir='ltr'><strong>sibi</strong></span> <span class='ocrx_word' id='word_1_18' title='bbox 2165 549 2233 602; x_wconf 88' lang='lat' dir='ltr'><strong>si-</strong></span> <span class='ocrx_word' id='word_1_19' title='bbox 2268 570 2289 595; x_wconf 71' lang='grc' dir='ltr'><strong><em>ο</em></strong></span> 
     </span>
    </p>
   </div>
   <div class='ocr_carea' id='block_1_4' title="bbox 651 639 2232 718">
    <p class='ocr_par' dir='ltr' id='par_1_4' title="bbox 651 639 2232 718">
     <span class='ocr_line' id='line_1_4' title="bbox 651 639 2232 718; baseline -0.011 -8"><span class='ocrx_word' id='word_1_20' title='bbox 651 657 769 709; x_wconf 83' lang='lat' dir='ltr'><strong>mile</strong></span> <span class='ocrx_word' id='word_1_21' title='bbox 804 652 991 715; x_wconf 86' lang='lat' dir='ltr'><strong>diliqit,</strong></span> <span class='ocrx_word' id='word_1_22' title='bbox 1021 659 1066 704; x_wconf 88' lang='lat' dir='ltr'><strong>et</strong></span> <span class='ocrx_word' id='word_1_23' title='bbox 1100 651 1248 702; x_wconf 84' lang='lat' dir='ltr'><strong>homo</strong></span> <span class='ocrx_word' id='word_1_24' title='bbox 1287 647 1568 718; x_wconf 80' lang='lat' dir='ltr'><strong>proximum</strong></span> <span class='ocrx_word' id='word_1_25' title='bbox 1607 660 1754 697; x_wconf 85' lang='lat' dir='ltr'><strong>suum</strong></span> <span class='ocrx_word' id='word_1_26' title='bbox 1785 641 1968 712; x_wconf 75' lang='lat' dir='ltr'><strong>(Ereti.</strong></span> <span class='ocrx_word' id='word_1_27' title='bbox 2000 642 2085 695; x_wconf 81' lang='grc'><strong>15.</strong></span> <span class='ocrx_word' id='word_1_28' title='bbox 2120 639 2232 707; x_wconf 78' lang='grc'><strong>19).</strong></span> 
     </span>
    </p>
   </div>
   <div class='ocr_carea' id='block_1_5' title="bbox 652 731 2232 805">
    <p class='ocr_par' dir='ltr' id='par_1_5' title="bbox 652 731 2232 805">
     <span class='ocr_line' id='line_1_5' title="bbox 652 731 2232 805; baseline -0.01 -4"><span class='ocrx_word' id='word_1_29' title='bbox 652 750 723 801; x_wconf 83' lang='lat' dir='ltr'><strong>At</strong></span> <span class='ocrx_word' id='word_1_30' title='bbox 750 746 823 800; x_wconf 83' lang='lat' dir='ltr'><strong><em>illi</em></strong></span> <span class='ocrx_word' id='word_1_31' title='bbox 858 744 983 798; x_wconf 82' lang='lat' dir='ltr'><strong>ieris</strong></span> <span class='ocrx_word' id='word_1_32' title='bbox 1014 741 1302 797; x_wconf 87' lang='lat' dir='ltr'><strong>ferociores</strong></span> <span class='ocrx_word' id='word_1_33' title='bbox 1347 738 1513 793; x_wconf 90' lang='lat' dir='ltr'><strong>fuere.</strong></span> <span class='ocrx_word' id='word_1_34' title='bbox 1545 736 1783 790; x_wconf 76' lang='lat' dir='ltr'><strong>Morbum</strong></span> <span class='ocrx_word' id='word_1_35' title='bbox 1824 733 1983 805; x_wconf 85' lang='lat' dir='ltr'><strong>igitur</strong></span> <span class='ocrx_word' id='word_1_36' title='bbox 2023 731 2113 803; x_wconf 91' lang='lat' dir='ltr'><strong>qui</strong></span> <span class='ocrx_word' id='word_1_37' title='bbox 2163 746 2232 785; x_wconf 85' lang='lat' dir='ltr'><strong>ex</strong></span> 
     </span>
    </p>
   </div>
   <div class='ocr_carea' id='block_1_6' title="bbox 651 826 2235 908">
    <p class='ocr_par' dir='ltr' id='par_1_6' title="bbox 651 826 2235 908">
     <span class='ocr_line' id='line_1_6' title="bbox 651 826 2235 908; baseline -0.008 -17"><span class='ocrx_word' id='word_1_38' title='bbox 651 837 828 908; x_wconf 86' lang='lat' dir='ltr'><strong>pravis</strong></span> <span class='ocrx_word' id='word_1_39' title='bbox 849 834 1181 906; x_wconf 81' lang='lat' dir='ltr'><strong>dogmatibus</strong></span> <span class='ocrx_word' id='word_1_40' title='bbox 1197 832 1379 887; x_wconf 90' lang='lat' dir='ltr'><strong>orbem</strong></span> <span class='ocrx_word' id='word_1_41' title='bbox 1404 830 1615 896; x_wconf 87' lang='lat' dir='ltr'><strong>invasit,</strong></span> <span class='ocrx_word' id='word_1_42' title='bbox 1640 828 1722 882; x_wconf 93' lang='lat' dir='ltr'><strong>his</strong></span> <span class='ocrx_word' id='word_1_43' title='bbox 1734 827 1887 882; x_wconf 86' lang='lat' dir='ltr'><strong>nobis</strong></span> <span class='ocrx_word' id='word_1_44' title='bbox 1906 826 2155 889; x_wconf 89' lang='lat' dir='ltr'><strong>ostendit,</strong></span> <span class='ocrx_word' id='word_1_45' title='bbox 2179 835 2235 879; x_wconf 91' lang='lat' dir='ltr'><strong>et</strong></span> 
     </span>
    </p>
   </div>
   <div class='ocr_carea' id='block_1_7' title="bbox 652 916 2236 993">
    <p class='ocr_par' dir='ltr' id='par_1_7' title="bbox 652 916 2236 993">
     <span class='ocr_line' id='line_1_7' title="bbox 652 916 2236 993; baseline -0.009 -10"><span class='ocrx_word' id='word_1_46' title='bbox 652 929 939 984; x_wconf 87' lang='lat' dir='ltr'><strong>declaravit</strong></span> <span class='ocrx_word' id='word_1_47' title='bbox 967 936 1249 993; x_wconf 89' lang='lat' dir='ltr'><strong>utrumque</strong></span> <span class='ocrx_word' id='word_1_48' title='bbox 1283 922 1528 976; x_wconf 82' lang='lat' dir='ltr'><strong>morbum</strong></span> <span class='ocrx_word' id='word_1_49' title='bbox 1570 936 1635 975; x_wconf 84' lang='lat' dir='ltr'><strong>ex</strong></span> <span class='ocrx_word' id='word_1_50' title='bbox 1667 933 1930 990; x_wconf 84' lang='lat' dir='ltr'><strong>a-grorum</strong></span> <span class='ocrx_word' id='word_1_51' title='bbox 1965 916 2236 987; x_wconf 84' lang='lat' dir='ltr'><strong>negligen-</strong></span> 
     </span>
    </p>
   </div>
   <div class='ocr_carea' id='block_1_8' title="bbox 652 1009 2231 1089">
    <p class='ocr_par' dir='ltr' id='par_1_8' title="bbox 652 1009 2231 1089">
     <span class='ocr_line' id='line_1_8' title="bbox 652 1009 2231 1089; baseline -0.009 -14"><span class='ocrx_word' id='word_1_52' title='bbox 652 1022 726 1075; x_wconf 92' lang='lat' dir='ltr'><strong>tia</strong></span> <span class='ocrx_word' id='word_1_53' title='bbox 757 1019 990 1089; x_wconf 89' lang='lat' dir='ltr'><strong>prodire.</strong></span> <span class='ocrx_word' id='word_1_54' title='bbox 1020 1016 1297 1086; x_wconf 76' lang='lat' dir='ltr'><strong>Signiﬁcat</strong></span> <span class='ocrx_word' id='word_1_55' title='bbox 1325 1014 1562 1073; x_wconf 89' lang='lat' dir='ltr'><strong>demum,</strong></span> <span class='ocrx_word' id='word_1_56' title='bbox 1592 1021 1649 1066; x_wconf 94' lang='lat' dir='ltr'><strong>ut</strong></span> <span class='ocrx_word' id='word_1_57' title='bbox 1671 1011 1738 1066; x_wconf 91' lang='lat' dir='ltr'><strong>de</strong></span> <span class='ocrx_word' id='word_1_58' title='bbox 1765 1010 2102 1080; x_wconf 79' lang='lat' dir='ltr'><strong>dogmatibus</strong></span> <span class='ocrx_word' id='word_1_59' title='bbox 2122 1009 2231 1077; x_wconf 92' lang='lat' dir='ltr'><strong>jam</strong></span> 
     </span>
    </p>
   </div>
   <div class='ocr_carea' id='block_1_9' title="bbox 653 1100 2235 1172">
    <p class='ocr_par' dir='ltr' id='par_1_9' title="bbox 653 1100 2235 1172">
     <span class='ocr_line' id='line_1_9' title="bbox 653 1100 2235 1172; baseline -0.008 -6"><span class='ocrx_word' id='word_1_60' title='bbox 653 1113 872 1172; x_wconf 83' lang='lat' dir='ltr'><strong>fecerat,</strong></span> <span class='ocrx_word' id='word_1_61' title='bbox 904 1110 1063 1164; x_wconf 91' lang='lat' dir='ltr'><strong>etiam</strong></span> <span class='ocrx_word' id='word_1_62' title='bbox 1102 1109 1217 1162; x_wconf 90' lang='lat' dir='ltr'><strong>illos</strong></span> <span class='ocrx_word' id='word_1_63' title='bbox 1254 1107 1405 1161; x_wconf 90' lang='lat' dir='ltr'><strong>venia</strong></span> <span class='ocrx_word' id='word_1_64' title='bbox 1448 1119 1664 1169; x_wconf 87' lang='lat' dir='ltr'><strong>carere;</strong></span> <span class='ocrx_word' id='word_1_65' title='bbox 1700 1103 1818 1157; x_wconf 89' lang='lat' dir='ltr'><strong>ideo</strong></span> <span class='ocrx_word' id='word_1_66' title='bbox 1854 1103 1930 1156; x_wconf 91' lang='lat' dir='ltr'><strong>ait</strong></span> <span class='ocrx_word' id='word_1_67' title='bbox 1960 1119 1972 1153; x_wconf 90' lang='lat'><strong>:</strong></span> <span class='ocrx_word' id='word_1_68' title='bbox 2000 1100 2089 1156; x_wconf 71' lang='grc'><strong>52.</strong></span> <span class='ocrx_word' id='word_1_69' title='bbox 2133 1100 2235 1165; x_wconf 84' lang='lat' dir='ltr'><strong>Qui</strong></span> 
     </span>
    </p>
   </div>
   <div class='ocr_carea' id='block_1_10' title="bbox 652 1194 2233 1273">
    <p class='ocr_par' dir='ltr' id='par_1_10' title="bbox 652 1194 2233 1273">
     <span class='ocr_line' id='line_1_10' title="bbox 652 1194 2233 1273; baseline -0.008 -16"><span class='ocrx_word' id='word_1_70' title='bbox 652 1221 766 1257; x_wconf 89' lang='lat' dir='ltr'><strong>cum</strong></span> <span class='ocrx_word' id='word_1_71' title='bbox 785 1201 1203 1273; x_wconf 77' lang='lat' dir='ltr'><strong>justiﬁealionem</strong></span> <span class='ocrx_word' id='word_1_72' title='bbox 1231 1198 1323 1252; x_wconf 89' lang='lat' dir='ltr'><strong>Dei</strong></span> <span class='ocrx_word' id='word_1_73' title='bbox 1350 1204 1721 1267; x_wconf 79' lang='lat' dir='ltr'><strong>cognoscerent,</strong></span> <span class='ocrx_word' id='word_1_74' title='bbox 1748 1198 1983 1266; x_wconf 84' lang='lat' dir='ltr'><strong>quoniam</strong></span> <span class='ocrx_word' id='word_1_75' title='bbox 2005 1194 2090 1263; x_wconf 87' lang='lat' dir='ltr'><strong>qui</strong></span> <span class='ocrx_word' id='word_1_76' title='bbox 2110 1194 2233 1245; x_wconf 85' lang='lat' dir='ltr'><strong>(alia</strong></span> 
     </span>
    </p>
   </div>
   <div class='ocr_carea' id='block_1_11' title="bbox 652 1288 2231 1367">
    <p class='ocr_par' dir='ltr' id='par_1_11' title="bbox 652 1288 2231 1367">
     <span class='ocr_line' id='line_1_11' title="bbox 652 1288 2231 1367; baseline -0.006 -19"><span class='ocrx_word' id='word_1_77' title='bbox 652 1306 830 1367; x_wconf 86' lang='lat' dir='ltr'><strong>agunt,</strong></span> <span class='ocrx_word' id='word_1_78' title='bbox 873 1295 1014 1365; x_wconf 77' lang='lat' dir='ltr'><strong>digni</strong></span> <span class='ocrx_word' id='word_1_79' title='bbox 1040 1302 1154 1347; x_wconf 85' lang='lat' dir='ltr'><strong>sunt</strong></span> <span class='ocrx_word' id='word_1_80' title='bbox 1195 1299 1391 1354; x_wconf 84' lang='lat' dir='ltr'><strong>morte;</strong></span> <span class='ocrx_word' id='word_1_81' title='bbox 1432 1306 1532 1344; x_wconf 88' lang='lat' dir='ltr'><strong>non</strong></span> <span class='ocrx_word' id='word_1_82' title='bbox 1567 1290 1728 1343; x_wconf 85' lang='lat' dir='ltr'><strong>solum</strong></span> <span class='ocrx_word' id='word_1_83' title='bbox 1765 1288 1863 1359; x_wconf 84' lang='lat' dir='ltr'><strong>ipsi</strong></span> <span class='ocrx_word' id='word_1_84' title='bbox 1891 1289 2114 1359; x_wconf 72' lang='lat' dir='ltr'><strong>faciunt,</strong></span> <span class='ocrx_word' id='word_1_85' title='bbox 2144 1294 2231 1339; x_wconf 82' lang='lat' dir='ltr'><strong>sed</strong></span> 
     </span>
    </p>
   </div>
   <div class='ocr_carea' id='block_1_12' title="bbox 650 1378 2229 1456">
    <p class='ocr_par' dir='ltr' id='par_1_12' title="bbox 650 1378 2229 1456">
     <span class='ocr_line' id='line_1_12' title="bbox 650 1378 2229 1456; baseline -0.008 -15"><span class='ocrx_word' id='word_1_86' title='bbox 650 1389 801 1442; x_wconf 82' lang='lat' dir='ltr'><strong>etiam</strong></span> <span class='ocrx_word' id='word_1_87' title='bbox 828 1385 1125 1456; x_wconf 68' lang='lat' dir='ltr'><strong>facientibus</strong></span> <span class='ocrx_word' id='word_1_88' title='bbox 1142 1382 1483 1436; x_wconf 80' lang='lat' dir='ltr'><strong>consentiunt.</strong></span> <span class='ocrx_word' id='word_1_89' title='bbox 1521 1380 1652 1435; x_wconf 85' lang='lat' dir='ltr'><strong>Cum</strong></span> <span class='ocrx_word' id='word_1_90' title='bbox 1682 1378 1814 1434; x_wconf 91' lang='lat' dir='ltr'><strong>duas</strong></span> <span class='ocrx_word' id='word_1_91' title='bbox 1842 1378 2103 1449; x_wconf 88' lang='lat' dir='ltr'><strong>posuisset</strong></span> <span class='ocrx_word' id='word_1_92' title='bbox 2134 1392 2229 1429; x_wconf 89' lang='lat' dir='ltr'><strong>an-</strong></span> 
     </span>
    </p>
   </div>
   <div class='ocr_carea' id='block_1_13' title="bbox 652 1466 2230 1542">
    <p class='ocr_par' dir='ltr' id='par_1_13' title="bbox 652 1466 2230 1542">
     <span class='ocr_line' id='line_1_13' title="bbox 652 1466 2230 1542; baseline -0.006 -11"><span class='ocrx_word' id='word_1_93' title='bbox 652 1478 912 1541; x_wconf 87' lang='lat' dir='ltr'><strong>titheses,</strong></span> <span class='ocrx_word' id='word_1_94' title='bbox 955 1474 1039 1529; x_wconf 89' lang='lat' dir='ltr'><strong>hic</strong></span> <span class='ocrx_word' id='word_1_95' title='bbox 1077 1474 1262 1528; x_wconf 92' lang='lat' dir='ltr'><strong>ambas</strong></span> <span class='ocrx_word' id='word_1_96' title='bbox 1288 1473 1553 1542; x_wconf 76' lang='lat' dir='ltr'><strong>praecipue</strong></span> <span class='ocrx_word' id='word_1_97' title='bbox 1587 1469 1654 1526; x_wconf 91' lang='lat' dir='ltr'><strong>de</strong></span> <span class='ocrx_word' id='word_1_98' title='bbox 1690 1469 1866 1525; x_wconf 92' lang='lat' dir='ltr'><strong>medio</strong></span> <span class='ocrx_word' id='word_1_99' title='bbox 1908 1469 2059 1523; x_wconf 88' lang='lat' dir='ltr'><strong>tollit.</strong></span> <span class='ocrx_word' id='word_1_100' title='bbox 2093 1466 2230 1534; x_wconf 82' lang='lat' dir='ltr'><strong>Quid</strong></span> 
     </span>
    </p>
   </div>
   <div class='ocr_carea' id='block_1_14' title="bbox 651 1557 2228 1633">
    <p class='ocr_par' dir='ltr' id='par_1_14' title="bbox 651 1557 2228 1633">
     <span class='ocr_line' id='line_1_14' title="bbox 651 1557 2228 1633; baseline -0.008 -12"><span class='ocrx_word' id='word_1_101' title='bbox 651 1567 794 1621; x_wconf 88' lang='lat' dir='ltr'><strong>enim</strong></span> <span class='ocrx_word' id='word_1_102' title='bbox 842 1564 1062 1629; x_wconf 78' lang='lat' dir='ltr'><strong>dixeris,</strong></span> <span class='ocrx_word' id='word_1_103' title='bbox 1118 1563 1308 1633; x_wconf 86' lang='lat' dir='ltr'><strong>inquit,</strong></span> <span class='ocrx_word' id='word_1_104' title='bbox 1356 1571 1407 1617; x_wconf 93' lang='lat' dir='ltr'><strong>te</strong></span> <span class='ocrx_word' id='word_1_105' title='bbox 1447 1561 1656 1616; x_wconf 84' lang='lat' dir='ltr'><strong>nescire</strong></span> <span class='ocrx_word' id='word_1_106' title='bbox 1693 1574 1756 1614; x_wconf 90' lang='lat' dir='ltr'><strong>ea</strong></span> <span class='ocrx_word' id='word_1_107' title='bbox 1782 1601 1796 1623; x_wconf 91' lang='lat'><strong>,</strong></span> <span class='ocrx_word' id='word_1_108' title='bbox 1842 1574 1960 1628; x_wconf 74' lang='lat' dir='ltr'><strong>qua:</strong></span> <span class='ocrx_word' id='word_1_109' title='bbox 1991 1557 2228 1612; x_wconf 78' lang='lat' dir='ltr'><strong>facienda</strong></span> 
     </span>
    </p>
   </div>
   <div class='ocr_carea' id='block_1_15' title="bbox 650 1646 2230 1719">
    <p class='ocr_par' dir='ltr' id='par_1_15' title="bbox 650 1646 2230 1719">
     <span class='ocr_line' id='line_1_15' title="bbox 650 1646 2230 1719; baseline -0.009 -6"><span class='ocrx_word' id='word_1_110' title='bbox 650 1657 808 1713; x_wconf 88' lang='lat' dir='ltr'><strong>sunt?</strong></span> <span class='ocrx_word' id='word_1_111' title='bbox 838 1657 994 1711; x_wconf 85' lang='lat' dir='ltr'><strong>Certe</strong></span> <span class='ocrx_word' id='word_1_112' title='bbox 1023 1655 1067 1709; x_wconf 92' lang='lat' dir='ltr'><strong>si</strong></span> <span class='ocrx_word' id='word_1_113' title='bbox 1095 1670 1199 1708; x_wconf 88' lang='lat' dir='ltr'><strong>non</strong></span> <span class='ocrx_word' id='word_1_114' title='bbox 1229 1668 1437 1719; x_wconf 82' lang='lat' dir='ltr'><strong>nosses,</strong></span> <span class='ocrx_word' id='word_1_115' title='bbox 1472 1662 1526 1705; x_wconf 94' lang='lat' dir='ltr'><strong>tu</strong></span> <span class='ocrx_word' id='word_1_116' title='bbox 1558 1656 1610 1705; x_wconf 91' lang='lat' dir='ltr'><strong>in</strong></span> <span class='ocrx_word' id='word_1_117' title='bbox 1642 1665 1802 1707; x_wconf 90' lang='lat' dir='ltr'><strong>causa</strong></span> <span class='ocrx_word' id='word_1_118' title='bbox 1828 1664 1976 1704; x_wconf 79' lang='lat' dir='ltr'><strong>esses</strong></span> <span class='ocrx_word' id='word_1_119' title='bbox 1995 1691 2009 1713; x_wconf 93' lang='lat'><strong>,</strong></span> <span class='ocrx_word' id='word_1_120' title='bbox 2044 1646 2230 1702; x_wconf 91' lang='lat' dir='ltr'><strong>relicto</strong></span> 
     </span>
    </p>
   </div>
   <div class='ocr_carea' id='block_1_16' title="bbox 654 1738 2229 1817">
    <p class='ocr_par' dir='ltr' id='par_1_16' title="bbox 654 1738 2229 1817">
     <span class='ocr_line' id='line_1_16' title="bbox 654 1738 2229 1817; baseline -0.008 -14"><span class='ocrx_word' id='word_1_121' title='bbox 654 1749 784 1812; x_wconf 89' lang='lat' dir='ltr'><strong>Deo,</strong></span> <span class='ocrx_word' id='word_1_122' title='bbox 822 1749 911 1817; x_wconf 88' lang='lat' dir='ltr'><strong>qui</strong></span> <span class='ocrx_word' id='word_1_123' title='bbox 955 1746 1047 1801; x_wconf 87' lang='lat' dir='ltr'><strong>tibi</strong></span> <span class='ocrx_word' id='word_1_124' title='bbox 1093 1746 1209 1799; x_wconf 81' lang='lat' dir='ltr'><strong>haec</strong></span> <span class='ocrx_word' id='word_1_125' title='bbox 1249 1753 1373 1798; x_wconf 86' lang='lat' dir='ltr'><strong>nuta</strong></span> <span class='ocrx_word' id='word_1_126' title='bbox 1419 1742 1616 1797; x_wconf 80' lang='lat' dir='ltr'><strong>fecerat</strong></span> <span class='ocrx_word' id='word_1_127' title='bbox 1660 1759 1673 1794; x_wconf 90' lang='lat'><strong>:</strong></span> <span class='ocrx_word' id='word_1_128' title='bbox 1707 1756 1847 1795; x_wconf 91' lang='lat' dir='ltr'><strong>nunc</strong></span> <span class='ocrx_word' id='word_1_129' title='bbox 1884 1753 2012 1795; x_wconf 90' lang='lat' dir='ltr'><strong>vero</strong></span> <span class='ocrx_word' id='word_1_130' title='bbox 2050 1738 2229 1791; x_wconf 89' lang='lat' dir='ltr'><strong>multis</strong></span> 
     </span>
    </p>
   </div>
   <div class='ocr_carea' id='block_1_17' title="bbox 650 1828 2229 1911">
    <p class='ocr_par' dir='ltr' id='par_1_17' title="bbox 650 1828 2229 1911">
     <span class='ocr_line' id='line_1_17' title="bbox 650 1828 2229 1911; baseline -0.006 -18"><span class='ocrx_word' id='word_1_131' title='bbox 650 1840 939 1911; x_wconf 82' lang='lat' dir='ltr'><strong>probamus</strong></span> <span class='ocrx_word' id='word_1_132' title='bbox 987 1848 1040 1893; x_wconf 92' lang='lat' dir='ltr'><strong>te</strong></span> <span class='ocrx_word' id='word_1_133' title='bbox 1085 1838 1169 1890; x_wconf 89' lang='lat' dir='ltr'><strong>illa</strong></span> <span class='ocrx_word' id='word_1_134' title='bbox 1217 1837 1379 1899; x_wconf 91' lang='lat' dir='ltr'><strong>scire,</strong></span> <span class='ocrx_word' id='word_1_135' title='bbox 1417 1844 1471 1890; x_wconf 91' lang='lat' dir='ltr'><strong>et</strong></span> <span class='ocrx_word' id='word_1_136' title='bbox 1507 1842 1695 1904; x_wconf 85' lang='lat' dir='ltr'><strong>sponte</strong></span> <span class='ocrx_word' id='word_1_137' title='bbox 1734 1846 1975 1903; x_wconf 87' lang='lat' dir='ltr'><strong>peccare.</strong></span> <span class='ocrx_word' id='word_1_138' title='bbox 2014 1829 2118 1885; x_wconf 87' lang='lat' dir='ltr'><strong>Sed</strong></span> <span class='ocrx_word' id='word_1_139' title='bbox 2161 1828 2229 1883; x_wconf 92' lang='lat' dir='ltr'><strong>ab</strong></span> 
     </span>
    </p>
   </div>
   <div class='ocr_carea' id='block_1_18' title="bbox 647 1919 2229 1995">
    <p class='ocr_par' dir='ltr' id='par_1_18' title="bbox 647 1919 2229 1995">
     <span class='ocr_line' id='line_1_18' title="bbox 647 1919 2229 1995; baseline -0.006 -12"><span class='ocrx_word' id='word_1_140' title='bbox 647 1930 839 1985; x_wconf 82' lang='lat' dir='ltr'><strong>all&#39;ectu</strong></span> <span class='ocrx_word' id='word_1_141' title='bbox 870 1927 1131 1984; x_wconf 88' lang='lat' dir='ltr'><strong>traheris?</strong></span> <span class='ocrx_word' id='word_1_142' title='bbox 1156 1926 1262 1981; x_wconf 89' lang='lat' dir='ltr'><strong>Cur</strong></span> <span class='ocrx_word' id='word_1_143' title='bbox 1284 1941 1412 1995; x_wconf 86' lang='lat' dir='ltr'><strong>ergo</strong></span> <span class='ocrx_word' id='word_1_144' title='bbox 1441 1923 1745 1994; x_wconf 84' lang='lat' dir='ltr'><strong>coeperaris</strong></span> <span class='ocrx_word' id='word_1_145' title='bbox 1771 1934 1824 1977; x_wconf 91' lang='lat' dir='ltr'><strong>et</strong></span> <span class='ocrx_word' id='word_1_146' title='bbox 1850 1921 2078 1976; x_wconf 87' lang='lat' dir='ltr'><strong>laudas?</strong></span> <span class='ocrx_word' id='word_1_147' title='bbox 2106 1919 2229 1973; x_wconf 86' lang='lat' dir='ltr'><strong>Non</strong></span> 
     </span>
    </p>
   </div>
   <div class='ocr_carea' id='block_1_19' title="bbox 648 2013 2227 2087">
    <p class='ocr_par' dir='ltr' id='par_1_19' title="bbox 648 2013 2227 2087">
     <span class='ocr_line' id='line_1_19' title="bbox 648 2013 2227 2087; baseline -0.008 -11"><span class='ocrx_word' id='word_1_148' title='bbox 648 2023 815 2076; x_wconf 81' lang='lat' dir='ltr'><strong>solum</strong></span> <span class='ocrx_word' id='word_1_149' title='bbox 841 2022 972 2074; x_wconf 88' lang='lat' dir='ltr'><strong>enint</strong></span> <span class='ocrx_word' id='word_1_150' title='bbox 1001 2018 1093 2073; x_wconf 78' lang='lat' dir='ltr'><strong>illa</strong></span> <span class='ocrx_word' id='word_1_151' title='bbox 1122 2020 1336 2087; x_wconf 74' lang='lat' dir='ltr'><strong>faciunt,</strong></span> <span class='ocrx_word' id='word_1_152' title='bbox 1367 2016 1570 2085; x_wconf 87' lang='lat' dir='ltr'><strong>inquit,</strong></span> <span class='ocrx_word' id='word_1_153' title='bbox 1598 2013 1688 2069; x_wconf 86' lang='lat' dir='ltr'><strong>sed</strong></span> <span class='ocrx_word' id='word_1_154' title='bbox 1714 2022 1760 2067; x_wconf 86' lang='lat' dir='ltr'><strong>et</strong></span> <span class='ocrx_word' id='word_1_155' title='bbox 1784 2013 2080 2082; x_wconf 73' lang='lat' dir='ltr'><strong>facientibus</strong></span> <span class='ocrx_word' id='word_1_156' title='bbox 2105 2028 2227 2065; x_wconf 58' lang='lat' dir='ltr'><strong>cono</strong></span> 
     </span>
    </p>
   </div>
   <div class='ocr_carea' id='block_1_20' title="bbox 647 2104 2225 2180">
    <p class='ocr_par' dir='ltr' id='par_1_20' title="bbox 647 2104 2225 2180">
     <span class='ocr_line' id='line_1_20' title="bbox 647 2104 2225 2180; baseline -0.006 -13"><span class='ocrx_word' id='word_1_157' title='bbox 647 2115 887 2167; x_wconf 81' lang='lat' dir='ltr'><strong>sentiunt.</strong></span> <span class='ocrx_word' id='word_1_158' title='bbox 919 2112 1101 2166; x_wconf 89' lang='lat' dir='ltr'><strong>Priore</strong></span> <span class='ocrx_word' id='word_1_159' title='bbox 1133 2111 1292 2180; x_wconf 83' lang='lat' dir='ltr'><strong>igitur</strong></span> <span class='ocrx_word' id='word_1_160' title='bbox 1319 2109 1512 2179; x_wconf 89' lang='lat' dir='ltr'><strong>posita,</strong></span> <span class='ocrx_word' id='word_1_161' title='bbox 1546 2122 1663 2176; x_wconf 74' lang='lat' dir='ltr'><strong>quze</strong></span> <span class='ocrx_word' id='word_1_162' title='bbox 1692 2108 1842 2160; x_wconf 87' lang='lat' dir='ltr'><strong>venia</strong></span> <span class='ocrx_word' id='word_1_163' title='bbox 1877 2104 2087 2174; x_wconf 90' lang='lat' dir='ltr'><strong>indigna</strong></span> <span class='ocrx_word' id='word_1_164' title='bbox 2114 2112 2225 2169; x_wconf 91' lang='lat' dir='ltr'><strong>est,</strong></span> 
     </span>
    </p>
   </div>
   <div class='ocr_carea' id='block_1_21' title="bbox 650 2196 2225 2270">
    <p class='ocr_par' dir='ltr' id='par_1_21' title="bbox 650 2196 2225 2270">
     <span class='ocr_line' id='line_1_21' title="bbox 650 2196 2225 2270; baseline -0.006 -13"><span class='ocrx_word' id='word_1_165' title='bbox 650 2213 708 2257; x_wconf 73' lang='lat' dir='ltr'><strong>ut</strong></span> <span class='ocrx_word' id='word_1_166' title='bbox 733 2204 874 2257; x_wconf 88' lang='lat' dir='ltr'><strong>illam</strong></span> <span class='ocrx_word' id='word_1_167' title='bbox 897 2202 964 2257; x_wconf 90' lang='lat' dir='ltr'><strong>de</strong></span> <span class='ocrx_word' id='word_1_168' title='bbox 987 2200 1161 2256; x_wconf 88' lang='lat' dir='ltr'><strong>medio</strong></span> <span class='ocrx_word' id='word_1_169' title='bbox 1194 2199 1342 2254; x_wconf 91' lang='lat' dir='ltr'><strong>tollat</strong></span> <span class='ocrx_word' id='word_1_170' title='bbox 1370 2199 1390 2270; x_wconf 93' lang='lat'>(</span> <span class='ocrx_word' id='word_1_171' title='bbox 1422 2205 1677 2268; x_wconf 86' lang='lat' dir='ltr'><strong>peccante</strong></span> <span class='ocrx_word' id='word_1_172' title='bbox 1705 2199 1847 2250; x_wconf 75' lang='lat' dir='ltr'><strong>enim</strong></span> <span class='ocrx_word' id='word_1_173' title='bbox 1881 2197 1946 2263; x_wconf 90' lang='lat' dir='ltr'><strong>is,</strong></span> <span class='ocrx_word' id='word_1_174' title='bbox 1977 2196 2065 2265; x_wconf 90' lang='lat' dir='ltr'><strong>qui</strong></span> <span class='ocrx_word' id='word_1_175' title='bbox 2100 2208 2225 2264; x_wconf 86' lang='lat' dir='ltr'><strong>pec-</strong></span> 
     </span>
    </p>
   </div>
   <div class='ocr_carea' id='block_1_22' title="bbox 648 2285 2224 2361">
    <p class='ocr_par' dir='ltr' id='par_1_22' title="bbox 648 2285 2224 2361">
     <span class='ocr_line' id='line_1_22' title="bbox 648 2285 2224 2361; baseline -0.007 -12"><span class='ocrx_word' id='word_1_176' title='bbox 648 2303 826 2349; x_wconf 85' lang='lat' dir='ltr'><strong>catum</strong></span> <span class='ocrx_word' id='word_1_177' title='bbox 866 2292 1082 2357; x_wconf 89' lang='lat' dir='ltr'><strong>laudat,</strong></span> <span class='ocrx_word' id='word_1_178' title='bbox 1116 2291 1274 2361; x_wconf 82' lang='lat' dir='ltr'><strong>longe</strong></span> <span class='ocrx_word' id='word_1_179' title='bbox 1311 2289 1593 2344; x_wconf 84' lang='lat' dir='ltr'><strong>nocentior</strong></span> <span class='ocrx_word' id='word_1_180' title='bbox 1618 2296 1701 2343; x_wconf 90' lang='lat' dir='ltr'><strong>est</strong></span> <span class='ocrx_word' id='word_1_181' title='bbox 1722 2287 1771 2357; x_wconf 87' lang='lat'><strong>);</strong></span> <span class='ocrx_word' id='word_1_182' title='bbox 1805 2285 1938 2351; x_wconf 92' lang='lat' dir='ltr'><strong>boc,</strong></span> <span class='ocrx_word' id='word_1_183' title='bbox 1968 2286 2182 2355; x_wconf 90' lang='lat' dir='ltr'><strong>inquam</strong></span> <span class='ocrx_word' id='word_1_184' title='bbox 2208 2326 2224 2353; x_wconf 95' lang='lat'><strong>,</strong></span> 
     </span>
    </p>
   </div>
   <div class='ocr_carea' id='block_1_23' title="bbox 650 2378 2229 2456">
    <p class='ocr_par' dir='ltr' id='par_1_23' title="bbox 650 2378 2229 2456">
     <span class='ocr_line' id='line_1_23' title="bbox 650 2378 2229 2456; baseline -0.004 -18"><span class='ocrx_word' id='word_1_185' title='bbox 650 2386 879 2456; x_wconf 89' lang='lat' dir='ltr'><strong>primum</strong></span> <span class='ocrx_word' id='word_1_186' title='bbox 928 2384 1121 2453; x_wconf 87' lang='lat' dir='ltr'><strong>posito,</strong></span> <span class='ocrx_word' id='word_1_187' title='bbox 1177 2383 1301 2437; x_wconf 89' lang='lat' dir='ltr'><strong>hinc</strong></span> <span class='ocrx_word' id='word_1_188' title='bbox 1350 2380 1721 2437; x_wconf 81' lang='lat' dir='ltr'><strong>vehementius</strong></span> <span class='ocrx_word' id='word_1_189' title='bbox 1775 2380 1829 2433; x_wconf 90' lang='lat' dir='ltr'><strong>in</strong></span> <span class='ocrx_word' id='word_1_190' title='bbox 1884 2378 2229 2450; x_wconf 87' lang='lat' dir='ltr'><strong>sequentibus</strong></span> 
     </span>
    </p>
   </div>
   <div class='ocr_carea' id='block_1_24' title="bbox 650 2467 2232 2544">
    <p class='ocr_par' dir='ltr' id='par_1_24' title="bbox 650 2467 2232 2544">
     <span class='ocr_line' id='line_1_24' title="bbox 650 2467 2232 2544; baseline -0.005 -13"><span class='ocrx_word' id='word_1_191' title='bbox 650 2478 799 2533; x_wconf 91' lang='lat' dir='ltr'><strong>illum</strong></span> <span class='ocrx_word' id='word_1_192' title='bbox 820 2475 992 2544; x_wconf 84' lang='lat' dir='ltr'><strong>arguit</strong></span> <span class='ocrx_word' id='word_1_193' title='bbox 1016 2474 1251 2543; x_wconf 89' lang='lat' dir='ltr'><strong>etcarpit</strong></span> <span class='ocrx_word' id='word_1_194' title='bbox 1276 2473 1359 2528; x_wconf 91' lang='lat' dir='ltr'><strong>his</strong></span> <span class='ocrx_word' id='word_1_195' title='bbox 1380 2471 1558 2528; x_wconf 87' lang='lat' dir='ltr'><strong>verbis</strong></span> <span class='ocrx_word' id='word_1_196' title='bbox 1584 2490 1597 2526; x_wconf 88' lang='lat'><strong>:</strong></span> <span class='ocrx_word' id='word_1_197' title='bbox 1618 2471 1766 2541; x_wconf 80' lang='lat' dir='ltr'><strong>(Cap.</strong></span> <span class='ocrx_word' id='word_1_198' title='bbox 1788 2467 1891 2538; x_wconf 83' lang='lat' dir='ltr'><strong>ll.)</strong></span> <span class='ocrx_word' id='word_1_199' title='bbox 1910 2472 1959 2525; x_wconf 85' lang='grc'><strong>1.</strong></span> <span class='ocrx_word' id='word_1_200' title='bbox 1984 2469 2232 2539; x_wconf 70' lang='lat' dir='ltr'><strong>Promer-</strong></span> 
     </span>
    </p>
   </div>
   <div class='ocr_carea' id='block_1_25' title="bbox 648 2562 2229 2634">
    <p class='ocr_par' dir='ltr' id='par_1_25' title="bbox 648 2562 2229 2634">
     <span class='ocr_line' id='line_1_25' title="bbox 648 2562 2229 2634; baseline -0.003 -14"><span class='ocrx_word' id='word_1_201' title='bbox 648 2584 707 2621; x_wconf 87' lang='lat' dir='ltr'><strong>ea</strong></span> <span class='ocrx_word' id='word_1_202' title='bbox 730 2565 1084 2620; x_wconf 68' lang='lat' dir='ltr'><strong>inexcusabilis</strong></span> <span class='ocrx_word' id='word_1_203' title='bbox 1108 2581 1160 2619; x_wconf 91' lang='lat' dir='ltr'><strong>es</strong></span> <span class='ocrx_word' id='word_1_204' title='bbox 1183 2604 1198 2631; x_wconf 89' lang='lat'><strong>,</strong></span> <span class='ocrx_word' id='word_1_205' title='bbox 1229 2580 1260 2619; x_wconf 87' lang='grc' dir='ltr'><strong><em>ο</em></strong></span> <span class='ocrx_word' id='word_1_206' title='bbox 1285 2565 1435 2619; x_wconf 78' lang='lat' dir='ltr'><strong>homo</strong></span> <span class='ocrx_word' id='word_1_207' title='bbox 1458 2604 1473 2631; x_wconf 92' lang='lat'><strong>,</strong></span> <span class='ocrx_word' id='word_1_208' title='bbox 1512 2565 1734 2633; x_wconf 84' lang='lat' dir='ltr'><strong>quisquis</strong></span> <span class='ocrx_word' id='word_1_209' title='bbox 1753 2564 1959 2632; x_wconf 82' lang='lat' dir='ltr'><strong>judicas</strong></span> <span class='ocrx_word' id='word_1_210' title='bbox 1987 2579 2006 2616; x_wconf 90' lang='lat'><strong><em>:</em></strong></span> <span class='ocrx_word' id='word_1_211' title='bbox 2033 2562 2099 2616; x_wconf 88' lang='lat' dir='ltr'><strong>In</strong></span> <span class='ocrx_word' id='word_1_212' title='bbox 2129 2579 2229 2634; x_wconf 87' lang='lat' dir='ltr'><strong>quo</strong></span> 
     </span>
    </p>
   </div>
   <div class='ocr_carea' id='block_1_26' title="bbox 648 2654 2223 2728">
    <p class='ocr_par' dir='ltr' id='par_1_26' title="bbox 648 2654 2223 2728">
     <span class='ocr_line' id='line_1_26' title="bbox 648 2654 2223 2728; baseline -0.002 -16"><span class='ocrx_word' id='word_1_213' title='bbox 648 2661 783 2713; x_wconf 80' lang='lat' dir='ltr'><strong>enim</strong></span> <span class='ocrx_word' id='word_1_214' title='bbox 804 2659 1018 2712; x_wconf 83' lang='lat' dir='ltr'><strong>alterum</strong></span> <span class='ocrx_word' id='word_1_215' title='bbox 1034 2657 1263 2728; x_wconf 87' lang='lat' dir='ltr'><strong>judicas,</strong></span> <span class='ocrx_word' id='word_1_216' title='bbox 1290 2660 1503 2725; x_wconf 85' lang='lat' dir='ltr'><strong>teipsum</strong></span> <span class='ocrx_word' id='word_1_217' title='bbox 1519 2656 1822 2710; x_wconf 74' lang='lat' dir='ltr'><strong>condemnas</strong></span> <span class='ocrx_word' id='word_1_218' title='bbox 1839 2654 2051 2725; x_wconf 76' lang='lat' dir='ltr'><strong>(Matth.</strong></span> <span class='ocrx_word' id='word_1_219' title='bbox 2073 2656 2123 2708; x_wconf 93' lang='lat'><strong>7.</strong></span> <span class='ocrx_word' id='word_1_220' title='bbox 2146 2655 2223 2723; x_wconf 71' lang='lat'><strong>2).</strong></span> 
     </span>
    </p>
   </div>
   <div class='ocr_carea' id='block_1_27' title="bbox 652 2746 2229 2820">
    <p class='ocr_par' dir='ltr' id='par_1_27' title="bbox 652 2746 2229 2820">
     <span class='ocr_line' id='line_1_27' title="bbox 652 2746 2229 2820; baseline -0.001 -16"><span class='ocrx_word' id='word_1_221' title='bbox 652 2751 775 2805; x_wconf 67' lang='lat' dir='ltr'><strong>llaec</strong></span> <span class='ocrx_word' id='word_1_222' title='bbox 821 2750 1087 2820; x_wconf 89' lang='lat' dir='ltr'><strong>principes</strong></span> <span class='ocrx_word' id='word_1_223' title='bbox 1126 2750 1418 2818; x_wconf 85' lang='lat' dir='ltr'><strong>respiciens</strong></span> <span class='ocrx_word' id='word_1_224' title='bbox 1458 2747 1627 2814; x_wconf 89' lang='lat' dir='ltr'><strong>dicit,</strong></span> <span class='ocrx_word' id='word_1_225' title='bbox 1667 2747 1789 2817; x_wconf 88' lang='lat' dir='ltr'><strong>quia</strong></span> <span class='ocrx_word' id='word_1_226' title='bbox 1833 2746 1950 2802; x_wconf 86' lang='lat' dir='ltr'><strong>urbi</strong></span> <span class='ocrx_word' id='word_1_227' title='bbox 1989 2747 2061 2801; x_wconf 92' lang='lat' dir='ltr'><strong>illi</strong></span> <span class='ocrx_word' id='word_1_228' title='bbox 2102 2754 2229 2803; x_wconf 88' lang='lat' dir='ltr'><strong>tunc</strong></span> 
     </span>
    </p>
   </div>
   <div class='ocr_carea' id='block_1_28' title="bbox 651 2839 2224 2913">
    <p class='ocr_par' dir='ltr' id='par_1_28' title="bbox 651 2839 2224 2913">
     <span class='ocr_line' id='line_1_28' title="bbox 651 2839 2224 2913; baseline -0.003 -15"><span class='ocrx_word' id='word_1_229' title='bbox 651 2845 908 2913; x_wconf 83' lang='lat' dir='ltr'><strong>temporis</strong></span> <span class='ocrx_word' id='word_1_230' title='bbox 947 2843 1228 2913; x_wconf 90' lang='lat' dir='ltr'><strong>imperium</strong></span> <span class='ocrx_word' id='word_1_231' title='bbox 1255 2843 1307 2897; x_wconf 92' lang='lat' dir='ltr'><strong>in</strong></span> <span class='ocrx_word' id='word_1_232' title='bbox 1340 2849 1506 2896; x_wconf 90' lang='lat' dir='ltr'><strong>totum</strong></span> <span class='ocrx_word' id='word_1_233' title='bbox 1543 2840 1727 2895; x_wconf 90' lang='lat' dir='ltr'><strong>orbem</strong></span> <span class='ocrx_word' id='word_1_234' title='bbox 1757 2839 2004 2895; x_wconf 82' lang='lat' dir='ltr'><strong>traditum</strong></span> <span class='ocrx_word' id='word_1_235' title='bbox 2036 2841 2224 2895; x_wconf 87' lang='lat' dir='ltr'><strong>fuerat.</strong></span> 
     </span>
    </p>
   </div>
   <div class='ocr_carea' id='block_1_29' title="bbox 651 2932 2230 3008">
    <p class='ocr_par' dir='ltr' id='par_1_29' title="bbox 651 2932 2230 3008">
     <span class='ocr_line' id='line_1_29' title="bbox 651 2932 2230 3008; baseline -0.005 -14"><span class='ocrx_word' id='word_1_236' title='bbox 651 2941 739 2994; x_wconf 82' lang='lat' dir='ltr'><strong>Sic</strong></span> <span class='ocrx_word' id='word_1_237' title='bbox 768 2939 925 3008; x_wconf 81' lang='lat' dir='ltr'><strong>igitur</strong></span> <span class='ocrx_word' id='word_1_238' title='bbox 949 2937 1165 2992; x_wconf 89' lang='lat' dir='ltr'><strong>ordiens</strong></span> <span class='ocrx_word' id='word_1_239' title='bbox 1189 2937 1264 2990; x_wconf 87' lang='lat' dir='ltr'><strong>ait</strong></span> <span class='ocrx_word' id='word_1_240' title='bbox 1292 2952 1305 2988; x_wconf 92' lang='lat'>:</span> <span class='ocrx_word' id='word_1_241' title='bbox 1339 2935 1711 2990; x_wconf 88' lang='lat' dir='ltr'><strong>Defensioncm</strong></span> <span class='ocrx_word' id='word_1_242' title='bbox 1735 2932 1830 2987; x_wconf 89' lang='lat' dir='ltr'><strong>tibi</strong></span> <span class='ocrx_word' id='word_1_243' title='bbox 1852 2932 2052 3000; x_wconf 88' lang='lat' dir='ltr'><strong>aufers,</strong></span> <span class='ocrx_word' id='word_1_244' title='bbox 2084 2932 2230 3003; x_wconf 90' lang='lat' dir='ltr'><strong>quis-</strong></span> 
     </span>
    </p>
   </div>
   <div class='ocr_carea' id='block_1_30' title="bbox 649 3025 2229 3102">
    <p class='ocr_par' dir='ltr' id='par_1_30' title="bbox 649 3025 2229 3102">
     <span class='ocr_line' id='line_1_30' title="bbox 649 3025 2229 3102; baseline -0.003 -17"><span class='ocrx_word' id='word_1_245' title='bbox 649 3034 768 3102; x_wconf 88' lang='lat' dir='ltr'><strong>quis</strong></span> <span class='ocrx_word' id='word_1_246' title='bbox 794 3032 869 3086; x_wconf 89' lang='lat' dir='ltr'><strong>sis</strong></span> <span class='ocrx_word' id='word_1_247' title='bbox 902 3047 915 3084; x_wconf 89' lang='lat'><strong>:</strong></span> <span class='ocrx_word' id='word_1_248' title='bbox 947 3030 1073 3084; x_wconf 92' lang='lat' dir='ltr'><strong>dum</strong></span> <span class='ocrx_word' id='word_1_249' title='bbox 1104 3028 1244 3084; x_wconf 89' lang='lat' dir='ltr'><strong>enim</strong></span> <span class='ocrx_word' id='word_1_250' title='bbox 1291 3027 1558 3082; x_wconf 75' lang='lat' dir='ltr'><strong>mtechum</strong></span> <span class='ocrx_word' id='word_1_251' title='bbox 1607 3025 1863 3092; x_wconf 88' lang='lat' dir='ltr'><strong>damnas,</strong></span> <span class='ocrx_word' id='word_1_252' title='bbox 1910 3036 1964 3081; x_wconf 90' lang='lat' dir='ltr'><strong>et</strong></span> <span class='ocrx_word' id='word_1_253' title='bbox 2010 3034 2068 3081; x_wconf 91' lang='lat' dir='ltr'><strong>tu</strong></span> <span class='ocrx_word' id='word_1_254' title='bbox 2116 3025 2229 3096; x_wconf 86' lang='lat' dir='ltr'><strong>ipse</strong></span> 
     </span>
    </p>
   </div>
   <div class='ocr_carea' id='block_1_31' title="bbox 650 3117 2223 3187">
    <p class='ocr_par' dir='ltr' id='par_1_31' title="bbox 650 3117 2223 3187">
     <span class='ocr_line' id='line_1_31' title="bbox 650 3117 2223 3187; baseline -0.004 -8"><span class='ocrx_word' id='word_1_255' title='bbox 650 3124 958 3187; x_wconf 68' lang='lat' dir='ltr'><strong>nmrbaris,</strong></span> <span class='ocrx_word' id='word_1_256' title='bbox 987 3122 1193 3177; x_wconf 88' lang='lat' dir='ltr'><strong>etiamsi</strong></span> <span class='ocrx_word' id='word_1_257' title='bbox 1219 3121 1397 3175; x_wconf 91' lang='lat' dir='ltr'><strong>nullus</strong></span> <span class='ocrx_word' id='word_1_258' title='bbox 1425 3123 1586 3174; x_wconf 84' lang='lat' dir='ltr'><strong>homo</strong></span> <span class='ocrx_word' id='word_1_259' title='bbox 1611 3126 1664 3172; x_wconf 91' lang='lat' dir='ltr'><strong>te</strong></span> <span class='ocrx_word' id='word_1_260' title='bbox 1683 3117 1889 3187; x_wconf 89' lang='lat' dir='ltr'><strong>judicct</strong></span> <span class='ocrx_word' id='word_1_261' title='bbox 1911 3128 1964 3172; x_wconf 93' lang='lat' dir='ltr'><strong>et</strong></span> <span class='ocrx_word' id='word_1_262' title='bbox 1989 3117 2223 3181; x_wconf 89' lang='lat' dir='ltr'><strong>damnet,</strong></span> 
     </span>
    </p>
   </div>
   <div class='ocr_carea' id='block_1_32' title="bbox 648 3208 2227 3280">
    <p class='ocr_par' dir='ltr' id='par_1_32' title="bbox 648 3208 2227 3280">
     <span class='ocr_line' id='line_1_32' title="bbox 648 3208 2227 3280; baseline -0.004 -10"><span class='ocrx_word' id='word_1_263' title='bbox 648 3214 963 3270; x_wconf 87' lang='lat' dir='ltr'><strong>sententiam</strong></span> <span class='ocrx_word' id='word_1_264' title='bbox 995 3212 1159 3276; x_wconf 90' lang='lat' dir='ltr'><strong>illam,</strong></span> <span class='ocrx_word' id='word_1_265' title='bbox 1191 3225 1349 3280; x_wconf 91' lang='lat' dir='ltr'><strong>quam</strong></span> <span class='ocrx_word' id='word_1_266' title='bbox 1382 3210 1431 3264; x_wconf 93' lang='lat' dir='ltr'><strong>in</strong></span> <span class='ocrx_word' id='word_1_267' title='bbox 1458 3217 1665 3264; x_wconf 88' lang='lat' dir='ltr'><strong>sontem</strong></span> <span class='ocrx_word' id='word_1_268' title='bbox 1696 3208 1890 3274; x_wconf 92' lang='lat' dir='ltr'><strong>tulisti,</strong></span> <span class='ocrx_word' id='word_1_269' title='bbox 1919 3208 1969 3261; x_wconf 91' lang='lat' dir='ltr'><strong>in</strong></span> <span class='ocrx_word' id='word_1_270' title='bbox 2001 3208 2227 3277; x_wconf 87' lang='lat' dir='ltr'><strong>teipsum</strong></span> 
     </span>
    </p>
   </div>
   <div class='ocr_carea' id='block_1_33' title="bbox 648 3298 2226 3370">
    <p class='ocr_par' dir='ltr' id='par_1_33' title="bbox 648 3298 2226 3370">
     <span class='ocr_line' id='line_1_33' title="bbox 648 3298 2226 3370; baseline -0.004 -10"><span class='ocrx_word' id='word_1_271' title='bbox 648 3304 834 3360; x_wconf 89' lang='lat' dir='ltr'><strong>tulisti.</strong></span> <span class='ocrx_word' id='word_1_272' title='bbox 862 3302 917 3356; x_wconf 73' lang='grc'><strong>2.</strong></span> <span class='ocrx_word' id='word_1_273' title='bbox 943 3302 1146 3358; x_wconf 88' lang='lat' dir='ltr'><strong>Scimus</strong></span> <span class='ocrx_word' id='word_1_274' title='bbox 1175 3301 1341 3367; x_wconf 87' lang='lat' dir='ltr'><strong>enim,</strong></span> <span class='ocrx_word' id='word_1_275' title='bbox 1368 3300 1604 3368; x_wconf 88' lang='lat' dir='ltr'><strong>quoniam</strong></span> <span class='ocrx_word' id='word_1_276' title='bbox 1629 3299 1888 3370; x_wconf 84' lang='lat' dir='ltr'><strong>judicium</strong></span> <span class='ocrx_word' id='word_1_277' title='bbox 1916 3298 2009 3352; x_wconf 87' lang='lat' dir='ltr'><strong>Dei</strong></span> <span class='ocrx_word' id='word_1_278' title='bbox 2036 3308 2108 3352; x_wconf 87' lang='lat' dir='ltr'><strong>est</strong></span> <span class='ocrx_word' id='word_1_279' title='bbox 2145 3315 2226 3353; x_wconf 85' lang='lat' dir='ltr'><strong>se-</strong></span> 
     </span>
    </p>
   </div>
   <div class='ocr_carea' id='block_1_34' title="bbox 648 3391 2223 3463">
    <p class='ocr_par' dir='ltr' id='par_1_34' title="bbox 648 3391 2223 3463">
     <span class='ocr_line' id='line_1_34' title="bbox 648 3391 2223 3463; baseline -0.004 -13"><span class='ocrx_word' id='word_1_280' title='bbox 648 3397 868 3451; x_wconf 85' lang='lat' dir='ltr'><strong>cundum</strong></span> <span class='ocrx_word' id='word_1_281' title='bbox 898 3395 1152 3449; x_wconf 84' lang='lat' dir='ltr'><strong>veritatem</strong></span> <span class='ocrx_word' id='word_1_282' title='bbox 1178 3394 1229 3446; x_wconf 88' lang='lat' dir='ltr'><strong>in</strong></span> <span class='ocrx_word' id='word_1_283' title='bbox 1258 3409 1357 3455; x_wconf 86' lang='lat' dir='ltr'><strong>eos,</strong></span> <span class='ocrx_word' id='word_1_284' title='bbox 1386 3392 1474 3463; x_wconf 85' lang='lat' dir='ltr'><strong>qui</strong></span> <span class='ocrx_word' id='word_1_285' title='bbox 1500 3391 1622 3445; x_wconf 80' lang='lat' dir='ltr'><strong>talia</strong></span> <span class='ocrx_word' id='word_1_286' title='bbox 1644 3401 1818 3462; x_wconf 89' lang='lat' dir='ltr'><strong>agunt.</strong></span> <span class='ocrx_word' id='word_1_287' title='bbox 1850 3392 1926 3446; x_wconf 88' lang='lat' dir='ltr'><strong>Ne</strong></span> <span class='ocrx_word' id='word_1_288' title='bbox 1946 3392 2064 3460; x_wconf 91' lang='lat' dir='ltr'><strong>quis</strong></span> <span class='ocrx_word' id='word_1_289' title='bbox 2083 3391 2223 3444; x_wconf 88' lang='lat' dir='ltr'><strong>enim</strong></span> 
     </span>
    </p>
   </div>
   <div class='ocr_carea' id='block_1_35' title="bbox 646 3483 2227 3553">
    <p class='ocr_par' dir='ltr' id='par_1_35' title="bbox 646 3483 2227 3553">
     <span class='ocr_line' id='line_1_35' title="bbox 646 3483 2227 3553; baseline -0.003 -10"><span class='ocrx_word' id='word_1_290' title='bbox 646 3490 877 3551; x_wconf 88' lang='lat' dir='ltr'><strong>diceret,</strong></span> <span class='ocrx_word' id='word_1_291' title='bbox 906 3485 1121 3541; x_wconf 85' lang='lat' dir='ltr'><strong>interim</strong></span> <span class='ocrx_word' id='word_1_292' title='bbox 1149 3483 1303 3553; x_wconf 78' lang='lat' dir='ltr'><strong>etl‘ugi</strong></span> <span class='ocrx_word' id='word_1_293' title='bbox 1337 3501 1349 3536; x_wconf 92' lang='lat'>:</span> <span class='ocrx_word' id='word_1_294' title='bbox 1384 3492 1441 3537; x_wconf 90' lang='lat' dir='ltr'><strong>ut</strong></span> <span class='ocrx_word' id='word_1_295' title='bbox 1471 3491 1697 3550; x_wconf 89' lang='lat' dir='ltr'><strong>terreat,</strong></span> <span class='ocrx_word' id='word_1_296' title='bbox 1728 3484 1802 3537; x_wconf 90' lang='lat' dir='ltr'><strong>ait</strong></span> <span class='ocrx_word' id='word_1_297' title='bbox 1839 3485 1888 3549; x_wconf 76' lang='grc' dir='ltr'><strong>ί,</strong></span> <span class='ocrx_word' id='word_1_298' title='bbox 1930 3499 2033 3537; x_wconf 92' lang='lat' dir='ltr'><strong>non</strong></span> <span class='ocrx_word' id='word_1_299' title='bbox 2065 3483 2135 3538; x_wconf 87' lang='lat' dir='ltr'><strong>ita</strong></span> <span class='ocrx_word' id='word_1_300' title='bbox 2168 3499 2227 3539; x_wconf 88' lang='lat' dir='ltr'><strong>se</strong></span> 
     </span>
    </p>
   </div>
   <div class='ocr_carea' id='block_1_36' title="bbox 650 3573 2226 3644">
    <p class='ocr_par' dir='ltr' id='par_1_36' title="bbox 650 3573 2226 3644">
     <span class='ocr_line' id='line_1_36' title="bbox 650 3573 2226 3644; baseline -0.001 -12"><span class='ocrx_word' id='word_1_301' title='bbox 650 3594 761 3633; x_wconf 76' lang='lat' dir='ltr'><strong>rem</strong></span> <span class='ocrx_word' id='word_1_302' title='bbox 793 3575 991 3629; x_wconf 86' lang='lat' dir='ltr'><strong>habere</strong></span> <span class='ocrx_word' id='word_1_303' title='bbox 1017 3574 1155 3644; x_wconf 86' lang='lat' dir='ltr'><strong>apud</strong></span> <span class='ocrx_word' id='word_1_304' title='bbox 1188 3575 1352 3629; x_wconf 90' lang='lat' dir='ltr'><strong>Deum</strong></span> <span class='ocrx_word' id='word_1_305' title='bbox 1390 3582 1447 3627; x_wconf 93' lang='lat' dir='ltr'><strong>ut</strong></span> <span class='ocrx_word' id='word_1_306' title='bbox 1470 3573 1609 3641; x_wconf 88' lang='lat' dir='ltr'><strong>apud</strong></span> <span class='ocrx_word' id='word_1_307' title='bbox 1637 3587 1773 3628; x_wconf 90' lang='lat' dir='ltr'><strong>nos:</strong></span> <span class='ocrx_word' id='word_1_308' title='bbox 1805 3574 1890 3629; x_wconf 89' lang='lat' dir='ltr'><strong>hic</strong></span> <span class='ocrx_word' id='word_1_309' title='bbox 1923 3574 2063 3629; x_wconf 92' lang='lat' dir='ltr'><strong>cnim</strong></span> <span class='ocrx_word' id='word_1_310' title='bbox 2091 3575 2226 3631; x_wconf 88' lang='lat' dir='ltr'><strong>alios</strong></span> 
     </span>
    </p>
   </div>
   <div class='ocr_carea' id='block_1_37' title="bbox 652 3662 2226 3735">
    <p class='ocr_par' dir='ltr' id='par_1_37' title="bbox 652 3662 2226 3735">
     <span class='ocr_line' id='line_1_37' title="bbox 652 3662 2226 3735; baseline 0.004 -19"><span class='ocrx_word' id='word_1_311' title='bbox 652 3666 887 3735; x_wconf 49' lang='lat' dir='ltr'><strong>punitur,</strong></span> <span class='ocrx_word' id='word_1_312' title='bbox 914 3665 1048 3718; x_wconf 88' lang='lat' dir='ltr'><strong>alius</strong></span> <span class='ocrx_word' id='word_1_313' title='bbox 1072 3664 1274 3733; x_wconf 86' lang='lat' dir='ltr'><strong>ell‘ugit,</strong></span> <span class='ocrx_word' id='word_1_314' title='bbox 1304 3666 1391 3733; x_wconf 93' lang='lat' dir='ltr'><strong>qui</strong></span> <span class='ocrx_word' id='word_1_315' title='bbox 1423 3662 1606 3718; x_wconf 91' lang='lat' dir='ltr'><strong>eadem</strong></span> <span class='ocrx_word' id='word_1_316' title='bbox 1631 3664 1937 3729; x_wconf 89' lang='lat' dir='ltr'><strong>admiserat;</strong></span> <span class='ocrx_word' id='word_1_317' title='bbox 1966 3667 2070 3721; x_wconf 90' lang='lat' dir='ltr'><strong>illic</strong></span> <span class='ocrx_word' id='word_1_318' title='bbox 2096 3681 2226 3723; x_wconf 87' lang='lat' dir='ltr'><strong>vero</strong></span> 
     </span>
    </p>
   </div>
   <div class='ocr_carea' id='block_1_38' title="bbox 650 3753 2227 3827">
    <p class='ocr_par' dir='ltr' id='par_1_38' title="bbox 650 3753 2227 3827">
     <span class='ocr_line' id='line_1_38' title="bbox 650 3753 2227 3827; baseline 0.003 -18"><span class='ocrx_word' id='word_1_319' title='bbox 650 3770 753 3809; x_wconf 85' lang='lat' dir='ltr'><strong>non</strong></span> <span class='ocrx_word' id='word_1_320' title='bbox 787 3754 932 3809; x_wconf 90' lang='lat' dir='ltr'><strong>item.</strong></span> <span class='ocrx_word' id='word_1_321' title='bbox 964 3753 1114 3821; x_wconf 88' lang='lat' dir='ltr'><strong>Quod</strong></span> <span class='ocrx_word' id='word_1_322' title='bbox 1138 3768 1265 3824; x_wconf 85' lang='lat' dir='ltr'><strong>ergo</strong></span> <span class='ocrx_word' id='word_1_323' title='bbox 1284 3753 1425 3823; x_wconf 89' lang='lat' dir='ltr'><strong>justa</strong></span> <span class='ocrx_word' id='word_1_324' title='bbox 1454 3754 1679 3821; x_wconf 91' lang='lat' dir='ltr'><strong>noverit,</strong></span> <span class='ocrx_word' id='word_1_325' title='bbox 1711 3755 1755 3811; x_wconf 91' lang='lat' dir='ltr'><strong>is</strong></span> <span class='ocrx_word' id='word_1_326' title='bbox 1781 3756 1870 3827; x_wconf 91' lang='lat' dir='ltr'><strong>qui</strong></span> <span class='ocrx_word' id='word_1_327' title='bbox 1892 3756 2116 3827; x_wconf 86' lang='lat' dir='ltr'><strong>judicat,</strong></span> <span class='ocrx_word' id='word_1_328' title='bbox 2147 3757 2227 3813; x_wconf 88' lang='lat' dir='ltr'><strong>di-</strong></span> 
     </span>
    </p>
   </div>
   <div class='ocr_carea' id='block_1_39' title="bbox 650 3836 2222 3918">
    <p class='ocr_par' dir='ltr' id='par_1_39' title="bbox 650 3836 2222 3918">
     <span class='ocr_line' id='line_1_39' title="bbox 650 3836 2222 3918; baseline 0.004 -18"><span class='ocrx_word' id='word_1_329' title='bbox 650 3848 760 3910; x_wconf 88' lang='lat' dir='ltr'><strong>xit;</strong></span> <span class='ocrx_word' id='word_1_330' title='bbox 801 3844 941 3900; x_wconf 92' lang='lat' dir='ltr'><strong>unde</strong></span> <span class='ocrx_word' id='word_1_331' title='bbox 966 3860 1096 3900; x_wconf 86' lang='lat' dir='ltr'><strong>vero</strong></span> <span class='ocrx_word' id='word_1_332' title='bbox 1122 3836 1375 3911; x_wconf 80' lang='lat' dir='ltr'><strong>noverit,</strong></span> <span class='ocrx_word' id='word_1_333' title='bbox 1399 3861 1503 3901; x_wconf 90' lang='lat' dir='ltr'><strong>non</strong></span> <span class='ocrx_word' id='word_1_334' title='bbox 1532 3846 1657 3902; x_wconf 90' lang='lat' dir='ltr'><strong>item</strong></span> <span class='ocrx_word' id='word_1_335' title='bbox 1684 3865 1696 3902; x_wconf 87' lang='lat'><strong>:</strong></span> <span class='ocrx_word' id='word_1_336' title='bbox 1721 3850 2044 3918; x_wconf 89' lang='lat' dir='ltr'><strong>superlluum</strong></span> <span class='ocrx_word' id='word_1_337' title='bbox 2081 3852 2222 3907; x_wconf 90' lang='lat' dir='ltr'><strong>enim</strong></span> 
     </span>
    </p>
   </div>
   <div class='ocr_carea' id='block_1_40' title="bbox 647 3938 2223 4013">
    <p class='ocr_par' dir='ltr' id='par_1_40' title="bbox 647 3938 2223 4013">
     <span class='ocr_line' id='line_1_40' title="bbox 647 3938 2223 4013; baseline 0.004 -21"><span class='ocrx_word' id='word_1_338' title='bbox 647 3939 853 3993; x_wconf 77' lang='lat' dir='ltr'><strong>fuisset.</strong></span> <span class='ocrx_word' id='word_1_339' title='bbox 898 3938 1052 3993; x_wconf 82' lang='lat' dir='ltr'><strong>Circa</strong></span> <span class='ocrx_word' id='word_1_340' title='bbox 1092 3939 1415 4008; x_wconf 84' lang='lat' dir='ltr'><strong>impietatem</strong></span> <span class='ocrx_word' id='word_1_341' title='bbox 1442 3940 1655 4011; x_wconf 88' lang='lat' dir='ltr'><strong>quidem</strong></span> <span class='ocrx_word' id='word_1_342' title='bbox 1689 3951 1971 4013; x_wconf 90' lang='lat' dir='ltr'><strong>utrumque</strong></span> <span class='ocrx_word' id='word_1_343' title='bbox 1996 3944 2223 3999; x_wconf 88' lang='lat' dir='ltr'><strong>demon-</strong></span> 
     </span>
    </p>
   </div>
   <div class='ocr_carea' id='block_1_41' title="bbox 647 4030 2220 4105">
    <p class='ocr_par' dir='ltr' id='par_1_41' title="bbox 647 4030 2220 4105">
     <span class='ocr_line' id='line_1_41' title="bbox 647 4030 2220 4105; baseline 0.003 -20"><span class='ocrx_word' id='word_1_344' title='bbox 647 4041 799 4095; x_wconf 84' lang='lat' dir='ltr'><strong>strat,</strong></span> <span class='ocrx_word' id='word_1_345' title='bbox 845 4040 897 4085; x_wconf 90' lang='lat' dir='ltr'><strong>et</strong></span> <span class='ocrx_word' id='word_1_346' title='bbox 937 4030 1079 4101; x_wconf 90' lang='lat' dir='ltr'><strong>quod</strong></span> <span class='ocrx_word' id='word_1_347' title='bbox 1116 4030 1206 4087; x_wconf 90' lang='lat' dir='ltr'><strong>ille</strong></span> <span class='ocrx_word' id='word_1_348' title='bbox 1235 4030 1411 4086; x_wconf 87' lang='lat' dir='ltr'><strong>Deum</strong></span> <span class='ocrx_word' id='word_1_349' title='bbox 1445 4046 1794 4102; x_wconf 88' lang='lat' dir='ltr'><strong>cognoscens,</strong></span> <span class='ocrx_word' id='word_1_350' title='bbox 1826 4035 1987 4103; x_wconf 90' lang='lat' dir='ltr'><strong>impie</strong></span> <span class='ocrx_word' id='word_1_351' title='bbox 2014 4037 2220 4105; x_wconf 84' lang='lat' dir='ltr'><strong>egerit;</strong></span> 
     </span>
    </p>
   </div>
   <div class='ocr_carea' id='block_1_42' title="bbox 647 4121 2222 4192">
    <p class='ocr_par' dir='ltr' id='par_1_42' title="bbox 647 4121 2222 4192">
     <span class='ocr_line' id='line_1_42' title="bbox 647 4121 2222 4192; baseline 0.002 -15"><span class='ocrx_word' id='word_1_352' title='bbox 647 4133 697 4177; x_wconf 84' lang='lat' dir='ltr'><strong>et</strong></span> <span class='ocrx_word' id='word_1_353' title='bbox 738 4121 879 4177; x_wconf 91' lang='lat' dir='ltr'><strong>unde</strong></span> <span class='ocrx_word' id='word_1_354' title='bbox 909 4123 1149 4187; x_wconf 88' lang='lat' dir='ltr'><strong>noverit,</strong></span> <span class='ocrx_word' id='word_1_355' title='bbox 1179 4138 1371 4191; x_wconf 90' lang='lat' dir='ltr'><strong>nempe</strong></span> <span class='ocrx_word' id='word_1_356' title='bbox 1396 4138 1460 4177; x_wconf 85' lang='lat' dir='ltr'><strong>ex</strong></span> <span class='ocrx_word' id='word_1_357' title='bbox 1490 4124 1647 4177; x_wconf 84' lang='lat' dir='ltr'><strong>rebus</strong></span> <span class='ocrx_word' id='word_1_358' title='bbox 1673 4125 1887 4179; x_wconf 86' lang='lat' dir='ltr'><strong>creatis.</strong></span> <span class='ocrx_word' id='word_1_359' title='bbox 1919 4125 2051 4192; x_wconf 86' lang='lat' dir='ltr'><strong>Quia</strong></span> <span class='ocrx_word' id='word_1_360' title='bbox 2081 4128 2222 4181; x_wconf 92' lang='lat' dir='ltr'><strong>enim</strong></span> 
     </span>
    </p>
   </div>
   <div class='ocr_carea' id='block_1_43' title="bbox 650 4216 2226 4283">
    <p class='ocr_par' dir='ltr' id='par_1_43' title="bbox 650 4216 2226 4283">
     <span class='ocr_line' id='line_1_43' title="bbox 650 4216 2226 4283; baseline 0.004 -16"><span class='ocrx_word' id='word_1_361' title='bbox 650 4230 754 4269; x_wconf 84' lang='lat' dir='ltr'><strong>non</strong></span> <span class='ocrx_word' id='word_1_362' title='bbox 804 4216 1051 4270; x_wconf 89' lang='lat' dir='ltr'><strong>omnibus</strong></span> <span class='ocrx_word' id='word_1_363' title='bbox 1099 4223 1281 4269; x_wconf 91' lang='lat' dir='ltr'><strong>notum</strong></span> <span class='ocrx_word' id='word_1_364' title='bbox 1322 4224 1455 4279; x_wconf 88' lang='lat' dir='ltr'><strong>erat,</strong></span> <span class='ocrx_word' id='word_1_365' title='bbox 1498 4230 1708 4269; x_wconf 86' lang='lat' dir='ltr'><strong>causam</strong></span> <span class='ocrx_word' id='word_1_366' title='bbox 1741 4217 1901 4270; x_wconf 91' lang='lat' dir='ltr'><strong>etiam</strong></span> <span class='ocrx_word' id='word_1_367' title='bbox 1934 4218 2107 4283; x_wconf 83' lang='lat' dir='ltr'><strong>dixit;</strong></span> <span class='ocrx_word' id='word_1_368' title='bbox 2140 4218 2226 4273; x_wconf 89' lang='lat' dir='ltr'><strong>hic</strong></span> 
     </span>
    </p>
   </div>
   <div class='ocr_carea' id='block_1_44' title="bbox 645 4304 2222 4373">
    <p class='ocr_par' dir='ltr' id='par_1_44' title="bbox 645 4304 2222 4373">
     <span class='ocr_line' id='line_1_44' title="bbox 645 4304 2222 4373; baseline 0.003 -16"><span class='ocrx_word' id='word_1_369' title='bbox 645 4322 795 4369; x_wconf 86' lang='lat' dir='ltr'><strong>vero,</strong></span> <span class='ocrx_word' id='word_1_370' title='bbox 828 4307 947 4373; x_wconf 90' lang='lat' dir='ltr'><strong>quia</strong></span> <span class='ocrx_word' id='word_1_371' title='bbox 978 4319 1062 4359; x_wconf 89' lang='lat' dir='ltr'><strong>res</strong></span> <span class='ocrx_word' id='word_1_372' title='bbox 1088 4305 1140 4357; x_wconf 92' lang='lat' dir='ltr'><strong>in</strong></span> <span class='ocrx_word' id='word_1_373' title='bbox 1166 4304 1413 4359; x_wconf 79' lang='lat' dir='ltr'><strong>confesso</strong></span> <span class='ocrx_word' id='word_1_374' title='bbox 1435 4313 1568 4371; x_wconf 89' lang='lat' dir='ltr'><strong>erat,</strong></span> <span class='ocrx_word' id='word_1_375' title='bbox 1601 4308 1853 4373; x_wconf 58' lang='lat' dir='ltr'><strong>praeterit.</strong></span> <span class='ocrx_word' id='word_1_376' title='bbox 1887 4306 2017 4361; x_wconf 87' lang='lat' dir='ltr'><strong>Cum</strong></span> <span class='ocrx_word' id='word_1_377' title='bbox 2046 4319 2222 4362; x_wconf 90' lang='lat' dir='ltr'><strong>autem</strong></span> 
     </span>
    </p>
   </div>
   <div class='ocr_carea' id='block_1_45' title="bbox 645 4395 2225 4468">
    <p class='ocr_par' dir='ltr' id='par_1_45' title="bbox 645 4395 2225 4468">
     <span class='ocr_line' id='line_1_45' title="bbox 645 4395 2225 4468; baseline 0.002 -17"><span class='ocrx_word' id='word_1_378' title='bbox 645 4396 809 4460; x_wconf 82' lang='lat' dir='ltr'><strong>dicit,</strong></span> <span class='ocrx_word' id='word_1_379' title='bbox 845 4395 1022 4449; x_wconf 87' lang='lat' dir='ltr'><strong>Omnis</strong></span> <span class='ocrx_word' id='word_1_380' title='bbox 1063 4395 1147 4463; x_wconf 88' lang='lat' dir='ltr'><strong>qui</strong></span> <span class='ocrx_word' id='word_1_381' title='bbox 1182 4395 1415 4464; x_wconf 88' lang='lat' dir='ltr'><strong>judicat,</strong></span> <span class='ocrx_word' id='word_1_382' title='bbox 1466 4409 1571 4448; x_wconf 93' lang='lat' dir='ltr'><strong>non</strong></span> <span class='ocrx_word' id='word_1_383' title='bbox 1620 4397 1947 4466; x_wconf 89' lang='lat' dir='ltr'><strong>principibus</strong></span> <span class='ocrx_word' id='word_1_384' title='bbox 1989 4398 2225 4468; x_wconf 84' lang='lat' dir='ltr'><strong>loquitur</strong></span> 
     </span>
    </p>
   </div>
   <div class='ocr_carea' id='block_1_46' title="bbox 648 4485 1761 4554">
    <p class='ocr_par' dir='ltr' id='par_1_46' title="bbox 648 4485 1761 4554">
     <span class='ocr_line' id='line_1_46' title="bbox 648 4485 1761 4554; baseline 0.001 -14"><span class='ocrx_word' id='word_1_385' title='bbox 648 4498 872 4550; x_wconf 88' lang='lat' dir='ltr'><strong>tantum,</strong></span> <span class='ocrx_word' id='word_1_386' title='bbox 902 4485 992 4540; x_wconf 92' lang='lat' dir='ltr'><strong>sed</strong></span> <span class='ocrx_word' id='word_1_387' title='bbox 1020 4486 1179 4540; x_wconf 87' lang='lat' dir='ltr'><strong>etiam</strong></span> <span class='ocrx_word' id='word_1_388' title='bbox 1207 4486 1423 4554; x_wconf 74' lang='lat' dir='ltr'><strong>privatis</strong></span> <span class='ocrx_word' id='word_1_389' title='bbox 1443 4496 1495 4541; x_wconf 93' lang='lat' dir='ltr'><strong>et</strong></span> <span class='ocrx_word' id='word_1_390' title='bbox 1516 4486 1761 4554; x_wconf 86' lang='lat' dir='ltr'><strong>subditis.</strong></span> 
     </span>
    </p>
   </div>
   <div class='ocr_carea' id='block_1_47' title="bbox 715 4574 2222 4642">
    <p class='ocr_par' dir='ltr' id='par_1_47' title="bbox 715 4574 2222 4642">
     <span class='ocr_line' id='line_1_47' title="bbox 715 4574 2222 4642; baseline 0.005 -13"><span class='ocrx_word' id='word_1_391' title='bbox 715 4576 772 4630; x_wconf 78' lang='lat'><strong>2.</strong></span> <span class='ocrx_word' id='word_1_392' title='bbox 816 4575 1026 4629; x_wconf 89' lang='lat' dir='ltr'><strong>Etenim</strong></span> <span class='ocrx_word' id='word_1_393' title='bbox 1072 4589 1259 4629; x_wconf 85' lang='lat' dir='ltr'><strong>omnes</strong></span> <span class='ocrx_word' id='word_1_394' title='bbox 1291 4574 1566 4642; x_wconf 90' lang='lat' dir='ltr'><strong>homines,</strong></span> <span class='ocrx_word' id='word_1_395' title='bbox 1596 4578 1802 4633; x_wconf 90' lang='lat' dir='ltr'><strong>etiamsi</strong></span> <span class='ocrx_word' id='word_1_396' title='bbox 1835 4578 2085 4636; x_wconf 89' lang='lat' dir='ltr'><strong>thronum</strong></span> <span class='ocrx_word' id='word_1_397' title='bbox 2119 4597 2222 4637; x_wconf 92' lang='lat' dir='ltr'><strong>non</strong></span> 
     </span>
    </p>
   </div>
   <div class='ocr_carea' id='block_1_48' title="bbox 648 4667 2223 4744">
    <p class='ocr_par' dir='ltr' id='par_1_48' title="bbox 648 4667 2223 4744">
     <span class='ocr_line' id='line_1_48' title="bbox 648 4667 2223 4744; baseline 0.004 -21"><span class='ocrx_word' id='word_1_398' title='bbox 648 4670 896 4735; x_wconf 87' lang='lat' dir='ltr'><strong>habeant,</strong></span> <span class='ocrx_word' id='word_1_399' title='bbox 927 4682 1031 4723; x_wconf 91' lang='lat' dir='ltr'><strong>non</strong></span> <span class='ocrx_word' id='word_1_400' title='bbox 1061 4667 1339 4723; x_wconf 90' lang='lat' dir='ltr'><strong>carniﬁces</strong></span> <span class='ocrx_word' id='word_1_401' title='bbox 1365 4683 1463 4723; x_wconf 90' lang='lat' dir='ltr'><strong>nec</strong></span> <span class='ocrx_word' id='word_1_402' title='bbox 1508 4669 1725 4738; x_wconf 77' lang='lat' dir='ltr'><strong>lignum,</strong></span> <span class='ocrx_word' id='word_1_403' title='bbox 1755 4680 1989 4728; x_wconf 88' lang='lat' dir='ltr'><strong>attamen</strong></span> <span class='ocrx_word' id='word_1_404' title='bbox 2027 4686 2080 4729; x_wconf 89' lang='lat' dir='ltr'><strong>et</strong></span> <span class='ocrx_word' id='word_1_405' title='bbox 2125 4676 2223 4744; x_wconf 82' lang='lat' dir='ltr'><strong>ipsi</strong></span> 
     </span>
    </p>
   </div>
   <div class='ocr_carea' id='block_1_49' title="bbox 647 4757 2218 4832">
    <p class='ocr_par' dir='ltr' id='par_1_49' title="bbox 647 4757 2218 4832">
     <span class='ocr_line' id='line_1_49' title="bbox 647 4757 2218 4832; baseline 0.004 -18"><span class='ocrx_word' id='word_1_406' title='bbox 647 4758 715 4814; x_wconf 89' lang='lat' dir='ltr'><strong>de</strong></span> <span class='ocrx_word' id='word_1_407' title='bbox 741 4760 825 4825; x_wconf 92' lang='lat' dir='ltr'><strong>iis,</strong></span> <span class='ocrx_word' id='word_1_408' title='bbox 857 4759 945 4829; x_wconf 90' lang='lat' dir='ltr'><strong>qui</strong></span> <span class='ocrx_word' id='word_1_409' title='bbox 977 4766 1217 4829; x_wconf 89' lang='lat' dir='ltr'><strong>peccant,</strong></span> <span class='ocrx_word' id='word_1_410' title='bbox 1235 4757 1475 4824; x_wconf 74' lang='lat' dir='ltr'><strong>iudicant</strong></span> <span class='ocrx_word' id='word_1_411' title='bbox 1505 4760 1556 4813; x_wconf 94' lang='lat' dir='ltr'><strong>in</strong></span> <span class='ocrx_word' id='word_1_412' title='bbox 1583 4761 1865 4832; x_wconf 91' lang='lat' dir='ltr'><strong>colloquiis</strong></span> <span class='ocrx_word' id='word_1_413' title='bbox 1892 4774 1943 4818; x_wconf 93' lang='lat' dir='ltr'><strong>et</strong></span> <span class='ocrx_word' id='word_1_414' title='bbox 1968 4765 2218 4831; x_wconf 70' lang='lat' dir='ltr'><strong>cmtibus,</strong></span> 
     </span>
    </p>
   </div>
   <div class='ocr_carea' id='block_1_50' title="bbox 646 4850 2224 4920">
    <p class='ocr_par' dir='ltr' id='par_1_50' title="bbox 646 4850 2224 4920">
     <span class='ocr_line' id='line_1_50' title="bbox 646 4850 2224 4920; baseline 0.004 -14"><span class='ocrx_word' id='word_1_415' title='bbox 646 4867 712 4907; x_wconf 87' lang='lat' dir='ltr'><strong>ex</strong></span> <span class='ocrx_word' id='word_1_416' title='bbox 734 4850 1072 4906; x_wconf 65' lang='lat' dir='ltr'><strong>conscientiae</strong></span> <span class='ocrx_word' id='word_1_417' title='bbox 1103 4865 1295 4920; x_wconf 88' lang='lat' dir='ltr'><strong>nempe</strong></span> <span class='ocrx_word' id='word_1_418' title='bbox 1330 4850 1538 4906; x_wconf 90' lang='lat' dir='ltr'><strong>calculo</strong></span> <span class='ocrx_word' id='word_1_419' title='bbox 1567 4865 1581 4907; x_wconf 89' lang='lat'>:</span> <span class='ocrx_word' id='word_1_420' title='bbox 1613 4861 1668 4907; x_wconf 89' lang='lat' dir='ltr'><strong>et</strong></span> <span class='ocrx_word' id='word_1_421' title='bbox 1694 4869 1852 4910; x_wconf 91' lang='lat' dir='ltr'><strong>nemo</strong></span> <span class='ocrx_word' id='word_1_422' title='bbox 1880 4854 2060 4912; x_wconf 90' lang='lat' dir='ltr'><strong>dicere</strong></span> <span class='ocrx_word' id='word_1_423' title='bbox 2084 4859 2224 4914; x_wconf 83' lang='lat' dir='ltr'><strong>ausit</strong></span> 
     </span>
    </p>
   </div>
   <div class='ocr_carea' id='block_1_51' title="bbox 655 4941 2224 5016">
    <p class='ocr_par' dir='ltr' id='par_1_51' title="bbox 655 4941 2224 5016">
     <span class='ocr_line' id='line_1_51' title="bbox 655 4941 2224 5016; baseline 0.001 -15"><span class='ocrx_word' id='word_1_424' title='bbox 655 4942 919 5001; x_wconf 75' lang='lat' dir='ltr'><strong>tnwchum</strong></span> <span class='ocrx_word' id='word_1_425' title='bbox 950 4956 1054 4997; x_wconf 90' lang='lat' dir='ltr'><strong>non</strong></span> <span class='ocrx_word' id='word_1_426' title='bbox 1087 4955 1206 4996; x_wconf 89' lang='lat' dir='ltr'><strong>esse</strong></span> <span class='ocrx_word' id='word_1_427' title='bbox 1232 4941 1450 5011; x_wconf 85' lang='lat' dir='ltr'><strong>dignum</strong></span> <span class='ocrx_word' id='word_1_428' title='bbox 1479 4944 1771 5013; x_wconf 88' lang='lat' dir='ltr'><strong>punitione.</strong></span> <span class='ocrx_word' id='word_1_429' title='bbox 1801 4942 1908 5001; x_wconf 87' lang='lat' dir='ltr'><strong>Sed</strong></span> <span class='ocrx_word' id='word_1_430' title='bbox 1934 4947 2069 5002; x_wconf 90' lang='lat' dir='ltr'><strong>alios</strong></span> <span class='ocrx_word' id='word_1_431' title='bbox 2092 4988 2108 5016; x_wconf 92' lang='lat'><strong>,</strong></span> <span class='ocrx_word' id='word_1_432' title='bbox 2140 4949 2224 5002; x_wconf 87' lang='lat' dir='ltr'><strong>in-</strong></span> 
     </span>
    </p>
   </div>
   <div class='ocr_carea' id='block_1_52' title="bbox 652 5034 2225 5106">
    <p class='ocr_par' dir='ltr' id='par_1_52' title="bbox 652 5034 2225 5106">
     <span class='ocr_line' id='line_1_52' title="bbox 652 5034 2225 5106; baseline 0.005 -17"><span class='ocrx_word' id='word_1_433' title='bbox 652 5037 787 5106; x_wconf 88' lang='lat' dir='ltr'><strong>quit,</strong></span> <span class='ocrx_word' id='word_1_434' title='bbox 819 5034 1089 5100; x_wconf 88' lang='lat' dir='ltr'><strong>danmant,</strong></span> <span class='ocrx_word' id='word_1_435' title='bbox 1119 5049 1223 5088; x_wconf 93' lang='lat' dir='ltr'><strong>non</strong></span> <span class='ocrx_word' id='word_1_436' title='bbox 1250 5034 1473 5104; x_wconf 88' lang='lat' dir='ltr'><strong>seipsos.</strong></span> <span class='ocrx_word' id='word_1_437' title='bbox 1507 5034 1630 5091; x_wconf 86' lang='lat' dir='ltr'><strong>ideo</strong></span> <span class='ocrx_word' id='word_1_438' title='bbox 1657 5038 1709 5092; x_wconf 93' lang='lat' dir='ltr'><strong>in</strong></span> <span class='ocrx_word' id='word_1_439' title='bbox 1733 5038 1851 5093; x_wconf 89' lang='lat' dir='ltr'><strong>illos</strong></span> <span class='ocrx_word' id='word_1_440' title='bbox 1881 5038 2225 5099; x_wconf 85' lang='lat' dir='ltr'><strong>vehementer</strong></span> 
     </span>
    </p>
   </div>
   <div class='ocr_carea' id='block_1_53' title="bbox 654 5127 2228 5204">
    <p class='ocr_par' dir='ltr' id='par_1_53' title="bbox 654 5127 2228 5204">
     <span class='ocr_line' id='line_1_53' title="bbox 654 5127 2228 5204; baseline 0.006 -25"><span class='ocrx_word' id='word_1_441' title='bbox 654 5127 897 5197; x_wconf 84' lang='lat' dir='ltr'><strong>insurgit,</strong></span> <span class='ocrx_word' id='word_1_442' title='bbox 922 5128 1102 5183; x_wconf 87' lang='lat' dir='ltr'><strong>dicens</strong></span> <span class='ocrx_word' id='word_1_443' title='bbox 1136 5146 1151 5185; x_wconf 87' lang='lat'><strong>:</strong></span> <span class='ocrx_word' id='word_1_444' title='bbox 1179 5129 1231 5183; x_wconf 82' lang='grc'><strong>5.</strong></span> <span class='ocrx_word' id='word_1_445' title='bbox 1265 5128 1536 5184; x_wconf 72' lang='lat' dir='ltr'><strong>Existimas</strong></span> <span class='ocrx_word' id='word_1_446' title='bbox 1557 5141 1719 5184; x_wconf 88' lang='lat' dir='ltr'><strong>autem</strong></span> <span class='ocrx_word' id='word_1_447' title='bbox 1747 5131 1859 5199; x_wconf 85' lang='lat' dir='ltr'><strong>hoc,</strong></span> <span class='ocrx_word' id='word_1_448' title='bbox 1894 5149 1923 5187; x_wconf 93' lang='grc' dir='ltr'><em>ο</em></span> <span class='ocrx_word' id='word_1_449' title='bbox 1954 5135 2120 5200; x_wconf 80' lang='lat' dir='ltr'><strong>homo,</strong></span> <span class='ocrx_word' id='word_1_450' title='bbox 2141 5136 2228 5204; x_wconf 85' lang='lat' dir='ltr'><strong>qui</strong></span> 
     </span>
    </p>
   </div>
   <div class='ocr_carea' id='block_1_54' title="bbox 651 5215 2271 5307">
    <p class='ocr_par' dir='ltr' id='par_1_54' title="bbox 651 5215 2271 5307">
     <span class='ocr_line' id='line_1_54' title="bbox 651 5215 2271 5307; baseline 0.008 -40"><span class='ocrx_word' id='word_1_451' title='bbox 651 5217 850 5287; x_wconf 77' lang='lat' dir='ltr'><strong>judicas</strong></span> <span class='ocrx_word' id='word_1_452' title='bbox 879 5218 994 5271; x_wconf 88' lang='lat' dir='ltr'><strong>illos</strong></span> <span class='ocrx_word' id='word_1_453' title='bbox 1022 5219 1107 5289; x_wconf 89' lang='lat' dir='ltr'><strong>qui</strong></span> <span class='ocrx_word' id='word_1_454' title='bbox 1134 5215 1257 5272; x_wconf 84' lang='lat' dir='ltr'><strong>talia</strong></span> <span class='ocrx_word' id='word_1_455' title='bbox 1285 5229 1477 5289; x_wconf 86' lang='lat' dir='ltr'><strong>agunt,</strong></span> <span class='ocrx_word' id='word_1_456' title='bbox 1523 5230 1568 5273; x_wconf 88' lang='lat' dir='ltr'><strong>et</strong></span> <span class='ocrx_word' id='word_1_457' title='bbox 1595 5222 1721 5292; x_wconf 83' lang='lat' dir='ltr'><strong>facis</strong></span> <span class='ocrx_word' id='word_1_458' title='bbox 1751 5238 1828 5289; x_wconf 88' lang='lat' dir='ltr'><strong>ea,</strong></span> <span class='ocrx_word' id='word_1_459' title='bbox 1859 5226 1995 5293; x_wconf 90' lang='lat' dir='ltr'><strong>quod</strong></span> <span class='ocrx_word' id='word_1_460' title='bbox 2019 5234 2071 5278; x_wconf 86' lang='lat' dir='ltr'><strong>tu</strong></span> <span class='ocrx_word' id='word_1_461' title='bbox 2097 5225 2227 5293; x_wconf 79' lang='lat' dir='ltr'><strong>e/Iu-</strong></span> <span class='ocrx_word' id='word_1_462' title='bbox 2268 5303 2271 5307; x_wconf 75' lang='lat'><em>_</em></span> 
     </span>
    </p>
   </div>
   <div class='ocr_carea' id='block_1_55' title="bbox 653 5307 2225 5388">
    <p class='ocr_par' dir='ltr' id='par_1_55' title="bbox 653 5307 2225 5388">
     <span class='ocr_line' id='line_1_55' title="bbox 653 5307 2225 5388; baseline 0.009 -28"><span class='ocrx_word' id='word_1_463' title='bbox 653 5307 759 5375; x_wconf 86' lang='lat' dir='ltr'><strong>gies</strong></span> <span class='ocrx_word' id='word_1_464' title='bbox 778 5308 1032 5378; x_wconf 85' lang='lat' dir='ltr'><strong>judicium</strong></span> <span class='ocrx_word' id='word_1_465' title='bbox 1060 5309 1173 5362; x_wconf 86' lang='lat' dir='ltr'><strong>Dei.</strong></span> <span class='ocrx_word' id='word_1_466' title='bbox 1213 5309 1344 5376; x_wconf 86' lang='lat' dir='ltr'><strong>Quia</strong></span> <span class='ocrx_word' id='word_1_467' title='bbox 1387 5313 1527 5367; x_wconf 91' lang='lat' dir='ltr'><strong>enim</strong></span> <span class='ocrx_word' id='word_1_468' title='bbox 1555 5314 1787 5369; x_wconf 83' lang='lat' dir='ltr'><strong>ostendit</strong></span> <span class='ocrx_word' id='word_1_469' title='bbox 1818 5316 2001 5387; x_wconf 79' lang='lat' dir='ltr'><strong>ingens</strong></span> <span class='ocrx_word' id='word_1_470' title='bbox 2032 5334 2225 5388; x_wconf 85' lang='lat' dir='ltr'><strong>pecca-</strong></span> 
     </span>
    </p>
   </div>
   <div class='ocr_carea' id='block_1_56' title="bbox 655 5397 2223 5480">
    <p class='ocr_par' dir='ltr' id='par_1_56' title="bbox 655 5397 2223 5480">
     <span class='ocr_line' id='line_1_56' title="bbox 655 5397 2223 5480; baseline 0.01 -30"><span class='ocrx_word' id='word_1_471' title='bbox 655 5413 766 5451; x_wconf 85' lang='lat' dir='ltr'><strong>tum</strong></span> <span class='ocrx_word' id='word_1_472' title='bbox 796 5397 941 5451; x_wconf 89' lang='lat' dir='ltr'><strong>orbis</strong></span> <span class='ocrx_word' id='word_1_473' title='bbox 969 5405 1026 5451; x_wconf 90' lang='lat' dir='ltr'><strong>et</strong></span> <span class='ocrx_word' id='word_1_474' title='bbox 1063 5412 1090 5450; x_wconf 89' lang='lat' dir='ltr'><strong>a</strong></span> <span class='ocrx_word' id='word_1_475' title='bbox 1119 5397 1454 5466; x_wconf 88' lang='lat' dir='ltr'><strong>dogmatibus</strong></span> <span class='ocrx_word' id='word_1_476' title='bbox 1482 5413 1536 5457; x_wconf 90' lang='lat' dir='ltr'><strong>et</strong></span> <span class='ocrx_word' id='word_1_477' title='bbox 1565 5419 1593 5455; x_wconf 89' lang='lat' dir='ltr'><strong>a</strong></span> <span class='ocrx_word' id='word_1_478' title='bbox 1626 5404 1970 5472; x_wconf 77' lang='lat' dir='ltr'><strong>facinoribus,</strong></span> <span class='ocrx_word' id='word_1_479' title='bbox 2002 5422 2056 5463; x_wconf 83' lang='lat' dir='ltr'><strong>et</strong></span> <span class='ocrx_word' id='word_1_480' title='bbox 2082 5412 2223 5480; x_wconf 91' lang='lat' dir='ltr'><strong>quod</strong></span> 
     </span>
    </p>
   </div>
   <div class='ocr_carea' id='block_1_57' title="bbox 650 5490 2257 5566">
    <p class='ocr_par' dir='ltr' id='par_1_57' title="bbox 650 5490 2257 5566">
     <span class='ocr_line' id='line_1_57' title="bbox 650 5490 2257 5566; baseline 0.012 -26"><span class='ocrx_word' id='word_1_481' title='bbox 650 5490 917 5558; x_wconf 86' lang='lat' dir='ltr'><strong>sapientes</strong></span> <span class='ocrx_word' id='word_1_482' title='bbox 945 5502 1063 5541; x_wconf 92' lang='lat' dir='ltr'><strong>cum</strong></span> <span class='ocrx_word' id='word_1_483' title='bbox 1095 5498 1295 5552; x_wconf 87' lang='lat' dir='ltr'><strong>essent,</strong></span> <span class='ocrx_word' id='word_1_484' title='bbox 1324 5494 1539 5563; x_wconf 89' lang='lat' dir='ltr'><strong>etquod</strong></span> <span class='ocrx_word' id='word_1_485' title='bbox 1574 5510 1693 5550; x_wconf 91' lang='lat' dir='ltr'><strong>cum</strong></span> <span class='ocrx_word' id='word_1_486' title='bbox 1729 5496 1987 5555; x_wconf 89' lang='lat' dir='ltr'><strong>haberent</strong></span> <span class='ocrx_word' id='word_1_487' title='bbox 2013 5517 2223 5559; x_wconf 70' lang='lat' dir='ltr'><strong>cmatu-</strong></span> <span class='ocrx_word' id='word_1_488' title='bbox 2250 5560 2257 5566; x_wconf 75' lang='grc'><em>,</em></span> 
     </span>
    </p>
   </div>
   <div class='ocr_carea' id='block_1_58' title="bbox 649 5577 2221 5653">
    <p class='ocr_par' dir='ltr' id='par_1_58' title="bbox 649 5577 2221 5653">
     <span class='ocr_line' id='line_1_58' title="bbox 649 5577 2221 5653; baseline 0.009 -17"><span class='ocrx_word' id='word_1_489' title='bbox 649 5594 761 5636; x_wconf 87' lang='lat' dir='ltr'><strong>ram</strong></span> <span class='ocrx_word' id='word_1_490' title='bbox 787 5592 845 5633; x_wconf 89' lang='lat' dir='ltr'><strong>se</strong></span> <span class='ocrx_word' id='word_1_491' title='bbox 869 5593 1026 5633; x_wconf 89' lang='lat' dir='ltr'><strong>manu</strong></span> <span class='ocrx_word' id='word_1_492' title='bbox 1056 5577 1339 5635; x_wconf 88' lang='lat' dir='ltr'><strong>ducentem</strong></span> <span class='ocrx_word' id='word_1_493' title='bbox 1358 5622 1374 5649; x_wconf 92' lang='lat'><strong>,</strong></span> <span class='ocrx_word' id='word_1_494' title='bbox 1402 5583 1542 5653; x_wconf 89' lang='lat' dir='ltr'><strong>quod</strong></span> <span class='ocrx_word' id='word_1_495' title='bbox 1573 5600 1678 5640; x_wconf 92' lang='lat' dir='ltr'><strong>non</strong></span> <span class='ocrx_word' id='word_1_496' title='bbox 1711 5590 1870 5644; x_wconf 91' lang='lat' dir='ltr'><strong>modo</strong></span> <span class='ocrx_word' id='word_1_497' title='bbox 1898 5590 2063 5647; x_wconf 85' lang='lat' dir='ltr'><strong>Deum</strong></span> <span class='ocrx_word' id='word_1_498' title='bbox 2096 5597 2221 5651; x_wconf 84' lang='lat' dir='ltr'><strong>reli-</strong></span> 
     </span>
    </p>
   </div>
   <div class='ocr_carea' id='block_1_59' title="bbox 707 5752 1926 5823">
    <p class='ocr_par' dir='ltr' id='par_1_59' title="bbox 707 5752 1926 5823">
     <span class='ocr_line' id='line_1_59' title="bbox 707 5752 1926 5823; baseline 0.011 -22"><span class='ocrx_word' id='word_1_499' title='bbox 707 5753 725 5786; x_wconf 81' lang='grc'><strong><em>⁸</em></strong></span> <span class='ocrx_word' id='word_1_500' title='bbox 749 5756 943 5812; x_wconf 81' lang='lat' dir='ltr'><strong>Quidam</strong></span> <span class='ocrx_word' id='word_1_501' title='bbox 969 5752 1155 5818; x_wconf 78' lang='lat' dir='ltr'><strong>legunt,</strong></span> <span class='ocrx_word' id='word_1_502' title='bbox 1180 5760 1371 5808; x_wconf 75' lang='lat' dir='ltr'><strong>interim</strong></span> <span class='ocrx_word' id='word_1_503' title='bbox 1394 5757 1540 5823; x_wconf 76' lang='lat' dir='ltr'><strong>emtgi</strong></span> <span class='ocrx_word' id='word_1_504' title='bbox 1574 5755 1688 5811; x_wconf 87' lang='lat' dir='ltr'><strong>timo</strong></span> <span class='ocrx_word' id='word_1_505' title='bbox 1698 5775 1815 5823; x_wconf 86' lang='lat' dir='ltr'><strong>rem,</strong></span> <span class='ocrx_word' id='word_1_506' title='bbox 1838 5764 1926 5815; x_wconf 68' lang='lat' dir='ltr'><strong>ait.</strong></span> 
     </span>
    </p>
   </div>
   <div class='ocr_carea' id='block_1_60' title="bbox 1391 332 3726 413">
    <p class='ocr_par' dir='ltr' id='par_1_60' title="bbox 1391 332 3726 413">
     <span class='ocr_line' id='line_1_60' title="bbox 1391 332 3726 413; baseline -0.007 -8"><span class='ocrx_word' id='word_1_507' title='bbox 1391 351 1445 405; x_wconf 91' lang='lat' dir='ltr'><strong>s.</strong></span> <span class='ocrx_word' id='word_1_508' title='bbox 1484 346 1759 404; x_wconf 71' lang='lat' dir='ltr'><strong>JOANNIS</strong></span> <span class='ocrx_word' id='word_1_509' title='bbox 1782 332 2249 399; x_wconf 75' lang='lat' dir='ltr'><strong>ennvsosroui</strong></span> <span class='ocrx_word' id='word_1_510' title='bbox 2290 339 2600 396; x_wconf 77' lang='lat' dir='ltr'><strong>AltClilEP.</strong></span> <span class='ocrx_word' id='word_1_511' title='bbox 2642 343 3170 403; x_wconf 68' lang='lat' dir='ltr'><strong>eousraurmor.</strong></span> <span class='ocrx_word' id='word_1_512' title='bbox 3696 362 3726 413; x_wconf 61' lang='grc' dir='ltr'><strong>ις</strong></span> 
     </span>
    </p>
   </div>
   <div class='ocr_carea' id='block_1_61' title="bbox 2339 455 3726 539">
    <p class='ocr_par' dir='ltr' id='par_1_61' title="bbox 2339 455 3726 539">
     <span class='ocr_line' id='line_1_61' title="bbox 2339 455 3726 539; baseline 0.012 -32"><span class='ocrx_word' id='word_1_513' title='bbox 2339 455 2581 524; x_wconf 89' lang='lat' dir='ltr'><strong>quissent</strong></span> <span class='ocrx_word' id='word_1_514' title='bbox 2604 499 2618 522; x_wconf 93' lang='lat'><strong>,</strong></span> <span class='ocrx_word' id='word_1_515' title='bbox 2663 459 2756 513; x_wconf 90' lang='lat' dir='ltr'><strong>sed</strong></span> <span class='ocrx_word' id='word_1_516' title='bbox 2803 460 2964 514; x_wconf 89' lang='lat' dir='ltr'><strong>etiam</strong></span> <span class='ocrx_word' id='word_1_517' title='bbox 2996 462 3287 533; x_wconf 77' lang='lat' dir='ltr'><strong>elegissent</strong></span> <span class='ocrx_word' id='word_1_518' title='bbox 3317 464 3510 537; x_wconf 82' lang='lat' dir='ltr'><strong>imagines</strong></span> <span class='ocrx_word' id='word_1_519' title='bbox 3543 470 3726 539; x_wconf 77' lang='lat' dir='ltr'><strong>reptiliuu</strong></span> 
     </span>
    </p>
   </div>
   <div class='ocr_carea' id='block_1_62' title="bbox 2337 546 3722 628">
    <p class='ocr_par' dir='ltr' id='par_1_62' title="bbox 2337 546 3722 628">
     <span class='ocr_line' id='line_1_62' title="bbox 2337 546 3722 628; baseline 0.014 -33"><span class='ocrx_word' id='word_1_520' title='bbox 2337 546 2477 613; x_wconf 83' lang='lat' dir='ltr'><strong>quod</strong></span> <span class='ocrx_word' id='word_1_521' title='bbox 2507 547 2665 601; x_wconf 88' lang='lat' dir='ltr'><strong>etiam</strong></span> <span class='ocrx_word' id='word_1_522' title='bbox 2696 549 2947 604; x_wconf 86' lang='lat' dir='ltr'><strong>virtutem</strong></span> <span class='ocrx_word' id='word_1_523' title='bbox 2989 564 3337 622; x_wconf 88' lang='lat' dir='ltr'><strong>spernerent,</strong></span> <span class='ocrx_word' id='word_1_524' title='bbox 3369 566 3411 611; x_wconf 88' lang='lat' dir='ltr'><strong>et</strong></span> <span class='ocrx_word' id='word_1_525' title='bbox 3440 559 3545 628; x_wconf 83' lang='lat' dir='ltr'><strong>quod</strong></span> <span class='ocrx_word' id='word_1_526' title='bbox 3576 562 3722 615; x_wconf 82' lang='lat' dir='ltr'><strong>alliciet</strong></span> 
     </span>
    </p>
   </div>
   <div class='ocr_carea' id='block_1_63' title="bbox 2342 639 3726 723">
    <p class='ocr_par' dir='ltr' id='par_1_63' title="bbox 2342 639 3726 723">
     <span class='ocr_line' id='line_1_63' title="bbox 2342 639 3726 723; baseline 0.012 -36"><span class='ocrx_word' id='word_1_527' title='bbox 2342 644 2528 690; x_wconf 82' lang='lat' dir='ltr'><strong>natura</strong></span> <span class='ocrx_word' id='word_1_528' title='bbox 2575 639 2639 691; x_wconf 90' lang='lat' dir='ltr'><strong>ad</strong></span> <span class='ocrx_word' id='word_1_529' title='bbox 2670 642 2960 709; x_wconf 85' lang='lat' dir='ltr'><strong>nequitiam</strong></span> <span class='ocrx_word' id='word_1_530' title='bbox 2990 658 3049 698; x_wconf 90' lang='lat' dir='ltr'><strong>se</strong></span> <span class='ocrx_word' id='word_1_531' title='bbox 3088 657 3282 714; x_wconf 90' lang='lat' dir='ltr'><strong>sponte</strong></span> <span class='ocrx_word' id='word_1_532' title='bbox 3311 648 3565 715; x_wconf 81' lang='lat' dir='ltr'><strong>conferrent,</strong></span> <span class='ocrx_word' id='word_1_533' title='bbox 3591 655 3726 723; x_wconf 84' lang='lat' dir='ltr'><strong>quodq</strong></span> 
     </span>
    </p>
   </div>
   <div class='ocr_carea' id='block_1_64' title="bbox 2339 735 3725 802">
    <p class='ocr_par' dir='ltr' id='par_1_64' title="bbox 2339 735 3725 802">
     <span class='ocr_line' id='line_1_64' title="bbox 2339 735 3725 802; baseline 0.013 -25"><span class='ocrx_word' id='word_1_534' title='bbox 2339 735 2526 780; x_wconf 87' lang='lat' dir='ltr'><strong>contra</strong></span> <span class='ocrx_word' id='word_1_535' title='bbox 2558 736 2797 784; x_wconf 80' lang='lat' dir='ltr'><strong>naturam</strong></span> <span class='ocrx_word' id='word_1_536' title='bbox 2828 743 3051 802; x_wconf 81' lang='lat' dir='ltr'><strong>agerent</strong></span> <span class='ocrx_word' id='word_1_537' title='bbox 3086 752 3101 790; x_wconf 89' lang='lat'><strong>:</strong></span> <span class='ocrx_word' id='word_1_538' title='bbox 3137 736 3203 789; x_wconf 91' lang='lat' dir='ltr'><strong>ad</strong></span> <span class='ocrx_word' id='word_1_539' title='bbox 3247 737 3364 793; x_wconf 92' lang='lat' dir='ltr'><strong>illud</strong></span> <span class='ocrx_word' id='word_1_540' title='bbox 3385 737 3533 794; x_wconf 86' lang='lat' dir='ltr'><strong>deinde</strong></span> <span class='ocrx_word' id='word_1_541' title='bbox 3559 757 3603 795; x_wconf 88' lang='lat' dir='ltr'><strong>se</strong></span> <span class='ocrx_word' id='word_1_542' title='bbox 3626 744 3725 796; x_wconf 73' lang='lat' dir='ltr'><strong>cuni</strong></span> 
     </span>
    </p>
   </div>
   <div class='ocr_carea' id='block_1_65' title="bbox 2340 817 3726 900">
    <p class='ocr_par' dir='ltr' id='par_1_65' title="bbox 2340 817 3726 900">
     <span class='ocr_line' id='line_1_65' title="bbox 2340 817 3726 900; baseline 0.014 -33"><span class='ocrx_word' id='word_1_543' title='bbox 2340 817 2665 873; x_wconf 87' lang='lat' dir='ltr'><strong>utostendat</strong></span> <span class='ocrx_word' id='word_1_544' title='bbox 2691 835 2805 887; x_wconf 93' lang='lat' dir='ltr'><strong>eos,</strong></span> <span class='ocrx_word' id='word_1_545' title='bbox 2838 823 2926 891; x_wconf 89' lang='lat' dir='ltr'><strong>qui</strong></span> <span class='ocrx_word' id='word_1_546' title='bbox 2961 823 3080 878; x_wconf 87' lang='lat' dir='ltr'><strong>talia</strong></span> <span class='ocrx_word' id='word_1_547' title='bbox 3118 837 3418 896; x_wconf 87' lang='lat' dir='ltr'><strong>perpetrant,</strong></span> <span class='ocrx_word' id='word_1_548' title='bbox 3443 833 3643 900; x_wconf 87' lang='lat' dir='ltr'><strong>supplicio</strong></span> <span class='ocrx_word' id='word_1_549' title='bbox 3666 843 3726 887; x_wconf 86' lang='lat' dir='ltr'><strong>tra</strong></span> 
     </span>
    </p>
   </div>
   <div class='ocr_carea' id='block_1_66' title="bbox 2338 908 3726 994">
    <p class='ocr_par' dir='ltr' id='par_1_66' title="bbox 2338 908 3726 994">
     <span class='ocr_line' id='line_1_66' title="bbox 2338 908 3726 994; baseline 0.01 -31"><span class='ocrx_word' id='word_1_550' title='bbox 2338 908 2455 963; x_wconf 88' lang='lat' dir='ltr'><strong>Jam</strong></span> <span class='ocrx_word' id='word_1_551' title='bbox 2495 914 2811 968; x_wconf 86' lang='lat' dir='ltr'><strong>memoravit</strong></span> <span class='ocrx_word' id='word_1_552' title='bbox 2839 916 3159 986; x_wconf 84' lang='lat' dir='ltr'><strong>supplicium</strong></span> <span class='ocrx_word' id='word_1_553' title='bbox 3187 934 3308 974; x_wconf 90' lang='lat' dir='ltr'><strong>cum</strong></span> <span class='ocrx_word' id='word_1_554' title='bbox 3332 921 3386 975; x_wconf 92' lang='lat' dir='ltr'><strong>de</strong></span> <span class='ocrx_word' id='word_1_555' title='bbox 3409 921 3593 977; x_wconf 87' lang='lat' dir='ltr'><strong>facinore</strong></span> <span class='ocrx_word' id='word_1_556' title='bbox 3615 940 3726 994; x_wconf 60' lang='lat' dir='ltr'><strong>ager.</strong></span> 
     </span>
    </p>
   </div>
   <div class='ocr_carea' id='block_1_67' title="bbox 2339 1001 3726 1085">
    <p class='ocr_par' dir='ltr' id='par_1_67' title="bbox 2339 1001 3726 1085">
     <span class='ocr_line' id='line_1_67' title="bbox 2339 1001 3726 1085; baseline 0.011 -30"><span class='ocrx_word' id='word_1_557' title='bbox 2339 1001 2467 1056; x_wconf 89' lang='lat' dir='ltr'><strong>Nam</strong></span> <span class='ocrx_word' id='word_1_558' title='bbox 2498 1002 2803 1073; x_wconf 76' lang='lat' dir='ltr'><strong>Mercedem,</strong></span> <span class='ocrx_word' id='word_1_559' title='bbox 2855 1008 3046 1079; x_wconf 89' lang='lat' dir='ltr'><strong>inquit,</strong></span> <span class='ocrx_word' id='word_1_560' title='bbox 3118 1015 3303 1066; x_wconf 87' lang='lat' dir='ltr'><strong>erroris</strong></span> <span class='ocrx_word' id='word_1_561' title='bbox 3335 1014 3399 1066; x_wconf 80' lang='lat' dir='ltr'><strong>sui</strong></span> <span class='ocrx_word' id='word_1_562' title='bbox 3436 1015 3476 1068; x_wconf 88' lang='lat' dir='ltr'><strong>in</strong></span> <span class='ocrx_word' id='word_1_563' title='bbox 3518 1018 3658 1085; x_wconf 78' lang='lat' dir='ltr'><strong>seipsis</strong></span> <span class='ocrx_word' id='word_1_564' title='bbox 3697 1036 3726 1070; x_wconf 68' lang='grc' dir='ltr'>τι</span> 
     </span>
    </p>
   </div>
   <div class='ocr_carea' id='block_1_68' title="bbox 2338 1094 3717 1169">
    <p class='ocr_par' dir='ltr' id='par_1_68' title="bbox 2338 1094 3717 1169">
     <span class='ocr_line' id='line_1_68' title="bbox 2338 1094 3717 1169; baseline 0.013 -25"><span class='ocrx_word' id='word_1_565' title='bbox 2338 1094 2482 1163; x_wconf 84' lang='lat' dir='ltr'><strong>piunt</strong></span> <span class='ocrx_word' id='word_1_566' title='bbox 2529 1111 2547 1147; x_wconf 93' lang='lat'><strong><em>:</em></strong></span> <span class='ocrx_word' id='word_1_567' title='bbox 2598 1113 2780 1151; x_wconf 87' lang='lat' dir='ltr'><strong>verum</strong></span> <span class='ocrx_word' id='word_1_568' title='bbox 2832 1100 2953 1168; x_wconf 89' lang='lat' dir='ltr'><strong>quia</strong></span> <span class='ocrx_word' id='word_1_569' title='bbox 3001 1117 3106 1157; x_wconf 90' lang='lat' dir='ltr'><strong>non</strong></span> <span class='ocrx_word' id='word_1_570' title='bbox 3160 1104 3384 1158; x_wconf 89' lang='lat' dir='ltr'><strong>sentiunt</strong></span> <span class='ocrx_word' id='word_1_571' title='bbox 3427 1107 3556 1169; x_wconf 78' lang='lat' dir='ltr'><strong>illam,</strong></span> <span class='ocrx_word' id='word_1_572' title='bbox 3597 1109 3717 1162; x_wconf 84' lang='lat' dir='ltr'><strong>addit</strong></span> 
     </span>
    </p>
   </div>
   <div class='ocr_carea' id='block_1_69' title="bbox 2336 1184 3718 1264">
    <p class='ocr_par' dir='ltr' id='par_1_69' title="bbox 2336 1184 3718 1264">
     <span class='ocr_line' id='line_1_69' title="bbox 2336 1184 3718 1264; baseline 0.009 -28"><span class='ocrx_word' id='word_1_573' title='bbox 2336 1184 2516 1250; x_wconf 91' lang='lat' dir='ltr'><strong>aliam,</strong></span> <span class='ocrx_word' id='word_1_574' title='bbox 2549 1200 2705 1255; x_wconf 89' lang='lat' dir='ltr'><strong>quam</strong></span> <span class='ocrx_word' id='word_1_575' title='bbox 2733 1189 2963 1245; x_wconf 81' lang='lat' dir='ltr'><strong>maxime</strong></span> <span class='ocrx_word' id='word_1_576' title='bbox 2996 1192 3271 1246; x_wconf 86' lang='lat' dir='ltr'><strong>timebant.</strong></span> <span class='ocrx_word' id='word_1_577' title='bbox 3304 1193 3493 1264; x_wconf 84' lang='lat' dir='ltr'><strong>Jamque</strong></span> <span class='ocrx_word' id='word_1_578' title='bbox 3517 1197 3630 1251; x_wconf 89' lang='lat' dir='ltr'><strong>illam</strong></span> <span class='ocrx_word' id='word_1_579' title='bbox 3656 1213 3718 1252; x_wconf 84' lang='lat' dir='ltr'><strong>OSI</strong></span> 
     </span>
    </p>
   </div>
   <div class='ocr_carea' id='block_1_70' title="bbox 2336 1276 3726 1354">
    <p class='ocr_par' dir='ltr' id='par_1_70' title="bbox 2336 1276 3726 1354">
     <span class='ocr_line' id='line_1_70' title="bbox 2336 1276 3726 1354; baseline 0.009 -24"><span class='ocrx_word' id='word_1_580' title='bbox 2336 1276 2537 1331; x_wconf 87' lang='lat' dir='ltr'><strong>derat:</strong></span> <span class='ocrx_word' id='word_1_581' title='bbox 2578 1294 2696 1333; x_wconf 84' lang='lat' dir='ltr'><strong>cum</strong></span> <span class='ocrx_word' id='word_1_582' title='bbox 2750 1282 2892 1336; x_wconf 90' lang='lat' dir='ltr'><strong>enim</strong></span> <span class='ocrx_word' id='word_1_583' title='bbox 2942 1282 3105 1349; x_wconf 85' lang='lat' dir='ltr'><strong>dicit,</strong></span> <span class='ocrx_word' id='word_1_584' title='bbox 3170 1284 3406 1354; x_wconf 88' lang='lat' dir='ltr'><strong>judicium</strong></span> <span class='ocrx_word' id='word_1_585' title='bbox 3458 1288 3532 1343; x_wconf 85' lang='lat' dir='ltr'><strong>Dei</strong></span> <span class='ocrx_word' id='word_1_586' title='bbox 3570 1290 3726 1343; x_wconf 88' lang='lat' dir='ltr'><strong>secund</strong></span> 
     </span>
    </p>
   </div>
   <div class='ocr_carea' id='block_1_71' title="bbox 2336 1370 3726 1449">
    <p class='ocr_par' dir='ltr' id='par_1_71' title="bbox 2336 1370 3726 1449">
     <span class='ocr_line' id='line_1_71' title="bbox 2336 1370 3726 1449; baseline 0.01 -27"><span class='ocrx_word' id='word_1_587' title='bbox 2336 1370 2613 1425; x_wconf 83' lang='lat' dir='ltr'><strong>veritatem</strong></span> <span class='ocrx_word' id='word_1_588' title='bbox 2666 1387 2817 1440; x_wconf 91' lang='lat' dir='ltr'><strong>esse,</strong></span> <span class='ocrx_word' id='word_1_589' title='bbox 2873 1374 3004 1429; x_wconf 91' lang='lat' dir='ltr'><strong>nihil</strong></span> <span class='ocrx_word' id='word_1_590' title='bbox 3059 1377 3201 1431; x_wconf 89' lang='lat' dir='ltr'><strong>aliud</strong></span> <span class='ocrx_word' id='word_1_591' title='bbox 3257 1395 3398 1449; x_wconf 88' lang='lat' dir='ltr'><strong>quam</strong></span> <span class='ocrx_word' id='word_1_592' title='bbox 3445 1380 3530 1435; x_wconf 88' lang='lat' dir='ltr'><strong>hoc</strong></span> <span class='ocrx_word' id='word_1_593' title='bbox 3578 1382 3726 1437; x_wconf 71' lang='lat' dir='ltr'><strong>det-lar</strong></span> 
     </span>
    </p>
   </div>
   <div class='ocr_carea' id='block_1_72' title="bbox 2336 1463 3723 1539">
    <p class='ocr_par' dir='ltr' id='par_1_72' title="bbox 2336 1463 3723 1539">
     <span class='ocr_line' id='line_1_72' title="bbox 2336 1463 3723 1539; baseline 0.009 -25"><span class='ocrx_word' id='word_1_594' title='bbox 2336 1469 2574 1516; x_wconf 88' lang='lat' dir='ltr'><strong>attamen</strong></span> <span class='ocrx_word' id='word_1_595' title='bbox 2650 1463 2776 1518; x_wconf 91' lang='lat' dir='ltr'><strong>illud</strong></span> <span class='ocrx_word' id='word_1_596' title='bbox 2850 1464 2937 1520; x_wconf 91' lang='lat' dir='ltr'><strong>hic</strong></span> <span class='ocrx_word' id='word_1_597' title='bbox 2992 1466 3230 1535; x_wconf 86' lang='lat' dir='ltr'><strong>pluribus</strong></span> <span class='ocrx_word' id='word_1_598' title='bbox 3282 1470 3472 1539; x_wconf 83' lang='lat' dir='ltr'><strong>probat,</strong></span> <span class='ocrx_word' id='word_1_599' title='bbox 3529 1472 3594 1526; x_wconf 84' lang='lat' dir='ltr'><strong>sic</strong></span> <span class='ocrx_word' id='word_1_600' title='bbox 3624 1472 3723 1527; x_wconf 89' lang='lat' dir='ltr'><strong>dice</strong></span> 
     </span>
    </p>
   </div>
   <div class='ocr_carea' id='block_1_73' title="bbox 2336 1550 3726 1633">
    <p class='ocr_par' dir='ltr' id='par_1_73' title="bbox 2336 1550 3726 1633">
     <span class='ocr_line' id='line_1_73' title="bbox 2336 1550 3726 1633; baseline 0.009 -29"><span class='ocrx_word' id='word_1_601' title='bbox 2336 1550 2613 1606; x_wconf 72' lang='lat' dir='ltr'><strong>Existimas</strong></span> <span class='ocrx_word' id='word_1_602' title='bbox 2633 1564 2799 1609; x_wconf 87' lang='lat' dir='ltr'><strong>autem</strong></span> <span class='ocrx_word' id='word_1_603' title='bbox 2822 1556 2935 1621; x_wconf 80' lang='lat' dir='ltr'><strong>lioc,</strong></span> <span class='ocrx_word' id='word_1_604' title='bbox 2959 1574 2989 1611; x_wconf 93' lang='lat' dir='ltr'><strong>o</strong></span> <span class='ocrx_word' id='word_1_605' title='bbox 3009 1558 3179 1625; x_wconf 83' lang='lat' dir='ltr'><strong>ltomo,</strong></span> <span class='ocrx_word' id='word_1_606' title='bbox 3206 1561 3291 1629; x_wconf 85' lang='lat' dir='ltr'><strong>qui</strong></span> <span class='ocrx_word' id='word_1_607' title='bbox 3309 1562 3487 1631; x_wconf 82' lang='lat' dir='ltr'><strong>judicas</strong></span> <span class='ocrx_word' id='word_1_608' title='bbox 3508 1563 3602 1617; x_wconf 82' lang='lat' dir='ltr'><strong>illos</strong></span> <span class='ocrx_word' id='word_1_609' title='bbox 3622 1566 3696 1633; x_wconf 87' lang='lat' dir='ltr'><strong>qui</strong></span> <span class='ocrx_word' id='word_1_610' title='bbox 3720 1578 3726 1617; x_wconf 74' lang='grc' dir='ltr'><strong><em>ι</em></strong></span> 
     </span>
    </p>
   </div>
   <div class='ocr_carea' id='block_1_74' title="bbox 2334 1646 3726 1721">
    <p class='ocr_par' dir='ltr' id='par_1_74' title="bbox 2334 1646 3726 1721">
     <span class='ocr_line' id='line_1_74' title="bbox 2334 1646 3726 1721; baseline 0.008 -28"><span class='ocrx_word' id='word_1_611' title='bbox 2334 1653 2510 1711; x_wconf 83' lang='lat' dir='ltr'><strong>agunt,</strong></span> <span class='ocrx_word' id='word_1_612' title='bbox 2534 1654 2581 1696; x_wconf 84' lang='lat' dir='ltr'><strong>et</strong></span> <span class='ocrx_word' id='word_1_613' title='bbox 2604 1646 2731 1716; x_wconf 80' lang='lat' dir='ltr'><strong>facis</strong></span> <span class='ocrx_word' id='word_1_614' title='bbox 2754 1663 2833 1711; x_wconf 83' lang='lat' dir='ltr'><strong>ea,</strong></span> <span class='ocrx_word' id='word_1_615' title='bbox 2862 1650 2997 1716; x_wconf 81' lang='lat' dir='ltr'><strong>quod</strong></span> <span class='ocrx_word' id='word_1_616' title='bbox 3016 1658 3068 1702; x_wconf 89' lang='lat' dir='ltr'><strong>tu</strong></span> <span class='ocrx_word' id='word_1_617' title='bbox 3088 1648 3298 1719; x_wconf 79' lang='lat' dir='ltr'><strong>e/I&#39;ngies</strong></span> <span class='ocrx_word' id='word_1_618' title='bbox 3314 1652 3531 1721; x_wconf 81' lang='lat' dir='ltr'><strong>judicium</strong></span> <span class='ocrx_word' id='word_1_619' title='bbox 3552 1652 3664 1708; x_wconf 85' lang='lat' dir='ltr'><strong>Dei?</strong></span> <span class='ocrx_word' id='word_1_620' title='bbox 3680 1655 3726 1709; x_wconf 75' lang='grc' dir='ltr'><strong>Τι</strong></span> 
     </span>
    </p>
   </div>
   <div class='ocr_carea' id='block_1_75' title="bbox 2333 1733 3713 1814">
    <p class='ocr_par' dir='ltr' id='par_1_75' title="bbox 2333 1733 3713 1814">
     <span class='ocr_line' id='line_1_75' title="bbox 2333 1733 3713 1814; baseline 0.009 -28"><span class='ocrx_word' id='word_1_621' title='bbox 2333 1748 2438 1787; x_wconf 92' lang='lat' dir='ltr'><strong>non</strong></span> <span class='ocrx_word' id='word_1_622' title='bbox 2481 1733 2733 1803; x_wconf 84' lang='lat' dir='ltr'><strong>ell‘ugisti,</strong></span> <span class='ocrx_word' id='word_1_623' title='bbox 2766 1746 2820 1791; x_wconf 91' lang='lat' dir='ltr'><strong>et</strong></span> <span class='ocrx_word' id='word_1_624' title='bbox 2859 1737 3116 1807; x_wconf 91' lang='lat' dir='ltr'><strong>judicium</strong></span> <span class='ocrx_word' id='word_1_625' title='bbox 3146 1740 3237 1793; x_wconf 88' lang='lat' dir='ltr'><strong>Dei</strong></span> <span class='ocrx_word' id='word_1_626' title='bbox 3266 1740 3495 1811; x_wconf 85' lang='lat' dir='ltr'><strong>ell‘ugies&#39;t</strong></span> <span class='ocrx_word' id='word_1_627' title='bbox 3526 1754 3572 1798; x_wconf 91' lang='lat' dir='ltr'><strong>et</strong></span> <span class='ocrx_word' id='word_1_628' title='bbox 3609 1746 3713 1814; x_wconf 90' lang='lat' dir='ltr'><strong>quis</strong></span> 
     </span>
    </p>
   </div>
   <div class='ocr_carea' id='block_1_76' title="bbox 2333 1822 3726 1907">
    <p class='ocr_par' dir='ltr' id='par_1_76' title="bbox 2333 1822 3726 1907">
     <span class='ocr_line' id='line_1_76' title="bbox 2333 1822 3726 1907; baseline 0.008 -30"><span class='ocrx_word' id='word_1_629' title='bbox 2333 1822 2559 1878; x_wconf 77' lang='lat' dir='ltr'><strong>dixerit?</strong></span> <span class='ocrx_word' id='word_1_630' title='bbox 2586 1827 2744 1895; x_wconf 89' lang='lat' dir='ltr'><strong>Atqui</strong></span> <span class='ocrx_word' id='word_1_631' title='bbox 2775 1834 2828 1881; x_wconf 92' lang='lat' dir='ltr'><strong>tu</strong></span> <span class='ocrx_word' id='word_1_632' title='bbox 2868 1829 3093 1899; x_wconf 90' lang='lat' dir='ltr'><strong>teipsum</strong></span> <span class='ocrx_word' id='word_1_633' title='bbox 3118 1830 3377 1901; x_wconf 75' lang='lat' dir='ltr'><strong>iudicasti.</strong></span> <span class='ocrx_word' id='word_1_634' title='bbox 3406 1833 3572 1889; x_wconf 80' lang='lat' dir='ltr'><strong>Verum</strong></span> <span class='ocrx_word' id='word_1_635' title='bbox 3591 1847 3726 1907; x_wconf 86' lang='lat' dir='ltr'><strong>postq</strong></span> 
     </span>
    </p>
   </div>
   <div class='ocr_carea' id='block_1_77' title="bbox 2333 1915 3709 1992">
    <p class='ocr_par' dir='ltr' id='par_1_77' title="bbox 2333 1915 3709 1992">
     <span class='ocr_line' id='line_1_77' title="bbox 2333 1915 3709 1992; baseline 0.009 -25"><span class='ocrx_word' id='word_1_636' title='bbox 2333 1922 2477 1969; x_wconf 92' lang='lat' dir='ltr'><strong>tanta</strong></span> <span class='ocrx_word' id='word_1_637' title='bbox 2506 1915 2601 1970; x_wconf 86' lang='lat' dir='ltr'><strong>fuit</strong></span> <span class='ocrx_word' id='word_1_638' title='bbox 2629 1916 2784 1987; x_wconf 91' lang='lat' dir='ltr'><strong>hujus</strong></span> <span class='ocrx_word' id='word_1_639' title='bbox 2812 1920 3086 1976; x_wconf 86' lang='lat' dir='ltr'><strong>tribunalis</strong></span> <span class='ocrx_word' id='word_1_640' title='bbox 3110 1925 3387 1980; x_wconf 88' lang='lat' dir='ltr'><strong>auctoritas</strong></span> <span class='ocrx_word' id='word_1_641' title='bbox 3409 1967 3423 1992; x_wconf 92' lang='lat'><strong>,</strong></span> <span class='ocrx_word' id='word_1_642' title='bbox 3445 1942 3531 1982; x_wconf 90' lang='lat' dir='ltr'><strong>nec</strong></span> <span class='ocrx_word' id='word_1_643' title='bbox 3554 1937 3599 1981; x_wconf 92' lang='lat' dir='ltr'><strong>tu</strong></span> <span class='ocrx_word' id='word_1_644' title='bbox 3628 1929 3709 1981; x_wconf 86' lang='lat' dir='ltr'><strong>tibi</strong></span> 
     </span>
    </p>
   </div>
   <div class='ocr_carea' id='block_1_78' title="bbox 2331 2007 3718 2087">
    <p class='ocr_par' dir='ltr' id='par_1_78' title="bbox 2331 2007 3718 2087">
     <span class='ocr_line' id='line_1_78' title="bbox 2331 2007 3718 2087; baseline 0.011 -30"><span class='ocrx_word' id='word_1_645' title='bbox 2331 2019 2454 2059; x_wconf 90' lang='lat' dir='ltr'><strong>cere</strong></span> <span class='ocrx_word' id='word_1_646' title='bbox 2482 2007 2697 2075; x_wconf 90' lang='lat' dir='ltr'><strong>potuisti</strong></span> <span class='ocrx_word' id='word_1_647' title='bbox 2721 2050 2737 2075; x_wconf 93' lang='lat'><strong>,</strong></span> <span class='ocrx_word' id='word_1_648' title='bbox 2769 2010 3038 2079; x_wconf 90' lang='lat' dir='ltr'><strong>quomodo</strong></span> <span class='ocrx_word' id='word_1_649' title='bbox 3080 2011 3249 2079; x_wconf 91' lang='lat' dir='ltr'><strong>Deus,</strong></span> <span class='ocrx_word' id='word_1_650' title='bbox 3278 2016 3361 2085; x_wconf 91' lang='lat' dir='ltr'><strong>qui</strong></span> <span class='ocrx_word' id='word_1_651' title='bbox 3398 2017 3718 2087; x_wconf 89' lang='lat' dir='ltr'><strong>impeccabilis</strong></span> 
     </span>
    </p>
   </div>
   <div class='ocr_carea' id='block_1_79' title="bbox 2331 2097 3726 2177">
    <p class='ocr_par' dir='ltr' id='par_1_79' title="bbox 2331 2097 3726 2177">
     <span class='ocr_line' id='line_1_79' title="bbox 2331 2097 3726 2177; baseline 0.008 -26"><span class='ocrx_word' id='word_1_652' title='bbox 2331 2112 2541 2151; x_wconf 90' lang='lat' dir='ltr'><strong>summe</strong></span> <span class='ocrx_word' id='word_1_653' title='bbox 2565 2097 2761 2168; x_wconf 89' lang='lat' dir='ltr'><strong>justus,</strong></span> <span class='ocrx_word' id='word_1_654' title='bbox 2804 2117 2909 2155; x_wconf 93' lang='lat' dir='ltr'><strong>non</strong></span> <span class='ocrx_word' id='word_1_655' title='bbox 2948 2103 3114 2158; x_wconf 89' lang='lat' dir='ltr'><strong>multo</strong></span> <span class='ocrx_word' id='word_1_656' title='bbox 3154 2106 3320 2177; x_wconf 90' lang='lat' dir='ltr'><strong>magis</strong></span> <span class='ocrx_word' id='word_1_657' title='bbox 3355 2106 3447 2163; x_wconf 90' lang='lat' dir='ltr'><strong>hoc</strong></span> <span class='ocrx_word' id='word_1_658' title='bbox 3470 2107 3642 2164; x_wconf 85' lang='lat' dir='ltr'><strong>faciet?</strong></span> <span class='ocrx_word' id='word_1_659' title='bbox 3678 2109 3726 2164; x_wconf 78' lang='lat' dir='ltr'><strong>Si</strong></span> 
     </span>
    </p>
   </div>
   <div class='ocr_carea' id='block_1_80' title="bbox 2332 2189 3726 2269">
    <p class='ocr_par' dir='ltr' id='par_1_80' title="bbox 2332 2189 3726 2269">
     <span class='ocr_line' id='line_1_80' title="bbox 2332 2189 3726 2269; baseline 0.006 -26"><span class='ocrx_word' id='word_1_660' title='bbox 2332 2189 2558 2260; x_wconf 90' lang='lat' dir='ltr'><strong>teipsum</strong></span> <span class='ocrx_word' id='word_1_661' title='bbox 2592 2191 2875 2259; x_wconf 87' lang='lat' dir='ltr'><strong>damnasti,</strong></span> <span class='ocrx_word' id='word_1_662' title='bbox 2907 2203 2962 2249; x_wconf 92' lang='lat' dir='ltr'><strong>et</strong></span> <span class='ocrx_word' id='word_1_663' title='bbox 2990 2195 3126 2251; x_wconf 89' lang='lat' dir='ltr'><strong>Deus</strong></span> <span class='ocrx_word' id='word_1_664' title='bbox 3152 2206 3203 2251; x_wconf 90' lang='lat' dir='ltr'><strong>te</strong></span> <span class='ocrx_word' id='word_1_665' title='bbox 3228 2199 3726 2269; x_wconf 70' lang='lat' dir='ltr'><strong>approbabitetlaud;</strong></span> 
     </span>
    </p>
   </div>
   <div class='ocr_carea' id='block_1_81' title="bbox 2330 2281 3726 2364">
    <p class='ocr_par' dir='ltr' id='par_1_81' title="bbox 2330 2281 3726 2364">
     <span class='ocr_line' id='line_1_81' title="bbox 2330 2281 3726 2364; baseline 0.008 -30"><span class='ocrx_word' id='word_1_666' title='bbox 2330 2281 2508 2351; x_wconf 87' lang='lat' dir='ltr'><strong>Ecqua</strong></span> <span class='ocrx_word' id='word_1_667' title='bbox 2534 2283 2741 2340; x_wconf 90' lang='lat' dir='ltr'><strong>ratione</strong></span> <span class='ocrx_word' id='word_1_668' title='bbox 2770 2284 2884 2341; x_wconf 74' lang='lat' dir='ltr'><strong>hrec</strong></span> <span class='ocrx_word' id='word_1_669' title='bbox 2903 2287 3184 2344; x_wconf 87' lang='lat' dir='ltr'><strong>dicantur?</strong></span> <span class='ocrx_word' id='word_1_670' title='bbox 3212 2291 3366 2361; x_wconf 85' lang='lat' dir='ltr'><strong>Atqui</strong></span> <span class='ocrx_word' id='word_1_671' title='bbox 3394 2302 3443 2346; x_wconf 91' lang='lat' dir='ltr'><strong>tu</strong></span> <span class='ocrx_word' id='word_1_672' title='bbox 3463 2292 3605 2363; x_wconf 85' lang='lat' dir='ltr'><strong>longe</strong></span> <span class='ocrx_word' id='word_1_673' title='bbox 3623 2310 3726 2364; x_wconf 69' lang='lat' dir='ltr'><strong>Stlpl</strong></span> 
     </span>
    </p>
   </div>
   <div class='ocr_carea' id='block_1_82' title="bbox 2331 2376 3726 2453">
    <p class='ocr_par' dir='ltr' id='par_1_82' title="bbox 2331 2376 3726 2453">
     <span class='ocr_line' id='line_1_82' title="bbox 2331 2376 3726 2453; baseline 0.007 -24"><span class='ocrx_word' id='word_1_674' title='bbox 2331 2383 2384 2429; x_wconf 93' lang='lat' dir='ltr'><strong>et</strong></span> <span class='ocrx_word' id='word_1_675' title='bbox 2416 2376 2629 2445; x_wconf 90' lang='lat' dir='ltr'><strong>quidem</strong></span> <span class='ocrx_word' id='word_1_676' title='bbox 2660 2378 2861 2448; x_wconf 88' lang='lat' dir='ltr'><strong>majore</strong></span> <span class='ocrx_word' id='word_1_677' title='bbox 2888 2379 3098 2450; x_wconf 81' lang='lat' dir='ltr'><strong>dignior</strong></span> <span class='ocrx_word' id='word_1_678' title='bbox 3126 2382 3216 2437; x_wconf 92' lang='lat' dir='ltr'><strong>illo</strong></span> <span class='ocrx_word' id='word_1_679' title='bbox 3240 2424 3255 2451; x_wconf 91' lang='lat'><strong>,</strong></span> <span class='ocrx_word' id='word_1_680' title='bbox 3284 2400 3435 2453; x_wconf 85' lang='lat' dir='ltr'><strong>quem</strong></span> <span class='ocrx_word' id='word_1_681' title='bbox 3467 2386 3726 2441; x_wconf 88' lang='lat' dir='ltr'><strong>damnasti.</strong></span> 
     </span>
    </p>
   </div>
   <div class='ocr_carea' id='block_1_83' title="bbox 2331 2465 3720 2546">
    <p class='ocr_par' dir='ltr' id='par_1_83' title="bbox 2331 2465 3720 2546">
     <span class='ocr_line' id='line_1_83' title="bbox 2331 2465 3720 2546; baseline 0.009 -27"><span class='ocrx_word' id='word_1_682' title='bbox 2331 2465 2475 2520; x_wconf 92' lang='lat' dir='ltr'><strong>enim</strong></span> <span class='ocrx_word' id='word_1_683' title='bbox 2519 2465 2749 2537; x_wconf 90' lang='lat' dir='ltr'><strong>idipsum</strong></span> <span class='ocrx_word' id='word_1_684' title='bbox 2795 2478 2877 2524; x_wconf 87' lang='lat' dir='ltr'><strong>est</strong></span> <span class='ocrx_word' id='word_1_685' title='bbox 2915 2471 3229 2541; x_wconf 88' lang='lat' dir='ltr'><strong>simpliciter</strong></span> <span class='ocrx_word' id='word_1_686' title='bbox 3271 2486 3586 2543; x_wconf 77' lang='lat' dir='ltr'><strong>peccarc,et</strong></span> <span class='ocrx_word' id='word_1_687' title='bbox 3613 2488 3720 2546; x_wconf 84' lang='lat' dir='ltr'><strong>post</strong></span> 
     </span>
    </p>
   </div>
   <div class='ocr_carea' id='block_1_84' title="bbox 2331 2556 3703 2638">
    <p class='ocr_par' dir='ltr' id='par_1_84' title="bbox 2331 2556 3703 2638">
     <span class='ocr_line' id='line_1_84' title="bbox 2331 2556 3703 2638; baseline 0.01 -29"><span class='ocrx_word' id='word_1_688' title='bbox 2331 2556 2492 2611; x_wconf 91' lang='lat' dir='ltr'><strong>alium</strong></span> <span class='ocrx_word' id='word_1_689' title='bbox 2525 2570 2835 2628; x_wconf 89' lang='lat' dir='ltr'><strong>peccantem</strong></span> <span class='ocrx_word' id='word_1_690' title='bbox 2865 2564 3146 2632; x_wconf 89' lang='lat' dir='ltr'><strong>punivisti,</strong></span> <span class='ocrx_word' id='word_1_691' title='bbox 3193 2566 3245 2620; x_wconf 91' lang='lat' dir='ltr'><strong>in</strong></span> <span class='ocrx_word' id='word_1_692' title='bbox 3276 2567 3455 2623; x_wconf 89' lang='lat' dir='ltr'><strong>eadem</strong></span> <span class='ocrx_word' id='word_1_693' title='bbox 3500 2580 3703 2638; x_wconf 81' lang='lat' dir='ltr'><strong>peccata</strong></span> 
     </span>
    </p>
   </div>
   <div class='ocr_carea' id='block_1_85' title="bbox 2330 2648 3725 2724">
    <p class='ocr_par' dir='ltr' id='par_1_85' title="bbox 2330 2648 3725 2724">
     <span class='ocr_line' id='line_1_85' title="bbox 2330 2648 3725 2724; baseline 0.009 -21"><span class='ocrx_word' id='word_1_694' title='bbox 2330 2648 2478 2705; x_wconf 89' lang='lat' dir='ltr'><strong>dere.</strong></span> <span class='ocrx_word' id='word_1_695' title='bbox 2510 2650 2694 2707; x_wconf 86' lang='lat' dir='ltr'><strong>Viden’</strong></span> <span class='ocrx_word' id='word_1_696' title='bbox 2723 2655 2993 2724; x_wconf 91' lang='lat' dir='ltr'><strong>quomodo</strong></span> <span class='ocrx_word' id='word_1_697' title='bbox 3030 2657 3234 2713; x_wconf 83' lang='lat' dir='ltr'><strong>crimen</strong></span> <span class='ocrx_word' id='word_1_698' title='bbox 3279 2661 3516 2715; x_wconf 79' lang='lat' dir='ltr'><strong>auxerit?</strong></span> <span class='ocrx_word' id='word_1_699' title='bbox 3550 2662 3605 2718; x_wconf 89' lang='lat' dir='ltr'><strong>Si</strong></span> <span class='ocrx_word' id='word_1_700' title='bbox 3635 2664 3725 2717; x_wconf 70' lang='lat' dir='ltr'><strong>8an</strong></span> 
     </span>
    </p>
   </div>
   <div class='ocr_carea' id='block_1_86' title="bbox 2329 2741 3726 2821">
    <p class='ocr_par' dir='ltr' id='par_1_86' title="bbox 2329 2741 3726 2821">
     <span class='ocr_line' id='line_1_86' title="bbox 2329 2741 3726 2821; baseline 0.011 -26"><span class='ocrx_word' id='word_1_701' title='bbox 2329 2741 2516 2812; x_wconf 79' lang='lat' dir='ltr'><strong>inquit,</strong></span> <span class='ocrx_word' id='word_1_702' title='bbox 2546 2758 2668 2799; x_wconf 90' lang='lat' dir='ltr'><strong>eum</strong></span> <span class='ocrx_word' id='word_1_703' title='bbox 2708 2746 2799 2816; x_wconf 88' lang='lat' dir='ltr'><strong>qui</strong></span> <span class='ocrx_word' id='word_1_704' title='bbox 2837 2748 3013 2803; x_wconf 89' lang='lat' dir='ltr'><strong>minus</strong></span> <span class='ocrx_word' id='word_1_705' title='bbox 3046 2751 3285 2819; x_wconf 85' lang='lat' dir='ltr'><strong>peccavit</strong></span> <span class='ocrx_word' id='word_1_706' title='bbox 3308 2752 3507 2821; x_wconf 87' lang='lat' dir='ltr'><strong>plectis,</strong></span> <span class='ocrx_word' id='word_1_707' title='bbox 3534 2756 3726 2811; x_wconf 74' lang='lat' dir='ltr'><strong>etiamsi</strong></span> 
     </span>
    </p>
   </div>
   <div class='ocr_carea' id='block_1_87' title="bbox 2328 2832 3726 2917">
    <p class='ocr_par' dir='ltr' id='par_1_87' title="bbox 2328 2832 3726 2917">
     <span class='ocr_line' id='line_1_87' title="bbox 2328 2832 3726 2917; baseline 0.011 -29"><span class='ocrx_word' id='word_1_708' title='bbox 2328 2847 2446 2888; x_wconf 87' lang='lat' dir='ltr'><strong>sum</strong></span> <span class='ocrx_word' id='word_1_709' title='bbox 2475 2832 2849 2906; x_wconf 90' lang='lat' dir='ltr'><strong>deturpaturus</strong></span> <span class='ocrx_word' id='word_1_710' title='bbox 2874 2840 2982 2905; x_wconf 90' lang='lat' dir='ltr'><strong>sis,</strong></span> <span class='ocrx_word' id='word_1_711' title='bbox 3011 2843 3277 2910; x_wconf 91' lang='lat' dir='ltr'><strong>quomodo</strong></span> <span class='ocrx_word' id='word_1_712' title='bbox 3306 2844 3441 2901; x_wconf 89' lang='lat' dir='ltr'><strong>Deus</strong></span> <span class='ocrx_word' id='word_1_713' title='bbox 3466 2855 3517 2902; x_wconf 90' lang='lat' dir='ltr'><strong>te</strong></span> <span class='ocrx_word' id='word_1_714' title='bbox 3541 2849 3726 2917; x_wconf 69' lang='lat' dir='ltr'><strong>majora</strong></span> 
     </span>
    </p>
   </div>
   <div class='ocr_carea' id='block_1_88' title="bbox 2328 2930 3725 3004">
    <p class='ocr_par' dir='ltr' id='par_1_88' title="bbox 2328 2930 3725 3004">
     <span class='ocr_line' id='line_1_88' title="bbox 2328 2930 3725 3004; baseline 0.008 -24"><span class='ocrx_word' id='word_1_715' title='bbox 2328 2936 2561 2993; x_wconf 84' lang='lat' dir='ltr'><strong>cantem,</strong></span> <span class='ocrx_word' id='word_1_716' title='bbox 2594 2942 2765 2997; x_wconf 91' lang='lat' dir='ltr'><strong>neque</strong></span> <span class='ocrx_word' id='word_1_717' title='bbox 2792 2930 2890 2985; x_wconf 90' lang='lat' dir='ltr'><strong>sibi</strong></span> <span class='ocrx_word' id='word_1_718' title='bbox 2921 2930 3179 3001; x_wconf 89' lang='lat' dir='ltr'><strong>pudorem</strong></span> <span class='ocrx_word' id='word_1_719' title='bbox 3211 2934 3483 3004; x_wconf 91' lang='lat' dir='ltr'><strong>illaturus,</strong></span> <span class='ocrx_word' id='word_1_720' title='bbox 3513 2953 3619 2993; x_wconf 76' lang='lat' dir='ltr'><strong>non</strong></span> <span class='ocrx_word' id='word_1_721' title='bbox 3652 2956 3725 2992; x_wconf 65' lang='lat' dir='ltr'><strong>ms</strong></span> 
     </span>
    </p>
   </div>
   <div class='ocr_carea' id='block_1_89' title="bbox 2327 3016 3726 3098">
    <p class='ocr_par' dir='ltr' id='par_1_89' title="bbox 2327 3016 3726 3098">
     <span class='ocr_line' id='line_1_89' title="bbox 2327 3016 3726 3098; baseline 0.01 -31"><span class='ocrx_word' id='word_1_722' title='bbox 2327 3016 2541 3084; x_wconf 78' lang='lat' dir='ltr'><strong>gravius</strong></span> <span class='ocrx_word' id='word_1_723' title='bbox 2580 3016 2854 3073; x_wconf 88' lang='lat' dir='ltr'><strong>damnabit</strong></span> <span class='ocrx_word' id='word_1_724' title='bbox 2900 3030 2979 3085; x_wconf 90' lang='lat' dir='ltr'><strong>te,</strong></span> <span class='ocrx_word' id='word_1_725' title='bbox 3011 3024 3100 3092; x_wconf 89' lang='lat' dir='ltr'><strong>qui</strong></span> <span class='ocrx_word' id='word_1_726' title='bbox 3143 3024 3250 3093; x_wconf 87' lang='lat' dir='ltr'><strong>jam</strong></span> <span class='ocrx_word' id='word_1_727' title='bbox 3295 3041 3324 3080; x_wconf 90' lang='lat' dir='ltr'><strong>a</strong></span> <span class='ocrx_word' id='word_1_728' title='bbox 3370 3028 3473 3081; x_wconf 91' lang='lat' dir='ltr'><strong>tuis</strong></span> <span class='ocrx_word' id='word_1_729' title='bbox 3501 3029 3726 3098; x_wconf 51' lang='lat' dir='ltr'><strong>cogitati.</strong></span> 
     </span>
    </p>
   </div>
   <div class='ocr_carea' id='block_1_90' title="bbox 2331 3104 3725 3189">
    <p class='ocr_par' dir='ltr' id='par_1_90' title="bbox 2331 3104 3725 3189">
     <span class='ocr_line' id='line_1_90' title="bbox 2331 3104 3725 3189; baseline 0.009 -29"><span class='ocrx_word' id='word_1_730' title='bbox 2331 3104 2611 3163; x_wconf 88' lang='lat' dir='ltr'><strong>damnatus</strong></span> <span class='ocrx_word' id='word_1_731' title='bbox 2639 3109 2737 3164; x_wconf 86' lang='lat' dir='ltr'><strong>es?</strong></span> <span class='ocrx_word' id='word_1_732' title='bbox 2764 3110 2913 3178; x_wconf 87' lang='lat' dir='ltr'><strong>Quod</strong></span> <span class='ocrx_word' id='word_1_733' title='bbox 2942 3113 2984 3167; x_wconf 88' lang='lat' dir='ltr'><strong>si</strong></span> <span class='ocrx_word' id='word_1_734' title='bbox 3005 3114 3207 3169; x_wconf 77' lang='lat' dir='ltr'><strong>dixeris</strong></span> <span class='ocrx_word' id='word_1_735' title='bbox 3230 3132 3246 3171; x_wconf 88' lang='lat'><strong>:</strong></span> <span class='ocrx_word' id='word_1_736' title='bbox 3271 3116 3402 3172; x_wconf 87' lang='lat' dir='ltr'><strong>Novi</strong></span> <span class='ocrx_word' id='word_1_737' title='bbox 3430 3119 3651 3189; x_wconf 87' lang='lat' dir='ltr'><strong>quidem</strong></span> <span class='ocrx_word' id='word_1_738' title='bbox 3673 3137 3725 3173; x_wconf 91' lang='lat' dir='ltr'><strong>m</strong></span> 
     </span>
    </p>
   </div>
   <div class='ocr_carea' id='block_1_91' title="bbox 2331 3197 3726 3280">
    <p class='ocr_par' dir='ltr' id='par_1_91' title="bbox 2331 3197 3726 3280">
     <span class='ocr_line' id='line_1_91' title="bbox 2331 3197 3726 3280; baseline 0.01 -30"><span class='ocrx_word' id='word_1_739' title='bbox 2331 3197 2489 3267; x_wconf 83' lang='lat' dir='ltr'><strong>plicio</strong></span> <span class='ocrx_word' id='word_1_740' title='bbox 2518 3198 2733 3269; x_wconf 84' lang='lat' dir='ltr'><strong>dignum</strong></span> <span class='ocrx_word' id='word_1_741' title='bbox 2761 3216 2914 3268; x_wconf 89' lang='lat' dir='ltr'><strong>esse;</strong></span> <span class='ocrx_word' id='word_1_742' title='bbox 2942 3204 3035 3258; x_wconf 89' lang='lat' dir='ltr'><strong>sed</strong></span> <span class='ocrx_word' id='word_1_743' title='bbox 3069 3215 3284 3275; x_wconf 88' lang='lat' dir='ltr'><strong>propter</strong></span> <span class='ocrx_word' id='word_1_744' title='bbox 3321 3207 3417 3263; x_wconf 81' lang='lat' dir='ltr'><strong>Dei</strong></span> <span class='ocrx_word' id='word_1_745' title='bbox 3458 3211 3726 3280; x_wconf 54' lang='lat' dir='ltr'><strong>patientior</strong></span> 
     </span>
    </p>
   </div>
   <div class='ocr_carea' id='block_1_92' title="bbox 2329 3289 3726 3366">
    <p class='ocr_par' dir='ltr' id='par_1_92' title="bbox 2329 3289 3726 3366">
     <span class='ocr_line' id='line_1_92' title="bbox 2329 3289 3726 3366; baseline 0.01 -24"><span class='ocrx_word' id='word_1_746' title='bbox 2329 3289 2525 3357; x_wconf 79' lang='lat' dir='ltr'><strong>Spicis,</strong></span> <span class='ocrx_word' id='word_1_747' title='bbox 2555 3298 2607 3345; x_wconf 90' lang='lat' dir='ltr'><strong>et</strong></span> <span class='ocrx_word' id='word_1_748' title='bbox 2633 3292 2751 3362; x_wconf 89' lang='lat' dir='ltr'><strong>quia</strong></span> <span class='ocrx_word' id='word_1_749' title='bbox 2794 3307 2896 3348; x_wconf 93' lang='lat' dir='ltr'><strong>non</strong></span> <span class='ocrx_word' id='word_1_750' title='bbox 2924 3296 3098 3348; x_wconf 85' lang='lat' dir='ltr'><strong>statim</strong></span> <span class='ocrx_word' id='word_1_751' title='bbox 3129 3312 3312 3365; x_wconf 76' lang='lat' dir='ltr'><strong>pmnas</strong></span> <span class='ocrx_word' id='word_1_752' title='bbox 3338 3298 3436 3353; x_wconf 92' lang='lat' dir='ltr'><strong>das</strong></span> <span class='ocrx_word' id='word_1_753' title='bbox 3456 3341 3471 3366; x_wconf 91' lang='lat'><strong>,</strong></span> <span class='ocrx_word' id='word_1_754' title='bbox 3500 3302 3726 3357; x_wconf 86' lang='lat' dir='ltr'><strong>conﬁdis</strong></span> 
     </span>
    </p>
   </div>
   <div class='ocr_carea' id='block_1_93' title="bbox 2329 3378 3726 3449">
    <p class='ocr_par' dir='ltr' id='par_1_93' title="bbox 2329 3378 3726 3449">
     <span class='ocr_line' id='line_1_93' title="bbox 2329 3378 3726 3449; baseline 0.009 -17"><span class='ocrx_word' id='word_1_755' title='bbox 2329 3387 2475 3433; x_wconf 84' lang='lat' dir='ltr'><strong>certe</strong></span> <span class='ocrx_word' id='word_1_756' title='bbox 2498 3378 2620 3449; x_wconf 90' lang='lat' dir='ltr'><strong>jure</strong></span> <span class='ocrx_word' id='word_1_757' title='bbox 2652 3382 2840 3437; x_wconf 88' lang='lat' dir='ltr'><strong>timere</strong></span> <span class='ocrx_word' id='word_1_758' title='bbox 2870 3398 2934 3439; x_wconf 89' lang='lat' dir='ltr'><strong>ac</strong></span> <span class='ocrx_word' id='word_1_759' title='bbox 2965 3393 3194 3442; x_wconf 89' lang='lat' dir='ltr'><strong>tremere</strong></span> <span class='ocrx_word' id='word_1_760' title='bbox 3219 3388 3646 3446; x_wconf 75' lang='lat' dir='ltr'><strong>debueris.&#39;l\&#39;on</strong></span> <span class='ocrx_word' id='word_1_761' title='bbox 3687 3409 3726 3447; x_wconf 67' lang='grc' dir='ltr'><strong>ετ</strong></span> 
     </span>
    </p>
   </div>
   <div class='ocr_carea' id='block_1_94' title="bbox 2331 3471 3721 3548">
    <p class='ocr_par' dir='ltr' id='par_1_94' title="bbox 2331 3471 3721 3548">
     <span class='ocr_line' id='line_1_94' title="bbox 2331 3471 3721 3548; baseline 0.012 -27"><span class='ocrx_word' id='word_1_762' title='bbox 2331 3483 2435 3523; x_wconf 90' lang='lat' dir='ltr'><strong>non</strong></span> <span class='ocrx_word' id='word_1_763' title='bbox 2455 3483 2641 3538; x_wconf 70' lang='lat' dir='ltr'><strong>pinnas</strong></span> <span class='ocrx_word' id='word_1_764' title='bbox 2662 3471 2779 3539; x_wconf 91' lang='lat' dir='ltr'><strong>des,</strong></span> <span class='ocrx_word' id='word_1_765' title='bbox 2808 3473 2901 3528; x_wconf 90' lang='lat' dir='ltr'><strong>sed</strong></span> <span class='ocrx_word' id='word_1_766' title='bbox 2933 3483 2988 3530; x_wconf 91' lang='lat' dir='ltr'><strong>ut</strong></span> <span class='ocrx_word' id='word_1_767' title='bbox 3016 3476 3110 3533; x_wconf 89' lang='lat' dir='ltr'><strong>des</strong></span> <span class='ocrx_word' id='word_1_768' title='bbox 3139 3478 3437 3548; x_wconf 86' lang='lat' dir='ltr'><strong>graviores,</strong></span> <span class='ocrx_word' id='word_1_769' title='bbox 3465 3481 3721 3537; x_wconf 80' lang='lat' dir='ltr'><strong>differtur</strong></span> 
     </span>
    </p>
   </div>
   <div class='ocr_carea' id='block_1_95' title="bbox 2329 3560 3725 3636">
    <p class='ocr_par' dir='ltr' id='par_1_95' title="bbox 2329 3560 3725 3636">
     <span class='ocr_line' id='line_1_95' title="bbox 2329 3560 3725 3636; baseline 0.009 -22"><span class='ocrx_word' id='word_1_770' title='bbox 2329 3560 2680 3617; x_wconf 87' lang='lat' dir='ltr'><strong>cmendabilis</strong></span> <span class='ocrx_word' id='word_1_771' title='bbox 2701 3579 2955 3631; x_wconf 86' lang='lat' dir='ltr'><strong>maneas;</strong></span> <span class='ocrx_word' id='word_1_772' title='bbox 2979 3567 3122 3636; x_wconf 90' lang='lat' dir='ltr'><strong>quod</strong></span> <span class='ocrx_word' id='word_1_773' title='bbox 3155 3569 3356 3625; x_wconf 91' lang='lat' dir='ltr'><strong>utinam</strong></span> <span class='ocrx_word' id='word_1_774' title='bbox 3384 3587 3457 3628; x_wconf 90' lang='lat' dir='ltr'><strong>ne</strong></span> <span class='ocrx_word' id='word_1_775' title='bbox 3485 3573 3584 3629; x_wconf 88' lang='lat' dir='ltr'><strong>tibi</strong></span> <span class='ocrx_word' id='word_1_776' title='bbox 3616 3589 3725 3628; x_wconf 90' lang='lat' dir='ltr'><strong>con</strong></span> 
     </span>
    </p>
   </div>
   <div class='ocr_carea' id='block_1_96' title="bbox 2330 3651 3721 3736">
    <p class='ocr_par' dir='ltr' id='par_1_96' title="bbox 2330 3651 3721 3736">
     <span class='ocr_line' id='line_1_96' title="bbox 2330 3651 3721 3736; baseline 0.01 -31"><span class='ocrx_word' id='word_1_777' title='bbox 2330 3651 2454 3707; x_wconf 84' lang='lat' dir='ltr'><strong>Ideo</strong></span> <span class='ocrx_word' id='word_1_778' title='bbox 2482 3653 2754 3726; x_wconf 87' lang='lat' dir='ltr'><strong>subjungit</strong></span> <span class='ocrx_word' id='word_1_779' title='bbox 2792 3676 2807 3713; x_wconf 87' lang='lat'><strong>:</strong></span> <span class='ocrx_word' id='word_1_780' title='bbox 2836 3658 2893 3712; x_wconf 67' lang='grc'><strong>4.</strong></span> <span class='ocrx_word' id='word_1_781' title='bbox 2922 3660 3000 3713; x_wconf 83' lang='grc' dir='ltr'><em>Αη</em></span> <span class='ocrx_word' id='word_1_782' title='bbox 3031 3661 3229 3717; x_wconf 86' lang='lat' dir='ltr'><strong>divitias</strong></span> <span class='ocrx_word' id='word_1_783' title='bbox 3253 3663 3500 3721; x_wconf 84' lang='lat' dir='ltr'><strong>bonitatis</strong></span> <span class='ocrx_word' id='word_1_784' title='bbox 3528 3668 3646 3736; x_wconf 83' lang='lat' dir='ltr'><strong>ejus</strong></span> <span class='ocrx_word' id='word_1_785' title='bbox 3671 3679 3721 3721; x_wconf 88' lang='lat' dir='ltr'><strong>et</strong></span> 
     </span>
    </p>
   </div>
   <div class='ocr_carea' id='block_1_97' title="bbox 2329 3744 3726 3828">
    <p class='ocr_par' dir='ltr' id='par_1_97' title="bbox 2329 3744 3726 3828">
     <span class='ocr_line' id='line_1_97' title="bbox 2329 3744 3726 3828; baseline 0.011 -32"><span class='ocrx_word' id='word_1_786' title='bbox 2329 3744 2413 3797; x_wconf 79' lang='lat' dir='ltr'><strong>tia:</strong></span> <span class='ocrx_word' id='word_1_787' title='bbox 2438 3753 2488 3799; x_wconf 83' lang='lat' dir='ltr'><strong>et</strong></span> <span class='ocrx_word' id='word_1_788' title='bbox 2511 3744 2916 3817; x_wconf 86' lang='lat' dir='ltr'><strong>longanimitatis</strong></span> <span class='ocrx_word' id='word_1_789' title='bbox 2944 3756 3235 3821; x_wconf 89' lang='lat' dir='ltr'><strong>contemnis,</strong></span> <span class='ocrx_word' id='word_1_790' title='bbox 3268 3756 3529 3826; x_wconf 80' lang='lat' dir='ltr'><strong>ignorans</strong></span> <span class='ocrx_word' id='word_1_791' title='bbox 3548 3760 3697 3828; x_wconf 84' lang='lat' dir='ltr'><strong>quod</strong></span> <span class='ocrx_word' id='word_1_792' title='bbox 3722 3782 3726 3811; x_wconf 83' lang='lat' dir='ltr'><strong>l</strong></span> 
     </span>
    </p>
   </div>
   <div class='ocr_carea' id='block_1_98' title="bbox 2328 3840 3703 3923">
    <p class='ocr_par' dir='ltr' id='par_1_98' title="bbox 2328 3840 3703 3923">
     <span class='ocr_line' id='line_1_98' title="bbox 2328 3840 3703 3923; baseline 0.012 -32"><span class='ocrx_word' id='word_1_793' title='bbox 2328 3848 2405 3893; x_wconf 89' lang='lat' dir='ltr'><strong>tas</strong></span> <span class='ocrx_word' id='word_1_794' title='bbox 2434 3840 2533 3894; x_wconf 88' lang='lat' dir='ltr'><strong>Dei</strong></span> <span class='ocrx_word' id='word_1_795' title='bbox 2556 3842 2624 3895; x_wconf 88' lang='lat' dir='ltr'><strong>ad</strong></span> <span class='ocrx_word' id='word_1_796' title='bbox 2649 3845 2991 3912; x_wconf 75' lang='lat' dir='ltr'><strong>pmnitentiam</strong></span> <span class='ocrx_word' id='word_1_797' title='bbox 3018 3857 3066 3901; x_wconf 89' lang='lat' dir='ltr'><strong>te</strong></span> <span class='ocrx_word' id='word_1_798' title='bbox 3091 3849 3358 3904; x_wconf 83' lang='lat' dir='ltr'><strong>adducat?</strong></span> <span class='ocrx_word' id='word_1_799' title='bbox 3382 3851 3703 3923; x_wconf 88' lang='lat' dir='ltr'><strong>Postquam</strong></span> 
     </span>
    </p>
   </div>
   <div class='ocr_carea' id='block_1_99' title="bbox 2329 3934 3723 4001">
    <p class='ocr_par' dir='ltr' id='par_1_99' title="bbox 2329 3934 3723 4001">
     <span class='ocr_line' id='line_1_99' title="bbox 2329 3934 3723 4001; baseline 0.009 -14"><span class='ocrx_word' id='word_1_800' title='bbox 2329 3934 2565 3989; x_wconf 89' lang='lat' dir='ltr'><strong>tientiam</strong></span> <span class='ocrx_word' id='word_1_801' title='bbox 2590 3935 2842 4001; x_wconf 89' lang='lat' dir='ltr'><strong>laudavit,</strong></span> <span class='ocrx_word' id='word_1_802' title='bbox 2875 3949 2929 3993; x_wconf 91' lang='lat' dir='ltr'><strong>et</strong></span> <span class='ocrx_word' id='word_1_803' title='bbox 2956 3941 3192 3996; x_wconf 90' lang='lat' dir='ltr'><strong>ostendit</strong></span> <span class='ocrx_word' id='word_1_804' title='bbox 3211 3958 3276 3998; x_wconf 86' lang='lat' dir='ltr'><strong>ex</strong></span> <span class='ocrx_word' id='word_1_805' title='bbox 3302 3958 3370 3997; x_wconf 87' lang='lat' dir='ltr'><strong>ea</strong></span> <span class='ocrx_word' id='word_1_806' title='bbox 3394 3946 3723 4000; x_wconf 88' lang='lat' dir='ltr'><strong>maximum</strong></span> 
     </span>
    </p>
   </div>
   <div class='ocr_carea' id='block_1_100' title="bbox 2327 4026 3726 4106">
    <p class='ocr_par' dir='ltr' id='par_1_100' title="bbox 2327 4026 3726 4106">
     <span class='ocr_line' id='line_1_100' title="bbox 2327 4026 3726 4106; baseline 0.011 -28"><span class='ocrx_word' id='word_1_807' title='bbox 2327 4026 2724 4083; x_wconf 90' lang='lat' dir='ltr'><strong>attendentibus</strong></span> <span class='ocrx_word' id='word_1_808' title='bbox 2747 4029 3003 4086; x_wconf 87' lang='lat' dir='ltr'><strong>accedere</strong></span> <span class='ocrx_word' id='word_1_809' title='bbox 3037 4031 3162 4102; x_wconf 88' lang='lat' dir='ltr'><strong>(hoc</strong></span> <span class='ocrx_word' id='word_1_810' title='bbox 3186 4047 3367 4091; x_wconf 89' lang='lat' dir='ltr'><strong>autem</strong></span> <span class='ocrx_word' id='word_1_811' title='bbox 3399 4048 3532 4092; x_wconf 87' lang='lat' dir='ltr'><strong>erat</strong></span> <span class='ocrx_word' id='word_1_812' title='bbox 3567 4052 3726 4106; x_wconf 74' lang='lat' dir='ltr'><strong>peec:</strong></span> 
     </span>
    </p>
   </div>
   <div class='ocr_carea' id='block_1_101' title="bbox 2328 4118 3726 4199">
    <p class='ocr_par' dir='ltr' id='par_1_101' title="bbox 2328 4118 3726 4199">
     <span class='ocr_line' id='line_1_101' title="bbox 2328 4118 3726 4199; baseline 0.011 -28"><span class='ocrx_word' id='word_1_813' title='bbox 2328 4118 2692 4185; x_wconf 67' lang='lat' dir='ltr'><strong>paenitentiam</strong></span> <span class='ocrx_word' id='word_1_814' title='bbox 2716 4121 2987 4193; x_wconf 89' lang='lat' dir='ltr'><strong>trahere),</strong></span> <span class='ocrx_word' id='word_1_815' title='bbox 3016 4125 3261 4181; x_wconf 91' lang='lat' dir='ltr'><strong>timorem</strong></span> <span class='ocrx_word' id='word_1_816' title='bbox 3279 4138 3475 4199; x_wconf 86' lang='lat' dir='ltr'><strong>auget.</strong></span> <span class='ocrx_word' id='word_1_817' title='bbox 3506 4129 3681 4185; x_wconf 87' lang='lat' dir='ltr'><strong>Sicut</strong></span> <span class='ocrx_word' id='word_1_818' title='bbox 3703 4146 3726 4186; x_wconf 74' lang='grc' dir='ltr'>ε</span> 
     </span>
    </p>
   </div>
   <div class='ocr_carea' id='block_1_102' title="bbox 2328 4210 3726 4288">
    <p class='ocr_par' dir='ltr' id='par_1_102' title="bbox 2328 4210 3726 4288">
     <span class='ocr_line' id='line_1_102' title="bbox 2328 4210 3726 4288; baseline 0.011 -26"><span class='ocrx_word' id='word_1_819' title='bbox 2328 4210 2418 4279; x_wconf 93' lang='lat' dir='ltr'><strong>qui</strong></span> <span class='ocrx_word' id='word_1_820' title='bbox 2446 4210 2560 4280; x_wconf 91' lang='lat' dir='ltr'><strong>ejus</strong></span> <span class='ocrx_word' id='word_1_821' title='bbox 2591 4212 2839 4281; x_wconf 90' lang='lat' dir='ltr'><strong>patientia</strong></span> <span class='ocrx_word' id='word_1_822' title='bbox 2869 4225 2925 4269; x_wconf 88' lang='lat' dir='ltr'><strong>ut</strong></span> <span class='ocrx_word' id='word_1_823' title='bbox 2951 4232 3045 4285; x_wconf 88' lang='lat' dir='ltr'><strong>par</strong></span> <span class='ocrx_word' id='word_1_824' title='bbox 3067 4226 3149 4272; x_wconf 89' lang='lat' dir='ltr'><strong>est</strong></span> <span class='ocrx_word' id='word_1_825' title='bbox 3174 4220 3253 4274; x_wconf 93' lang='lat' dir='ltr'><strong>usi</strong></span> <span class='ocrx_word' id='word_1_826' title='bbox 3281 4222 3525 4288; x_wconf 84' lang='lat' dir='ltr'><strong>fuerint,</strong></span> <span class='ocrx_word' id='word_1_827' title='bbox 3562 4237 3726 4277; x_wconf 85' lang='lat' dir='ltr'><strong>caus:</strong></span> 
     </span>
    </p>
   </div>
   <div class='ocr_carea' id='block_1_103' title="bbox 2329 4299 3726 4382">
    <p class='ocr_par' dir='ltr' id='par_1_103' title="bbox 2329 4299 3726 4382">
     <span class='ocr_line' id='line_1_103' title="bbox 2329 4299 3726 4382; baseline 0.011 -29"><span class='ocrx_word' id='word_1_828' title='bbox 2329 4299 2452 4355; x_wconf 91' lang='lat' dir='ltr'><strong>Iutis</strong></span> <span class='ocrx_word' id='word_1_829' title='bbox 2489 4319 2502 4354; x_wconf 93' lang='lat'>:</span> <span class='ocrx_word' id='word_1_830' title='bbox 2534 4301 2611 4356; x_wconf 93' lang='lat' dir='ltr'><strong>sic</strong></span> <span class='ocrx_word' id='word_1_831' title='bbox 2640 4311 2693 4358; x_wconf 91' lang='lat' dir='ltr'><strong>et</strong></span> <span class='ocrx_word' id='word_1_832' title='bbox 2718 4307 3177 4363; x_wconf 90' lang='lat' dir='ltr'><strong>contemnentibus</strong></span> <span class='ocrx_word' id='word_1_833' title='bbox 3201 4310 3376 4379; x_wconf 87' lang='lat' dir='ltr'><strong>majus</strong></span> <span class='ocrx_word' id='word_1_834' title='bbox 3400 4313 3726 4382; x_wconf 67' lang='lat' dir='ltr'><strong>supplieiuu</strong></span> 
     </span>
    </p>
   </div>
   <div class='ocr_carea' id='block_1_104' title="bbox 2329 4390 3726 4468">
    <p class='ocr_par' dir='ltr' id='par_1_104' title="bbox 2329 4390 3726 4468">
     <span class='ocr_line' id='line_1_104' title="bbox 2329 4390 3726 4468; baseline 0.011 -24"><span class='ocrx_word' id='word_1_835' title='bbox 2329 4390 2441 4446; x_wconf 85' lang='lat' dir='ltr'><strong>lloc</strong></span> <span class='ocrx_word' id='word_1_836' title='bbox 2469 4393 2609 4446; x_wconf 91' lang='lat' dir='ltr'><strong>enim</strong></span> <span class='ocrx_word' id='word_1_837' title='bbox 2640 4403 2720 4449; x_wconf 91' lang='lat' dir='ltr'><strong>est</strong></span> <span class='ocrx_word' id='word_1_838' title='bbox 2748 4396 2891 4465; x_wconf 90' lang='lat' dir='ltr'><strong>quod</strong></span> <span class='ocrx_word' id='word_1_839' title='bbox 2915 4397 3318 4468; x_wconf 79' lang='lat' dir='ltr'><strong>circumfertur,</strong></span> <span class='ocrx_word' id='word_1_840' title='bbox 3354 4402 3551 4458; x_wconf 84' lang='lat' dir='ltr'><strong>Deum</strong></span> <span class='ocrx_word' id='word_1_841' title='bbox 3584 4405 3726 4459; x_wconf 85' lang='lat' dir='ltr'><strong>beni</strong></span> 
     </span>
    </p>
   </div>
   <div class='ocr_carea' id='block_1_105' title="bbox 2329 4486 3726 4563">
    <p class='ocr_par' dir='ltr' id='par_1_105' title="bbox 2329 4486 3726 4563">
     <span class='ocr_line' id='line_1_105' title="bbox 2329 4486 3726 4563; baseline 0.011 -25"><span class='ocrx_word' id='word_1_842' title='bbox 2329 4486 2615 4555; x_wconf 91' lang='lat' dir='ltr'><strong>patientem</strong></span> <span class='ocrx_word' id='word_1_843' title='bbox 2640 4503 2822 4557; x_wconf 64' lang='lat' dir='ltr'><strong>pinnas</strong></span> <span class='ocrx_word' id='word_1_844' title='bbox 2844 4506 2947 4545; x_wconf 86' lang='lat' dir='ltr'><strong>non</strong></span> <span class='ocrx_word' id='word_1_845' title='bbox 2970 4504 3211 4563; x_wconf 88' lang='lat' dir='ltr'><strong>repetere</strong></span> <span class='ocrx_word' id='word_1_846' title='bbox 3232 4512 3246 4549; x_wconf 90' lang='lat'>:</span> <span class='ocrx_word' id='word_1_847' title='bbox 3265 4511 3397 4551; x_wconf 92' lang='lat' dir='ltr'><strong>cum</strong></span> <span class='ocrx_word' id='word_1_848' title='bbox 3432 4508 3650 4553; x_wconf 86' lang='lat' dir='ltr'><strong>autem</strong></span> <span class='ocrx_word' id='word_1_849' title='bbox 3692 4502 3726 4553; x_wconf 89' lang='lat' dir='ltr'><strong>b</strong></span> 
     </span>
    </p>
   </div>
   <div class='ocr_carea' id='block_1_106' title="bbox 2329 4577 3726 4658">
    <p class='ocr_par' dir='ltr' id='par_1_106' title="bbox 2329 4577 3726 4658">
     <span class='ocr_line' id='line_1_106' title="bbox 2329 4577 3726 4658; baseline 0.009 -28"><span class='ocrx_word' id='word_1_850' title='bbox 2329 4577 2460 4632; x_wconf 92' lang='lat' dir='ltr'><strong>nihil</strong></span> <span class='ocrx_word' id='word_1_851' title='bbox 2499 4578 2633 4634; x_wconf 91' lang='lat' dir='ltr'><strong>dicis</strong></span> <span class='ocrx_word' id='word_1_852' title='bbox 2669 4580 2836 4647; x_wconf 90' lang='lat' dir='ltr'><strong>aliud,</strong></span> <span class='ocrx_word' id='word_1_853' title='bbox 2882 4598 3039 4651; x_wconf 90' lang='lat' dir='ltr'><strong>quam</strong></span> <span class='ocrx_word' id='word_1_854' title='bbox 3081 4585 3221 4655; x_wconf 91' lang='lat' dir='ltr'><strong>quod</strong></span> <span class='ocrx_word' id='word_1_855' title='bbox 3268 4589 3644 4658; x_wconf 85' lang='lat' dir='ltr'><strong>supplicium</strong></span> <span class='ocrx_word' id='word_1_856' title='bbox 3704 4606 3726 4643; x_wconf 75' lang='lat'><strong>:3</strong></span> 
     </span>
    </p>
   </div>
   <div class='ocr_carea' id='block_1_107' title="bbox 2328 4667 3725 4750">
    <p class='ocr_par' dir='ltr' id='par_1_107' title="bbox 2328 4667 3725 4750">
     <span class='ocr_line' id='line_1_107' title="bbox 2328 4667 3725 4750; baseline 0.01 -28"><span class='ocrx_word' id='word_1_857' title='bbox 2328 4667 2461 4723; x_wconf 89' lang='lat' dir='ltr'><strong>Nam</strong></span> <span class='ocrx_word' id='word_1_858' title='bbox 2510 4668 2889 4740; x_wconf 88' lang='lat' dir='ltr'><strong>benignitatem</strong></span> <span class='ocrx_word' id='word_1_859' title='bbox 2947 4673 3085 4730; x_wconf 88' lang='lat' dir='ltr'><strong>Deus</strong></span> <span class='ocrx_word' id='word_1_860' title='bbox 3133 4675 3380 4745; x_wconf 85' lang='lat' dir='ltr'><strong>exhibet,</strong></span> <span class='ocrx_word' id='word_1_861' title='bbox 3433 4686 3505 4734; x_wconf 84' lang='lat' dir='ltr'><strong>ut</strong></span> <span class='ocrx_word' id='word_1_862' title='bbox 3551 4696 3591 4735; x_wconf 82' lang='lat' dir='ltr'><strong>a</strong></span> <span class='ocrx_word' id='word_1_863' title='bbox 3638 4696 3725 4750; x_wconf 84' lang='lat' dir='ltr'><strong>pe</strong></span> 
     </span>
    </p>
   </div>
   <div class='ocr_carea' id='block_1_108' title="bbox 2329 4759 3726 4835">
    <p class='ocr_par' dir='ltr' id='par_1_108' title="bbox 2329 4759 3726 4835">
     <span class='ocr_line' id='line_1_108' title="bbox 2329 4759 3726 4835; baseline 0.01 -22"><span class='ocrx_word' id='word_1_864' title='bbox 2329 4759 2557 4828; x_wconf 85' lang='lat' dir='ltr'><strong>eximas,</strong></span> <span class='ocrx_word' id='word_1_865' title='bbox 2582 4776 2686 4816; x_wconf 93' lang='lat' dir='ltr'><strong>non</strong></span> <span class='ocrx_word' id='word_1_866' title='bbox 2711 4770 2768 4816; x_wconf 89' lang='lat' dir='ltr'><strong>ut</strong></span> <span class='ocrx_word' id='word_1_867' title='bbox 2791 4773 3003 4832; x_wconf 88' lang='lat' dir='ltr'><strong>peccata</strong></span> <span class='ocrx_word' id='word_1_868' title='bbox 3034 4768 3339 4823; x_wconf 86' lang='lat' dir='ltr'><strong>accumnles</strong></span> <span class='ocrx_word' id='word_1_869' title='bbox 3369 4787 3386 4835; x_wconf 89' lang='lat'><strong>;</strong></span> <span class='ocrx_word' id='word_1_870' title='bbox 3416 4770 3474 4825; x_wconf 86' lang='lat' dir='ltr'><strong>si</strong></span> <span class='ocrx_word' id='word_1_871' title='bbox 3511 4787 3642 4827; x_wconf 89' lang='lat' dir='ltr'><strong>non</strong></span> <span class='ocrx_word' id='word_1_872' title='bbox 3674 4774 3726 4827; x_wconf 82' lang='lat' dir='ltr'><strong>id</strong></span> 
     </span>
    </p>
   </div>
   <div class='ocr_carea' id='block_1_109' title="bbox 2332 4852 3726 4935">
    <p class='ocr_par' dir='ltr' id='par_1_109' title="bbox 2332 4852 3726 4935">
     <span class='ocr_line' id='line_1_109' title="bbox 2332 4852 3726 4935; baseline 0.009 -28"><span class='ocrx_word' id='word_1_873' title='bbox 2332 4852 2618 4907; x_wconf 88' lang='lat' dir='ltr'><strong>terribilior</strong></span> <span class='ocrx_word' id='word_1_874' title='bbox 2667 4855 2767 4909; x_wconf 90' lang='lat' dir='ltr'><strong>erit</strong></span> <span class='ocrx_word' id='word_1_875' title='bbox 2807 4856 2956 4911; x_wconf 90' lang='lat' dir='ltr'><strong>ultio.</strong></span> <span class='ocrx_word' id='word_1_876' title='bbox 2999 4858 3366 4925; x_wconf 87' lang='lat' dir='ltr'><strong>Quamobrem</strong></span> <span class='ocrx_word' id='word_1_877' title='bbox 3430 4864 3591 4933; x_wconf 84' lang='lat' dir='ltr'><strong>quia</strong></span> <span class='ocrx_word' id='word_1_878' title='bbox 3650 4881 3726 4935; x_wconf 82' lang='lat' dir='ltr'><strong>pa</strong></span> 
     </span>
    </p>
   </div>
   <div class='ocr_carea' id='block_1_110' title="bbox 2334 4942 3726 5026">
    <p class='ocr_par' dir='ltr' id='par_1_110' title="bbox 2334 4942 3726 5026">
     <span class='ocr_line' id='line_1_110' title="bbox 2334 4942 3726 5026; baseline 0.009 -31"><span class='ocrx_word' id='word_1_879' title='bbox 2334 4942 2493 5010; x_wconf 90' lang='lat' dir='ltr'><strong>Deus,</strong></span> <span class='ocrx_word' id='word_1_880' title='bbox 2518 4943 2638 4999; x_wconf 88' lang='lat' dir='ltr'><strong>ideo</strong></span> <span class='ocrx_word' id='word_1_881' title='bbox 2678 4960 2899 5014; x_wconf 86' lang='lat' dir='ltr'><strong>peccare</strong></span> <span class='ocrx_word' id='word_1_882' title='bbox 2928 4964 3032 5005; x_wconf 93' lang='lat' dir='ltr'><strong>non</strong></span> <span class='ocrx_word' id='word_1_883' title='bbox 3081 4960 3313 5021; x_wconf 87' lang='lat' dir='ltr'><strong>oportet,</strong></span> <span class='ocrx_word' id='word_1_884' title='bbox 3376 4969 3607 5026; x_wconf 84' lang='lat' dir='ltr'><strong>neque</strong></span> <span class='ocrx_word' id='word_1_885' title='bbox 3670 4958 3726 5013; x_wconf 64' lang='lat' dir='ltr'><strong>bc</strong></span> 
     </span>
    </p>
   </div>
   <div class='ocr_carea' id='block_1_111' title="bbox 2333 5034 3717 5116">
    <p class='ocr_par' dir='ltr' id='par_1_111' title="bbox 2333 5034 3717 5116">
     <span class='ocr_line' id='line_1_111' title="bbox 2333 5034 3717 5116; baseline 0.01 -29"><span class='ocrx_word' id='word_1_886' title='bbox 2333 5034 2520 5101; x_wconf 84' lang='lat' dir='ltr'><strong>ingrati</strong></span> <span class='ocrx_word' id='word_1_887' title='bbox 2542 5035 2702 5089; x_wconf 90' lang='lat' dir='ltr'><strong>animi</strong></span> <span class='ocrx_word' id='word_1_888' title='bbox 2730 5052 2942 5093; x_wconf 90' lang='lat' dir='ltr'><strong>causam</strong></span> <span class='ocrx_word' id='word_1_889' title='bbox 2970 5039 3184 5096; x_wconf 88' lang='lat' dir='ltr'><strong>efﬁcere</strong></span> <span class='ocrx_word' id='word_1_890' title='bbox 3211 5058 3226 5096; x_wconf 91' lang='lat'><strong>:</strong></span> <span class='ocrx_word' id='word_1_891' title='bbox 3257 5043 3369 5098; x_wconf 87' lang='lat' dir='ltr'><strong>etsi</strong></span> <span class='ocrx_word' id='word_1_892' title='bbox 3404 5046 3593 5100; x_wconf 82' lang='lat' dir='ltr'><strong>enim</strong></span> <span class='ocrx_word' id='word_1_893' title='bbox 3634 5062 3717 5116; x_wconf 87' lang='lat' dir='ltr'><strong>pa</strong></span> 
     </span>
    </p>
   </div>
   <div class='ocr_carea' id='block_1_112' title="bbox 2330 5127 3726 5205">
    <p class='ocr_par' dir='ltr' id='par_1_112' title="bbox 2330 5127 3726 5205">
     <span class='ocr_line' id='line_1_112' title="bbox 2330 5127 3726 5205; baseline 0.011 -29"><span class='ocrx_word' id='word_1_894' title='bbox 2330 5132 2385 5176; x_wconf 87' lang='lat' dir='ltr'><strong>at</strong></span> <span class='ocrx_word' id='word_1_895' title='bbox 2410 5127 2627 5181; x_wconf 89' lang='lat' dir='ltr'><strong>omnino</strong></span> <span class='ocrx_word' id='word_1_896' title='bbox 2656 5128 2823 5196; x_wconf 91' lang='lat' dir='ltr'><strong>punit.</strong></span> <span class='ocrx_word' id='word_1_897' title='bbox 2858 5128 3132 5185; x_wconf 89' lang='lat' dir='ltr'><strong>Undenam</strong></span> <span class='ocrx_word' id='word_1_898' title='bbox 3176 5132 3279 5188; x_wconf 91' lang='lat' dir='ltr'><strong>hoc</strong></span> <span class='ocrx_word' id='word_1_899' title='bbox 3316 5134 3536 5205; x_wconf 83' lang='lat' dir='ltr'><strong>liquet</strong></span> <span class='ocrx_word' id='word_1_900' title='bbox 3558 5137 3589 5190; x_wconf 90' lang='lat'><strong>?</strong></span> <span class='ocrx_word' id='word_1_901' title='bbox 3648 5139 3726 5192; x_wconf 72' lang='grc' dir='ltr'><strong>Ε]</strong></span> 
     </span>
    </p>
   </div>
   <div class='ocr_carea' id='block_1_113' title="bbox 2332 5216 3726 5295">
    <p class='ocr_par' dir='ltr' id='par_1_113' title="bbox 2332 5216 3726 5295">
     <span class='ocr_line' id='line_1_113' title="bbox 2332 5216 3726 5295; baseline 0.009 -25"><span class='ocrx_word' id='word_1_902' title='bbox 2332 5225 2645 5286; x_wconf 88' lang='lat' dir='ltr'><strong>sequuntur.</strong></span> <span class='ocrx_word' id='word_1_903' title='bbox 2688 5216 2746 5273; x_wconf 92' lang='lat' dir='ltr'><strong>Si</strong></span> <span class='ocrx_word' id='word_1_904' title='bbox 2788 5220 2928 5274; x_wconf 92' lang='lat' dir='ltr'><strong>enim</strong></span> <span class='ocrx_word' id='word_1_905' title='bbox 2963 5221 3148 5291; x_wconf 89' lang='lat' dir='ltr'><strong>ingens</strong></span> <span class='ocrx_word' id='word_1_906' title='bbox 3178 5225 3437 5293; x_wconf 85' lang='lat' dir='ltr'><strong>nequitia</strong></span> <span class='ocrx_word' id='word_1_907' title='bbox 3489 5238 3602 5282; x_wconf 81' lang='lat' dir='ltr'><strong>est</strong></span> <span class='ocrx_word' id='word_1_908' title='bbox 3630 5270 3651 5295; x_wconf 89' lang='lat'><strong>,</strong></span> <span class='ocrx_word' id='word_1_909' title='bbox 3696 5245 3726 5284; x_wconf 66' lang='grc' dir='ltr'><strong>ιτ</strong></span> 
     </span>
    </p>
   </div>
   <div class='ocr_carea' id='block_1_114' title="bbox 2333 5309 3672 5382">
    <p class='ocr_par' dir='ltr' id='par_1_114' title="bbox 2333 5309 3672 5382">
     <span class='ocr_line' id='line_1_114' title="bbox 2333 5309 3672 5382; baseline 0.009 -19"><span class='ocrx_word' id='word_1_910' title='bbox 2333 5309 2559 5379; x_wconf 90' lang='lat' dir='ltr'><strong>improbi</strong></span> <span class='ocrx_word' id='word_1_911' title='bbox 2602 5309 2886 5379; x_wconf 88' lang='lat' dir='ltr'><strong>dederunt,</strong></span> <span class='ocrx_word' id='word_1_912' title='bbox 2930 5313 3114 5382; x_wconf 90' lang='lat' dir='ltr'><strong>procul</strong></span> <span class='ocrx_word' id='word_1_913' title='bbox 3153 5314 3316 5371; x_wconf 89' lang='lat' dir='ltr'><strong>dubio</strong></span> <span class='ocrx_word' id='word_1_914' title='bbox 3366 5316 3672 5375; x_wconf 85' lang='lat' dir='ltr'><strong>dabunt.</strong></span> 
     </span>
    </p>
   </div>
   <div class='ocr_carea' id='block_1_115' title="bbox 2333 5401 3725 5481">
    <p class='ocr_par' dir='ltr' id='par_1_115' title="bbox 2333 5401 3725 5481">
     <span class='ocr_line' id='line_1_115' title="bbox 2333 5401 3725 5481; baseline 0.007 -26"><span class='ocrx_word' id='word_1_915' title='bbox 2333 5401 2446 5456; x_wconf 64' lang='lat' dir='ltr'><strong>haec</strong></span> <span class='ocrx_word' id='word_1_916' title='bbox 2468 5417 2572 5457; x_wconf 91' lang='lat' dir='ltr'><strong>non</strong></span> <span class='ocrx_word' id='word_1_917' title='bbox 2595 5401 2866 5472; x_wconf 83' lang='lat' dir='ltr'><strong>negligant</strong></span> <span class='ocrx_word' id='word_1_918' title='bbox 2896 5402 3159 5471; x_wconf 91' lang='lat' dir='ltr'><strong>homines,</strong></span> <span class='ocrx_word' id='word_1_919' title='bbox 3192 5407 3516 5476; x_wconf 87' lang='lat' dir='ltr'><strong>quomodo</strong></span> <span class='ocrx_word' id='word_1_920' title='bbox 3544 5412 3725 5481; x_wconf 84' lang='lat' dir='ltr'><strong>negl</strong></span> 
     </span>
    </p>
   </div>
   <div class='ocr_carea' id='block_1_116' title="bbox 2331 5493 3685 5565">
    <p class='ocr_par' dir='ltr' id='par_1_116' title="bbox 2331 5493 3685 5565">
     <span class='ocr_line' id='line_1_116' title="bbox 2331 5493 3685 5565; baseline 0.005 -16"><span class='ocrx_word' id='word_1_921' title='bbox 2331 5494 2512 5563; x_wconf 86' lang='lat' dir='ltr'><strong>Itaque</strong></span> <span class='ocrx_word' id='word_1_922' title='bbox 2540 5493 2667 5549; x_wconf 88' lang='lat' dir='ltr'><strong>inde</strong></span> <span class='ocrx_word' id='word_1_923' title='bbox 2692 5509 2995 5549; x_wconf 88' lang='lat' dir='ltr'><strong>sermonent</strong></span> <span class='ocrx_word' id='word_1_924' title='bbox 3035 5494 3103 5550; x_wconf 90' lang='lat' dir='ltr'><strong>de</strong></span> <span class='ocrx_word' id='word_1_925' title='bbox 3124 5495 3327 5565; x_wconf 90' lang='lat' dir='ltr'><strong>judicio</strong></span> <span class='ocrx_word' id='word_1_926' title='bbox 3364 5499 3685 5555; x_wconf 78' lang='lat' dir='ltr'><strong>induxit.</strong></span> 
     </span>
    </p>
   </div>
   <div class='ocr_carea' id='block_1_117' title="bbox 2329 5583 3713 5655">
    <p class='ocr_par' dir='ltr' id='par_1_117' title="bbox 2329 5583 3713 5655">
     <span class='ocr_line' id='line_1_117' title="bbox 2329 5583 3713 5655; baseline 0.007 -17"><span class='ocrx_word' id='word_1_927' title='bbox 2329 5583 2578 5639; x_wconf 88' lang='lat' dir='ltr'><strong>ostendat</strong></span> <span class='ocrx_word' id='word_1_928' title='bbox 2621 5584 2816 5639; x_wconf 90' lang='lat' dir='ltr'><strong>multos</strong></span> <span class='ocrx_word' id='word_1_929' title='bbox 2845 5600 2966 5639; x_wconf 88' lang='lat' dir='ltr'><strong>esse</strong></span> <span class='ocrx_word' id='word_1_930' title='bbox 3010 5600 3181 5655; x_wconf 70' lang='lat' dir='ltr'><strong>poenae</strong></span> <span class='ocrx_word' id='word_1_931' title='bbox 3206 5587 3529 5646; x_wconf 75' lang='lat' dir='ltr'><strong>obnoxios</strong></span> <span class='ocrx_word' id='word_1_932' title='bbox 3567 5594 3713 5647; x_wconf 86' lang='lat' dir='ltr'><strong>nisi</strong></span> 
     </span>
    </p>
   </div>
   <div class='ocr_carea' id='block_1_118' title="bbox 2331 5674 3725 5753">
    <p class='ocr_par' dir='ltr' id='par_1_118' title="bbox 2331 5674 3725 5753">
     <span class='ocr_line' id='line_1_118' title="bbox 2331 5674 3725 5753; baseline 0.006 -22"><span class='ocrx_word' id='word_1_933' title='bbox 2331 5677 2455 5732; x_wconf 90' lang='lat' dir='ltr'><strong>tiam</strong></span> <span class='ocrx_word' id='word_1_934' title='bbox 2501 5674 2727 5746; x_wconf 80' lang='lat' dir='ltr'><strong>egerint,</strong></span> <span class='ocrx_word' id='word_1_935' title='bbox 2775 5686 2828 5731; x_wconf 91' lang='lat' dir='ltr'><strong>et</strong></span> <span class='ocrx_word' id='word_1_936' title='bbox 2880 5691 2985 5731; x_wconf 92' lang='lat' dir='ltr'><strong>non</strong></span> <span class='ocrx_word' id='word_1_937' title='bbox 3043 5676 3130 5732; x_wconf 91' lang='lat' dir='ltr'><strong>hic</strong></span> <span class='ocrx_word' id='word_1_938' title='bbox 3182 5681 3368 5750; x_wconf 89' lang='lat' dir='ltr'><strong>puniri</strong></span> <span class='ocrx_word' id='word_1_939' title='bbox 3412 5724 3435 5751; x_wconf 84' lang='lat'><strong>,</strong></span> <span class='ocrx_word' id='word_1_940' title='bbox 3500 5683 3725 5753; x_wconf 67' lang='lat' dir='ltr'><strong>judic‘</strong></span> 
     </span>
    </p>
   </div>
   <div class='ocr_carea' id='block_1_119' title="bbox 2332 5767 3681 5845">
    <p class='ocr_par' dir='ltr' id='par_1_119' title="bbox 2332 5767 3681 5845">
     <span class='ocr_line' id='line_1_119' title="bbox 2332 5767 3681 5845; baseline 0.004 -20"><span class='ocrx_word' id='word_1_941' title='bbox 2332 5768 2607 5835; x_wconf 75' lang='lat' dir='ltr'><strong>futurum,</strong></span> <span class='ocrx_word' id='word_1_942' title='bbox 2659 5778 2713 5825; x_wconf 91' lang='lat' dir='ltr'><strong>et</strong></span> <span class='ocrx_word' id='word_1_943' title='bbox 2757 5767 3127 5839; x_wconf 84' lang='lat' dir='ltr'><strong>gravissimum</strong></span> <span class='ocrx_word' id='word_1_944' title='bbox 3179 5786 3299 5829; x_wconf 90' lang='lat' dir='ltr'><strong>esse</strong></span> <span class='ocrx_word' id='word_1_945' title='bbox 3356 5777 3681 5845; x_wconf 81' lang='lat' dir='ltr'><strong>statuit;</strong></span> 
     </span>
    </p>
   </div>
  </div>
