4090 6230
253 314 367 372 425

246 428 413 482 στίαν
444 421 610 480 οὖσαν
642 425 908 496 ἑκατέραν
932 437 981 482 ο.
1011 424 1259 478 Δείκνυσι
1296 424 1353 478 δὲ
1398 425 1605 488 λοιπὸν,
1649 427 1787 496 ὅπερ
1833 425 1926 476 ἐπὶ

243 515 363 569 τῶν
401 513 950 584 δογμάτωνὲποίησε,
983 513 1074 565 καὶ
1109 513 1342 567 ἐνταῦθα
1375 513 1706 584 συγγνώμης
1727 511 1926 575 αὐτοὺς

226 604 734 673 ,ἀπεστερημένους
777 621 790 634 ’
821 603 902 656 διό
923 620 1087 673 φησιν
1113 621 1127 635 ο
1167 604 1394 670 Οίτινες
1424 604 1490 657 τὸ
1515 603 1800 672 δικαίωμα
1819 602 1923 656 τοῦ

245 692 405 746 Θεοῦ
433 691 679 757 εἰδότες.
719 691 807 744 ὅτι
860 693 913 744 οί
959 691 1032 744 τὰ
1083 691 1328 744 τοιαῦτα
1352 689 1737 759 πράσσοντες
1769 691 1927 756 ἄξιοι

244 778 515 832 θανάτου
545 778 725 842 εἰσίν,
771 779 843 832 οὐ
877 779 1069 847 μόνον
1118 778 1284 832 αὑτοί
1319 776 1619 843 ποιοῦσιν,
1645 777 1803 832 ἀλλὰ
1823 778 1923 831 καὶ

243 865 702 920 συνευδοκοῦσι
733 864 860 930 τοῖς
887 864 1238 933 πράττουσι.
1284 865 1387 917 Δύο
1440 864 1554 929 θεὶς
1601 865 1920 929 ἀντιθέσεις,

245 954 488 1008 ἐνταῦθα
538 953 748 1006 ἀνεῖλεν
800 952 1115 1023 ἀμφοτέρας
1157 951 1325 1014 αύτὰς
1375 953 1818 1024 προηγουμένως.
1856 952 1923 1005 Τί

244 1041 366 1113 γὰρ
399 1042 464 1095 ἂν
491 1043 689 1104 εἴποις,
725 1041 912 1110 φησὶν,
944 1040 1026 1092 ὅτι
1051 1039 1150 1092 οὐκ
1174 1035 1320 1103 οἶδας
1357 1039 1427 1092 τά
1469 1039 1756 1110 πρακτέα;
1801 1039 1924 1093 Μά-

245 1130 410 1183 λιστα
439 1131 535 1200 μὲν
563 1130 612 1181 εἰ
647 1128 741 1181 καὶ
769 1127 845 1198 μὴ
878 1126 1044 1197 ᾕδεις,
1075 1128 1140 1180 σὺ
1171 1127 1362 1190 αἴτιος,
1410 1127 1438 1178 6
1476 1128 1632 1196 ἀφεὶς
1656 1127 1746 1181 τὸν
1783 1144 1922 1196 γνω-

251 1218 482 1288 ρισαντά
510 1233 592 1268 σοι
614 1216 746 1268 Θεόν
777 1229 788 1239 ·
821 1214 916 1268 νῦν
946 1214 1004 1267 δὲ
1035 1215 1130 1267 καί⁵
1163 1214 1254 1268 διὰ
1279 1215 1489 1269 πολλῶν
1530 1232 1590 1268 σε
1631 1215 1922 1285 δείκνυμεν

246 1306 452 1365 εἰδότα,
473 1303 568 1356 καὶ
594 1303 774 1355 ἑκοντὶ
797 1301 1243 1373 πλημμελοῦντα.
1289 1303 1438 1356 Ἀλλ’
1465 1303 1570 1356 ὑπὸ
1599 1301 1692 1356 τοῦ
1717 1302 1922 1366 πάθους

248 1393 420 1462 ἕλκῃς
460 1390 523 1444 Τί
553 1386 645 1444 οῦν
675 1390 768 1443 καὶ
807 1388 1198 1460 συμπράττεις,
1239 1391 1333 1443 καὶ
1370 1392 1650 1455 ἑπαινεῖς;
1700 1391 1782 1443 Οὺ
1812 1390 1922 1459 γὰρ

241 1479 442 1549 μόνον
473 1477 626 1531 αὐτὰ
645 1476 911 1541 ποιοῦσι,
946 1476 1129 1545 φησὶν,
1165 1477 1323 1530 ἀλλὰ
1350 1477 1448 1531 καί
1481 1476 1922 1531 συνευδοκοῦσι

251 1567 381 1633 τοῖς
402 1566 772 1635 πράσσουσι.
803 1565 912 1636 Τὴν
945 1560 1038 1618 οὖν
1076 1564 1460 1635 χαλεπωτέραν
1510 1564 1774 1636 πρότερον
1809 1564 1921 1628 θεὶς

247 1656 350 1710 καὶ
375 1654 777 1723 ἀσύγγνωστον,
818 1653 903 1705 ἴνα
934 1652 1030 1725 ἑλῃ
1069 1653 1187 1723 (καὶ
1220 1653 1328 1725 γὰρ
1355 1653 1448 1707 τοῦ
1476 1652 1922 1724 πλημμελοῦντος

245 1745 282 1796 6
306 1741 406 1814 τὴν
457 1740 730 1811 ἁμαρτίαν
772 1739 1011 1793 ἐπαινῶν
1072 1739 1452 1812 χαλεπώτερος
1517 1740 1674 1810 πολύ)
1711 1756 1724 1770 ’
1757 1741 1916 1794 τοῦτο

244 1827 350 1886 οὖν
379 1831 594 1901 πρῶτον
648 1827 838 1892 εἰπὼν,
888 1828 976 1882 διά
1023 1827 1212 1881 τούτου
1268 1828 1622 1900 σφοδρότερον
1660 1829 1822 1884 πάλιν
1861 1832 1920 1884 ἑν

244 1920 370 1982 τοῖς
399 1919 524 1988 ἑξῆς
565 1916 727 1970 αὑτὸν
781 1915 1079 1988 χειροῦται,
1129 1916 1302 1984 λέγων
1339 1915 1482 1968 οὕτω
1510 1933 1523 1946 ·
1565 1916 1662 1970 Διὸ
1694 1917 1919 1972 ἀναπο-

243 2010 511 2078 λόγητος
538 2003 611 2071 εἴ,
645 2001 690 2060 ὦ
722 2006 1013 2074 ἄνθρωπε,
1071 2003 1190 2068 πᾶς
1232 2006 1265 2059 ό
1310 2004 1529 2072 κρίνων
1560 2021 1574 2036 ο
1615 2006 1717 2059 Ἐν
1742 1999 1789 2071 ᾧ
1811 2007 1920 2076 γὰρ

246 2097 485 2164 κρίνεις
521 2095 631 2148 τὸν
693 2093 918 2161 ἓτερον,
980 2093 1240 2146 σεαυτὸν
1295 2093 1691 2160 κατακρίνεις.
1733 2093 1920 2148 Ταῦτα

244 2185 394 2255 πρὸς
416 2185 544 2245 τοὺς
583 2183 848 2252 ἄρχοντας
908 2180 1325 2249 ἀποτεινόμενος
1372 2178 1577 2248 ἔλεγεν,
1608 2180 1795 2251 ἐπειδὴ
1828 2181 1921 2234 καὶ

245 2275 282 2343 ἠ
315 2272 472 2336 πόλις
495 2273 616 2325 τότε
648 2271 829 2340 ἑκείνη
878 2268 975 2340 τὴν
1032 2267 1206 2339 ἀρχὴν
1238 2263 1306 2339 ἦν
1339 2269 1787 2340 ἑγκεχειρισμένη
1819 2269 1920 2338 τῆς

245 2361 602 2429 οἰκουμένης.
655 2355 945 2427 Προλαϐὼν
993 2353 1085 2410 οῦν
1131 2372 1265 2425 φησι
1300 2373 1314 2387 ·
1346 2355 1550 2409 Σαυτοῦ
1585 2357 1792 2427 ἀφαιρῇ
1823 2357 1920 2428 τὴν

245 2445 551 2512 ἀπολογίαν
581 2446 690 2506 πᾶς
723 2444 870 2506 ὅστις
906 2441 972 2495 ἂν
1005 2437 1072 2514 ᾖς
1101 2457 1114 2470 ·
1143 2442 1271 2495 ὅταν
1312 2440 1420 2512 γάρ
1467 2441 1920 2512 κατακρίνῃς-τὸν

250 2533 464 2603 μοιχὸν,
505 2531 763 2601 μοιχεύῃς
797 2530 854 2583 δὲ
897 2529 990 2583 καὶ
1044 2529 1228 2592 αὐτὸς,
1269 2529 1372 2582 κᾶν
1404 2529 1592 2598 μηδεὶς
1617 2528 1919 2595 ἀνθρώπων

250 2632 311 2668 σε
346 2615 566 2685 δικάζῃ.
603 2614 659 2665 ὲν
696 2616 762 2683 τῇ
795 2613 924 2683 περὶ
966 2611 1058 2665 τοῦ
1109 2611 1406 2664 ύπευθύνου
1450 2611 1614 2682 ψήφῳ
1658 2612 1750 2666 καὶ
1781 2611 1922 2664 κατά

250 2698 460 2751 σαυτοῦ
507 2698 606 2766 τὴν
661 2697 934 2764 ἀπόφασιν
973 2695 1228 2765 ἤνεγκας.
1293 2693 1547 2760 Οἴδαμεν
1570 2693 1712 2762 γὰρ,
1741 2692 1828 2745 ὅτι
1853 2693 1918 2746 τὸ

249 2785 439 2854 κρῖμα
472 2783 577 2836 τοῦ
631 2782 778 2836 Θεοῦ
837 2782 970 2834 ἐστι
1013 2779 1163 2833 κατὰ
1219 2779 1510 2847 ἀλήθειαν
1555 2779 1653 2832 ἐπὶ
1687 2779 1826 2845 τοὺς
1850 2779 1922 2834 τὰ

246 2867 502 2922 τοιαῦτα
525 2865 935 2934 πράσσοντας.
971 2865 1084 2918 Ἱνα
1110 2863 1217 2935 γὰρ
1244 2863 1317 2934 μὴ
1351 2863 1482 2934 λέγῃ
1515 2880 1616 2927 τις,
1657 2863 1738 2916 δτι
1771 2863 1920 2926 Τέως

247 2955 529 3023 διέφυγον,
571 2952 749 3022 φοϐῶν
783 2968 945 3022 φησιν
984 2951 1034 3016 ι),
1081 2951 1163 3004 ὅτι
1193 2951 1290 3020 οὐχ
1317 2949 1491 3012 οὕτως
1531 2949 1644 3002 ἐστὶ
1670 2950 1816 3019 παρὰ
1844 2948 1921 3020 τῷ

248 3043 376 3112 Θεῷ
406 3042 593 3111 ῶσπερ
647 3039 899 3093 ἐνταῦθα.
949 3037 1215 3091 Ἐνταῦθα
1259 3037 1368 3108 γάρ
1416 3038 1444 3089 6
1477 3038 1575 3107 μὲν
1613 3036 1918 3102 κολάζεται,

247 3132 278 3183 6
307 3131 370 3182 δὲ
389 3127 675 3198 διαφεύγει
712 3126 783 3179 τὰ
814 3125 957 3178 αύτὰ
982 3125 1151 3178 ποιῶν
1175 3141 1190 3156 ο
1220 3126 1337 3177 ἐκεῖ
1364 3123 1419 3176 δὲ
1453 3125 1551 3194 οὐχ
1581 3124 1771 3187 οὕτως.
1798 3125 1919 3178 Ὅτι

251 3220 361 3288 μὲν
391 3212 485 3271 οῦν
504 3210 612 3269 οἶδε
642 3213 704 3268 τὸ
724 3213 931 3267 δίκαιον
965 3215 993 3266 ό
1022 3212 1244 3284 κρίνων,
1292 3205 1412 3263 εἶπε
1442 3226 1457 3242 ⁸
1492 3211 1655 3265 πόθεν
1677 3212 1733 3264 δὲ
1756 3206 1918 3275 οἶδεν,

248 3309 356 3360 οὐκ
392 3304 475 3359 ἑτι
521 3301 828 3376 προσέθηκε
867 3318 882 3334 ·
925 3300 1181 3372 περιττὸν
1231 3299 1341 3371 γάρ
1396 3295 1484 3370 ἦν.
1531 3301 1652 3353 Ἐπὶ
1691 3301 1788 3370 μὲν
1815 3302 1922 3371 γάρ

248 3393 357 3463 τῆς
388 3390 644 3454 ἀσεϐείας
665 3388 948 3462 ἀμφότερα
970 3387 1225 3450 δείκνυσι,
1255 3388 1347 3440 καὶ
1366 3388 1448 3440 ὅτι
1466 3387 1558 3441 τὸν
1589 3387 1720 3441 Θεὸν
1746 3387 1920 3453 εἰδὼς,

249 3478 472 3552 ἠσέϐει,
484 3479 580 3533 καὶ
595 3475 760 3530 πόθεν
780 3473 954 3538 εἰδὼς,
970 3473 1077 3527 ἀπὸ
1092 3474 1191 3543 τῆς
1208 3473 1680 3544 κτίσεως.Ἐπειδὴ
1706 3474 1812 3545 γάρ
1825 3474 1924 3527 οὐκ

247 3563 322 3638 ἦν
357 3565 516 3636 δῆλον
545 3565 772 3628 ἆπασιν,
809 3557 934 3614 εἷπε
978 3561 1070 3613 καὶ
1120 3560 1218 3628 τὴν
1266 3560 1444 3612 αἰτίαν
1469 3577 1483 3590 ·
1508 3558 1740 3612 ἐνταῦθα
1765 3560 1822 3612 δὲ
1849 3560 1924 3624 ὡς

250 3650 711 3722 ῶμολογημένου,
739 3649 1017 3720 παρίησιν.
1040 3648 1208 3700 Ὅταν
1229 3646 1283 3700 δὲ
1308 3646 1457 3718 εἴπῃ,
1480 3645 1605 3712 Πᾶς
1638 3650 1669 3699 o'
1685 3648 1922 3715 κρίνων,

250 3743 315 3794 ού
355 3743 470 3804 τοῖς
517 3739 746 3810 ἄρχουσι
769 3736 1077 3805 διαλέγεται
1104 3735 1282 3806 μόνον,
1311 3734 1446 3788 ἀλλά
1466 3735 1558 3787 καὶ
1586 3732 1817 3798 ἰδιώταις
1835 3735 1926 3787 καὶ

251 3830 610 3901 ἀρχομένοις.

332 3917 402 3986 β’.
424 3912 578 3987 [469.]
614 3913 724 3966 Καὶ
751 3911 859 3982 γὰρ
894 3911 1134 3974 ἅπαντες
1164 3909 1463 3981 ἄνθρωποι,
1499 3909 1600 3963 κᾶν
1630 3909 1704 3981 μὴ
1738 3908 1926 3980 θρόνον

251 4004 449 4074 ἔχωσι,
483 4001 615 4072 μηδὲ
668 3999 894 4071 δημίους
949 3999 1042 4052 καί¹
1086 3998 1262 4065 ξύλον,
1317 3998 1432 4052 ἀλλ’
1470 4000 1618 4068 ὅμως
1647 3999 1743 4051 καὶ
1775 3997 1926 4050 αὐτοὶ

252 4087 512 4162 κρίνουσι
551 4089 676 4152 τοὺς
722 4087 1166 4157 ἁμαρτάνοντας,
1204 4088 1260 4139 ἑν
1288 4085 1556 4152 διαλέξεσι
1593 4087 1687 4138 καὶ
1728 4088 1927 4149 κοινοῖς

256 4178 547 4244 συλλόγοις
572 4187 592 4215 ε
627 4176 720 4229 καὶ
741 4177 806 4246 τῇ
838 4174 929 4228 τοῦ
970 4175 1266 4236 συνειδότος
1303 4173 1466 4244 ψήφῳ
1492 4189 1507 4202 ο
1540 4173 1634 4226 καὶ
1660 4172 1832 4236 οὐδεὶς
1860 4172 1926 4226 ἂν

251 4265 589 4335 τολμήσειεν
639 4264 834 4323 εἰπεῖν,
885 4263 968 4315 ὅτι
1025 4262 1126 4313 οὐκ
1186 4261 1334 4326 ἄξιος
1373 4260 1692 4322 κολάσεωςὸ
1718 4259 1924 4330 μοιχός.

267 4352 432 4406 Ἀλλ’
452 4350 696 4420 ἑτέρους,
727 4351 878 4420 φησί,
911 4347 1386 4412 καταδικάζουσιν,
1431 4347 1529 4417 οὐχ
1557 4346 1805 4410 ἑαυτούς.
1831 4347 1929 4402 Διά

254 4439 372 4508 γὰρ
396 4437 554 4490 τοῦτο
575 4436 755 4490 αὐτῶν
777 4436 870 4488 καὶ
910 4435 1154 4505 σφοδρῶς
1203 4433 1672 4498 κατεξανίσταται,
1708 4433 1882 4502 λέγων
1910 4448 1925 4463 ο

257 4525 480 4595 Λογίζῃ
536 4523 604 4576 δὲ
657 4523 854 4587 τοῦτο,
901 4517 950 4577 ὦ
999 4522 1288 4590 ἄνθρωπε,
1339 4524 1371 4575 ό
1418 4520 1635 4587 κρίνων
1675 4520 1818 4586 τοὺς
1859 4519 1931 4575 τὰ

257 4612 513 4667 τοιαῦτα
565 4611 957 4680 πράττοντας,
1015 4609 1112 4662 καί
1173 4608 1362 4662 ποιῶν
1411 4608 1581 4672 αὐτὰ,
1611 4606 1700 4660 ὅτι
1730 4607 1810 4660 σὺ
1835 4607 1931 4660 ἐκ-

256 4695 466 4764 φεύξῃ
496 4693 564 4746 τὸ
597 4694 775 4762 κρῖμα
802 4693 908 4746 τοῦ
929 4691 1113 4754 Θεοῦ;
1160 4690 1377 4761 Ἐπειδὴ
1405 4690 1514 4760 γὰρ
1540 4689 1741 4760 πολλὴν
1763 4689 1930 4755 ἔδειξε

258 4783 367 4851 τῆς
393 4781 720 4851 οἰκουμένης
741 4781 836 4850 τὴν
859 4777 1151 4850 ἁμαρτίαν,
1189 4777 1295 4830 ἀπὸ
1334 4777 1444 4830 τῶν
1480 4777 1783 4847 δογμάτων,
1823 4776 1930 4829 ἀπὸ

255 4869 377 4922 τῶν
407 4868 778 4938 πραγμάτων,
811 4867 905 4921 καὶ
933 4867 1015 4920 ὃτι
1037 4864 1191 4934 σοφοὶ
1221 4865 1391 4929 ὄντες,
1421 4865 1512 4916 καὶ
1533 4863 1730 4933 ὃτιτὴν
1752 4863 1929 4915 κτίσιν

256 4957 483 5026 ἔχοντες
504 4955 946 5026 χειραγωγοῦσαν
969 4992 984 5018 ,
1029 4955 1123 5006 καὶ
1145 4955 1225 5007 ὃτι
1248 4953 1308 5004 οὐ
1339 4951 1416 5022 τῷ
1437 4953 1527 5005 τὸν
1546 4952 1678 5004 Θεὸν
1715 4953 1929 5020 ἀφεῖναι

260 5045 453 5114 μόνον,
486 5041 622 5095 ἀλλά
649 5043 742 5095 καὶ
780 5041 856 5108 τῷ
898 5039 1113 5094 ἑλέσθαι
1164 5040 1232 5093 τά
1283 5039 1604 5110 ὁμοιώματα
1623 5039 1730 5092 τῶν
1765 5040 1931 5109 ἑρπε-

255 5134 396 5198 τῶν,
428 5132 523 5184 καὶ
549 5132 625 5201 τῷ
658 5132 755 5200 τὴν
780 5132 980 5202 ἀρετὴν
1025 5132 1309 5201 ἀτιμάσαι,
1356 5133 1448 5184 καὶ
1473 5131 1549 5201 τῷ
1587 5132 1685 5200 τῆς
1719 5131 1933 5199 φύσεως

255 5221 635 5290 ἀνθελκούσης
658 5219 750 5272 ἐπὶ
769 5220 867 5289 τὴν
895 5219 1092 5273 κακίαν
1117 5217 1505 5288 αὐτομολῆσαι,
1552 5219 1644 5270 καὶ
1681 5217 1757 5287 τῷ
1784 5216 1935 5287 παρὰ

257 5307 431 5376 φύσιν
467 5301 626 5369 εἶναι,
661 5305 873 5377 πρόεισι
896 5304 1082 5358 λοιπὸν
1118 5306 1197 5368 εἰς
1224 5305 1286 5357 τὸ
1312 5304 1504 5370 δεῖξαι,
1530 5304 1610 5357 ὅτι
1653 5304 1746 5356 καὶ
1772 5303 1934 5356 κολά-

257 5395 452 5457 ζονται
484 5393 536 5444 οἰ
572 5392 638 5445 τὰ
677 5391 903 5446 τοιαῦτα
946 5393 1301 5464 πράσσοντες.
1335 5391 1542 5456 Ἐδειξε
1583 5392 1682 5461 μὲν
1714 5388 1806 5444 οὖν
1833 5391 1934 5462 ἥδη

256 5480 560 5551 τιμωρίαν,
582 5478 753 5533 εἰπὼν
791 5479 890 5550 τὴν
921 5479 1119 5550 πρᾶξιν
1145 5481 1315 5548 αὐτήν
1356 5496 1371 5512 ο
1420 5479 1539 5546 Τὴν
1567 5480 1675 5549 γὰρ
1704 5479 1932 5546 ἀντιμι-

258 5570 471 5634 σθίαν,
499 5565 581 5636 ἢν
611 5566 754 5636 ἔδει,
800 5566 912 5636 τῆς
959 5565 1196 5636 πλάνης
1232 5565 1431 5622 αὐτῶν
1455 5567 1525 5620 ἐν
1553 5565 1756 5630 αὐτοῖς
1789 5567 1935 5620 ἁπο-

327 5859 347 5928 έ
373 5858 492 5919 Alii,
510 5859 659 5928 οὖσαν
678 5856 939 5928 ἑκατέρων,
963 5872 1074 5928 ηοω
1106 5857 1260 5928 lecliq
1296 5869 1395 5928 noq
1410 5855 1578 5928 _maia.
1609 5918 1629 5928 ν
1649 5853 1678 5891 δ
1705 5853 1930 5915 Quidam,

264 5925 488 5983 ειεςυγον
509 5924 670 5986 φοϐον,
696 5921 833 5982 φησί(
921 5925 942 5952 ⁸
968 5921 1083 5982 Alii,
1108 5921 1284 5976 κοινοῖς
1320 5921 1668 5981 συλλογισμοῖς.

1455 310 1520 366 Ῐδ
1561 311 1778 368 EPIST.
1825 312 1912 365 AD
1955 310 2117 366 ROM.
2162 313 2397 371 HOMIL.
2437 316 2500 370 V.

3587 336 3696 396 49.6

2024 426 2436 494 λαμϐάνουσι,
2494 429 2659 502 φησίν
2705 448 2718 462 ο
2777 432 2903 486 ἀλλ’
2951 435 3136 509 ἐπειδὴ
3188 439 3286 494 οὐκ
3350 443 3694 500 αἰσθάνονται

2023 512 2259 584 ἐκείνης,
2290 511 2410 568 εἷπε
2440 517 2535 569 καὶ
2565 517 2781 589 ἑτέραν,
2821 521 2887 590 ἢν
2920 521 3159 592 μάλιστα
3202 527 3491 584 δεδοίκασι.
3521 533 3693 586 Μάλι-

2029 615 2130 688 στα
2303 603 2405 672 ῆδη
2452 603 2551 656 καὶ
2602 604 2806 676 ταύτην
2857 606 3055 674 ἔδειξεν
3091 628 3104 643 ·
3137 613 3262 666 ὅταν
3288 615 3394 686 γάρ
3424 615 3577 688 λέγῃ,
3611 619 3694 671 δτι

2029 684 2291 774 Τὸᾲκρῖμα
2308 688 2412 742 τοῦ
2432 690 2582 744 Θεοῦ
2598 693 2749 746 κατὰ
2770 694 2847 747 ἀλ
2858 693 3062 760 riae/air
3077 699 3270 764 ἐστιν,
3289 684 3437 755 οὐδὲν
3452 684 3635 772 ἕτερον
3655 705 3690 774 ἢ

2023 771 2182 825 τοῦτο
2203 773 2349 842 λέγει
2379 790 2394 806 ·
2431 775 2573 847 πλὴν
2623 778 2760 832 ἀλλά
2805 782 2897 833 καὶ
2927 783 3014 851 ἐφ’
3039 786 3245 854 ἑτέρων
3275 788 3406 841 αὐτὸ
3427 771 3689 844 πλειόνων

2023 862 2621 930 κατασκευάζειπάλιν,
2661 866 2802 920 οὕτω
2827 867 3020 936 λέγων’
3055 873 3268 940 Λογίζῃ
3313 875 3380 926 δὲ
3422 877 3617 932 τοῦτο.
3644 873 3693 932 ὦ

2023 945 2312 1015 ἄνθρωπε,
2343 953 2376 1004 ὁ
2399 952 2622 1019 κρίνων
2669 954 2810 1020 τοὺς
2860 956 2932 1009 τὰ
2978 959 3220 1012 τοιαῦτα
3271 963 3685 1030 πράσσοντας,

2023 1034 2120 1087 καί
2143 1034 2330 1090 ποιῶν
2348 1038 2518 1100 αὐτὰ,
2543 1039 2631 1093 ὅτι
2653 1041 2733 1094 σὺ
2766 1043 3030 1112 ἐκφεύξῃ
3060 1044 3126 1097 τὸ
3162 1047 3336 1114 κρῖμα
3370 1051 3474 1104 τοῦ
3505 1053 3679 1108 Θεοῦ.

2021 1120 2096 1174 Τὸ
2117 1121 2208 1174 σὸν
2233 1124 2332 1177 οὐκ
2354 1125 2615 1195 ἐξέφυ-(ες
2649 1131 2846 1198 κρῖμα,
2891 1130 2984 1184 καὶ
3022 1131 3082 1184 τὸ
3103 1133 3197 1185 τοῦ
3225 1133 3359 1186 Θεοῦ
3393 1135 3686 1210 διαφεύξῃ;

2021 1211 2114 1264 καὶ
2146 1213 2229 1276 τίς
2255 1213 2323 1266 ἂν
2344 1214 2501 1268 τοῦτο
2524 1217 2703 1281 dum;
2758 1218 2976 1270 Καίτοι-
2993 1235 3056 1286 γε
3109 1221 3172 1274 σὺ
3221 1224 3416 1275 σαυτὸν
3446 1224 3686 1295 ἔκρινας.

2033 1298 2184 1352 Ἀλλ’
2215 1301 2403 1372 ἐπειδὴ
2433 1302 2668 1373 τοσαύτη
2704 1300 2772 1374 ἦν
2804 1307 2836 1374 ἠ
2880 1308 3166 1376 περιουσία
3185 1309 3277 1362 τοῦ
3317 1311 3688 1384 δικαστηρίου,

2021 1386 2116 1440 καὶ
2157 1387 2281 1440 οὐδὲ
2329 1389 2526 1442 σαυτοῦ
2578 1390 2866 1460 φείσασθαι
2898 1394 3187 1465 ἠδυνήθης,
3223 1397 3338 1460 πῶς
3363 1399 3390 1451 6
3427 1398 3558 1462 Θεὸς
3582 1399 3629 1462 ἀ,
3661 1403 3690 1454 6

2019 1473 2427 1546 ἀναμάρτητος,
2452 1479 2480 1531 6
2522 1477 2639 1546 μεθ’
2671 1479 2975 1552 ὑπερϐολῆς
2993 1481 3217 1546 δίκαιος,
3250 1486 3310 1536 ού
3343 1485 3524 1556 πολλῷ
3551 1489 3686 1557 μᾶλ-

2019 1559 2109 1613 λον
2136 1561 2292 1616 τοῦτο
2322 1565 2571 1634 ποιήσει;
2614 1565 2774 1619 Ἀλλά
2815 1567 2879 1619 σὺ
2943 1567 3041 1638 μὲν
3100 1569 3298 1622 σαυτοῦ
3325 1573 3623 1640 κατέγνως,
3657 1577 3688 1627 6

2018 1646 2075 1700 δὲ
2117 1647 2248 1709 Θεὸς
2286 1650 2602 1715 ἀποδέξεται
2652 1653 2746 1706 καὶ
2798 1655 3112 1720 ἑπαινέσει;
3155 1657 3265 1709 Καὶ
3308 1658 3424 1722 πῶς
3469 1657 3533 1711 ἂν
3573 1659 3688 1730 ἔχοι

2017 1734 2176 1788 τοῦτο
2202 1735 2394 1805 λόγους
2428 1738 2621 1792 Καίτοι
2661 1757 2722 1809 γε
2761 1741 2971 1794 ἐκείνου
3010 1742 3102 1795 τοῦ
3143 1743 3292 1814 παρὰ
3323 1745 3416 1797 σοῦ
3469 1747 3688 1800 καταδι-

2018 1822 2322 1893 καζομένου
2371 1823 2645 1889 κολάσεως
2699 1827 2943 1897 μείζονος
2997 1830 3060 1883 σὺ
3119 1830 3439 1895 ἀξιώτατος.
3473 1834 3547 1886 υύ
3579 1836 3686 1903 γάρ

2018 1912 2135 1964 ἐστι
2173 1912 2368 1966 ταυτὸν
2421 1914 2755 1984 ἁμαρτάνειν
2811 1915 3020 1982 ἁπλῶς,
3071 1919 3164 1971 καὶ
3208 1919 3393 1990 ἓτερον
3440 1922 3688 1992 ἁμαριάο

2017 2014 2176 2050 νοντα
2217 1999 2525 2052 κολάσαντα
2559 2003 2673 2064 τοῖς
2713 2002 2894 2066 αὐτοῖς
2939 2008 3255 2072 περιπεσεῖν
3297 2007 3477 2061 πάλιν.
3525 2009 3688 2080 Ὁρᾷς

2019 2083 2133 2146 πῶς
2175 2085 2237 2137 τὸ
2270 2085 2519 2156 ἔγκλημα
2550 2087 2817 2158 ηῦξησεν;
2872 2090 2934 2141 Εἰ
2972 2094 3080 2162 γὰρ
3114 2092 3198 2155 σὺ,
3244 2093 3398 2161 φησὶ,
3421 2095 3510 2147 τὸν
3531 2094 3686 2149 ἐλάτ-

2017 2186 2149 2223 τονα
2173 2171 2488 2242 ἁμαρτόντα
2527 2174 2796 2239 κολάζεις,
2844 2176 3021 2228 καίτοι
3063 2195 3125 2245 γε
3162 2179 3368 2248 μέλλων
3408 2182 3686 2252 αἰσχύνειν

2020 2257 2236 2320 σαυτὸν,
2297 2259 2413 2322 πῶς
2456 2262 2484 2313 6
2515 2260 2646 2324 Θεὸς
2693 2260 2784 2313 τὸν
2833 2263 3053 2333 μείζονα
3091 2265 3563 2336 πλημμελήσαντά
3600 2285 3682 2332 σε,

2017 2345 2111 2397 καὶ
2141 2343 2313 2398 ταῦτα
2339 2347 2397 2399 οὐ
2436 2348 2644 2417 μέλλων
2682 2349 2872 2403 ἑαυτὸν
2914 2351 3209 2422 αἰσχύνειν,
3235 2354 3297 2406 ού
3331 2356 3685 2410 καταδικάσει

2017 2432 2112 2485 καὶ
2136 2437 2457 2504 κατακρινεῖ
2505 2434 2786 2505 μειζόνως,
2825 2438 2922 2508 ἤδη
2953 2439 3420 2511 κατακεκριμένον
3445 2443 3550 2496 ἀπὸ
3579 2444 3686 2498 τῶν

2016 2519 2231 2572 οἰκείων
2266 2519 2574 2591 λογισμῶν;
2603 2523 2664 2574 Εἰ
2696 2523 2750 2576 δὲ
2771 2523 2971 2592 λέγεις,
3009 2525 3090 2578 ὅτι
3126 2521 3257 2578 Οἶδα
3288 2527 3405 2597 μὲν,
3429 2528 3508 2580 ὅτι
3537 2528 3688 2594 ἄξιός

2018 2607 2134 2677 εἰμι
2162 2608 2460 2672 κολάσεως,
2499 2610 2588 2663 διὰ
2603 2611 2658 2663 δὲ
2673 2610 2770 2681 τὴν
2793 2611 3173 2682 μακροθυμίαν
3187 2617 3561 2684 καταφρονεῖς,
3592 2617 3689 2669 καὶ

2017 2693 2106 2745 διά
2136 2693 2198 2745 τὸ
2230 2694 2304 2764 μὴ
2330 2694 2510 2747 δοῦναι
2538 2697 2858 2768 παραπόδας
2887 2697 3063 2768 δίκην,
3098 2698 3319 2770 θαρρεῖς
3346 2716 3360 2731 ο
3390 2700 3687 2754 δεδοικέναι

2021 2780 2118 2851 μὲν
2144 2779 2237 2833 καὶ
2271 2782 2496 2852 τρέμειν
2528 2783 2615 2836 διά
2643 2783 2802 2837 τοῦτο
2835 2785 2901 2836 ἂν
2931 2787 3048 2854 είης
3091 2785 3317 2849 δίκαιος.
3347 2783 3562 2860 Οῦγάρ
3607 2789 3687 2851 εἰς

2016 2868 2077 2920 τὸ
2100 2867 2174 2939 μὴ
2195 2868 2378 2922 δοῦναι
2411 2869 2590 2940 δίκην,
2620 2870 2738 2924 ἀλλ’
2778 2872 2857 2934 εἰς
2893 2872 2953 2924 τὸ
2989 2871 3171 2925 δοῦναι
3200 2872 3607 2943 χαλεπωτέραν,
3637 2877 3685 2928 εἰ

2021 2955 2206 3024 μένοις
2231 2955 2550 3026 ἀδιόρθωτος
2579 2955 2674 3019 ὢν,
2711 2957 3073 3010 ἀναϐάλλεται
3101 2975 3116 2988 ο
3152 2958 3182 3011 ὃ
3251 2960 3516 3029 μηδέποτε
3542 2979 3686 3030 συμ-

2021 3042 2246 3113 ϐήσεταί
2280 3060 2360 3096 σοι
2397 3054 2444 3097 ⁸.
2487 3044 2576 3097 Διὸ
2611 3043 2704 3096 καὶ
2761 3044 2958 3110 ἐπάγει
3007 3044 3180 3114 λέγων
3209 3065 3223 3080 ο
3267 3048 3342 3100 *ιι
3360 3047 3466 3100 τοῦ
3495 3049 3683 3102 πλού-

2018 3147 2124 3185 του
2152 3129 2262 3199 τῆς
2309 3132 2718 3200 χρηστότητος
2771 3132 2957 3186 αὑτοῦ
2991 3133 3400 3201 καταφρονεῖς,
3454 3135 3687 3202 καὶτῆς

2017 3218 2249 3287 ἀνοχῆς
2265 3219 2359 3272 καί
2380 3217 2488 3286 τῆς
2503 3220 2932 3288 μακροθυμίας,
2955 3220 3207 3288 ἀγνοῶν,
3227 3221 3314 3274 ὅτι
3337 3221 3400 3274 τὸ
3417 3223 3688 3291 χρηστὸν

2017 3305 2121 3358 τοῦ
2145 3305 2291 3359 Θεοῦ
2321 3307 2406 3371 εἱς
2428 3305 2751 3374 μετάνοιάν
2789 3322 2863 3359 σε
2893 3305 3054 3376 ἄνευ
3093 3307 3416 3372 Ἐπαινέσας
3448 3309 3556 3380 γάρ
3587 3308 3684 3362 τοῦ

2021 3395 2173 3468 [465]
2209 3396 2344 3449 Θεοῦ
2381 3397 2478 3468 τὴν
2517 3396 2924 3468 μακροθυμίαν,
2955 3398 3049 3450 καὶ
3074 3397 3252 3462 δείξας
3289 3399 3457 3469 αὐτῆς
3477 3401 3536 3451 τὸ
3557 3399 3687 3470 κέρ-

2018 3480 2105 3545 δος
2140 3482 2394 3552 μέγιστον
2423 3485 2532 3544 τοῖς
2563 3484 2893 3554 προσέχουσι
2930 3483 3106 3554 (τοῦτο
3137 3483 3194 3536 δὲ
3226 3480 3292 3554 ἦν
3313 3485 3372 3536 τὸ
3414 3487 3490 3547 εἰς
3519 3487 3684 3554 μετάο

2019 3586 2167 3622 νοιαν
2220 3569 2400 3622 ἕλκειν
2449 3570 2577 3633 τοὺς
2642 3571 3100 3641 ἁμαρτάνοντας),
3155 3570 3306 3638 αὒξει
3365 3572 3456 3625 τὸν
3497 3572 3680 3640 φόϐον.

2021 3655 2236 3725 Ὥσπερ
2261 3655 2368 3724 γάρ
2406 3658 2518 3718 τοῖς
2557 3658 2635 3719 εἰς
2665 3656 2782 3709 δέον
2830 3657 3194 3728 χρησαμένοις
3237 3658 3507 3729 σωτηρίας
3539 3659 3686 3712 ἑστὶν

2020 3739 2295 3803 ὑπόθεσις,
2335 3739 2477 3793 οὕτω
2516 3745 2628 3805 τοῖς
2672 3747 3146 3814 καταφρονήσασιν
3196 3745 3402 3813 ἐφόδιον
3441 3747 3686 3816 μείζονος

2020 3826 2310 3896 τιμωρίας.
2348 3827 2518 3880 Τοῦτο
2568 3829 2676 3896 γάρ
2721 3829 2782 3881 τὸ
2830 3832 3284 3902 περιφερόμενον,
3335 3833 3414 3885 ὅτι
3452 3834 3686 3903 χρηστὸς

2021 3912 2116 3966 καὶ
2147 3911 2495 3983 μακρόθυμος
2520 3912 2594 3964 ῶν
2627 3916 2654 3966 6
2679 3914 2810 3977 Θεὸς
2841 3917 2940 3968 οὐκ
2973 3919 3195 3970 ἀπαιτεῖ
3234 3919 3388 3988 δίκην
3427 3934 3439 3947 ·
3479 3920 3604 3973 ὅταν
3627 3920 3685 3973 δὲ

2023 3997 2184 4069 εἴπῃς
2211 3997 2388 4064 τοῦτο,
2426 3997 2612 4068 φησὶν,
2653 4000 2805 4052 οὐδὲν
2835 4000 2961 4052 ἄλλο
2989 4001 3186 4069 λέγεις,
3215 4004 3247 4072 ἢ
3288 4004 3385 4072 τῆς
3418 4005 3686 4074 τιμωρίας

2022 4085 2120 4155 τὴν
2147 4083 2414 4141 ἐπίτασιν.
2439 4085 2548 4157 Τὴν
2577 4085 2684 4156 γὰρ
2706 4086 3049 4158 χρηστότητα
3083 4090 3111 4141 6
3132 4088 3263 4152 Θεὸς
3296 4089 3682 4156 ἐπιδείκνυται,

2025 4170 2109 4223 ἴνα
2147 4170 2462 4242 ἀπαλλαγῇς
2521 4173 2961 4243 ἁμαρτημάτων,
3005 4173 3102 4244 οὐχ
3151 4174 3238 4228 ἵνα
3288 4175 3530 4246 προσθῇς
3560 4191 3574 4203 ·
3618 4175 3686 4228 ἂν

2022 4258 2201 4311 τοίνυν
2228 4257 2301 4330 μὴ
2323 4260 2480 4312 τοῦτο
2506 4261 2685 4329 ποιῇς,
2709 4259 3057 4334 φοϐερωτέρα
3092 4262 3125 4331 ἡ
3155 4261 3299 4330 δίκη.
3333 4261 3422 4314 Διὸ
3450 4261 3684 4332 μάλιστα

2026 4346 2359 4417 ἁμαρτάνειν
2388 4346 2448 4398 ού
2474 4347 2600 4417 χρὴ,
2627 4345 2812 4417 ἐπειδὴ
2837 4347 3187 4419 μακρόθυμος
3207 4350 3234 4400 6
3253 4347 3404 4411 Θεὸς,
3433 4347 3552 4400 οὑδὲ
3581 4346 3680 4417 τὴν

2025 4437 2343 4508 εὐεργεσίαν
2384 4436 2638 4490 ὑπόθεσιν
2679 4436 3074 4507 ἀγνωμοσύνης
3115 4436 3424 4490 ποιεῖσθαιο
3478 4436 3528 4489 εἰ
3576 4438 3688 4506 γάρ

2029 4523 2398 4594 μακρόθυμος,
2449 4523 2543 4577 καὶ
2585 4521 2800 4584 κολάζει
2840 4523 3078 4580 πάντως.
3126 4523 3297 4576 Πόθεν
3319 4523 3514 4592 δῆλον;
3555 4523 3688 4576 Ἀπὸ

2025 4611 2134 4663 τῶν
2167 4610 2292 4679 ἑξῆς
2321 4609 2644 4680 εἰρημένων.
2679 4609 2739 4662 Εἰ
2782 4609 2890 4681 γάρ
2917 4608 3083 4681 πολλὴ
3125 4612 3158 4680 η
3199 4610 3388 4672 κακία,
3433 4611 3535 4662 οὐκ
3582 4612 3688 4663 ἀπ-

2027 4697 2216 4750 έλαϐον
2239 4698 2294 4750 δὲ
2321 4699 2368 4750 οἱ
2394 4699 2575 4762 κακοὶ,
2604 4699 2814 4768 ἀνάγκη
2873 4697 3089 4759 πάντως
3141 4697 3452 4749 ἀπολαϐεῖν.
3485 4698 3546 4749 Εἰ
3579 4697 3688 4765 γάρ

2026 4782 2300 4853 ἄνθρωποι
2323 4782 2495 4836 ταῦτα
2523 4783 2583 4837 οὐ
2611 4781 2942 4854 περιορῶσι,
2979 4782 3095 4845 πῶς
3122 4785 3150 4834 ό
3173 4782 3306 4844 Θεὸς
3337 4782 3684 4851 περιόψεταη

2029 4869 2488 4924 Ὥστε’ὲντεῦθεν
2532 4871 2627 4924 καὶ
2683 4870 2775 4921 τὸν
2834 4871 2960 4940 περὶ
3007 4868 3106 4938 τῆς
3150 4869 3382 4938 κρίσεως
3425 4870 3688 4937 εἰσήγαγε

2025 4957 2202 5025 λόγον.
2235 4956 2324 5028 Τῷ
2343 4957 2454 5028 γάρ
2485 4956 2652 5020 δεῖξαι
2686 4956 2912 5017 πολλοὺς
2939 4955 3099 5016 ὄντας
3136 4953 3495 5018 ὑπευθύνους,
3529 4957 3577 5006 εἰ
3609 4958 3685 5025 μὴ

2032 5046 2438 5115 μετανοήσαιεν,
2465 5041 2582 5098 εἶτα
2607 5046 2668 5098 οὐ
2697 5044 3056 5106 κολασθέντας
3092 5041 3346 5105 ἐνταῦθα,
3374 5043 3471 5112 τὴν
3509 5041 3689 5114 κρίσιν

2031 5132 2336 5200 συνεισάγει
2373 5135 2608 5195 πάντως,
2667 5133 2766 5186 καὶ
2822 5133 2937 5201 μετ’
2999 5130 3304 5193 ὲπιτάσεως
3329 5144 3345 5158 ⁸
3379 5129 3460 5182 διό
3505 5146 3640 5201 φησι
3671 5145 3686 5162 ν

2027 5219 2187 5274 Κατὰ
2229 5219 2298 5272 δὲ
2353 5219 2469 5286 τὴν
2528 5217 2914 5287 σκληρότητά
2965 5232 3080 5271 σου
3130 5217 3231 5270 καί
3283 5217 3691 5285 ἀμετανόητον

2029 5307 2280 5374 καρδίαν
2301 5306 2671 5374 θησαυρίζεις
2698 5303 2932 5370 σεαυτῷ
2973 5303 3179 5373 ὀργήν.
3217 5303 3385 5356 Ὅταν
3410 5303 3518 5375 γὰρ
3554 5307 3689 5375 μήτε

2029 5396 2356 5468 χρηστότητι
2387 5395 2750 5465 μαλάσσηται,
2783 5395 2920 5464 μήτε
2956 5391 3105 5463 φόϐῳ
3143 5392 3485 5462 κάμπτηται,
3510 5393 3563 5446 τί
3594 5394 3689 5446 τοῦ

2028 5485 2270 5539 τοιούτου
2320 5483 2681 5552 σκληρότερον
2735 5481 2933 5550 γένοιτ’
2955 5483 3054 5547 av;
3099 5480 3316 5550 Ἐπειδὴ
3355 5480 3464 5551 γάρ
3522 5479 3688 5544 ἔδειξε

2028 5573 2120 5626 τοῦ
2150 5572 2284 5626 Θεοῦ
2314 5570 2412 5642 τὴν
2464 5568 2890 5642 φιλανθρωπίαν,
2948 5570 3068 5623 τότε
3121 5569 3358 5622 δείκνυσι
3394 5568 3491 5638 τὴν
3521 5585 3692 5638 τιμω-

2114 5790 2138 5830 d
2174 5792 2286 5852 Alii,
2324 5791 2426 5846 πῶς
2462 5790 2589 5838 οὕνὸ
2612 5790 2746 5846 Θεός.
2835 5791 2854 5813 ⁸
2883 5788 2937 5837 ln
2960 5802 3057 5837 uno
3089 5789 3160 5836 sic
3197 5787 3404 5852 είζοιιιιι·
3431 5785 3600 5852 loquis:
3631 5821 3687 5852 ..ε

2032 5846 2382 5916 χαλεπωτέραν,
2427 5853 2466 5900 εἰ
2489 5854 2638 5916 μένεις
2657 5853 2732 5900 ἀδ.
2759 5853 2859 5916 ὢν,
2893 5853 2950 5898 τὸ
2976 5852 3171 5911 μηδέπω
3193 5846 3351 5895 δοῦναι
3392 5847 3685 5908 συμϐήσεταί

2037 5913 2128 5965 σοι.
2181 5913 2298 5974 Quai.
2321 5916 2467 5963 lectio
2487 5913 2668 5975 optima
2691 5921 2784 5963 est.
2826 5913 2955 5962 lim.
