4090 6230
407 315 512 375 ἱστῖΐί

400 426 543 496 ρίαν,
574 425 656 478 δτι
691 422 838 476 ἐστὶν
865 420 1135 491 ἀφόρητος
1163 419 1242 489 τῷ
1279 418 1413 490 μηδὲ
1447 417 1621 481 οὕτως
1657 414 2068 487 ὲπιστραφέντι.

397 512 507 565 Καὶ
537 513 637 581 δρα
662 510 777 573 πιῖδς
811 509 1016 581 κυρίως
1041 510 1162 571 ταῖς
1190 504 1369 570 λέξεσι
1420 506 1686 576 κέχρηται
1709 521 1723 534 ·
1768 500 2074 570 Θησαυρί-

397 597 514 662 ζεις
535 598 663 665 γὰρ,
700 596 854 667 φησί,
889 593 1124 660 σεαυτῷ
1156 592 1366 662 ὀργὴν.
1415 591 1477 644 τὸ
1518 591 1737 653 πάντως
1771 588 2068 657 ἀποκείμε-

398 702 487 738 νον
519 684 713 754 δηλῶν,
763 683 858 736 καὶ
909 683 1143 745 δεικνὺς,
1209 681 1269 733 οὐ
1321 679 1412 732 τὸν
1468 678 1779 741 δικάζοντα,
1824 674 1960 729 ἀλλὰ
1985 673 2074 727 τὸν

398 771 717 842 κρινόμενον
741 772 914 824 αῖτιον
937 769 1148 824 τούτου.
1183 765 1422 831 Σεαυτῷ
1452 765 1581 836 7&9,
1611 764 1764 833 φησὶ,
1789 762 2077 830 θησαυρί-

399 858 534 924 ζεις,
559 860 658 930 οὐχ
687 862 715 912 ὀ
743 857 876 920 Θεός
919 875 1020 910 σοι.
1058 857 1294 917 Ἐκεῖνος
1335 854 1445 924 γάρ
1479 853 1656 906 πάντα
1695 849 1946 920 ἐποίησεν
1971 850 2072 902 ὅσα

399 947 592 1018 ἐχρῆν,
627 948 720 1000 καὶ
771 943 1164 1013 διαγνωστικόν
1235 959 1294 995 σε
1344 941 1454 994 τῶν
1511 938 1690 995 καλῶν
1749 937 1981 991 καὶτῶν
2011 937 2072 990 οὐ

400 1035 657 1088 τοιούτων
701 1033 1109 1095 κατεσκεύασε,
1161 1029 1254 1083 καὶ
1305 1027 1686 1100 μακροθυμίαν
1737 1025 2072 1090 ἐπεδείξατο,

401 1122 497 1174 καὶ
523 1122 602 1182 εἰς
627 1119 910 1190 μετάνοιαν
955 1119 1201 1181 ἐκάλεσε,
1234 1116 1330 1170 καὶ
1358 1116 1573 1186 ἡμέραν
1608 1113 1876 1183 ἠπείλησε
1908 1111 2075 1181 φοϐε-

402 1207 528 1280 ράν,
557 1207 642 1260 διὰ
681 1208 898 1260 πάντων
934 1223 992 1258 σε
1045 1206 1138 1256 ἐπὶ
1194 1203 1292 1274 τὴν
1346 1202 1635 1272 μετάνοιαν
1689 1199 1864 1252 ἕλκων
1891 1215 1904 1228 ·
1938 1199 1987 1251 εἰ
2017 1197 2076 1250 δὲ

406 1297 588 1367 μένεις
604 1295 901 1358 ἀνένδοτος,
919 1290 1157 1357 Σεαυτῷ
1185 1287 1561 1359 θησαυρίζεις
1582 1287 1770 1357 ὀργὴν
1792 1287 1861 1340 ἐν
1887 1284 2077 1355 ἡμέρᾳ

403 1383 586 1453 ὀργῆς
645 1382 744 1436 καὶ
805 1381 1250 1448 ἀποκαλύψεως
1306 1377 1405 1431 καὶ
1463 1373 1902 1443 δικαιοκρισίας
1967 1372 2076 1426 τοῦ

405 1472 574 1526 Θεοῦ.
608 1471 726 1524 Ἵνα
782 1471 890 1540 7&9
937 1469 1032 1540 μὴ,
1075 1467 1328 1531 ’ἀκούσας
1367 1467 1559 1537 ὀργὴν,
1615 1465 1845 1536 νομίσῃς
1879 1462 2072 1526 πάθος,

403 1561 646 1631 ἐπήγαγε
675 1576 689 1589 ’
718 1559 1154 1626 Δικαιοκρισίας
1177 1556 1282 1609 τοῦ
1313 1555 1482 1609 Θεοῦ.
1520 1554 1629 1608 Καὶ
1675 1553 1858 1616 καλῶς
1900 1547 2074 1617 εἶπεν,

416 1648 884 1714 Ἀποκαλύψεως
907 1659 922 1674 ⁸
959 1645 1080 1697 τότε
1117 1644 1224 1714 γάρ
1263 1641 1708 1695 ἀποκαλύπτεται
1730 1639 1909 1702 τοῦτο,
1947 1639 2076 1692 ὃταν

401 1733 473 1786 τά
535 1734 655 1786 κατ’
704 1732 860 1797 ἀξίαν
923 1732 1152 1794 ἕκαστος
1206 1728 1592 1800 ἀπολαμϐάνει.
1647 1725 1914 1780 Ἐνταύοα
1968 1726 2076 1797 7&9

404 1820 592 1873 πολλοὶ
629 1820 887 1882 πολλάκις
912 1819 1016 1889 ὲπη
1028 1816 1284 1888 ρεάζουσι
1314 1817 1462 1886 παρά
1499 1817 1560 1868 :6
1587 1815 1795 1869 δίκαιον
1840 1813 1935 1867 καὶ
1961 1815 2078 1866 ἐπι-

405 1907 752 1962 ϐουλεύουσιν
781 1924 796 1940 ·
822 1909 939 1960 ἐκεῖ
957 1907 1012 1960 δὲ
1038 1908 1133 1976 οὐχ
1152 1906 1343 1969 οὕτως.
1383 1907 1488 1971 Ὃς
1507 1903 1809 1958 ἀποδώσει
1837 1902 2077 1969 ἑκάστῳ

404 1997 556 2051 κατὰ
578 1996 648 2049 τὰ
682 1995 826 2064 ἔργα
881 1994 1066 2049 αὐτοῦ
1094 2009 1108 2026 ·
1144 1994 1270 2060 τοῖς
1309 1992 1427 2063 μὲν
1475 1991 1606 2046 καθ’
1643 1989 1958 2061 ὑπομονὴν
1981 1989 2078 2060 ἕρ-

402 2102 513 2154 του
544 2083 787 2152 ἀγαθοῦ.

473 2178 544 2240 γ’.
564 2171 780 2242 Ἐπειδὴ
805 2169 913 2242 7&9
943 2169 1174 2241 φοϐερὸς
1200 2171 1414 2238 ἐγενετο
1443 2167 1538 2224 καὶ
1565 2166 1754 2239 βαρὺς,
1789 2165 1919 2238 περὶ
1951 2165 2073 2238 κρί-

405 2277 544 2323 σεως
583 2261 676 2312 καὶ
725 2261 823 2329 τῆς
886 2257 1184 2328 μελλούσης
1232 2257 1612 2327 διαλεγόμενος
1665 2254 1957 2318 κολάσεως,
1986 2255 2076 2306 εὐ-

403 2347 542 2409 θέως
569 2347 668 2399 οὐκ
697 2348 776 2410 εἰς
810 2345 871 2398 :6
899 2343 1347 2415 προσδοκώμενον
1384 2343 1606 2397 ὲνέϐαλε
1646 2344 1746 2414 τὴν
1784 2341 2073 2415 τιμωρίαν,

402 2435 530 2488 ἀλλ’
553 2435 643 2487 ἐπὶ
668 2435 727 2486 :6
750 2433 1008 2505 ἠδύτερον
1039 2431 1232 2504 ἔτρεψε
1268 2433 1359 2485 τὸν
1385 2432 1564 2501 λόγον,
1591 2431 1688 2502 τὴν
1713 2431 1821 2484 τῶν
1853 2430 2074 2505 ἀγαθῶν

401 2521 691 2585 ἀντίδοσιν,
750 2503 895 2573 οὕτω
921 2503 1112 2587 λέγων
1139 2533 1154 2548 ·
1208 2519 1337 2584 Τοῖς
1398 2519 1509 2588 μὲν
1566 2518 1696 2572 καθ’
1756 2503 2077 2588 ὑπομονὴν

401 2612 582 2680 ἔργου
619 2609 846 2681 ἀγαθοῦ
879 2609 1069 2674 δόξαν
1103 2609 1202 2664 καὶ
1246 2607 1424 2678 τιμὴν
1453 2609 1551 2664 καὶ
1594 2609 1938 2678 ἀφθαρσίαν
1982 2608 2076 2678 (n-

401 2697 599 2760 τοῦσι,
625 2696 779 2764 ζωὴν
821 2696 1082 2751 αἰώνιον.
1130 2695 1395 2750 Ἐνταῦοα
1431 2697 1524 2751 καὶ
1579 2697 1707 2760 τούς
1748 2699 2073 2751 ἀναπεπτω-

403 2787 568 2850 κότας
591 2788 646 2839 ἐν
677 2789 790 2848 τοῖς
820 2788 1147 2857 πειρασμοῖς
1182 2785 1510 2856 διανίστησι,
1543 2785 1637 2838 καὶ
1669 2785 1956 2851 δείκνυσιν,
1991 2786 2074 2839 ὅτι

400 2874 462 2926 οὐ
491 2872 596 2943 χρὴ
644 2875 710 2944 τῇ
761 2872 944 2924 πίστει
1005 2872 1228 2943 θαρρεῖν
1286 2871 1482 2942 μόνον’
1514 2872 1608 2925 καὶ
1641 2873 1749 2943 7&9
1793 2871 1943 2946 [46$]
1980 2873 2074 2926 καὶ

403 2961 656 3032 πράξεών
696 2963 810 3013 ἐστι
853 2961 912 3013 :6
949 2960 1298 3032 δικαστήριον
1328 2962 1502 3014 έκεῖνο
1537 2959 1900 3026 ἐξεταστικόν.
1934 2961 2073 3033 Ὅρα

399 3051 458 3104 δὲ
485 3050 645 3102 αὐτὸν
676 3051 805 3104 ὅταν
843 3048 972 3121 περὶ
1013 3049 1120 3103 τῶν
1173 3048 1473 3120 μελλόντων
1510 3048 1846 3120 διαλέγηται,
1879 3053 1953 3122 μὴ
1982 3050 2073 3104 δυ-

401 3139 634 3208 νάμενον
664 3138 874 3208 τρανῶς
904 3139 1080 3190 εἰπεῖν
1126 3138 1196 3192 τὰ
1238 3138 1436 3205 ἀγαθά,
1499 3137 1634 3191 ἀλλά
1658 3139 1752 3191 καί
1788 3138 1944 3204 δόξαν
1977 3139 2072 3191 καὶ

399 3226 566 3296 τιμὴν
599 3226 848 3294 λέγοντα.
897 3224 1116 3295 Ἐπειδὴ
1138 3223 1246 3296 γάρ
1283 3225 1462 3278 πάντα
1505 3223 1823 3296 ὑπερϐαίνει
1865 3225 1934 3278 τὰ
1979 3226 2073 3279 ἀν-

401 3312 668 3384 θρώπινα,
696 3313 796 3366 οὐκ
826 3311 938 3382 ἔχει
980 3312 1162 3366 εἰκόνα
1198 3310 1379 3364 αὐτῶν
1428 3310 1680 3364 ἐντεῦθεν
1719 3311 1911 3380 δεῖξαι,
1947 3314 2074 3367 ἀλλ’

401 3403 511 3456 ἀπὸ
536 3401 645 3455 τῶν
671 3400 973 3454 δοκούντων
995 3395 1132 3453 εἶναι
1155 3398 1429 3470 λαμπρῶν
1460 3401 1590 3469 παρ’
1627 3400 1780 3469 ἡμῖν,
1809 3399 1920 3453 ἀπὺ
1949 3401 2073 3454 τού-

398 3507 509 3543 των
542 3489 702 3555 αὐτὰ,
733 3489 808 3551 ὡς
830 3489 1079 3558 ἐγχωρεῖ,
1110 3486 1463 3557 παρίστησιν,
1505 3486 1612 3539 ἀπὸ
1633 3489 1733 3558 τῆς
1754 3487 1931 3559 δόξης,
1964 3489 2073 3543 ἀπὸ

397 3577 502 3646 τῆς
524 3576 712 3646 τιμῆς,
765 3575 873 3628 ἀπὸ
915 3575 1016 3644 τῆς
1033 3575 1178 3644 ζωῆς
1207 3587 1223 3603 ⁸
1249 3573 1423 3627 ταῦτα
1453 3574 1562 3645 γάρ
1593 3575 1707 3628 ἐστι
1757 3576 1826 3629 τὰ
1863 3575 2074 3649 ἀνθρώ-

400 3681 521 3728 ποις
580 3661 1044 3735 περισπούδαστα.
1080 3659 1231 3713 ’Λλλ⁹
1276 3661 1336 3715 οὐ
1405 3662 1632 3716 τοιαῦτα
1686 3665 1891 3728 ἐκεῖνα,
1937 3665 2073 3718 ἀλλά

398 3752 581 3823 πολλῷ
638 3750 833 3822 βελτίω
893 3747 1130 3815 τούτων,
1186 3749 1296 3820 ὅσῳ
1350 3750 1446 3803 καὶ
1488 3750 1740 3824 ἄφθαρτα
1792 3753 1887 3806 καὶ
1940 3753 2073 3808 ἀθά-

398 3858 532 3895 νατα
543 3878 556 3894 ο

468 3925 626 3993 Εἶδες
663 3927 780 3990 πῶς
817 3926 1032 3992 καὶτὰς
1059 3928 1190 4000 περὶ
1218 3929 1318 3999 τῆς
1359 3927 1711 3992 ἀναστάσεως
1737 3928 1846 3982 τῶν
1886 3929 2073 4001 σωμά-

398 4037 504 4072 των
535 4020 669 4089 ὴμῖν
727 4015 899 4087 θύρας
949 4015 1203 4086 ἀνέῳξεν,
1258 4013 1569 4086 ἀφθαρσίαν
1614 4015 1824 4083 εἰπών;
1879 4019 1911 4086 ἡ
1959 4019 2071 4088 γὰρ

398 4109 676 4181 άφθαρσία
714 4108 806 4161 τοῦ
831 4107 1190 4178 φθειρομένου
1221 4106 1472 4176 σώματός
1500 4108 1667 4160 ἐστιν.
1691 4103 1843 4172 Εἶτα,
1881 4109 2069 4181 ἐπειδὴ

395 4201 496 4253 οὐκ
526 4200 684 4269 ἤρκει
736 4197 912 4260 τοῦτο,
957 4194 1265 4266 προσέθηκε
1319 4193 1476 4259 δόξαν
1510 4195 1606 4246 καὶ
1638 4195 1826 4265 τιμήν.
1861 4195 2070 4260 Πάντες

395 4289 505 4357 7&9
531 4283 952 4354 άναστησόμεθα
980 4283 1270 4352 ἄφθαρτοι,
1293 4281 1409 4332 ἀλλ’
1447 4281 1505 4332 οὐ
1547 4281 1746 4343 πάντες
1771 4284 1851 4345 είς
1887 4283 2066 4350 δόξαν,

394 4373 512 4427 ἀλλ’
545 4373 717 4442 οἱμὲν
769 4372 848 4431 εἰς
911 4369 1150 4433 κόλασιν,
1201 4368 1250 4419 οἱ
1297 4367 1355 4418 δὲ
1403 4368 1483 4429 εἰς
1528 4366 1708 4430 δόξαν.
1747 4367 1874 4433 Τοῖς
1905 4369 1973 4421 δὲ
1998 4369 2068 4435 ἐξ

398 4461 667 4529 ἐριθείας,
693 4457 847 4527 φησί.
879 4455 1047 4510 Πάλιν
1076 4455 1185 4525 γάρ
1227 4455 1519 4527 ἀποστερεῖ
1575 4455 1904 4527 συγγνώμης
1943 4459 2068 4522 τοὺς

395 4563 455 4602 εν
486 4547 652 4618 κακίᾳ
683 4545 912 4611 ζῶντας,
947 4544 1042 4598 καὶ
1081 4543 1355 4597 δείκνυσιν
1402 4542 1508 4596 άπὸ
1557 4542 1891 4612 φιλονεικίας
1921 4546 2067 4612 τινὸς

397 4636 491 4690 καί¹
517 4633 788 4707 ῥᾳθυμίας
812 4631 906 4686 ἐπὶ
952 4631 1052 4702 τὴν
1103 4629 1366 4702 πονηρίαν
1423 4630 1738 4695 πίπτοντας.
1768 4633 1876 4686 Καὶ
1902 4634 2068 4688 ἀπει-

394 4725 571 4779 θοῦσι
591 4721 709 4792 μὲν
753 4719 827 4790 τῇ
873 4719 1146 4788 ἀληθείᾳ,
1200 4719 1578 4788 πειθομένοις
1629 4717 1697 4771 δὲ
1737 4717 1814 4787 τῇ
1841 4719 2062 4788 ἀδικίᾳ.

405 4812 539 4866 Ἰδοὺ
562 4810 652 4864 καὶ
679 4807 838 4880 ἑτέρα
872 4805 1176 4878 κατηγορία
1215 4805 1396 4860 πάλιν.
1432 4806 1598 4860 Ποίαν
1628 4807 1737 4878 γὰρ
1768 4807 2065 4876 ἀπολογίαν

393 4902 459 4956 ἂν
485 4900 598 4971 ἔχοι
630 4900 658 4952 6
686 4898 748 4952 :6
780 4899 896 4969 φῶς
939 4896 1179 4968 φεύγων,
1225 4896 1322 4952 καὶ
1365 4896 1424 4951 :6
1482 4897 1673 4962 σκότος
1704 4897 2062 4970 αἱρούμενος;

393 4991 503 5044 Καὶ
529 4990 628 5044 οὐκ
653 4983 794 5054 εἷπε,
820 4985 1187 5057 Βιαζομένους
1229 4986 1326 5040 καὶ
1378 4987 1873 5058 τυραννουμένους,
1898 4987 2060 5054 ἀλλὰ,

392 5077 792 5145 Πειθομένους
814 5073 889 5143 τῇ
916 5073 1120 5141 ἀδικίᾳ
1153 5090 1166 5104 ·
1197 5073 1285 5126 ἵνα
1322 5072 1520 5146 μάθῃς,
1565 5073 1648 5126 δτι
1686 5073 2064 5146 προαιρέσεως

391 5163 452 5216 :6
485 5163 704 5233 πτῶμα,
736 5162 836 5215 οὐκ
873 5161 1119 5232 ἀνάγκης
1149 5159 1211 5213 :6
1244 5160 1515 5230 ἔγκλημα.
1550 5161 1767 5229 Θλίψις
1795 5162 1893 5214 καί
1925 5178 2061 5216 στε-

391 5251 648 5319 νοχωρία
675 5249 773 5302 ἐπὶ
798 5247 1007 5303 πᾶσαν
1046 5246 1261 5317 ψυχὴν
1284 5247 1601 5316 ἀνθρώπου
1632 5249 1739 5303 τοῦ
1779 5266 2064 5320 κατεργα-

392 5336 638 5407 ζομένου
672 5335 738 5390 τὸ
778 5335 969 5388 κακόν
996 5350 1010 5366 ·
1049 5335 1296 5388 τουτέστι
1335 5335 1439 5388 κᾶν
1477 5333 1722 5406 εὐπορόςῖ
1744 5353 1826 5400 τις
1870 5334 1925 5410 ᾖ,
1958 5337 2062 5390 κᾶν

393 5427 616 5490 ὕπατος,
642 5427 744 5480 κᾶν
772 5422 1162 5487 αὐτοϐασιλεύς
1190 5436 1241 5487 ι,
1263 5423 1454 5478 οὐδένα
1479 5426 1508 5478 6
1531 5427 1630 5496 τῆς
1673 5425 1904 5489 κτίσεως
1931 5426 2060 5479 δυσ-

389 5519 619 5572 ωπεῖται
673 5515 829 5584 λόγος
874 5531 889 5546 ο
943 5513 1203 5585 οὐδεμίαν
1272 5513 1382 5586 7&9
1437 5514 1674 5569 ἐνταῦθα
1742 5514 1929 5589 χώραν
1992 5517 2060 5571 τὰ

389 5604 672 5676 ἀξιώματα
708 5603 840 5674 ἔχει.
876 5602 1064 5668 Δείξας
1098 5602 1273 5656 τοίνυν
1294 5601 1393 5674 τὴν
1419 5602 1725 5676 ὑπερϐολὴν
1754 5605 1854 5675 τῆς
1880 5605 2057 5674 νόσου,

390 5695 486 5749 καὶ
510 5694 607 5765 τὴν
629 5693 810 5746 αίτίαν
843 5691 1118 5764 προσθεὶς,
1163 5691 1244 5744 δτι
1287 5687 1396 5744 ἀπὸ
1446 5690 1718 5762 ῥᾳθυμίας
1739 5691 1848 5746 τῶν
1871 5695 2058 5765 ἀρρω-

393 5777 678 5842 στούντων,
717 5778 807 5832 καὶ
838 5777 899 5831 :6
929 5777 1101 5842 τέλος,
1138 5778 1219 5832 ὅτι.
1249 5777 1494 5832 ἀπώλεια
1523 5777 1717 5842 αὐτοὺς
1736 5777 2056 5846 διαδέξεται,

487 5950 508 5977 ⁸
526 5951 636 6004 Duo
655 5964 792 6015 mss.,
817 5951 956 6006 αὐτὸς
981 5953 1006 5998 ὀ
1035 5951 1170 6013 βασι)
1182 5951 1271 6006 56;.

1187 302 1244 356 S.
1287 299 1575 355 JOANNIS
1613 292 2105 356 CIIRYSOSTOMI
2146 293 2468 350 ARCIIIEP.
2508 290 3062 349 CONSTANTINOP.

3753 298 3855 356 4‘26

2177 413 2269 468 καὶ
2302 413 2364 467 :6
2409 413 2631 467 εὐκολον
2665 413 2765 482 τῆς
2802 411 3161 482 διορθώσεως,
3210 411 3367 484 βαρεί
3391 413 3420 454 ι)
3469 415 3632 470 πάλιν
3661 418 3758 472 καὶ
3797 423 3859 475 ἐν

2175 504 2240 572 τῇ
2271 501 2490 556 κολάσει
2538 501 2631 554 τὸν
2678 499 2953 554 Ἰουδαῖον.
2994 499 3290 554 Ἰουδαίου
3340 516 3406 555 τε
3457 502 3702 571 ,πρῶτον
3756 507 3857 562 καί

2179 591 2503 656 ’Ἐλληνοςκ
2537 589 2597 644 '0
2614 589 2723 660 γάρ
2751 587 2995 652 πλείονος
3024 587 3342 651 ἀπολαύσας
3360 589 3462 660 τῆς
3483 591 3858 662 διδασκαλίας,

2179 677 2402 748 μείζονα
2439 677 2506 731 ἂν
2537 677 2622 746 εἴη
2656 677 2753 730 καί¹
2783 675 3056 747 τιμωρίαν
3099 676 3252 741 ἄξιος
3287 677 3579 748 ὑπομεῖναι
3616 699 3860 747 παρανο·

2181 764 2314 834 μῶν.
2343 764 2506 816 Ὥστε
2538 763 2647 833 ὅσῳ
2675 763 2742 816 ἂν
2777 761 3135 834 συνετώτεροι
3185 757 3337 834 ὦμεν
3388 765 3423 836 ἢ
3471 765 3857 840 δυνατώτεροι.

2175 851 2428 906 τοσοῦτον
2459 849 2801 921 κολαζόμεθα
2829 851 3030 920 μᾶλλον
3064 851 3491 923 ἁμαρτάνοντες.
3533 855 3642 908 Καὶ
3670 855 3781 925 γάρ
3808 857 3857 910 εἰ

2177 940 2430 1004 πλούσιος
2448 935 2518 1004 εἴ,
2545 939 2765 993 πλείονα
2797 939 3150 1013 άπαιτηθήσῃ
3176 943 3436 1011 χρήματα
3472 940 3565 994 :06
3601 943 3853 1014 πένητος,

2177 1029 2273 1082 καὶ
2319 1030 2368 1082 εἰ
2417 1027 2804 1098 συνετώτερος,
2871 1025 3094 1098 μείζονα
3153 1027 3421 1100 ὑπακοὴν,
3470 1030 3566 1084 καὶ
3615 1033 3667 1084 εἰ
3695 1031 3857 1085 δυνα-

2179 1120 2365 1173 στείαν
2394 1118 2812 1190 περιϐέϐλησαι,
2860 1116 3220 1191 λαμπρότερα
3279 1119 3681 1191 κατορθώματα
3711 1139 3726 1153 ·
3761 1113 3860 1177 καὶ

2180 1207 2274 1260 ἐπὶ
2308 1206 2534 1260 πάντων
2564 1206 2620 1259 δὲ
2654 1205 2766 1259 τῶν
2787 1205 2964 1260 ἀλλων
3013 1205 3156 1260 οὕτω
3207 1207 3347 1279 πρὸς
3383 1208 3485 1279 τὴν
3502 1207 3736 1278 δύναμιν
3762 1210 3859 1263 καὶ

2177 1293 2246 1347 :&
2299 1293 2474 1365 μέτρα
2538 1292 2814 1356 εἰσοίσεις.
2863 1292 3020 1357 Δόξα
3066 1292 3251 1346 δὲκαὶ
3302 1292 3440 1362 τιμὴ
3493 1294 3593 1348 καὶ
3644 1295 3856 1364 εἰρήνη

2178 1382 2355 1434 παντί
2385 1381 2464 1447 τῷ
2481 1379 2844 1451 ἐργαζομένῳ
2887 1380 2954 1434 τὸ
3004 1380 3250 1450 ἀγαθὸν,
3315 1380 3576 1445 Ἰουδαίῳ
3601 1398 3666 1434 τε
3694 1381 3856 1450 πρῶο

2178 1486 2304 1533 τον,
2333 1469 2432 1522 καί
2457 1470 2734 1535 Ἕλληνι.
2795 1469 2952 1522 Ποῖον
3011 1468 3262 1522 Ἰουδαῖον
3315 1468 3554 1524 ἐνταῦθά
3589 1487 3781 1539 φησιν,
3821 1469 3856 1540 ἢ

2181 1559 2308 1628 περὶ
2367 1558 2540 1611 ποίων
2589 1558 2858 1628 Ἑλλήνων
2902 1557 3248 1626 διαλέγεται;
3279 1557 3402 1610 Τῶν
3455 1557 3564 1628 πρὸ
3611 1557 3855 1629 τῆς-τοῦ

2178 1645 2417 1718 Χριστοῦ
2465 1645 2790 1715 παρουσίας.
2849 1642 3016 1698 υύπω
3062 1644 3172 1716 γάρ
3215 1646 3294 1708 εἰς
3334 1645 3464 1708 τούς
3501 1645 3602 1716 τῆς
3633 1647 3856 1717 χάριτος

2179 1732 2380 1803 ἔφθασε
2407 1731 2632 1803 χρόνους
2652 1734 2681 1786 6
2710 1732 2887 1800 λόγος,
2919 1731 3045 1786 ἀλλ’
3081 1731 3162 1785 ἐτι
3215 1734 3325 1795 τοῖς
3353 1733 3612 1801 ἀνωτέρω
3643 1735 3856 1804 χρόνοις

2179 1822 2523 1893 ἐνδιατρίϐει,
2567 1821 2958 1893 προκαθαιρῶν
3012 1822 3329 1894 πόρρωθεν,
3386 1823 3482 1876 καὶ
3520 1823 3766 1894 ἀναιρῶν
3797 1823 3859 1878 :6

2184 1912 2350 1983 μέσον
2397 1909 2494 1964 :06
2526 1910 2791 1980 Ἕλληνος
2833 1911 2931 1964 καὶ
2961 1908 3056 1963 τοῦ
3096 1910 3379 1976 Ἰουδαίου,
3412 1911 3503 1976 ἶν’,
3537 1911 3670 1964 ὅταν
3699 1913 3760 1965 ὲν
3789 1915 3856 1982 τῇ

2179 2001 2362 2072 χάριτι
2388 1998 2544 2052 τοῦτο
2567 2000 2718 2068 ποιῇ,
2754 1998 2953 2068 μηκέτι
2983 1997 3111 2068 δόξῃ
3142 1997 3330 2052 καινόν
3376 2015 3430 2051 τι
3467 1998 3565 2051 καὶ
3593 2000 3860 2069 φορτικὸν

2179 2089 2436 2141 ἐπινοεῖν.
2473 2085 2536 2139 EE
2582 2086 2689 2154 7&9
2737 2087 2794 2137 ἐν
2848 2087 2961 2149 τοῖς
3011 2085 3270 2157 ἀνωτέρω
3323 2086 3558 2156 χρόνοις,
3581 2087 3670 2139 ὅτε
3701 2087 3860 2141 οεπω

2179 2179 2212 2247 ἡ
2238 2176 2398 2245 χάρις
2427 2170 2494 2245 ἦν
2517 2172 2844 2243 ἐκλάμψασα
2867 2174 2900 2243 ἡ
2933 2173 3194 2244 τοσαύτη,
3217 2174 3305 2226 ὅτε
3326 2173 3396 2227 τά
3429 2174 3538 2227 τῶν
3581 2173 3860 2228 Ἰουδαίων

2181 2264 2356 2333 σεμνά
2378 2264 2474 2314 καὶ
2507 2260 2808 2331 περιϐόητα
2841 2259 2934 2312 καὶ
2950 2258 3182 2330 λαμπρά
3207 2259 3360 2332 παρὰ
3393 2263 3559 2314 πᾶσιν
3582 2255 3670 2331 ἦν,
3696 2261 3862 2313 οὐδὲν

2177 2347 2244 2424 ἦν
2277 2351 2337 2404 τὸ
2359 2349 2544 2421 μέσον,
2569 2349 2692 2400 τίνα
2716 2346 2782 2400 ἂν
2817 2345 2992 2416 ἔχοιεν
3039 2345 3225 2400 λοιπὸν
3274 2348 3446 2400 εἰπεῖν
3498 2348 3648 2419 [465]
3695 2348 3864 2418 λόγον

2181 2439 2322 2512 μετὰ
2370 2438 2470 2509 τὴν
2517 2433 2787 2502 τοσαύτην
2845 2433 2948 2503 τῆς
3003 2433 3228 2505 χάριτος
3295 2436 3596 2502 ὲπίδειξιν;
3635 2437 3738 2490 Διά
3770 2454 3864 2491 τοι

2177 2527 2338 2580 τοῦτο
2367 2526 2458 2580 καὶ
2487 2524 2627 2595 μετὰ
2656 2522 2857 2594 πολλῆς
2880 2522 3014 2576 αὐτὸ
3046 2523 3449 2586 κατασκευάζει
3475 2525 3574 2593 τῆς
3593 2525 3858 2595 σπουδῆς.

2177 2615 2288 2668 Καὶ
2321 2613 2429 2684 7&9
2457 2613 2486 2665 6
2506 2611 2784 2680 ἀκροατὴς
2809 2609 2972 2663 τοῦτο
3007 2610 3194 2680 μαθὼν
3221 2612 3279 2663 ἐν
3306 2613 3420 2674 τοῖς
3443 2611 3704 2681 ἀνωτέρω
3725 2613 3860 2683 χρό-

2176 2719 2289 2766 νοις
2319 2699 2580 2773 κρατοῧν,
2616 2698 2798 2769 πολλῷ
2835 2698 3035 2768 μᾶλλον
3072 2699 3210 2768 μετὰ
3237 2699 3338 2769 τὴν
3367 2700 3550 2754 πίστιν
3583 2701 3716 2756 αὐτὸ
3746 2720 3858 2756 πα-

2179 2793 2459 2865 ραδέξεται
2491 2803 2537 2844 ε.
2573 2789 2842 2860 ’Έλληνας
2865 2789 2920 2841 δὲ
2950 2787 3186 2842 ἐνταῦθά
3212 2806 3397 2859 φησιν,
3444 2791 3506 2843 οὐ
3548 2791 3676 2854 τούς
3704 2791 3859 2845 εἰδω-

2176 2884 2595 2956 λο).ατρούντας,
2631 2880 2770 2935 ἀλλά
2799 2881 2921 2940 τοὺς
2949 2879 3358 2944 θεοσεϐοὖντας,
3387 2881 3514 2944 τούς
3537 2881 3611 2950 τῷ
3634 2882 3858 2952 φυσικῷ

2177 2972 2534 3044 πειθομένους
2555 2971 2729 3042 νόμῳ,
2751 2970 2879 3034 τούς
2907 2969 3047 3040 πλὴν
3071 2969 3180 3021 τῶν
3199 2967 3509 3020 Ἰουδαϊκῶν
3529 2971 3860 3039 παρατηρη-

2179 3079 2318 3116 σεων
2345 3060 2523 3114 πάντα
2546 3059 2616 3111 τὰ
2648 3058 2785 3129 πρὸς
2825 3056 3106 3110 εὐσέϐειαν
3139 3055 3497 3109 συντελοῦντα
3534 3054 3860 3129 διατηροῦν-

2175 3165 2273 3210 τας
2309 3162 2323 3177 ο
2357 3141 2460 3198 οἷοι
2486 3139 2624 3215 ἦσαν
2657 3143 2706 3195 οί
2736 3141 2862 3212 περὶ
2888 3140 2979 3193 τὸν
3013 3140 3369 3210 Μελχισεδὲκ,
3403 3135 3514 3203 οἷος
3548 3137 3615 3212 ἦν
3639 3143 3667 3193 ὁ
3703 3139 3856 3206 Ἰὼϐ,

2175 3231 2277 3289 οἷοι
2315 3229 2455 3306 ἦσαν
2475 3234 2523 3285 οἱ
2549 3227 2851 3291 Νινευῗται,
2876 3222 2986 3292 οἷος
3013 3223 3080 3299 ἦν
3108 3231 3136 3280 ὁ
3165 3228 3481 3299 Κορνήλιος.
3514 3229 3650 3297 Ἤδη
3669 3227 3860 3282 τοίνυν

2181 3319 2556 3395 προδιορύττει
2603 3318 2703 3388 τῆς
2747 3316 3049 3386 περιτομῆς
3097 3315 3190 3368 καὶ
3227 3314 3329 3384 τῆς
3385 3315 3746 3385 ἀκροϐυστίας
3788 3316 3860 3370 τὸ

2179 3414 2363 3486 μέσον,
2383 3409 2477 3464 καὶ
2494 3405 2774 3479 πόρρωθεν
2797 3406 3003 3472 ταύτην
3062 3402 3429 3473 προκαταλύει
3449 3404 3548 3469 τὴν
3564 3402 3858 3474 διαφορὶν,

2175 3500 2315 3553 ὥστε
2340 3497 2434 3550 καὶ
2461 3494 2787 3555 ἀνυπόπτως
2821 3490 2951 3545 αὐτὸ
2979 3491 3224 3560 ποιῆσαι,
3255 3490 3349 3542 καὶ
3377 3488 3437 3554 ἐξ
3469 3490 3657 3560 ἐτέρας
3677 3491 3861 3559 ἀνάγ-

2176 3604 2278 3658 κης
2305 3587 2385 3648 εἰς
2414 3582 2572 3637 τοῦτο
2609 3579 2866 3652 ἐμϐαλεῖν
2901 3595 2915 3609 ·
2959 3579 3094 3649 ὅπερ
3139 3579 3226 3630 ἀεὶ
3259 3578 3360 3645 τῆς
3406 3577 3673 3639 συνέσεώς
3697 3579 3864 3633 ἐστιν

2177 3673 2306 3726 ἴδιον
2333 3671 2431 3742 τῆς
2459 3666 2842 3736 ἀποπολικῆς.
2879 3665 2944 3720 ΕΞ
2975 3666 3073 3736 μὲν
3101 3664 3210 3736 γάρ
3233 3663 3454 3717 ἐπὶτῶν
3485 3664 3690 3734 καιρῶν
3715 3665 3863 3720 αὐτὸ

2174 3765 2275 3832 τῆς
2298 3759 2521 3830 χάριτος
2567 3755 2788 3820 ἔδειξεν,
2839 3753 3016 3818 ἔδοξεν
3051 3752 3117 3807 ἂν
3158 3752 3361 3822 πολλὴν
3380 3752 3614 3822 ὑποψίαν
3647 3752 3796 3824 ἔχειν
3828 3757 3863 3809 ὸ

2173 3849 2331 3917 λόγος
2365 3861 2380 3876 ⁸
2420 3846 2481 3899 :6
2514 3846 2573 3900 δὲ
2614 3843 2970 3915 διηγούμενον
3002 3840 3099 3912 τὴν
3134 3841 3472 3910 κατέχουσαν
3511 3841 3604 3894 τὸν
3643 3843 3861 3911 κόσμον

2174 3937 2374 3992 κακίαν
2406 3935 2502 3989 καὶ
2526 3933 2814 4004 πονηρίαν,
2861 3933 2925 3985 ἐκ
2952 3931 3051 4001 τῆς
3072 3929 3396 3992 ἀκολουθίας
3417 3929 3629 4000 ἐκείνης
3649 3930 3730 3991 είς
3759 3930 3865 3984 τὸν

2175 4026 2305 4098 περὶ
2340 4025 2545 4079 τούτων
2593 4021 2829 4093 ὲμϐἧναι
2858 4019 3040 4089 λόγον,
3073 4018 3384 4074 ἀνύποπτον
3415 4016 3590 4072 ἐποίει
3627 4017 3726 4088 τὴν
3768 4018 3865 4073 δι·-

2172 4112 2491 4169 δασκαλίαν.

2230 4203 2271 4256 δ’
2280 4243 2293 4256 .
2309 4202 2419 4255 Καὶ
2436 4202 2517 4253 ὃτι
2534 4198 2692 4252 τοῦτο
2717 4196 2987 4269 βούλεται,
3003 4197 3097 4250 καὶ
3114 4194 3202 4249 διά
3219 4192 3378 4248 τοῦτο
3394 4193 3537 4248 οὕτω
3559 4193 3860 4263 συνέθηκε,

2171 4289 2328 4360 δῆλον
2363 4287 2590 4341 ἐκεῖθεν.
2623 4287 2685 4339 Εί
2732 4285 2806 4355 μὴ
2839 4284 2949 4355 γάρ
2982 4282 3140 4336 τοῦτο
3163 4281 3464 4344 ἐσπούδαζε
3503 4285 3862 4336 κατασκευάο

2173 4397 2294 4445 σαι,
2327 4379 2485 4448 ἤρκει
2552 4375 2802 4438 εἰπόντα,
2843 4373 2925 4426 ὅτι
2965 4370 3128 4426 Κατὰ
3165 4369 3282 4438 τὴν
3302 4369 3690 4438 σκληρότητά
3725 4385 3856 4424 σου

2169 4467 2266 4521 καὶ
2294 4464 2702 4535 ἀμετανόητον
2726 4460 2980 4531 καρδίαν
3002 4455 3377 4527 θησαυρίζεις
3399 4457 3636 4522 σεαυτῷ
3658 4457 3861 4526 ὀργὴν

2168 4555 2239 4609 ἐν
2270 4551 2461 4622 ἡμέρᾳ,
2505 4548 2708 4620 ὀργῆς,
2759 4547 3071 4601 παύσασθαι
3119 4545 3218 4616 τῆς
3252 4543 3565 4607 ὑποθέσεως
3605 4544 3855 4614 ταύτηςο

2169 4641 2408 4712 καὶγὰρ
2455 4638 2839 4710 ἀπηρτισμένη
2885 4631 2972 4708 ἤδη
3040 4633 3181 4687 Ἀλλ’
3234 4631 3420 4701 ἐπειδὴ
3472 4631 3535 4684 οὐ
3567 4631 3722 4685 τοῦτο
3779 4629 3857 4704 ἦν

2168 4727 2317 4799 αὐτῷ
2363 4727 2424 4780 τὸ
2468 4724 2820 4795 ζητούμενον,
2877 4723 3007 4793 περὶ
3056 4721 3294 4793 κρίσεως
3337 4719 3496 4790 μόνον
3531 4721 3704 4772 εἰπεῖν
3747 4721 3856 4791 τῆς

2176 4815 2503 4889 μελλούσης,
2541 4813 2680 4867 ἀλλά
2722 4813 2816 4866 καὶ
2865 4810 3037 4877 δεῖξαι
3085 4809 3236 4863 οὐδὲν
3291 4807 3454 4860 πλέον
3508 4806 3701 4878 ἔχοντα
3754 4809 3855 4861 τὸν

2179 4905 2432 4958 Ἰουδαῖον
2473 4901 2566 4957 τοῦ
2610 4899 2852 4954 τοιούτου
2886 4898 3180 4967 Ἕλληνος,
3215 4895 3305 4948 ἵνα
3342 4893 3417 4965 μὴ
3456 4894 3600 4965 μέγα
3646 4897 3850 4967 φρονῇ,

2166 4991 2378 5064 πρόεισι
2421 4987 2762 5061 περαιτέρω,
2819 4986 2916 5040 καὶ
2958 4985 3110 5050 τάξει
3157 4981 3445 5054 κέχρηται.
3502 4980 3703 5035 Σκόπει
3757 4982 3849 5036 δέ·

2177 5077 2445 5148 Ἐφόϐησε
2477 5076 2569 5129 τὸν
2600 5073 2899 5146 ἀκροατὴν,
2947 5073 3224 5142 ἐπήχησεν
3251 5080 3275 5108 ο
3301 5068 3453 5140 αὐτῷ
3481 5071 3581 5138 τὴν
3625 5067 3855 5138 ἡμέραν

2165 5165 2262 5237 τὴν
2287 5163 2546 5234 φοϐερὰν,
2573 5157 2728 5215 εἶπεν
2745 5162 2867 5214 ὅσον
2888 5158 3058 5213 κακὸν
3080 5160 3145 5230 τῇ
3174 5157 3410 5229 πονηρία
3433 5155 3620 5226 συςῇν,
3639 5155 3854 5222 ἔδειξεν

2164 5253 2355 5307 οὐδένα
2389 5251 2449 5315 ἐξ
2494 5249 2717 5318 ἀγνοίας
2748 5247 3132 5318 ἁμαρτάνοντα
3159 5245 3281 5299 οὐδὲ
3313 5243 3644 5316 ἀτιμωρητί,
3678 5242 3854 5307 ἀλλὰ,

2165 5340 2269 5395 κᾶν
2302 5339 2376 5411 μὴ
2398 5337 2493 5391 νῦν
2519 5336 2594 5408 δῷ
2615 5337 2793 5407 δίκην,
2820 5333 3060 5388 δώσοντα
3090 5333 3337 5398 πάντωςο
3371 5330 3620 5385 ἐντεῦθεν
3650 5329 3857 5385 λοιπὸν

2165 5427 2413 5500 βούλεται
2459 5424 2893 5489 κατασκευάσαι,
2927 5424 3009 5478 δτι
3037 5423 3071 5493 ἡ
3101 5422 3197 5476 τού
3231 5422 3397 5493 νόμου
3429 5417 3749 5474 διδασκαλία
3783 5420 3856 5475 οὐ

2165 5516 2371 5587 σφόδρα
2412 5513 2522 5568 τῶν
2572 5510 3009 5580 κατεπειγόντων
3048 5507 3150 5583 ἦν·
3191 5511 3249 5562 ἐν
3282 5509 3391 5580 7&9
3438 5510 3551 5573 τοῖς
3593 5506 3784 5578 ἔργοις
3812 5509 3857 5578 ἡ

2164 5604 2385 5664 κόλασις
2413 5601 2507 5654 καὶ
2551 5601 2585 5669 ή
2615 5598 2774 5670 τιμὴ,
2807 5599 2909 5651 οὐκ
2949 5599 3008 5656 ὲν
3053 5599 3322 5669 περιτομῇ
3354 5595 3452 5650 καὶ
3478 5595 3854 5666 ἀκροϐυστίᾳ.

2175 5689 2326 5745 Ἐπεὶ
2353 5683 2445 5743 οὖν
2468 5683 2620 5741 εἶπεν
2651 5688 2734 5741 δτι
2765 5686 2986 5751 πάντως
3014 5684 3413 5756 κολασθήσεται
3439 5685 3469 5742 6
3488 5681 3717 5754 Ἕλλην,
3749 5682 3856 5738 καὶ

2225 5895 2251 5933 ιι
2278 5893 2414 5958 Unus
2457 5893 2662 5958 βαρύνει.
2754 5895 2775 5921 ⁸⁵
2809 5892 2912 5942 Duo
2952 5903 3066 5940 mss.
3096 5889 3417 5945 καταδέξεται.
3491 5880 3518 5923 δ
3543 5883 3656 5933 Duo
3696 5896 3858 5948 l'nsF.1

2165 5955 2476 6014 ἐπετείχισεν,
2522 5955 2684 6003 minus
2714 5959 2871 6001 recte.
