3934 6212
209 302 297 354 tas
1244 301 1309 358 lN
1352 303 1569 362 EPIST.
1609 306 1700 361 AD
1741 304 1902 363 non.
1948 308 2173 370 noun.~
2227 320 2286 372 v.

205 419 250 468 5.
302 414 590 468 Secundum
653 424 823 469 autem
876 414 1119 469 duritiam
1176 426 1313 471 tuam
1362 430 1408 473 et
1466 420 1777 489 impaenitens

202 522 279 559 cor
302 506 608 559 thesaurizas
639 505 726 558 tibi
752 507 899 559 iram.
932 506 1067 561 Cum
1096 508 1236 562 enim
1264 525 1435 579 neque
1467 520 1747 565 mansueto

202 598 313 651 dine
341 596 661 663 emolliatur,
694 612 793 651 nec
824 598 1015 653 timore
1044 597 1307 663 flectatur,
1333 600 1455 669 quid
1481 603 1569 655 illo
1591 602 1777 657 durius

203 685 377 743 fuerit?
411 687 697 755 Postquam
731 698 909 741 autem
957 688 1047 742 Dei
1086 688 1467 759 benignitatem
1501 693 1771 759 ostendit,

202 789 310 832 tunc
337 778 653 847 supplicium
685 778 900 835 exhibet
930 797 941 831 :
971 780 1112 850 quod
1138 798 1330 851 nempe
1350 784 1420 837 sit
1443 784 1774 841 intolerabile

202 872 263 935 ei,
288 872 370 941 qui
400 885 575 940 neque
598 872 673 924 sic
694 886 987 925 conversus
1011 873 1098 927 sit.
1128 871 1195 927 Et
1220 873 1341 927 vide
1371 890 1528 944 quam
1558 878 1771 947 proprie

202 962 358 1015 verbis
387 971 565 1015 utatur
597 979 609 1013 :
645 960 1005 1029 Thesaurizas,
1036 963 1227 1033 inquit,
1257 964 1345 1017 tibi
1374 966 1522 1030 iram,
1552 968 1771 1021 omnino

200 1052 471 1121 repositam
503 1052 634 1105 iratn
668 1052 979 1118 ostendens,
1012 1062 1062 1107 et
1098 1070 1201 1107 non
1229 1055 1489 1124 judicent,
1522 1058 1616 1111 sed
1645 1074 1765 1113 eum

198 1146 272 1215 qtti
306 1144 605 1213 judicatnr,
638 1145 776 1197 illius
816 1160 1029 1198 causam
1061 1161 1200 1200 esse.
1246 1146 1356 1201 Tibi
1398 1150 1527 1220 ipsi,
1562 1150 1767 1220 inquit,

196 1236 489 1287 tliesaurizas
514 1277 527 1297 ,
560 1249 663 1287 non
696 1234 836 1289 Deus
867 1235 977 1288 tibi.
1017 1236 1111 1289 Ille
1139 1237 1282 1291 enim
1314 1240 1489 1291 omnia
1529 1256 1645 1308 quze
1676 1256 1770 1309 par

195 1336 294 1379 erat
320 1327 589 1394 prmstitit,
623 1335 675 1381 et
706 1325 803 1382 tibi
833 1327 1093 1381 bonorum
1123 1330 1493 1400 malorumque
1514 1332 1768 1402 cognitio-

196 1435 301 1472 nem
338 1419 633 1488 impertiit,
678 1420 985 1489 patientiam
1023 1436 1172 1475 suam
1204 1423 1463 1488 exhibuit,
1497 1425 1562 1477 ad
1594 1427 1764 1494 poeni-

195 1511 395 1563 tentiam
430 1521 481 1564 te
509 1513 736 1573 vocavit,
767 1510 909 1565 diem
939 1512 1227 1567 terribilem
1260 1516 1612 1570 comminatus
1641 1525 1723 1570 est
1747 1559 1762 1581 ,

195 1616 275 1665 per
307 1601 484 1653 omnia
533 1609 583 1654 te
626 1600 688 1653 ad
744 1602 1164 1670 resipiscentiam
1202 1604 1443 1660 alliciens
1486 1622 1499 1658 :
1546 1607 1686 1676 quod
1719 1610 1762 1662 si

192 1690 407 1745 inflexus
460 1706 714 1755 maneas,
764 1690 1097 1747 Thesaurizas
1136 1695 1224 1748 tibi
1259 1696 1389 1749 iram
1417 1697 1469 1750 in
1495 1698 1575 1752 die
1600 1700 1690 1751 ira:
1718 1710 1763 1751 et

190 1784 494 1837 reuelationis
535 1794 582 1837 et
607 1786 733 1855 justi
750 1785 941 1854 judicii
967 1786 1076 1839 Dei.
1108 1786 1184 1841 Ne
1214 1799 1365 1857 putes
1402 1791 1543 1846 enim
1585 1792 1761 1846 audita

189 1872 275 1938 ira,
297 1875 602 1943 passionem
631 1890 768 1942 esse,
799 1876 947 1930 addit
976 1895 989 1931 :
1018 1877 1153 1932 Juin
1167 1880 1357 1948 judicii
1384 1880 1496 1934 Dei.
1520 1883 1596 1937 Ac
1618 1894 1762 1938 recte

186 1961 321 2026 dixit,
357 1963 696 2018 Revelationis
717 1981 737 2018 :
766 1973 893 2019 tunc
924 1967 1062 2020 enim
1082 2010 1095 2029 ,
1128 1967 1227 2022 hoc
1260 1971 1491 2035 revelat,
1521 1988 1641 2026 cum
1673 1989 1761 2028 se-

185 2054 401 2107 cundum
454 2056 701 2110 meritum
750 2056 941 2128 singuli
991 2060 1277 2129 accipiunt.
1322 2062 1453 2118 Nam
1486 2065 1571 2122 hic
1617 2081 1761 2137 srepe

184 2145 320 2199 multi
384 2155 583 2215 praeter
629 2148 717 2216 jus
784 2149 1082 2205 molestiam
1140 2152 1373 2208 inferunt
1433 2163 1487 2209 et
1541 2157 1758 2213 insidias

183 2245 422 2302 struunt;
484 2238 593 2291 illic
642 2255 771 2293 vero
816 2255 921 2295 non
978 2243 1126 2296 item.
1162 2243 1261 2310 Qui
1289 2246 1464 2299 reddet
1491 2250 1760 2316 unicuique

180 2332 445 2385 secundum
487 2349 641 2402 Opera
682 2336 825 2402 ejus;
852 2334 916 2391 iis
945 2337 1176 2403 quidem,
1224 2340 1313 2407 qui
1335 2340 1612 2394 secundum
1660 2360 1756 2413 pa-

180 2422 388 2475 tientiam
420 2422 541 2476 boni
568 2425 755 2494 operis.

239 2510 287 2565 3.
328 2512 621 2581 Postquam
666 2528 723 2569 se
764 2516 1051 2571 terribilem
1093 2526 1148 2573 et
1199 2534 1441 2577 severum
1496 2524 1750 2589 exhibuit,

178 2617 285 2656 tum
305 2604 370 2658 de
396 2606 604 2675 judicio
634 2617 687 2661 et
717 2608 781 2661 de
813 2609 988 2665 futuro
1016 2612 1274 2681 supplicio
1296 2613 1623 2684 loqueretur,
1650 2634 1753 2671 non

176 2708 229 2747 se
254 2694 434 2748 statim
464 2696 530 2749 ad
562 2699 899 2767 supplicium,
933 2710 987 2753 ιιι
1017 2705 1432 2773 exspectandum
1454 2707 1751 2774 videbatur,

175 2784 411 2853 «injecit,
440 2786 532 2841 sed
555 2789 620 2841 ad
643 2803 753 2841 rem
782 2790 1101 2854 suaviorem,
1132 2810 1322 2865 nempe
1347 2797 1751 2855 retributionem

174 2872 449 2941 bonorum,
479 2892 783 2933 sermonem
806 2884 1070 2935 convertit
1088 2885 1187 2939 hoc
1211 2896 1364 2955 pacto
1390 2904 1404 2941 :
1434 2887 1509 2942 lis
1528 2890 1749 2959 quidem,

172 2964 247 3030 qui
274 2967 558 3020 secundum
593 2970 888 3037 patientiam
916 2973 1032 3026 boni
1057 2976 1242 3042 aperis,
1268 2976 1481 3045 gloriam
1512 2989 1558 3033 et
1588 2983 1749 3035 Itono-

172 3072 265 3109 rem
302 3070 347 3111 et
384 3061 819 3129 incorruptionem
853 3076 1104 3132 quierunt,
1149 3068 1307 3121 vitam
1344 3082 1606 3127 teternam.
1653 3073 1751 3129 llic

171 3164 271 3212 eos,
316 3151 407 3221 qui
458 3152 510 3205 in
552 3156 934 3210 tentationibus
972 3158 1152 3211 animo
1186 3159 1525 3227 defecerant,
1574 3166 1747 3235 erigit,

171 3243 505 3313 ostenditque
547 3260 655 3298 non
684 3258 933 3315 oportere
979 3250 1028 3303 in
1069 3250 1170 3305 fide
1206 3253 1319 3307 sola
1366 3254 1609 3325 fiduciam
1656 3257 1750 3311 ha-

170 3331 283 3387 bere
312 3353 326 3387 :
356 3350 489 3389 nam
538 3337 765 3392 tribunal
808 3340 935 3393 illud
980 3350 1094 3395 acta
1141 3345 1426 3399 examinat.
1473 3347 1748 3418 Perpende

170 3422 322 3489 illum,
352 3441 482 3479 cum
513 3426 581 3481 de
606 3426 795 3483 futuris
832 3430 1086 3500 loquitur,
1118 3449 1222 3487 non
1255 3450 1411 3505 posse
1440 3437 1583 3493 clare
1608 3440 1746 3494 bona

167 3514 244 3567 illa
270 3517 574 3586 explicare,
606 3519 699 3573 sed
724 3522 945 3587 gloriam
984 3534 1036 3577 et
1075 3523 1332 3581 honorem
1372 3528 1571 3583 dicere.
1614 3531 1745 3597 Quia

166 3606 293 3659 enim
321 3608 465 3663 bona
488 3607 720 3663 humana
745 3611 899 3679 longe
920 3624 1190 3682 superant,
1216 3618 1409 3671 nullam
1434 3619 1591 3673 habet
1618 3621 1749 3674 ima-

163 3712 325 3763 ginem
356 3714 527 3769 quam
563 3702 729 3767 possit
772 3704 1063 3768 adhibere;
1102 3706 1194 3760 sed
1230 3706 1298 3760 ab
1339 3709 1422 3772 iis,
1454 3725 1571 3779 qum
1604 3712 1742 3779 apud

165 3802 249 3837 nos
277 3788 648 3857 splendidiora
689 3791 953 3859 videntur,
987 3795 1070 3849 illa
1103 3805 1385 3867 utcumque
1412 3799 1680 3867 exprimit,
1712 3815 1741 3853 a

161 3876 338 3943 gloria,
367 3880 441 3933 ab
470 3880 696 3944 honore,
724 3897 753 3935 a
788 3886 893 3937 vita
930 3901 944 3939 :
977 3884 1062 3939 illa
1088 3888 1229 3941 enim
1263 3889 1402 3943 inter
1438 3904 1522 3944 res
1552 3891 1742 3945 huma-

162 3983 247 4021 nas
274 3981 627 4040 expetuntur.
652 3972 847 4028 Verum
874 3977 1107 4031 etelestia
1133 3994 1235 4033 non
1263 3980 1563 4051 hujusmodi
1584 3993 1737 4050 sunt;

158 4062 245 4115 sed
274 4062 356 4117 bis
383 4079 457 4119 eo
478 4073 604 4118 sunt
632 4068 1021 4134 prrestantiora,
1054 4071 1194 4140 quod
1226 4073 1333 4126 sint
1366 4075 1740 4146 incorruptibi-

157 4152 217 4206 lia
243 4166 295 4209 et
323 4158 676 4213 immortalia.

220 4242 550 4299 Resurrectio
579 4264 867 4317 corporum.
885 4251 1163 4308 —Viden‘
1190 4265 1245 4309 ut
1275 4256 1429 4311 nobis
1460 4259 1525 4314 de
1554 4275 1738 4317 resur-

155 4336 388 4389 rectione
411 4350 701 4407 corporum
735 4338 875 4395 fores
904 4345 1195 4411 aperuerit,
1224 4362 1345 4400 cum
1388 4348 1740 4420 incorruptio-

155 4437 267 4475 nem
303 4425 478 4478 dicit?
515 4425 847 4497 incorruptio
890 4432 1032 4485 enim
1080 4432 1166 4486 illa
1213 4438 1452 4506 corrupti
1497 4442 1739 4511 corporis

151 4520 243 4565 est.
282 4514 495 4570 Deinde
522 4519 644 4586 quia
676 4518 775 4574 hoc
814 4537 919 4576 non
957 4524 1087 4579 satis
1114 4534 1248 4590 erat,
1283 4527 1486 4583 addidit
1512 4532 1736 4601 gloriam

151 4614 197 4651 et
226 4604 517 4661 honorem.
542 4608 743 4665 Omnes
762 4613 903 4666 enim
936 4629 1277 4686 resurgemus
1304 4619 1615 4692 incorrupti,
1643 4626 1735 4680 sed

152 4712 248 4749 non
277 4713 478 4755 omnes
504 4702 570 4755 ad
595 4703 841 4773 gloriam,
872 4708 964 4762 sed
990 4709 1077 4762 alii
1106 4710 1171 4763 ad
1195 4713 1534 4781 supplicium,
1558 4717 1644 4771 alii
1669 4718 1735 4772 ad

150 4786 392 4853 gloriam.
428 4790 484 4844 8.
522 4790 597 4845 lis
627 4809 765 4858 vero,
794 4798 885 4865 qui
914 4813 978 4851 ea:
1002 4802 1338 4865 contentione,
1372 4803 1558 4873 inquit.
1594 4806 1734 4861 Rur-

147 4894 232 4931 sus
262 4882 416 4935 enim
448 4884 598 4937 venia
626 4886 798 4954 privat
825 4902 939 4952 eos,
969 4891 1057 4959 qui
1098 4891 1150 4945 in
1180 4894 1412 4963 nequitia
1444 4898 1650 4962 vivunt,
1681 4909 1737 4954 et

147 4972 383 5025 ostendit
404 4989 501 5027 eos
530 4991 597 5029 ex
624 4979 970 5035 contentione
994 4982 1221 5050 qttadam
1241 4993 1295 5038 et
1317 4985 1522 5055 ignavia
1553 4988 1618 5042 ad
1643 5006 1737 5043 ne-

142 5062 366 5125 quitiam
398 5064 689 5120 decidisse.
723 5065 789 5120 Et
810 5085 911 5122 non
932 5074 1255 5140 acquiescant
1285 5076 1501 5142 veritati,
1526 5078 1734 5133 credunt

141 5160 307 5204 autem
346 5154 629 5221 iniquitati.
688 5158 823 5213 Ecce
872 5161 1027 5215 aliam
1076 5180 1263 5219 rursus
1313 5172 1731 5225 accusationem.

139 5241 307 5309 Quam
330 5247 479 5301 enim
499 5252 900 5307 excusationem
932 5253 1179 5311 habuerit
1208 5259 1271 5322 is,
1296 5260 1385 5328 qui
1408 5261 1576 5316 lucem
1604 5263 1736 5332 fugit

140 5347 189 5389 et
218 5340 480 5395 tenebras
505 5343 728 5413 deligit?
754 5345 938 5415 Neque
964 5350 1114 5416 dicit,
1146 5351 1200 5405 Vi
1229 5353 1504 5423 impulsos,
1533 5360 1612 5411 vel
1647 5368 1731 5429 ty-

140 5433 395 5493 rannide.
426 5434 934 5504 sed,obtemperantes
952 5442 1226 5512 iniquitati;
1246 5459 1300 5500 ut
1318 5449 1523 5503 ediscas
1548 5454 1734 5507 volun-

138 5523 256 5574 tatis
275 5537 408 5577 esse
437 5526 660 5593 lapsum,
692 5546 796 5584 non
818 5536 1151 5591 necessitatis
1171 5540 1397 5596 crimen.
1422 5541 1471 5595 9.
1509 5543 1720 5598 Tribqu

139 5612 202 5663 tio
226 5627 273 5665 et
303 5619 548 5684 angustia
573 5637 723 5689 super
754 5639 951 5678 onmem
981 5630 1203 5684 animam
1229 5632 1443 5688 hominis
1478 5641 1731 5705 operanlis

136 5706 353 5757 malm.
404 5709 460 5761 Id
487 5722 586 5765 est.
620 5712 741 5768 licet
770 5718 1054 5783 epulentns
1081 5725 1198 5788 quis
1229 5725 1407 5797 fuerit,
1450 5728 1573 5785 licet
1603 5748 1726 5789 con-

496 5808 760 5875 Psrnoc.
810 5816 925 5877 Gn.
978 5817 1105 5883 LX.

3360 360 3465 421 426

1888 424 1989 536 fol,
2028 426 2149 484 licet
2178 448 2290 497 rex,
2322 440 2593 495 neminem
2624 459 2901 507 reveretur
2924 455 3109 526 jutlicii
3143 468 3281 525 ratio
3314 490 3329 531 :
3358 489 3467 536 non

1904 514 1970 536 ιε-
2003 517 2079 536 |--
2207 523 2219 536 ‘
2279 525 2289 536 '
2450 528 2483 536 ’³
2564 532 2574 536 ’

1886 511 1971 567 hic
2002 517 2175 616 locum
2207 523 2403 580 habent
2432 528 2735 601 dignitates.
2768 541 2901 597 Cum
3298 511 3465 625 velli:

1884 606 2135 661 mentiatu
2174 612 2522 687 exhibuisset,
2568 635 2622 678 et
2660 641 2874 687 causam
2915 606 3226 715 addidisset,
3270 606 3465 729 ιιέίηῖθ

1884 702 2249 729 ὯηυΛΙηηΙῖ.....
2286 707 2479 729 2-..-»ξκ
2650 727 2657 729 .
2697 720 2723 729 .-

1880 702 2250 805 mgrotantium
2286 707 2580 780 ignaviam;
2610 727 2662 772 et
2693 720 2850 779 finem
2881 743 3114 804 quoque,
3146 702 3286 812 quod
3313 702 3463 809 seti:

1878 797 1961 889 cet
1990 794 2254 901 pernicies
2287 800 2405 855 illos
2436 818 2723 874 exceptura
2752 815 2841 881 sit,
2891 794 3461 901 necnon'eineudatio-

2074 883 2085 894 ο

1880 880 1957 999 qis
1989 880 2292 942 facilitatem
2314 906 2327 944 :
2352 892 2594 951 Judtcum
2616 916 2799 959 rursus
2824 908 2873 963 in
2906 919 3166 986 supplicio
3182 880 3455 999 περι,νηὶ

1916 973 2057 999 ΩΔᾹΜΑ
2104 978 2247 999 --μέηη
2292 998 2295 999 ,
2386 994 2395 999 .
2430 986 2467 999 ιν
2674 994 2716 999 ..-

1874 1166 2013 1223 ngat.
2062 1159 2243 1231 Itaque
2271 1182 2470 1234 quanto
2496 1177 2871 1242 prudentiores
2900 1159 3331 1273 potentioresque
3354 1159 3451 1261 ‘s‘u:

1875 1261 2010 1314 mus,
2056 1260 2201 1306 tanto
2240 1261 2407 1327 magis
2444 1266 2689 1331 puniatur
2718 1274 2761 1326 si
2803 1290 3109 1344 peccemus.
3157 1260 3366 1349 Etenim
3408 1301 3453 1355 si

1872 1338 2019 1394 dives
2049 1357 2127 1410 es,
2157 1347 2335 1414 plures
2358 1368 2385 1405 a
2414 1363 2464 1409 te
2495 1360 2776 1430 exigentur
2805 1383 3063 1439 pecuniis,
3089 1396 3247 1448 quam
3271 1402 3299 1441 a
3321 1404 3454 1458 pan-

1874 1445 2030 1497 pcre;
2078 1437 2121 1489 si
2164 1442 2495 1513 prudentior,
2538 1455 2711 1522 major
2740 1458 3077 1529 obedientia;
3106 1437 3163 1525 lsi
3216 1437 3453 1544 potentia

3068 1525 3076 1529 ν
3216 1525 3451 1544 ,,_--......

1870 1525 2068 1593 valeas,
2123 1528 2407 1592 illustriora
2452 1556 2614 1610 opera
2649 1563 2661 1597 :
2698 1550 2747 1602 in
2780 1552 3007 1625 aliiSqne
3046 1568 3297 1624 omnibus
3341 1578 3451 1641 pati

1870 1617 2074 1670 ratione
2099 1634 2193 1688 pro
2227 1626 2362 1680 virili
2391 1638 2443 1683 et
2468 1646 2564 1699 pro
2593 1638 2810 1694 modulo
2837 1649 3099 1704 eonferes.
3135 1657 3219 1710 10.
3253 1617 3451 1732 σιέγίη,

1872 1704 2031 1732 Iun“...
2058 1719 2095 1732 ,ι
2129 1728 2225 1732 μὴ--
2378 1721 2388 1730 .
2639 1728 2650 1732 -
2698 1730 2707 1732 _

1867 1704 2031 1758 honor
2049 1719 2095 1761 et
2125 1728 2227 1779 pax
2254 1721 2389 1770 omni
2418 1728 2650 1791 aperanti
2688 1730 2897 1801 bonum,
2928 1738 3114 1798 Judteo
3144 1751 3367 1817 primum
3404 1708 3452 1811 ei

1870 1793 1939 1817 l'..
1953 1813 1985 1817 ..ρ
1999 1814 2009 1817 Α
2030 1815 2039 1817 Α
2099 1803 2137 1817 -‘
2314 1808 2333 1817 ’
2395 1811 2405 1817 “

1868 1793 2064 1853 Graeco.
2097 1803 2263 1867 Quem
2306 1808 2549 1868 Judzeum
2603 1817 2687 1873 hic
2729 1839 3009 1896 memorat,
3054 1845 3109 1889 et
3144 1793 3216 1895 ac
3258 1846 3452 1913 quibus

1868 1886 2064 1913 l‘..M..:-
2109 1892 2269 1913 1--..σ.
2358 1902 2379 1913 ιι
2413 1904 2447 1913 η
2517 1907 2546 1913 -.

1865 1886 2066 1993 ξηροῖς
2106 1892 2379 1964 loquitur?
2413 1904 2486 1958 De
2514 1907 2599 1971 iis,
2632 1914 2722 1979 qui
2750 1927 2875 1973 ante
2918 1920 3114 1982 Christi
3159 1886 3448 1993 adv‘eittuut

1865 1976 2012 2035 fuere
2054 1999 2068 2035 :
2112 1988 2347 2045 nondum
2401 1996 2543 2050 enim
2591 2002 2657 2055 ad
2708 2007 2895 2075 gratia:
2950 2021 3157 2085 tempus
3209 2031 3451 2092 pervenit

1863 2079 2188 2185 sermozsed
2216 2080 2283 2134 de
2311 2087 2571 2152 superiori
2602 2101 2842 2164 tempore
2869 2100 3123 2174 loquitur,
3155 2079 3266 2179 ja'm
3300 2118 3449 2185 prius

1861 2160 1927 2214 de
1958 2165 2135 2219 medio
2166 2171 2358 2226 tollens
2386 2160 2738 2238 differentiam
2768 2160 3011 2248 Graecum
3037 2160 3176 2255 inter
3194 2160 3445 2277 seurgcn-

1862 2251 2005 2277 nil-..“
2040 2265 2083 2277 ..ι
2121 2257 2173 2277 In
2199 2259 2251 2277 ιη
2474 2276 2479 2277 ,
2666 2275 2676 2277 μ

1862 2251 2007 2307 tilem
2034 2265 2087 2309 et
2111 2257 2352 2316 Judmum
2381 2282 2396 2331 ;
2430 2276 2485 2321 ut
2510 2285 2631 2327 cum
2663 2275 2715 2330 in
2736 2281 2923 2349 gratim
2951 2293 3194 2357 tempore
3225 2295 3277 2349 id
3303 2251 3446 2358 lace-

1862 2352 1962 2407 ret,
1994 2360 2098 2400 non
2130 2365 2215 2404 res
2249 2368 2382 2409 nova
2422 2369 2513 2413 aut
2542 2377 2771 2423 onerosa
2809 2352 3101 2433 videretur.
3135 2383 3192 2439 Si
3217 2389 3358 2444 enim
3390 2393 3441 2448 in

1860 2434 2037 2501 prisco
2068 2439 2159 2492 illo
2189 2451 2451 2517 tempore,
2482 2467 2605 2509 cum
2635 2460 2870 2519 nondum
2913 2475 3057 2525 tanta
3085 2479 3257 2544 gratia
3290 2482 3444 2540 cliul-

1858 2536 2033 2592 serat,
2071 2544 2190 2585 cum
2233 2550 2321 2591 res
2356 2538 2665 2601 Judacorum
2717 2549 3064 2629 honorandae,
3088 2536 3347 2629 illustres
3371 2536 3446 2632 "et

1857 2619 2104 2678 celebres
2133 2628 2274 2695 apud
2305 2645 2491 2691 omnes
2518 2636 2871 2715 habebantur,
2896 2619 3099 2712 nullum
3125 2672 3243 2717 erat
3261 2619 3441 2723 discri-

1858 2724 1979 2763 men
2014 2730 2028 2765 :
2057 2730 2217 2784 quam
2251 2720 2467 2778 demum
2512 2732 2770 2790 rationem
2812 2739 3003 2799 afferre
3044 2759 3292 2818 poteram
3322 2772 3441 2828 ροει

1858 2807 2055 2828 Mn.-.“
2099 2810 2274 2828 ---μμ
2735 2826 2741 2828 _

1858 2807 2069 2913 tantam.
2096 2810 2281 2874 gratia:
2319 2813 2747 2879 exhibitionetn?
2798 2829 3027 2902 Ideoque
3044 2807 3289 2913 "nmng

1854 2893 2030 2995 studio
2057 2896 2108 2951 id
2138 2901 2347 3010 probat.
2379 2906 2587 2966 Etenim
2616 2917 2829 2974 auditor
2858 2893 3079 2985 edoctus
3109 2893 3300 3007 ἱιίᾞιιη

1854 2985 1960 3039 scis
1988 2993 2314 3060 temporibus
2345 2999 2594 3066 valuisse,
2628 3010 2792 3063 multo
2814 3017 2983 3086 magis
3013 3033 3134 3089 post
3160 2985 3435 3101 abrcepram

1855 3076 2007 3101 IL]-..
2045 3081 2091 3101 EJ
2130 3098 2141 3101 -
2174 3083 2188 3101 ι
2253 3084 2265 3097 ’
2665 3096 2691 3101 ⁴

1855 3076 2010 3132 fidem
2043 3081 2094 3136 id
2124 3083 2453 3145 admissurus
2482 3104 2618 3149 erat.
2652 3096 2869 3158 Graecos
2889 3076 3066 3165 autem
3089 3128 3183 3173 seu
3205 3076 3435 3189 geriiilcs

1855 3167 1935 3189 Ls-
1967 3188 1975 3189 κ
2100 3183 2111 3189 -
2288 3180 2299 3189 ·
2322 3180 2335 3189 “
2379 3183 2389 3189 ·
2433 3184 2445 3189 ⁸

1852 3167 1938 3224 hic
1965 3183 2137 3241 vocat,
2163 3193 2265 3234 non
2286 3180 2612 3251 idololatras,
2633 3193 2725 3247 sed
2750 3210 2842 3251 eos
2859 3200 2948 3268 qui
2974 3203 3139 3262 Deum
3163 3167 3433 3283 colebant,

1851 3260 1941 3328 qui
1983 3268 2208 3363 naturali
2251 3270 2352 3342 legi
2392 3279 2669 3346 parebant,
2702 3287 2791 3353 qui
2832 3260 3023 3357 praeter

1850 3357 2180 3414 servationes
2208 3365 2409 3433 omnia,
2446 3384 2564 3439 quae
2597 3375 2661 3428 ad
2692 3379 2832 3446 piam
2875 3384 3185 3456 religionem
3224 3407 3432 3464 specta-

1851 3457 1992 3513 rent,
2043 3451 2406 3513 observabant
2451 3477 2464 3513 :
2514 3465 2697 3533 quales
2740 3482 2897 3528 erant
2936 3451 3328 3542 melchisedech
3377 3451 3432 3547 et

1847 3536 1968 3602 Joh,
1998 3543 2182 3608 quales
2233 3557 2387 3602 erant
2428 3550 2694 3623 Ninivitze,
2742 3563 2917 3631 qualis
2967 3536 3429 3637 Corneliusflain

1850 3629 2023 3700 itaque
2053 3634 2450 3696 distinctionem
2478 3645 2623 3703 inter
2648 3629 3111 3719 circumcisionem
3136 3677 3189 3721 et
3215 3684 3429 3744 prmpu-

1849 3722 1976 3775 tium
2014 3725 2281 3785 suffodere
2313 3732 2517 3803 incipit,
2557 3750 2612 3794 et
2660 3748 2843 3810 procul
2885 3750 3030 3808 illam
3071 3722 3429 3823 difl'er'entiram

1844 3815 2182 3882 aggreditur;
2218 3822 2288 3873 ita
2316 3832 2373 3876 ut
2402 3835 2454 3879 et
2480 3828 2596 3884 sine
2630 3833 2733 3888 ulla
2764 3841 3068 3909 suSpicione
3096 3848 3149 3902 id
3172 3815 3351 3918 faciat,
3377 3867 3429 3909 ct

1844 3918 1908 3956 ex
1938 3905 2042 3960 alia
2087 3912 2407 3967 necessitate
2449 3916 2502 3970 in
2549 3934 2665 3975 eam
2711 3939 2825 3979 rem
2859 3905 2929 3985 ise
2966 3937 3239 4007 conjiciat,
3282 3905 3426 4013 quod

1842 3995 2146 4061 apostolicae
2176 4000 2473 4068 prudentia:
2498 4022 2714 4079 semper
2742 4019 3014 4086 proprium
3062 3995 3178 4080 fuit.
3219 3995 3425 4091 ἀκλιέῖ

1843 4086 1893 4139 id
1922 4089 2108 4157 gratim
2133 4096 2464 4163 temporibus
2486 4098 2555 4152 ita
2579 4115 2637 4155 se
2660 4102 2912 4164 habuisse
2931 4110 3223 4185 docuisset,
3251 4086 3417 4179 multa

1841 4182 2148 4250 suspicione
2178 4185 2363 4254 plenus
2393 4204 2572 4247 sermo
2618 4193 2829 4252 habitus
2867 4200 3054 4259 fuisset
3087 4223 3101 4260 :
3136 4182 3277 4278 quod
3321 4230 3423 4268 an»

1843 4280 1945 4323 tem
1964 4272 2031 4327 de
2059 4275 2257 4330 malitia
2276 4287 2329 4333 et
2349 4286 2695 4349 perversitate
2716 4287 2961 4361 loquens,
2980 4309 3100 4365 quae
3125 4272 3247 4357 tunc
3270 4319 3426 4360 mun-

1839 4360 1965 4416 dum
1993 4367 2305 4436 occupabat,
2343 4385 2410 4426 ex
2436 4373 2663 4441 quadam
2697 4380 2836 4435 serie
2866 4383 2918 4437 in
2950 4383 3093 4443 hunc
3119 4404 3422 4452 scrtnoném

1840 4452 2128 4522 incidisset,
2160 4476 2263 4514 non
2292 4472 2591 4530 suspectam
2622 4468 2917 4530 doctrinam
2947 4478 3223 4539 reddebat.

1909 4548 1963 4601 4.
2004 4548 2155 4615 Quod
2186 4561 2364 4608 autem
2390 4555 2517 4611 illud
2546 4559 2597 4613 in
2620 4576 2783 4633 scopo
2804 4564 2997 4625 habeat
3022 4571 3240 4640 Paulus,
3267 4588 3321 4635 et
3345 4582 3424 4636 sic

1839 4638 1960 4695 ideo
1990 4658 2100 4696 rem
2129 4649 2509 4717 composuerit,
2546 4651 2669 4709 hinc
2699 4656 2872 4725 palam
2906 4672 3008 4717 est.
3051 4665 3161 4722 Nisi
3197 4674 3338 4727 enim
3370 4674 3422 4728 id

1840 4731 2064 4797 probare
2090 4734 2399 4806 studuisset,
2434 4751 2709 4811 postquam
2741 4746 2971 4819 dixerat,
3003 4753 3297 4814 Secundum
3325 4764 3423 4817 du-

1836 4822 2005 4875 ritiam
2032 4834 2170 4879 tuam
2195 4839 2241 4881 et
2269 4830 2585 4898 impaenitens
2610 4851 2698 4889 cor
2737 4837 3048 4898 thesaurizas
3092 4847 3181 4901 tibi
3206 4850 3334 4903 iram
3363 4854 3415 4908 in

1836 4918 1917 4970 die
1957 4917 2067 4982 ire,
2103 4919 2151 4972 id
2197 4922 2327 4975 satis
2365 4921 2567 4985 fuisset,
2600 4934 2653 4980 et
2692 4943 2751 4981 re
2792 4934 3022 4997 perfecta
3061 4936 3414 4998 claudendum

1835 5018 1949 5063 erat
1978 5011 2077 5064 hoc
2103 5023 2493 5082 argumentum.
2522 5016 2719 5072 Verum
2739 5022 2860 5090 quia
2894 5039 3000 5080 non
3032 5028 3105 5082 illi
3137 5030 3187 5084 in
3220 5048 3419 5104 propo-

1836 5100 1939 5153 sito
1961 5110 2073 5154 erat
2102 5100 2169 5155 de
2197 5102 2372 5157 futuro
2405 5104 2604 5173 judicio
2652 5117 2855 5166 tantum
2892 5128 3071 5184 agere,
3100 5120 3194 5175 sed
3224 5100 3419 5181 osten-

1835 5191 1963 5246 dere
1979 5191 2189 5246 volebat
2210 5193 2334 5247 nihil
2358 5194 2473 5263 plus
2494 5196 2690 5254 habere
2708 5198 2968 5269 Judteum,
2991 5222 3147 5277 quam
3166 5210 3417 5273 Grmcum

1838 5280 2166 5350 hujusmodi;
2200 5298 2265 5337 ne
2292 5282 2507 5340 Judreus
2533 5287 2696 5341 altum
2725 5302 2955 5361 saperet,
2986 5295 3117 5354 ultra
3144 5306 3420 5375 progredi-

1838 5382 1939 5434 tur,
1978 5382 2031 5426 et
2072 5372 2258 5428 ordine
2299 5375 2481 5429 utitur.
2529 5376 2806 5447 Perpende
2844 5392 3021 5441 autem
3062 5405 3078 5443 :
3117 5372 3414 5451 auditorem

1836 5464 2042 5528 terruit,
2077 5466 2403 5520 tremendam
2444 5467 2589 5522 illam
2624 5470 2765 5525 diem
2804 5477 2955 5545 quasi
2996 5480 3243 5550 intonuit,
3285 5486 3421 5544 dixit

1834 5565 2086 5621 quantum
2117 5567 2260 5612 esset
2291 5558 2485 5615 malum
2516 5562 2566 5615 in
2590 5566 2822 5635 nequitia
2844 5570 3041 5637 vivere,
3066 5579 3297 5633 ostendit
3318 5596 3417 5636 ne-

1833 5646 2028 5700 minem
2068 5662 2129 5702 ex
2174 5648 2468 5718 ignorantia
2518 5670 2759 5725 peccare,
2817 5674 2989 5733 neque
3038 5664 3270 5736 impune,
3320 5670 3415 5725 sed

1832 5739 2035 5793 etiamsi
2071 5757 2207 5795 nunc
2236 5758 2419 5814 poenas
2457 5762 2561 5803 non
2601 5747 2710 5818 det,
2741 5749 2987 5810 daturum
3026 5759 3242 5813 omnino
3269 5775 3412 5818 esse.

3006 5851 3088 5913 27
