3934 6212
677 346 775 405 5‘27

676 462 808 517 llinc
835 462 1048 517 demum
1078 460 1306 532 probare
1343 461 1475 527 vult,
1507 461 1637 531 legis
1664 462 1958 518 doctrinam
2000 476 2107 515 non
2136 475 2255 513 esse

674 568 786 607 rem
822 551 1109 606 admodum
1148 562 1422 622 urgentem
1454 569 1468 604 :
1500 567 1621 605 nam
1663 551 1716 605 in
1760 552 2010 621 operibus
2048 552 2147 604 sita
2175 559 2257 603 est

674 657 852 710 paena,
882 644 1039 697 situm
1065 644 1363 711 praemium,
1395 656 1498 698 non
1528 644 1581 697 in
1605 643 2010 698 circumcisione
2035 652 2088 696 et
2116 657 2253 711 pra:-

671 733 839 802 putio.
865 732 1151 803 Postquam
1182 734 1339 804 igitur
1364 733 1589 799 diXerat,
1621 733 1862 788 Graecum
1890 735 2107 788 omnino
2138 748 2254 803 pte-

670 838 795 877 nam
826 838 945 879 esse
972 825 1292 891 subiturum,
1323 825 1481 895 idque
1516 825 1567 879 in
1594 825 1841 881 confesso
1882 826 1995 893 fuit,
2037 835 2091 880 et
2131 824 2255 880 inde

671 915 915 985 probavit
937 917 1097 970 etiam
1126 916 1494 971 honorandum
1531 932 1670 982 esse,
1699 916 2022 987 superﬂuam
2060 916 2256 971 deinde

670 1009 903 1062 ostendit
946 1008 1116 1079 legem
1142 1018 1195 1062 et
1228 1009 1687 1064 circumcisionem
1720 1027 1733 1062 :
1766 1024 1889 1063 nam
1931 1009 2016 1063 hic
2039 1008 2252 1063 ludat-os

670 1099 901 1152 maxime
916 1099 1342 1169 impugnat.Quia
1361 1100 1501 1152 enim
1520 1099 1590 1153 illi
1606 1100 2052 1155 contentiosiores
2068 1107 2218 1154 erant
2232 1114 2247 1163 ;

668 1189 844 1258 primo
866 1204 977 1260 pra:
1006 1189 1141 1243 fastu
1163 1204 1267 1243 non
1301 1189 1579 1259 dignantes
1607 1203 1665 1244 se
1693 1204 1812 1243 cum
1843 1190 2126 1257 gentilibus
2151 1205 2250 1242 an-

668 1297 984 1349 numerare;
1013 1282 1250 1338 secundo
1274 1282 1560 1338 lrridentes
1584 1295 1678 1336 eos
1707 1282 1794 1349 qui
1822 1281 2063 1336 dicerent
2091 1280 2246 1335 ﬁdem

666 1391 882 1450 peccata
909 1382 1085 1435 omnia
1125 1381 1307 1436 delere
1335 1399 1349 1435 :
1382 1380 1502 1437 ideo
1536 1381 1682 1450 prius
1721 1379 1937 1435 Grtecos
1966 1376 2245 1439 incusavit,

663 1476 731 1529 de
756 1474 946 1546 quibus
970 1474 1246 1545 agebatur,
1280 1482 1336 1529 ut
1364 1475 1480 1530 sine
1509 1474 1813 1544 suspicione
1833 1482 2030 1526 etcum
2056 1468 2245 1522 liducia

660 1565 877 1620 Judzeos
917 1564 1238 1621 adoriretur.
1274 1564 1474 1620 Deinde
1500 1579 1623 1619 cum
1646 1564 1723 1619 ad
1753 1562 1996 1633 supplicii
2022 1574 2244 1615 examen

662 1656 828 1720 venit,
876 1655 1111 1710 ostendit
1142 1654 1385 1710 Judmum
1424 1671 1529 1710 non
1561 1655 1722 1709 modo
1765 1653 1897 1709 nihil
1939 1651 2179 1707 utilitatis
2215 1665 2245 1705 a

661 1744 779 1813 lege
800 1744 1067 1814 accipere,
1095 1743 1190 1799 sed
1222 1745 1381 1800 etiam
1403 1744 1678 1815 aggravari
1708 1761 1721 1797 :
1752 1752 1806 1799 et
1834 1743 1935 1798 hoc
1951 1744 2059 1811 jam
2089 1755 2243 1810 supeo

660 1836 771 1890 rius
797 1836 1025 1905 probare
1047 1833 1267 1906 incepit.
1307 1836 1363 1891 Si
1390 1851 1617 1906 namque
1645 1835 1864 1891 Gra'cus
1896 1834 2014 1889 ideo
2036 1834 2244 1888 inexcu-

661 1928 843 1983 sabilis
875 1937 987 1995 est,
1028 1930 1149 2000 quia
1185 1939 1238 1985 et
1279 1939 1465 1984 natura
1516 1939 1571 1984 et
1616 1927 2027 1998 cogitationibus
2070 1926 2242 1995 ipsum

661 2018 1070 2085 inducentibus,
1120 2020 1310 2074 melior
1342 2036 1448 2074 non
1487 2019 1696 2084 evasit;
1729 2020 1895 2073 multo
1936 2019 2105 2088 magis
2145 2016 2241 2071 Ju-

661 2108 828 2173 dmus,
860 2111 950 2180 qui
980 2126 1100 2164 cum
1133 2110 1218 2165 his
1242 2110 1540 2165 doctrinam
1573 2125 1785 2180 quoque
1814 2125 1842 2163 a
1870 2109 1984 2180 lege
2017 2108 2240 2177 accepit.

660 2199 791 2256 Cum
821 2201 1173 2270 persuasisset
1201 2216 1329 2271 ergo
1356 2200 1453 2266 illi,
1482 2211 1537 2255 ut
1560 2202 1610 2255 in
1632 2200 1857 2255 aliorum
1886 2198 2117 2269 peccatis
2140 2198 2243 2251 hoc

659 2292 991 2347 ratiocinium
1014 2292 1342 2357 admitteret,
1370 2294 1458 2349 vel
1486 2294 1705 2347 invitum
1743 2291 1885 2360 cogit
1914 2290 2063 2345 illum
2092 2287 2243 2343 dein-

658 2399 785 2453 ceps
829 2391 889 2438 ut
915 2384 967 2438 in
998 2385 1082 2449 iis,
1114 2399 1233 2453 quae
1262 2384 1326 2437 ad
1360 2385 1529 2453 ipsum
1571 2390 1890 2452 Spectarent,
1920 2380 2059 2435 idem
2097 2379 2240 2434 face-

658 2485 759 2530 ret.
785 2476 852 2530 Et
878 2484 935 2530 ut
961 2475 1169 2530 facilius
1199 2490 1377 2530 sermo
1401 2476 1712 2544 accipiatur,
1741 2475 1808 2529 ad
1851 2474 2061 2528 mitiora
2088 2472 2238 2525 illum

658 2565 804 2620 ducit
837 2566 919 2619 his
962 2565 1138 2620 verbis
1163 2587 1176 2621 :
1203 2563 1397 2630 Gloria,
1431 2566 1592 2617 honor
1621 2574 1667 2619 et
1698 2580 1798 2633 pan:
1836 2565 1973 2618 omni
2011 2562 2241 2632 aperanti

656 2657 861 2721 bonum,
896 2655 1079 2710 Iudaeo
1121 2656 1338 2726 primum
1375 2664 1421 2709 et
1465 2654 1662 2709 Grazco.
1701 2655 1797 2710 llic
1838 2655 1981 2711 enim
2011 2664 2236 2724 quanta-

654 2762 882 2819 cumque
904 2748 1025 2818 quis
1056 2746 1249 2802 habcat
1274 2748 1434 2813 bona,
1461 2762 1580 2802 cum
1614 2745 2010 2816 perturbatione
2047 2760 2237 2816 magna

654 2840 834 2907 habet,
859 2838 988 2896 licet
1012 2840 1281 2916 divessit,
1312 2840 1434 2895 licet
1457 2849 1667 2910 potens,
1691 2841 1815 2895 licet
1843 2856 1976 2906 rex;
2008 2840 2108 2896 etsi
2130 2855 2233 2894 non

652 2948 773 2988 cum
803 2931 930 2997 alio,
958 2945 1139 2988 secum
1169 2932 1362 2987 saltem
1386 2946 1530 3001 saepe
1557 2930 1799 2998 dissidet,
1822 2941 1876 2987 et
1902 2932 2126 2986 multum
2152 2932 2235 2986 vel

651 3024 705 3080 in
722 3023 1129 3094 cogitationibus
1160 3023 1320 3079 habet
1360 3023 1555 3078 bellum
1590 3039 1603 3077 :
1636 3022 1746 3077 illic
1780 3030 1958 3076 autem
1995 3020 2123 3076 nihil
2164 3021 2236 3075 si-

651 3116 797 3182 mile,
820 3114 915 3170 sed
942 3116 1123 3169 omnia
1154 3114 1435 3184 tranquilla
1468 3123 1523 3168 et
1551 3128 1580 3167 a
1608 3112 2008 3182 perturbatione
2041 3113 2230 3178 libera,

649 3221 771 3260 cum
807 3206 1210 3277 vera'adjuncta
1243 3219 1395 3276 pace.
1435 3204 1567 3259 Cum
1609 3220 1673 3258 ex
1717 3218 1875 3273 supra
1920 3203 2078 3259 dictis
2106 3219 2233 3273 ergo

650 3297 945 3366 probasset,
972 3298 1145 3352 etiam
1189 3313 1283 3352 eos
1316 3298 1407 3368 qui
1444 3297 1613 3367 legem
1646 3312 1751 3351 non
1784 3296 2004 3363 habent,
2044 3296 2231 3350 eadem

649 3391 761 3457 ipsa
792 3389 929 3443 bona
950 3396 1329 3458 asseqnuturos
1348 3402 1488 3453 esse,
1516 3386 1881 3442 ratiocinando
1902 3388 2071 3457 pergit
2098 3404 2111 3440 :
2142 3388 2227 3442 ll.

651 3477 773 3532 Non
803 3480 933 3532 enim
961 3489 1033 3533 est
1073 3493 1404 3548 personarum
1437 3480 1659 3547 acceptio
1696 3477 1835 3546 apud
1878 3477 2061 3532 Deum.
2098 3479 2228 3534 Cum

648 3574 789 3627 enim
825 3573 953 3627 dicit
980 3581 1033 3627 et
1057 3571 1297 3626 Judaeum
1340 3580 1395 3626 et
1426 3570 1673 3626 Grtecum
1703 3581 1986 3640 peccantes
2028 3572 2225 3641 puniri,

649 3676 754 3716 non
785 3660 945 3716 habet
987 3662 1267 3716 ratiocinio
1306 3675 1470 3731 Opus;
1512 3676 1633 3715 cum
1669 3676 1796 3716 vero
1842 3669 2076 3717 statuere
2118 3663 2230 3717 vult

649 3754 898 3809 honorari
926 3754 1192 3816 Grmcum,
1224 3762 1349 3808 tunc
1381 3753 1691 3822 probatione
1720 3767 1852 3823 opus
1878 3752 2062 3809 habet.
2090 3753 2226 3808 Nam

647 3847 839 3901 mirum
862 3855 916 3901 et
942 3846 1256 3915 stupendum
1281 3845 1559 3901 videbatur
1584 3861 1726 3910 esse,
1753 3847 1797 3900 si
1829 3846 1873 3901 is
1899 3846 1987 3916 qui
2016 3861 2115 3901 nec
2148 3846 2226 3902 le-

646 3955 765 4010 gem
793 3953 891 3995 nec
916 3941 1201 4009 prOphctas
1228 3940 1488 4007 audierat,
1518 3941 1654 3996 bona
1683 3956 1909 4011 operans
1937 3941 2227 3998 honorare-

646 4040 752 4085 tur.
782 4029 927 4096 Ideo,
969 4040 1025 4085 ut
1047 4031 1155 4101 jam
1183 4031 1312 4095 dixi,
1331 4030 1384 4084 in
1412 4033 1737 4100 temporibus
1774 4032 1995 4100 gratiam
2019 4048 2225 4109 pr‘mce-

649 4122 899 4178 dentibus
919 4122 1129 4176 illorum
1152 4122 1389 4176 auditum
1412 4130 1646 4185 exercet,
1668 4130 1724 4175 ut
1751 4121 1953 4176 facilius
1973 4123 2225 4192 deinceps

645 4229 766 4269 cum
805 4213 929 4278 ﬂde,
975 4213 1185 4267 illorum
1229 4214 1278 4266 in
1310 4212 1395 4267 his
1434 4227 1751 4266 consensum
1798 4213 2093 4269 induceret.
2130 4216 2225 4271 llic

643 4308 786 4361 enim
819 4314 1099 4374 suspectus
1127 4304 1343 4358 minime
1369 4314 1470 4369 est,
1502 4312 1686 4374 utpote
1715 4305 1801 4374 qui
1833 4321 1936 4359 non
1964 4307 2221 4362 intentum

644 4410 799 4449 suum
829 4395 1033 4463 probet.
1061 4394 1192 4448 Cum
1218 4394 1439 4447 dixisset
1463 4408 1610 4461 ergo,
1639 4391 1836 4456 Gloria,
1869 4395 2029 4448 honor
2049 4406 2095 4449 et
2122 4414 2225 4466 pax

644 4486 784 4539 omni
810 4487 1039 4556 aperanti
1080 4485 1285 4553 bonum,
1316 4484 1500 4539 ludam
1532 4487 1749 4555 primum
1779 4497 1825 4541 et
1856 4486 2034 4542 Gra’co
2056 4505 2076 4554 ;
2102 4506 2223 4560 per-

643 4580 739 4648 git,
775 4576 895 4631 Non
942 4588 1013 4631 est
1051 4579 1185 4633 enim
1225 4595 1552 4649 personarum
1581 4582 1806 4649 acceptio
1852 4582 1992 4651 apud
2038 4582 2217 4639 Deum.

646 4672 825 4741 Papae,
858 4678 1052 4740 quanta
1082 4685 1201 4724 cum
1229 4669 1572 4725 exuberantia
1602 4671 1753 4726 vicit!
1796 4672 2027 4726 ostendit
2050 4676 2218 4741 enim,

642 4777 704 4816 re
736 4761 790 4815 in
830 4760 1209 4816 absurditatem
1251 4760 1515 4825 adducta,
1562 4777 1666 4815 non
1714 4762 2005 4816 secundum
2052 4764 2218 4819 Deutn

640 4854 778 4918 fore,
809 4853 850 4905 si
886 4866 972 4906 res
1006 4852 1073 4906 ita
1113 4867 1218 4905 non
1247 4860 1425 4916 esset;
1464 4868 1585 4905 nam
1614 4852 1662 4905 id
1698 4867 2041 4921 personarum
2070 4870 2221 4909 acce-

642 4946 753 5015 ptio
783 4955 961 4999 esset:
992 4945 1129 5014 quod
1162 4946 1214 5000 in
1244 4946 1412 5000 Deum
1451 4946 1640 5001 cadere
1670 4962 1773 5000 non
1807 4957 1996 5015 potest.
2041 4948 2220 5016 Neque

640 5038 795 5102 dixit,
829 5037 937 5091 Nisi
962 5051 1048 5091 res
1071 5038 1139 5092 ita
1164 5052 1221 5091 se
1251 5036 1465 5105 habeat,
1495 5052 1841 5106 personarum
1870 5048 2118 5106 acceptor
2138 5050 2219 5092 est

642 5131 822 5195 Deus;
856 5129 949 5184 sed
986 5129 1196 5198 dignius
1224 5130 1467 5198 loquens,
1511 5127 1632 5182 Non
1661 5137 1733 5182 est
1772 5145 2099 5195 personarum
2132 5146 2215 5182 ac-

635 5219 798 5287 ceptio
815 5219 953 5288 apud
973 5219 1137 5271 Deum
1160 5234 1177 5280 ,°
1199 5218 1249 5271 id
1270 5229 1373 5284 est,
1397 5233 1499 5271 non
1522 5234 1865 5287 personarum
1884 5220 2212 5287 qualitatem,
2254 5258 2257 5261 λ

637 5308 733 5364 sed
764 5324 941 5364 rerum
968 5308 1318 5362 differentiam
1349 5311 1635 5365 examinat.
1668 5310 1802 5365 llinc
1832 5326 1959 5364 vero
1982 5310 2217 5365 declarat

637 5414 744 5453 non
774 5413 853 5464 re,
882 5397 975 5453 sed
1017 5413 1239 5467 persona
1282 5398 1521 5453 Judaeum
1567 5415 1596 5454 a
1635 5399 1822 5456 Grreeo
1848 5400 2088 5455 diﬂerre.
2125 5402 2216 5455 llis

637 5503 973 5557 consequens
1001 5498 1118 5544 erat
1142 5488 1322 5545 dicere
1353 5506 1369 5546 :
1399 5490 1514 5544 Non
1542 5492 1704 5558 enim,
1728 5492 1851 5560 quia
1883 5492 1971 5545 ille
1994 5491 2211 5560 quidem

631 5580 866 5646 Judzeus,
898 5580 983 5635 hic
1008 5581 1225 5636 Graecus
1250 5597 1264 5646 ;
1298 5582 1416 5636 ideo
1445 5583 1529 5636 ille
1553 5583 1764 5650 quidem
1792 5584 2099 5644 honoratur,
2128 5582 2213 5637 hic

631 5690 761 5729 vero
782 5674 1100 5729 contumelia
1130 5673 1358 5729 afficitur
1391 5692 1403 5727 :
1437 5674 1528 5729 sed
1560 5690 1624 5728 ex
1649 5674 1901 5743 cperibus
1932 5684 2213 5743 utrumque

630 5763 713 5819 lit.
745 5762 938 5822 Verum
977 5782 1082 5821 non
1113 5766 1183 5821 ita
1210 5766 1378 5833 dixit;
1405 5781 1526 5820 nam
1557 5765 1724 5822 Judzei
1751 5766 1985 5841 animum
2026 5766 2209 5820 conci-

1398 350 1469 406 ‘S.
1511 347 1784 406 JOANNIS
1823 344 2294 405 CHRYSOSTOMI
2334 346 2644 403 AllClllEP.
2687 346 3203 408 CONSTANTINOP.
3628 374 3669 427 ις

2364 466 2527 513 tasset
2551 477 2564 521 ;
2589 460 2681 513 sed
2712 461 2837 530 quid
2864 464 3095 532 amplius
3129 466 3304 529 addidit,
3323 469 3468 529 illorum
3486 476 3611 538 fastum
3630 488 3670 542 de

2356 547 2629 640 jicigngsiac
2650 554 3031 620 comprimens,
3053 565 3109 610 ut
3127 558 3235 611 illud
3248 559 3506 622 admitterent.
3519 572 3609 640 Quid
3621 579 3669 633 illi

2358 639 2477 737 egi?
2500 638 2559 737 ¹ιιι
2589 641 2729 709 quod
2771 644 3032 711 sequitur.
3074 646 3159 700 l2.
3194 648 3425 723 Quicumque
3451 638 3555 727 enim,
3581 665 3670 737 inqui

2357 728 2466 781 sine
2492 730 2599 801 lege
2619 744 2962 802 peccaverunt,
2985 737 3093 790 sine
3109 738 3206 808 lege
3217 728 3670 827 peribuntntquicumqae

2358 818 2468 917 lege
2488 833 2829 917 peccaverunt,
2856 840 2942 894 per
2982 824 3140 896 legem
3167 818 3567 909 judicabunturallic,
3590 818 3627 900 υἱ
3644 852 3670 917 jt

2356 909 2492 975 dixi,
2520 926 2624 964 non
2650 913 2809 967 modo
2850 917 3195 985 :rqualitatem
3222 921 3326 976 inter
3356 924 3536 987 induunt
3563 947 3602 989 et
3628 909 3670 993 (li

2353 1015 2474 1055 cum
2495 1002 2705 1067 indicat,
2728 1005 2820 1060 sed
2838 1007 2997 1061 etiam
3014 1008 3236 1065 Judaeum
3254 1028 3279 1066 a
3296 1015 3386 1085 lege
3408 1021 3521 1077 valde
3542 1040 3667 1094 gravat

2353 1109 2471 1186 esse
2510 1095 2839 1152 demonstrat
2872 1118 2886 1154 :
2916 1100 3134 1157 Graecus
3158 1106 3277 1159 enim
3307 1109 3399 1164 sine
3431 1113 3670 1186 legejudieat

2352 1183 2663 1283 llic-autem,
2686 1188 2811 1243 Sine
2825 1188 2951 1261 lege,
2972 1208 3078 1247 non
3094 1196 3299 1264 gravius,
3316 1200 3392 1254 sed
3410 1183 3667 1283 minus-quidp

2353 1275 2576 1340 indicat,
2610 1278 2660 1332 id
2691 1289 2795 1346 est,
2819 1297 2924 1335 non
2956 1283 3117 1339 habet
3137 1300 3417 1346 accusantem
3437 1275 3669 1369 selegenul

2351 1368 2491 1421 enim
2501 1410 2515 1434 ,
2536 1368 2661 1423 Sine
2675 1370 2798 1441 lege,
2821 1372 2871 1426 id
2884 1382 2984 1439 est,
3001 1376 3117 1432 sine
3130 1377 3418 1438 damnatibne
3431 1402 3485 1440 ex
3500 1388 3588 1459 lege
3600 1393 3670 1449 lact

2349 1474 2416 1514 ex
2440 1462 2768 1517 naturalibus
2787 1465 2958 1519 solum
2977 1469 3254 1525 ratiociniis
3272 1476 3670 1541 condemnaturJut‘

2348 1567 2479 1606 vero
2501 1569 2566 1607 ex
2597 1553 2759 1625 lege;
2810 1556 2862 1610 id
2904 1566 3010 1625 est,
3044 1559 3159 1630 lege
3198 1576 3301 1618 cum
3337 1578 3493 1623 natura
3532 1572 3669 1631 incusa

2346 1654 2546 1713 quanto
2569 1647 2714 1701 enim
2738 1648 2942 1720 majore
2964 1665 3090 1706 cura
3121 1652 3339 1725 dignatus
3360 1669 3446 1728 est,
3468 1671 3584 1719 tanto
3604 1683 3669 1729 ma

2346 1734 2491 1789 dabit
2519 1751 2724 1805 ptenas.

2416 1827 2471 1883 5.
2516 1828 2708 1885 Viden‘
2732 1844 2932 1902 quanto
2956 1835 3204 1903 majorem
3224 1837 3399 1895 ludatis
3416 1847 3670 1903 necessitate

2347 1918 2550 1986 tulerit,
2575 1929 2634 1975 ut
2662 1922 2727 1976 ad
2767 1925 2991 1994 gratiam
3023 1936 3381 1988 accurrereul?
3407 1934 3519 2003 Quia
3555 1940 3666 1994 enim

2346 2007 2473 2063 bant
2500 2025 2557 2064 se
2587 2028 2691 2066 non
2723 2028 2883 2084 egere
2910 2019 3100 2086 gratia,
3144 2035 3230 2089 per
3254 2022 3409 2093 legem
3432 2028 3574 2082 solam
3601 2032 3670 2097 jus

2345 2108 2465 2163 tos;
2509 2104 2743 2158 ostendit
2772 2105 2916 2175 ipsos
2954 2111 3121 2180 magis
3154 2128 3301 2183 quam
3344 2115 3643 2177 Grmcosilla

2343 2192 2604 2261 siquidem
2635 2197 2801 2266 magis
2832 2200 3080 2267 puniendi
3116 2213 3251 2258 sunt.
3284 2206 3470 2262 Deinde
3505 2210 3626 2265 aliud
3663 2212 3670 2266 i

2342 2283 2698 2347 ratiocinium.
2728 2304 2833 2357 quo
2858 2290 2969 2358 jam
3000 2292 3140 2348 dicta
3169 2308 3475 2367 propugnat.
3497 2301 3578 2355 Χῖ).
3604 2302 3670 2355 No

2341 2374 2596 2430 auditores
2625 2377 2746 2446 legis
2777 2381 2907 2450 justi
2945 2394 3063 2437 sunt
3098 2385 3231 2454 apud
3260 2386 3435 2442 Deum.
3475 2390 3621 2447 Recte
3652 2410 3670 2444 τι

2340 2471 2494 2541 Αριιά
2532 2472 2694 2527 Deum
2727 2491 2745 2529 :
2776 2492 2895 2530 nam
2948 2479 3088 2547 apud
3139 2480 3379 2538 homines
3419 2484 3628 2542 fortasse
3660 2503 3670 2545 l

2342 2564 2638 2620 honorandi
2673 2568 2861 2634 videri,
2890 2579 2944 2625 et
2973 2586 3095 2627 sese
3125 2588 3441 2645 magnopere
3466 2578 3670 2647 jactitart

2340 2655 2506 2711 Deum
2537 2673 2664 2712 vero
2693 2668 2877 2714 contra
2899 2663 3118 2718 omnino
3144 2662 3386 2721 Factores
3406 2669 3526 2740 legis
3548 2680 3670 2723 tanta

2338 2747 2577 2813 ﬁcantur.
2615 2748 2768 2803 Vides
2793 2766 2914 2804 cum
2939 2764 3134 2821 quanta
3163 2757 3433 2812 rationum
3462 2760 3512 2813 vi
3541 2776 3669 2815 serm

2336 2842 2661 2895 contrarium
2687 2845 2897 2898 vertat?
2923 2844 2977 2900 Si
3001 2847 3141 2900 enim
3166 2863 3261 2917 per
3283 2850 3478 2921 legem,
3506 2853 3668 2923 inquit

2335 2944 2512 3000 rogas.
2560 2939 2611 2987 te
2642 2931 2740 2987 hac
2779 2933 2830 2987 in
2880 2950 2939 2990 re
2983 2937 3247 3003 praecedet
3292 2922 3531 3011 gentilis,
3578 2922 3662 3013 qui

2334 3022 2529 3091 scripta
2572 3034 2695 3078 sunt
2723 3038 3049 3096 exsequutus
3080 3029 3316 3086 videtur.
3353 3033 3425 3088 Et
3461 3036 3552 3105 qui
3594 3037 3670 3091 [iet

2334 3115 2564 3186 inquies,
2597 3128 2655 3171 ut
2681 3118 2771 3188 qui
2800 3119 3010 3174 auditor
3039 3137 3143 3176 non
3173 3121 3371 3191 fuerit,
3404 3126 3583 3182 factor
3612 3130 3670 3183 fu:

2334 3215 2454 3272 test,
2479 3208 2667 3279 inquit,
2690 3209 2837 3276 ﬁeri,
2870 3225 2978 3265 non
3005 3212 3108 3267 hoc
3134 3222 3381 3283 tantum,
3408 3218 3509 3273 sed
3542 3231 3596 3273 et
3618 3220 3663 3271 al

2334 3299 2527 3368 majus.
2565 3300 2678 3355 Non
2718 3303 2888 3358 solum
2923 3305 3065 3359 enim
3107 3306 3224 3361 sine
3282 3310 3583 3367 auditione
3629 3328 3670 3381 pi

2332 3390 2521 3459 factor,
2553 3392 2645 3447 sed
2672 3396 2830 3449 etiam
2869 3405 2990 3467 post
3026 3399 3376 3456 auditionem
3423 3413 3615 3473 potest
3647 3421 3670 3458 n

2332 3496 2488 3545 esse;
2538 3483 2588 3537 id
2630 3484 2771 3554 quod
2803 3496 2983 3554 postea
3022 3490 3223 3544 clarius
3271 3496 3562 3563 exprimit
3618 3512 3670 3551 Cl

2330 3573 2380 3624 vi
2410 3574 2690 3629 verborum
2723 3593 2735 3627 :
2770 3578 2871 3644 Qui
2898 3579 3048 3633 doces
3091 3582 3286 3650 alium,
3345 3587 3592 3655 teipsum
3634 3607 3666 3640 η

2332 3660 2429 3714 llic
2449 3672 2625 3716 autem
2653 3664 2866 3720 interim
2888 3668 3115 3735 primum
3142 3671 3282 3727 illud
3310 3677 3563 3744 probat.
3591 3680 3666 3732 Ut

2329 3762 2517 3822 gentes,
2542 3755 2731 3825 inquit,
2762 3775 2872 3827 qua:
2907 3760 3067 3830 legem
3103 3778 3203 3816 non
3259 3766 3506 3835 habent,
3546 3781 3670 3823 natn

2329 3844 2453 3916 legis
2481 3857 2597 3901 sunt
2626 3848 2821 3918 faciunt
2838 3867 2857 3915 ;
2885 3851 2936 3904 hi
2957 3852 3117 3922 legem
3140 3871 3251 3909 non
3282 3857 3602 3928 habentes,
3628 3863 3670 3915 si

2329 3938 2430 3991 leas.
2454 3938 2567 3993 Non
2599 3940 2754 4009 ejicio
2785 3940 2976 4010 legem,
3020 3945 3212 4013 inquit,
3263 3949 3385 4003 sed
3442 3951 3594 4005 hinc
3628 3968 3665 4020 g

2329 4029 2453 4084 fico.
2499 4028 2680 4084 Viden‘
2720 4033 2989 4100 quomodo
3030 4033 3325 4091 Judaismi
3377 4039 3662 4109 gloriam

2326 4119 2528 4172 nullam
2574 4119 2656 4173 sui
2702 4122 2984 4176 accusandi
3037 4139 3232 4179 ansam
3300 4130 3592 4197 praebet,
3651 4148 3670 4187 ί

2326 4209 2663 4274 dehonestet,
2700 4214 2806 4267 imo
2844 4224 3051 4280 contra,
3094 4218 3269 4284 quasi
3330 4221 3657 4277 exultans

2325 4302 2618 4357 ostendens
2650 4303 2811 4369 illam,
2842 4305 2918 4358 sie
2942 4314 3107 4359 totum
3140 4307 3383 4374 probat
3410 4311 3443 4364 ?
3479 4312 3653 4367 Cum

2326 4391 2667 4459 Naturaliter,
2700 4394 2993 4449 secundum
3022 4399 3319 4452 naturalia
3366 4403 3670 4459 ratioc‘m

2323 4495 2379 4538 et
2402 4485 2787 4539 ostenditalios
2817 4500 2936 4541 esse
2962 4487 3257 4553 meliores,
3304 4501 3383 4546 et
3422 4497 3628 4564 quod

2325 4575 2391 4630 de
2417 4591 2575 4629 causa
2607 4576 2877 4643 meliores,
2906 4578 3045 4646 quod
3098 4593 3211 4633 non
3273 4588 3670 4655 acceperim

2324 4668 2556 4723 habeant
2590 4668 2754 4734 illam,
2807 4685 2909 4739 qua
2948 4670 3203 4726 videntur
3273 4673 3536 4735 Jlldflli
3600 4696 3670 4749 pl

2322 4760 2488 4828 enim,
2531 4760 2624 4824 ait,
2668 4762 2939 4818 mirabiles
2980 4774 3128 4829 sunt,
3173 4766 3356 4834 quia
3420 4769 3599 4841 lege
3656 4788 3670 4827 ι

2323 4850 2507 4911 buere.
2541 4860 2592 4905 et
2631 4867 2750 4920 qua:
2798 4853 2926 4922 legis
2964 4863 3089 4906 sunt
3133 4858 3396 4912 omnia
3459 4863 3670 4917 exhil

2321 4955 2425 4993 non
2459 4940 2660 5005 literas,
2690 4943 2882 4996 animis
2908 4944 3016 4996 suis
3042 4945 3575 5015 insculpcntes.
3627 4955 3670 5007 ll

2324 5030 2408 5085 l5.
2445 5030 2545 5097 Qui
2574 5034 2837 5086 ostendunt
2869 5050 2994 5102 opus
3020 5032 3141 5105 legis
3164 5039 3571 5110 scriptun:
3614 5046 3669 5097 ir

2320 5126 2657 5177 testimonium
2687 5125 2924 5179 reddente
2952 5126 3055 5180 illis
3084 5132 3581 5201 conscientia,
3640 5156 3670 5192 ε

2318 5214 2450 5267 inter
2477 5231 2529 5269 se
2565 5216 2920 5269 accusantibus
2959 5227 3047 5270 aut
3083 5217 3298 5273 etians
3382 5241 3670 5283 exon“

2317 5306 2419 5370 die,
2466 5322 2563 5375 quo
2589 5307 2839 5375 judicabit
2872 5306 3007 5360 Deus
3050 5310 3322 5362 occulta
3396 5316 3669 5372 Ιιοηιὶῑ

2319 5398 2631 5467 evangelium
2666 5414 2853 5460 meum,
2898 5414 2985 5467 per
3019 5396 3237 5452 Jesurn
3316 5402 3670 5463 Christe

2317 5491 2477 5543 modo
2498 5500 2845 5559 repraesentet
2875 5492 3019 5546 illum
3050 5492 3228 5549 diem
3280 5512 3381 5553 es.
3435 5516 3670 5573 prOp

2318 5595 2433 5633 rum
2476 5590 2709 5636 mentem
2756 5583 3062 5652 exagitans,
3107 5591 3176 5637 el.
3252 5594 3670 5653 ostende

2319 5671 2658 5728 honorandos
2682 5688 2819 5740 esse,
2850 5677 2939 5744 qui
2966 5675 3082 5730 sine
3104 5674 3337 5747 lege,
3388 5698 3611 5753 quae
3650 5688 3670 5742 l

2319 5765 2476 5826 ﬁcere
2500 5770 2674 5826 conati
2704 5770 2864 5828 sunt?
2889 5768 3039 5837 Quod
3066 5777 3339 5829 autem
3392 5782 3670 5839 maxi:
