  <div class='ocr_page' id='page_1' title='image "/cluster/home/n/w/nwhite01/storage/ocr_20150623/60/hvd.32044073501942/433.png"; bbox 0 0 4048 6216; ppageno 0'>
   <div class='ocr_carea' id='block_1_1' title="bbox 384 547 2050 638">
    <p class='ocr_par' dir='ltr' id='par_1_1' title="bbox 384 547 2050 638">
     <span class='ocr_line' id='line_1_1' title="bbox 384 547 2050 638; baseline -0.005 -19"><span class='ocrx_word' id='word_1_1' title='bbox 384 562 536 638; x_wconf 65' lang='grc'>[468]</span> <span class='ocrx_word' id='word_1_2' title='bbox 565 561 738 616; x_wconf 86' lang='grc' dir='ltr'>είπεῖν</span> <span class='ocrx_word' id='word_1_3' title='bbox 768 558 880 615; x_wconf 89' lang='grc' dir='ltr'>νῦν.</span> <span class='ocrx_word' id='word_1_4' title='bbox 937 559 1068 614; x_wconf 81' lang='grc' dir='ltr'>Ἀπὸ</span> <span class='ocrx_word' id='word_1_5' title='bbox 1104 561 1212 632; x_wconf 79' lang='grc' dir='ltr'>γάρ</span> <span class='ocrx_word' id='word_1_6' title='bbox 1245 547 1722 632; x_wconf 53' lang='grc' dir='ltr'>τῖρκατασκευῆς</span> <span class='ocrx_word' id='word_1_7' title='bbox 1741 560 1941 625; x_wconf 81' lang='grc' dir='ltr'>δείξας,</span> <span class='ocrx_word' id='word_1_8' title='bbox 1968 561 2050 612; x_wconf 83' lang='grc' dir='ltr'>δτι</span> 
     </span>
    </p>
   </div>
   <div class='ocr_carea' id='block_1_2' title="bbox 386 645 2051 720">
    <p class='ocr_par' dir='ltr' id='par_1_2' title="bbox 386 645 2051 720">
     <span class='ocr_line' id='line_1_2' title="bbox 386 645 2051 720; baseline -0.003 -17"><span class='ocrx_word' id='word_1_9' title='bbox 386 651 590 720; x_wconf 81' lang='grc' dir='ltr'>μείζων</span> <span class='ocrx_word' id='word_1_10' title='bbox 619 650 647 701; x_wconf 98' lang='lat'>6</span> <span class='ocrx_word' id='word_1_11' title='bbox 677 648 878 717; x_wconf 83' lang='grc' dir='ltr'>Ἕλλην</span> <span class='ocrx_word' id='word_1_12' title='bbox 906 646 999 700; x_wconf 92' lang='grc' dir='ltr'>τοῦ</span> <span class='ocrx_word' id='word_1_13' title='bbox 1039 645 1318 711; x_wconf 82' lang='grc' dir='ltr'>Ἰουδαίου,</span> <span class='ocrx_word' id='word_1_14' title='bbox 1357 651 1415 700; x_wconf 88' lang='grc' dir='ltr'>ἐν</span> <span class='ocrx_word' id='word_1_15' title='bbox 1444 651 1509 719; x_wconf 79' lang='grc' dir='ltr'>τῇ</span> <span class='ocrx_word' id='word_1_16' title='bbox 1540 650 1826 718; x_wconf 78' lang='grc' dir='ltr'>συναγωγῇ</span> <span class='ocrx_word' id='word_1_17' title='bbox 1866 648 1961 700; x_wconf 75' lang='grc' dir='ltr'>καὶ</span> <span class='ocrx_word' id='word_1_18' title='bbox 1992 647 2051 699; x_wconf 87' lang='grc' dir='ltr'>ἑν</span> 
     </span>
    </p>
   </div>
   <div class='ocr_carea' id='block_1_3' title="bbox 381 725 2046 806">
    <p class='ocr_par' dir='ltr' id='par_1_3' title="bbox 381 725 2046 806">
     <span class='ocr_line' id='line_1_3' title="bbox 381 725 2046 806; baseline -0.003 -17"><span class='ocrx_word' id='word_1_19' title='bbox 381 737 460 806; x_wconf 81' lang='grc' dir='ltr'>τῷ</span> <span class='ocrx_word' id='word_1_20' title='bbox 484 725 940 806; x_wconf 82' lang='grc' dir='ltr'>συμπεράσματι⁸</span> <span class='ocrx_word' id='word_1_21' title='bbox 969 733 1079 786; x_wconf 87' lang='grc' dir='ltr'>τῶν</span> <span class='ocrx_word' id='word_1_22' title='bbox 1102 733 1374 804; x_wconf 77' lang='grc' dir='ltr'>λογισμῶν</span> <span class='ocrx_word' id='word_1_23' title='bbox 1396 734 1456 786; x_wconf 91' lang='grc' dir='ltr'>οὐ</span> <span class='ocrx_word' id='word_1_24' title='bbox 1481 734 1693 804; x_wconf 86' lang='grc' dir='ltr'>τίθησιν</span> <span class='ocrx_word' id='word_1_25' title='bbox 1726 734 1876 798; x_wconf 88' lang='grc' dir='ltr'>αὐτὸ,</span> <span class='ocrx_word' id='word_1_26' title='bbox 1905 733 2046 786; x_wconf 84' lang='grc' dir='ltr'>ῶστε</span> 
     </span>
    </p>
   </div>
   <div class='ocr_carea' id='block_1_4' title="bbox 383 805 2048 893">
    <p class='ocr_par' dir='ltr' id='par_1_4' title="bbox 383 805 2048 893">
     <span class='ocr_line' id='line_1_4' title="bbox 383 805 2048 893; baseline -0.002 -17"><span class='ocrx_word' id='word_1_27' title='bbox 383 805 460 893; x_wconf 72' lang='grc' dir='ltr'>μὴ</span> <span class='ocrx_word' id='word_1_28' title='bbox 483 805 745 892; x_wconf 76' lang='grc' dir='ltr'>τραχῦναι</span> <span class='ocrx_word' id='word_1_29' title='bbox 764 820 855 874; x_wconf 88' lang='grc' dir='ltr'>τὸν</span> <span class='ocrx_word' id='word_1_30' title='bbox 896 819 1166 874; x_wconf 83' lang='grc' dir='ltr'>Ἰουδαῖον.</span> <span class='ocrx_word' id='word_1_31' title='bbox 1205 820 1327 873; x_wconf 87' lang='grc' dir='ltr'>’Ὶνα</span> <span class='ocrx_word' id='word_1_32' title='bbox 1352 820 1408 874; x_wconf 81' lang='grc' dir='ltr'>δέ</span> <span class='ocrx_word' id='word_1_33' title='bbox 1437 822 1530 873; x_wconf 73' lang='grc' dir='ltr'>καὶ</span> <span class='ocrx_word' id='word_1_34' title='bbox 1557 821 1891 892; x_wconf 88' lang='grc' dir='ltr'>σαφέστερον</span> <span class='ocrx_word' id='word_1_35' title='bbox 1912 822 2048 892; x_wconf 77' lang='grc' dir='ltr'>ὅπερ</span> 
     </span>
    </p>
   </div>
   <div class='ocr_carea' id='block_1_5' title="bbox 382 903 2045 977">
    <p class='ocr_par' dir='ltr' id='par_1_5' title="bbox 382 903 2045 977">
     <span class='ocr_line' id='line_1_5' title="bbox 382 903 2045 977; baseline 0.001 -17"><span class='ocrx_word' id='word_1_36' title='bbox 382 903 534 962; x_wconf 77' lang='grc' dir='ltr'>εἷπον</span> <span class='ocrx_word' id='word_1_37' title='bbox 585 908 820 976; x_wconf 87' lang='grc' dir='ltr'>ποιήσω,</span> <span class='ocrx_word' id='word_1_38' title='bbox 871 907 1007 960; x_wconf 87' lang='grc' dir='ltr'>αὐτὰ</span> <span class='ocrx_word' id='word_1_39' title='bbox 1044 905 1155 976; x_wconf 84' lang='grc' dir='ltr'>ἐρῶ</span> <span class='ocrx_word' id='word_1_40' title='bbox 1197 905 1266 959; x_wconf 84' lang='grc' dir='ltr'>τὰ</span> <span class='ocrx_word' id='word_1_41' title='bbox 1301 909 1520 977; x_wconf 79' lang='grc' dir='ltr'>ῥήματα</span> <span class='ocrx_word' id='word_1_42' title='bbox 1572 908 1638 961; x_wconf 87' lang='grc' dir='ltr'>τὰ</span> <span class='ocrx_word' id='word_1_43' title='bbox 1693 909 2045 962; x_wconf 88' lang='grc' dir='ltr'>ἀποστολικά.</span> 
     </span>
    </p>
   </div>
   <div class='ocr_carea' id='block_1_6' title="bbox 393 987 2046 1064">
    <p class='ocr_par' dir='ltr' id='par_1_6' title="bbox 393 987 2046 1064">
     <span class='ocr_line' id='line_1_6' title="bbox 393 987 2046 1064; baseline 0.001 -18"><span class='ocrx_word' id='word_1_44' title='bbox 393 993 612 1064; x_wconf 79' lang='grc' dir='ltr'>Ἐπειδὴ</span> <span class='ocrx_word' id='word_1_45' title='bbox 651 993 760 1064; x_wconf 75' lang='grc' dir='ltr'>γάρ</span> <span class='ocrx_word' id='word_1_46' title='bbox 812 987 988 1054; x_wconf 84' lang='grc' dir='ltr'>εἶπεν,</span> <span class='ocrx_word' id='word_1_47' title='bbox 1034 993 1115 1045; x_wconf 87' lang='grc' dir='ltr'>Οὐ</span> <span class='ocrx_word' id='word_1_48' title='bbox 1164 994 1274 1060; x_wconf 74' lang='grc' dir='ltr'>γὰρ</span> <span class='ocrx_word' id='word_1_49' title='bbox 1306 997 1360 1046; x_wconf 84' lang='grc' dir='ltr'>οί</span> <span class='ocrx_word' id='word_1_50' title='bbox 1389 995 1670 1062; x_wconf 73' lang='grc' dir='ltr'>ἀκροαταὶ</span> <span class='ocrx_word' id='word_1_51' title='bbox 1701 995 1806 1048; x_wconf 85' lang='grc' dir='ltr'>τοῦ</span> <span class='ocrx_word' id='word_1_52' title='bbox 1837 997 2046 1063; x_wconf 83' lang='grc' dir='ltr'>νόμου,</span> 
     </span>
    </p>
   </div>
   <div class='ocr_carea' id='block_1_7' title="bbox 382 1077 2050 1147">
    <p class='ocr_par' dir='ltr' id='par_1_7' title="bbox 382 1077 2050 1147">
     <span class='ocr_line' id='line_1_7' title="bbox 382 1077 2050 1147; baseline 0.001 -17"><span class='ocrx_word' id='word_1_53' title='bbox 438 1080 519 1132; x_wconf 72' lang='grc' dir='ltr'>ἶλ*</span> <span class='ocrx_word' id='word_1_54' title='bbox 545 1081 598 1132; x_wconf 77' lang='grc' dir='ltr'>οἱ</span> <span class='ocrx_word' id='word_1_55' title='bbox 620 1078 857 1146; x_wconf 79' lang='grc' dir='ltr'>ποιηταὶ</span> <span class='ocrx_word' id='word_1_56' title='bbox 877 1077 984 1131; x_wconf 90' lang='grc' dir='ltr'>τοῦ</span> <span class='ocrx_word' id='word_1_57' title='bbox 1009 1079 1196 1146; x_wconf 76' lang='grc' dir='ltr'>νόμου</span> <span class='ocrx_word' id='word_1_58' title='bbox 1218 1078 1734 1147; x_wconf 77' lang='grc' dir='ltr'>δικαιωθήσονται,</span> <span class='ocrx_word' id='word_1_59' title='bbox 1759 1080 2050 1133; x_wconf 87' lang='grc' dir='ltr'>ἀκόλουθον</span> 
     </span>
    </p>
   </div>
   <div class='ocr_carea' id='block_1_8' title="bbox 378 1164 2050 1236">
    <p class='ocr_par' dir='ltr' id='par_1_8' title="bbox 378 1164 2050 1236">
     <span class='ocr_line' id='line_1_8' title="bbox 378 1164 2050 1236; baseline 0 -17"><span class='ocrx_word' id='word_1_60' title='bbox 378 1171 440 1236; x_wconf 42' lang='grc' dir='ltr'>ᾖ.</span> <span class='ocrx_word' id='word_1_61' title='bbox 477 1164 870 1218; x_wconf 75' lang='grc' dir='ltr'>εἰπεῖν·⁶’οταν</span> <span class='ocrx_word' id='word_1_62' title='bbox 887 1165 996 1232; x_wconf 75' lang='grc' dir='ltr'>γὰρ</span> <span class='ocrx_word' id='word_1_63' title='bbox 1022 1165 1166 1232; x_wconf 78' lang='grc' dir='ltr'>ἔθνη</span> <span class='ocrx_word' id='word_1_64' title='bbox 1189 1165 1259 1218; x_wconf 87' lang='grc' dir='ltr'>τὰ</span> <span class='ocrx_word' id='word_1_65' title='bbox 1281 1165 1368 1234; x_wconf 75' lang='grc' dir='ltr'>μὴ</span> <span class='ocrx_word' id='word_1_66' title='bbox 1394 1167 1582 1233; x_wconf 78' lang='grc' dir='ltr'>νόμον</span> <span class='ocrx_word' id='word_1_67' title='bbox 1608 1167 1844 1234; x_wconf 77' lang='grc' dir='ltr'>ἔχοντα,</span> <span class='ocrx_word' id='word_1_68' title='bbox 1869 1167 2050 1236; x_wconf 69' lang='grc' dir='ltr'>φύσει</span> 
     </span>
    </p>
   </div>
   <div class='ocr_carea' id='block_1_9' title="bbox 313 1251 2049 1322">
    <p class='ocr_par' dir='ltr' id='par_1_9' title="bbox 313 1251 2049 1322">
     <span class='ocr_line' id='line_1_9' title="bbox 313 1251 2049 1322; baseline 0.003 -21"><span class='ocrx_word' id='word_1_69' title='bbox 313 1280 340 1301; x_wconf 80' lang='grc' dir='ltr'><strong><em>ο</em></strong></span> <span class='ocrx_word' id='word_1_70' title='bbox 381 1255 455 1304; x_wconf 84' lang='grc' dir='ltr'>τὰ</span> <span class='ocrx_word' id='word_1_71' title='bbox 476 1251 584 1305; x_wconf 88' lang='grc' dir='ltr'>τοῦ</span> <span class='ocrx_word' id='word_1_72' title='bbox 631 1252 820 1320; x_wconf 77' lang='grc' dir='ltr'>νόμου</span> <span class='ocrx_word' id='word_1_73' title='bbox 855 1253 1016 1318; x_wconf 77' lang='grc' dir='ltr'>ποιῇ,</span> <span class='ocrx_word' id='word_1_74' title='bbox 1062 1251 1265 1305; x_wconf 90' lang='grc' dir='ltr'>τούτων</span> <span class='ocrx_word' id='word_1_75' title='bbox 1301 1252 1478 1322; x_wconf 82' lang='grc' dir='ltr'>πολλῷ</span> <span class='ocrx_word' id='word_1_76' title='bbox 1518 1252 1758 1321; x_wconf 83' lang='grc' dir='ltr'>βελτίους</span> <span class='ocrx_word' id='word_1_77' title='bbox 1795 1254 1903 1305; x_wconf 67' lang='grc' dir='ltr'>είσῖ⁵</span> <span class='ocrx_word' id='word_1_78' title='bbox 1939 1253 2049 1306; x_wconf 90' lang='grc' dir='ltr'>τῶν</span> 
     </span>
    </p>
   </div>
   <div class='ocr_carea' id='block_1_10' title="bbox 379 1325 2048 1409">
    <p class='ocr_par' dir='ltr' id='par_1_10' title="bbox 379 1325 2048 1409">
     <span class='ocr_line' id='line_1_10' title="bbox 379 1325 2048 1409; baseline 0.001 -18"><span class='ocrx_word' id='word_1_79' title='bbox 379 1338 488 1392; x_wconf 86' lang='grc' dir='ltr'>άπὸ</span> <span class='ocrx_word' id='word_1_80' title='bbox 502 1339 665 1409; x_wconf 90' lang='grc' dir='ltr'>νόμου</span> <span class='ocrx_word' id='word_1_81' title='bbox 683 1325 1098 1408; x_wconf 84' lang='grc' dir='ltr'>διδασκομένων.</span> <span class='ocrx_word' id='word_1_82' title='bbox 1119 1339 1258 1391; x_wconf 82' lang='grc' dir='ltr'>Ἀλλ’</span> <span class='ocrx_word' id='word_1_83' title='bbox 1274 1339 1332 1392; x_wconf 88' lang='grc' dir='ltr'>οὐ</span> <span class='ocrx_word' id='word_1_84' title='bbox 1353 1339 1500 1408; x_wconf 82' lang='grc' dir='ltr'>λέγει</span> <span class='ocrx_word' id='word_1_85' title='bbox 1517 1339 1690 1403; x_wconf 89' lang='grc' dir='ltr'>τοῦτο,</span> <span class='ocrx_word' id='word_1_86' title='bbox 1708 1339 1818 1392; x_wconf 86' lang='grc' dir='ltr'>ἀλλ’</span> <span class='ocrx_word' id='word_1_87' title='bbox 1836 1341 2048 1393; x_wconf 82' lang='grc' dir='ltr'>ἵσταται</span> 
     </span>
    </p>
   </div>
   <div class='ocr_carea' id='block_1_11' title="bbox 384 1425 2046 1498">
    <p class='ocr_par' dir='ltr' id='par_1_11' title="bbox 384 1425 2046 1498">
     <span class='ocr_line' id='line_1_11' title="bbox 384 1425 2046 1498; baseline 0.002 -20"><span class='ocrx_word' id='word_1_88' title='bbox 384 1426 550 1496; x_wconf 80' lang='grc' dir='ltr'>μέχρι</span> <span class='ocrx_word' id='word_1_89' title='bbox 579 1425 673 1478; x_wconf 92' lang='grc' dir='ltr'>τοῦ</span> <span class='ocrx_word' id='word_1_90' title='bbox 704 1429 978 1496; x_wconf 85' lang='grc' dir='ltr'>ἐγκωμίου</span> <span class='ocrx_word' id='word_1_91' title='bbox 1009 1425 1120 1480; x_wconf 90' lang='grc' dir='ltr'>τῶν</span> <span class='ocrx_word' id='word_1_92' title='bbox 1171 1425 1458 1496; x_wconf 81' lang='grc' dir='ltr'>Ἑλλήνων,</span> <span class='ocrx_word' id='word_1_93' title='bbox 1489 1427 1583 1480; x_wconf 73' lang='grc' dir='ltr'>καὶ</span> <span class='ocrx_word' id='word_1_94' title='bbox 1615 1429 1675 1480; x_wconf 89' lang='grc' dir='ltr'>οὐ</span> <span class='ocrx_word' id='word_1_95' title='bbox 1705 1429 1933 1498; x_wconf 79' lang='grc' dir='ltr'>προάγει</span> <span class='ocrx_word' id='word_1_96' title='bbox 1956 1427 2046 1481; x_wconf 89' lang='grc' dir='ltr'>τὸν</span> 
     </span>
    </p>
   </div>
   <div class='ocr_carea' id='block_1_12' title="bbox 376 1512 2048 1582">
    <p class='ocr_par' dir='ltr' id='par_1_12' title="bbox 376 1512 2048 1582">
     <span class='ocr_line' id='line_1_12' title="bbox 376 1512 2048 1582; baseline -0.002 -14"><span class='ocrx_word' id='word_1_97' title='bbox 376 1512 536 1580; x_wconf 87' lang='grc' dir='ltr'>λόγον</span> <span class='ocrx_word' id='word_1_98' title='bbox 588 1512 726 1566; x_wconf 83' lang='grc' dir='ltr'>κατά</span> <span class='ocrx_word' id='word_1_99' title='bbox 765 1513 1049 1582; x_wconf 76' lang='grc' dir='ltr'>σύγκρισιν</span> <span class='ocrx_word' id='word_1_100' title='bbox 1085 1513 1242 1578; x_wconf 86' lang='grc' dir='ltr'>τέως,</span> <span class='ocrx_word' id='word_1_101' title='bbox 1281 1513 1366 1564; x_wconf 84' lang='grc' dir='ltr'>ἵνα</span> <span class='ocrx_word' id='word_1_102' title='bbox 1398 1513 1500 1566; x_wconf 77' lang='grc' dir='ltr'>κᾶν</span> <span class='ocrx_word' id='word_1_103' title='bbox 1529 1513 1698 1576; x_wconf 74' lang='grc' dir='ltr'>οὓτως</span> <span class='ocrx_word' id='word_1_104' title='bbox 1726 1515 1754 1565; x_wconf 93' lang='lat'>6</span> <span class='ocrx_word' id='word_1_105' title='bbox 1797 1513 2048 1576; x_wconf 83' lang='grc' dir='ltr'>Ἰουδαῖος</span> 
     </span>
    </p>
   </div>
   <div class='ocr_carea' id='block_1_13' title="bbox 379 1598 2043 1674">
    <p class='ocr_par' dir='ltr' id='par_1_13' title="bbox 379 1598 2043 1674">
     <span class='ocr_line' id='line_1_13' title="bbox 379 1598 2043 1674; baseline 0.001 -21"><span class='ocrx_word' id='word_1_106' title='bbox 379 1602 595 1672; x_wconf 76' lang='grc' dir='ltr'>δέξηται</span> <span class='ocrx_word' id='word_1_107' title='bbox 615 1603 676 1655; x_wconf 90' lang='grc' dir='ltr'>τὸ</span> <span class='ocrx_word' id='word_1_108' title='bbox 699 1602 1011 1672; x_wconf 90' lang='grc' dir='ltr'>λεγόμενον.</span> <span class='ocrx_word' id='word_1_109' title='bbox 1037 1603 1237 1674; x_wconf 82' lang='grc' dir='ltr'>Διόπερ</span> <span class='ocrx_word' id='word_1_110' title='bbox 1260 1604 1358 1672; x_wconf 88' lang='grc' dir='ltr'>οὐχ</span> <span class='ocrx_word' id='word_1_111' title='bbox 1378 1601 1552 1665; x_wconf 72' lang='grc' dir='ltr'>οὕτως</span> <span class='ocrx_word' id='word_1_112' title='bbox 1585 1598 1758 1666; x_wconf 83' lang='grc' dir='ltr'>εἶπεν,</span> <span class='ocrx_word' id='word_1_113' title='bbox 1779 1602 1852 1662; x_wconf 83' lang='grc' dir='ltr'>ώς</span> <span class='ocrx_word' id='word_1_114' title='bbox 1870 1599 2043 1668; x_wconf 83' lang='grc' dir='ltr'>εἷπον,</span> 
     </span>
    </p>
   </div>
   <div class='ocr_carea' id='block_1_14' title="bbox 381 1687 2046 1758">
    <p class='ocr_par' dir='ltr' id='par_1_14' title="bbox 381 1687 2046 1758">
     <span class='ocr_line' id='line_1_14' title="bbox 381 1687 2046 1758; baseline -0.001 -17"><span class='ocrx_word' id='word_1_115' title='bbox 381 1688 517 1744; x_wconf 84' lang='grc' dir='ltr'>ἀλλά</span> <span class='ocrx_word' id='word_1_116' title='bbox 544 1690 692 1752; x_wconf 90' lang='grc' dir='ltr'>πῶς;</span> <span class='ocrx_word' id='word_1_117' title='bbox 726 1690 904 1743; x_wconf 80' lang='grc' dir='ltr'><em>Ὅταν</em></span> <span class='ocrx_word' id='word_1_118' title='bbox 939 1689 1046 1758; x_wconf 77' lang='grc' dir='ltr'>γὰρ</span> <span class='ocrx_word' id='word_1_119' title='bbox 1075 1689 1218 1756; x_wconf 82' lang='grc' dir='ltr'>ἔθνη</span> <span class='ocrx_word' id='word_1_120' title='bbox 1248 1689 1317 1742; x_wconf 81' lang='grc' dir='ltr'>τὰ</span> <span class='ocrx_word' id='word_1_121' title='bbox 1337 1687 1422 1757; x_wconf 82' lang='grc' dir='ltr'>μὴ</span> <span class='ocrx_word' id='word_1_122' title='bbox 1453 1689 1642 1756; x_wconf 73' lang='grc' dir='ltr'>νόμον</span> <span class='ocrx_word' id='word_1_123' title='bbox 1669 1688 1905 1756; x_wconf 80' lang='grc' dir='ltr'>ἔχοντα,</span> <span class='ocrx_word' id='word_1_124' title='bbox 1936 1689 2046 1756; x_wconf 66' lang='grc' dir='ltr'>φύ-</span> 
     </span>
    </p>
   </div>
   <div class='ocr_carea' id='block_1_15' title="bbox 380 1769 2042 1841">
    <p class='ocr_par' dir='ltr' id='par_1_15' title="bbox 380 1769 2042 1841">
     <span class='ocr_line' id='line_1_15' title="bbox 380 1769 2042 1841; baseline 0 -16"><span class='ocrx_word' id='word_1_125' title='bbox 380 1788 476 1826; x_wconf 83' lang='grc' dir='ltr'>σει</span> <span class='ocrx_word' id='word_1_126' title='bbox 521 1774 592 1827; x_wconf 89' lang='grc' dir='ltr'>τὰ</span> <span class='ocrx_word' id='word_1_127' title='bbox 636 1773 742 1826; x_wconf 86' lang='grc' dir='ltr'>τοῦ</span> <span class='ocrx_word' id='word_1_128' title='bbox 780 1774 969 1841; x_wconf 83' lang='grc' dir='ltr'>νόμου</span> <span class='ocrx_word' id='word_1_129' title='bbox 999 1772 1163 1840; x_wconf 79' lang='grc' dir='ltr'>ποιῇ,</span> <span class='ocrx_word' id='word_1_130' title='bbox 1217 1769 1381 1827; x_wconf 82' lang='grc' dir='ltr'>οὗτοι</span> <span class='ocrx_word' id='word_1_131' title='bbox 1417 1774 1606 1841; x_wconf 75' lang='grc' dir='ltr'>νόμον</span> <span class='ocrx_word' id='word_1_132' title='bbox 1640 1771 1726 1840; x_wconf 80' lang='grc' dir='ltr'>μὴ</span> <span class='ocrx_word' id='word_1_133' title='bbox 1779 1771 2042 1840; x_wconf 72' lang='grc' dir='ltr'>ἔχοντες,</span> 
     </span>
    </p>
   </div>
   <div class='ocr_carea' id='block_1_16' title="bbox 381 1858 2047 1929">
    <p class='ocr_par' dir='ltr' id='par_1_16' title="bbox 381 1858 2047 1929">
     <span class='ocr_line' id='line_1_16' title="bbox 381 1858 2047 1929; baseline 0 -16"><span class='ocrx_word' id='word_1_134' title='bbox 381 1860 614 1926; x_wconf 75' lang='grc' dir='ltr'>ἑαυτοῖς</span> <span class='ocrx_word' id='word_1_135' title='bbox 640 1863 758 1914; x_wconf 83' lang='grc' dir='ltr'>εἱσι</span> <span class='ocrx_word' id='word_1_136' title='bbox 805 1861 1014 1928; x_wconf 80' lang='grc' dir='ltr'>νόμος·</span> <span class='ocrx_word' id='word_1_137' title='bbox 1063 1862 1277 1926; x_wconf 71' lang='grc' dir='ltr'>οἵτινες</span> <span class='ocrx_word' id='word_1_138' title='bbox 1319 1860 1729 1912; x_wconf 73' lang='grc' dir='ltr'>ἐνδείκνυνται</span> <span class='ocrx_word' id='word_1_139' title='bbox 1762 1859 1828 1912; x_wconf 85' lang='grc' dir='ltr'>τὸ</span> <span class='ocrx_word' id='word_1_140' title='bbox 1869 1858 2047 1929; x_wconf 73' lang='grc' dir='ltr'>ἔργον</span> 
     </span>
    </p>
   </div>
   <div class='ocr_carea' id='block_1_17' title="bbox 379 1945 2046 2016">
    <p class='ocr_par' dir='ltr' id='par_1_17' title="bbox 379 1945 2046 2016">
     <span class='ocr_line' id='line_1_17' title="bbox 379 1945 2046 2016; baseline 0 -18"><span class='ocrx_word' id='word_1_141' title='bbox 379 1945 487 2000; x_wconf 88' lang='grc' dir='ltr'>τοῦ</span> <span class='ocrx_word' id='word_1_142' title='bbox 518 1946 702 2014; x_wconf 81' lang='grc' dir='ltr'>νόμου</span> <span class='ocrx_word' id='word_1_143' title='bbox 727 1945 990 2016; x_wconf 74' lang='grc' dir='ltr'>γραπτὸν</span> <span class='ocrx_word' id='word_1_144' title='bbox 1008 1946 1078 1999; x_wconf 68' lang='grc' dir='ltr'>ἐν</span> <span class='ocrx_word' id='word_1_145' title='bbox 1096 1946 1223 2012; x_wconf 83' lang='grc' dir='ltr'>ταῖς</span> <span class='ocrx_word' id='word_1_146' title='bbox 1245 1945 1516 2014; x_wconf 79' lang='grc' dir='ltr'>καρδίαις</span> <span class='ocrx_word' id='word_1_147' title='bbox 1535 1945 1752 2009; x_wconf 74' lang='grc' dir='ltr'>αὐτῶν,</span> <span class='ocrx_word' id='word_1_148' title='bbox 1776 1959 2046 2014; x_wconf 83' lang='grc' dir='ltr'>συμμαρ-</span> 
     </span>
    </p>
   </div>
   <div class='ocr_carea' id='block_1_18' title="bbox 380 2031 2045 2104">
    <p class='ocr_par' dir='ltr' id='par_1_18' title="bbox 380 2031 2045 2104">
     <span class='ocr_line' id='line_1_18' title="bbox 380 2031 2045 2104; baseline -0.001 -19"><span class='ocrx_word' id='word_1_149' title='bbox 380 2034 683 2099; x_wconf 69' lang='grc' dir='ltr'>ωρούσης</span> <span class='ocrx_word' id='word_1_150' title='bbox 720 2031 919 2086; x_wconf 85' lang='grc' dir='ltr'>αὐτῶν</span> <span class='ocrx_word' id='word_1_151' title='bbox 948 2031 1057 2100; x_wconf 82' lang='grc' dir='ltr'>τῆς</span> <span class='ocrx_word' id='word_1_152' title='bbox 1094 2032 1522 2097; x_wconf 76' lang='grc' dir='ltr'>συνειδήσεως.</span> <span class='ocrx_word' id='word_1_153' title='bbox 1566 2033 1748 2104; x_wconf 83' lang='grc' dir='ltr'>Ἀρκεῖ</span> <span class='ocrx_word' id='word_1_154' title='bbox 1773 2031 1883 2102; x_wconf 83' lang='grc' dir='ltr'>γάρ</span> <span class='ocrx_word' id='word_1_155' title='bbox 1924 2032 2045 2084; x_wconf 79' lang='grc' dir='ltr'>ἀντὶ</span> 
     </span>
    </p>
   </div>
   <div class='ocr_carea' id='block_1_19' title="bbox 378 2117 2042 2188">
    <p class='ocr_par' dir='ltr' id='par_1_19' title="bbox 378 2117 2042 2188">
     <span class='ocr_line' id='line_1_19' title="bbox 378 2117 2042 2188; baseline 0 -18"><span class='ocrx_word' id='word_1_156' title='bbox 378 2117 473 2170; x_wconf 78' lang='grc' dir='ltr'>τοῦ</span> <span class='ocrx_word' id='word_1_157' title='bbox 504 2119 668 2188; x_wconf 85' lang='grc' dir='ltr'>νόμου</span> <span class='ocrx_word' id='word_1_158' title='bbox 713 2118 774 2170; x_wconf 90' lang='grc' dir='ltr'>τὸ</span> <span class='ocrx_word' id='word_1_159' title='bbox 807 2118 1044 2181; x_wconf 80' lang='grc' dir='ltr'>συνειδὸς</span> <span class='ocrx_word' id='word_1_160' title='bbox 1077 2119 1168 2171; x_wconf 76' lang='grc' dir='ltr'>καὶ</span> <span class='ocrx_word' id='word_1_161' title='bbox 1200 2119 1477 2187; x_wconf 86' lang='grc' dir='ltr'>λογισμός.</span> <span class='ocrx_word' id='word_1_162' title='bbox 1527 2119 1624 2172; x_wconf 78' lang='grc' dir='ltr'>Διὰ</span> <span class='ocrx_word' id='word_1_163' title='bbox 1651 2119 1852 2172; x_wconf 88' lang='grc' dir='ltr'>τούτων</span> <span class='ocrx_word' id='word_1_164' title='bbox 1877 2117 2042 2183; x_wconf 75' lang='grc' dir='ltr'>ἔδειξε</span> 
     </span>
    </p>
   </div>
   <div class='ocr_carea' id='block_1_20' title="bbox 377 2203 2043 2276">
    <p class='ocr_par' dir='ltr' id='par_1_20' title="bbox 377 2203 2043 2276">
     <span class='ocr_line' id='line_1_20' title="bbox 377 2203 2043 2276; baseline 0 -20"><span class='ocrx_word' id='word_1_165' title='bbox 377 2203 562 2266; x_wconf 85' lang='grc' dir='ltr'>πάλιν,</span> <span class='ocrx_word' id='word_1_166' title='bbox 583 2205 665 2257; x_wconf 84' lang='grc' dir='ltr'>ὅτι</span> <span class='ocrx_word' id='word_1_167' title='bbox 694 2205 942 2275; x_wconf 79' lang='grc' dir='ltr'>αὐτάρκη</span> <span class='ocrx_word' id='word_1_168' title='bbox 969 2205 1060 2257; x_wconf 87' lang='grc' dir='ltr'>τὸν</span> <span class='ocrx_word' id='word_1_169' title='bbox 1088 2204 1374 2276; x_wconf 82' lang='grc' dir='ltr'>ἄνθρωπον</span> <span class='ocrx_word' id='word_1_170' title='bbox 1403 2205 1657 2276; x_wconf 86' lang='grc' dir='ltr'>ἐποίησεν</span> <span class='ocrx_word' id='word_1_171' title='bbox 1685 2207 1714 2258; x_wconf 92' lang='lat'>6</span> <span class='ocrx_word' id='word_1_172' title='bbox 1745 2205 1878 2269; x_wconf 82' lang='grc' dir='ltr'>Θεὸς</span> <span class='ocrx_word' id='word_1_173' title='bbox 1907 2205 2043 2275; x_wconf 83' lang='grc' dir='ltr'>πρὸς</span> 
     </span>
    </p>
   </div>
   <div class='ocr_carea' id='block_1_21' title="bbox 376 2289 2042 2363">
    <p class='ocr_par' dir='ltr' id='par_1_21' title="bbox 376 2289 2042 2363">
     <span class='ocr_line' id='line_1_21' title="bbox 376 2289 2042 2363; baseline 0.004 -23"><span class='ocrx_word' id='word_1_174' title='bbox 376 2291 477 2360; x_wconf 79' lang='grc' dir='ltr'>τὴν</span> <span class='ocrx_word' id='word_1_175' title='bbox 506 2292 604 2360; x_wconf 82' lang='grc' dir='ltr'>τῆς</span> <span class='ocrx_word' id='word_1_176' title='bbox 628 2289 829 2360; x_wconf 80' lang='grc' dir='ltr'>ἀρετῆς</span> <span class='ocrx_word' id='word_1_177' title='bbox 859 2291 1092 2361; x_wconf 75' lang='grc' dir='ltr'>αἵρεσιν,</span> <span class='ocrx_word' id='word_1_178' title='bbox 1123 2291 1218 2344; x_wconf 78' lang='grc' dir='ltr'>καὶ</span> <span class='ocrx_word' id='word_1_179' title='bbox 1245 2291 1342 2362; x_wconf 83' lang='grc' dir='ltr'>τὴν</span> <span class='ocrx_word' id='word_1_180' title='bbox 1365 2291 1464 2362; x_wconf 82' lang='grc' dir='ltr'>τῆς</span> <span class='ocrx_word' id='word_1_181' title='bbox 1491 2292 1688 2356; x_wconf 82' lang='grc' dir='ltr'>κακίας</span> <span class='ocrx_word' id='word_1_182' title='bbox 1711 2293 1908 2363; x_wconf 88' lang='grc' dir='ltr'>φυγήν.</span> <span class='ocrx_word' id='word_1_183' title='bbox 1932 2293 2042 2346; x_wconf 79' lang='grc' dir='ltr'>Καὶ</span> 
     </span>
    </p>
   </div>
   <div class='ocr_carea' id='block_1_22' title="bbox 380 2375 2041 2448">
    <p class='ocr_par' dir='ltr' id='par_1_22' title="bbox 380 2375 2041 2448">
     <span class='ocr_line' id='line_1_22' title="bbox 380 2375 2041 2448; baseline 0.002 -20"><span class='ocrx_word' id='word_1_184' title='bbox 380 2376 455 2446; x_wconf 78' lang='grc' dir='ltr'>μὴ</span> <span class='ocrx_word' id='word_1_185' title='bbox 499 2375 809 2448; x_wconf 80' lang='grc' dir='ltr'>θαυμάσῃς,</span> <span class='ocrx_word' id='word_1_186' title='bbox 844 2378 892 2430; x_wconf 87' lang='grc' dir='ltr'>εί</span> <span class='ocrx_word' id='word_1_187' title='bbox 927 2380 1020 2431; x_wconf 79' lang='grc' dir='ltr'>καὶ</span> <span class='ocrx_word' id='word_1_188' title='bbox 1052 2378 1197 2442; x_wconf 82' lang='grc' dir='ltr'>ἆπαξ</span> <span class='ocrx_word' id='word_1_189' title='bbox 1231 2378 1324 2432; x_wconf 75' lang='grc' dir='ltr'>καὶ</span> <span class='ocrx_word' id='word_1_190' title='bbox 1360 2379 1442 2442; x_wconf 67' lang='grc' dir='ltr'>δὶς</span> <span class='ocrx_word' id='word_1_191' title='bbox 1486 2379 1580 2432; x_wconf 77' lang='grc' dir='ltr'>καὶ</span> <span class='ocrx_word' id='word_1_192' title='bbox 1611 2379 1870 2442; x_wconf 79' lang='grc' dir='ltr'>πολλάκις</span> <span class='ocrx_word' id='word_1_193' title='bbox 1912 2379 2041 2432; x_wconf 86' lang='grc' dir='ltr'>αὐτὸ</span> 
     </span>
    </p>
   </div>
   <div class='ocr_carea' id='block_1_23' title="bbox 377 2463 2039 2537">
    <p class='ocr_par' dir='ltr' id='par_1_23' title="bbox 377 2463 2039 2537">
     <span class='ocr_line' id='line_1_23' title="bbox 377 2463 2039 2537; baseline 0.002 -22"><span class='ocrx_word' id='word_1_194' title='bbox 377 2463 795 2528; x_wconf 79' lang='grc' dir='ltr'>κατασκευάζει.</span> <span class='ocrx_word' id='word_1_195' title='bbox 831 2464 1042 2535; x_wconf 82' lang='grc' dir='ltr'>Σφόδρα</span> <span class='ocrx_word' id='word_1_196' title='bbox 1071 2465 1178 2537; x_wconf 88' lang='grc' dir='ltr'>γὰρ</span> <span class='ocrx_word' id='word_1_197' title='bbox 1217 2463 1284 2536; x_wconf 78' lang='grc' dir='ltr'>ἦν</span> <span class='ocrx_word' id='word_1_198' title='bbox 1317 2468 1612 2534; x_wconf 75' lang='grc' dir='ltr'>ἀναγκαῖον</span> <span class='ocrx_word' id='word_1_199' title='bbox 1651 2465 1800 2536; x_wconf 89' lang='grc' dir='ltr'>αὐτῷ</span> <span class='ocrx_word' id='word_1_200' title='bbox 1836 2466 1899 2518; x_wconf 89' lang='grc' dir='ltr'>τὸ</span> <span class='ocrx_word' id='word_1_201' title='bbox 1949 2483 2039 2520; x_wconf 89' lang='grc' dir='ltr'>κε-</span> 
     </span>
    </p>
   </div>
   <div class='ocr_carea' id='block_1_24' title="bbox 377 2550 2040 2626">
    <p class='ocr_par' dir='ltr' id='par_1_24' title="bbox 377 2550 2040 2626">
     <span class='ocr_line' id='line_1_24' title="bbox 377 2550 2040 2626; baseline 0.002 -22"><span class='ocrx_word' id='word_1_202' title='bbox 377 2550 604 2619; x_wconf 83' lang='grc' dir='ltr'>φάλαιον</span> <span class='ocrx_word' id='word_1_203' title='bbox 647 2551 805 2605; x_wconf 92' lang='grc' dir='ltr'>τοῦτο</span> <span class='ocrx_word' id='word_1_204' title='bbox 832 2551 920 2604; x_wconf 79' lang='grc' dir='ltr'>διὰ</span> <span class='ocrx_word' id='word_1_205' title='bbox 943 2554 1068 2616; x_wconf 79' lang='grc' dir='ltr'>τοὺς</span> <span class='ocrx_word' id='word_1_206' title='bbox 1095 2552 1369 2622; x_wconf 89' lang='grc' dir='ltr'>λέγοντας·</span> <span class='ocrx_word' id='word_1_207' title='bbox 1403 2554 1466 2606; x_wconf 88' lang='grc' dir='ltr'>Τί</span> <span class='ocrx_word' id='word_1_208' title='bbox 1495 2555 1690 2624; x_wconf 85' lang='grc' dir='ltr'>δήποτε</span> <span class='ocrx_word' id='word_1_209' title='bbox 1731 2555 1824 2607; x_wconf 89' lang='grc' dir='ltr'>νῦν</span> <span class='ocrx_word' id='word_1_210' title='bbox 1852 2556 1880 2606; x_wconf 93' lang='grc' dir='ltr'>ό</span> <span class='ocrx_word' id='word_1_211' title='bbox 1908 2556 2040 2626; x_wconf 89' lang='grc' dir='ltr'>Χρι-</span> 
     </span>
    </p>
   </div>
   <div class='ocr_carea' id='block_1_25' title="bbox 377 2639 2041 2712">
    <p class='ocr_par' dir='ltr' id='par_1_25' title="bbox 377 2639 2041 2712">
     <span class='ocr_line' id='line_1_25' title="bbox 377 2639 2041 2712; baseline 0.002 -21"><span class='ocrx_word' id='word_1_212' title='bbox 377 2639 502 2702; x_wconf 91' lang='grc' dir='ltr'>στὸς</span> <span class='ocrx_word' id='word_1_213' title='bbox 530 2639 890 2710; x_wconf 86' lang='grc' dir='ltr'>παρεγένετο;</span> <span class='ocrx_word' id='word_1_214' title='bbox 926 2640 1019 2692; x_wconf 78' lang='grc' dir='ltr'>καὶ</span> <span class='ocrx_word' id='word_1_215' title='bbox 1049 2640 1152 2692; x_wconf 89' lang='grc' dir='ltr'>ποῦ</span> <span class='ocrx_word' id='word_1_216' title='bbox 1186 2641 1279 2694; x_wconf 91' lang='grc' dir='ltr'>τὸν</span> <span class='ocrx_word' id='word_1_217' title='bbox 1308 2640 1614 2711; x_wconf 74' lang='grc' dir='ltr'>ἔμπροσθεν</span> <span class='ocrx_word' id='word_1_218' title='bbox 1642 2641 1831 2710; x_wconf 87' lang='grc' dir='ltr'>χρόνον</span> <span class='ocrx_word' id='word_1_219' title='bbox 1853 2641 1920 2694; x_wconf 77' lang='grc' dir='ltr'>τὰ</span> <span class='ocrx_word' id='word_1_220' title='bbox 1943 2642 2041 2712; x_wconf 84' lang='grc' dir='ltr'>τῆς</span> 
     </span>
    </p>
   </div>
   <div class='ocr_carea' id='block_1_26' title="bbox 375 2723 2041 2800">
    <p class='ocr_par' dir='ltr' id='par_1_26' title="bbox 375 2723 2041 2800">
     <span class='ocr_line' id='line_1_26' title="bbox 375 2723 2041 2800; baseline 0.001 -22"><span class='ocrx_word' id='word_1_221' title='bbox 375 2725 641 2796; x_wconf 78' lang='grc' dir='ltr'>τοσαύτης</span> <span class='ocrx_word' id='word_1_222' title='bbox 665 2728 918 2796; x_wconf 80' lang='grc' dir='ltr'>προνοίας</span> <span class='ocrx_word' id='word_1_223' title='bbox 945 2723 1043 2799; x_wconf 72' lang='grc' dir='ltr'>ἦνς</span> <span class='ocrx_word' id='word_1_224' title='bbox 1063 2729 1173 2781; x_wconf 73' lang='grc' dir='ltr'>Καὶ</span> <span class='ocrx_word' id='word_1_225' title='bbox 1195 2728 1326 2798; x_wconf 87' lang='grc' dir='ltr'>πρὸς</span> <span class='ocrx_word' id='word_1_226' title='bbox 1347 2727 1567 2792; x_wconf 86' lang='grc' dir='ltr'>τούτους</span> <span class='ocrx_word' id='word_1_227' title='bbox 1583 2724 1675 2782; x_wconf 80' lang='grc' dir='ltr'>οὖν</span> <span class='ocrx_word' id='word_1_228' title='bbox 1698 2731 1756 2781; x_wconf 83' lang='grc' dir='ltr'>ἐν</span> <span class='ocrx_word' id='word_1_229' title='bbox 1776 2729 2041 2800; x_wconf 84' lang='grc' dir='ltr'>παρέργῳ</span> 
     </span>
    </p>
   </div>
   <div class='ocr_carea' id='block_1_27' title="bbox 376 2812 2041 2884">
    <p class='ocr_par' dir='ltr' id='par_1_27' title="bbox 376 2812 2041 2884">
     <span class='ocr_line' id='line_1_27' title="bbox 376 2812 2041 2884; baseline -0.001 -17"><span class='ocrx_word' id='word_1_230' title='bbox 376 2812 470 2868; x_wconf 85' lang='grc' dir='ltr'>νῦν</span> <span class='ocrx_word' id='word_1_231' title='bbox 522 2813 958 2884; x_wconf 71' lang='grc' dir='ltr'>ἀπομαχόμενος,</span> <span class='ocrx_word' id='word_1_232' title='bbox 1005 2814 1295 2878; x_wconf 89' lang='grc' dir='ltr'>δείκνυσιν,</span> <span class='ocrx_word' id='word_1_233' title='bbox 1343 2815 1424 2868; x_wconf 82' lang='grc' dir='ltr'>ὃτι</span> <span class='ocrx_word' id='word_1_234' title='bbox 1467 2815 1561 2867; x_wconf 74' lang='grc' dir='ltr'>καὶ</span> <span class='ocrx_word' id='word_1_235' title='bbox 1593 2817 1650 2867; x_wconf 86' lang='grc' dir='ltr'>ἐν</span> <span class='ocrx_word' id='word_1_236' title='bbox 1682 2817 1794 2878; x_wconf 84' lang='grc' dir='ltr'>τοῖς</span> <span class='ocrx_word' id='word_1_237' title='bbox 1838 2815 2041 2869; x_wconf 79' lang='grc' dir='ltr'>ἀνωθεν</span> 
     </span>
    </p>
   </div>
   <div class='ocr_carea' id='block_1_28' title="bbox 377 2900 2038 2973">
    <p class='ocr_par' dir='ltr' id='par_1_28' title="bbox 377 2900 2038 2973">
     <span class='ocr_line' id='line_1_28' title="bbox 377 2900 2038 2973; baseline 0 -18"><span class='ocrx_word' id='word_1_238' title='bbox 377 2901 609 2972; x_wconf 88' lang='grc' dir='ltr'>χρόνοις,</span> <span class='ocrx_word' id='word_1_239' title='bbox 633 2903 726 2956; x_wconf 73' lang='grc' dir='ltr'>καὶ</span> <span class='ocrx_word' id='word_1_240' title='bbox 756 2901 862 2972; x_wconf 89' lang='grc' dir='ltr'>πρὸ</span> <span class='ocrx_word' id='word_1_241' title='bbox 887 2901 982 2972; x_wconf 74' lang='grc' dir='ltr'>τῆς</span> <span class='ocrx_word' id='word_1_242' title='bbox 1005 2900 1094 2954; x_wconf 91' lang='grc' dir='ltr'>τοῦ</span> <span class='ocrx_word' id='word_1_243' title='bbox 1126 2901 1290 2972; x_wconf 87' lang='grc' dir='ltr'>νόμου</span> <span class='ocrx_word' id='word_1_244' title='bbox 1319 2901 1518 2965; x_wconf 90' lang='grc' dir='ltr'>δόσεως</span> <span class='ocrx_word' id='word_1_245' title='bbox 1553 2903 1733 2972; x_wconf 82' lang='grc' dir='ltr'>πάσης</span> <span class='ocrx_word' id='word_1_246' title='bbox 1758 2902 2038 2973; x_wconf 84' lang='grc' dir='ltr'>ἀπήλαυσε</span> 
     </span>
    </p>
   </div>
   <div class='ocr_carea' id='block_1_29' title="bbox 376 2987 2042 3060">
    <p class='ocr_par' dir='ltr' id='par_1_29' title="bbox 376 2987 2042 3060">
     <span class='ocr_line' id='line_1_29' title="bbox 376 2987 2042 3060; baseline 0.001 -18"><span class='ocrx_word' id='word_1_247' title='bbox 376 2989 634 3060; x_wconf 74' lang='grc' dir='ltr'>προνοίας</span> <span class='ocrx_word' id='word_1_248' title='bbox 663 2990 696 3059; x_wconf 85' lang='grc' dir='ltr'><strong>ἡ</strong></span> <span class='ocrx_word' id='word_1_249' title='bbox 720 2989 828 3041; x_wconf 91' lang='grc' dir='ltr'>τῶν</span> <span class='ocrx_word' id='word_1_250' title='bbox 859 2987 1161 3057; x_wconf 89' lang='grc' dir='ltr'>ἀνθρώπων</span> <span class='ocrx_word' id='word_1_251' title='bbox 1191 2988 1370 3058; x_wconf 84' lang='grc' dir='ltr'>φύσις.</span> <span class='ocrx_word' id='word_1_252' title='bbox 1399 2989 1504 3041; x_wconf 81' lang='grc' dir='ltr'>Καὶ</span> <span class='ocrx_word' id='word_1_253' title='bbox 1535 2989 1643 3058; x_wconf 89' lang='grc' dir='ltr'>γάρ</span> <span class='ocrx_word' id='word_1_254' title='bbox 1671 2989 1741 3042; x_wconf 79' lang='lat' dir='ltr'><em>T6</em></span> <span class='ocrx_word' id='word_1_255' title='bbox 1770 2988 2042 3058; x_wconf 69' lang='grc' dir='ltr'>γνωστόν</span> 
     </span>
    </p>
   </div>
   <div class='ocr_carea' id='block_1_30' title="bbox 375 3071 2038 3147">
    <p class='ocr_par' dir='ltr' id='par_1_30' title="bbox 375 3071 2038 3147">
     <span class='ocr_line' id='line_1_30' title="bbox 375 3071 2038 3147; baseline -0.001 -16"><span class='ocrx_word' id='word_1_256' title='bbox 375 3075 481 3131; x_wconf 86' lang='grc' dir='ltr'>τοῦ</span> <span class='ocrx_word' id='word_1_257' title='bbox 516 3076 663 3130; x_wconf 87' lang='grc' dir='ltr'>Θεοῦ</span> <span class='ocrx_word' id='word_1_258' title='bbox 694 3075 956 3145; x_wconf 69' lang='grc' dir='ltr'>φανερὸν</span> <span class='ocrx_word' id='word_1_259' title='bbox 995 3071 1074 3146; x_wconf 70' lang='grc' dir='ltr'><strong><em>ἦν</em></strong></span> <span class='ocrx_word' id='word_1_260' title='bbox 1104 3076 1325 3142; x_wconf 77' lang='grc' dir='ltr'>αὐτοῖς,</span> <span class='ocrx_word' id='word_1_261' title='bbox 1359 3076 1450 3128; x_wconf 76' lang='grc' dir='ltr'>καὶ</span> <span class='ocrx_word' id='word_1_262' title='bbox 1479 3076 1529 3128; x_wconf 88' lang='grc' dir='ltr'>τί</span> <span class='ocrx_word' id='word_1_263' title='bbox 1563 3076 1660 3147; x_wconf 82' lang='grc' dir='ltr'>μὲν</span> <span class='ocrx_word' id='word_1_264' title='bbox 1686 3077 1870 3141; x_wconf 89' lang='grc' dir='ltr'>καλὸν,</span> <span class='ocrx_word' id='word_1_265' title='bbox 1897 3076 1951 3129; x_wconf 89' lang='grc' dir='ltr'>τί</span> <span class='ocrx_word' id='word_1_266' title='bbox 1980 3077 2038 3130; x_wconf 84' lang='grc' dir='ltr'>δὲ</span> 
     </span>
    </p>
   </div>
   <div class='ocr_carea' id='block_1_31' title="bbox 375 3157 2032 3236">
    <p class='ocr_par' dir='ltr' id='par_1_31' title="bbox 375 3157 2032 3236">
     <span class='ocr_line' id='line_1_31' title="bbox 375 3157 2032 3236; baseline -0.001 -18"><span class='ocrx_word' id='word_1_267' title='bbox 375 3165 546 3218; x_wconf 89' lang='grc' dir='ltr'>κακὸν</span> <span class='ocrx_word' id='word_1_268' title='bbox 565 3164 781 3236; x_wconf 74' lang='grc' dir='ltr'>ᾔδεσαν,</span> <span class='ocrx_word' id='word_1_269' title='bbox 810 3164 875 3217; x_wconf 78' lang='grc' dir='ltr'>δι’</span> <span class='ocrx_word' id='word_1_270' title='bbox 902 3157 977 3218; x_wconf 84' lang='grc' dir='ltr'>ὧν</span> <span class='ocrx_word' id='word_1_271' title='bbox 1008 3166 1134 3227; x_wconf 82' lang='grc' dir='ltr'>τούς</span> <span class='ocrx_word' id='word_1_272' title='bbox 1163 3163 1353 3226; x_wconf 79' lang='grc' dir='ltr'>ἄλλους</span> <span class='ocrx_word' id='word_1_273' title='bbox 1376 3164 1598 3234; x_wconf 76' lang='grc' dir='ltr'>ἔκριναν</span> <span class='ocrx_word' id='word_1_274' title='bbox 1620 3179 1632 3190; x_wconf 88' lang='grc'><strong>·</strong></span> <span class='ocrx_word' id='word_1_275' title='bbox 1679 3165 1817 3234; x_wconf 84' lang='grc' dir='ltr'>ὅπερ</span> <span class='ocrx_word' id='word_1_276' title='bbox 1849 3163 2032 3216; x_wconf 67' lang='grc' dir='ltr'>όνειδίυ</span> 
     </span>
    </p>
   </div>
   <div class='ocr_carea' id='block_1_32' title="bbox 375 3245 2035 3321">
    <p class='ocr_par' dir='ltr' id='par_1_32' title="bbox 375 3245 2035 3321">
     <span class='ocr_line' id='line_1_32' title="bbox 375 3245 2035 3321; baseline 0 -15"><span class='ocrx_word' id='word_1_277' title='bbox 375 3252 484 3319; x_wconf 79' lang='grc' dir='ltr'>ζων</span> <span class='ocrx_word' id='word_1_278' title='bbox 526 3253 730 3316; x_wconf 88' lang='grc' dir='ltr'>αὐτοῖς,</span> <span class='ocrx_word' id='word_1_279' title='bbox 778 3252 983 3321; x_wconf 76' lang='grc' dir='ltr'>ἔλεγεν,</span> <span class='ocrx_word' id='word_1_280' title='bbox 1023 3253 1103 3305; x_wconf 79' lang='grc' dir='ltr'>ὅτι</span> <span class='ocrx_word' id='word_1_281' title='bbox 1162 3253 1264 3306; x_wconf 75' lang='grc' dir='ltr'>Ἐν</span> <span class='ocrx_word' id='word_1_282' title='bbox 1307 3245 1353 3318; x_wconf 83' lang='grc' dir='ltr'><strong>ᾧ</strong></span> <span class='ocrx_word' id='word_1_283' title='bbox 1395 3253 1614 3318; x_wconf 80' lang='grc' dir='ltr'>κρίνεις</span> <span class='ocrx_word' id='word_1_284' title='bbox 1665 3251 1773 3304; x_wconf 76' lang='grc' dir='ltr'>τὸν</span> <span class='ocrx_word' id='word_1_285' title='bbox 1810 3251 2035 3320; x_wconf 75' lang='grc' dir='ltr'>ἕτερον,</span> 
     </span>
    </p>
   </div>
   <div class='ocr_carea' id='block_1_33' title="bbox 374 3339 2037 3409">
    <p class='ocr_par' dir='ltr' id='par_1_33' title="bbox 374 3339 2037 3409">
     <span class='ocr_line' id='line_1_33' title="bbox 374 3339 2037 3409; baseline -0.002 -14"><span class='ocrx_word' id='word_1_286' title='bbox 374 3341 638 3395; x_wconf 80' lang='grc' dir='ltr'>σεαυτόν</span> <span class='ocrx_word' id='word_1_287' title='bbox 679 3342 1073 3408; x_wconf 77' lang='grc' dir='ltr'>κατακρίνεις.</span> <span class='ocrx_word' id='word_1_288' title='bbox 1136 3340 1256 3392; x_wconf 76' lang='grc' dir='ltr'>Ἐπὶ</span> <span class='ocrx_word' id='word_1_289' title='bbox 1299 3340 1354 3392; x_wconf 80' lang='grc' dir='ltr'>δὲ</span> <span class='ocrx_word' id='word_1_290' title='bbox 1406 3339 1515 3392; x_wconf 87' lang='grc' dir='ltr'>τῶν</span> <span class='ocrx_word' id='word_1_291' title='bbox 1567 3339 1857 3401; x_wconf 82' lang='grc' dir='ltr'>Ἰουδαίων,</span> <span class='ocrx_word' id='word_1_292' title='bbox 1900 3341 2037 3409; x_wconf 89' lang='grc' dir='ltr'>μετά</span> 
     </span>
    </p>
   </div>
   <div class='ocr_carea' id='block_1_34' title="bbox 373 3426 2036 3499">
    <p class='ocr_par' dir='ltr' id='par_1_34' title="bbox 373 3426 2036 3499">
     <span class='ocr_line' id='line_1_34' title="bbox 373 3426 2036 3499; baseline -0.001 -18"><span class='ocrx_word' id='word_1_293' title='bbox 373 3428 482 3481; x_wconf 89' lang='grc' dir='ltr'>τῶν</span> <span class='ocrx_word' id='word_1_294' title='bbox 511 3426 814 3499; x_wconf 73' lang='grc' dir='ltr'>εἰρημένων</span> <span class='ocrx_word' id='word_1_295' title='bbox 843 3428 935 3481; x_wconf 70' lang='grc' dir='ltr'>καὶ</span> <span class='ocrx_word' id='word_1_296' title='bbox 957 3429 984 3479; x_wconf 91' lang='lat'>6</span> <span class='ocrx_word' id='word_1_297' title='bbox 1006 3428 1166 3498; x_wconf 92' lang='grc' dir='ltr'>νόμος</span> <span class='ocrx_word' id='word_1_298' title='bbox 1189 3427 1437 3497; x_wconf 76' lang='grc' dir='ltr'>ἕστηκεν,</span> <span class='ocrx_word' id='word_1_299' title='bbox 1455 3427 1575 3496; x_wconf 65' lang='grc' dir='ltr'>οὐχὶ⁴</span> <span class='ocrx_word' id='word_1_300' title='bbox 1600 3426 1855 3496; x_wconf 88' lang='grc' dir='ltr'>λογισμὸς</span> <span class='ocrx_word' id='word_1_301' title='bbox 1879 3427 2036 3496; x_wconf 90' lang='grc' dir='ltr'>μόνον</span> 
     </span>
    </p>
   </div>
   <div class='ocr_carea' id='block_1_35' title="bbox 374 3514 2036 3586">
    <p class='ocr_par' dir='ltr' id='par_1_35' title="bbox 374 3514 2036 3586">
     <span class='ocr_line' id='line_1_35' title="bbox 374 3514 2036 3586; baseline -0.001 -18"><span class='ocrx_word' id='word_1_302' title='bbox 374 3515 495 3568; x_wconf 87' lang='grc' dir='ltr'>οὐδέ</span> <span class='ocrx_word' id='word_1_303' title='bbox 517 3516 839 3586; x_wconf 83' lang='grc' dir='ltr'>συνείδησις.</span> <span class='ocrx_word' id='word_1_304' title='bbox 859 3516 1013 3578; x_wconf 86' lang='grc' dir='ltr'>Τίνος</span> <span class='ocrx_word' id='word_1_305' title='bbox 1041 3515 1096 3567; x_wconf 83' lang='grc' dir='ltr'>δὲ</span> <span class='ocrx_word' id='word_1_306' title='bbox 1117 3515 1300 3569; x_wconf 77' lang='grc' dir='ltr'>ἕνεκεν</span> <span class='ocrx_word' id='word_1_307' title='bbox 1326 3515 1504 3584; x_wconf 86' lang='grc' dir='ltr'>τίθησι</span> <span class='ocrx_word' id='word_1_308' title='bbox 1530 3514 1610 3579; x_wconf 90' lang='grc' dir='ltr'>τὸ,</span> <span class='ocrx_word' id='word_1_309' title='bbox 1629 3516 2036 3584; x_wconf 75' lang='grc' dir='ltr'>Κατηγορούν-</span> 
     </span>
    </p>
   </div>
   <div class='ocr_carea' id='block_1_36' title="bbox 374 3601 2035 3674">
    <p class='ocr_par' dir='ltr' id='par_1_36' title="bbox 374 3601 2035 3674">
     <span class='ocr_line' id='line_1_36' title="bbox 374 3601 2035 3674; baseline 0 -18"><span class='ocrx_word' id='word_1_310' title='bbox 374 3619 494 3656; x_wconf 78' lang='grc' dir='ltr'>των</span> <span class='ocrx_word' id='word_1_311' title='bbox 546 3602 584 3672; x_wconf 80' lang='grc' dir='ltr'>ἢ</span> <span class='ocrx_word' id='word_1_312' title='bbox 620 3604 719 3656; x_wconf 76' lang='grc' dir='ltr'>καί</span> <span class='ocrx_word' id='word_1_313' title='bbox 776 3602 1317 3672; x_wconf 74' lang='grc' dir='ltr'>ἀπο.ιογουμένων;</span> <span class='ocrx_word' id='word_1_314' title='bbox 1372 3603 1436 3655; x_wconf 80' lang='grc' dir='ltr'><strong>Εἰ</strong></span> <span class='ocrx_word' id='word_1_315' title='bbox 1481 3602 1590 3674; x_wconf 76' lang='grc' dir='ltr'>γάρ</span> <span class='ocrx_word' id='word_1_316' title='bbox 1642 3602 1805 3673; x_wconf 91' lang='grc' dir='ltr'>νόμον</span> <span class='ocrx_word' id='word_1_317' title='bbox 1853 3601 2035 3672; x_wconf 79' lang='grc' dir='ltr'>ἔχουσι</span> 
     </span>
    </p>
   </div>
   <div class='ocr_carea' id='block_1_37' title="bbox 373 3689 2038 3763">
    <p class='ocr_par' dir='ltr' id='par_1_37' title="bbox 373 3689 2038 3763">
     <span class='ocr_line' id='line_1_37' title="bbox 373 3689 2038 3763; baseline 0.001 -18"><span class='ocrx_word' id='word_1_318' title='bbox 373 3691 619 3763; x_wconf 82' lang='grc' dir='ltr'>γραπτὸν</span> <span class='ocrx_word' id='word_1_319' title='bbox 660 3691 754 3744; x_wconf 80' lang='grc' dir='ltr'>καὶ</span> <span class='ocrx_word' id='word_1_320' title='bbox 798 3691 861 3744; x_wconf 92' lang='grc' dir='ltr'>τὸ</span> <span class='ocrx_word' id='word_1_321' title='bbox 902 3689 1060 3762; x_wconf 77' lang='grc' dir='ltr'>ἔργον</span> <span class='ocrx_word' id='word_1_322' title='bbox 1085 3691 1111 3730; x_wconf 79' lang='lat' dir='ltr'><strong>b</strong></span> <span class='ocrx_word' id='word_1_323' title='bbox 1140 3689 1518 3758; x_wconf 81' lang='grc' dir='ltr'>ἐνδείκνυνται,</span> <span class='ocrx_word' id='word_1_324' title='bbox 1563 3691 1614 3744; x_wconf 85' lang='grc' dir='ltr'>τί</span> <span class='ocrx_word' id='word_1_325' title='bbox 1644 3690 1754 3762; x_wconf 78' lang='grc' dir='ltr'>ἔχει</span> <span class='ocrx_word' id='word_1_326' title='bbox 1787 3708 2038 3760; x_wconf 89' lang='grc' dir='ltr'>κατηγο-</span> 
     </span>
    </p>
   </div>
   <div class='ocr_carea' id='block_1_38' title="bbox 375 3777 2037 3855">
    <p class='ocr_par' dir='ltr' id='par_1_38' title="bbox 375 3777 2037 3855">
     <span class='ocr_line' id='line_1_38' title="bbox 375 3777 2037 3855; baseline 0.001 -24"><span class='ocrx_word' id='word_1_327' title='bbox 375 3780 538 3851; x_wconf 78' lang='grc' dir='ltr'>ρῆσαι</span> <span class='ocrx_word' id='word_1_328' title='bbox 579 3779 762 3832; x_wconf 88' lang='grc' dir='ltr'>λοιπὸν</span> <span class='ocrx_word' id='word_1_329' title='bbox 803 3781 830 3832; x_wconf 90' lang='grc' dir='ltr'>ό</span> <span class='ocrx_word' id='word_1_330' title='bbox 875 3777 1161 3848; x_wconf 87' lang='grc' dir='ltr'>λογισμός;</span> <span class='ocrx_word' id='word_1_331' title='bbox 1213 3778 1349 3831; x_wconf 83' lang='grc' dir='ltr'>Ἀλλ’</span> <span class='ocrx_word' id='word_1_332' title='bbox 1397 3779 1576 3832; x_wconf 90' lang='grc' dir='ltr'>οὐκέτι</span> <span class='ocrx_word' id='word_1_333' title='bbox 1628 3779 1757 3855; x_wconf 60' lang='grc' dir='ltr'>περὶ⁵</span> <span class='ocrx_word' id='word_1_334' title='bbox 1814 3780 2037 3833; x_wconf 79' lang='grc' dir='ltr'>ἐκείνων</span> 
     </span>
    </p>
   </div>
   <div class='ocr_carea' id='block_1_39' title="bbox 375 3859 2037 3934">
    <p class='ocr_par' dir='ltr' id='par_1_39' title="bbox 375 3859 2037 3934">
     <span class='ocr_line' id='line_1_39' title="bbox 375 3859 2037 3934; baseline 0.002 -23"><span class='ocrx_word' id='word_1_335' title='bbox 375 3859 510 3930; x_wconf 76' lang='grc' dir='ltr'>φησὶ</span> <span class='ocrx_word' id='word_1_336' title='bbox 545 3859 626 3923; x_wconf 89' lang='grc' dir='ltr'>τὸ,</span> <span class='ocrx_word' id='word_1_337' title='bbox 657 3859 1176 3927; x_wconf 81' lang='grc' dir='ltr'>Κατηγορούντων,</span> <span class='ocrx_word' id='word_1_338' title='bbox 1226 3860 1405 3929; x_wconf 89' lang='grc' dir='ltr'>μόνον,</span> <span class='ocrx_word' id='word_1_339' title='bbox 1447 3861 1581 3914; x_wconf 87' lang='grc' dir='ltr'>ἀλλά</span> <span class='ocrx_word' id='word_1_340' title='bbox 1615 3864 1705 3916; x_wconf 79' lang='grc' dir='ltr'>καὶ</span> <span class='ocrx_word' id='word_1_341' title='bbox 1754 3863 1880 3932; x_wconf 75' lang='grc' dir='ltr'>περὶ</span> <span class='ocrx_word' id='word_1_342' title='bbox 1936 3863 2037 3934; x_wconf 84' lang='grc' dir='ltr'>τῆς</span> 
     </span>
    </p>
   </div>
   <div class='ocr_carea' id='block_1_40' title="bbox 374 3944 2035 4019">
    <p class='ocr_par' dir='ltr' id='par_1_40' title="bbox 374 3944 2035 4019">
     <span class='ocr_line' id='line_1_40' title="bbox 374 3944 2035 4019; baseline 0.002 -20"><span class='ocrx_word' id='word_1_343' title='bbox 374 3944 589 4017; x_wconf 86' lang='grc' dir='ltr'>φύσεως</span> <span class='ocrx_word' id='word_1_344' title='bbox 617 3945 854 4013; x_wconf 87' lang='grc' dir='ltr'>ἀπάσης.</span> <span class='ocrx_word' id='word_1_345' title='bbox 885 3945 1016 3998; x_wconf 84' lang='grc' dir='ltr'>Τότε</span> <span class='ocrx_word' id='word_1_346' title='bbox 1049 3945 1157 4016; x_wconf 79' lang='grc' dir='ltr'>γάρ</span> <span class='ocrx_word' id='word_1_347' title='bbox 1191 3949 1482 4019; x_wconf 77' lang='grc' dir='ltr'>ἑστήκασιν</span> <span class='ocrx_word' id='word_1_348' title='bbox 1513 3952 1546 4018; x_wconf 83' lang='grc' dir='ltr'><strong>ή</strong></span> <span class='ocrx_word' id='word_1_349' title='bbox 1558 3949 1673 4019; x_wconf 89' lang='grc' dir='ltr'>μῶν</span> <span class='ocrx_word' id='word_1_350' title='bbox 1703 3950 1794 4001; x_wconf 74' lang='grc' dir='ltr'>καὶ</span> <span class='ocrx_word' id='word_1_351' title='bbox 1815 3951 1864 4002; x_wconf 78' lang='lat'><em>0!</em></span> <span class='ocrx_word' id='word_1_352' title='bbox 1887 3949 2035 4018; x_wconf 86' lang='grc' dir='ltr'>λογι-</span> 
     </span>
    </p>
   </div>
   <div class='ocr_carea' id='block_1_41' title="bbox 375 4033 2031 4106">
    <p class='ocr_par' dir='ltr' id='par_1_41' title="bbox 375 4033 2031 4106">
     <span class='ocr_line' id='line_1_41' title="bbox 375 4033 2031 4106; baseline 0.001 -21"><span class='ocrx_word' id='word_1_353' title='bbox 375 4033 524 4103; x_wconf 76' lang='grc' dir='ltr'>σμοὶ,</span> <span class='ocrx_word' id='word_1_354' title='bbox 551 4035 600 4087; x_wconf 89' lang='grc' dir='ltr'>οί</span> <span class='ocrx_word' id='word_1_355' title='bbox 633 4033 729 4104; x_wconf 76' lang='grc' dir='ltr'>μὲν</span> <span class='ocrx_word' id='word_1_356' title='bbox 759 4033 1210 4104; x_wconf 90' lang='grc' dir='ltr'>κατηγοροῦντες,</span> <span class='ocrx_word' id='word_1_357' title='bbox 1237 4036 1283 4088; x_wconf 86' lang='grc' dir='ltr'>οἱ</span> <span class='ocrx_word' id='word_1_358' title='bbox 1309 4035 1364 4088; x_wconf 84' lang='grc' dir='ltr'>δέ</span> <span class='ocrx_word' id='word_1_359' title='bbox 1386 4035 1831 4106; x_wconf 86' lang='grc' dir='ltr'>ἀπολογούμενοι,</span> <span class='ocrx_word' id='word_1_360' title='bbox 1855 4037 1946 4088; x_wconf 77' lang='grc' dir='ltr'>καὶ</span> <span class='ocrx_word' id='word_1_361' title='bbox 1971 4036 2031 4088; x_wconf 85' lang='grc' dir='ltr'>οὐ</span> 
     </span>
    </p>
   </div>
   <div class='ocr_carea' id='block_1_42' title="bbox 370 4117 2034 4193">
    <p class='ocr_par' dir='ltr' id='par_1_42' title="bbox 370 4117 2034 4193">
     <span class='ocr_line' id='line_1_42' title="bbox 370 4117 2034 4193; baseline -0.001 -17"><span class='ocrx_word' id='word_1_362' title='bbox 370 4117 541 4176; x_wconf 86' lang='grc' dir='ltr'>δεῖται</span> <span class='ocrx_word' id='word_1_363' title='bbox 587 4121 774 4191; x_wconf 86' lang='grc' dir='ltr'>ἐτέρου</span> <span class='ocrx_word' id='word_1_364' title='bbox 819 4121 1125 4193; x_wconf 85' lang='grc' dir='ltr'>κατηγόρου</span> <span class='ocrx_word' id='word_1_365' title='bbox 1163 4121 1446 4191; x_wconf 75' lang='grc' dir='ltr'>ἄνθρωπος</span> <span class='ocrx_word' id='word_1_366' title='bbox 1479 4122 1564 4174; x_wconf 80' lang='grc' dir='ltr'>ἐπ’</span> <span class='ocrx_word' id='word_1_367' title='bbox 1604 4123 1810 4174; x_wconf 89' lang='grc' dir='ltr'>ἐκείνου</span> <span class='ocrx_word' id='word_1_368' title='bbox 1843 4122 1936 4174; x_wconf 90' lang='grc' dir='ltr'>τοῦ</span> <span class='ocrx_word' id='word_1_369' title='bbox 1965 4122 2034 4174; x_wconf 89' lang='grc' dir='ltr'>δι-</span> 
     </span>
    </p>
   </div>
   <div class='ocr_carea' id='block_1_43' title="bbox 371 4199 2034 4274">
    <p class='ocr_par' dir='ltr' id='par_1_43' title="bbox 371 4199 2034 4274">
     <span class='ocr_line' id='line_1_43' title="bbox 371 4199 2034 4274; baseline 0.001 -18"><span class='ocrx_word' id='word_1_370' title='bbox 371 4203 692 4274; x_wconf 77' lang='grc' dir='ltr'>καστηρίου.</span> <span class='ocrx_word' id='word_1_371' title='bbox 724 4199 856 4258; x_wconf 78' lang='grc' dir='ltr'>Εἶτα</span> <span class='ocrx_word' id='word_1_372' title='bbox 885 4204 1062 4269; x_wconf 83' lang='grc' dir='ltr'>αῦξων</span> <span class='ocrx_word' id='word_1_373' title='bbox 1083 4204 1173 4258; x_wconf 89' lang='grc' dir='ltr'>τὸν</span> <span class='ocrx_word' id='word_1_374' title='bbox 1207 4204 1394 4271; x_wconf 91' lang='grc' dir='ltr'>φόϐον,</span> <span class='ocrx_word' id='word_1_375' title='bbox 1425 4206 1525 4256; x_wconf 90' lang='grc' dir='ltr'>οὐκ</span> <span class='ocrx_word' id='word_1_376' title='bbox 1566 4201 1704 4268; x_wconf 85' lang='grc' dir='ltr'>εἷπε,</span> <span class='ocrx_word' id='word_1_377' title='bbox 1737 4206 1818 4257; x_wconf 86' lang='grc' dir='ltr'>Τά</span> <span class='ocrx_word' id='word_1_378' title='bbox 1853 4206 2034 4274; x_wconf 83' lang='grc' dir='ltr'>ἁμαρ-</span> 
     </span>
    </p>
   </div>
   <div class='ocr_carea' id='block_1_44' title="bbox 369 4288 2033 4361">
    <p class='ocr_par' dir='ltr' id='par_1_44' title="bbox 369 4288 2033 4361">
     <span class='ocr_line' id='line_1_44' title="bbox 369 4288 2033 4361; baseline 0.002 -19"><span class='ocrx_word' id='word_1_379' title='bbox 369 4291 588 4361; x_wconf 84' lang='grc' dir='ltr'>τήματα</span> <span class='ocrx_word' id='word_1_380' title='bbox 649 4289 756 4342; x_wconf 91' lang='grc' dir='ltr'>τῶν</span> <span class='ocrx_word' id='word_1_381' title='bbox 805 4289 1126 4361; x_wconf 85' lang='grc' dir='ltr'>ἀνθρώπων,</span> <span class='ocrx_word' id='word_1_382' title='bbox 1170 4289 1331 4351; x_wconf 85' lang='grc' dir='ltr'>ἀλλά,</span> <span class='ocrx_word' id='word_1_383' title='bbox 1387 4289 1463 4343; x_wconf 88' lang='grc' dir='ltr'>Τὰ</span> <span class='ocrx_word' id='word_1_384' title='bbox 1501 4290 1734 4357; x_wconf 83' lang='grc' dir='ltr'>κρυπτὰ</span> <span class='ocrx_word' id='word_1_385' title='bbox 1765 4288 1885 4342; x_wconf 73' lang='grc' dir='ltr'>τῶν</span> <span class='ocrx_word' id='word_1_386' title='bbox 1929 4291 2033 4345; x_wconf 83' lang='grc' dir='ltr'>ἁν-</span> 
     </span>
    </p>
   </div>
   <div class='ocr_carea' id='block_1_45' title="bbox 371 4372 2034 4446">
    <p class='ocr_par' dir='ltr' id='par_1_45' title="bbox 371 4372 2034 4446">
     <span class='ocr_line' id='line_1_45' title="bbox 371 4372 2034 4446; baseline 0.003 -20"><span class='ocrx_word' id='word_1_387' title='bbox 371 4375 640 4443; x_wconf 78' lang='grc' dir='ltr'>ορώπων.</span> <span class='ocrx_word' id='word_1_388' title='bbox 678 4376 898 4445; x_wconf 81' lang='grc' dir='ltr'>Ἐπειδὴ</span> <span class='ocrx_word' id='word_1_389' title='bbox 931 4377 1036 4446; x_wconf 85' lang='grc' dir='ltr'>γὰρ</span> <span class='ocrx_word' id='word_1_390' title='bbox 1070 4372 1211 4428; x_wconf 70' lang='grc' dir='ltr'>εἶπεο</span> <span class='ocrx_word' id='word_1_391' title='bbox 1250 4375 1461 4444; x_wconf 77' lang='grc' dir='ltr'>Λογίζῃ</span> <span class='ocrx_word' id='word_1_392' title='bbox 1497 4377 1767 4444; x_wconf 75' lang='grc' dir='ltr'>όκρίνων</span> <span class='ocrx_word' id='word_1_393' title='bbox 1795 4377 1937 4443; x_wconf 84' lang='grc' dir='ltr'>τοὺς</span> <span class='ocrx_word' id='word_1_394' title='bbox 1961 4377 2034 4431; x_wconf 83' lang='grc' dir='ltr'>τὰ</span> 
     </span>
    </p>
   </div>
   <div class='ocr_carea' id='block_1_46' title="bbox 369 4461 2032 4535">
    <p class='ocr_par' dir='ltr' id='par_1_46' title="bbox 369 4461 2032 4535">
     <span class='ocr_line' id='line_1_46' title="bbox 369 4461 2032 4535; baseline 0.003 -21"><span class='ocrx_word' id='word_1_395' title='bbox 369 4461 616 4515; x_wconf 86' lang='grc' dir='ltr'>τοιαῦτα</span> <span class='ocrx_word' id='word_1_396' title='bbox 652 4462 1062 4530; x_wconf 79' lang='grc' dir='ltr'>πράσσοντας,</span> <span class='ocrx_word' id='word_1_397' title='bbox 1091 4463 1184 4515; x_wconf 80' lang='grc' dir='ltr'>καὶ</span> <span class='ocrx_word' id='word_1_398' title='bbox 1235 4462 1420 4516; x_wconf 79' lang='grc' dir='ltr'>ποιῶν</span> <span class='ocrx_word' id='word_1_399' title='bbox 1455 4465 1626 4528; x_wconf 88' lang='grc' dir='ltr'>αὐτὰ,</span> <span class='ocrx_word' id='word_1_400' title='bbox 1656 4464 1745 4518; x_wconf 86' lang='grc' dir='ltr'>ὅτι</span> <span class='ocrx_word' id='word_1_401' title='bbox 1769 4464 2032 4535; x_wconf 71' lang='grc' dir='ltr'>ἐκφεύξῃ</span> 
     </span>
    </p>
   </div>
   <div class='ocr_carea' id='block_1_47' title="bbox 369 4542 2032 4618">
    <p class='ocr_par' dir='ltr' id='par_1_47' title="bbox 369 4542 2032 4618">
     <span class='ocr_line' id='line_1_47' title="bbox 369 4542 2032 4618; baseline 0.004 -23"><span class='ocrx_word' id='word_1_402' title='bbox 369 4542 436 4597; x_wconf 85' lang='grc' dir='ltr'>τὸ</span> <span class='ocrx_word' id='word_1_403' title='bbox 458 4542 635 4614; x_wconf 80' lang='grc' dir='ltr'>κρῖμα</span> <span class='ocrx_word' id='word_1_404' title='bbox 666 4544 767 4597; x_wconf 88' lang='grc' dir='ltr'>τοῦ</span> <span class='ocrx_word' id='word_1_405' title='bbox 797 4545 975 4608; x_wconf 85' lang='grc' dir='ltr'>Θεοῦ;</span> <span class='ocrx_word' id='word_1_406' title='bbox 1005 4546 1090 4599; x_wconf 83' lang='grc' dir='ltr'>ῖνα</span> <span class='ocrx_word' id='word_1_407' title='bbox 1117 4546 1191 4616; x_wconf 79' lang='grc' dir='ltr'>μὴ</span> <span class='ocrx_word' id='word_1_408' title='bbox 1213 4545 1468 4616; x_wconf 88' lang='grc' dir='ltr'>τοιαύτην</span> <span class='ocrx_word' id='word_1_409' title='bbox 1487 4547 1675 4618; x_wconf 81' lang='grc' dir='ltr'>ἐκδέξῃ</span> <span class='ocrx_word' id='word_1_410' title='bbox 1694 4547 1892 4618; x_wconf 78' lang='grc' dir='ltr'>ψῆφον,</span> <span class='ocrx_word' id='word_1_411' title='bbox 1914 4549 2032 4602; x_wconf 80' lang='grc' dir='ltr'>οἵαν</span> 
     </span>
    </p>
   </div>
   <div class='ocr_carea' id='block_1_48' title="bbox 372 4631 2029 4705">
    <p class='ocr_par' dir='ltr' id='par_1_48' title="bbox 372 4631 2029 4705">
     <span class='ocr_line' id='line_1_48' title="bbox 372 4631 2029 4705; baseline 0.002 -21"><span class='ocrx_word' id='word_1_412' title='bbox 372 4631 465 4684; x_wconf 73' lang='grc' dir='ltr'>καὶ</span> <span class='ocrx_word' id='word_1_413' title='bbox 494 4631 654 4693; x_wconf 84' lang='grc' dir='ltr'>αὐτὸς</span> <span class='ocrx_word' id='word_1_414' title='bbox 695 4631 902 4701; x_wconf 82' lang='grc' dir='ltr'>φέρεις,</span> <span class='ocrx_word' id='word_1_415' title='bbox 935 4631 1046 4684; x_wconf 85' lang='grc' dir='ltr'>ἀλλ’</span> <span class='ocrx_word' id='word_1_416' title='bbox 1089 4633 1224 4702; x_wconf 76' lang='grc' dir='ltr'>ἴδῃς,</span> <span class='ocrx_word' id='word_1_417' title='bbox 1258 4631 1340 4686; x_wconf 82' lang='grc' dir='ltr'>ὅτι</span> <span class='ocrx_word' id='word_1_418' title='bbox 1366 4632 1544 4703; x_wconf 80' lang='grc' dir='ltr'>πολλῷ</span> <span class='ocrx_word' id='word_1_419' title='bbox 1586 4633 1689 4702; x_wconf 76' lang='grc' dir='ltr'>τῆς</span> <span class='ocrx_word' id='word_1_420' title='bbox 1728 4635 1826 4704; x_wconf 83' lang='grc' dir='ltr'>σῆς</span> <span class='ocrx_word' id='word_1_421' title='bbox 1866 4635 2029 4705; x_wconf 86' lang='grc' dir='ltr'>ἀκρι-</span> 
     </span>
    </p>
   </div>
   <div class='ocr_carea' id='block_1_49' title="bbox 370 4717 2029 4789">
    <p class='ocr_par' dir='ltr' id='par_1_49' title="bbox 370 4717 2029 4789">
     <span class='ocr_line' id='line_1_49' title="bbox 370 4717 2029 4789; baseline 0.004 -20"><span class='ocrx_word' id='word_1_422' title='bbox 370 4717 602 4787; x_wconf 84' lang='grc' dir='ltr'>ϐεστέρα</span> <span class='ocrx_word' id='word_1_423' title='bbox 629 4717 774 4788; x_wconf 83' lang='grc' dir='ltr'>ἡτοῦ</span> <span class='ocrx_word' id='word_1_424' title='bbox 807 4717 966 4778; x_wconf 81' lang='grc' dir='ltr'>Θεοῦ.</span> <span class='ocrx_word' id='word_1_425' title='bbox 999 4720 1266 4789; x_wconf 72' lang='grc' dir='ltr'>ἐπήγαγεο</span> <span class='ocrx_word' id='word_1_426' title='bbox 1307 4722 1384 4774; x_wconf 84' lang='grc' dir='ltr'>Τὰ</span> <span class='ocrx_word' id='word_1_427' title='bbox 1405 4720 1638 4787; x_wconf 78' lang='grc' dir='ltr'>κρυπτὰ</span> <span class='ocrx_word' id='word_1_428' title='bbox 1662 4719 1778 4774; x_wconf 81' lang='grc' dir='ltr'>τῶν</span> <span class='ocrx_word' id='word_1_429' title='bbox 1803 4720 2029 4789; x_wconf 83' lang='grc' dir='ltr'>ἀνθρὼ-</span> 
     </span>
    </p>
   </div>
   <div class='ocr_carea' id='block_1_50' title="bbox 370 4804 2032 4876">
    <p class='ocr_par' dir='ltr' id='par_1_50' title="bbox 370 4804 2032 4876">
     <span class='ocr_line' id='line_1_50' title="bbox 370 4804 2032 4876; baseline 0.003 -19"><span class='ocrx_word' id='word_1_430' title='bbox 370 4821 520 4869; x_wconf 80' lang='grc' dir='ltr'>πων,</span> <span class='ocrx_word' id='word_1_431' title='bbox 564 4805 658 4858; x_wconf 70' lang='grc' dir='ltr'>καὶ</span> <span class='ocrx_word' id='word_1_432' title='bbox 689 4804 997 4876; x_wconf 88' lang='grc' dir='ltr'>προσέθηκε</span> <span class='ocrx_word' id='word_1_433' title='bbox 1019 4821 1032 4836; x_wconf 88' lang='grc'><strong>·</strong></span> <span class='ocrx_word' id='word_1_434' title='bbox 1087 4806 1246 4860; x_wconf 82' lang='grc' dir='ltr'>Κατὰ</span> <span class='ocrx_word' id='word_1_435' title='bbox 1273 4805 1341 4860; x_wconf 86' lang='grc' dir='ltr'>τό</span> <span class='ocrx_word' id='word_1_436' title='bbox 1365 4805 1730 4876; x_wconf 72' lang='grc' dir='ltr'>Εὐαγγέλιόν</span> <span class='ocrx_word' id='word_1_437' title='bbox 1755 4824 1892 4876; x_wconf 83' lang='grc' dir='ltr'>μου,</span> <span class='ocrx_word' id='word_1_438' title='bbox 1931 4807 2032 4863; x_wconf 79' lang='grc' dir='ltr'>διὰ</span> 
     </span>
    </p>
   </div>
   <div class='ocr_carea' id='block_1_51' title="bbox 382 4893 2029 4968">
    <p class='ocr_par' dir='ltr' id='par_1_51' title="bbox 382 4893 2029 4968">
     <span class='ocr_line' id='line_1_51' title="bbox 382 4893 2029 4968; baseline 0.001 -20"><span class='ocrx_word' id='word_1_439' title='bbox 382 4893 586 4960; x_wconf 83' lang='grc' dir='ltr'>Ἰησοῦ</span> <span class='ocrx_word' id='word_1_440' title='bbox 609 4894 1204 4966; x_wconf 76' lang='grc' dir='ltr'>Χριστοῦ.”Ανθρωποι</span> <span class='ocrx_word' id='word_1_441' title='bbox 1235 4893 1344 4968; x_wconf 85' lang='grc' dir='ltr'>γάρ</span> <span class='ocrx_word' id='word_1_442' title='bbox 1372 4895 1478 4946; x_wconf 91' lang='grc' dir='ltr'>τῶν</span> <span class='ocrx_word' id='word_1_443' title='bbox 1495 4893 1741 4964; x_wconf 79' lang='grc' dir='ltr'>φανερῶν</span> <span class='ocrx_word' id='word_1_444' title='bbox 1768 4895 2029 4965; x_wconf 83' lang='grc' dir='ltr'>κάθηνται</span> 
     </span>
    </p>
   </div>
   <div class='ocr_carea' id='block_1_52' title="bbox 367 4980 2027 5052">
    <p class='ocr_par' dir='ltr' id='par_1_52' title="bbox 367 4980 2027 5052">
     <span class='ocr_line' id='line_1_52' title="bbox 367 4980 2027 5052; baseline 0.002 -20"><span class='ocrx_word' id='word_1_445' title='bbox 367 4980 618 5034; x_wconf 72' lang='grc' dir='ltr'>δικασταὶ</span> <span class='ocrx_word' id='word_1_446' title='bbox 655 4982 850 5052; x_wconf 89' lang='grc' dir='ltr'>μόνων.</span> <span class='ocrx_word' id='word_1_447' title='bbox 885 4983 1079 5035; x_wconf 82' lang='grc' dir='ltr'>Καίτοι</span> <span class='ocrx_word' id='word_1_448' title='bbox 1111 4999 1174 5047; x_wconf 91' lang='grc' dir='ltr'>γε</span> <span class='ocrx_word' id='word_1_449' title='bbox 1219 4981 1330 5036; x_wconf 84' lang='grc' dir='ltr'>ἀνω</span> <span class='ocrx_word' id='word_1_450' title='bbox 1360 4982 1488 5050; x_wconf 74' lang='grc' dir='ltr'>περὶ</span> <span class='ocrx_word' id='word_1_451' title='bbox 1513 4981 1607 5034; x_wconf 88' lang='grc' dir='ltr'>τοῦ</span> <span class='ocrx_word' id='word_1_452' title='bbox 1637 4983 1848 5052; x_wconf 89' lang='grc' dir='ltr'>Πατρὸς</span> <span class='ocrx_word' id='word_1_453' title='bbox 1876 4983 2027 5052; x_wconf 77' lang='grc' dir='ltr'>ἔλεγε</span> 
     </span>
    </p>
   </div>
   <div class='ocr_carea' id='block_1_53' title="bbox 369 5068 2026 5142">
    <p class='ocr_par' dir='ltr' id='par_1_53' title="bbox 369 5068 2026 5142">
     <span class='ocr_line' id='line_1_53' title="bbox 369 5068 2026 5142; baseline 0 -20"><span class='ocrx_word' id='word_1_454' title='bbox 369 5071 553 5141; x_wconf 81' lang='grc' dir='ltr'>μόνου,</span> <span class='ocrx_word' id='word_1_455' title='bbox 587 5071 702 5124; x_wconf 82' lang='grc' dir='ltr'>ἀλλ’</span> <span class='ocrx_word' id='word_1_456' title='bbox 735 5071 922 5141; x_wconf 83' lang='grc' dir='ltr'>ἐπειδὴ</span> <span class='ocrx_word' id='word_1_457' title='bbox 963 5071 1147 5124; x_wconf 85' lang='grc' dir='ltr'>λοιπὸν</span> <span class='ocrx_word' id='word_1_458' title='bbox 1181 5070 1378 5132; x_wconf 80' lang='grc' dir='ltr'>αὐτοὺς</span> <span class='ocrx_word' id='word_1_459' title='bbox 1426 5068 1713 5122; x_wconf 85' lang='grc' dir='ltr'>κατελέανε</span> <span class='ocrx_word' id='word_1_460' title='bbox 1746 5069 1825 5140; x_wconf 79' lang='grc' dir='ltr'>τῷ</span> <span class='ocrx_word' id='word_1_461' title='bbox 1858 5072 2026 5142; x_wconf 76' lang='grc' dir='ltr'>φόϐῳ,</span> 
     </span>
    </p>
   </div>
   <div class='ocr_carea' id='block_1_54' title="bbox 367 5154 2028 5228">
    <p class='ocr_par' dir='ltr' id='par_1_54' title="bbox 367 5154 2028 5228">
     <span class='ocr_line' id='line_1_54' title="bbox 367 5154 2028 5228; baseline 0.001 -20"><span class='ocrx_word' id='word_1_462' title='bbox 367 5159 611 5226; x_wconf 79' lang='grc' dir='ltr'>ἐπήγαγε</span> <span class='ocrx_word' id='word_1_463' title='bbox 660 5159 753 5211; x_wconf 72' lang='grc' dir='ltr'>καὶ</span> <span class='ocrx_word' id='word_1_464' title='bbox 798 5159 888 5211; x_wconf 90' lang='grc' dir='ltr'>τὸν</span> <span class='ocrx_word' id='word_1_465' title='bbox 937 5159 1065 5228; x_wconf 69' lang='grc' dir='ltr'>περὶ</span> <span class='ocrx_word' id='word_1_466' title='bbox 1111 5158 1204 5211; x_wconf 89' lang='grc' dir='ltr'>τοῦ</span> <span class='ocrx_word' id='word_1_467' title='bbox 1257 5155 1490 5226; x_wconf 77' lang='grc' dir='ltr'>Χριστοῦ</span> <span class='ocrx_word' id='word_1_468' title='bbox 1538 5154 1726 5223; x_wconf 88' lang='grc' dir='ltr'>λόγον·</span> <span class='ocrx_word' id='word_1_469' title='bbox 1770 5157 1862 5209; x_wconf 64' lang='grc' dir='ltr'>καὶ¹</span> <span class='ocrx_word' id='word_1_470' title='bbox 1906 5157 2028 5210; x_wconf 85' lang='grc' dir='ltr'>οὐδέ</span> 
     </span>
    </p>
   </div>
   <div class='ocr_carea' id='block_1_55' title="bbox 366 5241 2028 5314">
    <p class='ocr_par' dir='ltr' id='par_1_55' title="bbox 366 5241 2028 5314">
     <span class='ocr_line' id='line_1_55' title="bbox 366 5241 2028 5314; baseline -0.001 -17"><span class='ocrx_word' id='word_1_471' title='bbox 366 5241 553 5297; x_wconf 85' lang='grc' dir='ltr'>τοῦτον</span> <span class='ocrx_word' id='word_1_472' title='bbox 577 5244 785 5307; x_wconf 81' lang='grc' dir='ltr'>ἁπλῶς,</span> <span class='ocrx_word' id='word_1_473' title='bbox 814 5245 950 5297; x_wconf 80' lang='grc' dir='ltr'>ἀλλὰ</span> <span class='ocrx_word' id='word_1_474' title='bbox 981 5246 1072 5298; x_wconf 73' lang='grc' dir='ltr'>καὶ</span> <span class='ocrx_word' id='word_1_475' title='bbox 1101 5241 1333 5297; x_wconf 85' lang='grc' dir='ltr'>ἐνταῦθα</span> <span class='ocrx_word' id='word_1_476' title='bbox 1363 5241 1516 5314; x_wconf 71' lang='grc'>[469]</span> <span class='ocrx_word' id='word_1_477' title='bbox 1541 5241 1635 5294; x_wconf 88' lang='grc' dir='ltr'>τοῦ</span> <span class='ocrx_word' id='word_1_478' title='bbox 1655 5243 1864 5312; x_wconf 86' lang='grc' dir='ltr'>Πατρὸς</span> <span class='ocrx_word' id='word_1_479' title='bbox 1894 5260 2028 5313; x_wconf 83' lang='grc' dir='ltr'>μνη-</span> 
     </span>
    </p>
   </div>
   <div class='ocr_carea' id='block_1_56' title="bbox 371 5329 2027 5400">
    <p class='ocr_par' dir='ltr' id='par_1_56' title="bbox 371 5329 2027 5400">
     <span class='ocr_line' id='line_1_56' title="bbox 371 5329 2027 5400; baseline 0.002 -21"><span class='ocrx_word' id='word_1_480' title='bbox 371 5329 657 5398; x_wconf 79' lang='grc' dir='ltr'>μονεύσας,</span> <span class='ocrx_word' id='word_1_481' title='bbox 682 5329 850 5392; x_wconf 74' lang='grc' dir='ltr'>οὓτως</span> <span class='ocrx_word' id='word_1_482' title='bbox 879 5331 1037 5383; x_wconf 84' lang='grc' dir='ltr'>αὐτὸν</span> <span class='ocrx_word' id='word_1_483' title='bbox 1068 5332 1396 5400; x_wconf 77' lang='grc' dir='ltr'>ἐπεισήγαγε</span> <span class='ocrx_word' id='word_1_484' title='bbox 1417 5347 1431 5361; x_wconf 78' lang='grc' dir='ltr'><strong>ο</strong></span> <span class='ocrx_word' id='word_1_485' title='bbox 1479 5329 1576 5382; x_wconf 77' lang='grc' dir='ltr'>καὶ</span> <span class='ocrx_word' id='word_1_486' title='bbox 1610 5329 1703 5382; x_wconf 86' lang='grc' dir='ltr'>τοῦ</span> <span class='ocrx_word' id='word_1_487' title='bbox 1740 5329 2027 5400; x_wconf 77' lang='grc' dir='ltr'>κηρύγμαο</span> 
     </span>
    </p>
   </div>
   <div class='ocr_carea' id='block_1_57' title="bbox 367 5415 2025 5487">
    <p class='ocr_par' dir='ltr' id='par_1_57' title="bbox 367 5415 2025 5487">
     <span class='ocr_line' id='line_1_57' title="bbox 367 5415 2025 5487; baseline 0.001 -20"><span class='ocrx_word' id='word_1_488' title='bbox 367 5431 458 5478; x_wconf 90' lang='grc' dir='ltr'>τος</span> <span class='ocrx_word' id='word_1_489' title='bbox 485 5415 542 5468; x_wconf 81' lang='grc' dir='ltr'>δὲ</span> <span class='ocrx_word' id='word_1_490' title='bbox 570 5415 630 5468; x_wconf 90' lang='grc' dir='ltr'>τὸ</span> <span class='ocrx_word' id='word_1_491' title='bbox 670 5416 885 5485; x_wconf 83' lang='grc' dir='ltr'>ἀξίωμα</span> <span class='ocrx_word' id='word_1_492' title='bbox 927 5417 995 5468; x_wconf 85' lang='grc' dir='ltr'>δι’</span> <span class='ocrx_word' id='word_1_493' title='bbox 1022 5418 1202 5470; x_wconf 83' lang='grc' dir='ltr'>αὐτῶν</span> <span class='ocrx_word' id='word_1_494' title='bbox 1228 5417 1477 5487; x_wconf 90' lang='grc' dir='ltr'>ἐπαίρει·</span> <span class='ocrx_word' id='word_1_495' title='bbox 1513 5415 1669 5469; x_wconf 89' lang='grc' dir='ltr'>τοῦτο</span> <span class='ocrx_word' id='word_1_496' title='bbox 1709 5416 1837 5485; x_wconf 78' lang='grc' dir='ltr'>γὰρ,</span> <span class='ocrx_word' id='word_1_497' title='bbox 1871 5417 2025 5486; x_wconf 75' lang='grc' dir='ltr'>φησὶ,</span> 
     </span>
    </p>
   </div>
   <div class='ocr_carea' id='block_1_58' title="bbox 366 5501 2025 5574">
    <p class='ocr_par' dir='ltr' id='par_1_58' title="bbox 366 5501 2025 5574">
     <span class='ocr_line' id='line_1_58' title="bbox 366 5501 2025 5574; baseline -0.001 -19"><span class='ocrx_word' id='word_1_498' title='bbox 366 5501 428 5556; x_wconf 89' lang='grc' dir='ltr'>τὸ</span> <span class='ocrx_word' id='word_1_499' title='bbox 459 5501 716 5574; x_wconf 78' lang='grc' dir='ltr'>κήρυγμα</span> <span class='ocrx_word' id='word_1_500' title='bbox 749 5502 918 5554; x_wconf 87' lang='grc' dir='ltr'>ταῦτα</span> <span class='ocrx_word' id='word_1_501' title='bbox 939 5506 1336 5572; x_wconf 87' lang='grc' dir='ltr'>προαναφωνεῖ,</span> <span class='ocrx_word' id='word_1_502' title='bbox 1365 5502 1400 5556; x_wconf 71' lang='grc' dir='ltr'>ἃ</span> <span class='ocrx_word' id='word_1_503' title='bbox 1429 5501 1776 5573; x_wconf 87' lang='grc' dir='ltr'>προλαϐοῦσα</span> <span class='ocrx_word' id='word_1_504' title='bbox 1804 5505 1836 5572; x_wconf 79' lang='grc' dir='ltr'><strong>ή</strong></span> <span class='ocrx_word' id='word_1_505' title='bbox 1865 5502 2025 5569; x_wconf 82' lang='grc' dir='ltr'>φύσις</span> 
     </span>
    </p>
   </div>
   <div class='ocr_carea' id='block_1_59' title="bbox 367 5588 628 5655">
    <p class='ocr_par' dir='ltr' id='par_1_59' title="bbox 367 5588 628 5655">
     <span class='ocr_line' id='line_1_59' title="bbox 367 5588 628 5655; baseline 0.004 -14"><span class='ocrx_word' id='word_1_506' title='bbox 367 5588 564 5655; x_wconf 77' lang='grc' dir='ltr'>ἔδειξεν</span> <span class='ocrx_word' id='word_1_507' title='bbox 583 5599 628 5642; x_wconf 78' lang='grc' dir='ltr'>ε.</span> 
     </span>
    </p>
   </div>
   <div class='ocr_carea' id='block_1_60' title="bbox 437 5671 2025 5750">
    <p class='ocr_par' dir='ltr' id='par_1_60' title="bbox 437 5671 2025 5750">
     <span class='ocr_line' id='line_1_60' title="bbox 437 5671 2025 5750; baseline 0.003 -22"><span class='ocrx_word' id='word_1_508' title='bbox 437 5683 489 5740; x_wconf 86' lang='grc' dir='ltr'>ς’</span> <span class='ocrx_word' id='word_1_509' title='bbox 497 5716 509 5732; x_wconf 90' lang='grc'>.</span> <span class='ocrx_word' id='word_1_510' title='bbox 526 5671 678 5738; x_wconf 79' lang='grc' dir='ltr'>Εἶδες</span> <span class='ocrx_word' id='word_1_511' title='bbox 695 5673 810 5737; x_wconf 90' lang='grc' dir='ltr'>πῶς</span> <span class='ocrx_word' id='word_1_512' title='bbox 829 5674 1060 5737; x_wconf 81' lang='grc' dir='ltr'>συνετῶς</span> <span class='ocrx_word' id='word_1_513' title='bbox 1076 5675 1170 5727; x_wconf 76' lang='grc' dir='ltr'>καὶ</span> <span class='ocrx_word' id='word_1_514' title='bbox 1188 5674 1264 5742; x_wconf 86' lang='grc' dir='ltr'>τῷ</span> <span class='ocrx_word' id='word_1_515' title='bbox 1282 5676 1592 5747; x_wconf 80' lang='grc' dir='ltr'>Εὐαγγελίῳ</span> <span class='ocrx_word' id='word_1_516' title='bbox 1611 5681 1702 5730; x_wconf 65' lang='grc' dir='ltr'>καὶ</span> <span class='ocrx_word' id='word_1_517' title='bbox 1718 5680 1794 5747; x_wconf 81' lang='grc' dir='ltr'>τῷ</span> <span class='ocrx_word' id='word_1_518' title='bbox 1807 5681 2025 5750; x_wconf 78' lang='grc' dir='ltr'>Χριστῷ</span> 
     </span>
    </p>
   </div>
   <div class='ocr_carea' id='block_1_61' title="bbox 366 5763 2026 5840">
    <p class='ocr_par' dir='ltr' id='par_1_61' title="bbox 366 5763 2026 5840">
     <span class='ocr_line' id='line_1_61' title="bbox 366 5763 2026 5840; baseline 0.002 -24"><span class='ocrx_word' id='word_1_519' title='bbox 366 5765 545 5835; x_wconf 81' lang='grc' dir='ltr'>φέρων</span> <span class='ocrx_word' id='word_1_520' title='bbox 583 5766 779 5827; x_wconf 83' lang='grc' dir='ltr'>αὐτοὺς</span> <span class='ocrx_word' id='word_1_521' title='bbox 813 5763 1108 5835; x_wconf 81' lang='grc' dir='ltr'>προσέδησε</span> <span class='ocrx_word' id='word_1_522' title='bbox 1131 5805 1146 5829; x_wconf 96' lang='grc'>,</span> <span class='ocrx_word' id='word_1_523' title='bbox 1185 5765 1280 5817; x_wconf 74' lang='grc' dir='ltr'>καὶ</span> <span class='ocrx_word' id='word_1_524' title='bbox 1314 5766 1610 5832; x_wconf 78' lang='grc' dir='ltr'>ἀπέδειξεν,</span> <span class='ocrx_word' id='word_1_525' title='bbox 1648 5769 1727 5819; x_wconf 78' lang='grc' dir='ltr'>ὅτι</span> <span class='ocrx_word' id='word_1_526' title='bbox 1759 5769 1818 5819; x_wconf 80' lang='grc' dir='ltr'>οὐ</span> <span class='ocrx_word' id='word_1_527' title='bbox 1864 5770 2026 5840; x_wconf 79' lang='grc' dir='ltr'>μέχρι</span> 
     </span>
    </p>
   </div>
   <div class='ocr_carea' id='block_1_62' title="bbox 364 5851 2027 5926">
    <p class='ocr_par' dir='ltr' id='par_1_62' title="bbox 364 5851 2027 5926">
     <span class='ocr_line' id='line_1_62' title="bbox 364 5851 2027 5926; baseline 0.002 -22"><span class='ocrx_word' id='word_1_528' title='bbox 364 5853 470 5904; x_wconf 90' lang='grc' dir='ltr'>τῶν</span> <span class='ocrx_word' id='word_1_529' title='bbox 515 5852 745 5907; x_wconf 82' lang='grc' dir='ltr'>ἐνταῦθα</span> <span class='ocrx_word' id='word_1_530' title='bbox 774 5851 844 5906; x_wconf 76' lang='grc' dir='ltr'>τά</span> <span class='ocrx_word' id='word_1_531' title='bbox 885 5851 1126 5922; x_wconf 83' lang='grc' dir='ltr'>ἡμέτερα</span> <span class='ocrx_word' id='word_1_532' title='bbox 1167 5853 1394 5908; x_wconf 82' lang='grc' dir='ltr'>ἵσταται.</span> <span class='ocrx_word' id='word_1_533' title='bbox 1436 5854 1570 5906; x_wconf 77' lang='grc' dir='ltr'>ἀλλὰ</span> <span class='ocrx_word' id='word_1_534' title='bbox 1612 5854 1783 5910; x_wconf 82' lang='grc' dir='ltr'>ὁδεύει</span> <span class='ocrx_word' id='word_1_535' title='bbox 1837 5873 2027 5926; x_wconf 81' lang='grc' dir='ltr'>περαι-</span> 
     </span>
    </p>
   </div>
   <div class='ocr_carea' id='block_1_63' title="bbox 427 5989 2018 6059">
    <p class='ocr_par' dir='ltr' id='par_1_63' title="bbox 427 5989 2018 6059">
     <span class='ocr_line' id='line_1_63' title="bbox 427 5989 2018 6059; baseline 0.007 -22"><span class='ocrx_word' id='word_1_536' title='bbox 427 5989 453 6059; x_wconf 54' lang='lat'><strong>1</strong></span> <span class='ocrx_word' id='word_1_537' title='bbox 475 5989 606 6038; x_wconf 89' lang='lat' dir='ltr'>Unus</span> <span class='ocrx_word' id='word_1_538' title='bbox 629 5993 1094 6059; x_wconf 37' lang='grc' dir='ltr'>τῶν-συλλογισμῶν,</span> <span class='ocrx_word' id='word_1_539' title='bbox 1119 6005 1216 6040; x_wconf 90' lang='lat' dir='ltr'>non</span> <span class='ocrx_word' id='word_1_540' title='bbox 1234 5991 1380 6041; x_wconf 79' lang='lat' dir='ltr'>male.</span> <span class='ocrx_word' id='word_1_541' title='bbox 1447 5993 1474 6032; x_wconf 72' lang='grc' dir='ltr'><strong>ι)</strong></span> <span class='ocrx_word' id='word_1_542' title='bbox 1495 5991 1615 6056; x_wconf 77' lang='lat' dir='ltr'><strong>Alii,</strong></span> <span class='ocrx_word' id='word_1_543' title='bbox 1636 5996 1715 6042; x_wconf 81' lang='grc' dir='ltr'>καὶ</span> <span class='ocrx_word' id='word_1_544' title='bbox 1735 5996 1833 6045; x_wconf 84' lang='grc' dir='ltr'>τόν-</span> <span class='ocrx_word' id='word_1_545' title='bbox 1853 5998 2018 6059; x_wconf 82' lang='grc' dir='ltr'>νόμον.</span> 
     </span>
    </p>
   </div>
   <div class='ocr_carea' id='block_1_64' title="bbox 373 6051 919 6115">
    <p class='ocr_par' dir='ltr' id='par_1_64' title="bbox 373 6051 919 6115">
     <span class='ocr_line' id='line_1_64' title="bbox 373 6051 919 6115; baseline 0.007 -15"><span class='ocrx_word' id='word_1_546' title='bbox 373 6054 394 6082; x_wconf 72' lang='grc' dir='ltr'>ε</span> <span class='ocrx_word' id='word_1_547' title='bbox 416 6051 524 6101; x_wconf 88' lang='lat' dir='ltr'>Duo</span> <span class='ocrx_word' id='word_1_548' title='bbox 541 6065 677 6115; x_wconf 58' lang='grc' dir='ltr'>ωδε,</span> <span class='ocrx_word' id='word_1_549' title='bbox 699 6051 919 6111; x_wconf 59' lang='lat' dir='ltr'>meum;</span> 
     </span>
    </p>
   </div>
   <div class='ocr_carea' id='block_1_65' title="bbox 1092 401 2037 508">
    <p class='ocr_par' dir='ltr' id='par_1_65' title="bbox 1092 401 2037 501">
     <span class='ocr_line' id='line_1_65' title="bbox 1092 401 2037 501; baseline -0.001 -2"><span class='ocrx_word' id='word_1_550' title='bbox 1092 444 1148 499; x_wconf 90' lang='lat' dir='ltr'>s.</span> <span class='ocrx_word' id='word_1_551' title='bbox 1185 401 1466 500; x_wconf 55' lang='lat' dir='ltr'>JOANNIS</span> <span class='ocrx_word' id='word_1_552' title='bbox 1503 445 1984 501; x_wconf 71' lang='grc' dir='ltr'>ειιιιγευυτοιιι</span> <span class='ocrx_word' id='word_1_553' title='bbox 2023 453 2037 498; x_wconf 66' lang='grc' dir='ltr'><em>λ</em></span> 
     </span>
    </p>
   </div>
   <div class='ocr_carea' id='block_1_66' title="bbox 2139 401 2924 508">
    <p class='ocr_par' dir='ltr' id='par_1_66' title="bbox 2139 445 2924 508">
     <span class='ocr_line' id='line_1_66' title="bbox 2139 445 2924 508; baseline 0.009 -7"><span class='ocrx_word' id='word_1_554' title='bbox 2139 445 2342 504; x_wconf 71' lang='lat' dir='ltr'>IIIIEP.</span> <span class='ocrx_word' id='word_1_555' title='bbox 2382 449 2924 508; x_wconf 78' lang='lat' dir='ltr'>CONSTANTINOP.</span> 
     </span>
    </p>
   </div>
   <div class='ocr_carea' id='block_1_67' title="bbox 2154 562 3814 638">
    <p class='ocr_par' dir='ltr' id='par_1_67' title="bbox 2154 562 3814 638">
     <span class='ocr_line' id='line_1_67' title="bbox 2154 562 3814 638; baseline 0.007 -25"><span class='ocrx_word' id='word_1_556' title='bbox 2154 562 2329 633; x_wconf 77' lang='lat' dir='ltr'>:épm;</span> <span class='ocrx_word' id='word_1_557' title='bbox 2367 567 2431 620; x_wconf 82' lang='lat'>‘0</span> <span class='ocrx_word' id='word_1_558' title='bbox 2467 569 2561 620; x_wconf 81' lang='grc' dir='ltr'>καὶ</span> <span class='ocrx_word' id='word_1_559' title='bbox 2592 567 2704 622; x_wconf 79' lang='grc' dir='ltr'>ἀνω</span> <span class='ocrx_word' id='word_1_560' title='bbox 2723 569 2748 608; x_wconf 73' lang='grc' dir='ltr'><em>ἀ</em></span> <span class='ocrx_word' id='word_1_561' title='bbox 2773 569 3178 623; x_wconf 83' lang='grc' dir='ltr'>’κατεσκεύασεν</span> <span class='ocrx_word' id='word_1_562' title='bbox 3208 569 3400 632; x_wconf 76' lang='grc' dir='ltr'>εἰπὼν,</span> <span class='ocrx_word' id='word_1_563' title='bbox 3432 568 3814 638; x_wconf 68' lang='grc' dir='ltr'>Θησαυρίζὲις</span> 
     </span>
    </p>
   </div>
   <div class='ocr_carea' id='block_1_68' title="bbox 2153 647 3809 719">
    <p class='ocr_par' dir='ltr' id='par_1_68' title="bbox 2153 647 3809 719">
     <span class='ocr_line' id='line_1_68' title="bbox 2153 647 3809 719; baseline 0.002 -22"><span class='ocrx_word' id='word_1_564' title='bbox 2153 647 2388 712; x_wconf 83' lang='grc' dir='ltr'>σεαυτῷ</span> <span class='ocrx_word' id='word_1_565' title='bbox 2423 649 2610 717; x_wconf 77' lang='grc' dir='ltr'>ὀργὴν</span> <span class='ocrx_word' id='word_1_566' title='bbox 2659 651 2728 704; x_wconf 80' lang='grc' dir='ltr'>ἐν</span> <span class='ocrx_word' id='word_1_567' title='bbox 2759 651 2948 719; x_wconf 73' lang='grc' dir='ltr'>ἡμέρᾳ</span> <span class='ocrx_word' id='word_1_568' title='bbox 2991 652 3191 719; x_wconf 66' lang='grc' dir='ltr'>ὀργῆς,</span> <span class='ocrx_word' id='word_1_569' title='bbox 3227 653 3321 705; x_wconf 71' lang='grc' dir='ltr'>καὶ</span> <span class='ocrx_word' id='word_1_570' title='bbox 3350 652 3585 705; x_wconf 86' lang='grc' dir='ltr'>ἐνταῦθα</span> <span class='ocrx_word' id='word_1_571' title='bbox 3635 652 3809 712; x_wconf 77' lang='grc' dir='ltr'>πάλιν,</span> 
     </span>
    </p>
   </div>
   <div class='ocr_carea' id='block_1_69' title="bbox 2152 729 3809 803">
    <p class='ocr_par' dir='ltr' id='par_1_69' title="bbox 2152 729 3809 803">
     <span class='ocr_line' id='line_1_69' title="bbox 2152 729 3809 803; baseline 0.004 -23"><span class='ocrx_word' id='word_1_572' title='bbox 2152 729 2358 795; x_wconf 78' lang='grc' dir='ltr'>Κρινεῖ</span> <span class='ocrx_word' id='word_1_573' title='bbox 2380 733 2414 783; x_wconf 82' lang='grc' dir='ltr'>ό</span> <span class='ocrx_word' id='word_1_574' title='bbox 2461 732 2604 798; x_wconf 79' lang='grc' dir='ltr'>Θεὸς</span> <span class='ocrx_word' id='word_1_575' title='bbox 2634 734 2707 786; x_wconf 88' lang='grc' dir='ltr'>τὰ</span> <span class='ocrx_word' id='word_1_576' title='bbox 2744 737 2976 802; x_wconf 82' lang='grc' dir='ltr'>κρυπτὰ</span> <span class='ocrx_word' id='word_1_577' title='bbox 3013 734 3130 787; x_wconf 80' lang='grc' dir='ltr'>τῶν</span> <span class='ocrx_word' id='word_1_578' title='bbox 3157 735 3504 803; x_wconf 77' lang='grc' dir='ltr'>ἀνθρώπων.</span> <span class='ocrx_word' id='word_1_579' title='bbox 3546 735 3809 796; x_wconf 83' lang='grc' dir='ltr'>Ἕκαστος</span> 
     </span>
    </p>
   </div>
   <div class='ocr_carea' id='block_1_70' title="bbox 2147 809 3806 884">
    <p class='ocr_par' dir='ltr' id='par_1_70' title="bbox 2147 809 3806 884">
     <span class='ocr_line' id='line_1_70' title="bbox 2147 809 3806 884; baseline 0.004 -22"><span class='ocrx_word' id='word_1_580' title='bbox 2147 809 2326 863; x_wconf 88' lang='grc' dir='ltr'>τοίνυν</span> <span class='ocrx_word' id='word_1_581' title='bbox 2359 814 2439 874; x_wconf 82' lang='grc' dir='ltr'>είς</span> <span class='ocrx_word' id='word_1_582' title='bbox 2464 813 2526 866; x_wconf 89' lang='grc' dir='ltr'>τὸ</span> <span class='ocrx_word' id='word_1_583' title='bbox 2546 815 2739 868; x_wconf 83' lang='grc' dir='ltr'>ἑαυτοῦ</span> <span class='ocrx_word' id='word_1_584' title='bbox 2765 817 3001 879; x_wconf 85' lang='grc' dir='ltr'>συνειδὸς</span> <span class='ocrx_word' id='word_1_585' title='bbox 3019 815 3209 874; x_wconf 84' lang='grc' dir='ltr'>ἐλθὼν.</span> <span class='ocrx_word' id='word_1_586' title='bbox 3244 819 3337 870; x_wconf 77' lang='grc' dir='ltr'>καὶ</span> <span class='ocrx_word' id='word_1_587' title='bbox 3366 817 3806 884; x_wconf 78' lang='grc' dir='ltr'>ἀναλογιζόμενος</span> 
     </span>
    </p>
   </div>
   <div class='ocr_carea' id='block_1_71' title="bbox 2147 892 3804 970">
    <p class='ocr_par' dir='ltr' id='par_1_71' title="bbox 2147 892 3804 970">
     <span class='ocr_line' id='line_1_71' title="bbox 2147 892 3804 970; baseline 0.004 -26"><span class='ocrx_word' id='word_1_588' title='bbox 2147 892 2218 945; x_wconf 83' lang='grc' dir='ltr'>τά</span> <span class='ocrx_word' id='word_1_589' title='bbox 2239 896 2703 970; x_wconf 62' lang='grc' dir='ltr'>πλημμελήματα,</span> <span class='ocrx_word' id='word_1_590' title='bbox 2732 900 3030 952; x_wconf 86' lang='grc' dir='ltr'>ἀπαιτείτω</span> <span class='ocrx_word' id='word_1_591' title='bbox 3049 900 3148 963; x_wconf 85' lang='grc' dir='ltr'>τὰς</span> <span class='ocrx_word' id='word_1_592' title='bbox 3177 899 3407 963; x_wconf 78' lang='grc' dir='ltr'>εὐθύνας</span> <span class='ocrx_word' id='word_1_593' title='bbox 3438 900 3629 954; x_wconf 84' lang='grc' dir='ltr'>ἑαυτὸν</span> <span class='ocrx_word' id='word_1_594' title='bbox 3658 901 3804 968; x_wconf 85' lang='grc' dir='ltr'>ἀκρι-</span> 
     </span>
    </p>
   </div>
   <div class='ocr_carea' id='block_1_72' title="bbox 2149 971 3799 1051">
    <p class='ocr_par' dir='ltr' id='par_1_72' title="bbox 2149 971 3799 1051">
     <span class='ocr_line' id='line_1_72' title="bbox 2149 971 3799 1051; baseline 0.008 -25"><span class='ocrx_word' id='word_1_595' title='bbox 2149 975 2277 1039; x_wconf 83' lang='grc' dir='ltr'>ϐῶς,</span> <span class='ocrx_word' id='word_1_596' title='bbox 2313 977 2397 1028; x_wconf 83' lang='grc' dir='ltr'>ἵνα</span> <span class='ocrx_word' id='word_1_597' title='bbox 2436 971 2570 1032; x_wconf 62' lang='grc' dir='ltr'>τόξὲ</span> <span class='ocrx_word' id='word_1_598' title='bbox 2597 979 2672 1050; x_wconf 78' lang='grc' dir='ltr'>μὴ</span> <span class='ocrx_word' id='word_1_599' title='bbox 2705 982 3130 1051; x_wconf 84' lang='grc' dir='ltr'>κατακριθῶμεν</span> <span class='ocrx_word' id='word_1_600' title='bbox 3167 981 3305 1050; x_wconf 83' lang='grc' dir='ltr'>μετὰ</span> <span class='ocrx_word' id='word_1_601' title='bbox 3332 982 3434 1050; x_wconf 83' lang='grc' dir='ltr'>τῆς</span> <span class='ocrx_word' id='word_1_602' title='bbox 3467 981 3799 1050; x_wconf 74' lang='grc' dir='ltr'>οἰκουμένης-</span> 
     </span>
    </p>
   </div>
   <div class='ocr_carea' id='block_1_73' title="bbox 2147 1057 3802 1136">
    <p class='ocr_par' dir='ltr' id='par_1_73' title="bbox 2147 1057 3802 1136">
     <span class='ocr_line' id='line_1_73' title="bbox 2147 1057 3802 1136; baseline 0.004 -27"><span class='ocrx_word' id='word_1_603' title='bbox 2147 1057 2380 1128; x_wconf 84' lang='grc' dir='ltr'>Φοϐερὸν</span> <span class='ocrx_word' id='word_1_604' title='bbox 2422 1060 2531 1132; x_wconf 83' lang='grc' dir='ltr'>γάρ</span> <span class='ocrx_word' id='word_1_605' title='bbox 2567 1065 2743 1116; x_wconf 79' lang='grc' dir='ltr'>έκεῖνο</span> <span class='ocrx_word' id='word_1_606' title='bbox 2773 1064 2834 1116; x_wconf 90' lang='grc' dir='ltr'>τὸ</span> <span class='ocrx_word' id='word_1_607' title='bbox 2873 1065 3242 1136; x_wconf 88' lang='grc' dir='ltr'>δικαστήριον,</span> <span class='ocrx_word' id='word_1_608' title='bbox 3278 1063 3505 1134; x_wconf 90' lang='grc' dir='ltr'>φρικτὸν</span> <span class='ocrx_word' id='word_1_609' title='bbox 3546 1064 3608 1114; x_wconf 91' lang='grc' dir='ltr'>τὸ</span> <span class='ocrx_word' id='word_1_610' title='bbox 3638 1062 3802 1132; x_wconf 77' lang='grc' dir='ltr'>βῆμα,</span> 
     </span>
    </p>
   </div>
   <div class='ocr_carea' id='block_1_74' title="bbox 2148 1141 3798 1218">
    <p class='ocr_par' dir='ltr' id='par_1_74' title="bbox 2148 1141 3798 1218">
     <span class='ocr_line' id='line_1_74' title="bbox 2148 1141 3798 1218; baseline 0.004 -28"><span class='ocrx_word' id='word_1_611' title='bbox 2148 1141 2351 1211; x_wconf 80' lang='grc' dir='ltr'>τρόμου</span> <span class='ocrx_word' id='word_1_612' title='bbox 2408 1144 2665 1213; x_wconf 82' lang='grc' dir='ltr'>γέμουσιν</span> <span class='ocrx_word' id='word_1_613' title='bbox 2694 1148 2750 1199; x_wconf 85' lang='grc' dir='ltr'>αί</span> <span class='ocrx_word' id='word_1_614' title='bbox 2804 1146 3048 1210; x_wconf 90' lang='grc' dir='ltr'>εὐθῦναι,</span> <span class='ocrx_word' id='word_1_615' title='bbox 3090 1147 3260 1218; x_wconf 85' lang='grc' dir='ltr'>πυρὸς</span> <span class='ocrx_word' id='word_1_616' title='bbox 3290 1148 3506 1200; x_wconf 74' lang='grc' dir='ltr'>ἕλκεται</span> <span class='ocrx_word' id='word_1_617' title='bbox 3535 1145 3798 1213; x_wconf 86' lang='grc' dir='ltr'>ποταμός·</span> 
     </span>
    </p>
   </div>
   <div class='ocr_carea' id='block_1_75' title="bbox 2159 1222 3803 1298">
    <p class='ocr_par' dir='ltr' id='par_1_75' title="bbox 2159 1222 3803 1298">
     <span class='ocr_line' id='line_1_75' title="bbox 2159 1222 3803 1298; baseline 0.002 -21"><span class='ocrx_word' id='word_1_618' title='bbox 2159 1222 2448 1295; x_wconf 72' lang='grc' dir='ltr'>Ἀδελφὸς</span> <span class='ocrx_word' id='word_1_619' title='bbox 2501 1231 2573 1281; x_wconf 84' lang='grc' dir='ltr'>οὐ</span> <span class='ocrx_word' id='word_1_620' title='bbox 2636 1231 2988 1297; x_wconf 78' lang='grc' dir='ltr'>λυτροῦται,</span> <span class='ocrx_word' id='word_1_621' title='bbox 3039 1231 3406 1298; x_wconf 76' lang='grc' dir='ltr'>λυτρὼσεται</span> <span class='ocrx_word' id='word_1_622' title='bbox 3463 1229 3803 1296; x_wconf 80' lang='grc' dir='ltr'>ἇνθρωπυς;</span> 
     </span>
    </p>
   </div>
   <div class='ocr_carea' id='block_1_76' title="bbox 2161 1305 3801 1383">
    <p class='ocr_par' dir='ltr' id='par_1_76' title="bbox 2161 1305 3801 1383">
     <span class='ocr_line' id='line_1_76' title="bbox 2161 1305 3801 1383; baseline 0.002 -25"><span class='ocrx_word' id='word_1_623' title='bbox 2161 1305 2559 1378; x_wconf 82' lang='grc' dir='ltr'>Ἀναμνήσθητι</span> <span class='ocrx_word' id='word_1_624' title='bbox 2596 1311 2705 1381; x_wconf 84' lang='grc' dir='ltr'>γὰρ</span> <span class='ocrx_word' id='word_1_625' title='bbox 2751 1313 2862 1365; x_wconf 83' lang='grc' dir='ltr'>τῶν</span> <span class='ocrx_word' id='word_1_626' title='bbox 2906 1315 2964 1366; x_wconf 91' lang='grc' dir='ltr'>ἐν</span> <span class='ocrx_word' id='word_1_627' title='bbox 3002 1313 3080 1383; x_wconf 84' lang='grc' dir='ltr'>τῷ</span> <span class='ocrx_word' id='word_1_628' title='bbox 3129 1312 3444 1380; x_wconf 81' lang='grc' dir='ltr'>Εὐαγγελίῳ</span> <span class='ocrx_word' id='word_1_629' title='bbox 3476 1311 3801 1380; x_wconf 86' lang='grc' dir='ltr'>λεγομένων.</span> 
     </span>
    </p>
   </div>
   <div class='ocr_carea' id='block_1_77' title="bbox 2145 1390 3802 1467">
    <p class='ocr_par' dir='ltr' id='par_1_77' title="bbox 2145 1390 3802 1467">
     <span class='ocr_line' id='line_1_77' title="bbox 2145 1390 3802 1467; baseline 0.002 -26"><span class='ocrx_word' id='word_1_630' title='bbox 2145 1390 2255 1442; x_wconf 89' lang='grc' dir='ltr'>τῶν</span> <span class='ocrx_word' id='word_1_631' title='bbox 2297 1391 2542 1460; x_wconf 83' lang='grc' dir='ltr'>ἀγγέλων</span> <span class='ocrx_word' id='word_1_632' title='bbox 2586 1395 2694 1448; x_wconf 89' lang='grc' dir='ltr'>τῶν</span> <span class='ocrx_word' id='word_1_633' title='bbox 2739 1398 3192 1467; x_wconf 86' lang='grc' dir='ltr'>περιτρεχόντων,</span> <span class='ocrx_word' id='word_1_634' title='bbox 3245 1394 3338 1448; x_wconf 89' lang='grc' dir='ltr'>τοῦ</span> <span class='ocrx_word' id='word_1_635' title='bbox 3393 1394 3673 1463; x_wconf 83' lang='grc' dir='ltr'>νυμφῶνος</span> <span class='ocrx_word' id='word_1_636' title='bbox 3701 1391 3802 1445; x_wconf 84' lang='grc' dir='ltr'>τοῦ</span> 
     </span>
    </p>
   </div>
   <div class='ocr_carea' id='block_1_78' title="bbox 2145 1474 3799 1552">
    <p class='ocr_par' dir='ltr' id='par_1_78' title="bbox 2145 1474 3799 1552">
     <span class='ocr_line' id='line_1_78' title="bbox 2145 1474 3799 1552; baseline 0.002 -26"><span class='ocrx_word' id='word_1_637' title='bbox 2145 1474 2590 1548; x_wconf 84' lang='grc' dir='ltr'>ἀποκλειομένου,</span> <span class='ocrx_word' id='word_1_638' title='bbox 2623 1481 2734 1536; x_wconf 90' lang='grc' dir='ltr'>τῶν</span> <span class='ocrx_word' id='word_1_639' title='bbox 2782 1481 3080 1552; x_wconf 82' lang='grc' dir='ltr'>λαμπάδων</span> <span class='ocrx_word' id='word_1_640' title='bbox 3125 1482 3234 1534; x_wconf 90' lang='grc' dir='ltr'>τῶν</span> <span class='ocrx_word' id='word_1_641' title='bbox 3288 1479 3364 1552; x_wconf 81' lang='grc' dir='ltr'>μὴ</span> <span class='ocrx_word' id='word_1_642' title='bbox 3414 1479 3799 1548; x_wconf 87' lang='grc' dir='ltr'>σϐεννυμένων,</span> 
     </span>
    </p>
   </div>
   <div class='ocr_carea' id='block_1_79' title="bbox 2144 1557 3802 1631">
    <p class='ocr_par' dir='ltr' id='par_1_79' title="bbox 2144 1557 3802 1631">
     <span class='ocr_line' id='line_1_79' title="bbox 2144 1557 3802 1631; baseline 0.002 -24"><span class='ocrx_word' id='word_1_643' title='bbox 2144 1557 2252 1609; x_wconf 89' lang='grc' dir='ltr'>τῶν</span> <span class='ocrx_word' id='word_1_644' title='bbox 2278 1558 2560 1630; x_wconf 81' lang='grc' dir='ltr'>δυνάμεων</span> <span class='ocrx_word' id='word_1_645' title='bbox 2588 1561 2694 1614; x_wconf 91' lang='grc' dir='ltr'>τῶν</span> <span class='ocrx_word' id='word_1_646' title='bbox 2720 1565 2799 1627; x_wconf 84' lang='grc' dir='ltr'>είς</span> <span class='ocrx_word' id='word_1_647' title='bbox 2826 1564 2925 1626; x_wconf 81' lang='grc' dir='ltr'>τὰς</span> <span class='ocrx_word' id='word_1_648' title='bbox 2953 1564 3212 1631; x_wconf 87' lang='grc' dir='ltr'>καμίνους</span> <span class='ocrx_word' id='word_1_649' title='bbox 3245 1561 3538 1616; x_wconf 89' lang='grc' dir='ltr'>ἑλκουσῶν.</span> <span class='ocrx_word' id='word_1_650' title='bbox 3572 1561 3802 1613; x_wconf 82' lang='grc' dir='ltr'>Κάκεῖνο</span> 
     </span>
    </p>
   </div>
   <div class='ocr_carea' id='block_1_80' title="bbox 2146 1635 3802 1718">
    <p class='ocr_par' dir='ltr' id='par_1_80' title="bbox 2146 1635 3802 1718">
     <span class='ocr_line' id='line_1_80' title="bbox 2146 1635 3802 1718; baseline -0.011 -8"><span class='ocrx_word' id='word_1_651' title='bbox 2146 1638 2378 1709; x_wconf 80' lang='grc' dir='ltr'>λόγισαι,</span> <span class='ocrx_word' id='word_1_652' title='bbox 2417 1645 2500 1696; x_wconf 79' lang='grc' dir='ltr'>ὅτι</span> <span class='ocrx_word' id='word_1_653' title='bbox 2534 1646 2588 1698; x_wconf 79' lang='grc' dir='ltr'>εί</span> <span class='ocrx_word' id='word_1_654' title='bbox 2617 1659 2761 1710; x_wconf 88' lang='grc' dir='ltr'>τινος</span> <span class='ocrx_word' id='word_1_655' title='bbox 2801 1647 2958 1716; x_wconf 78' lang='grc' dir='ltr'>ἡμῶν</span> <span class='ocrx_word' id='word_1_656' title='bbox 3004 1648 3232 1718; x_wconf 81' lang='grc' dir='ltr'>πρᾶγμα</span> <span class='ocrx_word' id='word_1_657' title='bbox 3259 1635 3499 1714; x_wconf 82' lang='grc' dir='ltr'>κρυπτὸν</span> <span class='ocrx_word' id='word_1_658' title='bbox 3529 1643 3606 1704; x_wconf 89' lang='grc' dir='ltr'>είς</span> <span class='ocrx_word' id='word_1_659' title='bbox 3642 1641 3802 1711; x_wconf 86' lang='grc' dir='ltr'>μέσον</span> 
     </span>
    </p>
   </div>
   <div class='ocr_carea' id='block_1_81' title="bbox 2145 1724 3799 1801">
    <p class='ocr_par' dir='ltr' id='par_1_81' title="bbox 2145 1724 3799 1801">
     <span class='ocr_line' id='line_1_81' title="bbox 2145 1724 3799 1801; baseline -0.007 -15"><span class='ocrx_word' id='word_1_660' title='bbox 2145 1724 2345 1796; x_wconf 74' lang='grc' dir='ltr'>ἐνήχθη</span> <span class='ocrx_word' id='word_1_661' title='bbox 2372 1728 2612 1799; x_wconf 85' lang='grc' dir='ltr'>τήμερον</span> <span class='ocrx_word' id='word_1_662' title='bbox 2637 1730 2731 1783; x_wconf 79' lang='grc' dir='ltr'>ἐπὶ</span> <span class='ocrx_word' id='word_1_663' title='bbox 2762 1733 2860 1801; x_wconf 83' lang='grc' dir='ltr'>τῆς</span> <span class='ocrx_word' id='word_1_664' title='bbox 2885 1730 3176 1799; x_wconf 79' lang='grc' dir='ltr'>ἐκκλησίας</span> <span class='ocrx_word' id='word_1_665' title='bbox 3212 1729 3396 1798; x_wconf 83' lang='grc' dir='ltr'>μόνης,</span> <span class='ocrx_word' id='word_1_666' title='bbox 3435 1724 3552 1787; x_wconf 88' lang='grc' dir='ltr'>πῶς</span> <span class='ocrx_word' id='word_1_667' title='bbox 3579 1724 3643 1776; x_wconf 84' lang='grc' dir='ltr'>ἂν</span> <span class='ocrx_word' id='word_1_668' title='bbox 3671 1725 3799 1776; x_wconf 80' lang='grc' dir='ltr'>ἀποο</span> 
     </span>
    </p>
   </div>
   <div class='ocr_carea' id='block_1_82' title="bbox 2145 1806 3798 1884">
    <p class='ocr_par' dir='ltr' id='par_1_82' title="bbox 2145 1806 3798 1884">
     <span class='ocr_line' id='line_1_82' title="bbox 2145 1806 3798 1884; baseline 0.002 -26"><span class='ocrx_word' id='word_1_669' title='bbox 2145 1806 2332 1862; x_wconf 91' lang='grc' dir='ltr'>λέσθαι</span> <span class='ocrx_word' id='word_1_670' title='bbox 2378 1812 2471 1864; x_wconf 73' lang='grc' dir='ltr'>καὶ</span> <span class='ocrx_word' id='word_1_671' title='bbox 2512 1811 2610 1882; x_wconf 84' lang='grc' dir='ltr'>τὴν</span> <span class='ocrx_word' id='word_1_672' title='bbox 2633 1813 2748 1882; x_wconf 78' lang='grc' dir='ltr'>,γῆν</span> <span class='ocrx_word' id='word_1_673' title='bbox 2789 1814 2936 1884; x_wconf 90' lang='grc' dir='ltr'>αὐτῷ</span> <span class='ocrx_word' id='word_1_674' title='bbox 2963 1813 3244 1883; x_wconf 77' lang='grc' dir='ltr'>διαστῆναι</span> <span class='ocrx_word' id='word_1_675' title='bbox 3285 1811 3486 1882; x_wconf 73' lang='grc' dir='ltr'>ηὔξατο</span> <span class='ocrx_word' id='word_1_676' title='bbox 3515 1811 3732 1876; x_wconf 82' lang='grc' dir='ltr'>μᾶλλον,</span> <span class='ocrx_word' id='word_1_677' title='bbox 3766 1808 3798 1879; x_wconf 83' lang='grc' dir='ltr'><strong>ἦ</strong></span> 
     </span>
    </p>
   </div>
   <div class='ocr_carea' id='block_1_83' title="bbox 2143 1891 3800 1967">
    <p class='ocr_par' dir='ltr' id='par_1_83' title="bbox 2143 1891 3800 1967">
     <span class='ocr_line' id='line_1_83' title="bbox 2143 1891 3800 1967; baseline -0.002 -21"><span class='ocrx_word' id='word_1_678' title='bbox 2143 1894 2427 1958; x_wconf 86' lang='grc' dir='ltr'>τοσούτους</span> <span class='ocrx_word' id='word_1_679' title='bbox 2455 1894 2737 1967; x_wconf 86' lang='grc' dir='ltr'>μάρτυρας</span> <span class='ocrx_word' id='word_1_680' title='bbox 2767 1896 2866 1965; x_wconf 77' lang='grc' dir='ltr'>τῆς</span> <span class='ocrx_word' id='word_1_681' title='bbox 2898 1897 3092 1958; x_wconf 82' lang='grc' dir='ltr'>κακίας</span> <span class='ocrx_word' id='word_1_682' title='bbox 3121 1897 3294 1966; x_wconf 81' lang='grc' dir='ltr'>σχεῐνί</span> <span class='ocrx_word' id='word_1_683' title='bbox 3328 1897 3392 1947; x_wconf 88' lang='grc' dir='ltr'>Τί</span> <span class='ocrx_word' id='word_1_684' title='bbox 3419 1891 3509 1948; x_wconf 79' lang='grc' dir='ltr'>οὖν</span> <span class='ocrx_word' id='word_1_685' title='bbox 3541 1895 3656 1947; x_wconf 85' lang='grc' dir='ltr'>τότε</span> <span class='ocrx_word' id='word_1_686' title='bbox 3689 1910 3800 1944; x_wconf 67' lang='lat'><em>1:6:-</em></span> 
     </span>
    </p>
   </div>
   <div class='ocr_carea' id='block_1_84' title="bbox 2146 1975 3799 2056">
    <p class='ocr_par' dir='ltr' id='par_1_84' title="bbox 2146 1975 3799 2056">
     <span class='ocr_line' id='line_1_84' title="bbox 2146 1975 3799 2056; baseline -0.001 -28"><span class='ocrx_word' id='word_1_687' title='bbox 2146 1975 2372 2046; x_wconf 90' lang='grc' dir='ltr'>σόμεθα,</span> <span class='ocrx_word' id='word_1_688' title='bbox 2417 1978 2545 2030; x_wconf 83' lang='grc' dir='ltr'>ὅταν</span> <span class='ocrx_word' id='word_1_689' title='bbox 2589 1978 2682 2031; x_wconf 78' lang='grc' dir='ltr'>ἐπὶ</span> <span class='ocrx_word' id='word_1_690' title='bbox 2730 1981 2828 2040; x_wconf 82' lang='grc' dir='ltr'>τῆς</span> <span class='ocrx_word' id='word_1_691' title='bbox 2873 1978 3201 2056; x_wconf 77' lang='grc' dir='ltr'>οἰκουμένης</span> <span class='ocrx_word' id='word_1_692' title='bbox 3251 1980 3330 2041; x_wconf 83' lang='grc' dir='ltr'>είς</span> <span class='ocrx_word' id='word_1_693' title='bbox 3385 1977 3545 2048; x_wconf 90' lang='grc' dir='ltr'>μέσον</span> <span class='ocrx_word' id='word_1_694' title='bbox 3589 1976 3799 2028; x_wconf 74' lang='grc' dir='ltr'>ἅπαντα</span> 
     </span>
    </p>
   </div>
   <div class='ocr_carea' id='block_1_85' title="bbox 2145 2057 3799 2132">
    <p class='ocr_par' dir='ltr' id='par_1_85' title="bbox 2145 2057 3799 2132">
     <span class='ocr_line' id='line_1_85' title="bbox 2145 2057 3799 2132; baseline -0.001 -22"><span class='ocrx_word' id='word_1_695' title='bbox 2145 2057 2380 2130; x_wconf 85' lang='grc' dir='ltr'>φέρηται</span> <span class='ocrx_word' id='word_1_696' title='bbox 2412 2061 2469 2112; x_wconf 88' lang='grc' dir='ltr'>ἐν</span> <span class='ocrx_word' id='word_1_697' title='bbox 2492 2059 2718 2130; x_wconf 85' lang='grc' dir='ltr'>τοιούτῳ</span> <span class='ocrx_word' id='word_1_698' title='bbox 2746 2060 2957 2132; x_wconf 89' lang='grc' dir='ltr'>θεάτρῳ</span> <span class='ocrx_word' id='word_1_699' title='bbox 2989 2059 3225 2131; x_wconf 83' lang='grc' dir='ltr'>λαμπρῷ</span> <span class='ocrx_word' id='word_1_700' title='bbox 3251 2061 3345 2113; x_wconf 79' lang='grc' dir='ltr'>καὶ</span> <span class='ocrx_word' id='word_1_701' title='bbox 3377 2061 3679 2128; x_wconf 83' lang='grc' dir='ltr'>περιφανεῖ,</span> <span class='ocrx_word' id='word_1_702' title='bbox 3707 2057 3799 2109; x_wconf 75' lang='grc' dir='ltr'>καὶ</span> 
     </span>
    </p>
   </div>
   <div class='ocr_carea' id='block_1_86' title="bbox 2142 2139 3794 2213">
    <p class='ocr_par' dir='ltr' id='par_1_86' title="bbox 2142 2139 3794 2213">
     <span class='ocr_line' id='line_1_86' title="bbox 2142 2139 3794 2213; baseline -0.002 -19"><span class='ocrx_word' id='word_1_703' title='bbox 2142 2139 2249 2195; x_wconf 83' lang='grc' dir='ltr'>τῶν</span> <span class='ocrx_word' id='word_1_704' title='bbox 2287 2141 2576 2212; x_wconf 88' lang='grc' dir='ltr'>γνωρίμων</span> <span class='ocrx_word' id='word_1_705' title='bbox 2619 2143 2712 2194; x_wconf 81' lang='grc' dir='ltr'>καὶ</span> <span class='ocrx_word' id='word_1_706' title='bbox 2758 2143 2869 2196; x_wconf 89' lang='grc' dir='ltr'>τῶν</span> <span class='ocrx_word' id='word_1_707' title='bbox 2903 2143 3195 2212; x_wconf 83' lang='grc' dir='ltr'>ἀγνώστων</span> <span class='ocrx_word' id='word_1_708' title='bbox 3240 2145 3369 2213; x_wconf 76' lang='grc' dir='ltr'>ἡμῖν</span> <span class='ocrx_word' id='word_1_709' title='bbox 3410 2144 3622 2195; x_wconf 75' lang='grc' dir='ltr'>ἅπαντα</span> <span class='ocrx_word' id='word_1_710' title='bbox 3667 2157 3794 2191; x_wconf 81' lang='grc' dir='ltr'>κατ-</span> 
     </span>
    </p>
   </div>
   <div class='ocr_carea' id='block_1_87' title="bbox 2142 2223 3795 2295">
    <p class='ocr_par' dir='ltr' id='par_1_87' title="bbox 2142 2223 3795 2295">
     <span class='ocr_line' id='line_1_87' title="bbox 2142 2223 3795 2295; baseline 0 -22"><span class='ocrx_word' id='word_1_711' title='bbox 2142 2223 2508 2290; x_wconf 70' lang='grc' dir='ltr'>οπτευόντων;</span> <span class='ocrx_word' id='word_1_712' title='bbox 2539 2224 2677 2278; x_wconf 85' lang='grc' dir='ltr'>Ἀλλ’</span> <span class='ocrx_word' id='word_1_713' title='bbox 2691 2225 2832 2295; x_wconf 73' lang='grc' dir='ltr'>οἶμοι</span> <span class='ocrx_word' id='word_1_714' title='bbox 2851 2225 3011 2278; x_wconf 85' lang='grc' dir='ltr'>πόθεν</span> <span class='ocrx_word' id='word_1_715' title='bbox 3031 2224 3411 2293; x_wconf 79' lang='grc' dir='ltr'>ἀναγκάζομαι</span> <span class='ocrx_word' id='word_1_716' title='bbox 3428 2224 3608 2293; x_wconf 86' lang='grc' dir='ltr'>φοϐεῖν</span> <span class='ocrx_word' id='word_1_717' title='bbox 3625 2223 3795 2292; x_wconf 76' lang='grc' dir='ltr'>ὐμᾶςς</span> 
     </span>
    </p>
   </div>
   <div class='ocr_carea' id='block_1_88' title="bbox 2143 2304 3795 2380">
    <p class='ocr_par' dir='ltr' id='par_1_88' title="bbox 2143 2304 3795 2380">
     <span class='ocr_line' id='line_1_88' title="bbox 2143 2304 3795 2380; baseline -0.002 -21"><span class='ocrx_word' id='word_1_718' title='bbox 2143 2307 2251 2360; x_wconf 84' lang='grc' dir='ltr'>ἀπὸ</span> <span class='ocrx_word' id='word_1_719' title='bbox 2273 2308 2372 2378; x_wconf 83' lang='grc' dir='ltr'>τῆς</span> <span class='ocrx_word' id='word_1_720' title='bbox 2407 2308 2515 2361; x_wconf 90' lang='grc' dir='ltr'>τῶν</span> <span class='ocrx_word' id='word_1_721' title='bbox 2536 2309 2840 2380; x_wconf 84' lang='grc' dir='ltr'>ἀνθρώπων</span> <span class='ocrx_word' id='word_1_722' title='bbox 2870 2309 3206 2378; x_wconf 71' lang='grc' dir='ltr'>ὑπολήψεως,</span> <span class='ocrx_word' id='word_1_723' title='bbox 3234 2307 3353 2360; x_wconf 84' lang='grc' dir='ltr'>δέον</span> <span class='ocrx_word' id='word_1_724' title='bbox 3373 2307 3479 2360; x_wconf 87' lang='grc' dir='ltr'>ἀπὸ</span> <span class='ocrx_word' id='word_1_725' title='bbox 3503 2306 3599 2359; x_wconf 86' lang='grc' dir='ltr'>τοῦ</span> <span class='ocrx_word' id='word_1_726' title='bbox 3633 2304 3795 2373; x_wconf 80' lang='grc' dir='ltr'>φόϐου</span> 
     </span>
    </p>
   </div>
   <div class='ocr_carea' id='block_1_89' title="bbox 2141 2391 3794 2462">
    <p class='ocr_par' dir='ltr' id='par_1_89' title="bbox 2141 2391 3794 2462">
     <span class='ocr_line' id='line_1_89' title="bbox 2141 2391 3794 2462; baseline -0.002 -19"><span class='ocrx_word' id='word_1_727' title='bbox 2141 2391 2236 2444; x_wconf 87' lang='grc' dir='ltr'>τοῦ</span> <span class='ocrx_word' id='word_1_728' title='bbox 2265 2391 2422 2459; x_wconf 86' lang='grc' dir='ltr'>Θεοῦ,</span> <span class='ocrx_word' id='word_1_729' title='bbox 2459 2393 2685 2462; x_wconf 76' lang='grc' dir='ltr'>καὶτῆς</span> <span class='ocrx_word' id='word_1_730' title='bbox 2725 2393 2918 2446; x_wconf 87' lang='grc' dir='ltr'>ἑαυτοῦ</span> <span class='ocrx_word' id='word_1_731' title='bbox 2965 2391 3361 2459; x_wconf 87' lang='grc' dir='ltr'>καταγνώσεως</span> <span class='ocrx_word' id='word_1_732' title='bbox 3391 2391 3550 2444; x_wconf 87' lang='grc' dir='ltr'>τοῦτο</span> <span class='ocrx_word' id='word_1_733' title='bbox 3587 2392 3794 2453; x_wconf 77' lang='grc' dir='ltr'>ποιεῖνς</span> 
     </span>
    </p>
   </div>
   <div class='ocr_carea' id='block_1_90' title="bbox 2143 2471 3799 2546">
    <p class='ocr_par' dir='ltr' id='par_1_90' title="bbox 2143 2471 3799 2546">
     <span class='ocr_line' id='line_1_90' title="bbox 2143 2471 3799 2546; baseline -0.001 -22"><span class='ocrx_word' id='word_1_734' title='bbox 2143 2472 2299 2536; x_wconf 91' lang='grc' dir='ltr'>Τίνες</span> <span class='ocrx_word' id='word_1_735' title='bbox 2335 2474 2445 2544; x_wconf 79' lang='grc' dir='ltr'>γὰρ</span> <span class='ocrx_word' id='word_1_736' title='bbox 2475 2475 2728 2546; x_wconf 91' lang='grc' dir='ltr'>ἐσόμεθα,</span> <span class='ocrx_word' id='word_1_737' title='bbox 2761 2475 2883 2527; x_wconf 75' lang='grc' dir='ltr'>εἰπέ</span> <span class='ocrx_word' id='word_1_738' title='bbox 2922 2492 3030 2544; x_wconf 88' lang='grc' dir='ltr'>μοι,</span> <span class='ocrx_word' id='word_1_739' title='bbox 3064 2474 3204 2535; x_wconf 86' lang='grc' dir='ltr'>τότε,</span> <span class='ocrx_word' id='word_1_740' title='bbox 3232 2475 3360 2526; x_wconf 79' lang='grc' dir='ltr'>ὅταν</span> <span class='ocrx_word' id='word_1_741' title='bbox 3395 2472 3657 2534; x_wconf 81' lang='grc' dir='ltr'>δεθέντες,</span> <span class='ocrx_word' id='word_1_742' title='bbox 3690 2471 3799 2523; x_wconf 89' lang='grc' dir='ltr'>τῶν</span> 
     </span>
    </p>
   </div>
   <div class='ocr_carea' id='block_1_91' title="bbox 2141 2554 3797 2629">
    <p class='ocr_par' dir='ltr' id='par_1_91' title="bbox 2141 2554 3797 2629">
     <span class='ocr_line' id='line_1_91' title="bbox 2141 2554 3797 2629; baseline -0.003 -18"><span class='ocrx_word' id='word_1_743' title='bbox 2141 2556 2368 2611; x_wconf 84' lang='grc' dir='ltr'>ὀδόντων</span> <span class='ocrx_word' id='word_1_744' title='bbox 2393 2557 2715 2629; x_wconf 83' lang='grc' dir='ltr'>βρυχόντων,</span> <span class='ocrx_word' id='word_1_745' title='bbox 2745 2559 2823 2621; x_wconf 83' lang='grc' dir='ltr'>είς</span> <span class='ocrx_word' id='word_1_746' title='bbox 2843 2558 2906 2611; x_wconf 92' lang='grc' dir='ltr'>τὸ</span> <span class='ocrx_word' id='word_1_747' title='bbox 2931 2557 3251 2628; x_wconf 83' lang='grc' dir='ltr'>ἑξώτετερον</span> <span class='ocrx_word' id='word_1_748' title='bbox 3284 2555 3543 2625; x_wconf 88' lang='grc' dir='ltr'>ἀγώμεθα</span> <span class='ocrx_word' id='word_1_749' title='bbox 3573 2554 3797 2618; x_wconf 86' lang='grc' dir='ltr'>σκότος;</span> 
     </span>
    </p>
   </div>
   <div class='ocr_carea' id='block_1_92' title="bbox 2144 2641 3796 2716">
    <p class='ocr_par' dir='ltr' id='par_1_92' title="bbox 2144 2641 3796 2716">
     <span class='ocr_line' id='line_1_92' title="bbox 2144 2641 3796 2716; baseline -0.003 -18"><span class='ocrx_word' id='word_1_750' title='bbox 2144 2645 2345 2714; x_wconf 80' lang='grc' dir='ltr'>μᾶλλον</span> <span class='ocrx_word' id='word_1_751' title='bbox 2382 2645 2440 2698; x_wconf 83' lang='grc' dir='ltr'>δὲ</span> <span class='ocrx_word' id='word_1_752' title='bbox 2490 2645 2542 2697; x_wconf 86' lang='grc' dir='ltr'>τί</span> <span class='ocrx_word' id='word_1_753' title='bbox 2577 2646 2896 2716; x_wconf 82' lang='grc' dir='ltr'>ποιήσομεν,</span> <span class='ocrx_word' id='word_1_754' title='bbox 2933 2646 2962 2698; x_wconf 89' lang='grc' dir='ltr'><strong>ὃ</strong></span> <span class='ocrx_word' id='word_1_755' title='bbox 2995 2645 3211 2698; x_wconf 86' lang='grc' dir='ltr'>πάντων</span> <span class='ocrx_word' id='word_1_756' title='bbox 3238 2644 3355 2696; x_wconf 75' lang='grc' dir='ltr'>ἐστὶ</span> <span class='ocrx_word' id='word_1_757' title='bbox 3401 2641 3796 2712; x_wconf 86' lang='grc' dir='ltr'>φοϐερώτερον,</span> 
     </span>
    </p>
   </div>
   <div class='ocr_carea' id='block_1_93' title="bbox 2139 2725 3799 2801">
    <p class='ocr_par' dir='ltr' id='par_1_93' title="bbox 2139 2725 3799 2801">
     <span class='ocr_line' id='line_1_93' title="bbox 2139 2725 3799 2801; baseline -0.002 -20"><span class='ocrx_word' id='word_1_758' title='bbox 2139 2729 2267 2782; x_wconf 83' lang='grc' dir='ltr'>ὅταν</span> <span class='ocrx_word' id='word_1_759' title='bbox 2297 2728 2376 2799; x_wconf 85' lang='grc' dir='ltr'>τῷ</span> <span class='ocrx_word' id='word_1_760' title='bbox 2405 2729 2524 2800; x_wconf 84' lang='grc' dir='ltr'>Θεῷ</span> <span class='ocrx_word' id='word_1_761' title='bbox 2553 2731 3052 2801; x_wconf 88' lang='grc' dir='ltr'>προσκρούσωμεν;</span> <span class='ocrx_word' id='word_1_762' title='bbox 3083 2730 3147 2781; x_wconf 76' lang='lat' dir='ltr'>El</span> <span class='ocrx_word' id='word_1_763' title='bbox 3177 2727 3286 2796; x_wconf 89' lang='grc' dir='ltr'>γάρ</span> <span class='ocrx_word' id='word_1_764' title='bbox 3304 2743 3388 2790; x_wconf 89' lang='grc' dir='ltr'>τις</span> <span class='ocrx_word' id='word_1_765' title='bbox 3410 2725 3658 2795; x_wconf 77' lang='grc' dir='ltr'>αἴσθησιν</span> <span class='ocrx_word' id='word_1_766' title='bbox 3685 2725 3799 2795; x_wconf 85' lang='grc' dir='ltr'>ἔχει</span> 
     </span>
    </p>
   </div>
   <div class='ocr_carea' id='block_1_94' title="bbox 2140 2809 3800 2884">
    <p class='ocr_par' dir='ltr' id='par_1_94' title="bbox 2140 2809 3800 2884">
     <span class='ocr_line' id='line_1_94' title="bbox 2140 2809 3800 2884; baseline -0.002 -20"><span class='ocrx_word' id='word_1_767' title='bbox 2140 2813 2235 2865; x_wconf 73' lang='grc' dir='ltr'>καὶ</span> <span class='ocrx_word' id='word_1_768' title='bbox 2268 2811 2416 2876; x_wconf 81' lang='grc' dir='ltr'>νοῦν,</span> <span class='ocrx_word' id='word_1_769' title='bbox 2442 2814 2542 2884; x_wconf 69' lang='grc' dir='ltr'>ἤδη</span> <span class='ocrx_word' id='word_1_770' title='bbox 2571 2814 2666 2866; x_wconf 69' lang='grc' dir='ltr'>καὶ⁸</span> <span class='ocrx_word' id='word_1_771' title='bbox 2691 2814 2787 2884; x_wconf 82' lang='grc' dir='ltr'>τὴν</span> <span class='ocrx_word' id='word_1_772' title='bbox 2818 2813 3040 2881; x_wconf 84' lang='grc' dir='ltr'>γέενναν</span> <span class='ocrx_word' id='word_1_773' title='bbox 3068 2813 3376 2882; x_wconf 83' lang='grc' dir='ltr'>ὑπέμεινεν,</span> <span class='ocrx_word' id='word_1_774' title='bbox 3403 2811 3528 2863; x_wconf 82' lang='grc' dir='ltr'>ὅταν</span> <span class='ocrx_word' id='word_1_775' title='bbox 3547 2809 3606 2873; x_wconf 80' lang='grc' dir='ltr'>ἐξ</span> <span class='ocrx_word' id='word_1_776' title='bbox 3622 2809 3800 2878; x_wconf 77' lang='grc' dir='ltr'>ὅψεως</span> 
     </span>
    </p>
   </div>
   <div class='ocr_carea' id='block_1_95' title="bbox 2139 2893 3798 2966">
    <p class='ocr_par' dir='ltr' id='par_1_95' title="bbox 2139 2893 3798 2966">
     <span class='ocr_line' id='line_1_95' title="bbox 2139 2893 3798 2966; baseline -0.002 -17"><span class='ocrx_word' id='word_1_777' title='bbox 2139 2896 2366 2966; x_wconf 84' lang='grc' dir='ltr'>γένηται</span> <span class='ocrx_word' id='word_1_778' title='bbox 2415 2896 2511 2950; x_wconf 90' lang='grc' dir='ltr'>τοῦ</span> <span class='ocrx_word' id='word_1_779' title='bbox 2563 2897 2733 2950; x_wconf 77' lang='grc' dir='ltr'>Θεοῦο</span> <span class='ocrx_word' id='word_1_780' title='bbox 2779 2897 2894 2950; x_wconf 85' lang='grc' dir='ltr'>ἀλλ’</span> <span class='ocrx_word' id='word_1_781' title='bbox 2943 2897 3126 2966; x_wconf 86' lang='grc' dir='ltr'>ἐπειδὴ</span> <span class='ocrx_word' id='word_1_782' title='bbox 3175 2895 3332 2949; x_wconf 87' lang='grc' dir='ltr'>τοῦτο</span> <span class='ocrx_word' id='word_1_783' title='bbox 3361 2896 3461 2948; x_wconf 90' lang='grc' dir='ltr'>οὐκ</span> <span class='ocrx_word' id='word_1_784' title='bbox 3487 2895 3666 2966; x_wconf 79' lang='grc' dir='ltr'>όδυνᾷ,</span> <span class='ocrx_word' id='word_1_785' title='bbox 3695 2893 3798 2966; x_wconf 22' lang='grc' dir='ltr'>*διὰ</span> 
     </span>
    </p>
   </div>
   <div class='ocr_carea' id='block_1_96' title="bbox 2137 2949 3798 3037">
    <p class='ocr_par' dir='ltr' id='par_1_96' title="bbox 2137 2949 3798 3037">
     <span class='ocr_line' id='line_1_96' title="bbox 2137 2949 3798 3037; baseline -0.002 -19"><span class='ocrx_word' id='word_1_786' title='bbox 2137 2949 2298 3020; x_wconf 65' lang='grc' dir='ltr'>τοῦτο</span> <span class='ocrx_word' id='word_1_787' title='bbox 2328 2949 2542 3036; x_wconf 74' lang='grc' dir='ltr'>ἠπείλει</span> <span class='ocrx_word' id='word_1_788' title='bbox 2701 2979 2746 3020; x_wconf 78' lang='grc' dir='ltr'>θ.</span> <span class='ocrx_word' id='word_1_789' title='bbox 2773 2949 2882 3020; x_wconf 73' lang='grc' dir='ltr'>καί</span> <span class='ocrx_word' id='word_1_790' title='bbox 2910 2949 3227 3037; x_wconf 15' lang='grc' dir='ltr'>γάρίέχρῆν,</span> <span class='ocrx_word' id='word_1_791' title='bbox 3263 2967 3361 3036; x_wconf 88' lang='grc' dir='ltr'>οὐχ</span> <span class='ocrx_word' id='word_1_792' title='bbox 3393 2966 3520 3018; x_wconf 80' lang='grc' dir='ltr'>ὅταν</span> <span class='ocrx_word' id='word_1_793' title='bbox 3554 2949 3798 3026; x_wconf 79' lang='grc' dir='ltr'>κολαζώ-</span> 
     </span>
    </p>
   </div>
   <div class='ocr_carea' id='block_1_97' title="bbox 2142 3047 3798 3120">
    <p class='ocr_par' dir='ltr' id='par_1_97' title="bbox 2142 3047 3798 3120">
     <span class='ocr_line' id='line_1_97' title="bbox 2142 3047 3798 3120; baseline -0.002 -19"><span class='ocrx_word' id='word_1_794' title='bbox 2142 3048 2303 3118; x_wconf 86' lang='grc' dir='ltr'>μεθα,</span> <span class='ocrx_word' id='word_1_795' title='bbox 2359 3050 2565 3117; x_wconf 89' lang='grc' dir='ltr'>ἀλγεῖν,</span> <span class='ocrx_word' id='word_1_796' title='bbox 2607 3049 2722 3104; x_wconf 83' lang='grc' dir='ltr'>ἀλλ’</span> <span class='ocrx_word' id='word_1_797' title='bbox 2749 3051 2874 3104; x_wconf 82' lang='grc' dir='ltr'>ὅταν</span> <span class='ocrx_word' id='word_1_798' title='bbox 2911 3050 3335 3120; x_wconf 86' lang='grc' dir='ltr'>ἀμαρτάνωμεν.</span> <span class='ocrx_word' id='word_1_799' title='bbox 3373 3051 3637 3102; x_wconf 82' lang='grc' dir='ltr'>’Λκουσον</span> <span class='ocrx_word' id='word_1_800' title='bbox 3667 3047 3798 3114; x_wconf 87' lang='grc' dir='ltr'>γοῦν</span> 
     </span>
    </p>
   </div>
   <div class='ocr_carea' id='block_1_98' title="bbox 2135 3129 3797 3205">
    <p class='ocr_par' dir='ltr' id='par_1_98' title="bbox 2135 3129 3797 3205">
     <span class='ocr_line' id='line_1_98' title="bbox 2135 3129 3797 3205; baseline 0 -23"><span class='ocrx_word' id='word_1_801' title='bbox 2135 3129 2231 3183; x_wconf 86' lang='grc' dir='ltr'>τοῦ</span> <span class='ocrx_word' id='word_1_802' title='bbox 2263 3131 2476 3184; x_wconf 89' lang='grc' dir='ltr'>Παύλου</span> <span class='ocrx_word' id='word_1_803' title='bbox 2515 3131 2836 3205; x_wconf 82' lang='grc' dir='ltr'>θρηνοῦντος</span> <span class='ocrx_word' id='word_1_804' title='bbox 2865 3134 2958 3186; x_wconf 71' lang='grc' dir='ltr'>καὶ</span> <span class='ocrx_word' id='word_1_805' title='bbox 3002 3132 3405 3204; x_wconf 88' lang='grc' dir='ltr'>ἀποδυρομένου</span> <span class='ocrx_word' id='word_1_806' title='bbox 3432 3131 3570 3200; x_wconf 86' lang='grc' dir='ltr'>ὐπέρ</span> <span class='ocrx_word' id='word_1_807' title='bbox 3615 3131 3797 3200; x_wconf 86' lang='grc' dir='ltr'>ἁμαρ-</span> 
     </span>
    </p>
   </div>
   <div class='ocr_carea' id='block_1_99' title="bbox 2137 3209 3794 3286">
    <p class='ocr_par' dir='ltr' id='par_1_99' title="bbox 2137 3209 3794 3286">
     <span class='ocr_line' id='line_1_99' title="bbox 2137 3209 3794 3286; baseline 0 -19"><span class='ocrx_word' id='word_1_808' title='bbox 2137 3215 2418 3284; x_wconf 88' lang='grc' dir='ltr'>τημάτων,</span> <span class='ocrx_word' id='word_1_809' title='bbox 2473 3209 2548 3269; x_wconf 83' lang='grc' dir='ltr'>ὧν</span> <span class='ocrx_word' id='word_1_810' title='bbox 2581 3217 2681 3269; x_wconf 89' lang='grc' dir='ltr'>οὐκ</span> <span class='ocrx_word' id='word_1_811' title='bbox 2713 3215 2902 3286; x_wconf 78' lang='grc' dir='ltr'>ἔμελλε</span> <span class='ocrx_word' id='word_1_812' title='bbox 2950 3215 3138 3269; x_wconf 90' lang='grc' dir='ltr'>δώσειν</span> <span class='ocrx_word' id='word_1_813' title='bbox 3188 3217 3360 3286; x_wconf 85' lang='grc' dir='ltr'>δίκην.</span> <span class='ocrx_word' id='word_1_814' title='bbox 3393 3217 3476 3268; x_wconf 82' lang='grc' dir='ltr'>Οὐ</span> <span class='ocrx_word' id='word_1_815' title='bbox 3521 3214 3632 3283; x_wconf 73' lang='grc' dir='ltr'>γάρ</span> <span class='ocrx_word' id='word_1_816' title='bbox 3683 3218 3794 3283; x_wconf 80' lang='grc' dir='ltr'>ειμι</span> 
     </span>
    </p>
   </div>
   <div class='ocr_carea' id='block_1_100' title="bbox 2137 3297 3856 3368">
    <p class='ocr_par' dir='ltr' id='par_1_100' title="bbox 2137 3297 3856 3368">
     <span class='ocr_line' id='line_1_100' title="bbox 2137 3297 3856 3368; baseline -0.001 -18"><span class='ocrx_word' id='word_1_817' title='bbox 2137 3299 2364 3364; x_wconf 72' lang='grc' dir='ltr'>ἱκανὸς,</span> <span class='ocrx_word' id='word_1_818' title='bbox 2391 3301 2544 3368; x_wconf 77' lang='grc' dir='ltr'>φησὶ,</span> <span class='ocrx_word' id='word_1_819' title='bbox 2580 3298 2895 3354; x_wconf 81' lang='grc' dir='ltr'>καλεῖσθαι</span> <span class='ocrx_word' id='word_1_820' title='bbox 2925 3300 3289 3364; x_wconf 75' lang='grc' dir='ltr'>ἀπόστολος,</span> <span class='ocrx_word' id='word_1_821' title='bbox 3323 3298 3411 3350; x_wconf 80' lang='grc' dir='ltr'>ὅτι</span> <span class='ocrx_word' id='word_1_822' title='bbox 3441 3297 3657 3360; x_wconf 78' lang='grc' dir='ltr'>ἐδίωξα</span> <span class='ocrx_word' id='word_1_823' title='bbox 3683 3299 3795 3362; x_wconf 75' lang='grc' dir='ltr'>τὴν</span> <span class='ocrx_word' id='word_1_824' title='bbox 3847 3299 3856 3308; x_wconf 69' lang='grc'>⁸</span> 
     </span>
    </p>
   </div>
   <div class='ocr_carea' id='block_1_101' title="bbox 2151 3379 3796 3450">
    <p class='ocr_par' dir='ltr' id='par_1_101' title="bbox 2151 3379 3796 3450">
     <span class='ocr_line' id='line_1_101' title="bbox 2151 3379 3796 3450; baseline -0.001 -17"><span class='ocrx_word' id='word_1_825' title='bbox 2151 3381 2542 3450; x_wconf 73' lang='grc' dir='ltr'>Ἐκκλησίαν.</span> <span class='ocrx_word' id='word_1_826' title='bbox 2584 3384 2851 3436; x_wconf 76' lang='grc' dir='ltr'>’Ἄκουσον</span> <span class='ocrx_word' id='word_1_827' title='bbox 2895 3383 3024 3450; x_wconf 90' lang='grc' dir='ltr'>γοῦν</span> <span class='ocrx_word' id='word_1_828' title='bbox 3079 3383 3172 3435; x_wconf 72' lang='grc' dir='ltr'>καὶ</span> <span class='ocrx_word' id='word_1_829' title='bbox 3216 3379 3309 3433; x_wconf 88' lang='grc' dir='ltr'>τοῦ</span> <span class='ocrx_word' id='word_1_830' title='bbox 3351 3380 3515 3434; x_wconf 81' lang='grc' dir='ltr'>Δαυῖδ</span> <span class='ocrx_word' id='word_1_831' title='bbox 3564 3381 3662 3450; x_wconf 82' lang='grc' dir='ltr'>τῆς</span> <span class='ocrx_word' id='word_1_832' title='bbox 3702 3381 3796 3450; x_wconf 76' lang='grc' dir='ltr'>μὲν</span> 
     </span>
    </p>
   </div>
   <div class='ocr_carea' id='block_1_102' title="bbox 2138 3463 3796 3538">
    <p class='ocr_par' dir='ltr' id='par_1_102' title="bbox 2138 3463 3796 3538">
     <span class='ocr_line' id='line_1_102' title="bbox 2138 3463 3796 3538; baseline 0 -20"><span class='ocrx_word' id='word_1_833' title='bbox 2138 3465 2408 3530; x_wconf 87' lang='grc' dir='ltr'>κολάσεως</span> <span class='ocrx_word' id='word_1_834' title='bbox 2452 3466 2894 3538; x_wconf 86' lang='grc' dir='ltr'>ἀπηλλαγμένου,</span> <span class='ocrx_word' id='word_1_835' title='bbox 2943 3466 3128 3536; x_wconf 80' lang='grc' dir='ltr'>ἐπειδὴ</span> <span class='ocrx_word' id='word_1_836' title='bbox 3183 3465 3239 3517; x_wconf 88' lang='grc' dir='ltr'>δέ</span> <span class='ocrx_word' id='word_1_837' title='bbox 3283 3467 3498 3533; x_wconf 80' lang='grc' dir='ltr'>ἐνόμισε</span> <span class='ocrx_word' id='word_1_838' title='bbox 3553 3465 3631 3532; x_wconf 82' lang='grc' dir='ltr'>τῷ</span> <span class='ocrx_word' id='word_1_839' title='bbox 3681 3463 3796 3534; x_wconf 83' lang='grc' dir='ltr'>Θεῷ</span> 
     </span>
    </p>
   </div>
   <div class='ocr_carea' id='block_1_103' title="bbox 2139 3547 3797 3622">
    <p class='ocr_par' dir='ltr' id='par_1_103' title="bbox 2139 3547 3797 3622">
     <span class='ocr_line' id='line_1_103' title="bbox 2139 3547 3797 3622; baseline -0.002 -20"><span class='ocrx_word' id='word_1_840' title='bbox 2139 3551 2659 3622; x_wconf 87' lang='grc' dir='ltr'>προσκεκρουκέναι,</span> <span class='ocrx_word' id='word_1_841' title='bbox 2690 3552 2789 3622; x_wconf 78' lang='grc' dir='ltr'>τὴν</span> <span class='ocrx_word' id='word_1_842' title='bbox 2818 3551 3082 3622; x_wconf 88' lang='grc' dir='ltr'>τιμωρίαν</span> <span class='ocrx_word' id='word_1_843' title='bbox 3115 3549 3234 3601; x_wconf 79' lang='grc' dir='ltr'>καθ’</span> <span class='ocrx_word' id='word_1_844' title='bbox 3268 3548 3460 3601; x_wconf 76' lang='grc' dir='ltr'>ἑαυτοῦ</span> <span class='ocrx_word' id='word_1_845' title='bbox 3508 3547 3797 3610; x_wconf 88' lang='grc' dir='ltr'>καλοῦντος</span> 
     </span>
    </p>
   </div>
   <div class='ocr_carea' id='block_1_104' title="bbox 2138 3631 3795 3706">
    <p class='ocr_par' dir='ltr' id='par_1_104' title="bbox 2138 3631 3795 3706">
     <span class='ocr_line' id='line_1_104' title="bbox 2138 3631 3795 3706; baseline -0.002 -18"><span class='ocrx_word' id='word_1_846' title='bbox 2138 3636 2232 3688; x_wconf 67' lang='grc' dir='ltr'>κα)⁵</span> <span class='ocrx_word' id='word_1_847' title='bbox 2256 3635 2505 3706; x_wconf 92' lang='grc' dir='ltr'>λέγοντος</span> <span class='ocrx_word' id='word_1_848' title='bbox 2524 3655 2537 3668; x_wconf 83' lang='grc'>⁶</span> <span class='ocrx_word' id='word_1_849' title='bbox 2568 3635 2846 3692; x_wconf 82' lang='grc' dir='ltr'>Γενέσθω</span> <span class='ocrx_word' id='word_1_850' title='bbox 2869 3638 2906 3704; x_wconf 79' lang='grc' dir='ltr'><strong><em>ἠ</em></strong></span> <span class='ocrx_word' id='word_1_851' title='bbox 2937 3635 3066 3703; x_wconf 85' lang='grc' dir='ltr'>χείρ</span> <span class='ocrx_word' id='word_1_852' title='bbox 3097 3649 3212 3686; x_wconf 91' lang='grc' dir='ltr'>σου</span> <span class='ocrx_word' id='word_1_853' title='bbox 3245 3633 3314 3686; x_wconf 84' lang='grc' dir='ltr'>ἐν</span> <span class='ocrx_word' id='word_1_854' title='bbox 3333 3631 3481 3700; x_wconf 82' lang='grc' dir='ltr'>ἐμοι,</span> <span class='ocrx_word' id='word_1_855' title='bbox 3508 3631 3607 3684; x_wconf 80' lang='grc' dir='ltr'>καί</span> <span class='ocrx_word' id='word_1_856' title='bbox 3627 3633 3696 3684; x_wconf 79' lang='grc' dir='ltr'>ἐν</span> <span class='ocrx_word' id='word_1_857' title='bbox 3717 3631 3795 3698; x_wconf 84' lang='grc' dir='ltr'>τῷ</span> 
     </span>
    </p>
   </div>
   <div class='ocr_carea' id='block_1_105' title="bbox 2136 3716 3791 3790">
    <p class='ocr_par' dir='ltr' id='par_1_105' title="bbox 2136 3716 3791 3790">
     <span class='ocr_line' id='line_1_105' title="bbox 2136 3716 3791 3790; baseline 0.005 -18"><span class='ocrx_word' id='word_1_858' title='bbox 2136 3720 2278 3787; x_wconf 78' lang='grc' dir='ltr'>οἴκῳ</span> <span class='ocrx_word' id='word_1_859' title='bbox 2309 3721 2416 3775; x_wconf 86' lang='grc' dir='ltr'>τοῦ</span> <span class='ocrx_word' id='word_1_860' title='bbox 2453 3720 2677 3790; x_wconf 84' lang='grc' dir='ltr'>πατρός</span> <span class='ocrx_word' id='word_1_861' title='bbox 2711 3738 2850 3789; x_wconf 83' lang='grc' dir='ltr'>μου.</span> <span class='ocrx_word' id='word_1_862' title='bbox 2889 3720 2962 3772; x_wconf 91' lang='grc' dir='ltr'>Τὸ</span> <span class='ocrx_word' id='word_1_863' title='bbox 3000 3720 3108 3790; x_wconf 84' lang='grc' dir='ltr'>γάρ</span> <span class='ocrx_word' id='word_1_864' title='bbox 3146 3716 3518 3788; x_wconf 75' lang='grc' dir='ltr'>προσκροῦσαι</span> <span class='ocrx_word' id='word_1_865' title='bbox 3552 3717 3630 3788; x_wconf 85' lang='grc' dir='ltr'>τῷ</span> <span class='ocrx_word' id='word_1_866' title='bbox 3658 3716 3791 3786; x_wconf 61' lang='grc' dir='ltr'>Θεῷ,</span> 
     </span>
    </p>
   </div>
   <div class='ocr_carea' id='block_1_106' title="bbox 2135 3799 3794 3874">
    <p class='ocr_par' dir='ltr' id='par_1_106' title="bbox 2135 3799 3794 3874">
     <span class='ocr_line' id='line_1_106' title="bbox 2135 3799 3794 3874; baseline -0.002 -18"><span class='ocrx_word' id='word_1_867' title='bbox 2135 3803 2228 3856; x_wconf 89' lang='grc' dir='ltr'>τοῦ</span> <span class='ocrx_word' id='word_1_868' title='bbox 2254 3803 2579 3874; x_wconf 81' lang='grc' dir='ltr'>κολασθῆναι</span> <span class='ocrx_word' id='word_1_869' title='bbox 2611 3803 3008 3874; x_wconf 88' lang='grc' dir='ltr'>χαλεπώτερον.</span> <span class='ocrx_word' id='word_1_870' title='bbox 3039 3801 3156 3854; x_wconf 78' lang='grc' dir='ltr'>Νῦν</span> <span class='ocrx_word' id='word_1_871' title='bbox 3178 3801 3234 3854; x_wconf 85' lang='grc' dir='ltr'>δέ</span> <span class='ocrx_word' id='word_1_872' title='bbox 3262 3799 3433 3862; x_wconf 74' lang='grc' dir='ltr'>οὕτως</span> <span class='ocrx_word' id='word_1_873' title='bbox 3457 3799 3658 3863; x_wconf 83' lang='grc' dir='ltr'>ἀθλίως</span> <span class='ocrx_word' id='word_1_874' title='bbox 3680 3799 3794 3852; x_wconf 84' lang='grc' dir='ltr'>δια-</span> 
     </span>
    </p>
   </div>
   <div class='ocr_carea' id='block_1_107' title="bbox 2136 3879 3793 3956">
    <p class='ocr_par' dir='ltr' id='par_1_107' title="bbox 2136 3879 3793 3956">
     <span class='ocr_line' id='line_1_107' title="bbox 2136 3879 3793 3956; baseline -0.002 -18"><span class='ocrx_word' id='word_1_875' title='bbox 2136 3886 2387 3955; x_wconf 88' lang='grc' dir='ltr'>κείμεθα,</span> <span class='ocrx_word' id='word_1_876' title='bbox 2428 3885 2504 3948; x_wconf 88' lang='grc' dir='ltr'>ώς</span> <span class='ocrx_word' id='word_1_877' title='bbox 2545 3887 2593 3938; x_wconf 92' lang='grc' dir='ltr'>εἰ</span> <span class='ocrx_word' id='word_1_878' title='bbox 2638 3885 2712 3956; x_wconf 87' lang='grc' dir='ltr'>μὴ</span> <span class='ocrx_word' id='word_1_879' title='bbox 2750 3884 2973 3954; x_wconf 85' lang='grc' dir='ltr'>γεέννης</span> <span class='ocrx_word' id='word_1_880' title='bbox 3003 3884 3165 3954; x_wconf 88' lang='grc' dir='ltr'>φόϐος</span> <span class='ocrx_word' id='word_1_881' title='bbox 3197 3879 3285 3954; x_wconf 76' lang='grc' dir='ltr'>ἦν,</span> <span class='ocrx_word' id='word_1_882' title='bbox 3321 3882 3453 3951; x_wconf 83' lang='grc' dir='ltr'>μηδὲ</span> <span class='ocrx_word' id='word_1_883' title='bbox 3485 3881 3552 3935; x_wconf 77' lang='grc' dir='ltr'>ἂν</span> <span class='ocrx_word' id='word_1_884' title='bbox 3581 3882 3793 3934; x_wconf 81' lang='grc' dir='ltr'>ἑλέσθαι</span> 
     </span>
    </p>
   </div>
   <div class='ocr_carea' id='block_1_108' title="bbox 2135 3964 3796 4040">
    <p class='ocr_par' dir='ltr' id='par_1_108' title="bbox 2135 3964 3796 4040">
     <span class='ocr_line' id='line_1_108' title="bbox 2135 3964 3796 4040; baseline -0.004 -18"><span class='ocrx_word' id='word_1_885' title='bbox 2135 3970 2342 4040; x_wconf 85' lang='grc' dir='ltr'>ταχέως</span> <span class='ocrx_word' id='word_1_886' title='bbox 2377 3969 2596 4040; x_wconf 81' lang='grc' dir='ltr'>ποιῆσαί</span> <span class='ocrx_word' id='word_1_887' title='bbox 2624 3987 2676 4022; x_wconf 92' lang='grc' dir='ltr'>τι</span> <span class='ocrx_word' id='word_1_888' title='bbox 2708 3969 2890 4022; x_wconf 88' lang='grc' dir='ltr'>καλόν.</span> <span class='ocrx_word' id='word_1_889' title='bbox 2929 3969 3126 4038; x_wconf 88' lang='grc' dir='ltr'>Διόπερ</span> <span class='ocrx_word' id='word_1_890' title='bbox 3155 3967 3204 4018; x_wconf 90' lang='grc' dir='ltr'>εί</span> <span class='ocrx_word' id='word_1_891' title='bbox 3233 3966 3324 4019; x_wconf 79' lang='grc' dir='ltr'>καὶ</span> <span class='ocrx_word' id='word_1_892' title='bbox 3355 3964 3582 4036; x_wconf 88' lang='grc' dir='ltr'>μηδενὸς</span> <span class='ocrx_word' id='word_1_893' title='bbox 3613 3965 3796 4016; x_wconf 76' lang='grc' dir='ltr'>ἕνεκεν</span> 
     </span>
    </p>
   </div>
   <div class='ocr_carea' id='block_1_109' title="bbox 2136 4044 3795 4126">
    <p class='ocr_par' dir='ltr' id='par_1_109' title="bbox 2136 4044 3795 4126">
     <span class='ocr_line' id='line_1_109' title="bbox 2136 4044 3795 4126; baseline -0.004 -21"><span class='ocrx_word' id='word_1_894' title='bbox 2136 4054 2345 4126; x_wconf 88' lang='grc' dir='ltr'>ἐτέρου,</span> <span class='ocrx_word' id='word_1_895' title='bbox 2388 4053 2574 4107; x_wconf 88' lang='grc' dir='ltr'>τούτου</span> <span class='ocrx_word' id='word_1_896' title='bbox 2620 4070 2684 4123; x_wconf 91' lang='grc' dir='ltr'>γε</span> <span class='ocrx_word' id='word_1_897' title='bbox 2731 4053 2916 4105; x_wconf 76' lang='grc' dir='ltr'>ἕνεκεν</span> <span class='ocrx_word' id='word_1_898' title='bbox 2963 4051 3183 4118; x_wconf 87' lang='grc' dir='ltr'>γεέννης</span> <span class='ocrx_word' id='word_1_899' title='bbox 3211 4049 3275 4102; x_wconf 83' lang='grc' dir='ltr'>ἀν</span> <span class='ocrx_word' id='word_1_900' title='bbox 3321 4044 3464 4118; x_wconf 77' lang='grc' dir='ltr'>ἦμεν</span> <span class='ocrx_word' id='word_1_901' title='bbox 3500 4048 3663 4114; x_wconf 77' lang='grc' dir='ltr'>ἄξιοι,</span> <span class='ocrx_word' id='word_1_902' title='bbox 3696 4048 3795 4118; x_wconf 75' lang='grc' dir='ltr'>τὴν</span> 
     </span>
    </p>
   </div>
   <div class='ocr_carea' id='block_1_110' title="bbox 2135 4133 3796 4208">
    <p class='ocr_par' dir='ltr' id='par_1_110' title="bbox 2135 4133 3796 4208">
     <span class='ocr_line' id='line_1_110' title="bbox 2135 4133 3796 4208; baseline -0.002 -17"><span class='ocrx_word' id='word_1_903' title='bbox 2135 4138 2357 4205; x_wconf 91' lang='grc' dir='ltr'>γέενναν</span> <span class='ocrx_word' id='word_1_904' title='bbox 2407 4139 2606 4208; x_wconf 83' lang='grc' dir='ltr'>μᾶλλον</span> <span class='ocrx_word' id='word_1_905' title='bbox 2653 4137 2748 4191; x_wconf 90' lang='grc' dir='ltr'>τοῦ</span> <span class='ocrx_word' id='word_1_906' title='bbox 2785 4135 3021 4206; x_wconf 87' lang='grc' dir='ltr'>Χριστοῦ</span> <span class='ocrx_word' id='word_1_907' title='bbox 3067 4133 3411 4204; x_wconf 86' lang='grc' dir='ltr'>φοϐούμενοι.</span> <span class='ocrx_word' id='word_1_908' title='bbox 3469 4133 3610 4186; x_wconf 81' lang='grc' dir='ltr'>Ἀλλ’</span> <span class='ocrx_word' id='word_1_909' title='bbox 3638 4135 3734 4204; x_wconf 80' lang='grc' dir='ltr'>οὐχ</span> <span class='ocrx_word' id='word_1_910' title='bbox 3764 4136 3796 4188; x_wconf 87' lang='lat'>6</span> 
     </span>
    </p>
   </div>
   <div class='ocr_carea' id='block_1_111' title="bbox 2137 4215 3797 4292">
    <p class='ocr_par' dir='ltr' id='par_1_111' title="bbox 2137 4215 3797 4292">
     <span class='ocr_line' id='line_1_111' title="bbox 2137 4215 3797 4292; baseline -0.002 -18"><span class='ocrx_word' id='word_1_911' title='bbox 2137 4221 2408 4292; x_wconf 86' lang='grc' dir='ltr'>μακάριος</span> <span class='ocrx_word' id='word_1_912' title='bbox 2437 4220 2646 4284; x_wconf 90' lang='grc' dir='ltr'>Παῦλος</span> <span class='ocrx_word' id='word_1_913' title='bbox 2687 4219 2880 4283; x_wconf 74' lang='grc' dir='ltr'>οὕτως,</span> <span class='ocrx_word' id='word_1_914' title='bbox 2915 4217 3030 4272; x_wconf 82' lang='grc' dir='ltr'>ἀλλ’</span> <span class='ocrx_word' id='word_1_915' title='bbox 3061 4217 3450 4287; x_wconf 83' lang='grc' dir='ltr'>ἀντιστρόφως.</span> <span class='ocrx_word' id='word_1_916' title='bbox 3491 4217 3708 4286; x_wconf 81' lang='grc' dir='ltr'>Ἐπειδὴ</span> <span class='ocrx_word' id='word_1_917' title='bbox 3735 4215 3797 4270; x_wconf 75' lang='grc' dir='ltr'>δὲ</span> 
     </span>
    </p>
   </div>
   <div class='ocr_carea' id='block_1_112' title="bbox 2133 4299 3792 4378">
    <p class='ocr_par' dir='ltr' id='par_1_112' title="bbox 2133 4299 3792 4378">
     <span class='ocr_line' id='line_1_112' title="bbox 2133 4299 3792 4378; baseline -0.004 -20"><span class='ocrx_word' id='word_1_918' title='bbox 2133 4308 2295 4376; x_wconf 79' lang='grc' dir='ltr'>ἡμεῖς</span> <span class='ocrx_word' id='word_1_919' title='bbox 2329 4307 2550 4378; x_wconf 87' lang='grc' dir='ltr'>ἑτέρως,</span> <span class='ocrx_word' id='word_1_920' title='bbox 2601 4303 2690 4357; x_wconf 85' lang='grc' dir='ltr'>διὰ</span> <span class='ocrx_word' id='word_1_921' title='bbox 2728 4302 2884 4358; x_wconf 89' lang='grc' dir='ltr'>τοῦτο</span> <span class='ocrx_word' id='word_1_922' title='bbox 2931 4305 2997 4372; x_wconf 76' lang='grc' dir='ltr'>τῇ</span> <span class='ocrx_word' id='word_1_923' title='bbox 3050 4301 3238 4371; x_wconf 79' lang='grc' dir='ltr'>γεέννῃ</span> <span class='ocrx_word' id='word_1_924' title='bbox 3284 4299 3792 4371; x_wconf 80' lang='grc' dir='ltr'>καταδικαζόμεθα⁹</span> 
     </span>
    </p>
   </div>
   <div class='ocr_carea' id='block_1_113' title="bbox 2132 4385 3790 4460">
    <p class='ocr_par' dir='ltr' id='par_1_113' title="bbox 2132 4385 3790 4460">
     <span class='ocr_line' id='line_1_113' title="bbox 2132 4385 3790 4460; baseline -0.004 -16"><span class='ocrx_word' id='word_1_925' title='bbox 2132 4391 2206 4455; x_wconf 86' lang='grc' dir='ltr'>ὡς</span> <span class='ocrx_word' id='word_1_926' title='bbox 2237 4391 2291 4444; x_wconf 79' lang='grc' dir='ltr'>εἴ</span> <span class='ocrx_word' id='word_1_927' title='bbox 2319 4408 2384 4460; x_wconf 91' lang='grc' dir='ltr'>γε</span> <span class='ocrx_word' id='word_1_928' title='bbox 2407 4390 2497 4444; x_wconf 87' lang='grc' dir='ltr'>τὸν</span> <span class='ocrx_word' id='word_1_929' title='bbox 2518 4389 2754 4460; x_wconf 83' lang='grc' dir='ltr'>Χριστὸν</span> <span class='ocrx_word' id='word_1_930' title='bbox 2781 4387 3089 4458; x_wconf 89' lang='grc' dir='ltr'>ἑφιλοῦμεν,</span> <span class='ocrx_word' id='word_1_931' title='bbox 3121 4385 3269 4458; x_wconf 73' lang='grc' dir='ltr'>[ΠΟ]</span> <span class='ocrx_word' id='word_1_932' title='bbox 3302 4385 3379 4449; x_wconf 85' lang='grc' dir='ltr'>ὼς</span> <span class='ocrx_word' id='word_1_933' title='bbox 3403 4386 3575 4454; x_wconf 88' lang='grc' dir='ltr'>φιλεῖν</span> <span class='ocrx_word' id='word_1_934' title='bbox 3605 4387 3790 4456; x_wconf 79' lang='grc' dir='ltr'>ἑχρῆν,</span> 
     </span>
    </p>
   </div>
   <div class='ocr_carea' id='block_1_114' title="bbox 2133 4468 3792 4543">
    <p class='ocr_par' dir='ltr' id='par_1_114' title="bbox 2133 4468 3792 4543">
     <span class='ocr_line' id='line_1_114' title="bbox 2133 4468 3792 4543; baseline -0.003 -17"><span class='ocrx_word' id='word_1_935' title='bbox 2133 4473 2376 4543; x_wconf 76' lang='grc' dir='ltr'>ἔγνωμεν</span> <span class='ocrx_word' id='word_1_936' title='bbox 2409 4473 2496 4537; x_wconf 80' lang='grc' dir='ltr'>ἂν,</span> <span class='ocrx_word' id='word_1_937' title='bbox 2532 4474 2612 4526; x_wconf 85' lang='grc' dir='ltr'>δτι</span> <span class='ocrx_word' id='word_1_938' title='bbox 2641 4472 2869 4542; x_wconf 89' lang='grc' dir='ltr'>γεέννης</span> <span class='ocrx_word' id='word_1_939' title='bbox 2909 4468 3283 4542; x_wconf 84' lang='grc' dir='ltr'>χαλεπώτερον</span> <span class='ocrx_word' id='word_1_940' title='bbox 3311 4469 3375 4523; x_wconf 87' lang='grc' dir='ltr'>τὸ</span> <span class='ocrx_word' id='word_1_941' title='bbox 3415 4470 3792 4540; x_wconf 81' lang='grc' dir='ltr'>προσκροῦσαι</span> 
     </span>
    </p>
   </div>
   <div class='ocr_carea' id='block_1_115' title="bbox 2131 4551 3793 4626">
    <p class='ocr_par' dir='ltr' id='par_1_115' title="bbox 2131 4551 3793 4626">
     <span class='ocr_line' id='line_1_115' title="bbox 2131 4551 3793 4626; baseline -0.004 -17"><span class='ocrx_word' id='word_1_942' title='bbox 2131 4556 2210 4626; x_wconf 85' lang='grc' dir='ltr'>τῷ</span> <span class='ocrx_word' id='word_1_943' title='bbox 2239 4555 2573 4626; x_wconf 84' lang='grc' dir='ltr'>φιλουμένῳ·</span> <span class='ocrx_word' id='word_1_944' title='bbox 2617 4553 2804 4624; x_wconf 78' lang='grc' dir='ltr'>ἐπειδὴ</span> <span class='ocrx_word' id='word_1_945' title='bbox 2843 4553 2898 4606; x_wconf 80' lang='grc' dir='ltr'>δὲ</span> <span class='ocrx_word' id='word_1_946' title='bbox 2935 4553 2996 4606; x_wconf 88' lang='grc' dir='ltr'>οὐ</span> <span class='ocrx_word' id='word_1_947' title='bbox 3046 4551 3325 4622; x_wconf 85' lang='grc' dir='ltr'>φιλοῦμεν,</span> <span class='ocrx_word' id='word_1_948' title='bbox 3354 4552 3454 4604; x_wconf 88' lang='grc' dir='ltr'>οὐκ</span> <span class='ocrx_word' id='word_1_949' title='bbox 3499 4552 3658 4621; x_wconf 85' lang='grc' dir='ltr'>ῐσμεν</span> <span class='ocrx_word' id='word_1_950' title='bbox 3692 4551 3793 4622; x_wconf 84' lang='grc' dir='ltr'>τῆς</span> 
     </span>
    </p>
   </div>
   <div class='ocr_carea' id='block_1_116' title="bbox 2133 4634 3793 4709">
    <p class='ocr_par' dir='ltr' id='par_1_116' title="bbox 2133 4634 3793 4709">
     <span class='ocr_line' id='line_1_116' title="bbox 2133 4634 3793 4709; baseline -0.003 -17"><span class='ocrx_word' id='word_1_951' title='bbox 2133 4639 2406 4702; x_wconf 81' lang='grc' dir='ltr'>κολάσεως</span> <span class='ocrx_word' id='word_1_952' title='bbox 2444 4639 2644 4709; x_wconf 88' lang='grc' dir='ltr'>ταύτης</span> <span class='ocrx_word' id='word_1_953' title='bbox 2685 4637 2746 4691; x_wconf 87' lang='grc' dir='ltr'>τὸ</span> <span class='ocrx_word' id='word_1_954' title='bbox 2795 4636 3040 4708; x_wconf 87' lang='grc' dir='ltr'>μέγεθος.</span> <span class='ocrx_word' id='word_1_955' title='bbox 3079 4636 3188 4690; x_wconf 78' lang='grc' dir='ltr'>Καὶ</span> <span class='ocrx_word' id='word_1_956' title='bbox 3231 4634 3388 4688; x_wconf 86' lang='grc' dir='ltr'>τοῦτό</span> <span class='ocrx_word' id='word_1_957' title='bbox 3419 4637 3588 4697; x_wconf 84' lang='grc' dir='ltr'>ἐστιν,</span> <span class='ocrx_word' id='word_1_958' title='bbox 3621 4635 3650 4688; x_wconf 85' lang='grc' dir='ltr'>δ</span> <span class='ocrx_word' id='word_1_959' title='bbox 3684 4637 3793 4705; x_wconf 83' lang='grc' dir='ltr'>μά-</span> 
     </span>
    </p>
   </div>
   <div class='ocr_carea' id='block_1_117' title="bbox 2131 4717 3793 4791">
    <p class='ocr_par' dir='ltr' id='par_1_117' title="bbox 2131 4717 3793 4791">
     <span class='ocr_line' id='line_1_117' title="bbox 2131 4717 3793 4791; baseline -0.002 -17"><span class='ocrx_word' id='word_1_960' title='bbox 2131 4721 2288 4774; x_wconf 89' lang='grc' dir='ltr'>λιστα</span> <span class='ocrx_word' id='word_1_961' title='bbox 2316 4720 2578 4791; x_wconf 85' lang='grc' dir='ltr'>ὀδύρομαι</span> <span class='ocrx_word' id='word_1_962' title='bbox 2625 4721 2721 4774; x_wconf 71' lang='grc' dir='ltr'>καὶ</span> <span class='ocrx_word' id='word_1_963' title='bbox 2765 4717 2967 4791; x_wconf 91' lang='grc' dir='ltr'>θρηνῶ.</span> <span class='ocrx_word' id='word_1_964' title='bbox 3021 4717 3213 4771; x_wconf 82' lang='grc' dir='ltr'>Καίτοι</span> <span class='ocrx_word' id='word_1_965' title='bbox 3241 4717 3293 4769; x_wconf 86' lang='grc' dir='ltr'>τί</span> <span class='ocrx_word' id='word_1_966' title='bbox 3320 4717 3420 4768; x_wconf 87' lang='grc' dir='ltr'>οὐκ</span> <span class='ocrx_word' id='word_1_967' title='bbox 3470 4717 3723 4786; x_wconf 85' lang='grc' dir='ltr'>ἐποίησεν</span> <span class='ocrx_word' id='word_1_968' title='bbox 3763 4718 3793 4770; x_wconf 79' lang='lat'>6</span> 
     </span>
    </p>
   </div>
   <div class='ocr_carea' id='block_1_118' title="bbox 2131 4797 3793 4876">
    <p class='ocr_par' dir='ltr' id='par_1_118' title="bbox 2131 4797 3793 4876">
     <span class='ocr_line' id='line_1_118' title="bbox 2131 4797 3793 4876; baseline -0.005 -17"><span class='ocrx_word' id='word_1_969' title='bbox 2131 4807 2281 4868; x_wconf 86' lang='grc' dir='ltr'>Θεὸς,</span> <span class='ocrx_word' id='word_1_970' title='bbox 2312 4805 2451 4858; x_wconf 81' lang='grc' dir='ltr'>ὥστε</span> <span class='ocrx_word' id='word_1_971' title='bbox 2501 4804 2792 4876; x_wconf 80' lang='grc' dir='ltr'>φιληθῆναι</span> <span class='ocrx_word' id='word_1_972' title='bbox 2839 4800 2968 4870; x_wconf 86' lang='grc' dir='ltr'>παρ’</span> <span class='ocrx_word' id='word_1_973' title='bbox 3009 4799 3195 4870; x_wconf 85' lang='grc' dir='ltr'>ήμῶν;</span> <span class='ocrx_word' id='word_1_974' title='bbox 3227 4798 3280 4852; x_wconf 87' lang='grc' dir='ltr'>τί</span> <span class='ocrx_word' id='word_1_975' title='bbox 3307 4797 3363 4851; x_wconf 81' lang='grc' dir='ltr'>δὲ</span> <span class='ocrx_word' id='word_1_976' title='bbox 3394 4799 3495 4853; x_wconf 87' lang='grc' dir='ltr'>οὐκ</span> <span class='ocrx_word' id='word_1_977' title='bbox 3513 4798 3793 4868; x_wconf 78' lang='grc' dir='ltr'>ἐμηχανή-</span> 
     </span>
    </p>
   </div>
   <div class='ocr_carea' id='block_1_119' title="bbox 2134 4878 3792 4960">
    <p class='ocr_par' dir='ltr' id='par_1_119' title="bbox 2134 4878 3792 4960">
     <span class='ocr_line' id='line_1_119' title="bbox 2134 4878 3792 4960; baseline -0.006 -19"><span class='ocrx_word' id='word_1_978' title='bbox 2134 4904 2300 4952; x_wconf 88' lang='grc' dir='ltr'>σατο;</span> <span class='ocrx_word' id='word_1_979' title='bbox 2357 4888 2411 4940; x_wconf 89' lang='grc' dir='ltr'>τί</span> <span class='ocrx_word' id='word_1_980' title='bbox 2441 4887 2498 4940; x_wconf 82' lang='grc' dir='ltr'>δὲ</span> <span class='ocrx_word' id='word_1_981' title='bbox 2529 4885 2867 4957; x_wconf 80' lang='grc' dir='ltr'>παρέλιπεν;</span> <span class='ocrx_word' id='word_1_982' title='bbox 2917 4881 3248 4960; x_wconf 80' lang='grc' dir='ltr'>’Υϐρίσαμεν</span> <span class='ocrx_word' id='word_1_983' title='bbox 3277 4879 3441 4934; x_wconf 86' lang='grc' dir='ltr'>αὐτὸν</span> <span class='ocrx_word' id='word_1_984' title='bbox 3476 4879 3644 4950; x_wconf 83' lang='grc' dir='ltr'>μηδὲν</span> <span class='ocrx_word' id='word_1_985' title='bbox 3676 4878 3792 4948; x_wconf 49' lang='lat'><em>6‘6:-</em></span> 
     </span>
    </p>
   </div>
   <div class='ocr_carea' id='block_1_120' title="bbox 2132 4961 3789 5040">
    <p class='ocr_par' dir='ltr' id='par_1_120' title="bbox 2132 4961 3789 5040">
     <span class='ocr_line' id='line_1_120' title="bbox 2132 4961 3789 5040; baseline -0.006 -17"><span class='ocrx_word' id='word_1_986' title='bbox 2132 4970 2360 5040; x_wconf 87' lang='grc' dir='ltr'>κηκότα,</span> <span class='ocrx_word' id='word_1_987' title='bbox 2392 4967 2530 5022; x_wconf 85' lang='grc' dir='ltr'>ἀλλά</span> <span class='ocrx_word' id='word_1_988' title='bbox 2556 4968 2652 5020; x_wconf 78' lang='grc' dir='ltr'>καὶ</span> <span class='ocrx_word' id='word_1_989' title='bbox 2686 4965 3118 5035; x_wconf 83' lang='grc' dir='ltr'>εὐεργετήσαντα</span> <span class='ocrx_word' id='word_1_990' title='bbox 3167 4962 3338 5032; x_wconf 88' lang='grc' dir='ltr'>μυρία</span> <span class='ocrx_word' id='word_1_991' title='bbox 3379 4961 3476 5014; x_wconf 72' lang='grc' dir='ltr'>καὶ</span> <span class='ocrx_word' id='word_1_992' title='bbox 3501 4961 3789 5032; x_wconf 77' lang='grc' dir='ltr'>ἀπόρρητα</span> 
     </span>
    </p>
   </div>
   <div class='ocr_carea' id='block_1_121' title="bbox 2130 5044 3787 5121">
    <p class='ocr_par' dir='ltr' id='par_1_121' title="bbox 2130 5044 3787 5121">
     <span class='ocr_line' id='line_1_121' title="bbox 2130 5044 3787 5121; baseline -0.006 -14"><span class='ocrx_word' id='word_1_993' title='bbox 2130 5053 2332 5121; x_wconf 83' lang='grc' dir='ltr'>ἀγαθὰ,</span> <span class='ocrx_word' id='word_1_994' title='bbox 2365 5052 2798 5121; x_wconf 87' lang='grc' dir='ltr'>ἀπεστράφημεν</span> <span class='ocrx_word' id='word_1_995' title='bbox 2826 5048 3094 5103; x_wconf 88' lang='grc' dir='ltr'>καλοῦντα</span> <span class='ocrx_word' id='word_1_996' title='bbox 3128 5046 3224 5100; x_wconf 80' lang='grc' dir='ltr'>καὶ</span> <span class='ocrx_word' id='word_1_997' title='bbox 3257 5045 3595 5115; x_wconf 84' lang='grc' dir='ltr'>πανταχόθεν</span> <span class='ocrx_word' id='word_1_998' title='bbox 3633 5044 3787 5113; x_wconf 82' lang='grc' dir='ltr'>ἐφελ-</span> 
     </span>
    </p>
   </div>
   <div class='ocr_carea' id='block_1_122' title="bbox 2129 5126 3783 5204">
    <p class='ocr_par' dir='ltr' id='par_1_122' title="bbox 2129 5126 3783 5204">
     <span class='ocr_line' id='line_1_122' title="bbox 2129 5126 3783 5204; baseline -0.006 -16"><span class='ocrx_word' id='word_1_999' title='bbox 2129 5136 2379 5204; x_wconf 85' lang='grc' dir='ltr'>κόμενον,</span> <span class='ocrx_word' id='word_1_1000' title='bbox 2432 5135 2524 5186; x_wconf 71' lang='grc' dir='ltr'>καὶ</span> <span class='ocrx_word' id='word_1_1001' title='bbox 2561 5132 2682 5185; x_wconf 82' lang='grc' dir='ltr'>οὐδὲ</span> <span class='ocrx_word' id='word_1_1002' title='bbox 2725 5130 2898 5191; x_wconf 73' lang='grc' dir='ltr'>οὕτως</span> <span class='ocrx_word' id='word_1_1003' title='bbox 2941 5130 3091 5199; x_wconf 76' lang='grc' dir='ltr'>ἡμᾶς</span> <span class='ocrx_word' id='word_1_1004' title='bbox 3123 5126 3402 5186; x_wconf 86' lang='grc' dir='ltr'>ἐκόλασεν.</span> <span class='ocrx_word' id='word_1_1005' title='bbox 3451 5127 3587 5180; x_wconf 86' lang='grc' dir='ltr'>ἀλλά</span> <span class='ocrx_word' id='word_1_1006' title='bbox 3616 5142 3783 5196; x_wconf 78' lang='grc' dir='ltr'>προσο</span> 
     </span>
    </p>
   </div>
   <div class='ocr_carea' id='block_1_123' title="bbox 2129 5208 3787 5287">
    <p class='ocr_par' dir='ltr' id='par_1_123' title="bbox 2129 5208 3787 5287">
     <span class='ocr_line' id='line_1_123' title="bbox 2129 5208 3787 5287; baseline -0.004 -18"><span class='ocrx_word' id='word_1_1007' title='bbox 2129 5217 2361 5287; x_wconf 87' lang='grc' dir='ltr'>έδραμεν</span> <span class='ocrx_word' id='word_1_1008' title='bbox 2386 5214 2567 5277; x_wconf 84' lang='grc' dir='ltr'>αὐτὸς.</span> <span class='ocrx_word' id='word_1_1009' title='bbox 2607 5214 2701 5266; x_wconf 75' lang='grc' dir='ltr'>καὶ</span> <span class='ocrx_word' id='word_1_1010' title='bbox 2746 5212 2978 5280; x_wconf 87' lang='grc' dir='ltr'>κατέσχε</span> <span class='ocrx_word' id='word_1_1011' title='bbox 3001 5209 3317 5280; x_wconf 85' lang='grc' dir='ltr'>φεύγοντας,</span> <span class='ocrx_word' id='word_1_1012' title='bbox 3345 5209 3438 5263; x_wconf 76' lang='grc' dir='ltr'>καὶ</span> <span class='ocrx_word' id='word_1_1013' title='bbox 3463 5208 3787 5274; x_wconf 79' lang='grc' dir='ltr'>ἀπετιναξά-</span> 
     </span>
    </p>
   </div>
   <div class='ocr_carea' id='block_1_124' title="bbox 2132 5292 3785 5369">
    <p class='ocr_par' dir='ltr' id='par_1_124' title="bbox 2132 5292 3785 5369">
     <span class='ocr_line' id='line_1_124' title="bbox 2132 5292 3785 5369; baseline -0.003 -19"><span class='ocrx_word' id='word_1_1014' title='bbox 2132 5297 2275 5369; x_wconf 90' lang='grc' dir='ltr'>μεθα</span> <span class='ocrx_word' id='word_1_1015' title='bbox 2311 5298 2410 5351; x_wconf 79' lang='grc' dir='ltr'>καὶ</span> <span class='ocrx_word' id='word_1_1016' title='bbox 2468 5297 2606 5368; x_wconf 85' lang='grc' dir='ltr'>πρὸς</span> <span class='ocrx_word' id='word_1_1017' title='bbox 2645 5295 2736 5349; x_wconf 88' lang='grc' dir='ltr'>τὸν</span> <span class='ocrx_word' id='word_1_1018' title='bbox 2773 5294 3022 5362; x_wconf 85' lang='grc' dir='ltr'>διάϐολον</span> <span class='ocrx_word' id='word_1_1019' title='bbox 3047 5292 3480 5362; x_wconf 83' lang='grc' dir='ltr'>ἀπεπηδήσαμεν</span> <span class='ocrx_word' id='word_1_1020' title='bbox 3498 5311 3512 5324; x_wconf 81' lang='grc' dir='ltr'><strong><em>ο</em></strong></span> <span class='ocrx_word' id='word_1_1021' title='bbox 3549 5293 3640 5345; x_wconf 77' lang='grc' dir='ltr'>καὶ</span> <span class='ocrx_word' id='word_1_1022' title='bbox 3666 5292 3785 5345; x_wconf 71' lang='grc' dir='ltr'>οὐδὲ</span> 
     </span>
    </p>
   </div>
   <div class='ocr_carea' id='block_1_125' title="bbox 2127 5375 3784 5450">
    <p class='ocr_par' dir='ltr' id='par_1_125' title="bbox 2127 5375 3784 5450">
     <span class='ocr_line' id='line_1_125' title="bbox 2127 5375 3784 5450; baseline -0.002 -18"><span class='ocrx_word' id='word_1_1023' title='bbox 2127 5380 2300 5444; x_wconf 79' lang='grc' dir='ltr'>οὕτως</span> <span class='ocrx_word' id='word_1_1024' title='bbox 2338 5379 2570 5450; x_wconf 84' lang='grc' dir='ltr'>ἀπέστη,</span> <span class='ocrx_word' id='word_1_1025' title='bbox 2631 5379 2746 5433; x_wconf 82' lang='grc' dir='ltr'>ἀλλ’</span> <span class='ocrx_word' id='word_1_1026' title='bbox 2785 5375 2997 5446; x_wconf 74' lang='grc' dir='ltr'>έπεμψε</span> <span class='ocrx_word' id='word_1_1027' title='bbox 3053 5375 3276 5446; x_wconf 79' lang='grc' dir='ltr'>μυρίους</span> <span class='ocrx_word' id='word_1_1028' title='bbox 3335 5375 3784 5446; x_wconf 82' lang='grc' dir='ltr'>παρακαλοῦντας</span> 
     </span>
    </p>
   </div>
   <div class='ocr_carea' id='block_1_126' title="bbox 2131 5458 3780 5534">
    <p class='ocr_par' dir='ltr' id='par_1_126' title="bbox 2131 5458 3780 5534">
     <span class='ocr_line' id='line_1_126' title="bbox 2131 5458 3780 5534; baseline -0.004 -18"><span class='ocrx_word' id='word_1_1029' title='bbox 2131 5464 2312 5531; x_wconf 85' lang='grc' dir='ltr'>πάλιν,</span> <span class='ocrx_word' id='word_1_1030' title='bbox 2353 5464 2657 5534; x_wconf 84' lang='grc' dir='ltr'>προφήτας,</span> <span class='ocrx_word' id='word_1_1031' title='bbox 2687 5461 2972 5530; x_wconf 88' lang='grc' dir='ltr'>ἀγγέλους,</span> <span class='ocrx_word' id='word_1_1032' title='bbox 3016 5458 3389 5529; x_wconf 76' lang='grc' dir='ltr'>πατριάρχαςο</span> <span class='ocrx_word' id='word_1_1033' title='bbox 3438 5460 3601 5528; x_wconf 77' lang='grc' dir='ltr'>ἡμεῖς</span> <span class='ocrx_word' id='word_1_1034' title='bbox 3633 5459 3688 5511; x_wconf 84' lang='grc' dir='ltr'>δὲ</span> <span class='ocrx_word' id='word_1_1035' title='bbox 3720 5459 3780 5511; x_wconf 90' lang='grc' dir='ltr'>οὐ</span> 
     </span>
    </p>
   </div>
   <div class='ocr_carea' id='block_1_127' title="bbox 2130 5539 3782 5618">
    <p class='ocr_par' dir='ltr' id='par_1_127' title="bbox 2130 5539 3782 5618">
     <span class='ocr_line' id='line_1_127' title="bbox 2130 5539 3782 5618; baseline -0.004 -19"><span class='ocrx_word' id='word_1_1036' title='bbox 2130 5547 2288 5618; x_wconf 90' lang='grc' dir='ltr'>μόνον</span> <span class='ocrx_word' id='word_1_1037' title='bbox 2323 5545 2424 5598; x_wconf 89' lang='grc' dir='ltr'>οὐκ</span> <span class='ocrx_word' id='word_1_1038' title='bbox 2455 5544 2754 5614; x_wconf 77' lang='grc' dir='ltr'>ἐδεξάμεθα</span> <span class='ocrx_word' id='word_1_1039' title='bbox 2788 5541 2885 5614; x_wconf 82' lang='grc' dir='ltr'>τὴν</span> <span class='ocrx_word' id='word_1_1040' title='bbox 2923 5541 3238 5610; x_wconf 86' lang='grc' dir='ltr'>πρεσϐείαν,</span> <span class='ocrx_word' id='word_1_1041' title='bbox 3266 5539 3398 5591; x_wconf 85' lang='grc' dir='ltr'>άλλά</span> <span class='ocrx_word' id='word_1_1042' title='bbox 3431 5541 3526 5591; x_wconf 82' lang='grc' dir='ltr'>καὶ</span> <span class='ocrx_word' id='word_1_1043' title='bbox 3559 5539 3782 5610; x_wconf 66' lang='grc' dir='ltr'>ὑϐρίσας</span> 
     </span>
    </p>
   </div>
   <div class='ocr_carea' id='block_1_128' title="bbox 2131 5621 3784 5697">
    <p class='ocr_par' dir='ltr' id='par_1_128' title="bbox 2131 5621 3784 5697">
     <span class='ocr_line' id='line_1_128' title="bbox 2131 5621 3784 5697; baseline -0.004 -17"><span class='ocrx_word' id='word_1_1044' title='bbox 2131 5647 2228 5697; x_wconf 88' lang='grc' dir='ltr'>μεν</span> <span class='ocrx_word' id='word_1_1045' title='bbox 2257 5629 2381 5690; x_wconf 84' lang='grc' dir='ltr'>τοὺς</span> <span class='ocrx_word' id='word_1_1046' title='bbox 2403 5626 2678 5688; x_wconf 87' lang='grc' dir='ltr'>ἐλθόντας,</span> <span class='ocrx_word' id='word_1_1047' title='bbox 2710 5626 2769 5677; x_wconf 90' lang='lat'>&#39;0</span> <span class='ocrx_word' id='word_1_1048' title='bbox 2796 5624 2850 5677; x_wconf 85' lang='grc' dir='ltr'>δὲ</span> <span class='ocrx_word' id='word_1_1049' title='bbox 2878 5621 2997 5675; x_wconf 81' lang='grc' dir='ltr'>οὐδὲ</span> <span class='ocrx_word' id='word_1_1050' title='bbox 3033 5622 3124 5674; x_wconf 79' lang='grc' dir='ltr'>ἐπὶ</span> <span class='ocrx_word' id='word_1_1051' title='bbox 3165 5621 3371 5684; x_wconf 80' lang='grc' dir='ltr'>τούτοις</span> <span class='ocrx_word' id='word_1_1052' title='bbox 3400 5622 3550 5690; x_wconf 77' lang='grc' dir='ltr'>ἡμᾶς</span> <span class='ocrx_word' id='word_1_1053' title='bbox 3570 5622 3784 5675; x_wconf 79' lang='grc' dir='ltr'>διέπτυο</span> 
     </span>
    </p>
   </div>
   <div class='ocr_carea' id='block_1_129' title="bbox 2128 5701 3783 5780">
    <p class='ocr_par' dir='ltr' id='par_1_129' title="bbox 2128 5701 3783 5780">
     <span class='ocr_line' id='line_1_129' title="bbox 2128 5701 3783 5780; baseline -0.006 -16"><span class='ocrx_word' id='word_1_1054' title='bbox 2128 5729 2238 5774; x_wconf 91' lang='grc' dir='ltr'>σεν,</span> <span class='ocrx_word' id='word_1_1055' title='bbox 2263 5711 2374 5764; x_wconf 87' lang='grc' dir='ltr'>ἀλλ’</span> <span class='ocrx_word' id='word_1_1056' title='bbox 2407 5707 2594 5780; x_wconf 75' lang='grc' dir='ltr'>ῶσπερ</span> <span class='ocrx_word' id='word_1_1057' title='bbox 2627 5708 2678 5760; x_wconf 82' lang='grc' dir='ltr'>οῑ</span> <span class='ocrx_word' id='word_1_1058' title='bbox 2710 5704 2929 5775; x_wconf 81' lang='grc' dir='ltr'>σφοδροὶ</span> <span class='ocrx_word' id='word_1_1059' title='bbox 2959 5703 3068 5756; x_wconf 88' lang='grc' dir='ltr'>τῶν</span> <span class='ocrx_word' id='word_1_1060' title='bbox 3097 5701 3342 5771; x_wconf 79' lang='grc' dir='ltr'>ἐραστῶν</span> <span class='ocrx_word' id='word_1_1061' title='bbox 3366 5701 3478 5753; x_wconf 90' lang='grc' dir='ltr'>τῶν</span> <span class='ocrx_word' id='word_1_1062' title='bbox 3505 5719 3783 5774; x_wconf 80' lang='grc' dir='ltr'>καταφρο-</span> 
     </span>
    </p>
   </div>
   <div class='ocr_carea' id='block_1_130' title="bbox 2127 5784 3780 5864">
    <p class='ocr_par' dir='ltr' id='par_1_130' title="bbox 2127 5784 3780 5864">
     <span class='ocr_line' id='line_1_130' title="bbox 2127 5784 3780 5864; baseline -0.004 -19"><span class='ocrx_word' id='word_1_1063' title='bbox 2127 5793 2419 5864; x_wconf 85' lang='grc' dir='ltr'>νουμένων,</span> <span class='ocrx_word' id='word_1_1064' title='bbox 2467 5789 2682 5859; x_wconf 80' lang='grc' dir='ltr'>περιῄει</span> <span class='ocrx_word' id='word_1_1065' title='bbox 2719 5791 2882 5840; x_wconf 73' lang='grc' dir='ltr'>πᾶσιν</span> <span class='ocrx_word' id='word_1_1066' title='bbox 2928 5786 3292 5855; x_wconf 82' lang='grc' dir='ltr'>ἐντυγχάνων,</span> <span class='ocrx_word' id='word_1_1067' title='bbox 3323 5784 3401 5854; x_wconf 84' lang='grc' dir='ltr'>τῷ</span> <span class='ocrx_word' id='word_1_1068' title='bbox 3433 5786 3666 5856; x_wconf 85' lang='grc' dir='ltr'>οὐρανῷ.</span> <span class='ocrx_word' id='word_1_1069' title='bbox 3715 5787 3780 5854; x_wconf 81' lang='grc' dir='ltr'>τῇ</span> 
     </span>
    </p>
   </div>
   <div class='ocr_carea' id='block_1_131' title="bbox 2125 5865 3780 5944">
    <p class='ocr_par' dir='ltr' id='par_1_131' title="bbox 2125 5865 3780 5944">
     <span class='ocr_line' id='line_1_131' title="bbox 2125 5865 3780 5944; baseline -0.004 -17"><span class='ocrx_word' id='word_1_1070' title='bbox 2125 5877 2218 5944; x_wconf 81' lang='grc' dir='ltr'>γῇ,</span> <span class='ocrx_word' id='word_1_1071' title='bbox 2246 5873 2320 5943; x_wconf 79' lang='grc' dir='ltr'>τῷ</span> <span class='ocrx_word' id='word_1_1072' title='bbox 2368 5874 2626 5942; x_wconf 70' lang='grc' dir='ltr'>Ἱερεμίᾳ,</span> <span class='ocrx_word' id='word_1_1073' title='bbox 2664 5871 2742 5942; x_wconf 84' lang='grc' dir='ltr'>τῷ</span> <span class='ocrx_word' id='word_1_1074' title='bbox 2779 5868 3008 5939; x_wconf 74' lang='grc' dir='ltr'>Μιχαίᾳ,</span> <span class='ocrx_word' id='word_1_1075' title='bbox 3035 5868 3133 5937; x_wconf 88' lang='grc' dir='ltr'>οὐχ</span> <span class='ocrx_word' id='word_1_1076' title='bbox 3163 5866 3248 5918; x_wconf 77' lang='grc' dir='ltr'>ἵνα</span> <span class='ocrx_word' id='word_1_1077' title='bbox 3277 5865 3512 5939; x_wconf 77' lang='grc' dir='ltr'>βαρήσῃ,</span> <span class='ocrx_word' id='word_1_1078' title='bbox 3545 5869 3659 5920; x_wconf 80' lang='grc' dir='ltr'>ἀλλ’</span> <span class='ocrx_word' id='word_1_1079' title='bbox 3693 5867 3780 5922; x_wconf 73' lang='grc' dir='ltr'>ἵνα</span> 
     </span>
    </p>
   </div>
   <div class='ocr_carea' id='block_1_132' title="bbox 2187 6051 3218 6123">
    <p class='ocr_par' dir='ltr' id='par_1_132' title="bbox 2187 6051 3218 6123">
     <span class='ocr_line' id='line_1_132' title="bbox 2187 6051 3218 6123; baseline -0.008 -11"><span class='ocrx_word' id='word_1_1080' title='bbox 2187 6063 2213 6104; x_wconf 78' lang='grc' dir='ltr'>δ</span> <span class='ocrx_word' id='word_1_1081' title='bbox 2246 6060 2324 6112; x_wconf 77' lang='lat' dir='ltr'>AI.</span> <span class='ocrx_word' id='word_1_1082' title='bbox 2348 6059 2588 6123; x_wconf 77' lang='grc' dir='ltr'>ἀνωτέρω.</span> <span class='ocrx_word' id='word_1_1083' title='bbox 2623 6051 2669 6084; x_wconf 67' lang='grc'>’⁸</span> <span class='ocrx_word' id='word_1_1084' title='bbox 2693 6059 2793 6111; x_wconf 74' lang='lat' dir='ltr'><strong>Alii</strong></span> <span class='ocrx_word' id='word_1_1085' title='bbox 2815 6057 3067 6117; x_wconf 80' lang='grc' dir='ltr'>ἠπείληται</span> <span class='ocrx_word' id='word_1_1086' title='bbox 3104 6054 3218 6118; x_wconf 76' lang='grc' dir='ltr'>πῦρ.</span> 
     </span>
    </p>
   </div>
  </div>
