3934 6212
245 236 334 296 ι29

234 366 306 414 est
333 357 383 410 in
404 350 692 422 apostolica
721 350 808 404 illa
840 347 1141 419 prudentia,
1176 345 1228 400 id
1258 359 1400 400 nunc
1437 342 1628 396 merito
1657 339 1801 394 dica-

236 461 322 500 tur.
388 445 523 499 Cum
582 441 724 497 enim
787 439 1100 510 probatione
1163 438 1321 491 allata
1379 427 1801 490 demonstrasset

231 541 472 609 majorem
499 550 620 592 esse
645 532 889 590 Gnaeum
915 531 1124 598 Judteo,
1159 533 1212 584 in
1242 527 1559 583 collectione
1585 536 1637 579 et
1664 539 1798 579 con-

229 627 454 684 clusione
479 625 747 680 rationum
781 624 882 678 hoc
909 636 1015 676 non
1047 619 1214 690 ponit,
1242 628 1297 672 ut
1328 633 1394 672 ne
1417 616 1657 672 Judaeum
1702 630 1783 668 cx-

227 725 444 786 asperet.
473 713 734 770 Utautem
764 713 837 776 id,
863 712 1003 782 quod
1032 710 1163 772 dixi,
1190 709 1385 763 clarius
1413 706 1652 768 reddam,
1679 705 1790 772 ipsa

227 809 369 864 verba
400 806 627 862 referam
653 803 966 874 apostolica.
988 800 1120 870 Quia
1142 800 1283 855 enim
1312 798 1441 851 dixit
1470 814 1484 851 :
1513 795 1632 849 Non
1658 795 1792 848 enim

226 899 469 952 auditores
495 897 640 968 legis,
670 893 759 950 sed
785 894 1002 965 {actores
1030 892 1154 962 legis
1171 887 1628 960 justiﬁcabuutur;
1655 902 1786 942 con-

225 1004 438 1061 sequens
461 999 579 1044 erat
608 998 669 1042 ut
704 987 927 1052 diceret,
958 981 1082 1039 Cum
1113 984 1245 1036 enim
1269 990 1458 1052 gentes,
1491 995 1602 1049 qua:
1629 979 1786 1047 legent

223 1097 308 1134 non
342 1078 553 1144 habent,
601 1076 900 1130 naturaliter
939 1089 1054 1142 qua:
1094 1071 1216 1144 legis
1257 1080 1371 1125 sunt
1407 1071 1620 1142 faciunt,
1663 1067 1787 1121 hinc

221 1169 454 1224 meliores
498 1177 623 1222 sunt
652 1168 758 1222 illis
795 1167 885 1237 qui
918 1180 950 1220 a
988 1166 1104 1234 lege
1138 1161 1417 1219 docentur.
1455 1161 1650 1216 Verum
1678 1175 1784 1214 non

221 1261 307 1316 hoc
323 1260 474 1323 dicit,
496 1259 589 1314 sed
616 1259 668 1314 in
691 1257 968 1330 gentilium
995 1256 1153 1312 laude
1177 1253 1439 1321 consistit,
1459 1269 1628 1324 neque
1651 1253 1786 1307 inte-

219 1354 302 1406 rim
329 1367 638 1406 sermonem
666 1366 762 1421 per
785 1350 1239 1420 comparationem
1268 1347 1626 1416 prosequitur,
1653 1353 1708 1398 ut
1731 1352 1786 1399 et

217 1444 283 1498 sic
304 1444 523 1498 Judteus
561 1442 704 1513 quod
744 1443 940 1497 dicitur
976 1442 1240 1496 admittat.
1286 1439 1407 1495 Ideo
1449 1456 1553 1493 non
1595 1439 1672 1493 sic
1701 1438 1784 1492 lo-

215 1544 395 1601 quutus
423 1544 529 1601 est,
564 1545 618 1588 ut
647 1533 754 1589 dixi
781 1549 797 1598 ;
829 1532 924 1588 sed
953 1532 1266 1603 quomodo?
1293 1529 1418 1585 Cum
1447 1531 1577 1584 enim
1613 1540 1785 1601 gentes

215 1642 312 1691 qua
335 1627 500 1697 legem
540 1642 642 1679 non
685 1624 889 1689 habent,
933 1625 1230 1679 naturaliter
1262 1641 1321 1677 ea
1361 1640 1474 1693 qua:
1511 1623 1633 1693 legis
1667 1633 1783 1677 sunt

214 1719 432 1788 faciunt;
458 1719 540 1771 lue
564 1717 725 1787 legem
766 1734 867 1770 non
901 1716 1158 1782 habentes,
1204 1716 1299 1770 sibi
1334 1715 1456 1786 ipsis
1499 1725 1616 1769 sunt
1652 1713 1735 1768 lex
1764 1731 1782 1768 :

212 1810 285 1876 qui
308 1810 581 1862 ostendunt
610 1825 737 1876 opus
762 1805 886 1878 legis
913 1808 1160 1878 scriptum
1191 1808 1243 1861 in
1267 1809 1504 1862 cordibus
1534 1809 1660 1875 suis,
1702 1819 1779 1861 te-

210 1901 487 1955 stimonium
516 1901 756 1954 reddente
783 1901 885 1954 illis
913 1899 1236 1954 conscientia.
1273 1899 1479 1954 Sufﬁcit
1510 1901 1653 1955 enim
1683 1915 1779 1970 pro

209 1993 310 2062 lege
354 1992 688 2047 conscientia
724 2000 778 2046 et
824 1992 1098 2062 cogitatio.
1133 1991 1225 2046 llis
1263 1993 1494 2047 ostendit
1542 2007 1774 2056 rursum,

211 2083 359 2136 lieum
392 2082 589 2137 fecisse
619 2084 888 2137 hominem
917 2084 983 2137 ad
1012 2084 1263 2138 virtutem
1292 2084 1590 2150 eligendam
1622 2093 1676 2138 et
1698 2084 1776 2137 vi-

207 2174 320 2227 tium
349 2171 663 2242 fugiendutn
703 2172 803 2227 sibi
839 2171 1216 2228 sufficientem.
1255 2174 1322 2228 Et
1358 2189 1424 2228 ne
1468 2173 1698 2238 mireris,
1731 2174 1778 2227 si

205 2273 283 2316 aut
310 2263 392 2318 bis
421 2273 515 2317 aut
545 2273 624 2317 ter
647 2275 739 2318 aut
767 2263 964 2333 pluries
992 2265 1041 2318 id
1068 2266 1257 2334 probet
1283 2281 1296 2318 :
1327 2264 1613 2319 admodum
1633 2265 1774 2318 enim

203 2353 292 2420 ipsi
315 2355 418 2407 hoc
444 2364 604 2424 caput
631 2356 992 2409 necessarium
1025 2367 1138 2409 erat
1167 2368 1386 2425 propter
1406 2372 1499 2411 eos
1524 2356 1612 2424 qui
1641 2355 1778 2410 dice-

205 2443 315 2496 bant
341 2465 353 2496 :
389 2444 499 2497 Cur
519 2460 658 2498 nunc
687 2444 936 2499 Christus
962 2445 1172 2500 advenit
1194 2447 1216 2497 ‘t
1241 2455 1296 2499 et
1333 2445 1546 2500 ubinam
1584 2445 1777 2514 priscis

203 2535 522 2602 temporibus
548 2544 688 2589 tanta
714 2535 800 2588 illa
833 2536 1162 2606 providentia
1193 2537 1345 2590 erat?
1368 2535 1640 2590 Adversus
1678 2535 1777 2590 bos

202 2639 330 2678 nunc
365 2642 491 2679 cum
539 2627 762 2695 carptim
809 2636 1111 2696 pugnasset,
1158 2626 1390 2680 ostendit
1431 2628 1588 2680 etiam
1636 2625 1774 2694 quod

202 2716 378 2783 priscis
411 2719 766 2786 temporibus,
813 2728 866 2772 et
895 2729 1178 2788 antequam
1217 2719 1302 2773 lex
1329 2719 1569 2786 daretur,
1607 2718 1776 2772 homi-

202 2826 314 2862 num
356 2822 553 2864 natura
602 2811 908 2866 omnimoda
949 2811 1280 2882 providentia
1317 2811 1598 2883 gaudebat.
1642 2811 1773 2868 Nam

202 2901 344 2968 Quod
373 2912 552 2956 notum
595 2913 668 2959 est
711 2903 827 2970 Dei,
867 2905 1187 2973 rnanifestum
1215 2913 1322 2956 erat
1356 2905 1410 2957 in
1452 2903 1592 2970 illis;
1633 2903 1774 2957 scie-

197 2992 420 3064 bantque
447 2993 577 3065 quid
604 2994 826 3057 bonum,
857 2994 980 3064 quid
1011 2995 1207 3048 malum
1235 3003 1398 3059 esset,
1430 3010 1524 3063 per
1558 3009 1676 3062 qua:
1710 2991 1776 3046 de

196 3085 304 3140 aliis
323 3086 663 3156 judicabant.
695 3086 749 3141 ld
783 3088 890 3141 illis
915 3088 1254 3158 exprobrans
1281 3087 1490 3144 dicebat
1520 3106 1532 3140 :
1569 3085 1634 3140 In
1676 3103 1776 3156 quo

191 3178 384 3247 judicas
407 3177 588 3243 alium,
622 3179 834 3248 teipsum
855 3180 1162 3233 condemnas
1182 3177 1399 3248 (Matth.
1423 3179 1474 3232 7.
1493 3177 1572 3247 2).
1598 3171 1778 3244 Quan-

198 3277 297 3320 tum
329 3267 395 3321 ad
425 3268 664 3331 Jntlzeos,
697 3285 818 3323 cum
863 3269 946 3334 iis,
977 3285 1096 3340 qua:
1138 3280 1295 3338 supra
1325 3269 1463 3323 dicta
1505 3280 1648 3335 sunt,
1690 3269 1776 3324 lex

193 3357 393 3425 aderat,
438 3375 538 3415 nec
572 3361 745 3414 solum
795 3362 1129 3416 ratiocinatio
1172 3363 1250 3416 vel
1290 3363 1642 3418 conscientia.
1672 3363 1777 3418 Cur

195 3461 364 3504 autem
397 3452 500 3504 hoc
528 3451 701 3515 all'ert,
733 3451 1094 3507 Aecusantibus
1114 3454 1190 3506 vel
1217 3453 1365 3507 etiam
1387 3455 1778 3508 excusantibus?

193 3539 244 3592 Si
271 3543 418 3595 enim
463 3543 635 3611 legem
679 3541 877 3596 habent
920 3544 1194 3614 scriptam,
1237 3555 1290 3598 et
1330 3560 1462 3614 opus
1499 3545 1772 3609 exhibent,

193 3631 308 3696 quid
333 3641 422 3686 est
448 3631 590 3701 quod
611 3647 865 3687 accusare
889 3635 1055 3702 pOSsit
1083 3635 1459 3689 ratiocinium?
1487 3639 1554 3689 At
1581 3653 1685 3690 non
1710 3637 1776 3690 de

191 3723 289 3776 illis
321 3734 532 3777 tantum
565 3723 760 3778 dicitur
791 3724 941 3791 illud,
974 3727 1356 3792 Accusantibns,
1389 3728 1482 3781 sed
1514 3729 1672 3781 etiam
1710 3727 1777 3782 de

193 3823 294 3866 tota
326 3824 541 3867 natura.
573 3814 724 3868 Tunc
750 3817 890 3870 enim
918 3816 1109 3871 adsunt
1149 3818 1462 3881 ratiocinia;
1494 3817 1594 3870 alia
1620 3832 1778 3872 accu-

189 3915 326 3970 sant,
359 3907 469 3960 alia
514 3905 859 3962 defendunt:
905 3918 1064 3976 atque
1119 3908 1171 3962 in
1229 3910 1318 3963 illo
1360 3909 1608 3963 tribunali
1670 3925 1774 3963 non

191 3996 350 4053 habet
393 4015 533 4068 opus
564 3999 725 4052 Ιιοιιιο
766 3997 873 4054 alio
917 4013 1249 4056 accusatore.
1290 4002 1490 4057 Deinde
1529 4003 1774 4057 timorem

187 4104 420 4159 augens,
464 4105 568 4144 non
601 4091 752 4155 dixit,
801 4090 1019 4145 Peccata
1062 4091 1358 4158 hominum,
1405 4093 1520 4158 sed,
1567 4091 1778 4146 Occulta

191 4184 476 4235 hominum.
517 4182 802 4251 Postquam
836 4184 976 4237 enim
1012 4184 1142 4238 dixit
1177 4203 1188 4238 :
1223 4183 1500 4238 Existimas
1522 4186 1606 4255 qui
1634 4185 1778 4256 judi-

186 4287 273 4325 cus
301 4290 392 4326 eos
425 4273 508 4341 qui
541 4272 668 4325 tnliu
689 4271 901 4343 faciunt,
932 4283 977 4327 et
998 4275 1125 4343 fucis
1152 4290 1232 4338 ea,
1254 4275 1391 4344 quod
1417 4274 1623 4343 effugies
1635 4275 1780 4344 judi-

187 4363 320 4414 cium
373 4359 515 4414 Dei?
547 4375 600 4416 ut
645 4379 710 4416 ne
754 4365 913 4418 talem
959 4364 1189 4433 accipias
1233 4364 1516 4428 calculum,
1566 4367 1776 4435 qualem

188 4453 304 4522 ipse
338 4454 476 4517 fers,
527 4455 622 4508 δοιά
673 4457 954 4525 intelligas,
1005 4460 1321 4511 sententiam
1371 4459 1458 4513 Dei
1491 4469 1576 4512 tua
1622 4460 1779 4529 longe

187 4545 525 4598 exactiorem
555 4561 696 4610 csse,
729 4547 1021 4616 subjunxit,
1049 4541 1259 4600 Occulta
1282 4549 1580 4616 hominum;
1609 4559 1661 4603 et
1687 4550 1782 4602 ad-

181 4632 336 4702 jecit,
375 4634 672 4688 Secundum
703 4636 1013 4708 evangelium
1063 4654 1248 4700 meum,
1289 4654 1377 4705 per
1412 4637 1588 4691 Jesum
1627 4638 1779 4692 Chri-

181 4734 342 4778 stum.
401 4724 661 4780 llomincs
710 4727 850 4780 enim
899 4743 1077 4782 rerum
1136 4728 1530 4782 manifCStarum
1580 4738 1779 4782 tantum

183 4814 401 4881 jndiees
433 4814 644 4870 sedent.
690 4818 850 4886 Atqui
880 4833 1037 4889 supra
1071 4817 1139 4873 de
1165 4817 1323 4872 Patre
1356 4829 1556 4872 tantum
1595 4820 1780 4888 loque-

183 4905 346 4959 batur
383 4923 399 4959 :
430 4921 552 4960 cum
574 4918 751 4962 autem
781 4909 905 4964 illos
929 4911 1120 4963 timore
1146 4909 1513 4972 emollivissct,
1543 4911 1609 4966 de
1629 4910 1785 4966 Chri-

183 5007 270 5048 sti)
302 5013 621 5052 sermonem
669 4999 908 5065 induxit;
944 5017 1116 5068 neque
1151 5003 1294 5055 hunc
1324 5003 1654 5070 simpliciter,
1689 5003 1780 5057 sed

180 5088 354 5141 etiam
389 5088 479 5143 hic
502 5104 623 5143 eum
655 5090 866 5146 Patrem
909 5103 1280 5157 memorasset,
1321 5096 1398 5148 sic
1435 5095 1582 5150 illum
1631 5096 1777 5151 indu-

182 5178 264 5231 xit
293 5197 310 5232 :
340 5189 403 5234 et
448 5180 844 5249 przedicationis
881 5184 1193 5252 dignitatem
1243 5197 1337 5254 per
1383 5187 1500 5240 illos
1543 5186 1782 5240 attollit:

183 5266 318 5322 llaec
349 5271 526 5330 enim.
568 5270 758 5341 inquit,
794 5273 1103 5342 prcedicatio
1147 5273 1260 5328 ιιωο
1287 5279 1628 5344 praenuntiat,
1666 5292 1785 5346 qum

181 5368 547 5414 antevertens
574 5372 762 5416 natura
791 5363 1053 5418 exhibuit.

255 5449 317 5506 σ.
341 5449 616 5504 Iudicium
643 5455 871 5524 futurum
897 5472 1047 5524 quam
1076 5457 1407 5510 tremendum.
1440 5453 1666 5524 Oﬂ'ensio
1692 5458 1786 5512 Dei

179 5543 413 5613 gravior
440 5559 585 5611 quam
607 5545 748 5599 ultio.
774 5576 847 5588 --
872 5546 1120 5603 Vidistin’
1143 5565 1300 5618 quam
1327 5549 1620 5619 prudenter
1642 5551 1788 5621 ipsos

183 5642 242 5689 α
280 5634 581 5702 cvangelio
607 5645 656 5692 et
694 5634 908 5693 Christo
948 5638 1239 5696 admovens
1279 5640 1596 5712 alligaverit,
1625 5652 1675 5694 ιιι
1702 5657 1790 5696 os-

1321 232 1386 288 lN
1430 229 1640 287 EPIST.
1685 227 1773 284 Ai)
1813 225 1974 283 ROM.
2018 230 2248 288 ll0.\llL.
2293 233 2354 288 ν.

3378 243 3482 298 430

1908 341 2134 394 tendcrit
2176 355 2352 397 nostra
2386 359 2488 398 non
2537 360 2654 401 esse
2701 350 3043 417 pra-sentiunt
3094 351 3348 408 limitibus
3376 357 3481 409 eir-

1898 432 2269 502 cumseripta,
2303 434 2396 490 sed
2451 437 2582 490 ultra
2634 437 2966 507 procedere?
3013 441 3063 496 id
3122 446 3262 513 quod
3316 446 3475 502 etiam

1897 533 2056 589 supra
2090 524 2372 592 probavit,
2413 527 2640 596 dicens}.
2670 527 3006 587 Tltesanrizas
3037 535 3122 587 tibi
3153 537 3281 589 iram
3311 537 3362 590 in
3393 539 3475 592 die

1896 611 2004 677 irw,
2033 625 2089 670 et
2115 615 2198 669 hic
2231 629 2461 682 rursum,
2492 617 2754 676 Judieabit
2799 620 2935 678 Deus
2965 626 3160 678 occulta
3190 628 3468 684 hominum.

1897 701 2266 776 Unusquisque
2309 709 2471 778 igitur
2498 709 2550 764 in
2596 725 2745 766 suam
2794 715 3174 771 conscientiam
3206 719 3467 785 veniens,

1895 804 1950 848 et
1979 806 2195 863 peccata
2246 802 2547 870 recogitans
2572 846 2586 868 ,
2617 804 2875 859 rationem
2921 816 3168 862 accurate
3194 808 3262 862 ab
3291 823 3350 864 se
3378 825 3468 863 rc-

1895 896 2073 968 petat,
2106 905 2173 944 ne
2218 900 2340 947 tunc
2370 908 2489 948 cum
2535 896 2732 950 mundo
2759 898 3096 954 damnentur.
3132 902 3468 956 Horrendum

1892 979 2088 1049 quippe
2117 990 2197 1035 est
2219 981 2476 1052 judicium
2508 987 2657 1052 illud,
2690 991 3024 1046 tremendum
3057 992 3327 1058 tribunal,
3361 1003 3468 1048 ter-

1891 1070 2028 1124 roris
2058 1071 2229 1141 plena:
2260 1075 2493 1131 rationes
2524 1078 2808 1133 reddenda:
2829 1122 2845 1146 ,
2879 1081 3068 1136 tlnvius
3098 1083 3236 1152 ignis
3264 1093 3464 1137 manat.

1890 1159 2079 1215 Frater
2105 1179 2202 1218 non
2232 1166 2464 1229 redimit,
2496 1168 2704 1222 redimet
2735 1171 2882 1223 homo
2911 1167 3079 1242 (Psal.
3111 1172 3199 1227 48.
3232 1173 3332 1242 8)?
3358 1172 3468 1227 Re-

1889 1252 2113 1307 cordare
2140 1269 2324 1308 eorum
2370 1271 2489 1327 qua:
2518 1259 2568 1311 in
2603 1261 2878 1330 evangelio
2929 1263 3212 1328 dicuntur,
3245 1267 3470 1334 angelo-

1887 1351 2005 1396 rum
2052 1345 2610 1414 circumcursantium,
2659 1351 2826 1406 clausi
2876 1353 3129 1420 thalami,
3158 1354 3462 1424 lampadum

1888 1449 1993 1489 non
2025 1438 2408 1492 cxstinctarum
2432 1480 2446 1505 ,
2497 1450 2828 1509 potestatum.
2852 1441 2905 1494 in
2941 1442 3188 1500 fornaces
3233 1444 3460 1499 trahen-

1885 1529 2037 1583 tium.
2072 1531 2139 1586 Et
2168 1533 2296 1588 illud
2337 1544 2510 1588 tecum
2554 1545 2738 1604 reputa
2765 1577 2780 1600 ,
2809 1536 2855 1590 si
2880 1546 3122 1592 nostrum
3152 1539 3451 1607 cujuspiam

1885 1621 2157 1676 occultum
2188 1623 2392 1678 facinus
2418 1625 2632 1694 aliquod
2680 1627 2731 1679 in
2762 1625 2993 1680 medium
3043 1625 3204 1681 hodie
3231 1626 3456 1681 afferres

1884 1719 1972 1766 tur
2017 1714 2069 1767 in
2114 1716 2337 1770 ecclesia
2388 1724 2589 1770 tantum
2617 1759 2632 1783 ,
2682 1734 2858 1772 annon
2906 1717 3088 1773 mallet
3139 1719 3362 1773 interire
3404 1727 3460 1773 et

1884 1813 2080 1859 terram
2132 1807 2232 1860 sibi
2281 1807 2564 1863 dehiscere
2615 1809 2826 1878 potius,
2878 1825 3036 1880 quam
3079 1809 3154 1863 tot
3210 1810 3461 1879 nequitia:

1885 1908 2050 1952 testes
2080 1899 2314 1954 habere?
2338 1901 2473 1968 Quid
2501 1915 2630 1971 ergo
2661 1909 2788 1956 tunc
2817 1902 3099 1971 patiemur,
3122 1915 3246 1956 cum
3278 1905 3458 1956 coram

1881 1989 2011 2045 orbe
2037 1998 2149 2044 toto
2190 1991 2367 2045 omnia
2398 1991 2690 2046 afferentur
2731 1992 2784 2046 in
2824 2003 2976 2047 tanto
2997 2035 3012 2058 ,
3044 2001 3150 2046 tam
3180 1991 3463 2063 splendido

1883 2079 2091 2136 theatro
2112 2124 2125 2144 ,
2156 2093 2207 2136 et
2249 2085 2390 2137 notis
2419 2092 2472 2138 et
2514 2085 2708 2151 ignotis
2733 2086 2910 2138 omnia
2959 2085 3458 2157 conspicientibus?

1879 2172 1949 2226 At
1976 2188 2055 2226 vce
2086 2173 2216 2226 mihi
2240 2214 2255 2237 ,
2308 2175 2570 2228 undenam
2619 2176 2868 2231 territare
2897 2191 2992 2230 vos
3015 2178 3218 2247 cogor?
3249 2177 3330 2231 Ab
3356 2176 3455 2230 lto-

1878 2263 2077 2316 minum
2127 2263 2559 2328 existimatione,
2607 2281 2728 2320 cum
2773 2283 2802 2320 a
2850 2267 3041 2320 timore
3087 2267 3178 2322 Dei
3229 2276 3450 2335 oportes

1880 2359 1991 2417 ret,
2023 2353 2166 2408 etab
2193 2353 2310 2424 ejus
2350 2355 2836 2412 condemnationet
2857 2357 3082 2423 Quinam
3107 2399 3121 2421 ,
3154 2369 3338 2426 qumso
3368 2365 3421 2409 te
3440 2397 3454 2414 .

1878 2443 2078 2497 erimus
2101 2486 2116 2510 ,
2149 2459 2269 2498 cum
2321 2446 2513 2508 vincti,
2546 2445 2794 2501 dentibus
2839 2446 3129 2501 stridentes
3154 2488 3168 2512 ,
3203 2447 3255 2499 in
3305 2456 3453 2500 exte-

1878 2536 2048 2590 riores
2079 2538 2326 2592 tenebras
2351 2536 2645 2592 docemur?
2687 2537 2796 2594 imo
2827 2537 2952 2608 quid
2983 2536 3239 2592 faciemus
3264 2578 3278 2600 ,
3311 2534 3454 2606 quod

1878 2629 2114 2682 omnium
2146 2629 2596 2683 terribilissimnm
2626 2641 2708 2684 (εει
2731 2671 2746 2695 ,
2779 2643 2902 2684 cum
2936 2631 3044 2684 Deo
3070 2627 3458 2684 occurremus?

1873 2715 1934 2774 Si
1961 2721 2078 2790 quis
2107 2721 2249 2774 enim
2281 2729 2496 2774 sensum
2537 2730 2593 2775 et
2636 2732 2870 2775 mentem
2918 2719 3143 2786 habeat,
3171 2727 3315 2773 certe
3342 2718 3456 2788 jam

1875 2812 2172 2883 gehennam
2194 2813 2526 2875 sustinuerit,
2558 2825 2677 2866 cum
2701 2828 2729 2864 a
2759 2811 2893 2865 facie
2919 2811 3012 2865 Dei
3042 2812 3294 2880 expulsus
3314 2811 3450 2864 erit:

1877 2906 1997 2977 quia
2025 2913 2152 2960 vero
2179 2904 2232 2958 id
2261 2905 2334 2959 illi
2381 2913 2542 2975 grave
2573 2919 2678 2958 non
2706 2911 2787 2958 est
2810 2945 2825 2971 ,
2860 2902 2983 2957 ideo
3010 2903 3186 2972 ignem
3218 2901 3447 2956 commi-

1877 2998 2032 3054 natus
2077 3003 2179 3052 est.
2230 2996 2438 3050 Etenim
2489 2999 2794 3064 oporteret,
2843 3008 2948 3048 non
2996 3007 3116 3048 cum
3167 2991 3449 3062 punimur,

1876 3085 1973 3141 sed
2001 3095 2124 3140 cu'm
2167 3097 2481 3154 peccamus,
2509 3084 2712 3138 dolere.
2761 3083 2901 3138 Audi
2945 3096 3075 3152 ergo
3102 3081 3322 3136 Paulum
3349 3081 3450 3135 do-

1875 3169 2072 3233 lentem
2104 3187 2157 3231 et
2200 3175 2416 3233 ﬂentem
2461 3176 2528 3231 de
2569 3174 2835 3246 peccatis,
2879 3189 2976 3243 pro
3019 3173 3211 3243 quibus
3265 3183 3452 3242 pcenas

1876 3267 2096 3324 daturus
2125 3283 2232 3322 non
2263 3277 2396 3322 erat.
2432 3265 2552 3320 Non
2598 3265 2732 3320 enim
2770 3279 2882 3318 sum
2910 3264 3113 3334 dignus,
3148 3263 3337 3331 inquit,
3364 3277 3453 3315 oo-

1874 3361 1980 3412 cari
1999 3360 2281 3427 apostolus,
2305 3360 2422 3427 quia
2438 3369 2760 3428 persequutus
2776 3371 2886 3411 sum
2906 3354 3187 3409 Ecclesium
3213 3355 3261 3424 (ι
3277 3393 3289 3406 .
3320 3353 3444 3407 Cor.

1880 3451 1966 3508 15.
1997 3452 2029 3506 9
2051 3450 2243 3521 ).Audi
2276 3453 2435 3505 etiam
2463 3461 2517 3505 e't
2551 3447 2822 3515 Doridem,
2870 3465 2899 3503 a
2931 3446 3191 3517 supplicio
3230 3445 3446 3515 quidem
3475 3485 3477 3487 .

1879 3552 2180 3612 exemptum
2206 3584 2222 3609 ,
2255 3542 2349 3596 sed
2395 3543 2517 3612 quia
2545 3557 2605 3597 se
2646 3541 2866 3612 putabat
2907 3541 3074 3596 Deum
3119 3539 3408 3595 offendisse
3431 3581 3447 3604 ,

1879 3634 2133 3687 ultionem
2166 3634 2218 3687 in
2265 3647 2324 3688 se
2369 3641 2679 3688 evocantem
2723 3644 2777 3689 et
2820 3631 3128 3688 dicentem:
3163 3632 3242 3687 Sit
3273 3647 3454 3686 manus

1877 3734 1962 3776 tua
1990 3741 2142 3794 super
2167 3739 2245 3777 me
2283 3737 2328 3777 et
2355 3723 2558 3779 domum
2604 3727 2762 3796 patris
2789 3725 2884 3778 mei
2909 3723 3002 3795 (2.
3045 3723 3174 3795 Reg.
3203 3724 3294 3778 Ἠ.
3326 3723 3449 3792 17).

1877 3815 2102 3871 Gravius
2132 3817 2326 3884 quippe
2355 3824 2439 3870 est
2480 3817 2753 3872 offendere
2804 3815 2968 3871 Deum
2991 3857 3007 3883 ,
3038 3829 3197 3886 quam
3253 3815 3452 3884 puniri.

1877 3905 2025 3960 Nunc
2051 3916 2228 3959 autem
2277 3913 2384 3958 tam
2428 3907 2624 3961 misere
2669 3904 2842 3962 affecti
2872 3919 3088 3971 sumus,
3117 3914 3180 3960 ut
3219 3906 3320 3959 nisi
3358 3919 3454 3975 ge-

1879 3996 2070 4050 ltennte
2100 3997 2262 4050 timor
2288 3996 2464 4058 adsit,
2496 3996 2622 4064 quid
2655 3995 2779 4050 boni
2810 3996 2988 4050 facere
3027 3997 3118 4049 vix
3166 3996 3446 4064 eligamus.

1877 4087 2215 4156 Quapropter
2238 4127 2252 4151 ,
2285 4085 2386 4141 etsi
2424 4102 2530 4141 non
2561 4087 2664 4140 alia
2703 4085 2772 4141 de
2815 4099 3007 4150 causa,
3041 4085 3163 4140 ideo
3204 4087 3448 4154 gehenna

1879 4178 2024 4248 digni
2077 4177 2371 4239 fuerimus,
2403 4177 2544 4247 quod
2592 4176 2734 4230 illam
2779 4176 2947 4246 magis
2975 4191 3134 4244 quam
3178 4175 3448 4230 Christum

1879 4270 2179 4324 timeamus.
2216 4267 2412 4323 Verum
2458 4284 2562 4322 non
2594 4267 2664 4322 ita
2695 4267 2882 4323 beatus
2908 4267 3106 4322 Paulus
3133 4310 3147 4333 ,
3177 4265 3272 4321 sed
3316 4281 3446 4320 cone-

1882 4363 2045 4415 trario
2071 4359 2252 4414 modo.
2280 4360 2413 4424 Quia
2439 4373 2566 4414 vero
2595 4375 2691 4413 nos
2715 4359 2870 4413 aliter
2891 4356 3065 4413 allecti
3094 4371 3300 4419 sumus,
3331 4358 3453 4411 ideo

1880 4453 1945 4506 ad
1976 4452 2272 4521 gehennam
2318 4453 2652 4505 damnamur.
2683 4451 2752 4504 At
2787 4449 2832 4505 si
2862 4448 3132 4505 Christum
3162 4458 3219 4502 ut
3247 4463 3341 4518 par
3369 4459 3456 4503 est

1881 4553 2216 4605 amat-emus,
2261 4541 2521 4596 sciremus
2563 4541 2745 4606 utique
2789 4539 3034 4608 gehenna
3077 4541 3291 4609 gravius
3337 4553 3457 4593 esse

1883 4641 2115 4686 amatum
2143 4630 2448 4686 oll'endcre:
2476 4632 2598 4702 quia
2627 4646 2754 4684 vero
2780 4645 2885 4685 non
2912 4643 3176 4692 amamus,
3209 4630 3457 4700 supplicii

1886 4725 2017 4778 tanti
2047 4724 2466 4794 magnitudinem
2502 4738 2605 4777 non
2639 4723 2905 4776 novimus.
2940 4723 3005 4776 Et
3033 4721 3132 4775 hac
3158 4721 3226 4775 de
3258 4737 3317 4774 re
3349 4737 3453 4772 ma-

1885 4817 2027 4870 xime
2057 4816 2218 4869 doleo
2245 4824 2297 4869 et
2332 4816 2505 4883 lugeo.
2555 4815 2714 4882 Atqui
2743 4812 2868 4881 quid
2898 4829 3002 4866 non
3049 4812 3173 4866 fecit
3202 4813 3373 4877 Deus,
3403 4821 3462 4865 ut

1886 4905 2196 4974 diligeretur
2217 4919 2244 4956 a
2271 4905 2461 4959 nobis?
2488 4904 2612 4973 quid
2641 4919 2744 4956 non
2773 4902 2989 4956 molitus
3014 4902 3133 4956 est?
3159 4903 3284 4970 quid
3318 4917 3457 4971 prae-

1888 4999 2157 5052 tertnisit?
2187 4997 2361 5067 Ipsum
2403 4997 2534 5050 nihil
2565 5009 2664 5050 nos
2694 4995 2975 5050 ltedentent
3019 4993 3344 5047 contumelia
3375 4993 3459 5048 af-

1889 5091 2144 5156 fecimus,
2191 5091 2296 5144 imo
2341 5089 2485 5144 mille
2515 5083 2786 5143 beneficiis
2825 5088 2892 5141 ab
2937 5085 3030 5140 illo
3057 5086 3328 5156 acceptis.
3362 5099 3466 5140 vo-

1887 5197 2096 5241 cantem
2126 5195 2179 5240 et
2215 5185 2446 5253 undique
2493 5181 2848 5235 attrahentem
2879 5179 3110 5234 aversati
3155 5191 3382 5246 sumus;
3409 5189 3464 5235 et

1891 5297 2062 5349 neque
2091 5280 2168 5333 sic
2198 5278 2286 5330 ille
2317 5292 2413 5330 nos
2442 5275 2589 5329 ultus
2618 5287 2730 5339 est,
2761 5289 2942 5327 verum
2972 5274 3207 5327 accurrit
3235 5272 3374 5342 ipse,
3401 5287 3464 5327 ac

1892 5373 2154 5442 fugientes
2184 5368 2446 5431 detinuit;
2480 5377 2535 5421 at
2563 5383 2660 5422 nos
2690 5367 3024 5421 excussimus
3053 5406 3069 5430 ,
3101 5374 3156 5419 et
3182 5363 3247 5418 ad
3279 5363 3467 5419 diabo~

1892 5467 1998 5521 lum
2047 5461 2470 5532 transfugimus:
2519 5475 2691 5528 neque
2731 5459 2807 5514 sic
2859 5469 3034 5514 tamen
3081 5457 3171 5514 ille
3221 5455 3459 5520 destitit,

1892 5549 1985 5605 sed
2015 5554 2294 5603 sexcentos
2326 5547 2486 5612 misit,
2518 5546 2606 5616 qui
2636 5559 2734 5599 nos
2762 5543 3106 5610 advocarent,
3137 5540 3423 5612 prophetas
3439 5574 3460 5600 ι

1895 5640 2144 5712 angelos,
2182 5637 2543 5710 patriarchas;
2588 5650 2684 5691 nos
2711 5643 2890 5693 autem
2921 5654 3024 5692 non
3050 5634 3209 5691 modo
3237 5629 3478 5703 legatio».
