2024 3108
238 141 282 170 151
596 133 626 162 S.
644 131 784 161 JOANNIS
794 127 1030 158 CllRYSOSTOMl
1048 125 1207 154 ARCHIEP.
1227 124 1491 154 CONSTANTINOP.
1821 131 1870 159 ὁδε

237 206 302 227 nem
317 197 388 225 illam
403 203 455 223 non
469 192 637 224 admisimus,
648 190 696 218 sed
711 190 851 226 venientes
865 185 1027 215 contumelia

236 243 387 272 alfccimus.
425 240 518 274 Neque
548 242 637 264 tamen
657 236 715 270 rille
742 241 791 262 nos
826 233 946 267 respuit;
980 230 1028 258 sed

238 290 324 316 instar
347 284 644 315 veltemeutissitnorum
671 285 837 312 amatorum,
867 279 912 315 qui
939 277 1029 312 despi-

236 334 356 366 ciuntur,
370 331 504 360 circuiens
516 328 587 365 apud
600 334 695 356 omnes
715 324 941 361 conquerebatur,
957 321 1028 357 apttd

236 379 342 411 caelum,
359 382 470 410 terram,
485 374 629 404 Jeremiam
641 393 649 406 ,
665 372 801 400 Michaeam
815 379 822 403 ;
839 377 892 399 non
909 373 937 396 ut
952 367 1028 395 oneri

239 429 313 452 esset
323 444 331 457 ,
346 423 394 451 sed
410 427 440 450 ut
453 429 515 449 sese
529 423 657 456 purgaret
670 427 676 445 :
692 425 723 445 ac
746 424 807 445 eum
822 414 958 450 prophetis
973 414 1030 448 ipse

242 469 304 499 illos
312 468 413 500 adibat,
424 468 470 503 qui
484 467 534 495 sibi
546 464 765 495 adversabantur,
777 462 895 489 rationes
909 459 956 487 red
968 460 984 484 lt
994 465 1025 485 re

237 519 363 552 paratus,
379 518 406 541 et
426 520 522 548 rogans
536 516 565 539 ut
585 517 676 538 secum
699 508 816 536 rationes
838 506 988 536 inirentur,
1002 506 1030 530 et

238 550 337 589 surdos
355 560 390 587 ad
413 559 575 593 colloquium
596 556 728 584 alliciens.
744 552 844 588 Papule
857 553 893 579 mi
902 572 910 585 ,
925 550 1029 585 inquit,

238 606 300 644 quid
313 607 362 642 feci
375 605 419 632 tibi
429 605 441 632 ?
453 609 497 631 aut
510 604 537 630 in
551 611 599 638 quo
614 600 758 628 contristavi
773 599 814 627 te?
825 597 950 633 responde
964 595 1026 623 nti/ti

239 652 333 686 (illic/1.
347 652 373 679 6.
385 652 425 686 5).
443 650 507 678 Post
528 649 585 676 hanc
598 648 687 676 omnia
702 645 846 682 prophetas
858 643 1006 671 occidimus
1016 662 1024 674 ,

238 697 435 733 lapidavimus,
460 697 599 723 innumera
626 694 679 721 alia
709 691 922 728 perpetravimus
950 688 1029 715 mala.

238 742 307 777 Quid
320 749 384 777 ergo
399 742 494 769 horum
510 748 589 770 causa
607 739 689 767 fecit?
702 738 760 766 Non
776 737 846 764 ultra
862 735 1008 771 prophetas
1021 754 1029 767 ,

238 796 293 817 non
307 788 429 824 angelos,
443 795 496 815 non
514 785 688 822 patriarchas,
704 784 751 812 sed
766 784 853 819 ipsum
870 782 966 809 Filium
980 780 1031 807 mi-

239 835 284 863 sit.
299 834 416 863 Veniens
442 833 525 861 Filius
548 832 653 859 occisus
674 836 737 858 est:
761 837 847 864 neque
873 832 963 855 tamen
987 826 1033 854 ille

240 888 359 908 antorem
375 880 519 911 exstinxit,
534 878 580 906 sed
595 877 680 912 magis
694 876 831 908 accendit,
846 879 873 902 et
888 879 946 909 post
960 872 1033 900 occi-

241 934 300 957 sum
316 926 411 953 Filium
426 924 559 953 hortando
574 927 740 959 perseverat,
759 925 894 956 precatur,
912 918 1033 953 nihilque

242 980 297 999 non
320 972 391 1007 agit,
408 976 436 998 ut
458 971 491 998 ad
512 969 587 997 illum
614 972 814 996 convertamur.
841 964 946 992 Clamat
968 969 1032 990 vero

242 1018 352 1050 Paulus,
364 1017 457 1046 dicens
470 1025 476 1046 :
491 1015 545 1042 Pro
558 1014 656 1042 Christo
670 1013 794 1048 legatione
809 1011 948 1046 fungimur,
964 1013 1031 1035 tant-

244 1071 320 1097 quam
334 1062 388 1089 Deo
403 1070 446 1097 per
460 1069 506 1088 nos
519 1060 667 1088 exhortante
677 1067 686 1085 :
702 1055 901 1089 reconciliamini
916 1054 970 1081 Deo
985 1054 995 1089 (
1003 1053 1030 1081 2.

241 1107 298 1136 Cor.
315 1107 342 1135 5.
355 1107 417 1142 ΞΟ).

277 1154 305 1181 7.
321 1155 356 1181 At
369 1152 435 1180 nihil
459 1153 554 1179 horum
570 1158 619 1178 nos
634 1148 826 1178 reconciliavit.
845 1146 894 1174 Ille
907 1153 972 1174 vero
985 1153 1033 1173 ne-

241 1206 295 1234 que
303 1199 343 1226 sic
356 1204 404 1224 nos
418 1196 577 1233 dereliquit,
591 1195 639 1223 sed
661 1194 747 1229 pergit
767 1200 875 1227 semper
890 1196 917 1220 et
929 1191 1032 1227 gehen-

243 1251 304 1272 nam
318 1242 492 1275 comminari,
508 1247 535 1269 et
547 1248 659 1276 regnum
674 1239 811 1275 polliceri,
827 1242 857 1265 ut
869 1244 919 1265 nos
932 1237 975 1265 vel
991 1237 1032 1265 sic

242 1288 379 1317 attrahat:
394 1295 444 1315 nos
457 1293 545 1315 autem
561 1287 638 1322 quasi
661 1285 760 1320 stupidi
778 1284 866 1312 adhuc
880 1291 1031 1311 manemus.

242 1333 316 1368 Quid
331 1334 382 1362 hac
404 1333 508 1361 leritate
529 1332 668 1360 deterius?
689 1331 717 1359 Si
732 1331 805 1359 enim
821 1330 901 1358 homo
915 1330 978 1357 talia
992 1328 1033 1357 fe-

241 1381 334 1414 cisset,
347 1386 437 1407 annon
449 1379 475 1407 in
489 1378 643 1406 servitutem
655 1377 712 1412 ejus
724 1384 796 1412 stepe
810 1376 882 1404 versi
893 1375 1034 1403 essemus?

241 1428 326 1457 Deum
345 1431 434 1454 autem
451 1425 478 1453 id
503 1424 644 1453 facientem
659 1422 833 1452 aversantur?
846 1422 868 1450 Ο
883 1421 1032 1457 ignaviam!

244 1481 261 1502 ο
274 1473 408 1508 iugratutn
429 1471 565 1500 animum!
579 1471 625 1506 qui
639 1477 746 1505 semper
759 1470 786 1497 in
801 1469 917 1504 peccatis
931 1473 959 1496 et
973 1475 1034 1496 sce-

241 1519 345 1547 leribus
369 1519 503 1550 vivimus;
520 1517 544 1545 si
558 1525 624 1545 vero
647 1516 808 1552 quandoque
823 1514 956 1543 tantillum
971 1514 1035 1542 boni

241 1565 390 1597 faciamus,
418 1565 504 1592 instar
531 1564 699 1599 ingratorum
726 1569 885 1595 servorum,
909 1565 1035 1588 accurate

242 1611 307 1640 illud
322 1611 509 1639 examinamus
522 1614 549 1638 et
564 1614 750 1645 computamus
763 1616 812 1644 pro
824 1607 949 1635 mercede
962 1608 1034 1635 acci-

242 1657 359 1693 pienda,
384 1657 406 1685 si
432 1660 521 1684 tamen
545 1655 572 1683 id
600 1654 753 1683 mercedem
778 1658 926 1681 mereatur.
953 1652 1035 1687 Atqui

242 1703 330 1738 major
340 1707 383 1730 est
392 1709 506 1736 merces,
517 1709 580 1729 cum
589 1707 643 1728 non
658 1699 791 1727 mercedis
803 1706 883 1726 causa
894 1698 945 1725 hoc
959 1697 1033 1725 lacis.

242 1748 309 1776 Nam
323 1748 368 1775 illa
394 1747 486 1776 dicere
499 1751 527 1775 et.
547 1750 675 1780 accurate
688 1747 859 1779 computare,
876 1741 1034 1771 mercenarii

243 1794 332 1829 potius
353 1797 413 1827 est,
429 1800 509 1828 quam
523 1792 593 1828 grati
615 1791 717 1819 famuli.
732 1789 845 1825 Oportet
858 1789 929 1817 enim
945 1788 1035 1816 omnia

243 1844 354 1875 propter
368 1838 505 1867 Christum
527 1837 636 1871 facere,
651 1844 705 1865 non
727 1840 837 1872 propter
859 1834 1011 1863 mercedem
1026 1843 1033 1861 :

243 1885 305 1912 ideo
326 1885 397 1913 enim
420 1884 572 1920 gehennam
598 1884 775 1911 comminatus
795 1887 855 1914 est,
872 1886 900 1909 et
923 1889 1033 1917 regnum

243 1930 381 1965 promisit,
396 1934 424 1957 ut
437 1937 452 1960 a
467 1929 545 1957 nobis
555 1933 701 1957 amaretur.
713 1929 841 1956 Amemus
854 1927 944 1962 itaque
958 1927 1033 1955 illum

245 1980 275 2003 ut
288 1983 379 2003 amare
401 1980 530 2011 oportet:
558 1975 610 2003 hoc
623 1982 718 2010 magna
734 1981 839 2002 merces
851 1978 893 2001 est
903 1993 911 2006 ,
927 1973 978 2000 hoc
991 1980 1035 2000 re—

244 2030 326 2057 gnum
338 2026 365 2050 et
376 2022 509 2057 voluptas,
523 2021 574 2052 hoc
585 2021 689 2050 delicia:
699 2025 726 2048 et
738 2020 822 2056 gloria
833 2023 860 2047 et
874 2019 971 2051 honor,
984 2018 1036 2045 hoc.

246 2067 290 2095 lux
303 2088 310 2100 ,
326 2067 377 2095 hoc
397 2068 529 2095 immensa
551 2066 688 2095 beatitudo
701 2086 708 2098 ,
730 2072 809 2101 quam
825 2071 874 2092 nec
887 2064 974 2091 oratio
987 2063 1036 2090 de-

245 2113 350 2141 clarare
360 2133 368 2145 ,
382 2119 432 2139 nec
453 2119 530 2139 mens
543 2119 640 2146 capere
655 2110 748 2145 possit.
764 2110 863 2138 Verum
879 2109 970 2137 nescio
982 2115 1036 2143 quo

246 2162 325 2193 pacto
345 2157 371 2183 in
400 2156 552 2191 hujusmodi
577 2162 730 2183 sermonem
754 2155 885 2183 deductus
907 2154 976 2186 sim,
992 2153 1038 2187 qui

244 2203 351 2239 jubeam
377 2201 518 2234 homines,
545 2208 595 2229 nec
621 2201 819 2234 principatum,
847 2206 897 2227 nec
924 2198 1036 2234 gloriam

248 2251 407 2284 prtcseutem
428 2246 629 2281 despicientes,
654 2254 766 2281 regnum
792 2253 913 2281 praesens
927 2249 1038 2280 propter

247 2293 384 2322 Christum
397 2292 555 2327 despicere;
570 2291 676 2320 etiamsi
699 2291 736 2318 illi
761 2291 848 2326 magni
863 2295 891 2318 et
912 2289 1037 2325 generosi

249 2338 301 2366 viri
314 2338 347 2366 ad
360 2337 429 2366 hanc
442 2338 543 2365 amoris
556 2344 708 2369 mensuram
725 2337 892 2371 pertigerint.
908 2335 976 2363 Audi
990 2335 1038 2371 igi-

248 2390 292 2417 tur
316 2385 451 2421 quomodo
476 2384 572 2413 Petrus
595 2390 645 2418 pro
668 2382 715 2410 illo
736 2382 843 2415 ardeat,
868 2382 996 2416 illumque
1012 2385 1039 2408 et

246 2432 343 2460 animm
356 2436 384 2460 et
397 2433 459 2461 vitm
481 2438 537 2459 su:e
557 2435 585 2457 et
612 2429 735 2457 omnibus
760 2428 897 2463 praeferat.
920 2427 954 2455 Et
977 2434 1038 2454 cum

248 2478 322 2506 illum
344 2479 519 2513 abnegasset,
537 2484 591 2504 nou
609 2482 718 2511 propter
731 2474 892 2509 supplicium
910 2473 1037 2508 lugebat,

247 2524 295 2551 sed
314 2524 376 2558 quia
398 2523 526 2551 dilectum
541 2525 684 2557 negaverat
701 2529 707 2548 :
731 2519 802 2556 quod
816 2520 889 2547 omni
903 2518 1036 2554 supplicio

1083 184 1205 211 acerbius
1220 184 1269 217 ipsi
1285 188 1351 210 erat.
1369 183 1485 218 ilmcque
1498 184 1587 213 omnia
1602 190 1663 213 ante
1676 185 1795 221 Spiritus
1809 195 1869 222 gra-

1084 230 1148 256 tiam
1169 229 1309 256 exhibuit:
1337 236 1462 263 sa‘pequc
1478 230 1612 264 instabat,
1628 231 1736 263 dicens,
1756 231 1813 264 Quo
1826 241 1869 260 ca-

1082 275 1143 301 dis?
1157 278 1183 301 et
1197 279 1274 301 antea
1286 295 1293 306 ,
1311 274 1349 300 Ad
1362 283 1434 308 quem
1459 275 1548 301 ibimus
1558 276 1571 302 ?
1585 284 1616 304 ac
1639 285 1732 304 rursus
1742 298 1750 309 .
1774 278 1871 313 Sequar

1083 325 1106 346 te
1117 327 1271 353 quocumque
1289 320 1346 346 ieris
1361 319 1457 355 (Joan.
1472 321 1516 348 15.
1531 320 1576 348 56.
1591 327 1613 348 et
1630 323 1656 350 6.
1670 323 1720 354 69;
1735 323 1830 350 Matth.
1844 325 1869 352 8.

1084 365 1145 399 i9).
1161 364 1255 392 Omnia
1270 366 1340 392 enim
1366 366 1423 400 ipse
1446 366 1498 393 illis
1522 371 1598 398 erat.
1615 375 1646 395 ac
1671 377 1757 404 neque
1779 370 1871 397 cadum

1084 418 1170 444 neque
1183 418 1293 445 regnum
1305 411 1430 438 cmlorum
1443 411 1541 439 dilecto
1557 412 1742 447 prtcfcrebaut.
1754 415 1792 441 Tn
1803 417 1871 443 enim

1084 456 1148 482 mihi
1163 456 1207 482 illa
1222 457 1308 483 omnia
1324 465 1368 488 es,
1385 458 1479 492 inquit.
1495 458 1527 484 Et
1539 458 1601 492 quid
1614 459 1730 489 miraris.
1746 461 1767 486 si
1781 460 1873 488 Pctrtts

1084 502 1119 529 ita
1141 501 1250 529 allectus
1274 502 1350 529 erat?
1372 502 1437 529 Nam
1462 503 1522 530 audi
1549 504 1612 538 quid
1637 505 1766 538 propheta
1785 505 1872 533 dicat:

1085 547 1153 579 Quid
1166 548 1231 574 enim
1253 548 1316 574 mihi
1329 553 1364 574 est
1385 550 1410 574 in
1426 549 1506 576 uelo?
1519 554 1542 575 et
1557 558 1572 575 a
1592 555 1615 576 te
1634 550 1697 584 quid
1718 551 1788 577 volui
1801 560 1875 587 super

1085 599 1176 620 terram
1192 593 1284 629 (Psal.
1301 594 1344 620 79..
1359 594 1394 621 25
1405 594 1473 629 )?[d
1488 600 1528 622 est
1539 616 1545 627 ,
1563 603 1614 622 non
1631 604 1723 623 eorum
1740 605 1800 631 quae
1814 605 1874 625 sur-

1085 646 1160 671 sum,
1178 646 1227 665 nec
1246 647 1305 674 qum
1325 640 1448 666 deorsum
1470 645 1531 667 sunt
1552 641 1624 668 aliud
1645 642 1705 669 volo
1728 647 1825 677 pneter
1838 649 1873 671 te.

1086 684 1141 711 lloc
1154 692 1230 712 amor
1244 690 1295 716 est.
1311 684 1360 712 hoc
1372 685 1478 712 dilectio
1490 693 1499 711 :
1514 686 1535 712 si
1549 686 1583 712 ita
1598 693 1729 720 amemus,
1744 696 1794 715 nec
1808 696 1874 723 ρης

1085 731 1169 757 scntia
1183 752 1190 763 ,
1212 739 1261 758 nec
1284 731 1371 758 futura
1397 731 1540 766 quidquam
1563 739 1622 760 esse
1647 741 1702 768 pra:
1717 742 1810 762 amore
1832 736 1875 763 illo

1085 777 1253 811 putabimus,
1277 781 1304 804 et
1328 777 1389 804 hinc
1414 785 1524 812 regnum
1545 786 1757 813 consequemur,
1774 780 1799 807 in
1819 781 1874 815 ejus

1085 829 1177 849 amore
1192 822 1320 849 lwtantes.
1338 823 1372 849 Et
1384 822 1518 857 quomodo
1529 843 1536 855 ,
1553 823 1657 858 inquies
1668 845 1675 856 ,
1693 824 1744 851 hoc
1756 825 1828 852 erit?
1847 826 1875 854 Si

1085 868 1232 901 cogitemus
1256 868 1390 901 quomodo
1418 868 1493 894 illum
1518 869 1678 895 contumelia
1706 870 1876 898 all'ecerimus

1086 917 1147 947 post
1161 912 1299 939 innumera
1313 913 1407 940 collata
1424 912 1503 944 bona,
1520 914 1577 948 ipsc
1592 921 1655 941 vero
1669 914 1802 943 hortando
1815 923 1875 951 per-

1085 958 1270 985 severaverit:
1286 959 1391 992 quoties
1406 958 1480 985 illum
1505 963 1695 993 prmtereamus
1706 980 1714 991 ,
1731 960 1789 994 ipse
1814 969 1876 988 vero

1087 1010 1136 1029 nos
1152 1011 1204 1030 non
1220 1003 1349 1038 negligat,
1364 1003 1410 1030 sed
1424 1009 1544 1031 accurrat
1558 1009 1585 1031 et
1597 1004 1696 1032 alliciat
1710 1010 1791 1040 atque
1801 1006 1834 1033 ad
1846 1014 1876 1034 se

1087 1049 1182 1076 trahat.
1197 1049 1224 1076 Si
1247 1049 1317 1076 enim
1333 1050 1390 1077 lucc
1404 1055 1431 1077 et
1450 1050 1545 1077 similia
1565 1051 1787 1086 cogitaverimus,
1806 1052 1876 1081 hunc

1086 1095 1250 1122 succendere
1263 1103 1381 1122 amorem
1396 1096 1554 1130 poterimus.
1569 1096 1634 1123 Nam
1650 1097 1672 1123 si
1685 1098 1730 1132 qui
1747 1098 1782 1125 ita
1805 1104 1876 1126 amat

1086 1144 1159 1166 esset
1172 1140 1251 1166 ltomo
1264 1140 1334 1171 vilis,
1346 1141 1389 1175 qui
1403 1148 1467 1167 vero
1482 1141 1516 1167 ita
1532 1147 1636 1168 amatur
1649 1149 1694 1169 rex
1708 1147 1796 1174 esset;
1810 1152 1878 1170 non-

1087 1192 1120 1212 ne
1134 1185 1176 1212 hic
1188 1186 1287 1212 amoris
1299 1186 1507 1220 magnitudinem
1523 1188 1713 1214 revereretur?
1727 1188 1804 1216 Certe
1819 1197 1876 1216 ma-

1088 1232 1168 1259 xime.
1184 1232 1249 1259 Cum
1272 1240 1336 1259 vero
1358 1237 1450 1259 contra
1462 1254 1469 1266 ,
1493 1233 1633 1261 ineliabilis
1648 1235 1691 1261 illa
1706 1235 1876 1270 pulchritudo

1087 1283 1113 1305 et
1127 1277 1212 1312 gloria
1226 1282 1252 1304 et
1264 1278 1363 1305 divitia:
1381 1279 1439 1313 ejus
1452 1299 1459 1311 ,
1475 1280 1519 1313 qui
1542 1287 1590 1306 nos
1604 1285 1698 1314 amat,
1714 1281 1779 1308 tales
1800 1282 1854 1309 sint
1867 1304 1874 1315 ,

1088 1331 1136 1351 nos
1149 1331 1213 1351 vero
1227 1324 1371 1351 admodttm
1396 1325 1477 1358 viles,
1493 1325 1626 1360 quomodo
1648 1333 1702 1353 non
1726 1327 1799 1355 mille
1814 1336 1877 1363 sup-

1087 1370 1173 1405 pliciis
1187 1370 1258 1412 digni
1275 1370 1412 1402 fuerimus,
1426 1371 1462 1398 ita
1475 1372 1540 1398 viles
1554 1377 1581 1398 et
1595 1372 1703 1406 abiecti,
1717 1373 1761 1408 qui
1774 1381 1790 1400 a
1804 1379 1878 1402 tanto

1087 1419 1114 1442 et
1136 1419 1188 1441 tam
1203 1415 1359 1442 admirando
1382 1423 1461 1450 supra
1483 1416 1592 1443 modum
1612 1424 1750 1450 amamur,
1766 1423 1792 1446 et
1807 1419 1877 1447 illius

1088 1467 1207 1487 amorem
1220 1460 1258 1487 sic
1271 1460 1462 1494 repudiamus?
1477 1461 1523 1488 ille
1542 1461 1616 1489 nullo
1630 1468 1783 1490 nostrorum
1798 1469 1874 1499 eget,

1090 1514 1140 1533 nec
1153 1510 1242 1533 tamen
1259 1513 1308 1533 nos
1323 1513 1413 1533 amare
1427 1506 1525 1534 desinit
1538 1515 1545 1539 ;
1559 1514 1608 1534 nos
1622 1508 1681 1542 ejus
1696 1508 1773 1536 hortis
1786 1510 1874 1537 admo-

1088 1552 1151 1579 dum
1166 1559 1275 1587 egemus
1286 1573 1293 1584 ,
1306 1560 1338 1579 ac
1352 1560 1438 1587 neque
1452 1553 1490 1580 sic
1503 1553 1561 1587 ejus
1574 1561 1694 1582 amorem
1710 1555 1855 1584 retinemus
1866 1577 1873 1588 ,

1089 1598 1136 1625 sed
1151 1597 1256 1625 divitias
1272 1598 1309 1625 illi
1333 1598 1500 1633 praeferimus
1512 1620 1519 1631 ,
1534 1604 1561 1627 et
1574 1599 1712 1627 hominum
1726 1601 1856 1629 amicitias
1866 1622 1874 1634 ,

1088 1644 1209 1678 corporis
1235 1644 1355 1678 requiem
1369 1665 1376 1677 ,
1403 1645 1566 1678 potentiam,
1590 1646 1722 1680 gloriam;
1745 1647 1810 1674 dum
1833 1647 1876 1675 ille

1089 1689 1153 1717 nihil
1168 1690 1245 1716 nobis
1268 1690 1426 1725 anteponit?
1440 1690 1528 1718 Utrum
1543 1691 1642 1726 quippe
1655 1691 1753 1719 Filium
1769 1692 1856 1720 habuit
1866 1713 1874 1725 ,

1089 1734 1253 1769 unigenitum
1274 1739 1301 1761 et
1314 1735 1457 1769 genuinum
1469 1756 1476 1769 ,
1493 1743 1580 1769 neque
1596 1735 1634 1762 illi
1649 1737 1771 1771 pepercit
1785 1737 1812 1764 in
1827 1744 1874 1764 no-

1089 1779 1136 1806 stri
1151 1779 1262 1814 gratiam
1277 1788 1283 1808 :
1301 1787 1350 1806 nos
1369 1784 1458 1807 autem
1483 1780 1563 1807 multa
1581 1780 1618 1807 illi
1635 1781 1811 1816 przelerimus.
1825 1782 1876 1810 An-

1090 1832 1142 1851 non
1165 1832 1230 1859 ergo
1251 1825 1401 1860 gehennam
1425 1830 1451 1853 et
1474 1826 1633 1861 supplicium
1658 1835 1814 1860 meremur,
1828 1828 1877 1855 etsi

1090 1870 1153 1896 illud
1167 1870 1257 1905 duplo,
1275 1871 1365 1905 triplo,
1381 1871 1435 1897 imo
1448 1872 1598 1899 sexcenties
1609 1872 1695 1908 majus
1707 1873 1798 1900 esset?
1809 1872 1875 1906 Quid

1089 1918 1161 1943 enim
1190 1916 1279 1943 dicere
1309 1918 1458 1950 possimus,
1484 1917 1590 1951 quando
1620 1923 1722 1945 satana:
1750 1924 1877 1953 prmcepta

1089 1961 1189 1989 Christi
1219 1962 1322 1996 legibus
1351 1963 1534 1997 praeferimus,
1555 1969 1583 1991 et
1609 1964 1687 1991 saluti
1710 1969 1808 1991 nostra:
1826 1971 1879 1991 neu

1091 2014 1230 2041 parcamus
1243 2028 1249 2039 ,
1274 2007 1338 2034 dum
1362 2008 1488 2042 nequitia:
1511 2016 1591 2043 opera
1607 2009 1650 2043 ei,
1667 2010 1711 2044 qui
1728 2010 1816 2036 omnia
1831 2017 1878 2044 pro

1091 2052 1167 2079 nobis
1182 2060 1275 2086 passus
1289 2057 1341 2085 est,
1357 2052 1545 2088 pra‘ferimus?
1561 2054 1592 2080 Et
1607 2061 1658 2088 qua
1674 2054 1753 2081 venia
1767 2054 1825 2082 lucc
1839 2054 1880 2081 di-

1090 2105 1141 2132 gna
1165 2098 1280 2125 iuerint?
1306 2106 1357 2133 qua
1380 2098 1557 2126 defensione?
1576 2091 1665 2126 Nulla.
1680 2099 1788 2127 Stemus
1802 2100 1881 2135 igitur

1091 2142 1228 2177 deinceps,
1246 2151 1297 2170 non
1315 2151 1361 2177 per
1372 2145 1518 2179 prwcipitia
1530 2144 1580 2172 acti
1592 2153 1599 2177 ;
1615 2145 1663 2172 sed
1677 2145 1878 2181 resipiscamus,

1091 2193 1118 2214 ct.
1131 2187 1189 2215 haec
1202 2189 1292 2215 omnia
1309 2189 1446 2216 nobiscum
1460 2195 1616 2225 reputantes
1627 2210 1636 2224 ,
1649 2190 1762 2226 gloriam
1779 2191 1880 2219 refcra-

1092 2241 1150 2260 mus
1165 2234 1189 2260 ei
1204 2241 1251 2267 per
1265 2241 1364 2268 opera;
1381 2235 1471 2262 verbis
1484 2235 1555 2262 enim
1570 2239 1672 2263 tantum
1688 2244 1741 2264 non
1757 2237 1872 2264 sulﬂcit:

1092 2282 1120 2304 ut
1132 2283 1159 2305 et
1171 2278 1256 2313 gloria
1270 2279 1304 2305 ab
1316 2279 1362 2306 illo
1376 2284 1501 2308 manante
1525 2281 1643 2308 fruamur
1654 2302 1661 2314 ,
1678 2289 1758 2317 quam
1781 2282 1881 2310 utinam

1093 2331 1141 2351 nos
1167 2332 1362 2359 consequamur
1372 2346 1379 2358 ,
1395 2327 1479 2361 gratia
1493 2332 1521 2354 et
1534 2328 1698 2363 benignitate
1712 2329 1817 2357 Domini
1832 2336 1881 2357 no-

1092 2369 1138 2395 stri
1161 2369 1223 2397 Jesu
1244 2370 1360 2404 Christi,
1375 2372 1481 2406 quicum
1506 2372 1578 2400 Patri
1603 2378 1631 2401 et
1654 2374 1766 2409 Spiritui
1790 2380 1882 2403 sancto

1092 2417 1193 2451 gloria,
1219 2417 1379 2451 imperium,
1406 2418 1506 2452 honor,
1533 2427 1603 2447 nunc
1625 2425 1653 2447 et
1677 2428 1800 2457 semper,
1815 2421 1880 2450 etin

1093 2463 1190 2490 srccula
1205 2463 1373 2490 saeculorum.
1391 2465 1487 2491 Amen.

251 2584 1884 2603 *ΨΜ-’ᾑ-

933 2622 1103 2653 HOMILIA
1125 2622 1169 2653 Vl

249 2700 312 2731 CAP.
329 2699 356 2729 2.
371 2699 453 2725 v.17.
470 2698 536 2732 Ecce
552 2703 579 2724 tu
591 2697 697 2725 Judwus
717 2695 904 2731 cognominaris
917 2715 923 2725 .
949 2699 973 2720 et
996 2702 1038 2720 re-

283 2745 389 2782 quiescis
401 2745 427 2770 in
443 2744 496 2779 lege
507 2764 514 2776 ,
529 2748 551 2769 et
564 2743 680 2777 gloriaris
694 2742 721 2769 in
735 2741 787 2768 Deo
798 2762 805 2775 ,
820 2741 864 2768 18.
880 2745 903 2768 et
916 2739 981 2767 nosti
993 2747 1035 2766 υυν

285 2792 416 2822 luntatem,
433 2794 455 2820 et
469 2788 560 2823 probas
573 2788 655 2818 utilia,
671 2787 800 2814 institutus
812 2794 844 2813 ea:
855 2786 919 2820 lege.

285 2838 311 2870 1,
328 2836 470 2875 Postquam
484 2833 587 2863 dixerat
600 2832 664 2864 nihil
677 2832 771 2860 deesse
781 2831 875 2862 Graeco
884 2837 931 2858 seu
947 2829 1038 2865 gentili

1094 2693 1126 2720 ad
1142 2693 1270 2724 salutem,
1286 2691 1431 2719 dumtnodo
1447 2693 1532 2728 legem
1548 2701 1647 2727 servet,
1662 2701 1689 2723 el
1702 2697 1883 2725 admirandam

1094 2739 1167 2765 illam
1181 2738 1407 2772 comparationem
1421 2739 1521 2767 fecerat
1536 2749 1542 2766 :
1557 2749 1616 2775 qua?
1633 2741 1799 2770 honorabilia
1815 2744 1882 2778 apud

1092 2784 1200 2811 JudamS
1212 2788 1288 2810 erant
1300 2784 1382 2818 ponit,
1396 2792 1427 2810 ex
1441 2786 1538 2819 quibus
1551 2786 1679 2814 adversus
1692 2788 1799 2817 Gnaeos
1819 2788 1882 2816 elle‘

1093 2830 1227 2858 rebantur.
1244 2828 1275 2856 Et
1288 2828 1373 2863 primo
1388 2829 1474 2864 ipsum
1501 2838 1621 2865 nomen,
1647 2834 1719 2868 quod
1739 2834 1883 2863 admodum
