4090 6230
486 256 589 308 ιῦὂ

486 370 578 423 καὶ
609 369 688 429 είς
729 365 924 435 πολλὴν
954 366 1051 434 τὴν
1088 364 1409 433 δοξομανίαν
1429 405 1445 429 ,
1476 366 1555 418 ὃτι
1588 365 1667 433 τῷ
1693 364 1848 434 δώρῳ
1881 363 2053 431 τούτῳ

482 452 582 503 οὐκ
616 451 693 512 εἰς
731 449 829 516 τὴν
866 447 1136 515 σωτηρίαν
1178 446 1276 515 τὴν
1320 448 1550 507 ἐαυτῶν,
1592 447 1705 498 ἀλλ’
1736 449 1814 509 είς
1852 448 1913 497 τὸ
1942 444 2052 496 τῶν

482 532 655 583 ἄλλων
676 548 802 582 κατε
812 528 1157 592 ξανίστασθαι
1176 530 1269 580 καὶ
1293 527 1565 597 ὑπερορᾷν
1582 528 1979 596 κατεκέχρηντο
1999 539 2047 576 ι.

481 617 588 669 Καὶ
614 612 922 683 γινώσκεις
945 612 1012 664 τὸ
1034 610 1279 679 θέλημα,
1298 612 1392 664 καὶ
1416 610 1744 679 δοκιμάζεις
1769 614 1837 662 τὰ
1854 608 2053 676 διας,ςέ-

475 714 683 766 porta.
717 696 825 748 Καὶ
871 694 975 765 μήν
1002 695 1097 747 καὶ
1128 694 1286 747 τοῦτο
1318 695 1608 763 ἐλάττωμα
1648 695 1813 762 χωρὶς
1851 692 2013 761 ἔργου
2034 706 2048 720 ο

480 778 594 832 ἀλλ’
628 781 775 847 ὅμως
818 778 993 829 ἐδόκει
1035 776 1415 846 πλεονέκτημα
1453 772 1612 829 ε¹ίναι⁹
1652 775 1732 828 διὸ
1770 775 1865 827 καὶ
1913 772 2053 843 μετά

480 861 766 930 ἀκριϐείας
786 860 916 911 αὐτδ
938 858 1167 928 τίθησιν.
1190 859 1263 910 Οὐ
1291 861 1399 927 7&9
1421 853 1562 919 εἷπε,
1586 857 1873 927 Πράττεις,
1892 854 2049 915 ἀλλὰ,

478 942 807 1007 Γινώσκεις
834 942 930 994 καὶ
961 941 1321 1009 δοκιμάζεις,
1351 942 1411 993 οὐ
1446 942 1684 1011 μετέρχῃ
1721 940 1816 993 καὶ
1854 941 2046 998 ποιεῖς.

478 1024 775 1090 Πέποιθάς
801 1041 865 1077 τε
892 1024 1155 1077 σεαυτὸν
1174 1024 1395 1092 ὁδηγὸν
1420 1020 1574 1076 εἶναι
1596 1022 1863 1091 τυφλῶν.
1884 1021 2049 1074 Πάλιν

479 1106 713 1161 ἐνταῦθα
761 1107 860 1158 οὐκ
896 1102 1084 1170 εἶπεν,
1130 1107 1212 1158 ὃτι
1258 1102 1307 1159 εἶ
1352 1106 1544 1175 ὁδηγὸς
1593 1104 1843 1172 τυφλῶν,
1880 1102 2046 1166 ἀλλὰ,

477 1189 796 1253 Πέποιθας,
823 1187 965 1241 οὐτω
998 1188 1321 1257 κομπάζεις,
1364 1190 1530 1256 φησί·
1564 1188 1732 1256 πολλὴ
1775 1187 1884 1253 7&9
1921 1181 2045 1255 ἦνὴ

478 1272 704 1327 ἀπόνοια
745 1270 853 1323 τῶν
898 1271 1185 1325 Ἰουδαίων.
1222 1272 1311 1325 Διὸ
1354 1273 1448 1323 καὶ
1495 1270 1679 1339 σχεδὸν
1714 1270 1853 1322 αὐτά
1884 1268 2049 1334 φθέγ-

475 1370 633 1425 γεται
663 1353 731 1405 τά
765 1356 999 1423 ῥήματα,
1031 1353 1174 1423 άπερ
1203 1354 1400 1406 ἐκεῖνοι
1440 1352 1813 1420 κομπάζοντες
1839 1351 2045 1418 ἔλεγον.

479 1440 622 1507 Ὅρα.
674 1438 803 1505 γοῦν
851 1440 909 1491 ἐν
955 1440 1065 1500 τοῖς
1114 1437 1466 1505 Εὐαγγελίοις
1510 1437 1561 1488 τί
1608 1436 1886 1501 λέγουσιν·
1945 1434 2048 1487 Ἐν

473 1522 784 1589 ἁμαρτίαις
822 1521 903 1574 σὺ
935 1521 1259 1591 ἐγεννήθης
1295 1521 1457 1586 ὅλος,
1494 1519 1592 1572 καί
1621 1518 1701 1573 σὺ
1738 1518 2046 1581 διδάσκεις

473 1602 663 1671 ήμάςὶ
719 1604 811 1657 καὶ
865 1604 1005 1672 μέγα
1058 1604 1319 1671 ἐφρόνουν
1371 1602 1514 1655 κατά
1571 1602 1808 1654 πάντων.
1867 1602 2044 1669 ὐπερ

474 1685 710 1758 ἐλέγχων
740 1687 768 1739 ὁ
795 1685 1004 1749 Παῦλος
1044 1686 1274 1754 ἐπέμενε
1302 1684 1352 1745 ι),
1390 1686 1610 1745 τούτους
1644 1686 1741 1753 μὲν
1779 1682 2040 1752 ἐπαίρων,

474 1770 715 1829 ἐκείνους
778 1768 835 1822 δὲ
889 1767 1187 1837 καθαιρῶν,
1244 1769 1330 1820 ἵνα
1398 1767 1543 1820 οὕτω
1610 1767 1812 1836 μᾶλλον
1864 1765 2045 1819 αὐτῶν

475 1849 807 1919 καθάψηται,
839 1850 935 1901 καὶ
976 1849 1277 1919 βαρυτέραν
1313 1852 1515 1921 ποιήσῃ
1552 1848 1649 1918 τὴν
1687 1848 2039 1918 κατηγορίαν.

473 1934 564 1990 Διὸ
593 1934 687 1985 καὶ
723 1932 968 2001 πρόεισιν
998 1931 1176 1995 αὔξων
1218 1932 1280 1984 τὸ
1315 1931 1555 1995 τοιοῦτο,
1602 1932 1697 1983 καὶ
1736 1930 2041 1993 πλεονάζων

470 2016 550 2084 τῷ
580 2016 847 2085 διαφόρως
890 2016 1273 2082 ἀπαγγέλλειν.
1311 2015 1607 2079 Πέποιθας
1640 2015 1749 2082 γὰρ
1782 2015 2041 2068 σεαυτὸν

474 2098 696 2165 ὁδηγὸν
735 2094 886 2150 εἶναι
929 2097 1191 2163 τυφλῶν,
1225 2096 1351 2165 φῶς
1389 2098 1509 2150 τῶν
1536 2097 1605 2150 ἐν
1636 2098 1839 2149 σκύτει
1859 2136 1873 2155 ,
1904 2114 2039 2149 παι-

471 2180 697 2245 δευτὴν
750 2181 1063 2247 ἀφρόνων,
1126 2178 1501 2232 διδάσκαλον
1565 2177 1716 2248 [475]
1772 2182 2035 2245 νηπίων,

471 2263 692 2329 ἔχοντα
741 2262 853 2329 τὴν
900 2262 1214 2329 μόρφωσιν
1274 2261 1386 2327 τῆς
1435 2260 1713 2328 γνώσεως
1770 2260 1868 2313 καὶ
1929 2260 2039 2327 τῆς

470 2344 755 2409 ἀληθείας
790 2344 859 2395 ἐν
905 2343 981 2407 τῷ
1030 2344 1211 2411 νόμῳ.
1256 2345 1367 2397 Οὐκ
1420 2341 1540 2396 εἶπε
1586 2343 1770 2405 πάλιν,
1826 2343 1913 2395 Ἐν
1962 2342 2039 2410 τῷ

471 2427 729 2477 συνειδῧτι
760 2427 853 2477 καὶ
884 2429 939 2477 ἐν
980 2430 1101 2487 ταῖς
1132 2426 1363 2495 πράξεσι
1406 2426 1500 2478 καὶ
1531 2427 1590 2477 ἐν
1617 2429 1726 2488 τοῖς
1760 2425 2036 2492 κατορθώ-

475 2524 659 2581 μασιν,
705 2508 840 2565 ἀλλ’.
883 2509 976 2558 Ἑν
1004 2506 1084 2571 τῷ
1126 2509 1303 2575 νόμῳ.
1336 2508 1449 2560 Καὶ
1472 2506 1646 2561 ταῦτα
1683 2506 1872 2568 είπὼν,
1903 2508 2038 2576 ὅπερ

468 2589 568 2641 καὶ
605 2589 697 2641 ἐπὶ
729 2589 835 2640 τῶν
875 2589 1100 2641 ἐθνικῶν
1147 2590 1366 2658 ἐποίησε
1389 2630 1403 2652 ,
1451 2589 1610 2643 τοῦτο
1657 2591 1751 2642 καὶ
1784 2589 2033 2641 ἐνταῦθα.

472 2671 683 2739 Ὥσπερ
726 2672 833 2740 γὰρ
880 2674 994 2724 ἐκεῖ
1040 2689 1239 2741 φησιν,
1292 2673 1393 2725 Ἐν
1521 2672 1629 2740 γὰρ
1677 2672 1897 2739 κρίνεις
1933 2670 2039 2723 τὸν

470 2752 699 2821 ἕτερον,
742 2754 1000 2807 σεαυτόν
1042 2756 1447 2821 κατακρίνεις·
1497 2755 1638 2808 οὕτω
1675 2757 1770 2807 καὶ
1805 2753 2037 2805 ἐνταῦθα

469 2836 637 2903 λέγει,
679 2835 740 2887 '0
767 2831 879 2889 οὖν
903 2835 1206 2890 διδάσκων
1236 2837 1458 2901 ἕτερον,
1482 2837 1744 2890 σεαυτὸν
1772 2838 1842 2889 οὐ
1876 2836 2037 2890 διδά-

469 2934 679 2983 σκεις;
726 2918 861 2970 Ἀλλ’
904 2922 1019 2971 ἐκεῖ
1066 2919 1165 2988 μὲν
1202 2921 1652 2989 ἀποτομώτερον,
1708 2919 1938 2973 ἐνταῦθα
1980 2919 2037 2971 δὲ

466 3000 815 3072 ἡμερώτερον
853 3002 1117 3072 κέχρηται
1154 3001 1230 3072 τῷ
1269 3001 1431 3072 λόγῳ.
1474 3002 1547 3055 Οὐ
1595 3002 1701 3069 7&9
1744 2998 1886 3060 εἷπε.
1929 3003 2038 3054 Καὶ

471 3082 576 3153 μὴν
601 3082 688 3136 διὰ
704 3084 859 3140 τοῦτο
879 3084 1122 3153 μείζονος
1151 3080 1199 3135 εἶ
1222 3084 1496 3145 κολάσεως
1516 3083 1684 3147 ἄξιος,
1701 3083 1781 3136 ὅτι
1801 3082 2036 3136 τοσαῦτα

467 3166 851 3235 ἐγχειρισθεὶς,
887 3165 1056 3218 οὐδενὶ
1089 3165 1291 3218 τούτων
1322 3168 1401 3227 είς
1432 3165 1548 3217 δέον
1582 3164 1868 3234 κέχρησαι·
1901 3165 2036 3219 ἀλλά

467 3250 587 3300 κατ’
623 3248 889 3318 ἐρώτησιν
923 3248 1151 3318 προάγει
1182 3249 1273 3301 τὸν
1301 3249 1478 3315 λόγον,
1518 3248 1795 3316 ἐντρέπων
1829 3248 1919 3299 καὶ
1951 3248 2037 3298 λέ-

465 3346 612 3398 γων·
670 3330 734 3381 ⁸0
774 3326 887 3385 οὖν
930 3330 1233 3384 διδάσκων
1262 3332 1485 3398 ἕτερον,
1529 3331 1792 3384 σεαυτὸν
1830 3333 1901 3383 οὐ
1947 3330 2033 3383 δι-

464 3412 744 3477 δάσκεις;
779 3413 981 3466 Σκόπει
1011 3413 1067 3465 δέ
1104 3429 1193 3482 μοι
1234 3416 1328 3465 καὶ
1368 3413 1640 3483 ἑτέρωθεν
1675 3412 1770 3466 τοῦ
1819 3412 2033 3469 Παύλου

464 3495 565 3563 τὴν
622 3496 858 3549 σύνεσιν.
907 3497 988 3549 Τά
1040 3498 1148 3566 7&9
1198 3498 1646 3565 πλεονεκτήματα
1696 3498 1877 3568 τίθησι
1926 3499 2034 3552 τῶν

477 3578 749 3629 Ἰουδαίων
780 3577 970 3640 ταῦτα,
1005 3578 1149 3648 άπερ
1189 3578 1248 3631 οὐ
1300 3579 1399 3647 τῆς
1443 3578 1621 3632 αὐτῶν
1667 3581 1901 3650 σπουδῆς
1942 3579 2029 3653 ἦν,

465 3658 603 3719 ἀλλά
648 3659 748 3728 τῆς
788 3660 995 3719 ἀνωθεν
1038 3661 1267 3729 δωρεᾶς.
1305 3663 1399 3714 καὶ
1436 3662 1727 3727 δείκνυσιν,
1768 3666 1828 3716 οὐ
1874 3666 2033 3734 μόνον

465 3741 698 3811 περιττά
727 3742 855 3795 ὄντα
876 3741 1171 3811 ἀμελοῦσιν
1197 3744 1399 3805 αὐτοῖς,
1430 3744 1565 3797 ἀλλά
1595 3746 1687 3797 καὶ
1716 3748 2032 3819 προσθήκην

465 3823 738 3887 κολάσεως
780 3825 1033 3896 φέροντα.
1080 3825 1155 3877 Οὐ
1198 3826 1305 3896 γάρ
1337 3827 1396 3879 τὸ
1437 3829 1684 3882 Ἰουδαῖον
1727 3831 2028 3897 καλεῖσθαι,

463 3905 642 3959 αὐτῶν
681 3907 1030 3976 κατόρθωμα,
1076 3908 1198 3960 οὐδὲ
1239 3909 1300 3960 τὸ
1346 3910 1511 3978 νόμον
1552 3912 1754 3975 λαϐεῖν,
1799 3915 1920 3967 οὐδὲ
1964 3916 2031 3967 τὰ

462 3987 617 4051 ἄλλα,
646 3988 788 4058 ειπερ
814 3989 1240 4060 ἀπηριθμήσατο
1268 3990 1382 4053 νῦν,
1415 3992 1549 4045 ἀλλὰ
1575 3994 1674 4062 τῆς
1701 3994 1905 4048 ἀνωθεν
1933 3997 2030 4065 χάσ-

463 4088 629 4140 ριτος.
680 4072 790 4124 Καὶ
828 4073 980 4143 παρά
1024 4074 1122 4142 μὲν
1157 4075 1255 4140 τὴν
1286 4075 1459 4144 ἀρχὴν
1507 4076 1713 4143 ἔλεγεν,
1757 4079 1840 4129 ὅτι
1879 4078 2027 4133 οὐδὲν

459 4154 709 4225 ὼφελεῖή
734 4156 994 4225 ἀκρόασις
1013 4155 1107 4208 τοῦ
1130 4157 1317 4226 νόμου,
1341 4160 1435 4209 ἐὰν
1459 4159 1531 4227 μὴ
1553 4162 1583 4227 ή
1608 4159 1803 4226 πρᾶξις
1827 4165 2023 4230 προιῐῇ⁸

454 4239 541 4289 οὐ
567 4237 675 4305 γὰρ
703 4241 756 4292 οί
783 4239 1066 4304 ἀκροαταὶ
1092 4239 1199 4291 τοῦ
1218 4241 1423 4306 νόμου,
1451 4241 1603 4309 φησὶ,
1629 4239 1844 4293 δίκαιοι
1869 4247 2027 4310 παρὰ

458 4316 539 4381 τῷ
566 4318 707 4382 Θεῷσ
736 4320 830 4373 νῦν
848 4320 904 4372 δὲ
925 4320 1103 4387 πολλῷ
1131 4320 1329 4388 μᾶλλον
1358 4321 1644 4384 δείκνυσιν,
1665 4323 1747 4374 ὅτι
1776 4324 1835 4375 οὐ
1867 4325 2026 4393 μόνον

459 4399 493 4467 ὴ
519 4400 802 4468 ἀκρόασις,
848 4400 984 4453 ἀλλά
1016 4402 1108 4453 καὶ
1129 4440 1143 4464 ,
1192 4402 1220 4456 ὃ
1264 4401 1426 4454 πλέον
1458 4402 1557 4470 τῆς
1587 4404 1902 4472 ἀκροάσεως
1933 4401 2019 4475 ἦν,

457 4481 492 4548 ἡ
519 4480 833 4536 διδασκαλία
859 4482 982 4536 οὐδέ
1010 4483 1146 4554 αὐτὴ
1170 4482 1455 4553 δυνήσεται
1482 4484 1801 4553 προστῆναι,
1825 4486 1919 4537 τοῦ
1942 4487 2021 4538 δι-

456 4561 746 4625 δάσκοντος
773 4566 849 4633 μή
879 4565 1207 4634 πράττοντος
1236 4564 1400 4635 άπερ,
1433 4567 1589 4633 φησὶ,
1624 4566 1863 4621 διδάσκει
1882 4584 1895 4597 ο
1932 4571 2023 4622 καὶ

454 4644 517 4695 οὐ
551 4644 788 4712 μόνονού
814 4648 1198 4716 προστήσεται,
1217 4645 1353 4699 ἀλλά
1377 4648 1472 4699 καὶ
1494 4648 1712 4699 κολάσει
1738 4648 2019 4715 μειζόνως.

454 4725 652 4788 Καλῶς
682 4726 738 4779 δὲ
768 4729 859 4779 καὶ
891 4731 1009 4790 ταῖς
1042 4728 1215 4792 λέξεσι
1262 4728 1560 4799 κέχρηταιν
1594 4729 1653 4779 οὐ
1695 4731 1804 4799 7&9
1846 4725 2018 4795 εἶπεν,

458 4808 691 4869 Ἐλαϐες
718 4810 899 4879 νόμον,
932 4810 1045 4863 ἀλλ’
1066 4852 1080 4875 ,
1129 4812 1520 4876 Ἐπαναπαύῃ
1554 4812 1713 4877 νόμῳ
1733 4828 1746 4841 ·
1780 4812 1874 4865 καὶ
1912 4813 2021 4883 γὰρ

452 4889 551 4941 οὐκ
578 4890 812 4961 ἔκαμνεν
846 4894 875 4945 ό
911 4893 1158 4955 Ἰουδαῖος
1198 4892 1427 4961 περιιὼν
1468 4893 1561 4948 καὶ
1585 4892 1764 4960 ζητῶν
1798 4892 1866 4945 τὰ
1886 4910 2020 4963 πρα·

452 4973 613 5037 κτέα,
644 4974 759 5027 ἀλλ’
784 4975 843 5039 ἐξ
876 4976 1123 5037 εὐκολίας
1152 4973 1263 5045 εἶχε
1295 4974 1383 5027 τὸν
1404 4974 1566 5043 νόμον
1605 4974 1885 5028 δεικνύντα
1919 4976 2018 5045 τὴν

450 5056 544 5108 ἐπὶ
575 5056 674 5129 τὴν
700 5057 897 5129 ἀρετὴν
927 5057 1195 5127 φέρουσαν
1232 5057 1369 5110 ὀδόν.
1402 5058 1463 5110 Εἰ
1507 5056 1615 5128 γὰρ
1647 5056 1741 5110 καὶ
1777 5060 1846 5111 τά
1888 5058 2014 5127 ἔθνη

450 5138 564 5207 ἔχει
619 5140 710 5195 τὸν
765 5142 863 5209 τῆς
916 5141 1129 5206 φύσεως
1176 5141 1454 5210 λογισμὸν,
1506 5142 1628 5194 ὅθεν
1688 5142 1866 5194 αὐτῶν
1923 5144 2017 5196 καὶ

448 5221 786 5284 πλεονεκτεῖ,
814 5225 984 5292 χωρὶς
1018 5223 1330 5294 ἀκροάσεως
1367 5224 1443 5285 ὡς
1490 5222 1746 5275 ποιοῦντα
1778 5223 2012 5289 ἅπαντα,

447 5302 561 5359 ἀλλ’
594 5303 743 5370 ὅμως
784 5304 899 5355 ἐκεῖ
934 5304 1132 5373 μείζων
1171 5306 1203 5377 ή
1237 5305 1456 5357 εὐκολία
1486 5300 1574 5375 ἦν.
1624 5304 1685 5358 Εἰ
1711 5305 1765 5358 δὲ
1811 5306 2010 5373 λέγεις,

445 5384 530 5436 ὅτι
560 5384 671 5436 Οὐκ
706 5384 887 5436 ἀκυύω
936 5386 1115 5455 μόνον,
1147 5387 1282 5440 ἀλλά
1308 5388 1402 5440 καὶ
1430 5387 1694 5440 διδάσκω·
1724 5388 1819 5441 καὶ
1853 5389 2013 5443 τοῦτο

446 5465 581 5525 αὐτὸ
612 5466 895 5536 προσθήκη
932 5468 1218 5539 τιμωρίας.
1272 5468 1488 5539 Ἐπειδὴ
1525 5470 1633 5538 γὰρ
1658 5471 1833 5541 τούτῳ
1870 5473 2011 5542 μέγα

444 5548 726 5620 ἐφρόνουν,
763 5549 1011 5602 ἐντεῦθεν
1044 5553 1274 5619 μάλιστα
1315 5553 1511 5616 αὐτοὺς
1552 5554 1825 5609 δείκνυσιν
1850 5556 2009 5618 ὂντας

444 5633 902 5702 καταγελάστους,
947 5635 1111 5688 Ὅταν
1152 5635 1209 5688 δὲ
1252 5635 1404 5706 λέγῃ,
1459 5636 1703 5706 Ὁδηγὸν
1740 5639 2006 5707 τυφλῶν,

448 5754 1012 5823 ηιθριίἱαὰπεκέχρηντο.
1076 5755 1103 5793 b
1127 5754 1209 5803 Sic
1238 5757 1385 5805 Savil.
1411 5764 1460 5807 et
1486 5770 1599 5807 mss.
1628 5757 1798 5810 Morel.
1825 5772 1957 5821 vero,
1980 5766 2005 5809 ό

448 5816 634 5880 Παῦλος
652 5816 862 5879 ἐπέτεμε,
885 5829 1158 5883 ιιι-τρυτᾶῐη.

1170 250 1229 302 S.
1268 247 1553 303 JOANNIS
1592 244 2081 302 CIIRYSOSTOMI
2122 244 2441 303 ARCHIEP.
2481 248 3031 303 CONSTANTINOI'.

3621 256 3729 311 ιδι

2158 365 2490 433 παιδευτὴν
2546 366 2851 433 ἀφρόνων,
2902 361 3275 415 διδάσκαλον
3332 364 3589 429 νηπίων,
3639 369 3734 422 τὸν

2168 445 2396 500 ἐκείνων
2434 449 2581 516 λέγει
2613 449 2782 515 τῦφον
2802 465 2815 477 ·
2846 446 3055 515 σφόδρα
3086 445 3193 515 γᾴρ
3223 446 3600 517 ἁπεκέχρηντο
3616 454 3732 513 τοξ

2159 532 2536 598 προσηλύτοις,
2566 533 2659 585 καὶ
2689 531 2797 583 ἀπὸ
2828 530 3031 582 τούτων
3062 529 3291 584 ἐκάλουν
3316 530 3424 581 τῶν
3449 530 3730 600 ὀνομάτων

2153 627 2372 675 αὐτους.

2227 695 2293 762 β’.
2330 697 2421 748 Διὸ
2456 698 2548 749 καὶ
2606 695 3047 764 ἐπιδαψιλεύεται
3103 696 3219 755 τοῖς
3258 694 3506 747 δοκοῦσιν
3548 698 3729 752 αὐτῶν

2163 773 2301 829 εἶναι
2328 779 2641 847 ἐγκωμίοις,
2661 777 2837 840 εἰδὼς,
2860 778 2942 831 ὅτι
2975 777 3220 845 μείζονος
3240 778 3573 847 κατηγορίας
3598 781 3727 832 ὐπό-

2152 858 2296 921 θεσις
2317 861 2382 911 τά
2406 861 2691 928 λεγόμενα.
2716 862 2975 925 Ἔχοντα
2994 859 3111 923 τὴν
3119 859 3434 926 μόρφωσιν
3451 858 3558 926 τῆς
3575 863 3725 930 7rd)-

2150 957 2302 1007 σεως
2328 944 2423 995 καὶ
2458 942 2568 1009 τῆς
2596 944 2884 1009 ἀληθείας
2916 942 2988 993 ἐν
3010 940 3091 1005 τῷ
3126 943 3305 1009 νόμῳ.
3340 943 3547 1012 Ὠσπερ
3581 945 3648 996 ἂν
3675 947 3728 996 εἰ

2150 1039 2232 1086 τις
2263 1024 2362 1093 τὴν
2402 1025 2683 1095 βασιλικὴν
2720 1026 2903 1077 εἰκόνα
2930 1024 3091 1093 ἔχων.
3134 1025 3303 1093 μηδὲν
3328 1026 3463 1093 πρὸς
3509 1028 3723 1095 ἐκείνην

2149 1107 2376 1176 γράφοι⁸
2413 1109 2461 1159 οί
2497 1108 2553 1160 δὲ
2586 1111 2657 1177 μὴ
2686 1108 3067 1170 πιστευθέντες
3091 1108 3284 1176 αὐτὴν,
3308 1109 3401 1159 καὶ
3433 1110 3601 1178 χωρὶς
3625 1111 3719 1162 τοῦ

2149 1188 2504 1257 πρωτοτύπου
2560 1190 2699 1258 μετά
2736 1189 3023 1260 ἀκριϐείας
3070 1190 3240 1260 αὐτὴν
3280 1193 3547 1259 μιμοῖντο.
3593 1189 3721 1245 Εῐτα

2147 1270 2317 1322 είπὼν
2335 1271 2404 1324 τά
2422 1273 2896 1342 πλεονεκτήματα,
2928 1274 3071 1340 άπερ
3092 1272 3247 1341 ἐσχον
3269 1274 3420 1342 παρά
3438 1273 3531 1326 τοῦ
3561 1275 3719 1339 Θεοῦ,

2148 1351 2294 1419 λέγει
2346 1354 2525 1409 αὐτῶν
2578 1355 2648 1407 τά
2699 1354 3090 1423 ἐλαττώματα,
3150 1354 3294 1424 ἅπερ
3349 1357 3399 1407 οἱ
3447 1357 3723 1426 προφῆται

2149 1436 2506 1506 κατηγόρουν,
2532 1437 2701 1489 ταῦτα
2737 1440 2817 1500 είς
2860 1438 3024 1507 μέσον
3056 1439 3235 1505 φέρων
3261 1454 3275 1468 ο
3322 1439 3386 1490 '0
3412 1436 3526 1494 οὖν
3553 1442 3719 1495 διδάαο

2147 1533 2312 1569 σκων
2333 1519 2557 1586 ἕτερον,
2585 1522 2847 1573 σεαυτὸν
2874 1523 2945 1573 οὐ
2968 1519 3313 1585 διδάσκεις;
3339 1526 3371 1574 ό
3390 1525 3721 1591 κηρύσσων

2140 1598 2227 1666 μὴ
2274 1601 2590 1662 κλέπτειν,
2634 1602 2944 1666 κλέπτεις;
2977 1605 3009 1654 ό
3036 1602 3230 1671 λέγων
3259 1603 3347 1671 μὴ
3376 1606 3717 1675 μοιχεύειν,

2140 1685 2479 1750 μοιχεύεις;
2536 1688 2568 1738 ό
2608 1686 3109 1753 ,ϐδελυσσόμενος
3154 1687 3225 1738 τὰ
3273 1686 3424 1758 [474]
3475 1688 3716 1753 ειδωλα,

2146 1769 2509 1834 Ιεροσυ.1εῖς;
2567 1771 2675 1821 Καὶ
2730 1771 2838 1840 7&9
2896 1770 3099 1839 σφόδρα
3153 1766 3221 1840 ἦν
3269 1773 3719 1842 ἀπηγορευμένον

2142 1851 2252 1901 τῶν
2291 1852 2346 1901 ἐν
2378 1854 2487 1914 τοῖς
2519 1852 2810 1914 εἰδωλείοις
2833 1862 2855 1890 ε
2900 1852 3167 1905 ἆπτεσθαι
3202 1854 3499 1922 χρημάτων
3531 1854 3621 1907 διὰ
3657 1856 3719 1908 τὸ

2146 1931 2428 2002 βδελυρόν
2462 1937 2496 2004 ή
2535 1934 2593 1986 δὲ
2622 1938 2718 2004 τῆς
2756 1933 3191 2004 φιλοχρηματίας
3227 1935 3519 2004 τυραννὶς,
3546 1940 3713 2006 φησι,

2143 2014 2237 2066 καὶ
2285 2015 2476 2070 τοῦτον
2524 2018 2667 2086 ὑμᾶς
2714 2016 2897 2069 ἔπεισε
2954 2017 3333 2085 καταπατῆσαι
3390 2019 3484 2071 τὸν
3528 2020 3713 2089 νόμον.

2143 2094 2273 2149 Εἶτα
2298 2099 2359 2150 τὸ
2385 2099 2519 2151 πολὺ
2553 2099 2847 2170 βαρύτερον
2881 2098 3104 2169 ὕστερον
3130 2100 3346 2166 ἐπάγει,
3388 2101 3580 2167 λέγων’
3610 2106 3716 2169 ’ος

2139 2181 2210 2232 ἐν
2228 2182 2391 2249 νόμῳ
2420 2182 2745 2251 καυχᾶσαι,
2774 2182 2870 2234 διὰ
2912 2181 3016 2247 τῆς
3040 2182 3431 2249 παραϐάσεως
3468 2184 3574 2237 τοῦ
3611 2188 3713 2239 νό-

2134 2280 2253 2332 μου
2283 2265 2388 2317 τὸν
2422 2266 2569 2319 Θεὸν
2595 2264 2927 2333 άτιμάζεις;
2960 2266 3063 2317 Δύο
3092 2266 3332 2317 τέθεικεν
3371 2267 3709 2335 ἐγκλήματα,

2144 2347 2341 2416 μᾶλλον
2384 2349 2442 2401 δέ
2477 2350 2624 2417 τρία·
2670 2350 2751 2401 ὅτι
2782 2366 2839 2400 τε
2888 2349 3245 2416 ἀτιμάζουσι,
3280 2350 3374 2400 καὶ
3415 2350 3495 2401 ὅτι
3530 2350 3599 2402 δι’
3635 2346 3713 2403 ὧν

2140 2430 2496 2499 ἐτιμήθησαν,
2523 2434 2615 2483 καὶ
2637 2432 2717 2483 ὅτι
2742 2431 2831 2485 τὸν
2852 2433 3155 2499 τιμήσαντα
3182 2430 3554 2499 ἀτιμάζουσιν,
3574 2434 3711 2504 ὅπερ

2138 2508 2207 2581 ἦν
2256 2514 2491 2583 ἐσχάτης
2540 2514 2930 2583 ἀγνωμοσύνης
2978 2514 3272 2585 ὑπερϐολή.
3326 2511 3458 2567 Εἶτα
3495 2517 3581 2568 ἵνα
3633 2520 3709 2585 μὴ

2138 2594 2265 2666 δόξῃ
2318 2600 2643 2666 κατηγορεῖν
2686 2596 2918 2657 οἴκοθεν,
2962 2595 3054 2647 τὸν
3100 2599 3383 2665 προφήτην
3433 2599 3710 2667 ἐπήγαγεν

2139 2679 2317 2731 αὐτῶν
2360 2683 2664 2749 κατήγορον
2684 2723 2697 2743 ,
2727 2680 2821 2731 νῦν
2868 2681 2963 2748 μὲν
2994 2683 3049 2731 ἐν
3082 2680 3268 2750 βραχεῖ
3299 2684 3388 2733 καὶ
3431 2684 3711 2751 συντόμως

2139 2761 2231 2813 και)⁸
2258 2761 2332 2823 ὡς
2362 2764 2418 2814 ἐν
2447 2762 2744 2831 κεφαλαίῳ,
2774 2762 3001 2830 ὕστερον
3028 2763 3084 2815 δὲ
3112 2764 3204 2815 καὶ
3229 2766 3366 2816 κατὰ
3396 2765 3581 2835 μέρος,
3612 2766 3709 2818 καὶ

2138 2843 2232 2897 νῦν
2266 2846 2362 2913 μὲν
2393 2845 2484 2897 τὸν
2524 2846 2752 2898 Ἡσαΐαν
2772 2886 2786 2905 ,
2827 2847 2963 2915 μετά
2991 2846 3047 2897 δὲ
3076 2844 3244 2897 ταῦτα
3273 2847 3364 2897 τὸν
3397 2847 3580 2912 Δαυῖδ,
3617 2849 3705 2901 ὅτε

2139 2927 2233 2977 καὶ
2269 2926 2516 2988 πλείονας
2560 2927 2872 2990 ἐπεδείξατο
2914 2930 3040 2990 τούς
3081 2928 3356 2995 ἐλέγχους.
3407 2929 3530 2981 Ὅτι
3575 2930 3705 2997 γὰρ,

2140 3009 2325 3077 φησὶν,
2343 3010 2440 3061 οὐκ
2454 3008 2563 3075 ἐγὼ
2575 3009 2712 3061 λοιδο
2721 3009 2812 3077 ρού
2822 3025 2975 3077 μενος
2991 3011 3115 3078 ὑμῖν
3129 3010 3299 3062 ταῦτα
3312 3010 3708 3077 λέγω,ἀκουσον

2135 3090 2188 3141 τί
2211 3106 2370 3158 φησιν
2395 3095 2423 3144 ὁ
2459 3091 2704 3154 Ἡσαΐας,
2728 3094 2808 3146 ὅτι
2843 3092 2915 3145 Τὸ
2947 3092 3133 3160 ὄνομα
3153 3093 3259 3145 τοῦ
3288 3093 3435 3146 Θεοῦ
3452 3094 3525 3146 δι’
3549 3094 3709 3163 ὑμᾶς

2132 3172 2579 3241 βλασφημεῖται
2615 3174 2685 3227 ἑν
2731 3173 2854 3239 τοῖς
2906 3174 3166 3229 ἔθνεσιν.
3229 3175 3360 3228 Ἰδοὺ
3406 3180 3500 3229 καὶ
3547 3179 3709 3247 ἑτέρα

2137 3255 2293 3323 διπλῆ
2326 3256 2626 3326 κατηγορία
2661 3256 2841 3309 πάλιν.
2870 3257 2944 3309 Οὐ
2978 3257 3083 3327 7&9
3119 3257 3277 3325 μόνον
3310 3259 3487 3322 αὐτοὶ,
3519 3264 3705 3330 φησὶν,

2137 3338 2471 3407 ὑϐρίζουσιν,
2500 3340 2633 3392 ἀλλά
2677 3341 2768 3393 καὶ
2807 3341 3023 3410 ἐτέρους
3067 3342 3143 3403 είς
3169 3341 3325 3395 τοῦτο
3356 3345 3704 3413 παρασκευά-

2136 3420 2306 3484 ζουσι.
2342 3421 2404 3472 Τί
2437 3422 2615 3473 τοίνυν
2647 3423 2745 3490 τῆς
2776 3423 3122 3484 διδασκαλίας
3159 3423 3370 3489 ὄφελος,
3423 3426 3552 3478 ὅταν
3580 3428 3705 3478 ἐαυ-

2135 3503 2261 3566 τούς
2303 3504 2377 3575 μὴ
2412 3504 2733 3575 διδάσκητε;
2795 3504 2935 3561 Ἀλλ’
2967 3507 3223 3577 ἀνωτέρω
3255 3505 3354 3575 μὲν
3392 3506 3549 3559 τοῦτο
3581 3503 3703 3562 εἷπε

2137 3588 2295 3657 μόνον
2314 3629 2328 3652 ,
2360 3589 2592 3643 ἐνταῦθα
2624 3591 2680 3641 δὲ
2714 3592 2808 3643 καὶ
2842 3592 2922 3652 είς
2954 3591 3013 3642 τὸ
3048 3590 3288 3641 ἐναντίον
3322 3606 3387 3641 πε
3399 3590 3701 3659 ριέτρεψεν.

2135 3673 2269 3726 Οὐδὲ
2299 3672 2407 3741 γὰρ
2434 3674 2593 3741 μόνον
2615 3675 2860 3735 ἑαυτοὺς.
2887 3673 2999 3726 ἀλλ’
3028 3673 3145 3724 οὐδὲ
3176 3673 3396 3742 ἐτέρους
3422 3673 3702 3726 διδάσκετε

2129 3758 2197 3810 τὰ
2228 3758 2492 3826 πρακτέα’
2526 3759 2698 3810 καὶτὸ
2718 3757 2895 3826 πολλῷ
2919 3755 3316 3826 χαλεπώτερον,
3348 3758 3430 3810 ὅτι
3450 3758 3510 3808 οὐ
3541 3759 3703 3825 μόνον

2131 3842 2192 3892 οὐ
2233 3841 2516 3893 διδάσκετε
2553 3842 2623 3893 τά
2648 3840 2742 3893 τοῦ
2771 3841 2937 3908 νόμου
2958 3877 2973 3900 ,
3004 3838 3140 3892 ἀλλά
3166 3840 3261 3891 καὶ
3285 3841 3353 3891 τὰ
3376 3839 3595 3892 ἐναντία
3616 3840 3697 3892 διο

2130 3921 2376 3984 δάσκετε,
2403 3923 2743 3993 βλασφημεῖν
2763 3922 2856 3977 τὸν
2880 3922 3033 3985 Θεὸν,
3056 3921 3192 3991 ὅπερ
3212 3922 3449 3975 ἐναντίον
3477 3923 3593 3974 ἐστὶ
3620 3921 3699 3991 τῷ

2128 4005 2295 4073 νόμῳ.

2210 4086 2349 4139 Ἀλλ’
2380 4090 2413 4157 ή
2442 4088 2709 4158 περιτομὴ
2749 4087 2891 4157 μέγα
2912 4126 2928 4150 ,
2962 4088 3148 4156 φησίν.
3201 4086 3476 4156 Ὁμολογῶ
3518 4087 3693 4153 κάγὼ,

2129 4168 2263 4221 ἀλλά
2284 4170 2426 4233 τότε,
2452 4172 2581 4223 ὅταν
2603 4170 2699 4239 ἐχῃ
2722 4170 2820 4238 τὴν
2842 4168 2991 4221 ἐνδον
3015 4170 3334 4238 περιτομήν.
3368 4169 3476 4222 Καὶ
3502 4170 3695 4223 σκόπει

2129 4250 2361 4313 σύνεσιν,
2392 4252 2508 4313 πῶς
2539 4253 2808 4322 εὐκαίρως
2838 4251 2930 4302 τὸν
2960 4250 3089 4317 περὶ
3118 4250 3286 4319 αὐτῆς
3317 4252 3573 4319 εἰσήγαγε
3602 4252 3692 4303 λό-

2127 4349 2241 4399 γον.
2271 4336 2345 4386 υύ
2376 4336 2482 4405 7&9
2509 4335 2709 4398 εὐθέως
2742 4337 2834 4388 ἀπ’
2864 4336 3034 4395 αὐτῆς
3057 4334 3279 4404 ῆρξατο,
3311 4336 3496 4405 ἐπειδὴ
3528 4336 3695 4407 πολλή

2125 4411 2193 4485 ἦν
2227 4417 2391 4485 αὐτῆς
2422 4419 2456 4487 ἡ
2490 4416 2756 4486 ὑπόληψις
2775 4434 2789 4446 '
2815 4416 2927 4468 ἀλλ’
2956 4418 3116 4486 ἡνίκα
3141 4416 3337 4480 ἔδειξεν
3360 4417 3555 4479 αὐτοὺς
3585 4418 3696 4470 ἀπὸ

2126 4498 2218 4549 τοῦ
2252 4500 2497 4567 μείζονος
2524 4498 3057 4568 προσκεκρουκότας,
3092 4499 3185 4550 καὶ
3214 4499 3311 4566 τῆς
3344 4499 3423 4560 είς
3448 4500 3539 4551 τὸν
3559 4500 3697 4553 Θεὸν

2126 4580 2470 4649 βλασφημίας
2496 4582 2721 4644 αἰτίους,
2753 4582 2871 4633 τότε
2892 4581 3076 4632 λοιπὸν
3102 4580 3279 4633 λαϐὼν
3304 4582 3396 4634 τὸν
3418 4583 3694 4653 ἀκροατὴν

2123 4665 2503 4731 κατεγνωκότα
2549 4664 2759 4724 αὐτῶν,
2791 4665 2888 4716 καὶ
2921 4663 3217 4732 γυμνώσας
3253 4664 3352 4732 τῆς
3382 4666 3691 4735 προεδρίας,

2122 4746 2330 4811 εἰσάγει
2361 4746 2451 4797 τὸν
2486 4747 2613 4814 περ)⁸
2644 4746 2743 4814 τῆς
2781 4746 3081 4816 περιτομῆς
3118 4745 3295 4811 λόγον,
3329 4745 3566 4815 θαρρῶν,
3606 4750 3692 4800 ὅτι

2119 4826 2293 4889 οὐδεὶς
2322 4828 2458 4897 αὐτῇ
2488 4830 2773 4897 ψηφιεῖται
2805 4827 2990 4878 λοιπὸν
3010 4867 3025 4890 ,
3072 4828 3166 4879 καί
3198 4844 3362 4896 φησι·
3396 4829 3691 4897 Περιτομὴ

2114 4908 2230 4975 μὲν
2264 4909 2374 4976 γὰρ
2413 4908 2657 4977 ὠφελεῖ,
2685 4909 2793 4961 ἐὰν
2820 4910 3008 4976 νόμον
3041 4907 3345 4975 πράσσῃς.
3390 4910 3583 4961 Καίτοι
3625 4927 3691 4976 γε

2119 4990 2242 5058 ἐνῆν
2274 4989 2446 5052 άλλως
2472 4990 2642 5060 αὐτὴν
2670 4989 2941 5052 ἐκϐαλεῖν,
2970 4990 3062 5042 καὶ
3090 4992 3285 5052 εἰπεῖν,
3315 4990 3379 5040 Τί
3409 4991 3515 5059 γάρ
3540 4994 3691 5044 ἐστιν

2118 5072 2151 5141 ἡ
2179 5072 2479 5140 περιτομή;
2512 5071 2587 5141 μὴ
2608 5071 2716 5141 γάρ
2736 5071 3068 5145 κατόρθωμά
3089 5073 3203 5123 ἐστι
3225 5069 3317 5122 τοῦ
3340 5071 3550 5139 ἔχοντος
3570 5090 3584 5137 ;
3612 5075 3689 5143 μὴ

2116 5155 2224 5224 7&9
2245 5154 2615 5224 προαιρέσεως
2638 5154 2847 5223 ἀγαθῆς
2873 5153 3159 5218 ἐπίδειξις;
3186 5154 3293 5205 Καὶ
3314 5154 3420 5220 γάρ
3440 5153 3498 5203 ἐν
3523 5152 3691 5223 ἀώρῳ

2115 5236 2323 5303 γίνεται
2344 5235 2547 5306 ἡλικίᾳ,
2569 5234 2661 5287 καὶ
2691 5236 2738 5287 οἱ
2762 5237 2819 5287 ἐν
2846 5238 2909 5306 τῇ
2941 5237 3131 5305 ἐρήμῳ
3156 5235 3210 5286 δέ
3243 5234 3441 5296 πάντες
3465 5235 3689 5304 ἔμειναν

2114 5316 2475 5388 ἀπερίτμητοι
2507 5317 2695 5387 χρόνον
2738 5316 2924 5369 πολύψ
2958 5319 3051 5369 καὶ
3086 5314 3350 5387 ἑτέρωθεν
3388 5316 3445 5368 δὲ
3484 5316 3689 5368 πολλα-

2112 5400 2267 5470 χόθεν
2303 5400 2401 5451 ἴδοι
2433 5417 2515 5463 τις
2553 5400 2617 5453 ἂν
2644 5399 2811 5470 αὐτὴν
2838 5400 2898 5453 οὐ
2932 5400 3137 5470 σφόδρα
3166 5399 3468 5465 ἀναγκαίαν
3495 5395 3683 5453 οὖσαν.

2124 5482 2261 5536 Ἀλλ’
2308 5484 2454 5552 ὅμως
2482 5484 2583 5535 οὐκ
2623 5483 2871 5536 ἐντεῦθεν
2903 5483 3069 5550 αὐτὴν
3099 5481 3380 5542 ἐκϐάλλει,
3415 5481 3530 5532 ἀλλ’
3560 5483 3687 5534 ὅθεν

2113 5564 2345 5632 μάλιστα
2368 5565 2555 5634 ἐχρῆν,
2584 5566 2691 5617 ἀπὸ
2721 5565 2816 5617 τοῦ
2856 5564 3126 5634 Ἀϐραάμ.
3164 5564 3226 5617 Ἦ
3272 5564 3377 5633 γὰρ
3406 5562 3684 5641 ὑπερϐολὴ

2107 5650 2204 5717 τῆς
2225 5648 2377 5716 νίκης
2406 5647 2565 5720 αὕτη,
2592 5650 2759 5715 δεῖξαι
2791 5647 3039 5702 ἐντεῦθεν
3060 5647 3227 5718 αὐτὴν
3255 5644 3420 5701 οὖσαν
3448 5646 3686 5706 εὐκαταν

2170 5821 2190 5849 ⁸
2214 5817 2475 5875 Αὶίυεβῖδι
2491 5818 2605 5873 λοις.
