2024 3108
152 123 207 152 453

151 177 311 205 honorabilc
325 182 392 207 erat,
408 182 435 203 ttt
447 182 486 203 est
502 185 571 203 nunc
587 177 807 204 Cltrisliauisutus
823 186 829 204 :
846 179 880 205 ab
894 186 941 213 ap-

152 224 297 257 pellatione
310 223 381 250 enim
397 222 477 249 multa
492 223 639 250 differentia
656 229 719 251 tunc
730 229 786 251 erat
803 233 809 251 :
825 233 907 259 quare
915 231 942 253 et

151 268 213 295 hinc
228 268 344 295 orditur.
361 267 394 294 Et
407 267 466 294 vide
489 268 623 302 qttomodo
644 268 709 294 illud
733 269 861 296 decutiat.
885 270 942 297 Non

149 315 221 341 enim
235 314 322 346 dixit,
337 312 376 340 Tu
388 313 496 340 Judaeus
508 321 552 346 es,
566 313 612 340 sed
623 335 630 343 .
650 313 841 349 Cognominaris
852 320 874 342 el
888 316 943 350 glo-

149 360 225 386 riaris
245 359 271 385 in
294 358 348 385 Deo
362 378 369 390 ,
395 358 420 384 id
435 364 495 391 est,
509 359 583 392 quasi
596 359 708 386 dilecms
722 359 755 386 ab
767 360 812 386 illo
822 380 830 393 ,
846 365 872 387 et
887 369 941 394 pra:

149 406 208 432 aliis
224 405 380 433 hominibus
395 404 551 432 ltouoratus.
568 405 616 431 llic
637 411 726 432 autem
749 406 814 432 tuilti
838 406 942 433 videtttr

150 452 255 478 illorum
270 450 449 485 arrogantiam
466 456 491 477 et
507 458 600 476 vanam
615 451 727 485 gloriam
741 451 938 486 perstringere;

148 498 219 531 quod
236 497 308 524 dono
323 496 370 524 illo
384 504 436 523 non
450 496 483 523 ad
497 497 609 523 salutem
625 505 711 530 suam,
728 498 774 524 sed
795 499 860 524 utin
875 498 942 525 alios

149 543 299 577 insurgunt,
312 547 394 576 atque
409 542 467 569 illos
483 542 641 576 despiciant,
658 543 733 570 abusi
749 544 813 570 sint.
830 543 862 569 Et
877 544 941 571 nain

147 589 300 615 rolunlalem
311 609 320 620 ,
334 593 359 614 et
375 588 466 622 probas
485 588 569 614 utilia.
586 589 664 623 Atqui
679 589 729 616 hoc
739 590 798 616 sine
810 597 891 624 opere
899 595 941 617 est

146 635 257 666 vitium;
272 639 390 661 attamen
400 635 573 669 praerogativa
585 635 724 662 videbatur
734 643 794 663 esse
810 636 940 670 :ideoque

146 685 272 707 accurate
287 679 350 706 illud
365 680 483 713 apponit.
501 680 558 707 Non
573 681 645 707 cnitn
661 681 738 712 dixit,
755 681 830 708 Facis
843 690 849 712 ;
874 681 920 708 sed
931 702 938 714 ,

148 725 225 752 Nosti
237 730 260 752 et
275 725 377 760 probas,
396 733 447 752 non
462 725 615 760 aggrederis
629 733 678 753 nec
691 725 756 761 agis.
774 726 819 753 19.
829 726 940 760 Conﬁdis

146 777 170 797 te
181 779 234 798 esse
250 772 338 798 ducent
352 779 487 798 ca'corum.
504 771 618 799 Rursum
634 772 677 800 hic
700 780 753 799 non
778 773 843 799 dicit
866 773 939 799 illum

146 816 242 843 ducem
257 824 317 843 esse
331 824 461 843 ca‘corum
474 825 480 847 ;
498 817 544 843 sed
558 837 565 849 ,
582 817 706 851 Conﬁdis,
723 818 818 852 inquit,
834 822 859 844 te
874 826 940 844 ven-

146 861 215 888 ditas
231 869 238 886 :
254 861 338 888 multa
352 862 423 888 enim
437 868 494 889 erat
517 862 670 889 Iuda-orum
692 864 853 898 arrogantia.
878 863 939 891 Ideo

147 906 240 932 eadem
256 905 312 933 fere
322 906 403 933 verba
419 912 544 941 usurpat,
559 914 618 941 quae
633 907 670 934 illi
692 915 752 935 sese
771 908 937 942 jactitantes.

149 951 214 979 Vide
229 960 344 987 namque
356 952 418 987 quid
432 953 459 979 in
474 952 619 988 Evangelio
643 953 733 980 dicant
748 962 755 980 :
769 953 803 980 In
830 955 939 989 peccatis

146 1003 220 1024 natus
233 1006 260 1025 es
273 1003 340 1025 totus
352 1019 360 1031 ,
375 1003 399 1024 et
409 1003 437 1025 tu
448 998 522 1026 doces
536 1007 581 1026 nos
597 1000 693 1035 (Joan.
710 1000 737 1028 9.
752 1001 787 1027 34
797 1001 828 1035 )?
850 1006 877 1028 et
898 1001 938 1027 al-

147 1049 200 1070 tum
215 1043 356 1078 sapiebant
367 1043 496 1071 adversus
507 1052 610 1072 omnes.
633 1045 660 1072 ld
683 1046 752 1080 quod
779 1046 877 1073 Paulus
896 1054 939 1073 ar-

145 1089 249 1124 guendo
262 1090 453 1124 perseveravit,
470 1090 517 1117 hos
530 1091 667 1124 attollens,
684 1092 742 1119 illos
759 1092 899 1126 dejiciens,
910 1096 939 1119 ut

145 1135 230 1169 magis
243 1135 305 1161 illos
319 1135 510 1170 perstringeret
521 1156 528 1167 ,
544 1140 570 1162 ct
585 1136 734 1170 graviorem
750 1138 881 1171 proferret
894 1145 938 1164 ειυ-

144 1180 321 1207 cusationem.
338 1180 398 1208 Ideo
411 1182 579 1216 progreditur
593 1183 642 1209 ltoc
657 1190 758 1217 augens
772 1188 798 1210 et
818 1184 935 1218 amplili-

145 1235 208 1253 caus
225 1227 333 1254 diverse
348 1227 492 1254 narrando.
510 1227 623 1261 Conﬁdis
643 1228 710 1255 enim
729 1233 752 1255 te
774 1237 827 1255 esse
846 1229 936 1255 ducem

144 1281 278 1303 mororum,
297 1273 380 1299 lumen
396 1281 492 1306 comm,
507 1274 551 1307 qui
564 1274 590 1300 in
606 1274 712 1301 tenebris
727 1280 784 1301 sunt
795 1296 802 1308 ,
819 1275 864 1302 20.
880 1284 937 1303 eru-

145 1320 251 1346 ditotem
261 1320 432 1354 insipientium
442 1341 449 1351 ,
467 1321 614 1354 magistrum
629 1321 765 1356 infantium
778 1342 785 1354 ,
802 1322 932 1349 lubentem

145 1369 253 1400 formam
267 1366 378 1392 scientiae
392 1371 414 1392 et
429 1367 538 1392 veritatis
552 1367 577 1392 in
590 1367 653 1401 lege.
668 1367 725 1393 Non
740 1368 805 1394 dixit
820 1368 915 1395 iterum
927 1389 935 1400 ,

146 1411 171 1437 lu
185 1411 348 1438 conscientia
364 1415 392 1438 et
411 1412 436 1437 iu
451 1412 577 1446 cperibus
589 1433 596 1444 ,
614 1412 640 1438 iu
655 1418 728 1440 recte
749 1413 842 1445 lactis;
867 1414 913 1441 sed
927 1434 934 1446 ,

146 1456 176 1482 In
190 1457 255 1491 lege.
273 1456 304 1483 Et
320 1457 361 1483 his
373 1456 462 1489 dictis,
477 1457 547 1491 quod
563 1458 632 1484 circa
646 1458 759 1492 gentiles
783 1459 845 1485 fecit
857 1479 865 1492 ,
892 1459 936 1486 hic

145 1502 215 1528 facit.
231 1501 306 1528 Sicut
319 1502 390 1528 cttim
407 1501 461 1528 illic
476 1503 513 1528 ait
528 1511 534 1529 :
549 1502 583 1528 1n
595 1511 643 1536 quo
659 1503 835 1538 enimjudicas
846 1504 935 1538 alium,

145 1547 251 1581 teipst
264 1547 416 1574 condemnas
427 1555 437 1579 ,'
450 1548 488 1574 sic
502 1552 528 1575 et
549 1548 599 1574 ltoc
620 1549 677 1575 loco
701 1548 766 1576 dicit
784 1557 793 1575 :
809 1549 857 1581 Qui
876 1558 937 1585 ergo

145 1593 218 1619 doces
233 1593 324 1625 alium,
340 1593 446 1628 teipsum
459 1602 510 1620 non
525 1594 620 1621 doces?
634 1595 731 1621 Verum
748 1595 800 1622 illic
814 1596 934 1631 rigidius,

145 1637 188 1664 hic
202 1638 295 1664 mitius
306 1644 458 1665 scriuoncm
475 1643 613 1673 temperat.
630 1639 688 1666 Non
704 1641 774 1667 enim
788 1641 852 1669 dicit
866 1651 872 1668 :
889 1643 933 1669 At-

145 1683 187 1718 qtti
203 1684 266 1711 ideo
279 1683 375 1718 majori
389 1692 417 1711 es
433 1685 564 1719 supplicio
580 1686 685 1720 dignus,
695 1687 755 1721 quia
765 1696 824 1714 cum
839 1693 877 1714 tot
890 1689 935 1715 tibi

143 1734 196 1759 sint
211 1733 378 1766 concredita,
396 1733 467 1759 nullo
482 1741 574 1760 eorum
590 1738 617 1760 ttt
632 1741 678 1768 par
701 1739 742 1761 cst
762 1740 845 1762 uteris
858 1756 865 1767 ,
889 1736 934 1762 sed

143 1787 190 1813 per
206 1778 445 1813 interrogationem
459 1779 523 1813 agit,
538 1779 666 1813 pudorem
682 1780 815 1807 incutiens
831 1781 869 1807 sic
881 1800 890 1813 ,
909 1786 935 1808 et

141 1824 238 1851 dicens
254 1832 263 1851 :
278 1823 330 1857 Qui
342 1832 401 1859 ergo
423 1824 497 1852 doces
516 1825 594 1851 alium
607 1845 614 1856 ,
636 1826 743 1859 teipsum
766 1834 816 1852 mm
840 1826 912 1852 dare:
923 1827 936 1853 ."

143 1870 285 1904 Perpende
298 1874 389 1897 autem
402 1871 466 1898 mihi
488 1872 568 1898 etiam
587 1872 694 1898 aliunde
716 1872 790 1898 Pauli
817 1872 935 1906 pruden-

143 1916 206 1942 tiam
224 1924 232 1943 :
247 1923 295 1943 eas
307 1916 379 1943 enim
392 1916 544 1944 Judarorum
560 1918 750 1952 praerogativas
765 1919 838 1952 ponit
849 1939 858 1951 ,
876 1926 935 1952 qua:

142 1969 196 1990 non
208 1970 244 1990 ex
259 1969 352 1990 eorum
368 1963 473 1996 studio,
487 1963 534 1990 sed
549 1971 581 1990 ex
604 1971 721 1998 superno
745 1964 817 1991 dono
840 1968 932 1995 erant,

141 2008 313 2044 ostenditque
327 2016 379 2036 non
393 2008 473 2036 modo
487 2009 636 2043 superﬂuas
659 2017 735 2041 esse,
762 2010 826 2044 ipsis
850 2010 932 2044 negli-

141 2055 269 2089 gentibus
279 2074 287 2087 ,
303 2054 349 2081 sed
363 2055 443 2081 etiam
456 2055 579 2089 supplicii
594 2055 803 2083 additamentum
825 2055 932 2082 ali‘errc.

140 2101 199 2129 Non
215 2101 288 2128 enim
303 2101 402 2127 bonum
416 2108 482 2135 opus
494 2108 587 2128 eorum
602 2106 660 2133 est,
684 2101 754 2135 quod
778 2101 862 2128 Judaei
887 2109 928 2128 νυ-

139 2152 258 2178 centur,
274 2153 361 2180 neque
383 2145 455 2181 quod
474 2145 559 2181 legem
579 2147 748 2180 acceperint,
773 2155 859 2180 neque
881 2147 932 2173 alia

138 2200 199 2227 quas
213 2191 375 2223 numeravit,
388 2191 436 2218 sed
450 2199 483 2218 ex
495 2199 609 2226 superna
623 2192 706 2226 gratia
717 2196 803 2219 erant.
813 2192 851 2218 Ac
863 2192 934 2225 prin-

98 2254 105 2260 -
137 2238 211 2273 cipio
224 2237 332 2271 quidem
346 2236 427 2270 dixit,
441 2236 508 2264 nihil
519 2237 615 2271 juvare
629 2236 651 2263 si
668 2237 708 2264 lex
725 2237 862 2268 audiatur,
883 2237 932 2263 nisi

137 2291 206 2318 opus
220 2281 335 2309 addatur
350 2290 358 2308 :
373 2281 435 2309 Non
445 2284 512 2309 enim
526 2282 654 2309 auditores
668 2282 740 2317 legis,
755 2283 854 2317 inquit,
866 2283 932 2317 justi

137 2334 195 2356 tum
207 2328 278 2362 apud
291 2327 373 2354 Deum
387 2336 397 2355 :
413 2335 483 2354 nunc
498 2333 587 2354 autem
601 2328 685 2355 multo
699 2328 783 2362 magis
793 2328 909 2355 ostendit
923 2349 930 2360 ,

135 2383 191 2402 non
208 2373 291 2401 modo
304 2374 486 2406 auditionem,
507 2374 554 2401 sed
580 2375 660 2400 etiam
685 2374 756 2408 quod
779 2375 822 2401 illa
845 2375 931 2409 majus

135 2426 196 2452 est,
212 2419 374 2452 doctrinam,
398 2428 449 2447 non
472 2427 552 2456 posse
575 2420 681 2447 docenti
707 2421 884 2455 patrocinari,
908 2421 930 2447 si

134 2475 190 2495 non
207 2466 289 2493 faciat
304 2466 348 2493 illa
361 2474 423 2501 qua:
437 2467 533 2499 docot;
548 2475 598 2494 nec
610 2466 690 2494 modo
706 2474 759 2493 non
783 2467 931 2501 patrocina-

133 2513 226 2546 bitur,
241 2511 289 2539 sed
305 2512 386 2539 etiam
400 2512 528 2546 majorem
543 2512 661 2539 attrahet
681 2512 819 2540 ultionem.
845 2513 928 2540 Recte

132 2564 228 2587 autem
244 2558 297 2586 illis
320 2558 484 2585 dictionibus
507 2566 569 2585 usus
590 2563 654 2586 est:
672 2566 724 2585 non
748 2559 818 2585 enim
841 2559 927 2591 dixit,

132 2605 271 2639 Aoeepisti
288 2604 386 2639 legem,
401 2603 460 2635 sed,
475 2604 618 2638 Requiescis
632 2604 658 2630 in
673 2604 738 2639 lege.
752 2603 845 2637 Neque
855 2604 928 2631 enim

133 2650 269 2678 laboravit
281 2649 392 2677 Iudaeus
406 2649 596 2677 circumeundo
607 2671 615 2682 ,
634 2655 662 2677 ut
676 2655 809 2685 quaereret
820 2658 850 2677 ea
870 2658 929 2684 quae

131 2696 236 2732 agenda
247 2700 343 2726 erant;
358 2693 406 2721 sed
421 2693 498 2721 facile
512 2694 602 2721 habuit
616 2695 700 2729 legem
710 2715 718 2727 ,
735 2703 793 2729 qua:
807 2703 874 2722 vtam
886 2704 929 2723 os-

132 2742 256 2770 tenderet
271 2741 304 2767 ad
331 2739 468 2767 virtutem.
492 2740 602 2767 Etiamsi
623 2741 694 2768 enim
713 2746 807 2775 gentes
827 2746 928 2768 natura:

132 2787 305 2816 ratiocinium
323 2785 456 2817 habeant,
472 2785 542 2812 unde
555 2785 613 2812 illos
627 2791 763 2820 superant,
780 2790 872 2820 utpote
883 2787 926 2820 qui

132 2833 349 2863 sine-auditione
361 2831 452 2859 omnia
465 2831 582 2864 faciant;
597 2837 712 2861 attamen
729 2833 783 2860 illic
796 2831 881 2867 major
894 2832 927 2860 fa-

702 120 734 149 ΙΝ
754 121 861 150 EPIST.
882 123 928 150 AD
946 123 1028 152 R01].
1049 124 1164 154 H031"...
1186 126 1228 155 Vl.

1732 135 1784 164 ὁδὶ

996 180 1083 210 cilitas
1097 187 1165 210 erat.
1182 183 1258 217 Quod
1276 184 1299 211 si
1317 186 1408 222 dicas,
1425 187 1483 216 Non
1509 190 1596 218 solum
1616 190 1696 219 audio
1707 212 1717 224 .
1735 193 1783 220 sed

996 226 1076 254 etiam
1088 228 1173 257 doceo
1185 237 1194 262 ;
1207 229 1409 266 illudquoque,
1423 234 1634 264 additamentum
1658 238 1783 273 supplicii

995 276 1046 299 est.
1063 272 1130 305 Quia
1143 281 1207 309 ergo
1222 275 1272 302 hac
1287 276 1312 302 in
1325 284 1354 304 re
1367 278 1450 306 altum
1462 280 1600 314 sapiebant
1611 302 1618 314 ,
1644 272 1784 310 hiucrma-

996 316 1067 344 xime
1083 317 1144 345 illos
1157 318 1285 347 ridiculos
1297 322 1425 349 ostendit.
1442 323 1509 351 Cum
1521 333 1585 353 vero
1599 326 1672 360 dicit,
1686 326 1784 355 Ducem

994 370 1135 397 raeorum,
1152 366 1304 393 eruditorem
1319 367 1508 402 insipientium,
1528 372 1677 406 ntagirtrum
1698 373 1784 408 infan-

995 408 1077 441 tium,
1102 408 1206 436 illorutn
1235 411 1330 438 fastum
1355 414 1481 447 cxprituit
1496 423 1503 440 :
1520 423 1681 451 magnopere
1709 418 1782 445 enim

995 454 1138 489 proselytis
1151 454 1339 489 abutebantur,
1351 457 1437 485 ethoc
1450 458 1508 486 illos
1521 460 1629 488 nomine
1640 461 1782 489 vocabant.

1029 499 1056 525 2.
1073 499 1134 526 Ideo
1147 500 1245 528 Paulus
1258 503 1330 529 varie
1343 502 1402 530 illas
1414 511 1473 538 quae
1487 504 1643 532 videbantur
1654 513 1714 533 esse
1726 506 1784 534 lau-

995 544 1043 572 des
1055 553 1147 573 eorum
1161 547 1260 579 refert,
1276 549 1365 576 sciens
1390 549 1449 577 illas
1471 550 1580 585 majoris
1606 552 1783 581 accusationis

993 597 1055 618 esse
1067 598 1185 619 causam.
1200 592 1341 621 Habentem
1357 596 1467 630 formam
1478 596 1590 624 scientiae
1601 601 1626 624 et
1638 598 1784 626 veritatisin

994 635 1058 670 lege.
1074 637 1113 663 Ac
1126 637 1219 672 siquis
1234 639 1336 673 regiam
1357 639 1500 675 imaginem
1525 642 1644 676 habens,
1667 643 1733 671 nihil
1756 645 1784 672 in

993 680 1038 707 illa
1054 681 1188 717 depingit;
1204 683 1220 710 ii
1236 691 1300 711 vero
1314 685 1409 719 quibus
1422 686 1465 713 illa
1482 688 1634 715 concredita
1650 697 1704 716 non
1722 694 1783 722 est,

992 726 1050 753 sine
1065 732 1206 763 prototypo
1230 734 1353 756 accurate
1373 730 1443 757 illam
1466 731 1614 760 imitantur.
1638 733 1782 769 Postquam

991 772 1124 799 enarravit
1140 775 1329 808 prmrogativas
1341 795 1349 806 ,
1365 783 1431 810 quas
1444 784 1459 803 a
1475 776 1532 803 Deo
1545 777 1680 805 habebant
1690 798 1698 809 .
1724 779 1783 807 illo-

992 823 1050 842 rum
1068 817 1131 843 vitia
1147 823 1287 850 recenset,
1301 819 1395 847 eadem
1410 820 1467 855 ipsa
1483 821 1509 848 in
1525 822 1640 849 medium
1654 822 1781 857 alferens,

991 861 1025 888 de
1035 862 1131 897 quibus
1140 863 1276 897 prophetae
1286 866 1464 894 accusabant:
1477 867 1528 900 Qui
1538 876 1598 903 ergo
1606 869 1680 895 doces
1690 870 1781 903 alium,

992 907 1098 942 teiprum
1112 916 1162 935 non
1177 908 1270 942 doces;
1283 911 1326 945 qui
1338 912 1463 946 pradicas
1474 920 1525 939 non
1537 913 1677 949 furandum
1686 934 1694 947 ,
1708 916 1782 951 [ura-

990 952 1044 985 ris;
1057 952 1102 979 22.
1126 954 1169 988 qui
1193 953 1256 981 dicit
1275 963 1326 982 non
1349 956 1544 990 multandum,
1567 959 1720 991 uiuebat-is;
1738 960 1783 995 qui

990 997 1143 1025 abominaris
1153 998 1233 1031 idola,
1244 1000 1406 1036 sacrilegium
1416 1002 1480 1036 facis
1488 1002 1501 1029 7
1512 1002 1619 1031 Etenim
1629 1004 1706 1032 valde
1718 1012 1782 1039 pro-

989 1042 1104 1071 hibitum
1117 1049 1191 1077 erat,
1206 1053 1240 1073 ne
1261 1046 1321 1081 quis
1342 1054 1385 1074 res
1407 1045 1538 1075 idolorum
1556 1049 1722 1084 contingeret
1746 1051 1781 1078 ob

988 1090 1258 1118 exsecrationem:et
1278 1096 1373 1119 amata:
1396 1094 1515 1127 pecuniae
1530 1095 1659 1129 tyrannis,
1683 1095 1778 1130 inquit,

989 1135 1057 1162 hanc
1063 1143 1167 1171 quoque
1177 1137 1333 1165 conculcare
1346 1138 1429 1173 legem
1441 1139 1516 1167 vobis
1527 1141 1669 1174 persuasit.
1678 1141 1780 1169 Deinde

989 1181 1061 1216 quod
1074 1181 1182 1216 gravius
1193 1186 1268 1216 erat,
1285 1182 1392 1210 demum
1409 1184 1514 1217 intulit,
1527 1186 1619 1213 dicens
1636 1194 1643 1212 :
1658 1186 1704 1213 25.
1728 1186 1780 1219 Qui

988 1227 1016 1253 in
1029 1227 1082 1262 lege
1094 1228 1221 1263 gloriaris,
1236 1237 1280 1261 per
1294 1227 1526 1263 prwoaricationem
1540 1231 1601 1266 legis
1613 1231 1696 1258 Deum
1709 1232 1780 1260 iulio-
1821 1237 1824 1240 '

988 1274 1087 1301 noras?
1106 1274 1164 1301 Duo
1179 1275 1291 1302 crimina
1304 1276 1412 1310 posuit,
1429 1276 1482 1304 into
1502 1278 1590 1311 potius
1615 1278 1681 1311 tria,
1706 1278 1778 1313 quod

987 1318 1182 1352 dehonestent,
1209 1320 1279 1355 quod
1302 1327 1350 1356 per
1372 1328 1424 1355 ea,
1448 1323 1524 1356 queis
1548 1322 1671 1351 honorati
1695 1328 1779 1357 sunt,

987 1364 1058 1400 quod
1072 1373 1102 1393 se
1124 1366 1301 1394 honor-antem
1323 1367 1505 1395 inltonorent:
1522 1368 1594 1403 quod
1616 1373 1675 1396 crat
1696 1369 1779 1396 animi

987 1417 1091 1438 summe
1105 1411 1209 1445 ingrati.
1228 1411 1330 1439 Deinde
1345 1419 1379 1439 ne
1392 1410 1528 1440 videretur
1541 1421 1573 1441 ex
1589 1421 1618 1441 se
1632 1421 1777 1448 accusare,

986 1456 1143 1491 prophetam
1157 1461 1341 1485 accusatorem
1350 1458 1468 1491 inducit;
1482 1467 1551 1486 nunc
1563 1460 1669 1494 quidem
1687 1461 1779 1495 paucis

986 1507 1014 1529 et
1024 1503 1187 1536 summatim,
1202 1502 1299 1531 deinde
1313 1511 1377 1532 vero
1391 1512 1438 1539 per
1453 1510 1542 1539 partes
1557 1513 1564 1531 :
1579 1513 1650 1533 nunc
1662 1505 1755 1533 lsaiam
1769 1526 1777 1538 ,

985 1553 1079 1582 postea
1092 1549 1230 1583 Davidem,
1241 1549 1348 1585 quattdo
1358 1550 1450 1585 plures
1463 1551 1555 1578 retulit
1568 1550 1776 1579 confutationes.

986 1591 1065 1625 Quod
1076 1595 1146 1623 enim
1161 1603 1213 1622 non
1225 1604 1275 1631 ego
1286 1596 1361 1623 vobis
1372 1597 1538 1631 exprobrans
1553 1597 1612 1624 ham
1623 1597 1755 1632 proferam
1767 1618 1776 1630 ,

985 1638 1089 1674 inquit,
1110 1641 1170 1668 audi
1197 1642 1260 1677 quid
1282 1642 1352 1669 dicat
1366 1643 1447 1670 lsaias
1461 1652 1468 1672 :
1482 1643 1528 1670 24.
1543 1642 1644 1670 Nomen
1657 1643 1706 1670 Dei
1718 1651 1778 1678 pro-

986 1692 1041 1721 pter
1053 1695 1096 1714 vos
1114 1687 1304 1722 blasphematur
1317 1689 1343 1715 in
1355 1689 1470 1724 gentibus
1483 1689 1494 1727 (
1506 1690 1568 1717 ικαὶ.
1583 1690 1627 1717 5‘2.
1641 1690 1658 1718 5
1669 1690 1688 1725 ).
1708 1690 1778 1717 Ecce

986 1733 1065 1760 aliam
1079 1733 1213 1768 duplicem
1227 1735 1437 1763 accusationem.
1450 1734 1508 1763 Non
1524 1736 1611 1764 solum
1622 1736 1693 1764 enim
1715 1736 1776 1770 ipsi,

986 1778 1087 1812 inquit,
1102 1780 1266 1808 contumelia
1279 1781 1414 1814 afﬁciunt,
1429 1782 1476 1809 sed
1489 1787 1516 1810 et
1527 1783 1594 1810 alios
1607 1782 1640 1809 ad
1653 1782 1679 1809 id
1690 1789 1775 1817 appa-

986 1829 1055 1852 rant.
1069 1825 1134 1859 Quae
1150 1826 1228 1861 igitur
1242 1827 1371 1855 doctrinae
1382 1828 1498 1861 utilitas,
1516 1828 1623 1863 quando
1637 1836 1687 1856 vos
1704 1829 1776 1863 ipsos

985 1878 1038 1898 non
1053 1870 1175 1899 docetis?
1194 1872 1293 1899 Verum
1307 1873 1359 1901 hoc
1372 1878 1473 1901 tantum
1485 1875 1609 1908 superius
1629 1874 1714 1906 dixit,
1735 1874 1778 1901 hic

984 1924 1049 1944 vero
1062 1917 1088 1944 iu
1102 1918 1264 1945 contrarium
1281 1919 1370 1946 vertit.
1385 1919 1443 1946 Non
1457 1919 1543 1947 solum
1563 1920 1634 1946 enim
1656 1927 1708 1947 non
1729 1927 1778 1947 vos

985 1962 1072 1997 ipsos,
1089 1962 1135 1989 sed
1150 1971 1200 1990 nec
1221 1963 1291 1991 alios
1312 1964 1415 1991 docetis
1434 1972 1465 1991 ea
1488 1973 1547 1999 qua:
1564 1965 1667 2000 agenda
1690 1970 1775 1993 sunt:

984 2013 1011 2036 et
1023 2008 1095 2044 quod
1108 2009 1187 2043 longe
1197 2009 1303 2043 gravius
1317 2013 1359 2037 est
1369 2030 1376 2042 ,
1395 2017 1448 2036 tton
1464 2010 1550 2037 solum
1564 2018 1611 2042 ea,
1628 2018 1687 2045 qua:
1708 2009 1775 2045 legis

984 2060 1058 2088 sunt,
1070 2062 1122 2082 non
1133 2055 1252 2087 docetis;
1265 2055 1311 2082 sed
1322 2055 1454 2082 contraria
1466 2055 1578 2088 docetis,
1591 2055 1776 2090 blaspltcmare

984 2099 1066 2127 Deum
1077 2121 1085 2133 ,
1100 2100 1171 2135 quod
1187 2100 1237 2135 legi
1250 2100 1413 2127 contrarium
1429 2105 1479 2128 est.

1026 2145 1089 2172 Vera
1102 2146 1268 2178 circumcisio,
1285 2154 1352 2181 quoa.
1363 2160 1400 2166 —-
1412 2147 1446 2173 At
1457 2146 1637 2180 circumcisio,
1655 2147 1774 2182 inquies,

984 2198 1080 2226 magna
1094 2198 1138 2218 res
1151 2195 1203 2218 est.
1226 2191 1255 2218 ld
1276 2191 1379 2224 fateor;
1403 2192 1451 2219 sed
1474 2197 1554 2225 tunc,
1574 2199 1635 2219 cum
1659 2192 1774 2220 circum-

983 2236 1051 2264 cisio
1065 2237 1137 2264 intus
1150 2236 1275 2264 habetur.
1291 2236 1326 2264 Et
1339 2237 1400 2264 vide
1415 2237 1582 2272 prudentiain
1593 2257 1602 2270 ,
1624 2245 1704 2272 quam
1727 2246 1777 2272 ορ·-

983 2287 1097 2317 portnne
1108 2282 1166 2317 ejus
1181 2283 1345 2310 mentionem
1366 2283 1495 2310 intulerit.
1515 2283 1572 2310 Non
1592 2284 1663 2310 enim
1683 2283 1773 2310 statim

983 2329 1017 2356 ab
1031 2329 1074 2355 illa
1085 2336 1163 2356 orsus
1172 2334 1214 2356 est
1225 2350 1233 2362 ,
1247 2330 1373 2364 quoniam
1386 2337 1482 2365 magna
1493 2334 1551 2357 erat
1563 2330 1597 2357 de
1607 2330 1653 2357 illa
1664 2330 1771 2364 opinio;

983 2375 1030 2402 sed
1044 2380 1185 2410 postquam
1197 2376 1316 2403 ostendit
1331 2376 1391 2403 illos
1405 2383 1420 2402 a
1444 2375 1539 2410 majori
1562 2375 1724 2407 oﬁ'endisse,
1745 2379 1774 2402 et

982 2421 1155 2455 blasphemiae
1169 2421 1196 2448 iu
1208 2421 1291 2449 Deum
1302 2429 1410 2448 causam
1421 2428 1481 2448 esse
1492 2428 1500 2447 :
1513 2425 1576 2447 tunc
1593 2420 1701 2447 demutu
1721 2427 1771 2447 au-

981 2466 1095 2494 ditorem
1109 2466 1209 2494 habens
1221 2466 1276 2501 jam
1291 2466 1351 2493 illos
1364 2466 1535 2493 damnantem
1545 2486 1553 2499 ,
1567 2471 1594 2493 ct
1607 2465 1659 2492 illis
1679 2472 1694 2492 a
1717 2465 1773 2500 prio

981 2517 1053 2540 matu
1065 2512 1198 2545 exclusis,
1213 2512 1247 2539 de
1261 2511 1464 2539 circumcisione
1476 2512 1546 2546 agit,
1562 2510 1702 2537 conlidens
1724 2517 1772 2538 ne-

980 2559 1081 2586 minetn
1094 2558 1151 2585 fore
1163 2557 1208 2592 qui
1223 2557 1260 2584 illi
1273 2556 1448 2591 sull‘ragetur;
1463 2561 1491 2583 et
1512 2557 1550 2583 ait
1564 2564 1572 2582 :
1585 2556 1630 2583 25.
1656 2555 1773 2583 Circum-

981 2605 1043 2632 cisio
1056 2604 1156 2638 quidem
1169 2604 1289 2639 prodest,
1307 2604 1329 2630 si
1343 2601 1421 2638 legem
1434 2603 1556 2630 observes.
1574 2602 1653 2637 Atqui
1668 2607 1772 2637 poterat

980 2651 1058 2678 aliter
1071 2651 1145 2677 illam
1159 2650 1259 2683 ejicere
1269 2670 1276 2681 ,
1291 2649 1435 2684 dicereque
1450 2658 1457 2675 :
1472 2648 1540 2681 Quid
1556 2648 1627 2676 enim
1651 2653 1692 2676 est
1714 2649 1770 2676 cir-

979 2696 1128 2724 cumcisio?
1143 2702 1207 2722 num
1222 2703 1289 2729 opus
1303 2695 1402 2722 bonum
1416 2699 1458 2722 est
1471 2694 1544 2729 ejus,
1559 2694 1604 2729 qui
1626 2693 1697 2722 illam
1723 2693 1770 2721 ha-

979 2741 1086 2769 buerit?
1100 2747 1163 2768 num
1177 2739 1238 2766 boni
1252 2739 1382 2774 propositi
1407 2743 1592 2774 argumentqu
1604 2738 1616 2765 ἓ
1638 2738 1718 2773 Atqui
1742 2739 1768 2766 in

979 2790 1058 2815 relate
1071 2786 1101 2813 lit
1115 2786 1258 2813 immatura
1274 2793 1282 2813 :
1297 2789 1325 2812 et
1336 2785 1383 2821 qui
1398 2785 1424 2812 in
1439 2785 1547 2813 deserto
1568 2789 1642 2813 erant
1652 2804 1660 2816 ,
1683 2783 1768 2810 multo

980 2838 1099 2870 tempore
1112 2835 1269 2860 manserunt
1280 2830 1460 2861 incircumcisi
1475 2839 1483 2859 :
1495 2835 1574 2868 atque
1582 2828 1690 2859 alituide
1698 2827 1766 2858 mulv
