2024 3108
248 144 302 173 435

247 202 337 236 lisque
347 207 380 228 ex
393 198 460 227 locis
473 197 565 225 videre
579 200 622 225 est
633 217 641 231 ,
654 196 727 224 illam
741 202 793 222 non
804 193 893 239 fuisse
901 192 981 222 v'alde
995 200 1039 239 ne-

246 245 402 274 cessariam.
417 245 542 271 Attamen
555 249 609 270 non
621 242 682 269 ideo
694 238 866 276 illam'i-éjicit
875 261 882 273 ,
896 239 943 268 sed
968 238 1039 266 unde

247 292 365 320 maxime
379 290 536 326 oportebat,
553 288 586 316 ab
600 287 763 316 Abrahamo.
778 286 843 314 Nam
867 286 930 313 hinc
952 286 1038 313 victo-

247 337 286 364 ria
299 336 431 364 celebrior
442 339 499 368 est,
513 335 538 362 si
551 334 611 362 inde
624 333 793 368 deSpicabilis
807 332 944 364 videatur,
968 331 1038 359 unde

247 382 313 417 ipsis
336 381 497 410 venerabilis
516 385 583 407 crat.
606 379 772 414 Quamquam
795 378 885 405 dicere
915 381 1036 412 poterat,

246 427 393 463 prophetas
405 426 512 454 Judmos
527 428 622 453 vocare
635 424 853 456 incircumcisos;
870 431 962 450 verum
982 430 1036 449 non

246 478 289 502 est
304 473 355 501 hoc
369 472 580 500 circumcisionis
592 471 685 498 vitium
696 492 703 503 ,
719 470 766 498 sed
790 478 882 498 eorum
892 490 900 503 ,
925 470 969 504 qui
992 469 1036 496 illa

248 518 319 546 male
333 517 486 545 utebantur.
500 517 527 544 ω
543 516 613 552 quod
628 517 755 551 quaeritur
768 520 825 548 est,
841 521 870 542 ut
883 514 1038 542 ostendatur

247 562 320 590 illam
334 562 362 589 in
376 562 476 598 optima
491 562 544 588 vita
561 561 623 588 nihil
639 561 742 587 roboris
751 559 849 587 habere
864 568 871 586 :
885 559 935 586 hoc
948 564 1037 586 autem

248 607 295 634 ille
306 606 431 642 deinceps
448 603 558 641 probat:
566 607 600 633 Et
614 606 658 633 hic
673 605 778 641 quidem
792 604 970 639 patriarcham
983 612 1036 631 non

248 652 433 684 adducit,sed
459 652 509 678 alia
534 659 568 678 ex
595 656 669 685 parte
696 651 769 685 prius
791 650 862 677 illam
889 649 1035 684 dejiciens,

247 703 340 733 postea
355 697 431 724 illum
445 697 587 729 observat,
601 704 661 724 cum
676 696 709 723 de
723 695 774 723 ﬁde
787 695 868 723 verba
892 695 955 722 facit
968 715 975 726 ,
999 694 1037 721 sic

248 743 362 771 dicens:
380 742 513 775 Quomodo
526 742 603 777 igitur
617 743 743 777 imputata
763 746 799 768 est
822 741 886 775 ﬁdes
908 740 1038 767 Abralue.’

248 796 306 815 cum
321 793 384 815 esset
395 788 421 814 in
433 788 621 814 circumcisione
632 808 640 821 ,
656 795 688 813 an
703 795 761 813 cum
782 791 846 814 esset
865 787 893 813 in
914 786 1038 821 praeputio

248 833 343 869 (Rom.
359 833 385 860 ι.
402 833 436 860 10
448 834 457 867 )
468 833 481 859 ‘l
497 834 585 860 Donec
598 833 671 859 enim
686 832 744 859 haec
758 831 887 859 adversus
910 831 1036 866 gentilem

248 884 276 907 et
292 879 476 914 praeputiatum
490 879 627 912 decertat,
647 877 713 904 nihil
728 877 823 905 horum
847 877 904 904 vult
926 877 1035 910 dicere,

249 932 283 952 ne
296 924 371 951 valde
383 931 514 951 onerosus
527 923 562 950 sit
579 932 586 950 :
601 931 662 950 cum
687 927 776 949 autem
800 921 966 949 cirCumcisio
987 921 1036 948 ad-

247 978 342 998 versus
355 970 436 998 ﬁdem
453 974 568 1005 pugnat,
585 975 648 997 tunc
660 974 753 997 contra
779 969 851 995 illam
876 968 1034 1002 accingitur.

248 1016 356 1043 Interim
378 1016 508 1043 adversus
523 1015 680 1050 prmputium
696 1022 783 1049 pugna
796 1019 837 1041 est
851 1022 857 1039 ε
873 1018 1036 1048 quapropter

248 1062 339 1089 mitius
352 1062 481 1097 loquitur,
496 1066 524 1089 et
542 1062 580 1089 ait
597 1070 603 1087 :
619 1060 782 1087 Circumcisio
801 1060 900 1095 quidem
915 1060 1033 1095 prodest,

246 1108 269 1135 si
280 1108 360 1143 legem
374 1108 489 1135 observes
500 1115 511 1138 ;
522 1108 545 1134 si
558 1111 643 1134 autem
657 1107 836 1141 praevaricator
850 1106 912 1139 legis
934 1106 1013 1141 fueris
1024 1126 1033 1138 ,

244 1153 402 1180 circumcisio
415 1158 458 1179 tua
474 1153 501 1179 in
516 1152 666 1187 prwputium
679 1160 750 1178 versa
762 1156 807 1178 est.
822 1151 892 1178 Duas
906 1151 977 1178 enim
992 1150 1034 1178 hic

244 1199 281 1224 ait
296 1198 515 1226 circumcisiones
527 1203 554 1226 et
566 1198 620 1226 duo
633 1198 776 1233 prwputia,
790 1203 820 1225 ut
831 1202 859 1225 et
870 1200 936 1224 duas
951 1197 1032 1232 leges.

245 1243 294 1270 Est
307 1244 377 1270 enim
393 1244 435 1271 lex
450 1244 594 1276 naturalis,
611 1248 639 1271 et
650 1243 694 1271 lex
707 1243 804 1277 scripta
817 1250 824 1276 ;
839 1242 886 1270 sed
899 1247 941 1270 est
952 1242 1032 1270 etiam

244 1288 331 1316 media
347 1289 418 1316 inter
430 1289 496 1317 duas
507 1310 515 1322 ,
529 1289 571 1318 lex
586 1296 634 1324 per
646 1295 738 1323 Opera.
760 1288 794 1315 Et
817 1287 876 1315 vide
899 1287 1033 1323 quomodo

245 1334 293 1362 lias
322 1339 378 1362 tres
401 1335 473 1370 leges
495 1335 618 1362 ostendat
632 1355 641 1366 .
663 1339 690 1361 et
714 1334 740 1360 in
763 1333 878 1361 medium
906 1333 1030 1360 adducat.

243 1381 307 1409 Cum
322 1382 387 1407 enim
397 1386 493 1417 gentes,
505 1389 562 1415 qua
571 1381 650 1417 legem
661 1389 711 1408 non
720 1381 821 1413 habent,
830 1380 923 1415 inquit.
934 1380 1029 1414 Quam,

242 1434 334 1461 qumso
344 1448 351 1461 ,
366 1427 471 1462 legem?
484 1427 626 1462 Scriptam.
644 1426 805 1454 Naturaliler
822 1434 851 1454 ea
863 1448 871 1460 ,
891 1434 947 1462 quia
968 1427 1032 1462 legis

240 1478 300 1501 sunt
320 1474 426 1509 faciunt.
448 1473 549 1507 Cujus?
563 1473 627 1508 Ejus
639 1495 647 1506 ,
661 1469 781 1508 quaé‘per
794 1480 885 1507 opera.
902 1468 937 1499 Hi
952 1473 1031 1508 legent

241 1528 291 1547 non
308 1520 436 1548 habentes.
452 1520 557 1554 Quam?
571 1520 714 1555 Scriptum.
732 1519 787 1547 Sibi
808 1520 871 1555 ipsis
894 1524 952 1546 sunt
977 1519 1029 1547 les.

241 1566 403 1600 Quomodo?
417 1566 537 1594 Naturali
551 1566 665 1601 legensi.
677 1566 727 1599 Qui
739 1565 873 1592 ostendunt
884 1572 946 1599 opus
956 1564 1029 1599 legis.

243 1612 342 1646 Cujus?
357 1611 421 1646 Ejus
433 1632 441 1644 ,
457 1619 517 1647 qua:
533 1618 581 1645 per
592 1618 673 1645 opera
687 1615 737 1638 est.
754 1610 810 1637 Lex
827 1609 919 1651 literis.
932 1609 1030 1643 scripta

241 1657 363 1685 exterior
375 1661 437 1689 est;
451 1657 508 1684 lucc
521 1661 609 1684 autem
626 1656 736 1684 interior
748 1676 755 1688 ,
774 1663 835 1691 qua:
849 1663 896 1690 per
907 1660 1029 1683 naturam

242 1707 301 1735 est;
313 1703 364 1730 alia
378 1710 442 1730 vero
456 1703 482 1729 in
497 1702 601 1730 actibus
615 1711 621 1729 :
638 1706 666 1730 et
676 1702 748 1729 illam
764 1701 871 1736 quidem
886 1702 970 1729 litera:
986 1701 1029 1728 di-

241 1752 330 1780 ctant,
346 1747 425 1775 aliam
440 1753 546 1780 natura,
561 1748 666 1775 tertiam
679 1751 763 1775 actus.
782 1746 837 1774 Hac
850 1751 939 1775 autem
951 1747 1029 1774 tertia

239 1798 281 1820 est
295 1800 362 1827 opus
372 1813 380 1826 ,
395 1797 503 1828 propter
515 1801 595 1827 quam
608 1793 667 1820 aliae
680 1793 739 1819 dum
748 1813 755 1825 ,
772 1793 901 1820 naturalis
915 1798 942 1820 et
968 1793 1029 1820 lite-

241 1839 316 1867 ralis.
333 1839 408 1872 Quod
424 1840 445 1867 si
465 1840 522 1868 hanc
545 1848 598 1868 non
620 1839 704 1874 adsit,
724 1840 830 1867 illarum
854 1841 943 1868 nullus
965 1847 1030 1868 usus

242 1889 302 1916 est,
318 1885 366 1913 sed
381 1889 570 1913 nocumentum
585 1886 740 1913 maximum.
762 1885 796 1913 Et
819 1886 870 1914 hoc
892 1887 1028 1920 ostendit,

240 1931 274 1959 de
283 1931 396 1959 naturali
404 1931 511 1967 quidem
524 1931 616 1959 dicens
631 1940 639 1960 :
653 1930 686 1959 In
695 1939 746 1967 quo
755 1933 821 1959 enim
824 1932 928 1967 judicas
938 1932 1027 1966 alium,

241 1977 350 2011 telpsum
360 1976 532 2009 condemnas;
544 1976 578 2004 de
589 1976 687 2012 scripta
700 1984 776 2010 Vero,
787 1977 837 2011 Qui
846 1978 970 2013 rrcdicas
978 1986 1028 2004 non

240 2022 399 2057 furandum,
423 2021 528 2057 furoris.
553 2022 597 2050 Sic
620 2027 647 2049 et
669 2023 798 2057 prmputia
817 2022 892 2050 duo:
909 2023 1030 2050 naturale

241 2076 344 2103 unum,
366 2069 479 2097 alterum
504 2076 537 2096 ex
565 2075 647 2103 opere
663 2077 671 2095 :
686 2072 713 2095 et
733 2067 900 2095 circumcisio
926 2075 978 2094 una
1001 2067 1028 2095 in

241 2121 339 2146 carne,
353 2114 436 2141 altera
452 2121 467 2140 a
482 2113 626 2140 voluntate.
641 2112 761 2147 Exempli
774 2120 853 2140 causa
866 2133 873 2144 ,
889 2111 1030 2139 circumci-

239 2167 287 2188 sus
298 2160 358 2195 quis
369 2163 411 2187 est
417 2164 511 2187 octavo
522 2159 566 2186 die
578 2167 586 2191 ;
597 2160 655 2186 haec
667 2163 708 2186 est
719 2159 833 2186 carnalis
840 2159 1008 2187 circumcisio
1020 2168 1027 2186 :

239 2211 405 2240 exsequutus
420 2210 462 2232 est
476 2206 537 2240 quis
549 2204 642 2239 legalia
654 2205 760 2237 omnia;
775 2204 831 2232 hmc
850 2209 891 2232 est
902 2205 1028 2240 spiritua-

240 2252 273 2279 lis
285 2251 465 2283 circumcisio,
480 2258 559 2286 quam
572 2250 687 2278 maxime
700 2251 795 2286 qumrit
809 2250 906 2278 Paulus
915 2270 923 2283 ,
934 2251 989 2278 imo
1002 2255 1028 2279 et

238 2297 295 2332 ipsa
310 2297 363 2324 lex.

273 2343 301 2370 5.
317 2341 384 2369 Vide
397 2341 490 2377 igitur,
505 2346 535 2370 ut
549 2342 630 2370 verbo
646 2342 717 2369 illam
736 2341 896 2375 concedens,
912 2349 942 2369 re
956 2341 1027 2370 illam

241 2388 389 2416 sustulerit.
404 2387 462 2415 Non
473 2388 544 2415 enim
554 2388 629 2420 dixit,
641 2388 779 2423 Superﬁua
793 2392 833 2414 est
847 2387 1025 2421 circumcisio,

241 2433 352 2467 inutilis,
365 2433 543 2467 infructuosa;
556 2433 604 2461 sed
622 2433 685 2468 quid
696 2433 708 2460 ?
718 2433 882 2461 Circumcisio
900 2433 967 2460 enim
977 2433 1028 2461 uti-

239 2479 272 2507 lis
283 2484 330 2513 est,
341 2480 363 2507 si
374 2479 456 2515 legem
465 2487 557 2506 serves.
572 2478 688 2507 Admisit
710 2479 816 2507 interim
836 2479 908 2506 illam
920 2479 1024 2513 dicens,

241 2525 381 2558 conﬁteor,
397 2530 424 2552 et
443 2533 497 2553 non
516 2525 671 2553 coatradico
691 2525 790 2553 bonam
809 2532 869 2552 esse
887 2525 1027 2552 circumci-

237 2572 358 2604 sionem;
373 2571 420 2599 sed
443 2572 568 2607 quando?
592 2571 659 2599 Cum
674 2571 739 2607 legis
752 2571 964 2599 observationem
977 2571 1025 2598 ba-

237 2615 291 2643 bet.
308 2617 338 2644 Si
346 2624 404 2643 vero
425 2617 603 2651 prevaricator
616 2617 678 2653 legis
692 2617 781 2652 fueris,
805 2617 960 2644 circumcisio
982 2621 1026 2643 tua

235 2663 388 2698 praeputium
398 2665 467 2699 facta
481 2669 528 2691 est.
544 2663 601 2690 Non
613 2663 689 2695 dixit,
703 2663 758 2690 Non
780 2664 848 2690 ultra
860 2663 978 2698 prodest,
991 2670 1025 2691 nc

240 2706 358 2734 videatut
386 2708 458 2734 illam
479 2709 639 2736 contumelia
659 2708 782 2740 afﬁcere;
805 2707 851 2735 scd
863 2708 907 2735 ubi
925 2708 967 2735 illa
978 2707 1024 2735 Ju-

237 2753 326 2781 dasum
341 2753 503 2787 denudavit,
520 2759 583 2782 tunc
604 2755 712 2782 demum
728 2755 797 2782 illam
815 2755 918 2790 impetit
933 2763 939 2781 :
952 2754 1023 2790 quod

235 2805 290 2826 non
302 2798 356 2833 jam
368 2803 410 2827 est
420 2799 630 2827 circumcisionis
643 2801 815 2834 contumelia,
831 2800 878 2827 sed
893 2800 961 2835 ejus,
977 2799 1022 2835 qui

234 2844 269 2873 ob
283 2844 414 2881 ignaviam
432 2845 502 2874 illam
522 2846 621 2875 amisit.
644 2845 720 2874 Sicut
742 2845 823 2881 igitur
843 2845 915 2873 viros
942 2846 968 2872 in
981 2845 1018 2872 di-

620 140 649 168 S.
668 136 806 167 JOANNIS
824 131 1059 164 CllRYSOSTOMl
1078 134 1237 165 ARCHIEP.
1256 137 1524 167 CONSTANTINOP.

1827 143 1877 171 ‘36

1088 193 1233 226 gnilatibus
1249 195 1411 222 constitutos
1423 216 1430 227 ,
1446 195 1544 222 deinde
1570 195 1596 222 in
1611 197 1711 231 magnis
1729 198 1877 227 sceleribus

1089 238 1281 274 deprehensos,
1296 240 1402 275 iudices
1423 241 1497 275 prius
1514 241 1605 269 ablato
1617 242 1776 277 dignitatum
1794 244 1876 271 hono-

1088 292 1130 316 re,
1148 289 1210 312 tunc
1222 286 1354 320 supplicio
1366 286 1473 314 tradunt
1488 296 1494 313 ε
1511 287 1550 314 sic
1561 291 1588 314 et
1599 287 1695 315 Paulus
1717 289 1793 316 fecit.
1811 290 1874 317 Cum

1088 331 1159 357 enim
1174 330 1299 364 dixisset,
1314 331 1344 358 Si
1356 336 1439 358 autent
1453 333 1635 366 pravaricator
1650 334 1711 368 legis
1723 335 1813 369 fueris,
1827 337 1872 363 ad-

1088 376 1164 409 didit,
1193 376 1357 404 Circumcisio
1381 383 1425 404 tua
1449 379 1604 413 praeputium
1618 382 1684 414 facta
1698 387 1755 413 est;
1770 386 1797 409 et
1819 391 1875 411 cum

1089 421 1304 449 incircumcisum
1316 424 1489 456 ostendisset,
1503 424 1579 452 illum
1593 426 1652 453 sine
1667 432 1738 453 metu
1754 427 1872 455 damnat.

1088 466 1132 493 26.
1148 466 1211 494 Cum
1223 468 1300 503 igitur
1315 470 1468 503 prwputium
1488 471 1686 505 justi/icationes
1702 471 1765 507 legis
1779 479 1858 499 serra!
1869 495 1875 505 ,

1088 520 1171 539 nonne
1194 515 1351 548 prwpulium
1363 515 1417 549 ejus
1428 515 1454 541 in
1467 516 1682 543 circumcisionem
1702 521 1876 546 convertetur?

1089 557 1155 584 Vide
1168 558 1231 592 quid
1247 559 1400 586 faciatmon
1409 560 1483 593 dicit,
1500 561 1571 595 quod
1584 562 1747 596 praeputium
1762 564 1875 591 circum-

1088 603 1217 630 cisionem
1232 605 1336 636 vincat;
1353 605 1403 632 hoc
1415 606 1486 632 enim
1498 606 1575 633 valde
1590 607 1733 634 molestum
1750 608 1874 636 auditori-

1089 649 1137 675 bus
1150 655 1237 681 esset;
1261 650 1307 676 sed
1323 650 1392 684 quod
1407 652 1566 686 praeputium
1589 652 1762 681 circumcisio
1782 653 1875 682 factum

1088 696 1131 722 sit.
1142 696 1180 722 Ac
1192 696 1288 723 deinde
1300 697 1404 731 quaerit,
1415 698 1477 732 quid
1494 698 1529 725 sit
1543 698 1725 732 circumcisio,
1735 700 1799 734 quid
1813 708 1876 735 prm-

1089 741 1191 775 putium
1204 749 1210 773 ;
1224 746 1250 768 et
1269 741 1333 768 dicit
1349 750 1363 769 c
1376 743 1578 770 icumcisioncm
1593 751 1654 771 esse
1676 752 1747 779 opus
1764 745 1874 777 bonum,

1089 791 1115 813 ct
1133 788 1290 821 praeputium
1310 797 1365 815 rem
1381 790 1494 816 malam:
1510 795 1538 817 et
1550 799 1610 817 cum
1626 791 1699 825 prius
1718 793 1743 820 in
1765 793 1874 820 circum-

1087 834 1214 861 cisionem
1234 839 1363 862 mutasset
1382 836 1568 870 przeputiatum
1590 837 1667 864 bonis
1688 839 1819 873 operibus
1836 841 1875 866 in-

1087 884 1227 913 structum,
1240 884 1266 907 et
1277 880 1463 908 circumcisum
1480 887 1605 917 corrupte
1616 884 1752 911 viventem
1768 885 1794 912 in
1807 894 1873 920 prte-

1089 925 1191 958 putium
1215 926 1440 960 impulisscttsic
1468 927 1606 955 victoriam
1637 929 1680 956 dat
1707 932 1874 965 prmputialo.

1086 970 1139 997 Nec
1163 970 1227 998 dicit
1251 976 1338 998 tamen
1353 992 1361 1003 ,
1377 972 1557 1006 Pracputiato;
1586 974 1633 1001 sed
1657 975 1690 1002 ad
1714 976 1799 1010 ipsam
1822 984 1874 1004 rem

1088 1016 1192 1044 transit.
1211 1016 1249 1043 sic
1273 1017 1385 1044 dicens:
1402 1016 1495 1044 Nonne
1520 1020 1674 1053 pra‘pulium
1699 1025 1779 1047 tuum
1791 1022 1816 1048 in
1827 1023 1873 1048 cir-

1085 1062 1260 1088 cmucisionem
1286 1063 1466 1089 convertatur?
1500 1063 1558 1090 Non
1581 1064 1655 1096 dicit,
1688 1064 1872 1100 lmputabitur,

1086 1107 1144 1139 scd,
1167 1107 1340 1141 Convertctur,
1361 1108 1431 1143 quod
1458 1110 1588 1141 majorem
1612 1111 1765 1145 emphasim
1783 1113 1871 1140 habet:

1086 1153 1153 1180 sicut
1168 1160 1218 1180 nec
1233 1154 1356 1188 superius
1372 1154 1448 1188 dixit,
1464 1155 1640 1183 Circumcisin
1656 1160 1699 1185 tua
1716 1159 1872 1192 praeputium

1085 1203 1236 1232 reputatur,
1248 1199 1293 1226 sed
1310 1198 1392 1226 Facta
1406 1205 1451 1226 est.
1466 1200 1512 1226 2⁸1.
1529 1200 1563 1227 Et
1571 1201 1698 1236 judicabit
1714 1204 1784 1236 quod
1794 1209 1830 1231 est
1840 1212 1868 1231 es:

1084 1248 1174 1270 natura
1188 1244 1349 1278 prwpntiam.
1366 1245 1456 1272 Videu‘
1477 1246 1550 1273 illttm
1568 1246 1621 1273 duo
1639 1255 1722 1275 nosse
1735 1249 1870 1284 pra‘putia,

1083 1288 1156 1315 aliud
1170 1297 1202 1315 cx
1219 1294 1328 1323 natura,
1343 1290 1413 1317 aliud
1429 1298 1461 1317 ex
1482 1291 1636 1319 voluntate?
1650 1293 1698 1319 llic
1715 1301 1779 1320 vero
1799 1295 1868 1325 illud.

1084 1335 1153 1369 quod
1168 1343 1200 1361 cx
1222 1339 1315 1362 natura
1333 1340 1384 1368 est,
1399 1336 1473 1368 dicit,
1498 1345 1585 1371 neque
1602 1338 1643 1364 hic
1665 1339 1781 1373 gradum
1791 1340 1867 1372 sistit,

1083 1381 1129 1408 sed
1142 1381 1215 1408 addit
1232 1392 1238 1409 :
1253 1381 1344 1417 Legem
1368 1390 1556 1414 cansumnwns,
1573 1389 1597 1410 le
1607 1385 1650 1418 qui
1671 1393 1720 1418 per
1740 1385 1837 1412 (lteram
1849 1391 1871 1413 et

1082 1427 1295 1454 circumcisionrm
1311 1432 1481 1464 lransgressor
1499 1438 1525 1456 es
1538 1430 1599 1465 legis
1610 1430 1623 1457 ΖΡ
1646 1430 1716 1458 Vide
1731 1432 1870 1459 subtilissi-

1083 1481 1152 1499 mam
1166 1473 1224 1507 ejus
1239 1474 1418 1508 prudentiam.
1439 1475 1495 1501 Non
1520 1475 1594 1508 dicit,
1622 1477 1784 1511 praeputium
1803 1477 1869 1512 quod

1083 1524 1114 1543 ex
1137 1523 1230 1544 natura
1256 1522 1308 1550 est,
1337 1519 1568 1547 circumcisioncm
1592 1520 1775 1555 judicatnrum
1796 1529 1869 1554 esse;

1081 1571 1173 1590 verum
1187 1564 1229 1590 ubi
1252 1564 1362 1590 victoria
1385 1569 1454 1598 erat,
1477 1573 1509 1592 eo
1523 1566 1681 1600 praeputium
1706 1567 1868 1599 introducit;

1082 1609 1126 1636 ubi
1139 1616 1203 1636 vero
1222 1609 1349 1642 vincitur,
1366 1618 1419 1637 non
1437 1611 1505 1638 ultra
1525 1611 1762 1641 circumcisionem
1776 1614 1868 1641 victam

1084 1662 1144 1681 csse
1156 1654 1234 1687 dicit,
1245 1654 1291 1682 sed
1309 1655 1495 1683 circumcisum
1513 1656 1644 1689 Judtcum,
1662 1665 1766 1686 cavens
1778 1667 1811 1686 ne
1825 1667 1869 1686 au-

1082 1699 1196 1726 ditorem
1211 1700 1348 1733 percellat.
1364 1700 1417 1728 Nec
1430 1700 1497 1728 dixit
1512 1710 1519 1728 :
1534 1701 1571 1729 Te
1585 1702 1630 1737 qni
1645 1703 1735 1738 legem
1752 1705 1831 1731 habes
1844 1710 1869 1731 et

1082 1744 1327 1777 circumcisionem,
1351 1745 1398 1772 sed
1420 1746 1507 1773 adhuc
1527 1747 1617 1774 mitius
1632 1755 1639 1774 :
1654 1747 1691 1775 Te
1702 1750 1748 1783 qui
1758 1758 1803 1785 per
1815 1749 1868 1777 lite-

1082 1798 1137 1816 ram
1149 1795 1170 1816 et
1183 1790 1401 1817 circumcisionem
1426 1796 1596 1827 tronsgressar
1616 1801 1642 1819 es
1657 1794 1724 1829 legis
1739 1803 1749 1826 ;
1761 1795 1810 1822 hoc
1820 1799 1868 1828 cst,

1082 1840 1109 1862 et
1127 1836 1359 1863 circumcisionem
1384 1836 1522 1864 ulciscitur
1545 1837 1598 1865 tale
1609 1839 1792 1874 pra-putium;
1812 1847 1870 1867 nam

1082 1881 1126 1908 illa
1140 1881 1202 1908 laesa
1215 1886 1257 1908 est
1271 1890 1278 1907 :
1294 1886 1321 1908 et
1335 1882 1480 1909 auxiliatur
1493 1882 1559 1917 legi;
1584 1883 1786 1911 incommodum
1801 1885 1869 1912 enini

1082 1934 1158 1961 passa
1173 1931 1234 1960 est;
1256 1927 1481 1964 splendidumque
1498 1928 1577 1963 erigit
1598 1933 1743 1963 tropwum.
1758 1930 1872 1957 Victoria

1081 1973 1153 2000 enim
1168 1977 1230 1999 tunc
1244 1972 1382 2007 splendida
1395 1977 1446 2005 est,
1459 1981 1521 2001 cum
1539 1982 1593 2001 non
1604 1981 1619 2001 a
1636 1974 1734 2003 Judseo
1753 1976 1874 2006 Judteus,

1081 2019 1129 2046 sed
1141 2026 1155 2045 a
1171 2019 1331 2053 praeputiato
1354 2019 1486 2051 vincitur;
1510 2024 1539 2047 nt
1552 2027 1612 2047 cum
1623 2020 1660 2047 ait
1676 2029 1683 2047 :
1703 2021 1758 2054 Viri
1771 2021 1869 2048 Ninivi-

1082 2069 1114 2090 ιω
1138 2069 1260 2099 surgent,
1289 2068 1313 2091 et
1338 2064 1542 2091 cendemnabunt
1571 2066 1761 2100 generationem
1796 2067 1859 2094 Itane

1083 2108 1188 2143 (Mallh.
1215 2109 1327 2145 l1“).
1341 2109 1432 2145 ltaque
1455 2118 1508 2137 non
1519 2110 1606 2145 legem
1624 2111 1871 2144 inlionoratzillam

1081 2153 1152 2181 enim
1176 2161 1338 2189 magnopere
1359 2159 1503 2182 veneratur
1530 2164 1538 2183 :
1561 2156 1608 2184 sed
1619 2163 1692 2190 eum,
1717 2158 1764 2192 qui
1785 2158 1868 2192 legent

1081 2201 1241 2227 contumelia
1257 2200 1350 2228 afﬁcit.
1364 2200 1466 2228 Deinde
1488 2206 1629 2237 postquam
1646 2202 1705 2230 haec
1723 2203 1799 2232 clare
1809 2211 1868 2238 pro-

1082 2246 1162 2277 bavit,
1176 2245 1290 2273 ﬁdenter
1303 2247 1395 2274 delinit
1418 2246 1483 2282 quid
1496 2247 1531 2274 sit
1545 2246 1674 2281 Iudaeus;
1699 2248 1870 2284 ostenditque

1081 2300 1132 2319 non
1145 2301 1173 2319 se
1184 2292 1305 2320 Judaeum
1317 2301 1366 2320 nec
1374 2293 1615 2327 circumcisionem,
1627 2294 1675 2321 sed
1686 2302 1740 2322 non
1748 2295 1868 2322 Judarum

1080 2344 1106 2365 et
1120 2338 1334 2366 incircumcisum
1352 2339 1457 2373 ejicere.
1478 2339 1518 2366 Ac
1538 2339 1643 2367 videtur
1663 2340 1774 2374 quidem
1798 2340 1869 2367 illam

1080 2385 1232 2418 defendere,
1243 2385 1289 2412 sed
1300 2385 1358 2420 ejus
1372 2385 1595 2413 existimationem
1609 2385 1697 2417 solvit,
1711 2392 1727 2412 a
1740 2385 1778 2413 rei
1788 2393 1870 2413 even-

1080 2435 1107 2458 tu
1119 2430 1250 2458 calculum
1261 2430 1360 2458 ferens.
1371 2430 1493 2459 Ostendit
1507 2431 1579 2458 enitn
1599 2438 1652 2458 non
1666 2430 1749 2458 modo
1768 2430 1868 2458 nullum

1079 2483 1139 2503 esse
1159 2475 1303 2503 discrimen
1324 2476 1394 2503 inter
1413 2475 1535 2503 Judmum
1549 2480 1576 2503 et
1600 2475 1788 2511 praeputiatum
1802 2483 1812 2508 ;
1824 2474 1869 2502 sed

1079 2522 1158 2549 etiam
1171 2521 1336 2555 superiorem
1345 2528 1405 2549 esse
1419 2521 1604 2556 praeputiatum
1615 2542 1623 2554 ,
1639 2521 1662 2548 si
1674 2521 1725 2548 sibi
1737 2520 1867 2553 attendat,

1078 2568 1254 2602 eumdemque
1268 2575 1329 2595 vere
1336 2575 1396 2595 esse
1404 2567 1542 2594 Judxeum:
1555 2567 1614 2594 ideo
1625 2567 1662 2594 ait
1670 2566 1728 2594 :28.
1737 2566 1798 2593 Non
1804 2566 1871 2593 alim

1077 2615 1118 2648 qui
1131 2615 1157 2641 in
1170 2614 1302 2647 manifesto
1312 2633 1320 2647 ,
1332 2613 1440 2641 Judteus
1452 2619 1500 2647 est,
1511 2621 1618 2649 necque
1629 2613 1766 2648 manifesto
1776 2613 1804 2640 in
1813 2619 1869 2639 car-

1078 2668 1119 2694 ne,
1133 2665 1169 2687 est
1182 2660 1348 2687 circumcisio.
1363 2659 1410 2687 Hic
1420 2660 1479 2687 illos
1494 2659 1658 2694 perstringit,
1672 2662 1766 2693 utpote
1777 2658 1822 2693 qui
1835 2656 1871 2684 ad

1076 2706 1279 2734 ostentationem
1287 2705 1374 2733 omnia
1387 2705 1620 2733 facerent.29.Scd
1627 2705 1669 2739 qui
1675 2705 1701 2732 in
1707 2703 1866 2734 abscondito.

1075 2751 1090 2779 ,1
1095 2752 1182 2779 udwus
1194 2756 1248 2784 est;
1263 2756 1286 2778 et
1299 2751 1456 2778 circumcisio
1470 2751 1553 2778 cordis
1569 2751 1596 2777 in
1610 2750 1709 2784 spiritu,
1723 2757 1776 2776 non
1783 2749 1866 2776 litera.

1110 2800 1137 2826 4.
1155 2799 1200 2826 llis
1211 2797 1329 2825 excludit
1343 2797 1492 2831 corporalia
1506 2797 1606 2823 omnia.
1621 2796 1687 2824 Nam
1697 2793 1867 2823 circumcisio

1077 2853 1101 2872 in
1115 2844 1257 2872 manifesto
1268 2847 1337 2877 erat,
1353 2849 1456 2870 necnon
1469 2842 1578 2871 sabbata
1588 2862 1596 2877 ,
1608 2841 1750 2874 sacriﬁcia,
1766 2846 1865 2876 purga»-
