4090 6230
459 191 568 251 857

460 308 662 378 Ἕλλην
689 305 947 360 Ἰουδαίου
1007 305 1402 376 κατορθοῦντος
1435 309 1535 361 οὐκ
1584 303 1732 361 ἐστιν
1767 307 2007 360 ἐλάττων
2029 347 2044 368 ,

461 392 580 447 ἀλλ’
615 392 696 445 ὅτι
750 388 1027 461 κατορθῶν
1074 388 1274 458 Ἕλλην
1310 384 1558 442 Ἰουδαίου
1615 391 2043 460 παραϐαίνοντος

461 475 728 547 κρείττων
751 473 931 535 ἑστίη
974 472 1070 524 ⁹Ἰν’
1109 472 1478 541 ἀναμφίϐολον
1507 477 1705 544 ποιήσῃ
1736 474 1832 544 τὴν
1861 473 2038 542 νίκην.

462 557 666 612 Τούτου
690 557 800 626 γὰρ
831 553 1275 626 ὁμολογηθέντος,
1307 557 1365 622 ἐξ
1413 557 1658 626 ἀνάγκης
1681 559 1714 626 ή
1765 555 2040 627 περιτομὴ

461 641 564 711 τῆς
593 639 794 709 σαρκὸς
825 637 1170 700 ἐκϐάλλεται,
1199 639 1293 692 καὶ
1316 638 1608 701 δείκνυται,
1642 639 1724 691 ὅτι
1766 636 2041 708 πανταχοῦ

463 724 581 794 βίον
627 719 801 791 χρεία.
855 720 1025 774 Ὅταν
1054 721 1162 790 γὰρ
1210 721 1238 771 6
1273 721 1370 790 μὲν
1409 721 1607 790 Ἕλλην
1636 723 1804 791 χωρὶς
1837 720 2042 773 τούτων

464 804 726 873 σώζηται,
784 805 814 856 6
869 802 926 855 δὲ
969 802 1223 865 Ἰουδαῖος
1266 803 1404 872 μετά
1458 802 1662 856 τούτων
1723 803 2039 872 κολάζηται,

461 887 692 958 ἕστηκεν
744 885 929 956 ἀργῶν
960 887 988 939 6
1024 886 1379 954 Ἰουδαῖσμός,
1415 884 1655 951 Ἕλληνα
1683 885 1739 939 δὲ
1775 885 1936 938 πάλιν
1978 885 2039 937 οὐ

462 969 558 1025 τὸν
606 969 1021 1040 είδωλολάτρην,
1063 967 1199 1021 ἀλλὰ
1247 969 1342 1020 τὸν
1399 967 1630 1039 θεοσεϐῆ
1689 969 1784 1021 καὶ
1850 969 2042 1037 ἐνάρε-

462 1067 555 1108 τον
579 1055 673 1106 καὶ
708 1051 817 1104 τῶν
875 1050 1116 1120 νομικῶν
1153 1054 1590 1122 παρατηρήσεων
1622 1047 2042 1120 ἀπηλλαγμένον

465 1137 599 1207 φησί
610 1178 624 1191 .
657 1136 717 1191 Τί
740 1131 854 1190 οὖν
880 1135 947 1189 τὸ
984 1135 1284 1202 περισσὸν
1311 1135 1418 1187 τοῦ
1448 1134 1774 1197 Ἰουδαίου;
1820 1133 2040 1204 Ἐπειδὴ

461 1221 642 1274 πάντα
695 1216 936 1282 ἐξέϐαλε,
968 1217 1068 1288 τὴν
1100 1217 1386 1287 ἀκρόασιν,
1426 1217 1525 1286 τὴν
1575 1215 1946 1282 διδασκαλίαν,
1979 1216 2042 1269 τὸ

464 1306 634 1374 ὗνομα
661 1303 755 1355 τοῦ
784 1299 1062 1363 Ἰουδαίου,
1092 1301 1190 1371 τὴν
1221 1301 1544 1371 περιτομὴν,
1574 1301 1644 1353 τά
1671 1299 1806 1353 ἀλλα
1838 1299 2037 1367 πάντα,

463 1389 553 1442 διά
578 1386 670 1440 τοῦ
704 1386 905 1452 λέγειν,
929 1385 1009 1436 ὅτι
1051 1385 1113 1437 '0
1136 1383 1206 1436 ἐν
1236 1383 1316 1448 τῷ
1344 1382 1579 1451 φανερῷ
1613 1382 1900 1457 Ἰουδαῖος
1929 1385 2040 1436 οὐκ

464 1471 655 1532 ἐστιν,
687 1469 826 1522 ἀλλ’
850 1470 881 1520 ό
899 1467 980 1518 ἐν
1009 1463 1090 1530 τῷ
1136 1464 1396 1533 κρυπτῷ,
1428 1467 1529 1536 ὁρᾷ
1560 1465 1744 1518 λοιπὸν
1771 1465 2042 1518 ἀντίθεσιν

465 1545 878 1606 ἀνακύπτουσαν
900 1565 913 1579 ·
955 1549 1047 1602 καὶ
1074 1547 1208 1618 πρὸς
1236 1548 1404 1618 αὐτὴν
1429 1549 1662 1601 ἵσταται.
1695 1547 1786 1612 Τίς
1817 1546 1873 1600 δέ
1895 1548 2041 1600 ἐστιν

466 1638 500 1706 ή
535 1634 842 1697 ἀντίθεσις;
889 1632 951 1684 El
996 1630 1181 1700 μηδὲν,
1217 1631 1401 1700 φησὶν,
1426 1629 1630 1698 ὠφελεῖ
1661 1630 1854 1693 ταῦτα,
1899 1630 2044 1694 τίνος

466 1719 650 1771 ἕνεκεν
696 1715 793 1769 καὶ
851 1711 1054 1783 ἐκλήθη
1101 1713 1160 1765 τὸ
1208 1713 1380 1777 ἔθνος,
1416 1715 1510 1767 καὶ
1543 1714 1815 1783 περιτομὴ
1849 1713 2041 1783 ἐδόθη;

466 1802 533 1854 Τί
565 1797 657 1854 οῦν
686 1800 849 1862 ποιεῖ,
887 1798 980 1850 καὶ
1019 1796 1136 1858 πῶς
1166 1796 1335 1863 αὐτὴν
1364 1795 1515 1861 λύει;
1549 1795 1629 1848 Δι’
1659 1789 1733 1849 ὧν
1758 1796 1916 1848 ἔλυσε
1948 1797 2045 1850 καὶ

465 1886 535 1940 τά
563 1882 842 1953 ἀνωτέρω.
881 1881 1091 1950 Ὥσπερ
1120 1880 1228 1950 γὰρ
1253 1882 1369 1932 ἐκεῖ
1399 1880 1459 1932 οὐ
1492 1879 1561 1931 τὰ
1590 1877 1840 1949 ἐγκώμια
1868 1879 2045 1932 αὐτῶν

466 1965 641 2032 εἶπεν,
676 1965 811 2019 ἀλλά
839 1963 929 2016 τοῦ
959 1961 1092 2014 Θεοῦ
1127 1964 1227 2024 τὰς
1266 1961 1607 2032 εὐεργεσίας,
1659 1962 1719 2014 οὐ
1766 1963 1836 2014 τὰ
1866 1962 2046 2018 αὐτῶν

467 2047 897 2120 κατορθώματα·
953 2045 1016 2097 τὸ
1067 2043 1175 2114 γὰρ
1226 2044 1478 2097 Ἰουδαῖον
1526 2044 1911 2116 ὀνομάζεσθαι,
1950 2045 2045 2098 καὶ

466 2132 756 2204 γινώσκειν
779 2131 838 2182 τὸ
861 2127 1093 2199 θέλημα.
1130 2127 1224 2181 καὶ
1247 2125 1560 2198 δοκιμάζειν
1595 2128 1664 2182 τά
1698 2127 2043 2198 διαφέροντα,

465 2218 566 2270 οὐκ
590 2213 766 2269 αὐτῶν
792 2208 859 2283 ἦν
894 2211 1247 2282 κατόρθωμα,
1289 2209 1425 2262 ἀλλὰ
1456 2209 1558 2278 τῆς
1596 2210 1690 2262 τοῦ
1724 2209 1857 2262 Θεοῦ
1892 2211 2049 2281 χάρι-

464 2319 586 2364 τος·
620 2301 758 2368 ὅπερ
791 2297 884 2349 καὶ
909 2295 1182 2357 ὀνειδίζων
1215 2295 1399 2355 αὐτοῖς
1423 2295 1452 2346 6
1482 2295 1771 2364 προφήτης
1821 2293 2004 2361 ἔλεγεν
2030 2308 2044 2323 ·

471 2385 593 2439 Οὐκ
642 2381 933 2445 ἐποίησεν
966 2377 1117 2431 οὕτω
1161 2378 1340 2429 παντὶ
1366 2377 1547 2440 ἔθνει,
1570 2378 1664 2430 καὶ
1692 2379 1764 2430 τὰ
1798 2376 2050 2444 κρίματα

461 2463 654 2541 ρὺτοῦ
679 2465 790 2515 οὐκ
819 2458 1129 2541 ἐδήλωσεν
1157 2458 1362 2523 αὐτοῖς
1385 2475 1398 2489 ·
1425 2459 1519 2512 καὶ
1542 2458 1836 2541 ὁ-ΑΜωῦσῆς
1863 2459 2048 2522 πάλιν,

479 2539 867 2616 Ἕρωτήσατε,
912 2543 962 2594 εί
994 2540 1200 2608 γέγονε
1230 2541 1381 2593 κατὰ
1411 2541 1478 2593 τὸ
1508 2539 1671 2609 ῥῆμα
1710 2541 1906 2604 τοῦτο,
1942 2559 2046 2611 φη-

468 2631 576 2693 σιν,
624 2630 676 2682 ει
713 2625 984 2693 ἤκουσεν
1041 2623 1216 2688 ἔθνος
1255 2622 1464 2690 φωνὴν
1518 2621 1664 2676 Θεοῦ
1719 2621 1932 2690 ζῶντος
1981 2623 2049 2676 ἐκ

461 2713 658 2784 μέσον
687 2708 792 2762 τοῦ
817 2706 1028 2776 πυρὸς,
1053 2705 1151 2760 καὶ
1177 2703 1352 2771 ἔζησε
1371 2721 1384 2735 ·
1425 2703 1582 2758 τοῦτο
1609 2705 1673 2775 δὴ
1701 2707 1794 2758 καὶ
1815 2705 2050 2758 ἐνταῦθα

467 2797 633 2852 ποιεῖ.
669 2794 880 2861 Ὠσπερ
908 2789 1040 2861 γὰρ,
1089 2790 1178 2842 ὅτε
1211 2789 1362 2858 ἔλεγε
1414 2791 1541 2860 περὶ
1582 2789 1682 2860 τῆς
1725 2791 2045 2860 περιτομῆς,

465 2881 571 2932 οὐκ
619 2873 796 2936 εἶπεν,
827 2873 910 2927 ὅτι
960 2872 1025 2924 'H
1050 2872 1106 2925 δὲ
1141 2872 1412 2944 περιτομὴ
1445 2872 1598 2924 οὐδὲν
1626 2872 1828 2942 ὠφελεῖ
1882 2871 2050 2944 χωρὶς

468 2959 608 3024 βίου,
641 2958 802 3023 ἀλλά,
834 2955 1109 3026 Περιτομὴ
1139 2954 1338 3024 ὠφελεί
1371 2954 1508 3024 μετά
1537 2955 1672 3023 βίου,
1697 2953 1759 3007 τὸ
1785 2955 1918 3007 αὐτὸ
1951 2953 2050 3023 μὲν

465 3043 666 3114 δηλῶν,
694 3035 1040 3114 ἡμερώτερον
1067 3037 1122 3090 δέ
1141 3054 1166 3114 ·
1213 3037 1306 3091 καὶ
1337 3037 1519 3098 πάλιν,
1588 3037 1730 3089 Ἐὰν
1757 3035 1826 3088 δὲ
1865 3051 2051 3104 παρα-

469 3113 652 3193 ϐάτης
671 3126 859 3193 νόμου
879 3113 974 3192 ᾗς,
1000 3121 1103 3173 οὐκ
1129 3113 1301 3183 εἶπεν,
1329 3119 1493 3172 Οὐδὲν
1516 3117 1701 3188 ὠφελῇ
1729 3120 1791 3170 σὺ
1816 3121 1842 3170 6
1874 3120 2050 3188 ἐμπε-

472 3209 712 3282 ρίτομος,
729 3205 869 3270 ἀλλ’,
887 3205 950 3258 Ἠ
972 3201 1253 3271 περιτομή
1281 3219 1397 3265 σου
1421 3200 1788 3268 ἀκροϐυστία
1818 3199 2048 3268 γέγονε·

467 3290 564 3345 καὶ
591 3289 708 3360 μετ’
741 3289 912 3341 ἐκεῖνο
939 3285 995 3338 δὲ
1036 3285 1217 3348 πάλιν,
1273 3283 1495 3353 Κρινεῖ,
1555 3285 1741 3351 φησὶν,
1795 3285 1832 3351 ἡ
1883 3285 2052 3352 ἀκρο-

469 3373 687 3428 ϐυστία
713 3370 848 3440 οὐχὶ
894 3369 1007 3437 τὴν
1041 3367 1388 3436 περιτομὴν,
1425 3367 1585 3420 ἀλλὰ
1624 3366 1700 3419 σὲ
1733 3366 1840 3418 τὸν
1865 3380 2052 3434 παρα-

469 3453 656 3523 ϐάτην
683 3453 892 3522 νόμου,
942 3451 1051 3504 τῶν
1081 3451 1180 3520 μὲν
1215 3449 1460 3520 νομίμων
1495 3448 1825 3519 φειδόμενος,
1845 3451 1970 3512 τοὺς
1995 3449 2052 3502 δὲ

467 3537 787 3608 ἀνθρώπους
818 3533 1026 3603 βάλλων
1048 3547 1062 3561 ·
1103 3530 1244 3584 οὕτω
1274 3532 1369 3585 καὶ
1409 3531 1642 3584 ἐνταῦθα
1674 3534 1836 3584 ποιεῖ.
1877 3532 2051 3584 Ἀντι-

468 3620 583 3682 θεὶς
609 3617 718 3688 γὰρ
744 3615 920 3685 ἐαυτῴ
956 3613 1136 3678 τοῦτο,
1171 3613 1266 3666 καὶ
1298 3612 1490 3676 εἰπὼν,
1529 3614 1589 3666 Τί
1617 3609 1817 3668 οὖντὸ
1854 3630 2055 3684 περισ-

467 3701 587 3756 σὸν
620 3697 727 3753 τοῦ
755 3697 1050 3754 Ἰουδαίου
1075 3713 1095 3761 ;
1127 3695 1227 3749 οὐκ
1264 3693 1438 3760 εἶπεν,
1459 3697 1539 3750 ὅτι
1565 3696 1750 3762 υύδέν,
1774 3697 1910 3750 ἀλλά
1932 3716 2053 3751 συν-

471 3785 676 3856 έδραμε
709 3783 786 3854 τῷ
816 3783 980 3851 λόγῳ,
1023 3781 1118 3834 καὶ
1153 3779 1238 3832 διὰ
1266 3778 1375 3832 τῶν
1410 3779 1535 3849 ἐξῆς
1581 3780 1742 3834 πάλιν
1791 3782 1924 3833 αὐτὸ
1965 3783 2054 3834 ἀν-

469 3868 602 3931 εῖλε,
658 3867 752 3920 καὶ
800 3863 966 3929 ἔδειξε
1013 3864 1107 3917 καὶ
1138 3863 1530 3932 κολαζομένους
1563 3864 1672 3916 ἀπὸ
1721 3862 1924 3933 ταύτης
1954 3864 2054 3935 τῆς

469 3949 778 4024 προεδρίας.
823 3949 932 4000 Καὶ
955 3947 1100 4012 πῶς;
1139 3946 1281 4015 Ἐγὼ
1315 3945 1477 4014 λέγω,
1511 3945 1606 4015 τὴν
1651 3947 1922 3998 ἀντίθεσιν
1971 3948 2052 4010 εἰς

472 4034 635 4105 μέσον
667 4031 907 4100 ἀγαγών.
946 4028 1013 4084 Τί
1039 4025 1153 4083 οὖν
1178 4029 1244 4082 τὸ
1285 4029 1578 4094 περισσὸν
1601 4028 1707 4081 τοῦ
1736 4026 2050 4094 Ἰουδαίου,

469 4117 653 4186 φησιν,
701 4113 738 4182 ἢ
793 4113 883 4178 τίς
937 4113 975 4180 ἠ
1009 4108 1267 4180 ὠφέλεια
1314 4108 1424 4177 τῆς
1469 4109 1830 4179 περιτομῆς;
1888 4111 2054 4165 Πολὺ

469 4209 620 4265 κατὰ
653 4208 848 4262 πάντα
878 4208 1118 4276 τρόπον.
1155 4204 1394 4272 Πρῶτον
1425 4207 1560 4271 μὲν,
1591 4202 1678 4257 ὅτι
1703 4205 2054 4274 ἐπιστεύθη-

469 4311 591 4348 σαν
612 4291 684 4346 τὰ
700 4290 872 4360 ,λόγια
891 4289 997 4343 τοῦ
1019 4289 1188 4342 Θεοῦ.
1214 4283 1385 4350 Εἶδες,
1405 4287 1540 4355 ὅπερ
1564 4287 1731 4357 ἔφθην
1753 4287 1942 4351 εἰπὼν,
1963 4291 2055 4342 οὐ·

469 4361 641 4442 δαμοῦ
660 4373 726 4426 τὰ
744 4370 1133 4441 κοτορθὼματα
1151 4368 1349 4433 αὐτῶν,
1369 4367 1503 4421 ἀλλά
1523 4372 1616 4421 τοῦ
1634 4369 1767 4421 Θεοῦ
1784 4369 1881 4432 τὰς
1901 4371 2054 4441 εὐερ-

473 4457 663 4525 γεσίας
686 4451 1121 4525 ἀπαριθμοῦντα;
1155 4451 1219 4503 Τί
1246 4449 1301 4503 δέ
1329 4452 1498 4514 ἐστιν,
1534 4452 2016 4518 Ἐπιστεύθησαν
2033 4470 2052 4518 ;

473 4539 596 4592 Ὅτι
641 4537 792 4592 αὐτοὶ
834 4533 1275 4605 ἐνεχειρίσθησαν
1318 4532 1410 4586 τὸν
1448 4534 1631 4605 νόμον,
1673 4535 1753 4588 ὅτι
1794 4535 2051 4590 τοσούτου

472 4620 628 4694 [47ὃί
667 4619 852 4685 ἀξίους
879 4617 1015 4671 εἶναι
1050 4617 1317 4685 ἐνόμιζεν,
1345 4616 1420 4678 ὡς
1450 4617 1736 4672 πιστεῦσαι
1770 4621 2054 4690 χρησμοὺς

469 4706 653 4769 αὐτοῖς
675 4702 878 4758 ἄνωθεν
901 4701 1339 4770 κατενεχθέντας.
1374 4700 1482 4752 Καὶ
1508 4696 1626 4754 οῖδα
1655 4701 1771 4771 μὲν,
1803 4703 1885 4755 ὅτι
1908 4703 2053 4766 τινὲς

469 4787 1069 4854 τὸ,Ἐπιστεύθησαν,
1092 4785 1190 4836 οὐκ
1217 4783 1309 4836 ἐπὶ
1341 4781 1448 4835 τῶν
1485 4782 1754 4836 Ἰουδαίων
1777 4783 2050 4853 λέγουσιν,

419 4901 426 4910 ~
469 4873 584 4927 ἀλλ’
608 4873 700 4925 ἐπὶ
723 4869 829 4924 τῶν
848 4868 1366 4938 λογίων,τουτέστιν,
1389 4866 1472 4918 ὅτι
1498 4865 1792 4937 ἐπιστεύθη
1813 4870 1840 4920 6
1865 4867 2047 4937 νόμος·

467 4955 608 5016 ἀλλά
653 4956 714 5010 τὸ
755 4954 882 5026 έξῆς
923 4953 1023 5006 οὐκ
1067 4951 1261 5022 ἀφίησι
1282 4947 1437 5002 τοῦτο
1462 4947 1796 5018 νομίζεσθαι.
1831 4953 2052 5022 Πρῶτον

471 5039 574 5113 μὲν
612 5039 721 5109 γὰρ
752 5033 1072 5107 κατηγορῶν
1099 5034 1277 5088 αὐτῶν
1316 5031 1489 5084 ταῦτα
1521 5030 1689 5099 λέγει,
1721 5033 1814 5086 καὶ
1841 5033 2050 5098 δεικνὺς

448 5120 674 5191 ,πολλῆς
701 5120 800 5190 μὲν
827 5118 1034 5172 ἀνωθεν
1056 5115 1468 5178 ἀπολαύσαντας
1491 5115 1829 5184 εὐεργεσίας,
1853 5116 2052 5189 πολλὴν

470 5204 529 5258 δὲ
555 5200 994 5271 ἐπιδειξαμένους
1021 5197 1430 5268 ἀγνωμοσύνην.
1472 5197 1704 5250 Ἔπειτα
1733 5197 1790 5251 δὲ
1841 5199 1936 5253 καὶ
1985 5200 2052 5253 τὰ
2087 5217 2090 5220 ·

473 5281 601 5355 ἑξῆς
619 5282 776 5336 τοῦτο
797 5282 977 5351 δηλοῖ·
1015 5282 1257 5350 ἐπήγαγε
1288 5281 1427 5350 γάρ·
1472 5281 1533 5332 Τί
1563 5279 1692 5348 γὰρ,
1717 5283 1768 5334 εὶ
1792 5281 2053 5350 ἠπίστη-

473 5370 598 5423 σάν
623 5379 782 5432 τινες
799 5381 819 5429 ;
861 5367 923 5418 Εἰ
957 5365 1014 5417 δὲ
1039 5364 1366 5432 ἠπίστησαν,
1399 5362 1538 5425 πῶς,
1566 5364 1712 5427 τινές
1758 5381 1942 5432 φασιν,
1971 5366 2051 5422 ὅτι

473 5447 871 5517 ἐπιστεύθησαν
900 5445 969 5500 τὰ
1000 5445 1192 5514 λόγως
1249 5445 1314 5497 Τί
1348 5441 1441 5499 οῦν
1467 5464 1667 5517 φησιν;
1699 5447 1823 5501 Ὅτι
1856 5451 1886 5502 6
1921 5448 2052 5514 Θεὸς

475 5536 659 5597 αὐτοῖς
681 5528 854 5585 ταῦτα
885 5528 1228 5586 ἐπίστευσεν,
1271 5529 1370 5598 οὐχ
1412 5528 1494 5581 ὅτι
1539 5531 1693 5586 αὐτοὶ
1727 5534 1838 5596 τοῖς
1868 5519 2049 5601 λόγοις

475 5615 831 5672 ἐπίστευσαν·
873 5612 994 5665 ἐπεὶ
1023 5610 1138 5673 πῶς
1166 5610 1276 5679 ἔχει
1301 5611 1456 5678 λόγον
1492 5612 1553 5664 τὸ
1586 5613 1744 5682 ἐξῆς;
1792 5616 1886 5668 καὶ
1943 5617 2052 5684 γάρ

482 5701 751 5771 ἐπήγαγε·
781 5699 842 5752 Τί
860 5697 994 5766 γὰρ,
1021 5697 1072 5750 εὶ
1109 5693 1460 5761 ἠπίστησάν
1487 5711 1676 5762 τινες;
1725 5699 1836 5752 Καὶ
1863 5700 1923 5752 τὺ
1957 5717 2051 5767 με-

479 5783 545 5843 τὰ
576 5783 732 5838 τοῦτο
772 5781 827 5837 δὲ
877 5780 935 5836 τὸ
990 5778 1120 5836 αὐτὸ
1167 5777 1337 5850 δηλοῖ·
1390 5777 1696 5853 προσέθηκε
1745 5781 1852 5852 γὰρ
1891 5783 2050 5836 πάλιν

1196 189 1258 244 S.
1295 189 1583 246 JOANNIS
1619 189 2117 246 CHRYSUSTOMI
2157 189 2478 248 ARCIIIEP.
2520 192 3084 249 CONSTANTINOP.

3633 194 3736 250 458

2153 306 2324 376 λέγων
2347 327 2359 338 ·
2399 311 2494 378 Μὴ
2530 313 2639 380 γὰρ
2675 313 2712 378 ἡ
2743 313 2993 365 ἀπιστία
3023 311 3220 365 αὐτῶν
3242 307 3358 375 τὴν
3379 310 3592 364 πίστιν
3628 312 3736 366 τοῦ

2153 393 2302 445 Θεοῦ
2354 393 2757 462 καταργήσεις
2812 394 2908 462 Μὴ
2965 395 3218 463 γένοιτο.
3255 394 3426 446 Τοῦτο
3455 395 3656 458 τοίνυν,
3711 397 3740 450 ὃ

2149 475 2562 546 ἐπιστεύθησαν,
2608 475 2702 530 τοῦ
2761 476 2894 529 Θεοῦ
2945 477 3045 545 τὴν
3093 476 3304 548 δωρεάν
3347 476 3737 548 ἀνακηρύττει.

2148 557 2222 610 Σὺ
2273 557 2330 610 δέ
2384 575 2474 628 μοι
2524 559 2719 612 σκόπει
2769 559 2865 613 καὶ
2923 559 3160 614 ἐνταῦθα
3215 560 3453 613 σύνεσιν.
3489 559 3602 630 Τὴν
3627 561 3740 632 γὰρ

2148 641 2481 710 κατηγορίαν
2531 641 2710 694 αὐτῶν
2743 642 2805 695 οὐ
2849 645 2980 711 παρ’
3032 642 3225 695 ἑαυτοῦ
3282 642 3444 696 πάλιν
3503 645 3736 712 εἰσάγει,

2148 721 2261 775 ἀλλ’
2299 723 2375 786 ὡς
2424 724 2482 791 ἐξ
2529 723 2856 788 ἀντιθέσεως
2880 741 2892 753 ·
2931 726 3133 777 ὡσανεὶ
3171 724 3376 794 ἔλεγεν·
3432 724 3572 777 Ἀλλ’
3604 725 3739 786 ἴσως

2148 799 2293 876 ἐρεῖς
2315 822 2328 836 °
2367 807 2480 860 Καὶ
2517 807 2568 860 τί
2596 807 2657 859 τὸ
2685 807 2875 875 ὄφελος
2908 808 3006 877 τῆς
3035 808 3340 879 περιτομῆς
3387 807 3626 876 ταύτης;
3675 807 3737 859 οὐ

2147 887 2255 957 γάρ
2280 889 2581 958 ἐχρήσαντο
2607 890 2744 959 αὐτῇ
2779 891 2858 950 είς
2883 889 3000 941 δέον
3021 907 3033 919 ·
3069 889 3474 961 ἐπιστεύθησαν
3503 890 3615 958 γὰρ
3647 888 3740 942 τὸν

2146 969 2332 1039 νόμον.
2386 970 2480 1024 καὶ
2526 970 2856 1042 ἠπίστησαν.
2925 973 3036 1025 Καὶ
3072 973 3208 1035 τέως
3239 973 3301 1025 οὐ
3360 972 3587 1043 σφοδρός
3622 971 3741 1024 ἐστι

2147 1055 2468 1125 κατήγορος,
2516 1053 2633 1108 ἀλλ’
2659 1055 2734 1118 ὡς
2759 1055 2852 1107 τὸν
2901 1055 3035 1108 Θεὸν
3064 1055 3424 1110 ἀπαλλάττων
3455 1056 3740 1126 ὲγκλημάο

2145 1151 2276 1197 των,
2336 1135 2479 1190 οὕτω
2530 1136 2848 1208 περιτρέπει
2899 1139 2978 1200 είς
3026 1138 3222 1202 αὐτοὺς
3250 1140 3351 1209 τὴν
3406 1139 3742 1210 κατηγορίαν

2147 1213 2388 1270 ἃπασαν.
2447 1217 2513 1269 Τί
2558 1216 2668 1289 γὰρ
2719 1218 2994 1286 ἐγκαλεῖς,
3047 1221 3234 1290 φησιν,
3273 1221 3356 1273 ὅτι
3392 1221 3738 1290 ἡπίστησαν;

2147 1301 2243 1353 καὶ
2295 1299 2348 1351 τί
2382 1297 2538 1352 τοῦτο
2563 1298 2701 1371 πρὸς
2733 1299 2825 1353 τὸν
2853 1300 3020 1365 Θεόν;
3059 1302 3132 1372 μὴ
3163 1302 3272 1372 γὰρ
3297 1303 3396 1372 τὴν
3420 1301 3742 1373 εὐεργεσίαν

2148 1381 2312 1436 αὐτοῦ
2335 1382 2628 1452 ἀνατρέπει
2654 1383 2760 1435 τῶν
2789 1383 3259 1454 εὐεργετηθέντων
3279 1385 3313 1455 ή
3339 1385 3740 1456 ἀγνωμοσύνης

2148 1465 2180 1536 ἢ
2215 1467 2313 1535 τὴν
2344 1465 2508 1536 τιμὴν
2538 1469 2684 1518 ποιεῖ
2718 1465 2795 1537 μὴ
2846 1465 2988 1519 εἶναι
3040 1469 3236 1538 τιμήνς
3286 1468 3456 1521 Τοῦτο
3483 1470 3592 1538 γάρ
3626 1471 3742 1521 ἐστι

2153 1547 2235 1610 τὸ,
2292 1546 2389 1614 Μὴ
2425 1549 2462 1614 ἡ
2513 1547 2767 1600 ἀπιστία
2813 1547 3013 1602 αὐτῶν
3045 1548 3161 1616 τὴν
3189 1549 3397 1603 πίστιν
3429 1551 3536 1604 τοῦ
3594 1550 3742 1604 Θεοῦ

2149 1629 2508 1698 καταργήσει
2530 1646 2548 1693 ;
2569 1633 2627 1684 Μ
2633 1631 2664 1697 ἡ
2694 1629 2946 1700 γένοιτο.
2981 1631 3071 1694 Ὠς
3092 1631 3159 1684 ἂν
3182 1633 3232 1683 εί
3257 1631 3410 1700 ἐλεγέ
3438 1647 3554 1696 τις·
3601 1632 3744 1696 Ἐγὼ

2148 1713 2239 1764 τὸν
2268 1701 2417 1764 δεῖνα
2465 1713 2736 1783 ἐτίμησα·
2773 1714 2908 1766 εἰδὲ
2950 1716 3025 1784 μὴ
3081 1717 3401 1787 προσήκατο
3429 1717 3528 1787 τὴν
3578 1716 3746 1787 τιμήν

2149 1796 2380 1859 ἐκεῖνος,
2435 1795 2595 1849 τοῦτο
2651 1797 2776 1866 ἐμοὶ
2824 1798 3159 1868 κατηγορίαν
3207 1799 3268 1851 οὐ
3305 1800 3482 1869 φέρει,
3507 1800 3630 1853 οὐδὲ
3653 1800 3750 1852 λυ-

2153 1878 2405 1947 μαίνεταί
2458 1897 2558 1950 μου
2594 1874 2692 1950 τὴν
2718 1879 3134 1949 φιλανθρωπίαν
3155 1894 3207 1944 ι,
3249 1881 3364 1934 ἀλλ’
3390 1881 3600 1934 ἐκείνου
3636 1883 3748 1935 δεί-

2151 1979 2305 2014 κνυσι
2337 1961 2434 2032 τὴν
2463 1962 2837 2031 ἀναισθησίαν.
2875 1962 2932 2015 '0
2961 1963 3016 2015 δὲ
3065 1964 3275 2028 Παῦλος
3308 1965 3369 2018 οὐ
3397 1965 3556 2018 τοῦτο
3584 1966 3747 2035 μόνοι

2150 2044 2322 2113 λέγει,
2363 2045 2500 2098 ἀλλά
2549 2045 2644 2098 καὶ
2685 2045 2746 2098 τὸ
2793 2045 2974 2116 πολλῷ
3025 2046 3220 2100 πλέον·
3270 2049 3448 2101 ὅτιού
3479 2049 3639 2118 μόνον
3683 2050 3745 2101 οὐ

2153 2128 2540 2198 προστρίϐεται
2567 2127 2818 2196 ἔγκλημα
2860 2128 2937 2198 τῷ
2982 2128 3102 2200 Θεῷ
3135 2131 3170 2199 ἡ
3214 2130 3444 2183 ἀπιστία
3498 2132 3745 2192 ἐκείνων,

2152 2209 2289 2262 ἀλλά
2311 2211 2405 2262 καὶ
2436 2211 2657 2278 μείζονα
2683 2211 2956 2263 δείκνυσιν
2991 2211 3155 2265 αὐτοῦ
3187 2213 3288 2282 τὴν
3319 2212 3486 2283 τιμὴν
3515 2215 3609 2266 καὶ
3646 2215 3750 2282 τὴν

2154 2291 2587 2362 φιλανθρωπίαν,
2621 2293 2750 2345 ὅταν
2777 2293 2873 2345 καὶ
2901 2295 2992 2347 τὸν
3035 2293 3302 2365 μέλλοντα
3353 2295 3515 2348 αὐτὸν
3543 2296 3748 2365 ἀτιμά-

2155 2373 2269 2439 ζειν
2305 2378 2564 2445 φαίνηται
2587 2376 2786 2445 τιμῶν.

2236 2463 2296 2511 ε’.
2335 2453 2489 2519 Εἶδες
2529 2457 2642 2521 πῶς
2670 2456 2866 2521 αὐτοὺς
2898 2458 3152 2529 ἐποίησεν
3187 2458 3520 2523 ὑπευθύνους
3547 2459 3752 2529 ἐγκληο

2167 2543 2374 2609 μάτων,
2399 2541 2490 2610 ἀφ’
2515 2533 2589 2594 ὧν
2614 2541 3046 2606 ἐκαλλωπίζοντο
3067 2557 3080 2604 ;
3113 2543 3269 2613 είπερ
3289 2545 3314 2595 6
3339 2543 3436 2612 μὲν
3459 2543 3588 2606 Θεὸς
3623 2559 3750 2596 τοσ-

2155 2623 2293 2694 αύτῃ
2349 2625 2476 2695 περὶ
2519 2624 2716 2687 αὐτοὺς
2767 2626 3040 2695 ἐχρήσατο
3067 2627 3132 2695 τῇ
3183 2625 3339 2696 τιμῇ,
3386 2626 3462 2688 ὼς
3498 2626 3632 2696 μηδέ
3686 2625 3753 2678 τὺ

2159 2704 2348 2778 μέλλον
2375 2705 2623 2776 προορῶν
2651 2707 2988 2776 ἀποσχέσθαι
3013 2706 3114 2777 τῆς
3141 2707 3270 2778 περὶ
3299 2707 3494 2772 αὐτοὺς
3511 2707 3747 2769 εὐνοίας·

2155 2789 2310 2842 αὐτοὶ
2343 2788 2401 2840 δὲ
2435 2788 2527 2840 τὸν
2552 2791 2883 2860 τιμήσαντα,
2909 2789 2976 2842 δι’
3001 2782 3075 2844 ῶν
3103 2790 3462 2860 ἐτιμήθησαν,
3493 2789 3746 2862 ὕϐρισαν.

2155 2867 2288 2924 Εἶτα
2325 2871 2510 2942 ἐπειδὴ
2548 2868 2692 2936 εἷπε,
2734 2875 2794 2926 Τί
2847 2873 2980 2942 γὰρ.
3044 2875 3095 2925 εὶ
3145 2872 3504 2940 ἠπίστησάν
3551 2891 3750 2940 uvae;

2156 2953 2438 3022 φαίνονται
2502 2953 2562 3008 δὲ
2618 2955 2821 3017 πάντες
2866 2955 3270 3025 ὴπιστηκότες·
3323 2955 3413 3008 ἵνα
3469 2957 3542 3027 μὴ
3582 2957 3752 3010 πάλιν

2155 3037 2298 3092 κατά
2326 3036 2424 3108 τὴν
2457 3036 2696 3106 ἱστορίαν
2722 3036 2916 3104 λέγων,
2949 3036 3077 3110 δόξῃ
3112 3036 3339 3106 σφοδρὸς
3379 3040 3559 3091 αὐτῶν
3603 3036 3758 3094 εἶναι

2156 3121 2461 3190 κατήγορος
2511 3119 2586 3182 ὡς
2621 3119 2834 3190 ἐχθρὸς,
2867 3119 2925 3170 ἐν
2946 3119 3098 3184 τάξει
3127 3119 3392 3191 λογισμοῦ
3429 3123 3524 3174 καὶ
3559 3123 3752 3177 συλλο-

2155 3201 2355 3272 γισμοῦ
2382 3201 2565 3271 τίθησι
2586 3202 2645 3254 τὸ
2667 3201 2760 3254 ἐπὶ
2780 3202 2880 3271 τῆς
2899 3201 3159 3271 ἀληθείας
3181 3205 3574 3274 γεγενημένον,
3600 3205 3756 3261 οὕτω

2157 3283 2361 3351 λέγων·
2409 3282 2688 3337 Γενέσθω
2725 3283 2793 3336 δὲ
2831 3288 2863 3337 ό
2899 3282 3042 3348 Θεὸς
3096 3283 3349 3352 ἀληθὴς,
3391 3284 3512 3353 πᾶς
3547 3286 3614 3340 δὲ
3641 3287 3753 3340 ἄν·

2157 3370 2387 3435 θρωπος
2424 3367 2716 3434 ψεύστης.
2756 3368 2822 3418 '0
2855 3363 2912 3418 δὲ
2957 3365 3126 3434 λέγει.
3161 3367 3405 3420 τοιοῦτὸν
3430 3371 3577 3422 ἐστιν
3601 3387 3614 3400 ·
3671 3373 3752 3424 Οὐ

2157 3449 2319 3516 λέγω,
2374 3450 2558 3518 φησὶν,
2593 3450 2674 3500 ὅτι
2713 3449 2857 3511 τινὲς
2906 3449 3238 3520 ἠπίστησαν,
3295 3449 3410 3504 ἀλλ’
3450 3453 3498 3503 εἰ
3542 3451 3755 3522 βούλει,

2157 3531 2294 3583 τίθει
2324 3532 2531 3594 πάντας
2581 3532 2980 3601 ἠπιστηκέναι·
3016 3532 3077 3584 τὸ
3131 3533 3325 3603 ἀληθὲς
3379 3537 3754 3606 γεγενημένον

2158 3613 2298 3666 κατὰ
2338 3612 2645 3683 συνδρομὴν
2677 3615 2993 3683 συγχωρῶν,
3022 3614 3109 3667 ἵνα
3139 3613 3452 3687 ἀνεπαχθὴς
3483 3612 3619 3670 εἶναι
3659 3620 3751 3671 δό-

2159 3697 2224 3768 ξῃ
2247 3698 2341 3748 καὶ
2371 3696 2702 3759 ἀνύποπτος.
2735 3697 2843 3748 Καὶ
2883 3691 2991 3768 γὰρ
3016 3697 3158 3751 οὕτω
3191 3700 3390 3768 μᾶλλον
3416 3700 3754 3768 δικαιοῦται,

2159 3779 2346 3848 φησὶν,
2370 3780 2398 3831 6
2435 3778 2587 3840 Θεός.
2625 3777 2690 3831 Τί
2720 3779 2859 3840 ἐστι,
2895 3779 3044 3852 [479]
3077 3781 3424 3848 Δικαιοῦταις
3461 3777 3523 3835 Εἰ
3563 3785 3757 3855 κρίσις

2160 3863 2371 3929 γένοιτο
2401 3861 2496 3914 καὶ
2522 3860 2771 3924 ἐξέτασις
2796 3859 2905 3913 τῶν
2929 3863 3300 3933 ὑπηργμένων
3323 3866 3438 3928 τοῖς
3470 3865 3756 3930 Ἰουδαίοις

2160 3943 2291 4014 παρ’
2320 3937 2508 4007 αὐτοῦ,
2556 3944 2651 3997 καὶ
2707 3943 2816 3996 τῶν
2847 3946 2977 4015 παρ’
3011 3945 3190 3999 αὐτῶν
3218 3949 3297 4008 εἰς
3329 3948 3492 4000 αὐτὸν
3518 3964 3756 4022 γεγενηο

2163 4025 2362 4096 μένων,
2393 4026 2463 4079 τὰ
2512 4027 2805 4097 νικητήρια
2847 4025 3001 4080 ἔσται
3058 4029 3208 4100 παρὰ
3263 4028 3342 4100 τῷ
3375 4030 3512 4098 Θεῷ,
3551 4033 3648 4085 καὶ
3677 4034 3757 4087 τὰ

2159 4108 2503 4178 δικαιώματα
2532 4109 2693 4162 αὐτοῦ
2744 4111 2941 4164 πάντα.
2985 4112 3095 4165 Καὶ
3141 4111 3319 4178 δείξας
3353 4114 3512 4167 τοῦτο
3562 4115 3755 4184 σαφὼς

2159 4196 2224 4246 ἐκ
2247 4194 2354 4246 τῶν
2379 4192 2688 4264 ἔμπροσθεν
2708 4195 3037 4265 εἰρημένων,
3065 4195 3187 4247 τότε
3218 4197 3311 4248 καὶ
3341 4198 3432 4248 τὸν
3458 4201 3755 4268 προφήτην

2160 4278 2425 4346 εἰσήγαγε
2447 4276 2658 4338 τούτοις
2685 4271 3058 4347 ψηφιζόμενον
3088 4279 3184 4330 καὶ
3230 4279 3455 4347 λέγοντα
3483 4298 3495 4310 ·
3547 4281 3756 4346 Ὅπως

2159 4359 2238 4413 ἂν
2266 4353 2586 4425 δικαιωθῇς
2607 4359 2677 4411 ἑν
2704 4359 2824 4424 τοῖς
2853 4361 3057 4429 λόγοις
3082 4372 3221 4423 σου,
3265 4361 3362 4415 καὶ
3390 4361 3648 4430 νικήσῃς
3678 4363 3757 4415 ἐν·

2158 4441 2242 4506 τῷ
2281 4441 2593 4507 κρίνεσθαί
2641 4453 2736 4494 σε.
2789 4441 2962 4504 Αὐτὸς
3016 4443 3114 4512 μὲν
3147 4443 3257 4512 γὰρ
3284 4444 3351 4496 τὰ
3390 4443 3520 4513 παρ’
3550 4444 3754 4498 ἑαυτοῦ

2160 4526 2337 4578 πάντα
2360 4523 2636 4594 ἐποίησεν,
2668 4527 2864 4577 ἐκεῖνοι
2896 4525 2953 4578 δὲ
2987 4526 3108 4580 οὐδὲ
3149 4525 3322 4589 οὕτως
3348 4526 3594 4594 ἐγένοντο
3625 4527 3758 4595 βελ-

2159 4607 2326 4670 τίους.
2381 4602 2517 4659 Εἶτα
2568 4608 2632 4659 ἐκ
2659 4606 2848 4660 τούτου
2887 4607 3048 4661 πάλιν
3089 4609 3360 4662 ἀντίθεσιν
3387 4609 3583 4680 ἐτέραν
3612 4611 3755 4664 ἀναν

2160 4690 2473 4743 κύπτουσαν
2508 4691 2586 4753 εἰς
2619 4691 2782 4759 μέσον
2805 4692 2949 4758 ἄγει,
2980 4690 3075 4745 καί
3104 4705 3269 4762 φησιν
3289 4707 3304 4721 ·
3350 4693 3418 4743 El
3452 4690 3521 4744 δὲ
3554 4691 3592 4758 ἠ
3622 4691 3758 4746 ἀδι-

2160 4774 2260 4826 κία
2297 4771 2464 4841 ἡμῶν
2497 4773 2645 4827 Θεοῦ
2676 4773 3071 4844 δικαιοσύνην
3105 4780 3459 4843 συνίστησι,
3499 4775 3557 4828 τί
3578 4775 3759 4842 ἐροῦ-

2155 4872 2304 4926 μεν;
2347 4855 2434 4925 μὴ
2469 4855 2675 4923 ἄδικος
2723 4855 2755 4911 ὁ
2808 4857 2952 4924 Θεὸς
2983 4863 3016 4912 ό
3052 4859 3350 4928 ἐπιφέρων
3373 4858 3490 4926 τὴν
3520 4861 3711 4928 ὀργὴν
3731 4877 3758 4926 ;

2159 4940 2309 4993 κατὰ
2343 4939 2658 5006 ἄνθρωπον
2690 4940 2863 5010 λέγω.
2908 4942 3004 5010 Μὴ
3057 4942 3311 5012 γένοιτο.
3346 4944 3583 4996 Ἄτοπον
3618 4943 3752 4997 ἀτὸο

2160 5039 2246 5095 πῳ
2280 5023 2396 5076 λύει
2424 5022 2629 5076 λοιπόν.
2649 5024 2866 5094 Ἐπειδὴ
2899 5025 2955 5076 δὲ
2987 5023 3145 5078 τοῦτο
3171 5027 3400 5094 ἀσαφὲς,
3453 5027 3758 5094 ἀναγκαῖον

2159 5108 2290 5162 αὐτὸ
2343 5107 2673 5178 σαφέστερον
2717 5109 2914 5162 εἰπεῖν.
2966 5109 3031 5161 Τί
3082 5104 3176 5162 οῦν
3237 5111 3406 5171 ἐστιν,
3459 5109 3489 5162 ὅ
3543 5127 3755 5181 φησιν;

2172 5191 2430 5260 Ἑτίμησε
2481 5191 2605 5253 τοὺς
2657 5189 2944 5255 Ἰουδαίους
3002 5192 3033 5243 6
3087 5191 3240 5256 Θεὸς,
3303 5192 3532 5264 ὕϐρισαν
3587 5194 3757 5247 αὐτὺι

2159 5275 2378 5328 ἐκεῖνοι,
2413 5272 2583 5326 Τοῦτο
2608 5273 2770 5327 αὐτὸν
2796 5275 2939 5327 ποιεῖ
2963 5275 3205 5344 νικῆσαι,
3236 5277 3329 5330 καὶ
3350 5276 3553 5348 πολλὴν
3583 5275 3756 5329 αὐτοῦ

2156 5357 2401 5411 δείκνυσι
2446 5356 2544 5427 τὴν
2571 5354 3005 5427 φιλανθρωπίαν,
3033 5358 3117 5410 ὅτι
3166 5358 3262 5412 κα)⁵
3287 5359 3564 5420 τοιούτους
3589 5359 3758 5423 ὄντας

2158 5439 2438 5511 ἐτίμησεν.
2496 5437 2708 5492 Οὐκοῦν
2765 5439 2978 5510 ἐπειδὴ,
3033 5441 3118 5493 ὅτι
3179 5441 3504 5512 ύϐρίσαμεν,
3556 5441 3752 5510 φησὶν,

2157 5524 2320 5590 ἡμεῖς
2377 5521 2473 5574 καὶ
2528 5520 2892 5592 ἠδικήσαμεν,
2947 5522 3035 5576 διὰ
3080 5521 3244 5577 τοῦτο
3275 5525 3303 5575 6
3346 5523 3479 5586 Θεὸς
3524 5525 3754 5595 ἐνίκησε

2158 5605 2252 5658 καὶ
2277 5607 2310 5673 ἡ
2339 5602 2649 5674 δικαιοσύνη
2675 5605 2838 5658 αὐτοῦ
2865 5605 3095 5677 λαμπρά
3146 5607 3344 5676 ἐφάνη,
3391 5607 3534 5671 τίνος
3559 5607 3754 5660 ἕνεκεν

2158 5689 2478 5758 κολάζομαι,
2509 5691 2663 5758 φησὶ,
2694 5688 2865 5753 αἴτιος
2895 5690 3043 5760 αὐτῷ
3075 5690 3166 5743 τοῦ
3201 5691 3419 5761 νικῆσαι
3450 5690 3750 5759 γενόμενος

2237 5817 2260 5842 ⁸
2291 5813 2390 5870 AL,
2415 5818 2470 5870 τῆ
2503 5813 2840 5871 ςιὶανθρωπία.
