3934 6212
240 330 330 386 ιη

238 448 431 508 tiones;
460 459 577 513 qua:
603 442 780 497 omnia
806 459 911 498 uno
936 445 1101 499 verbo
1122 445 1471 502 subindicavit
1491 467 1504 501 :
1527 448 1644 503 Non
1666 452 1800 505 enim

234 539 309 606 qui
332 536 379 589 in
400 535 685 604 manifesto,
707 532 926 590 Judwus
953 545 1044 589 est.
1069 535 1262 590 Verum
1290 538 1413 607 quia
1439 539 1803 595 circumcisio-

232 628 308 681 nis
346 640 529 694 magna
548 626 685 678 ratio
732 635 870 691 erat,
918 626 1349 697 quandoquidem
1391 629 1492 699 ipsi
1519 631 1797 686 sabbatum

230 716 449 781 cedebat,
471 715 591 785 jure
624 716 861 783 pluribus
889 717 1032 771 circa
1053 718 1199 772 illam
1218 720 1541 776 extenditur.
1565 721 1698 779 Cum
1717 724 1799 781 di-

231 810 294 862 cit
310 818 499 873 autem,
518 806 584 859 In
604 808 811 875 spiritu,
830 808 966 862 viam
987 820 1248 878 praeparat
1266 811 1517 880 deinceps
1533 812 1598 867 ad
1615 814 1797 869 Eccle—

231 900 311 954 sia:
327 899 641 965 institutum,
660 908 714 953 et
731 899 887 953 ﬁdem
912 899 1142 954 inducit:
1163 901 1362 959 ctenim
1383 903 1466 955 illa
1486 903 1537 956 in
1560 904 1723 958 corde
1740 914 1793 961 et

229 992 394 1061 spiritu
419 990 631 1045 laudem
659 1006 688 1043 a
721 991 830 1045 Deo
862 990 1042 1045 habet.
1073 992 1135 1044 Et
1162 1007 1258 1045 cur
1288 1008 1395 1047 non
1423 995 1653 1048 ostendit
1692 996 1789 1050 be-

230 1100 287 1139 ne
309 1093 545 1154 agentem
583 1084 839 1154 gentilem
894 1083 1030 1138 bene
1079 1094 1270 1153 agente
1295 1085 1481 1141 Judaeo
1513 1103 1620 1142 non
1669 1103 1789 1144 esse

227 1178 506 1232 interiorem
528 1194 544 1242 ;
570 1176 663 1231 sed
689 1177 824 1232 bene
844 1185 1091 1245 agentem
1121 1178 1372 1246 gentilcm
1395 1188 1786 1247 transgressam

225 1267 386 1322 Judao
407 1282 530 1322 esse
573 1266 891 1322 meliorem?
918 1265 986 1322 Ut
1023 1267 1371 1321 indubitatam
1427 1270 1673 1324 redderet
1700 1272 1783 1324 vi-

223 1361 439 1414 ctoriam.
467 1359 584 1413 lloc
611 1360 752 1414 enim
778 1373 899 1413 cum
926 1358 976 1411 in
1004 1357 1246 1413 confesso
1277 1367 1362 1414 est
1386 1399 1402 1424 ,
1446 1361 1782 1417 circumcisio

221 1451 377 1504 carnis
416 1450 726 1504 necessario
769 1448 1106 1511 excluditur,
1151 1457 1206 1503 et
1248 1450 1548 1505 ostenditur
1588 1452 1781 1521 ubique

224 1556 325 1596 esse
346 1543 476 1596 bona
509 1542 617 1594 vita
641 1556 794 1609 opus.
824 1538 955 1593 Cum
984 1540 1127 1593 enim
1154 1542 1369 1610 gentilis
1414 1542 1529 1595 sine
1564 1541 1644 1595 his
1670 1542 1777 1597 sal-

220 1647 302 1685 vus
337 1632 441 1694 sit,
471 1640 532 1685 et
554 1630 772 1685 Judaeus
800 1645 918 1685 cum
953 1630 1035 1683 his
1062 1632 1333 1699 puniatur,
1381 1639 1556 1686 cessat
1593 1631 1777 1687 Judai-

218 1738 361 1777 smus.
388 1722 656 1777 Gentilem
682 1736 810 1775 vero
837 1721 967 1774 dicit
994 1735 1098 1774 non
1127 1720 1482 1787 idololatram,
1516 1722 1607 1775 sed
1632 1723 1774 1790 pium

216 1822 261 1867 et
284 1814 464 1867 virtute
516 1813 801 1881 prmditttm
822 1852 837 1875 ,
866 1826 895 1865 a
927 1811 1187 1881 legalibus
1215 1812 1684 1868 observationibus
1708 1814 1774 1867 li-

214 1906 393 1959 berum.
424 1901 579 1973 (Cap.
605 1898 682 1968 '5.)
718 1904 769 1957 1.
822 1901 959 1968 Quid
1010 1919 1126 1973 ergo
1172 1904 1391 1971 amplius
1414 1902 1602 1958 Judwo
1653 1906 1772 1961 est?

218 1997 331 2061 Quia
352 1995 528 2048 omnia
560 1993 807 2058 exclusit,
853 1993 1162 2059 conciones,
1215 1994 1537 2059 doctrinam,
1566 2011 1763 2052 nomen

210 2085 375 2148 Judtei,
404 2084 873 2140 circumcisionem
896 2093 951 2137 et
978 2093 1170 2138 etetera
1213 2086 1413 2151 omnia,
1461 2102 1581 2141 cum
1609 2087 1764 2155 dixit,

212 2176 294 2243 Qui
318 2177 365 2229 iu
395 2176 687 2244 manifesto,
732 2174 949 2229 Judwus
971 2191 1069 2229 non
1098 2186 1192 2241 est,
1222 2176 1310 2229 sed
1346 2178 1434 2245 qui
1474 2179 1527 2231 in
1556 2180 1767 2235 abscon-

208 2267 330 2330 dita;
369 2266 519 2321 videt
567 2266 822 2335 deinceps
868 2266 1222 2335 objectionem
1267 2279 1678 2337 exsurgentem,
1710 2281 1765 2326 et

206 2356 428 2411 adversus
446 2357 595 2411 illam
620 2365 748 2432 gstat.
770 2356 1022 2424 Quaenam
1053 2356 1135 2410 illa
1162 2358 1431 2426 objectio?
1458 2358 1513 2413 Si
1544 2360 1657 2414 ha-c
1683 2363 1765 2415 ui-

205 2449 265 2502 hil
281 2450 481 2518 juvant,
512 2464 611 2504 cur
634 2460 820 2503 vocata
841 2464 973 2519 gens
999 2450 1115 2514 fuit,
1138 2465 1234 2504 cur
1261 2453 1594 2506 circumcisio
1606 2454 1762 2507 data?

204 2538 317 2605 Quid
339 2555 461 2610 ergo
500 2538 672 2595 facit?
694 2549 743 2594 et
763 2538 1030 2610 quomodo
1049 2540 1196 2593 illam
1214 2540 1408 2594 solvit?
1432 2541 1494 2597 Ut
1521 2543 1762 2612 superio~

202 2647 250 2685 ra
270 2632 439 2689 solvit.
465 2633 619 2688 Sicut
638 2632 781 2686 enim
801 2631 907 2686 illic
926 2646 1032 2684 non
1062 2632 1269 2685 illorum
1294 2632 1477 2687 laudes
1506 2634 1759 2703 prtedica-

203 2724 281 2787 vit,
302 2723 387 2777 sed
412 2723 505 2777 Dei
530 2721 812 2783 beneﬁcia,
848 2737 953 2774 non
994 2721 1205 2775 illorum
1251 2731 1397 2776 recte
1431 2720 1563 2777 facta
1590 2740 1605 2788 ;
1634 2740 1756 2779 nam

199 2813 318 2881 quod
336 2813 503 2868 Judaei
533 2822 873 2879 vocarentur,
897 2812 1039 2882 quod
1059 2813 1383 2868 voluntatem
1405 2815 1495 2867 Dei
1513 2825 1753 2882 nossent,

198 2905 315 2974 quod
334 2904 891 2969 examinarentutilia,
922 2919 1027 2958 non
1053 2904 1285 2971 illorum,
1324 2905 1416 2960 sed
1460 2907 1547 2962 Dei
1569 2908 1755 2977 gratim

196 3009 306 3064 opus
327 3006 470 3051 erat:
521 2997 663 3067 quod
698 2996 803 3050 illis
839 2995 1172 3065 exprobrans
1205 2996 1459 3065 propheta
1498 2997 1750 3057 dicebat:

197 3087 297 3141 Non
316 3092 427 3159 fecit
461 3089 635 3141 taliter
655 3087 793 3141 omni
808 3088 1019 3151 nationi,
1042 3096 1087 3140 et
1115 3086 1305 3153 iudicia
1333 3104 1427 3141 sua
1466 3106 1564 3141 non
1592 3090 1755 3143 mani-

195 3181 363 3247 festam
376 3182 445 3234 eis
467 3178 771 3249 (PsalJH.
799 3177 888 3246 9);
906 3184 960 3231 et
980 3177 1188 3247 Moyses
1206 3194 1431 3241 rursum,
1462 3176 1753 3250 Interroga.

195 3280 247 3333 te,
274 3270 450 3340 inquit,
482 3270 528 3323 si
556 3270 653 3341 fuit
675 3269 950 3323 secundum
966 3266 1166 3322 verbum
1196 3268 1309 3332 hoc,
1341 3269 1384 3322 si
1403 3271 1591 3323 audivit
1629 3288 1751 3341 gens

194 3376 332 3415 mea:
352 3362 443 3416 Dei
464 3362 673 3415 viventis
698 3378 761 3414 ea:
784 3360 947 3414 medio
964 3361 1114 3429 ignis,
1139 3369 1186 3414 et
1206 3361 1327 3413 vixit
1355 3360 1531 3430 (Deut.
1562 3364 1612 3416 5.
1632 3363 1744 3433 26);

191 3450 275 3507 hoc
290 3454 449 3523 ipsum
476 3453 563 3507 hic
584 3468 797 3522 quoque
819 3450 1121 3505 l‘aeiLSicut
1146 3451 1285 3505 enim
1301 3466 1421 3504 eum
1449 3452 1513 3506 de
1530 3452 1750 3508 circum-

190 3544 361 3599 cisione
385 3544 717 3614 loqueretur,
762 3557 867 3596 non
890 3542 1045 3605 dixit,
1080 3541 1203 3595 llaec
1251 3542 1589 3596 circumcisio
1628 3544 1747 3599 sine

191 3634 304 3691 bona
323 3637 422 3691 vita
441 3636 578 3691 nihil
602 3634 836 3703 prodest;
857 3632 973 3698 sed,
991 3632 1332 3687 Circumcisio
1349 3647 1467 3686 cum
1487 3631 1622 3685 bona
1643 3634 1744 3687 vita

190 3726 394 3793 prodest,
416 3727 652 3797 idipsum
673 3722 1105 3794 signiﬁcans,sed
1126 3722 1305 3776 mitius
1326 3738 1339 3786 ;
1366 3736 1430 3776 ac
1444 3722 1746 3787 rursum,Si

188 3828 327 3869 man
350 3816 710 3888 γνωταί-ἰσαιον
734 3815 858 3884 legis
884 3815 1060 3883 fueris,
1082 3828 1186 3867 non
1213 3812 1435 3875 addidit,
1455 3812 1595 3866 Nihil
1621 3829 1744 3882 pro-

189 3908 282 3963 ﬁcis
301 3919 371 3974 tu,
388 3910 481 3981 qui
502 3908 851 3963 circumcisus
862 3922 943 3971 es;
964 3906 1058 3961 sed
1086 3905 1409 3961 Circumcisio
1429 3916 1517 3959 tua
1541 3923 1745 3976 prtepu-

185 3998 291 4051 tium
319 4000 450 4068 facta
478 4008 592 4063 est;
622 4007 677 4053 et
705 4006 822 4067 post
857 3996 982 4050 illud
1014 4012 1220 4061 rursus,
1243 3995 1524 4061 Judicabit,
1550 3997 1741 4067 inquit,

186 4092 466 4157 praputium
490 4105 593 4143 non
616 4088 1064 4151 circumcisionem,
1109 4087 1199 4139 sed
1222 4097 1269 4139 te
1313 4090 1743 4157 praevaricatorem

185 4178 311 4249 legis,
338 4180 598 4252 legalibus
643 4193 889 4249 parcens,
934 4186 989 4233 et
1018 4178 1263 4233 homines
1307 4177 1505 4233 feriens
1537 4196 1551 4234 :
1587 4179 1656 4233 ita
1687 4187 1743 4233 et

185 4270 258 4325 hic
285 4272 423 4327 facit.
452 4272 586 4327 Cum
639 4272 781 4325 enim
814 4271 915 4323 hoc
941 4269 1227 4336 obiecisset
1251 4268 1350 4323 sibi
1378 4311 1393 4333 ,
1424 4279 1479 4323 et
1499 4269 1737 4331 dixisset,

184 4361 302 4427 Quid
326 4363 551 4431 amplius
582 4361 725 4415 habet
754 4360 1013 4413 Judtcus?
1057 4374 1165 4413 non
1191 4358 1344 4423 dixit,
1371 4358 1535 4423 Nihil,
1565 4358 1658 4411 sed
1690 4358 1743 4412 id

181 4467 410 4508 sermone
439 4454 633 4513 innuit,
663 4461 718 4507 ct
746 4466 842 4521 per
863 4450 1141 4520 sequentia
1172 4449 1275 4503 hoc
1305 4449 1476 4518 ipsum
1500 4450 1737 4515 sustulit,

181 4544 501 4615 ostenditque
528 4544 651 4598 illos
690 4542 759 4597 ob
788 4541 1087 4609 hujusmodi
1117 4540 1522 4611 praerogativam
1559 4542 1741 4610 plexos

179 4630 340 4687 luisse.
368 4635 438 4689 Et
460 4632 776 4704 quomodo?
821 4632 933 4702 Ego
953 4632 1127 4686 dicam
1147 4670 1164 4695 ,
1206 4631 1316 4699 ipsa
1356 4629 1661 4699 objectione
1686 4629 1738 4683 in

179 4724 389 4780 medium
447 4726 697 4780 adducta.
756 4724 891 4789 Quid
950 4724 1084 4778 enim
1143 4722 1364 4792 amplius
1406 4720 1589 4775 Judwo
1644 4730 1737 4787 est,

178 4829 251 4869 ω
275 4835 383 4887 quc
410 4819 611 4871 utilitas
655 4814 1095 4871 circumcisionis?
1138 4814 1194 4869 2.
1240 4814 1461 4867 Multum
1506 4830 1595 4881 per
1622 4828 1735 4865 ont-

180 4926 278 4964 παι
302 4914 529 4969 modum.
559 4911 740 4967 Primo
767 4912 887 4980 quia
912 4909 1202 4963 concredita
1240 4915 1355 4961 sunt
1383 4907 1486 4960 illis
1537 4905 1736 4975 eloquia

176 4997 281 5055 Dei.
307 5001 513 5066 Viden‘,
546 5011 607 5056 ut
623 5001 729 5070 jam
754 5000 886 5065 dixi,
916 5000 1062 5055 illum
1092 5013 1351 5067 nusquam
1380 5012 1563 5050 eorum
1593 5004 1740 5051 recte

176 5091 334 5157 iacta,
363 5094 460 5148 sed
503 5093 600 5147 Dei
646 5091 905 5147 beneﬁcia
940 5088 1305 5145 enumerare?
1332 5088 1467 5155 Quid
1499 5087 1598 5142 sibi
1628 5087 1741 5141 vult

176 5181 311 5247 illud,
339 5182 639 5239 Concredita
663 5193 779 5238 sunt
804 5184 830 5235 Σ)
858 5184 989 5249 Quia
1021 5182 1125 5237 illis
1152 5180 1339 5235 tradita
1364 5180 1569 5242 cstlex,
1592 5179 1732 5249 quod

177 5275 294 5327 tanti
316 5276 436 5331 illos
462 5275 648 5331 fecerit
669 5275 830 5338 Deos,
884 5283 940 5327 ut
968 5288 1200 5345 superna
1234 5273 1337 5326 illis
1367 5272 1583 5325 oracula
1609 5288 1739 5327 cou-

176 5363 432 5419 crederet.
471 5365 535 5420 Et
579 5365 693 5419 scio
740 5363 1023 5434 quosdam,
1078 5363 1224 5427 illud,
1274 5361 1574 5416 Coucredita
1598 5372 1736 5425 sunt,

177 5470 270 5509 non
298 5457 365 5511 de
391 5456 592 5512 Judaeis
615 5499 634 5524 ,
660 5457 756 5511 sed
788 5457 853 5511 de
878 5457 1109 5527 eloquiis
1154 5456 1353 5510 dictum
1382 5462 1605 5526 putare;
1638 5454 1739 5508 hoc

177 5557 270 5612 est.
299 5550 425 5618 quia
448 5551 731 5605 commissa
778 5557 861 5603 est
898 5550 982 5603 lex
1016 5566 1030 5601 :
1064 5549 1157 5602 sed
1184 5546 1323 5617 quod
1366 5546 1605 5617 sequitur
1633 5560 1737 5599 non

180 5642 448 5706 permittit,
478 5651 533 5694 ut
565 5641 640 5695 sic
690 5640 1031 5709 intelligatur.
1064 5638 1243 5694 Primo
1273 5640 1436 5703 enim,
1478 5651 1737 5693 accusans

182 5730 289 5789 illos
311 5732 415 5788 hoc
440 5733 586 5799 dicit,
621 5743 674 5788 et
701 5732 992 5788 ostendens
1034 5731 1151 5787 illos
1181 5733 1343 5788 multa
1372 5748 1401 5787 a
1439 5732 1547 5785 Deo
1577 5727 1737 5784 benc-

1325 331 1386 385 lN
1426 333 1639 389 El’iST.
1684 336 1771 388 AD
1812 335 1973 393 ROM.
2018 340 2246 398 UOMIL.
2293 345 2376 399 Vl.

3383 364 3487 423 J38

1912 454 2029 509 licia
2070 460 2372 528 accepisse,
2422 462 2516 516 sed
2570 462 2831 533 ingratum
2876 468 3032 523 valde
3069 472 3301 530 animum
3334 478 3485 533 exhi-

1906 544 2109 600 buisse.
2144 549 2344 605 Deinde
2372 555 2647 622 sequentia
2670 573 2881 628 quoque
2909 561 3035 616 illud
3065 564 3333 633 indicant;
3358 586 3480 627 nam

1909 636 2200 710 subjungit,
2225 643 2277 695 5.
2315 642 2454 707 Quid
2479 647 2610 699 enim
2635 689 2649 711 ,
2679 652 2721 700 si
2746 652 2952 717 quidam
2982 670 3083 707 non
3106 658 3427 715 crediderunt
3455 665 3481 701 ν

1898 726 1952 783 Si
1983 745 2089 785 non
2119 732 2480 802 crediderunt,
2505 753 2612 806 quo
2644 751 2817 807 pacto,
2863 743 3049 798 dicunt
3090 747 3324 815 quidam,
3350 750 3476 817 ipsis

1897 823 2205 877 concredita
2244 837 2369 879 sunt
2396 829 2647 898 eloquia?
2682 831 2817 899 Quid
2850 850 2977 903 ergo
3016 837 3126 891 ait?
3154 839 3303 906 Quod
3337 841 3475 895 Deus

1896 910 2026 978 ipsis
2049 913 2133 967 illa
2167 916 2503 971 crediderit:
2538 936 2641 974 non
2690 923 2828 990 quod
2872 923 2972 992 ipsi
3018 928 3196 982 verbis
3236 931 3476 991 credide-

1893 1000 2039 1053 rint:
2087 1018 2207 1056 nam
2283 1008 2550 1076 quomodo
2617 1020 2784 1066 staret
2854 1014 2905 1067 id
2982 1017 3120 1085 quod
3193 1020 3473 1087 sequitur?

1894 1090 2063 1155 Quid,
2122 1093 2165 1145 si
2214 1095 2419 1162 quidam
2464 1115 2564 1152 non
2607 1101 2966 1157 crediderunt?
3028 1105 3141 1159 Hoc
3190 1110 3351 1161 etiam
3403 1124 3467 1163 ex

1888 1182 2238 1248 sequentibus
2299 1186 2640 1254 declaratur;
2697 1191 2879 1260 adjicit
2930 1194 3072 1247 enim
3136 1213 3151 1251 :
3204 1196 3469 1268 Numquid

1886 1271 2215 1326 incredulitas
2267 1279 2595 1330 eorumirum
2645 1279 2737 1332 Dei
2792 1284 3091 1336 evacuabit?
3145 1286 3304 1339 Absit.
3356 1289 3469 1344 lloc

1885 1359 2046 1429 igitur
2103 1363 2297 1431 ipsum,
2350 1366 2490 1435 quod
2542 1369 2646 1423 illis
2686 1372 3049 1427 concreditum
3107 1385 3225 1443 est,
3266 1378 3464 1433 Christi

1884 1452 2080 1506 donum
2132 1457 2403 1524 prmdicat.
2461 1457 2540 1512 Tu
2604 1476 2731 1515 vero
2782 1463 2908 1516 mihi
2973 1465 3131 1519 etiam
3179 1467 3265 1521 hic
3316 1468 3461 1524 Pauli

1884 1545 2218 1610 prudentiam
2271 1549 2559 1616 perpende.
2614 1551 3023 1606 Accusationem
3052 1555 3193 1608 enim
3250 1556 3460 1611 illorum

1879 1649 2089 1688 rursum
2136 1651 2238 1690 non
2269 1653 2294 1689 a
2328 1639 2506 1706 seipso
2566 1639 2805 1708 inducit,
2851 1642 2944 1695 sed
2995 1648 3143 1711 quasi
3195 1661 3261 1701 ex
3306 1646 3459 1716 obje-

1876 1726 2091 1785 etionc;
2147 1742 2211 1781 ac
2272 1730 2315 1780 si
2363 1729 2569 1784 diceret
2622 1748 2636 1785 :
2687 1730 2757 1784 At
2808 1732 3034 1788 fortasse
3079 1734 3226 1789 dices
3282 1753 3296 1790 :
3356 1739 3458 1792 Ec-

1876 1830 1977 1882 qua
2009 1816 2208 1869 utilitas
2251 1818 2675 1874 circumcisionis
2718 1819 3118 1891 hujus?neque
3164 1825 3304 1879 enim
3347 1826 3454 1892 illa,

1877 1916 1930 1961 ut
1954 1923 2050 1977 par
2076 1919 2210 1975 erat,
2246 1911 2324 1962 usi
2354 1908 2511 1965 sunt:
2544 1912 2854 1969 concredita
2878 1914 2986 1968 illis
3014 1915 3099 1969 lex
3126 1928 3227 1983 est,
3271 1928 3324 1971 et
3351 1935 3453 1973 non

1873 1999 2238 2053 crediderunt.
2292 2003 2466 2070 Atque
2521 2002 2736 2057 interim
2782 2020 2885 2058 non
2914 2006 3204 2061 vehemens
3231 2022 3449 2063 accusa-

1875 2098 1957 2141 tor
1982 2098 2080 2151 est,
2115 2090 2208 2142 sed
2252 2091 2400 2161 quasi
2460 2090 2625 2145 Deum
2657 2107 2686 2144 a
2716 2093 3087 2149 criminatione
3138 2096 3445 2159 vindicans,

1872 2188 2033 2232 totam
2066 2179 2208 2232 illam
2244 2179 2295 2232 in
2337 2180 2480 2248 ipsos
2503 2182 2784 2235 convertit.
2820 2182 2929 2236 Cur
2974 2198 3213 2248 accusas,
3256 2185 3443 2257 inquit,

1866 2269 2008 2339 quod
2034 2285 2137 2324 non
2162 2270 2527 2326 crediderint?
2572 2281 2625 2325 et
2664 2272 2786 2341 qttid
2835 2272 2936 2326 hoc
2964 2274 3027 2326 ad
3061 2273 3269 2328 Deum?
3318 2292 3441 2329 num

1866 2361 1981 2429 ejus
2030 2361 2435 2416 beneﬁcentiam
2487 2362 2744 2418 subvertit
2789 2364 3002 2417 illorum
3052 2366 3139 2435 qui
3184 2366 3442 2421 beneﬁcia

1864 2464 2186 2524 acceperunt
2215 2455 2450 2525 ingratus
2477 2455 2733 2509 animus?
2765 2465 2855 2509 aut
2885 2454 3028 2520 facit,
3054 2465 3111 2510 ut
3140 2456 3309 2511 honor
3334 2474 3438 2511 non

1864 2543 2167 2598 sithonor?
2192 2542 2245 2596 ld
2287 2544 2429 2597 enim
2480 2544 2677 2597 indicat
2706 2545 2833 2597 illud
2862 2560 2877 2597 ε
2910 2544 3175 2615 Numquid
3208 2547 3445 2601 incredu-

1863 2634 1976 2686 litas
2006 2650 2178 2686 eorum
2206 2633 2357 2699 ﬁdem
2391 2633 2484 2686 Dei
2502 2635 2761 2686 evacuabit
2782 2636 2807 2688 ?
2835 2634 2998 2690 Absit.
3032 2636 3107 2689 Ac
3134 2638 3176 2691 si
3209 2637 3327 2707 quis
3353 2637 3438 2691 di-

1861 2731 2007 2776 ceret
2029 2741 2042 2777 :
2064 2722 2176 2791 Ego
2202 2722 2347 2775 illum
2378 2724 2535 2776 talem
2585 2721 2790 2776 honore
2833 2723 3018 2787 all'eci;
3048 2724 3091 2777 Si
3121 2740 3249 2778 vero
3267 2725 3431 2779 hono-

1861 2827 1972 2865 rem
2005 2812 2092 2865 ille
2121 2826 2225 2865 non
2263 2811 2496 2875 admisit,
2552 2811 2676 2864 hinc
2721 2812 3054 2867 accusandus
3112 2828 3217 2867 non
3270 2830 3386 2869 sum
3420 2833 3436 2881 ;

1861 2917 2035 2972 neque
2067 2903 2115 2956 id
2149 2902 2533 2972 benignitatem
2586 2918 2759 2958 meam
2800 2904 2965 2967 laedit,
3014 2905 3108 2960 sed
3149 2905 3293 2960 illius
3321 2918 3438 2962 stu-

1861 2995 2133 3065 piditatem
2161 2994 2353 3063 arguit.
2409 2993 2604 3048 Paulus
2628 3010 2757 3049 vero
2798 3010 2903 3049 non
2933 2994 3033 3050 hoc
3066 2997 3237 3051 solum
3279 2998 3431 3065 dicit,

1857 3088 1949 3142 sed
1984 3088 2143 3155 longe
2168 3086 2416 3154 amplius,
2470 3086 2612 3156 quod
2666 3101 2771 3141 non
2820 3087 2977 3142 modo
3002 3089 3425 3144 criminationem

1859 3177 1969 3231 Deo
2017 3192 2122 3229 non
2152 3175 2343 3230 inferat
2378 3176 2724 3232 incredulitas
2750 3192 2935 3232 eorum
2958 3219 2972 3242 ,
3030 3179 3125 3234 sed
3173 3180 3427 3248 majorem

1855 3266 2101 3323 ostendat
2122 3267 2237 3335 ejus
2262 3266 2518 3322 honorem
2543 3276 2597 3322 et
2619 3267 3021 3337 benignitatem,
3052 3284 3171 3324 cum
3192 3286 3311 3325 eum
3343 3270 3433 3340 qui

1854 3375 1915 3415 se
1946 3359 2360 3413 inltonoraturus
2377 3369 2455 3414 est
2490 3359 2695 3413 honore
2722 3361 2906 3416 allicit.

1922 3453 1976 3505 5.
2033 3452 2276 3505 Vidislitt'
2322 3449 2589 3520 quomodo
2638 3452 2755 3507 illos
2806 3452 3117 3508 criminibus
3164 3454 3427 3509 obnoxios

1851 3542 2090 3599 olfecerit
2135 3558 2200 3595 ex
2247 3542 2312 3595 iis
2337 3585 2351 3607 ,
2380 3542 2448 3595 de
2486 3541 2676 3611 quibus
2716 3542 3123 3611 gloriabantur?
3166 3544 3426 3613 siquidem

1856 3633 1994 3687 Deus
2035 3640 2237 3685 tantum
2284 3632 2392 3685 illis
2430 3632 2609 3685 intulit
2649 3632 2943 3696 honorem,
2997 3642 3055 3686 ut
3103 3634 3200 3688 etsi
3254 3632 3429 3687 futura

1850 3721 2155 3792 prtevidens
2181 3762 2196 3779 .
2247 3735 2277 3773 a
2325 3721 2693 3774 benevolentia
2726 3735 2820 3775 sua
2855 3737 2957 3776 non
2985 3721 3307 3777 desisteret:
3354 3724 3428 3777 illi

1851 3826 1978 3866 vero
2005 3826 2063 3864 se
2094 3810 2297 3864 honore
2323 3809 2667 3875 efﬁcientem,
2700 3826 2794 3878 per
2824 3812 2998 3880 ipsum
3030 3813 3232 3866 illatum
3262 3811 3430 3867 bono-

1849 3918 1961 3957 rem
1991 3900 2310 3957 contumelia
2340 3899 2650 3954 affecerunt.
2704 3900 2903 3956 Deinde
2930 3902 3049 3970 quia
3078 3901 3245 3964 dixit,
3292 3903 3428 3967 Quid

1848 4011 1986 4063 ergo,
2017 3994 2060 4048 si
2088 3992 2293 4062 quidam
2324 4008 2424 4044 non
2450 3989 2769 4043 crediderunt
2789 3990 2816 4041 1
2843 3999 2895 4043 et
2940 4003 3125 4043 omnes
3162 4006 3266 4043 non
3303 4005 3425 4045 cre-

1848 4086 2045 4140 didisse
2078 4084 2353 4144 videntur;
2402 4098 2468 4135 ne
2511 4081 2801 4135 secundum
2842 4079 3117 4132 historiam
3164 4079 3421 4148 loquens,

1848 4177 2138 4231 vehemens
2176 4174 2387 4227 illorum
2419 4182 2694 4227 accusator
2731 4181 2975 4239 tanquam
3020 4169 3262 4223 inimicus
3300 4183 3421 4225 esse

1846 4267 2106 4330 videatur,
2139 4264 2296 4319 modo
2323 4262 2583 4318 ratiocinii
2611 4270 2665 4316 et
2691 4258 2979 4333 syllogismi
3006 4260 3153 4328 ponit
3177 4258 3226 4314 id
3278 4258 3417 4328 quod

1849 4360 1901 4412 in
1930 4357 2004 4412 rei
2036 4356 2261 4410 veritate
2289 4353 2481 4407 factum
2510 4360 2620 4416 est,
2655 4350 2738 4405 his
2766 4349 2942 4403 verbis
2968 4367 2981 4403 :
3026 4348 3080 4402 4.
3127 4346 3209 4402 Sit
3251 4363 3419 4401 autem

1848 4448 1982 4502 Deus
2007 4462 2190 4508 verax,
2225 4448 2388 4498 omnis
2420 4452 2590 4496 autem
2621 4442 2768 4494 homo
2802 4440 3037 4493 mendax.
3069 4438 3123 4493 Id
3154 4448 3272 4495 est:
3304 4438 3420 4500 Non

1847 4541 1987 4603 dico,
2018 4538 2157 4608 quod
2189 4536 2406 4607 quidam
2440 4550 2544 4589 non
2572 4532 2918 4594 crediderint,
2950 4531 3042 4585 sed
3071 4532 3115 4585 si
3147 4532 3249 4596 vis,
3282 4546 3421 4600 pone

1846 4645 2034 4686 omnes
2062 4630 2224 4684 fuisse
2250 4623 2730 4692 incredulos,quod
2755 4624 2842 4676 vix
2869 4621 3065 4676 factum
3099 4621 3271 4676 fuerat
3292 4638 3423 4676 con-

1843 4721 2063 4786 cedens,
2086 4728 2261 4773 utnec
2288 4716 2541 4771 molestus
2566 4728 2666 4769 nec
2685 4721 2961 4781 suspectus
2986 4726 3105 4765 esse
3128 4711 3416 4767 videretur.

1846 4811 1976 4867 Nam
2008 4811 2105 4873 sic,
2136 4808 2325 4876 inquit,
2358 4805 2526 4874 magis
2550 4802 2873 4873 justillcatur
2903 4802 3062 4855 Deus.
3106 4800 3243 4866 Quid
3288 4810 3373 4854 est
3400 4842 3415 4865 ,

1845 4900 2207 4956 Justilicatur?
2227 4899 2282 4952 Si
2308 4896 2561 4967 judicium
2591 4899 2852 4946 statuatur
2876 4898 2929 4944 et
2957 4903 3180 4943 examen
3207 4904 3414 4955 eorum,

1845 5011 1963 5066 quas
1994 4995 2108 5064 ipse
2147 4991 2345 5046 Judaeis
2384 4986 2607 5041 contulit
2648 4994 2702 5039 et
2729 4998 2847 5051 qum
2888 4982 3056 5037 Judzi
3086 4983 3185 5052 ipsi
3217 4984 3417 5037 retule-

1846 5095 1988 5150 runt,
2019 5084 2235 5139 victoria
2266 5092 2424 5151 penes
2452 5079 2618 5131 Deum
2648 5075 2778 5141 erit,
2810 5083 2864 5130 et
2892 5075 2943 5128 in
2972 5074 3219 5129 omnibus
3239 5074 3417 5141 justus

1846 5178 1937 5232 ille
1974 5172 2270 5246 apparebit.
2314 5176 2389 5224 Ac
2428 5182 2547 5221 cum
2579 5166 2631 5221 id
2658 5167 2802 5221 clare
2841 5163 3163 5221 ostendisset
3201 5181 3267 5220 ex
3308 5166 3373 5221 iis
3399 5206 3416 5232 ,

1845 5284 1963 5338 qua:
1993 5266 2137 5335 prius
2164 5263 2302 5315 dicta
2332 5267 2475 5321 sunt,
2501 5266 2625 5311 tunc
2654 5257 2963 5325 prophetam
2990 5255 3166 5309 attulit
3196 5255 3281 5311 his
3304 5256 3416 5311 suf-

1846 5362 2140 5430 fragantem
2170 5364 2222 5409 et
2251 5354 2513 5408 dicentem
2539 5369 2552 5405 :
2602 5348 2671 5404 Ut
2702 5349 2998 5419 justiﬁceris
3026 5350 3078 5402 in
3107 5348 3416 5403 sermonibus

1847 5452 1965 5514 tuis,
1994 5458 2042 5502 et
2068 5449 2235 5501 vincas
2262 5460 2375 5496 cum
2393 5441 2642 5513 judicaris
2673 5438 2857 5509 (Psal.
2888 5440 2975 5495 50.
3007 5439 3097 5510 5).
3133 5439 3249 5509 Ipse
3274 5440 3414 5492 enim

1846 5541 2021 5597 omnia
2052 5553 2145 5593 sua
2174 5535 2295 5590 fecit
2318 5553 2331 5589 τ
2361 5535 2434 5588 illi
2460 5550 2586 5588 vero
2614 5548 2783 5602 neque
2807 5534 2885 5588 sic
2905 5533 3155 5587 meliores
3175 5544 3411 5585 evasere.

1849 5631 2049 5689 Deinde
2089 5627 2440 5696 ohjectionem
2471 5625 2627 5678 aliam
2656 5624 2780 5677 hinc
2805 5630 3176 5691 exsurgentem
3215 5620 3265 5672 in
3296 5631 3411 5669 me-

1846 5725 1990 5780 diutn
2020 5720 2269 5785 adducit,
2317 5726 2369 5773 ct
2416 5718 2529 5770 ait:
2577 5716 2631 5769 5.
2666 5715 2726 5767 Si
2753 5725 2917 5766 autem
2954 5710 3189 5777 iniquitas
3229 5715 3404 5759 nostra
