3934 6212
668 364 769 419 $39

662 472 905 537 iustitiam
937 470 1029 523 Dei
1057 469 1393 532 commendat,
1419 469 1541 538 quid
1568 468 1832 521 dicemus?
1861 465 2104 535 numquid
2134 464 2235 518 ini-

662 580 790 630 quus
804 571 873 616 est
893 560 1030 614 Deus
1050 560 1133 630 qui
1155 560 1305 631 infert
1326 559 1483 613 iram?
1501 558 1797 627 (secundum
1813 557 2061 609 hominem
2082 555 2243 626 dico.)

675 654 838 707 Absit.
881 651 1179 705 Absurdum
1213 666 1306 719 per
1331 649 1614 704 absurdum
1644 648 1859 702 demum
1888 647 2064 701 solvit.
2110 646 2243 713 Quia

667 756 796 796 vero
823 740 924 796 hoc
948 741 1232 796 obscurum
1262 748 1362 804 est,
1384 754 1604 793 necesse
1627 746 1710 793 est
1736 739 1930 792 clarius
1954 751 2239 807 exponere.

664 830 787 886 lloe‘
806 840 890 886 est
914 841 1089 884 autem
1122 830 1171 883 id
1189 830 1327 900 quod
1348 830 1475 883 dicit
1496 848 1508 881 :
1533 828 1745 883 Judaeos
1765 831 1902 884 Deus
1927 827 2203 882 honoravit
2225 843 2242 880 :

662 920 815 975 illum
847 922 944 991 ipsi
976 921 1298 975 contumelia
1327 920 1640 975 affecerunt.
1692 918 1801 973 iloc
1844 919 1919 972 illi
1964 917 2242 972 victoriam

582 1012 589 1019 ’
663 1022 847 1084 parat.
894 1022 947 1066 et
997 1028 1241 1080 magnam
1284 1010 1401 1080 ejus
1450 1011 1830 1080 benignitatem
1876 1010 2240 1073 demonstrat,

665 1104 807 1174 quod
850 1103 984 1157 tales
1013 1118 1133 1156 cum
1166 1111 1346 1156 essent
1393 1101 1755 1155 honoraverit.
1802 1099 1962 1169 Igitur
2000 1099 2242 1168 quando-

664 1192 881 1261 quidem
911 1192 981 1245 ait
1007 1231 1023 1257 ,
1053 1193 1173 1260 quia
1202 1207 1300 1243 nos
1331 1190 1679 1244 contumelias
1706 1200 1759 1244 et
1789 1189 2005 1259 injurias
2031 1189 2128 1258 ipsi
2158 1190 2243 1242 in-

664 1284 916 1349 tulimus,
952 1284 1072 1336 ideo
1102 1283 1243 1336 Deus
1278 1283 1438 1347 vicit,
1481 1292 1535 1336 et
1568 1281 1771 1351 justitia
1812 1282 1929 1350 ejus
1968 1280 2242 1350 splendida

663 1373 759 1427 fuit
791 1390 804 1426 :
846 1389 976 1439 cur,
1006 1375 1212 1443 inquit,
1247 1377 1459 1444 punior,
1490 1377 1581 1444 qui
1613 1391 1706 1444 per
1734 1376 2111 1429 contumeliam
2143 1374 2242 1443 ipsi

663 1465 896 1520 victoria:
922 1481 1081 1520 causa
1114 1466 1184 1520 fui
1206 1467 1229 1519 ?
1255 1467 1531 1533 Quomodo
1560 1468 1717 1537 igitur
1746 1468 1903 1521 solvit
1933 1468 2100 1522 illud?
2126 1467 2242 1521 Alia

663 1570 873 1609 rursum
899 1597 914 1621 ,
962 1568 1019 1610 ut
1056 1556 1199 1621 dixi,
1245 1557 1590 1613 absurditate.
1626 1559 1684 1613 Si
1715 1559 1857 1614 enim
1896 1568 1949 1612 tu
1974 1601 1990 1625 ,
2036 1559 2239 1628 inquit,

663 1644 900 1698 victorim
921 1661 1080 1700 causa
1106 1646 1273 1710 fuisti,
1302 1659 1357 1702 et
1384 1658 1564 1718 postea
1590 1650 1814 1718 puniris,
1839 1651 2089 1719 injustam
2112 1650 2242 1705 illud

663 1743 783 1790 est:
813 1737 857 1790 si
885 1746 1061 1790 autem
1089 1738 1177 1792 ille
1204 1755 1310 1792 non
1342 1738 1567 1809 injustas
1596 1750 1697 1806 est,
1727 1752 1780 1796 et
1810 1752 1984 1796 tamen
2017 1742 2239 1811 puniris,

657 1823 770 1894 jam
813 1842 916 1879 non
957 1827 1031 1880 illi
1072 1829 1309 1883 victoria:
1335 1844 1492 1884 causa
1524 1830 1689 1885 fuisti.
1721 1831 1789 1885 Et
1832 1832 1950 1887 vide
1994 1834 2242 1902 pietatem

659 1918 1030 1985 apostolicam.
1082 1919 1216 1975 Cum
1262 1921 1405 1976 enim
1445 1921 1696 1990 dixisset,
1742 1923 1887 1978 Num
1924 1925 2127 1995 iniquus
2167 1933 2242 1978 est

660 2005 801 2060 Deus
825 2009 912 2077 qui
937 2008 1089 2077 infert
1114 2010 1244 2063 iram
1262 2010 1289 2063 .’
1314 2011 1529 2078 adjecit,
1560 2012 1855 2067 Secundum
1882 2015 2136 2068 hominem
2159 2016 2239 2069 ιο·
2268 2042 2269 2045 η

658 2116 804 2168 quor.
828 2103 903 2155 Ac
928 2100 972 2154 si
1001 2101 1140 2170 quis.
1162 2103 1255 2164 ait,
1280 2103 1573 2158 secundum
1596 2106 1883 2160 humanum
1904 2106 2239 2162 ratiocinium

660 2190 950 2245 dissereret
979 2209 991 2243 :
1018 2192 1218 2261 justum
1239 2193 1435 2264 quippe
1456 2194 1550 2250 Dei
1563 2195 1819 2265 judicium
1841 2211 1925 2264 ea,
1942 2213 2060 2268 qua:
2089 2198 2240 2254 nobis

652 2279 795 2349 justa
823 2296 944 2335 esse
971 2281 1250 2347 videntur,
1281 2284 1439 2355 longe
1467 2296 1682 2354 superat
1701 2326 1716 2351 ,
1745 2296 1798 2342 et
1824 2287 1957 2342 alias
1982 2288 2237 2358 quasdam

656 2384 985 2440 arcanasque
1002 2373 1236 2429 rationes
1254 2373 1430 2429 habet.
1447 2376 1650 2432 Deinde
1664 2379 1784 2448 quia
1805 2378 1933 2433 illud
1950 2378 2236 2434 obscurum

656 2473 794 2525 erat,
825 2463 1059 2518 secundo
1088 2464 1315 2535 idipsum
1342 2467 1469 2522 dicit
1495 2488 1508 2523 :
1539 2470 1591 2522 7.
1619 2469 1680 2524 Si
1708 2471 1839 2524 enim
1859 2472 2041 2527 veritas
2068 2471 2162 2525 Dei
2183 2473 2236 2526 in

656 2568 766 2605 meo
797 2554 1054 2631 mendacio
1081 2555 1354 2610 abundavit
1381 2559 1435 2612 in
1463 2560 1678 2628 gloriam
1706 2562 1887 2629 ipsius,
1916 2563 2040 2632 quid
2068 2563 2237 2617 adhuc

661 2651 711 2695 et
740 2628 832 2712 ego
862 2652 1117 2714 tamquam
1147 2656 1380 2715 peccator
1399 2649 1651 2719 judicor?
1689 2628 1743 2705 Si
1774 2628 2083 2707 enim'Deus
2107 2694 2123 2719 ,
2144 2653 2234 2706 in-

653 2733 790 2803 quit,
822 2732 1103 2804 benignus,
1126 2736 1302 2805 justus
1328 2748 1383 2792 et
1412 2740 1582 2794 bonus
1610 2740 1755 2795 visus
1775 2751 1855 2796 est
1884 2742 1953 2797 ob
1979 2741 2230 2812 idipsum,

655 2821 797 2890 quod
832 2832 884 2876 tu
916 2838 1021 2878 non
1049 2826 1449 2896 obtemperasti,
1482 2844 1587 2882 non
1619 2829 1777 2884 modo
1802 2830 1967 2887 debes
1996 2847 2099 2886 non
2132 2847 2233 2901 pu-

656 2914 794 2979 niri,
838 2914 932 2970 sed
962 2917 1121 2971 etiam
1149 2919 1397 2975 mercede
1424 2919 1633 2975 donari.
1675 2922 1731 2979 Si
1775 2932 1953 2979 autem
1994 2924 2094 2980 hoc
2121 2926 2229 2991 sit,

652 3004 779 3060 illud
801 3006 1091 3062 absurdum
1118 3020 1393 3079 sequetur,
1421 3012 1561 3081 quod
1583 3029 1613 3066 a
1634 3012 1816 3068 multis
1835 3014 2228 3080 circumfertur;

652 3110 720 3151 ex
751 3097 905 3151 malis
933 3113 1123 3168 nempe
1150 3100 1289 3154 bona
1321 3100 1434 3155 fieri
1456 3142 1471 3165 ,
1504 3110 1559 3157 et
1596 3102 1734 3156 mala
1760 3117 1949 3158 causas
1977 3118 2097 3158 esse
2136 3105 2233 3159 bo-

651 3202 861 3242 norum.
897 3189 973 3243 Ex
1002 3190 1210 3246 duobus
1238 3201 1415 3247 autem
1447 3192 1674 3248 alterum
1703 3196 2006 3250 necessario
2036 3210 2228 3250 conse-

649 3290 877 3349 quetur,
913 3282 1009 3337 aut
1032 3298 1153 3338 eum
1180 3323 1197 3350 ,
1227 3285 1272 3338 si
1303 3285 1485 3354 punit,
1516 3285 1768 3355 injustum
1795 3287 1996 3351 videri;
2027 3288 2071 3342 si
2100 3303 2230 3343 vero

650 3384 757 3423 non
801 3372 990 3439 punit,
1038 3388 1105 3427 ex
1137 3374 1291 3429 malis
1330 3375 1526 3429 nostris
1570 3375 1845 3430 victoriam
1886 3377 2226 3434 obtinuisse:

649 3460 790 3529 quod
818 3470 1098 3532 utrumque
1124 3478 1281 3534 supra
1310 3464 1524 3519 modum
1550 3465 1840 3521 absurdum
1864 3477 1968 3523 est.
2004 3467 2056 3521 Id
2084 3469 2226 3538 quod

648 3562 701 3607 et
744 3552 857 3622 ipse
888 3553 1167 3610 declarans
1191 3596 1204 3618 ,
1238 3555 1546 3624 hujusmodi
1577 3556 1887 3628 dogmatum
1918 3567 2096 3629 patres
2141 3560 2225 3614 in-

648 3645 801 3699 duxit
842 3646 1057 3702 Grtccos
1081 3689 1095 3712 ,
1137 3649 1266 3702 satis
1295 3663 1415 3703 esse
1440 3658 1632 3719 putans
1660 3650 1725 3705 ad
1751 3651 2013 3707 dictorum
2038 3652 2226 3707 confu-

650 3736 901 3792 tationem
927 3753 1271 3807 personarum
1296 3739 1410 3793 lucc
1428 3740 1714 3797 dicentium
1731 3743 2059 3812 qualitatem.
2077 3744 2225 3798 Tunc

648 3827 791 3881 enim
824 3827 899 3882 illi
927 3828 1081 3883 nobis
1112 3828 1397 3885 illudentes
1424 3831 1675 3888 dicebant
1700 3854 1713 3889 :
1743 3834 2023 3890 Faciamus
2050 3837 2218 3900 mala,

650 3930 707 3973 ut
746 3921 962 3974 veniant
992 3921 1152 3976 bona.
1189 3922 1419 3994 ldeoque
1447 3925 1591 3981 clare
1624 3927 1748 3981 illud
1780 3928 1992 3995 posuit,
2038 3928 2107 3981 ita
2138 3928 2222 3981 di-

646 4024 813 4064 cens:
844 4010 896 4065 8.
930 4009 995 4063 Et
1035 4028 1135 4066 non
1158 4055 1174 4079 ,
1218 4014 1345 4067 sicut
1385 4016 1813 4085 blasphemamur,
1843 4028 1889 4071 et
1926 4019 2054 4071 sicut
2082 4020 2223 4072 aiunt

646 4102 851 4171 quidam
895 4120 985 4157 nos
1024 4105 1221 4169 dicere,
1255 4104 1529 4160 Faciamus
1554 4109 1689 4160 mala
1710 4148 1724 4171 ,
1756 4118 1809 4161 ut
1835 4111 2032 4162 veniant
2058 4110 2186 4163 bona
2205 4126 2224 4165 :

645 4209 853 4263 quorum
885 4194 1141 4249 damnatio
1162 4197 1304 4265 justa
1334 4208 1428 4252 est.
1453 4200 1581 4265 Quia
1604 4200 1743 4253 enim
1766 4199 1973 4254 dicebat
1996 4201 2219 4256 Paulus:

651 4284 750 4340 Ubi
778 4286 1046 4338 abundavit
1073 4298 1325 4355 peccatum
1347 4330 1361 4352 ,
1392 4290 1814 4358 superabundavit
1832 4294 1993 4361 gratia
2029 4293 2217 4366 (Rom.
2266 4334 2275 4341 .

649 4375 701 4428 5.
728 4374 817 4435 20')
844 4415 859 4438 ,
887 4376 1226 4429 traducentes
1255 4377 1400 4430 illum
1428 4419 1443 4442 ,
1476 4387 1530 4432 et
1557 4378 1621 4431 ad
1652 4380 1810 4434 alium
1839 4397 2051 4437 sensum
2082 4385 2219 4439 dicta

646 4463 1046 4529 detorquentes,
1080 4463 1345 4529 dicebant,
1378 4476 1625 4535 oportere
1651 4470 1899 4525 malitiam
1928 4475 2139 4538 sectari,
2166 4486 2221 4530 ut

646 4553 886 4607 fruamur
912 4553 1086 4607 bonis.
1118 4554 1311 4608 Paulus
1337 4572 1463 4611 vero
1489 4575 1591 4612 non
1623 4560 1692 4613 ita
1716 4561 2062 4632 loquebatur:
2094 4565 2217 4619 iilud

645 4653 825 4697 autem
855 4644 1131 4713 corrigens
1160 4645 1368 4699 dicebat
1397 4664 1410 4699 :
1446 4650 1581 4713 Quid
1615 4651 1774 4720 ergo?
1802 4656 2219 4721 perseverabimus

642 4735 696 4788 in
725 4745 948 4805 peccato,
980 4746 1035 4789 ut
1062 4738 1226 4806 gratia
1250 4738 1466 4793 abundet
1493 4743 1518 4795 ?
1548 4744 1684 4796 Absit
1727 4745 1745 4815 (
1771 4743 1921 4799 Rom.
1952 4746 2005 4801 6.
2040 4750 2091 4802 ί.
2121 4748 2217 4819 2).

644 4826 778 4880 Nam
809 4826 877 4882 de
909 4829 1193 4896 praeteritis
1226 4832 1553 4900 teinporibus
1580 4833 1685 4887 dixi
1705 4874 1721 4900 ,
1751 4851 1853 4890 non
1883 4848 1940 4891 ut
1968 4839 2082 4894 haec
2108 4856 2247 4902 me—,

645 4918 877 4973 ditemur
897 4928 952 4973 et
976 4934 1339 4975 exerceamus.
1360 4923 1441 4977 Ab
1468 4924 1566 4976 hac
1588 4925 1744 4993 igitur
1768 4943 2019 4984 amovens
2048 4933 2218 5001 suspi-

644 5008 819 5075 cione,
852 5011 986 5066 dixit
1016 5012 1143 5067 illud
1175 5013 1504 5082 impossibile
1531 5031 1670 5071 esse.
1704 5018 1805 5085 Qui
1835 5021 1988 5088 enim,
2018 5023 2215 5093 inquit,

645 5102 830 5154 mortui
856 5119 1031 5157 sumus
1064 5112 1269 5172 peccato
1292 5146 1306 5170 ,
1333 5107 1583 5174 quomodo
1604 5108 1769 5161 adhuc
1806 5112 1859 5163 in
1882 5129 1938 5166 eo
1964 5114 2179 5169 vivemus
2195 5116 2221 5168 ?

715 5190 769 5245 6.
812 5191 867 5244 ln
913 5192 1139 5261 gentiles
1182 5179 1309 5263 ergo
1357 5194 1513 5250 facile
1550 5197 1791 5252 invectus
1836 5210 1954 5265 est;
2004 5202 2218 5258 illorum

643 5282 838 5349 quippe
858 5285 963 5336 vita
985 5284 1267 5339 admodum
1294 5299 1540 5358 corrupta
1563 5298 1709 5344 erat:
1740 5291 2043 5348 Judmorum
2067 5311 2214 5361 vero,

644 5370 742 5424 etsi
772 5372 874 5424 vita
905 5373 1141 5442 neglecta
1158 5376 1454 5445 videretur,
1476 5388 1528 5432 at
1546 5380 1648 5433 illis
1675 5382 1902 5451 tegmina
1929 5394 2082 5438 erant
2106 5401 2217 5438 ma-

644 5475 745 5530 gna
768 5501 781 5523 ,
817 5461 897 5515 lex
924 5472 978 5517 et
1005 5464 1338 5521 circumcisio
1360 5509 1375 5531 ,
1408 5477 1462 5523 et
1488 5469 1630 5539 quod
1661 5471 1797 5525 Deus
1823 5488 1941 5527 cum
1970 5474 2072 5530 illis
2099 5492 2217 5531 ver-

643 5560 791 5605 satus
819 5560 873 5606 et
901 5554 1233 5624 colloquutus
1260 5548 1439 5625 esset,
1487 5560 1732 5631 quodque
1761 5564 1996 5618 omnium
2035 5576 2216 5623 essent

642 5642 906 5699 doctores.
949 5644 1073 5701 ldeo
1100 5647 1204 5702 illis
1255 5648 1369 5704 lure
1393 5650 1688 5706 velamenta
1717 5652 1971 5721 abstulit,
2017 5665 2071 5711 et
2101 5657 2217 5714 dlos

646 5736 813 5805 magis
839 5750 903 5792 ea
928 5741 995 5792 de
1030 5752 1190 5793 causa
1214 5741 1371 5808 plecti
1405 5740 1803 5810 demonstravit,
1834 5759 1938 5815 qua
1968 5746 2020 5800 in
2049 5761 2107 5802 re
2131 5748 2219 5804 hic

1399 357 1456 415 S.
1493 356 1770 414 JOANNIS
1807 347 2269 409 CllliYSOSTOMl
2310 348 2618 408 ARCHIEP.
2661 354 3187 415 CONSTANTINOP.

2351 479 2653 520 sermonem
2684 468 2963 522 conclusit.
2997 469 3127 524 Nam
3155 472 3198 524 si
3229 472 3415 526 talibus
3454 475 3674 542 patratis,
3701 476 3786 545 inqi

2351 570 2457 608 non
2503 558 2826 625 puniuntur,
2861 575 3080 616 necesse
3120 572 3238 629 est,
3284 574 3341 617 ut
3381 565 3721 634 hlaspbemum
3757 569 3785 622 il

2347 643 2546 699 dictum
2568 647 2973 703 circumferatur
2991 667 3005 703 :
3026 649 3295 706 Faciamus
3312 655 3461 715 mala,
3474 666 3525 707 ut
3542 658 3719 709 veniant
3738 660 3786 711 bo

2346 732 2401 789 Si
2430 746 2606 790 autem
2636 738 2760 793 illud
2788 738 3006 810 impium
3037 751 3121 796 est
3140 784 3153 807 ,
3182 752 3236 797 ct
3258 744 3303 798 si
3330 746 3414 813 qui
3442 745 3561 799 illud
3585 746 3786 817 dicuntp

2349 837 2444 879 nas
2484 826 2689 882 dabunt
2716 829 2734 898 (
2758 829 2810 883 id
2838 833 2979 885 enim
3008 833 3300 889 declaravit
3339 834 3421 889 his
3450 838 3643 903 verbis,
3677 840 3786 903 Quor

2348 913 2607 970 damnatio
2653 919 2798 989 justa
2854 920 3008 993 est);
3060 925 3231 990 palam
3275 934 3355 980 est
3391 927 3506 981 illos
3544 928 3719 997 puniri.
3756 930 3786 983 N

2348 1006 2392 1060 si
2425 1008 2512 1076 qui
2542 1007 2643 1063 hoc
2686 1010 2871 1066 dicunt
2919 1012 3180 1083 supplicio
3204 1016 3347 1087 digni
3375 1028 3495 1072 sunt
3514 1061 3528 1085 ,
3557 1022 3705 1075 multo
3728 1038 3785 1075 m:

2347 1100 2435 1167 qui
2483 1100 2723 1157 faciunt:
2765 1104 2808 1157 si
2847 1117 3024 1161 autem
3069 1109 3331 1180 supplicio
3358 1110 3497 1182 digni
3522 1153 3536 1180 ,
3564 1116 3725 1183 utique
3748 1132 3786 1186 qi

2348 1191 2707 1256 peccaverint.
2767 1192 2953 1264 Neque
2991 1201 3133 1252 enim
3176 1201 3336 1254 homo
3383 1212 3462 1256 est
3499 1204 3581 1272 qui
3621 1207 3778 1274 punit,

2347 1278 2467 1345 quis
2497 1278 2564 1334 de
2590 1281 2781 1337 calculi
2811 1286 3038 1342 veritate
3065 1287 3305 1355 dubitet;
3332 1292 3423 1346 sed
3446 1293 3594 1359 Deus,
3620 1296 3697 1363 qui
3720 1313 3786 1350 om

2343 1368 2489 1436 juste
2516 1372 2659 1427 facit.
2684 1374 2739 1429 Si
2771 1391 2901 1431 vero
2926 1378 3069 1448 juste
3098 1381 3409 1448 puniuntur,
3441 1383 3622 1452 injuste
3646 1387 3710 1440 illi
3734 1404 3783 1442 su

2348 1473 2645 1516 memorata
2693 1465 2979 1535 dicebant,
3009 1485 3109 1525 nos
3139 1472 3518 1529 traducentes:
3550 1478 3707 1531 omnia
3744 1494 3785 1533 ει

2350 1549 2490 1605 Deus
2540 1551 2771 1610 faciebat
2815 1567 2871 1612 et
2906 1558 3060 1627 facit,
3095 1571 3153 1616 ut
3181 1563 3304 1617 vitae
3346 1564 3627 1619 institutum
3666 1579 3786 1622 nostr

2347 1640 2616 1699 elucescat
2656 1655 2711 1701 et
2752 1648 2984 1720 undique
3020 1663 3228 1708 rectum
3269 1655 3359 1708 sit.
3409 1656 3481 1710 Ne
3525 1659 3684 1729 itaque
3724 1662 3786 1731 ign

2346 1731 2549 1800 simus;
2583 1736 2653 1790 ita
2681 1739 2822 1792 enim
2853 1743 3083 1811 gentiles
3110 1747 3408 1814 poterimus
3442 1748 3507 1803 ab
3533 1765 3696 1807 errore
3720 1769 3786 1807 reti

2345 1836 2495 1877 vere.
2534 1824 2667 1881 Nam
2694 1828 2737 1882 si
2765 1831 2945 1886 verbis
2973 1832 3434 1905 philosomtemur,
3464 1848 3517 1893 et
3538 1842 3786 1910 operibust

2346 1913 2485 1981 piter
2507 1930 2726 1985 agamus
2746 1960 2760 1981 .
2787 1918 2980 1990 quibus
3007 1926 3174 1980 oculis
3204 1928 3356 1997 ipsos
3392 1932 3745 2001 respiciamus?
3777 1953 3786 1990 t

2345 2017 2440 2058 ore
2468 2006 2535 2061 de
2560 2008 2896 2078 dogmatibus
2922 2015 3352 2085 disputabimus?
3377 2023 3517 2079 Dicet
3539 2026 3664 2080 enim
3682 2027 3786 2096 sing!

2343 2104 2584 2151 nostrum
2612 2117 2625 2153 :
2658 2100 2757 2167 Qui
2787 2119 2854 2158 ne
2880 2107 3157 2162 minimum
3184 2112 3406 2180 quidem
3435 2128 3562 2184 opus
3597 2115 3759 2171 bonum

2342 2185 2483 2250 cisti,
2512 2193 2781 2258 quomodo
2810 2195 2973 2251 audes
2997 2198 3065 2253 de
3092 2200 3286 2269 majori
3310 2204 3545 2259 erudire?
3569 2207 3647 2275 qui
3670 2208 3781 2259 nond

2342 2275 2574 2333 didicisti
2605 2284 2882 2339 avaritiam
2911 2302 3032 2343 esse
3060 2290 3287 2359 malum,
3316 2295 3570 2363 quomodo
3594 2296 3652 2351 de
3676 2297 3785 2353 czele

2343 2367 2441 2424 bus
2467 2369 2900 2443 philosOpharis?
2926 2380 2993 2433 At
3012 2383 3212 2436 malum
3245 2399 3366 2440 esse
3394 2388 3523 2440 nosti
3542 2389 3564 2442 ἲ
3583 2388 3701 2457 Ergo
3723 2405 3786 2442 ma

2340 2458 2543 2513 crimen
2575 2471 2677 2527 est,
2710 2466 2829 2533 quia
2859 2482 3057 2536 gnarus
3088 2486 3309 2538 peccas.
3340 2475 3532 2545 Ecquid
3559 2478 3767 2546 gentilem

2339 2549 2449 2602 eo?
2489 2550 2674 2622 Neque
2712 2556 2855 2611 enim
2888 2559 3035 2629 leges
3079 2573 3285 2619 nostra:
3323 2568 3497 2621 sinunt
3535 2583 3622 2622 nos
3659 2569 3740 2623 frui
3776 2570 3786 2621 l

2338 2638 2550 2729 dicendi
2582 2643 2830 2702 libertate
2854 2690 2869 2713 ,
2911 2652 3124 2719 quando
3154 2656 3267 2709 vita
3300 2667 3473 2712 nostra
3509 2669 3723 2729 corrupta
3751 2674 3786 2713 et

2337 2728 2468 2784 Nam
2495 2733 2570 2787 ait
2596 2751 2610 2789 :
2637 2734 2902 2793 Peccaton'
2931 2754 3101 2797 autem
3130 2747 3268 2800 dixit
3301 2748 3433 2804 Deus
3454 2766 3473 2805 :
3498 2728 3711 2818 Quareitu
3732 2770 3786 2805 ru.

2337 2835 2423 2873 ras
2444 2823 2675 2892 justitias
2701 2844 2837 2883 meas
2863 2830 3033 2899 (Psal.
3066 2836 3154 2890 49.
3186 2837 3331 2907 I6)?
3366 2840 3526 2895 Judaei
3553 2842 3729 2897 abducti
3753 2858 3786 2897 su

2336 2913 2623 2981 aliquando
2641 2921 2856 2988 captivi,
2875 2932 2929 2977 et
2948 2926 3273 2984 instantibus
3291 2933 3673 3004 rogantibusque
3691 2935 3786 2988 Pera

2337 3012 2395 3057 ut
2422 3005 2511 3061 illa
2551 3008 2728 3064 divina
2770 3016 2974 3070 cantica
3005 3033 3303 3089 canerent,
3332 3024 3600 3081 dicebant:
3636 3027 3785 3091 Quomc

2334 3098 2650 3155 cantabimus
2674 3106 2923 3160 canticum
2942 3107 3150 3165 Domini
3173 3114 3235 3167 in
3259 3126 3390 3169 terra
3414 3118 3568 3171 aliena
3587 3117 3729 3191 (Psal.
3752 3119 3786 3170 l2

2332 3184 2427 3254 ‘i?
2452 3186 2606 3253 Quod
2637 3192 2682 3265 si
2723 3195 2774 3248 in
2804 3196 3153 3255 barbarorum
3187 3215 3336 3260 terra
3364 3223 3465 3261 non
3494 3184 3661 3262 licebat
3681 3208 3786 3275 eluql

2333 3276 2542 3335 Domini
2567 3298 2783 3355 canere,
2803 3300 3003 3359 quanto
3026 3295 3207 3349 minus
3234 3297 3427 3353 licebat
3446 3301 3619 3355 anima-
3636 3300 3786 3354 barbnr

2332 3370 2558 3429 barbara
2580 3378 2723 3431 enim
2748 3390 2833 3435 est
2856 3382 3248 3443 immisericors
3276 3392 3469 3443 anima.
3493 3390 3543 3446 Si
3568 3392 3688 3445 enim
3714 3405 3786 3456 cap

2330 3481 2426 3519 vos
2455 3474 2511 3521 et
2537 3483 2722 3524 servos
2749 3470 3019 3529 hominum
3053 3477 3106 3531 in
3132 3479 3314 3535 aliena
3347 3491 3479 3536 terra
3511 3484 3582 3537 lex
3609 3482 3654 3537 in
3678 3481 3781 3535 silcn

2330 3556 2519 3612 sedere
2542 3559 2729 3628 jussit;
2756 3565 2922 3618 multo
2944 3569 3110 3638 magis
3131 3584 3325 3627 servos
3352 3574 3558 3643 peccati,
3577 3583 3620 3627 et
3643 3574 3685 3627 iu
3706 3572 3785 3624 alie

2328 3648 2452 3701 vita:
2492 3649 2731 3705 instituto
2771 3665 3046 3711 versantes
3067 3700 3082 3723 ,
3112 3674 3175 3714 os
3205 3661 3453 3719 claudere
3482 3679 3566 3732 par
3592 3673 3679 3717 est.
3718 3663 3786 3727 Att

2330 3748 2381 3792 et
2412 3753 2608 3809 organa
2641 3750 2767 3797 tunc
2794 3744 2867 3798 illi
2895 3744 3202 3805 habebant:
3232 3769 3352 3807 nam
3382 3753 3447 3807 In
3472 3753 3679 3808 salicibus
3700 3754 3740 3803 in
3762 3769 3785 3801 η

2330 3831 2414 3884 dio
2437 3833 2564 3899 eius,
2586 3834 2776 3905 inquit,
2807 3841 3169 3908 suspendimus
3196 3861 3387 3915 organa
3408 3844 3723 3914 nostra(Psal.
3742 3842 3786 3896 i3

2327 3922 2420 3993 2);
2455 3925 2547 3979 sed
2578 3942 2753 3995 neque
2780 3930 2849 3983 ita
2884 3930 3098 3987 licebat.
3127 3934 3297 4005 Igitur
3327 3953 3495 4006 neque
3522 3939 3674 4000 uobis,
3698 3936 3773 3989 etsi

2328 4030 2391 4068 os
2438 4015 2726 4073 habeamus
2764 4030 2819 4076 et
2858 4022 3089 4093 linguam
3115 4067 3132 4092 ,
3164 4044 3288 4098 qua:
3330 4040 3449 4084 sunt
3491 4044 3663 4099 organa
3690 4026 3786 4080 verb

2329 4107 2454 4163 licet
2495 4125 2618 4164 cum
2650 4112 2841 4168 tidueia
2874 4115 3049 4185 loqui,
3083 4121 3340 4187 quamdiu
3373 4134 3608 4192 peccato,
3639 4120 3786 4175 barbar

2327 4214 2445 4255 rum
2474 4206 2709 4258 omnium
2741 4208 2970 4273 saeviori,
3003 4212 3289 4269 servimus.

2399 4293 2596 4348 Avarus
2626 4306 2697 4350 est
2728 4298 3199 4359 idololatra.—Die
3229 4307 3370 4359 enim
3402 4304 3543 4370 mihi,
3566 4302 3674 4373 quid
3693 4308 3786 4371 geni

2327 4380 2474 4437 dices
2498 4425 2512 4448 ,
2540 4385 2669 4439 dum
2700 4390 2900 4455 rapiare
2937 4388 3150 4447 deditus
3190 4409 3249 4449 es
3278 4405 3335 4449 et
3362 4395 3619 4448 avaritite?
3644 4392 3786 4447 Absce»

2325 4473 2393 4527 ab
2415 4474 2732 4543 idololatria,
2764 4480 2927 4534 Deum
2959 4497 3213 4552 agnosce,
3243 4502 3312 4541 ne
3340 4497 3601 4557 argentum
3624 4496 3669 4540 et
3688 4498 3786 4536 auru

2326 4568 2570 4635 quaeras?
2599 4571 2790 4624 Annon
2819 4570 2907 4627 ille
2938 4573 3139 4630 ridebit
3160 4576 3409 4648 dicetque
3438 4596 3451 4632 :
3494 4578 3603 4631 liazc
3627 4574 3701 4629 tibi
3723 4571 3782 4641 pri

2323 4655 2529 4711 dicito?
2573 4675 2746 4727 neque
2777 4663 2919 4717 enim
2950 4679 3045 4733 par
3068 4681 3160 4723 res
3188 4680 3271 4723 est
3300 4671 3541 4739 gentilem
3566 4683 3668 4723 esse
3701 4664 3785 4719 idoli

2324 4745 2533 4811 latram,
2562 4759 2615 4803 et
2637 4749 2996 4808 Christianum
3025 4753 3165 4811 idem
3193 4758 3367 4826 ipsum
3398 4760 3564 4813 scelus
3588 4756 3786 4809 admittet

2324 4836 2603 4901 Quomodo
2655 4842 2797 4894 enim
2849 4845 3143 4910 poterimus
3186 4848 3325 4901 alios
3366 4850 3431 4903 ab
3473 4847 3730 4902 idololatria
3764 4842 3786 4896 il

2324 4925 2612 4991 abducere,
2640 4928 2766 4983 dum
2795 4945 2893 4986 nos
2919 4934 2987 4988 ab
3015 4934 3102 4988 illa
3132 4951 3239 4990 non
3269 4939 3567 4992 resilinms?
3605 4951 3687 4990 nos
3720 4933 3783 4991 cni

2323 5018 2479 5073 nobis
2517 5020 2921 5090 propinquiores
2958 5039 3116 5094 quam
3158 5028 3403 5096 proximo
3427 5043 3611 5083 sumus.
3651 5025 3698 5080 Si
3731 5037 3786 5089 cr;

2322 5110 2477 5165 nobis
2505 5113 2634 5181 ipsis
2658 5128 2761 5169 non
2786 5116 3222 5185 persuadeamus,
3250 5120 3514 5189 quomodo
3534 5119 3638 5172 aliis
3660 5128 3786 5185 persw

2322 5202 2602 5258 debimus?
2618 5204 2675 5260 Si
2693 5206 2834 5260 enim
2864 5208 2929 5273 is,
2948 5208 3037 5278 qui
3058 5208 3240 5264 domui
3265 5226 3376 5265 sua:
3401 5226 3501 5266 non
3519 5210 3639 5264 bene
3657 5216 3785 5276 precs

2322 5307 2495 5363 neque
2519 5293 2774 5351 Ecclesiae
2794 5312 2974 5352 curam
3001 5298 3247 5364 habebit;
3269 5301 3527 5371 quomodo
3550 5300 3642 5360 ille,
3662 5295 3729 5363 qui
3748 5303 3786 5341 nt

2321 5386 2515 5443 animae
2550 5402 2659 5444 suae
2680 5399 2876 5460 praeest
2896 5433 2911 5458 ,
2936 5391 3071 5446 alios
3095 5393 3383 5449 emendare
3410 5388 3624 5464 poterit?
3644 5386 3704 5441 Ne
3724 5377 3786 5436 mil

2322 5476 2543 5545 dixeris,
2573 5488 2625 5535 te
2653 5496 2758 5534 non
2786 5494 3007 5535 aureum
3037 5482 3235 5537 idolum
3259 5480 3605 5538 adorare:sed
3624 5478 3705 5531 hoc
3721 5470 3786 5524 mil

2324 5569 2548 5637 probato
2567 5611 2584 5636 ,
2629 5579 2683 5625 te
2713 5586 2816 5624 non
2846 5572 2934 5625 illa
2962 5572 3169 5640 facere,
3200 5590 3320 5644 qua!
3343 5586 3519 5628 aurum
3538 5568 3683 5639 jubet.
3720 5560 3786 5615 Ναί

2322 5657 2516 5714 diversi
2553 5670 2677 5714 sunt
2730 5659 3044 5717 idololatriae
3088 5662 3235 5719 modi
3262 5680 3279 5719 :
3305 5674 3357 5720 et
3384 5664 3511 5718 alius
3543 5657 3720 5731 quidem
3745 5666 3786 5717 [νυ

2327 5758 2401 5806 tat
2426 5766 2728 5809 mamonam
2781 5767 2903 5811 esse
2944 5754 3218 5811 dominum
3244 5796 3262 5826 ,
3313 5757 3445 5811 alius
3492 5759 3691 5808 ventrem
3726 5750 3786 5794 βε
