  <div class='ocr_page' id='page_1' title='image "/cluster/home/n/w/nwhite01/storage/ocr_20150623/60/hvd.32044073501942/444.png"; bbox 0 0 3934 6212; ppageno 0'>
   <div class='ocr_carea' id='block_1_1' title="bbox 214 377 2337 436">
    <p class='ocr_par' dir='ltr' id='par_1_1' title="bbox 214 377 2337 436">
     <span class='ocr_line' id='line_1_1' title="bbox 214 377 2337 436; baseline -0.001 -1"><span class='ocrx_word' id='word_1_1' title='bbox 214 379 300 436; x_wconf 69' lang='grc'>439</span> <span class='ocrx_word' id='word_1_2' title='bbox 1273 378 1335 433; x_wconf 80' lang='grc' dir='ltr'>ΙΝ</span> <span class='ocrx_word' id='word_1_3' title='bbox 1381 380 1593 436; x_wconf 77' lang='lat' dir='ltr'>LPIST.</span> <span class='ocrx_word' id='word_1_4' title='bbox 1637 381 1726 434; x_wconf 80' lang='lat' dir='ltr'>Al)</span> <span class='ocrx_word' id='word_1_5' title='bbox 1769 380 1935 435; x_wconf 77' lang='lat' dir='ltr'>ROM.</span> <span class='ocrx_word' id='word_1_6' title='bbox 1980 377 2209 434; x_wconf 81' lang='lat' dir='ltr'>HOMIL.</span> <span class='ocrx_word' id='word_1_7' title='bbox 2249 378 2337 434; x_wconf 76' lang='lat' dir='ltr'>Vl.</span> 
     </span>
    </p>
   </div>
   <div class='ocr_carea' id='block_1_2' title="bbox 213 485 1755 562">
    <p class='ocr_par' dir='ltr' id='par_1_2' title="bbox 213 485 1755 562">
     <span class='ocr_line' id='line_1_2' title="bbox 213 485 1755 562; baseline 0.001 -20"><span class='ocrx_word' id='word_1_8' title='bbox 213 492 265 547; x_wconf 74' lang='grc' dir='ltr'>δι’</span> <span class='ocrx_word' id='word_1_9' title='bbox 296 486 358 545; x_wconf 84' lang='grc' dir='ltr'>ὧν</span> <span class='ocrx_word' id='word_1_10' title='bbox 389 489 609 560; x_wconf 86' lang='grc' dir='ltr'>ὐϐρισα;</span> <span class='ocrx_word' id='word_1_11' title='bbox 648 488 774 552; x_wconf 86' lang='grc' dir='ltr'>Πῶς</span> <span class='ocrx_word' id='word_1_12' title='bbox 824 485 917 542; x_wconf 74' lang='grc' dir='ltr'>οὖν</span> <span class='ocrx_word' id='word_1_13' title='bbox 968 490 1100 542; x_wconf 84' lang='grc' dir='ltr'>αὐτὸ</span> <span class='ocrx_word' id='word_1_14' title='bbox 1147 491 1297 557; x_wconf 86' lang='grc' dir='ltr'>λύει;</span> <span class='ocrx_word' id='word_1_15' title='bbox 1344 491 1567 562; x_wconf 79' lang='grc' dir='ltr'>Ἐτέρῳ,</span> <span class='ocrx_word' id='word_1_16' title='bbox 1619 493 1755 562; x_wconf 80' lang='grc' dir='ltr'>ὅπερ</span> 
     </span>
    </p>
   </div>
   <div class='ocr_carea' id='block_1_3' title="bbox 211 572 1754 645">
    <p class='ocr_par' dir='ltr' id='par_1_3' title="bbox 211 572 1754 645">
     <span class='ocr_line' id='line_1_3' title="bbox 211 572 1754 645; baseline -0.002 -17"><span class='ocrx_word' id='word_1_17' title='bbox 211 578 339 645; x_wconf 68' lang='grc' dir='ltr'>ἔφην,</span> <span class='ocrx_word' id='word_1_18' title='bbox 379 573 561 641; x_wconf 81' lang='grc' dir='ltr'>ἀτόπῳ</span> <span class='ocrx_word' id='word_1_19' title='bbox 594 572 777 624; x_wconf 85' lang='grc' dir='ltr'>πάλιν.</span> <span class='ocrx_word' id='word_1_20' title='bbox 819 573 879 624; x_wconf 84' lang='grc' dir='ltr'>Εἰ</span> <span class='ocrx_word' id='word_1_21' title='bbox 932 572 1042 641; x_wconf 82' lang='lat'>7&amp;9</span> <span class='ocrx_word' id='word_1_22' title='bbox 1088 574 1277 636; x_wconf 78' lang='grc' dir='ltr'>αἴτιος,</span> <span class='ocrx_word' id='word_1_23' title='bbox 1343 574 1495 643; x_wconf 78' lang='grc' dir='ltr'>φησὶ,</span> <span class='ocrx_word' id='word_1_24' title='bbox 1552 575 1616 625; x_wconf 83' lang='grc' dir='ltr'>σὺ</span> <span class='ocrx_word' id='word_1_25' title='bbox 1655 574 1754 642; x_wconf 84' lang='grc' dir='ltr'>τῆς</span> 
     </span>
    </p>
   </div>
   <div class='ocr_carea' id='block_1_4' title="bbox 211 655 1754 727">
    <p class='ocr_par' dir='ltr' id='par_1_4' title="bbox 211 655 1754 727">
     <span class='ocr_line' id='line_1_4' title="bbox 211 655 1754 727; baseline -0.001 -18"><span class='ocrx_word' id='word_1_26' title='bbox 211 660 336 727; x_wconf 83' lang='grc' dir='ltr'>νίκης</span> <span class='ocrx_word' id='word_1_27' title='bbox 361 657 563 722; x_wconf 85' lang='grc' dir='ltr'>ἐγένου,</span> <span class='ocrx_word' id='word_1_28' title='bbox 591 658 684 708; x_wconf 80' lang='grc' dir='ltr'>καὶ</span> <span class='ocrx_word' id='word_1_29' title='bbox 710 655 848 723; x_wconf 84' lang='grc' dir='ltr'>μετά</span> <span class='ocrx_word' id='word_1_30' title='bbox 869 655 1041 707; x_wconf 85' lang='grc' dir='ltr'>ταῦτα</span> <span class='ocrx_word' id='word_1_31' title='bbox 1070 656 1293 726; x_wconf 79' lang='grc' dir='ltr'>κολάζῃ,</span> <span class='ocrx_word' id='word_1_32' title='bbox 1318 658 1499 709; x_wconf 82' lang='grc' dir='ltr'>ἀδικία</span> <span class='ocrx_word' id='word_1_33' title='bbox 1520 657 1581 710; x_wconf 83' lang='grc' dir='ltr'>τὸ</span> <span class='ocrx_word' id='word_1_34' title='bbox 1604 658 1754 724; x_wconf 47' lang='grc' dir='ltr'>γενόμ</span> 
     </span>
    </p>
   </div>
   <div class='ocr_carea' id='block_1_5' title="bbox 213 738 1753 813">
    <p class='ocr_par' dir='ltr' id='par_1_5' title="bbox 213 738 1753 813">
     <span class='ocr_line' id='line_1_5' title="bbox 213 738 1753 813; baseline -0.002 -20"><span class='ocrx_word' id='word_1_35' title='bbox 213 758 343 812; x_wconf 82' lang='grc' dir='ltr'>μενον</span> <span class='ocrx_word' id='word_1_36' title='bbox 365 756 378 772; x_wconf 78' lang='grc' dir='ltr'><strong><em>ο</em></strong></span> <span class='ocrx_word' id='word_1_37' title='bbox 410 740 459 793; x_wconf 77' lang='grc' dir='ltr'>εἰ</span> <span class='ocrx_word' id='word_1_38' title='bbox 508 740 565 792; x_wconf 83' lang='grc' dir='ltr'>δέ</span> <span class='ocrx_word' id='word_1_39' title='bbox 618 740 715 791; x_wconf 86' lang='grc' dir='ltr'>οὐκ</span> <span class='ocrx_word' id='word_1_40' title='bbox 748 739 950 803; x_wconf 74' lang='grc' dir='ltr'>ἄδικος,</span> <span class='ocrx_word' id='word_1_41' title='bbox 986 739 1191 813; x_wconf 79' lang='grc' dir='ltr'>κολάζῃ</span> <span class='ocrx_word' id='word_1_42' title='bbox 1238 741 1314 800; x_wconf 86' lang='grc' dir='ltr'>δὲ,</span> <span class='ocrx_word' id='word_1_43' title='bbox 1369 740 1551 793; x_wconf 85' lang='grc' dir='ltr'>οὐκέτι</span> <span class='ocrx_word' id='word_1_44' title='bbox 1583 738 1753 801; x_wconf 85' lang='grc' dir='ltr'>αίτιος</span> 
     </span>
    </p>
   </div>
   <div class='ocr_carea' id='block_1_6' title="bbox 212 820 1756 893">
    <p class='ocr_par' dir='ltr' id='par_1_6' title="bbox 212 820 1756 893">
     <span class='ocr_line' id='line_1_6' title="bbox 212 820 1756 893; baseline -0.003 -16"><span class='ocrx_word' id='word_1_45' title='bbox 212 824 334 893; x_wconf 77' lang='grc' dir='ltr'>αὐτῷ</span> <span class='ocrx_word' id='word_1_46' title='bbox 367 821 460 891; x_wconf 67' lang='grc' dir='ltr'>τῆς</span> <span class='ocrx_word' id='word_1_47' title='bbox 484 822 640 890; x_wconf 88' lang='grc' dir='ltr'>νίκης</span> <span class='ocrx_word' id='word_1_48' title='bbox 672 822 921 889; x_wconf 76' lang='grc' dir='ltr'>γέγονας.</span> <span class='ocrx_word' id='word_1_49' title='bbox 952 824 1063 875; x_wconf 80' lang='grc' dir='ltr'>Καὶ</span> <span class='ocrx_word' id='word_1_50' title='bbox 1086 824 1188 893; x_wconf 82' lang='grc' dir='ltr'>ὅρα</span> <span class='ocrx_word' id='word_1_51' title='bbox 1215 824 1315 892; x_wconf 79' lang='grc' dir='ltr'>τὴν</span> <span class='ocrx_word' id='word_1_52' title='bbox 1339 822 1626 876; x_wconf 88' lang='grc' dir='ltr'>εὐλάϐειαν</span> <span class='ocrx_word' id='word_1_53' title='bbox 1659 820 1756 891; x_wconf 83' lang='grc' dir='ltr'>τὴν</span> 
     </span>
    </p>
   </div>
   <div class='ocr_carea' id='block_1_7' title="bbox 212 904 1755 974">
    <p class='ocr_par' dir='ltr' id='par_1_7' title="bbox 212 904 1755 974">
     <span class='ocr_line' id='line_1_7' title="bbox 212 904 1755 974; baseline -0.001 -16"><span class='ocrx_word' id='word_1_54' title='bbox 212 904 553 974; x_wconf 80' lang='grc' dir='ltr'>ἀποστολικήν.</span> <span class='ocrx_word' id='word_1_55' title='bbox 596 904 781 957; x_wconf 82' lang='grc' dir='ltr'>Εἰπὼν</span> <span class='ocrx_word' id='word_1_56' title='bbox 812 905 942 972; x_wconf 83' lang='lat'><strong>7&amp;9,</strong></span> <span class='ocrx_word' id='word_1_57' title='bbox 974 905 1071 973; x_wconf 79' lang='grc' dir='ltr'>Μὴ</span> <span class='ocrx_word' id='word_1_58' title='bbox 1104 906 1311 972; x_wconf 74' lang='grc' dir='ltr'>ἄδικος</span> <span class='ocrx_word' id='word_1_59' title='bbox 1336 909 1369 959; x_wconf 84' lang='grc' dir='ltr'>ὀ</span> <span class='ocrx_word' id='word_1_60' title='bbox 1394 906 1538 971; x_wconf 83' lang='grc' dir='ltr'>Θεὸς</span> <span class='ocrx_word' id='word_1_61' title='bbox 1565 908 1596 958; x_wconf 83' lang='grc' dir='ltr'>ὀ</span> <span class='ocrx_word' id='word_1_62' title='bbox 1630 905 1755 957; x_wconf 81' lang='grc' dir='ltr'>ἐπι-</span> 
     </span>
    </p>
   </div>
   <div class='ocr_carea' id='block_1_8' title="bbox 212 985 1756 1056">
    <p class='ocr_par' dir='ltr' id='par_1_8' title="bbox 212 985 1756 1056">
     <span class='ocr_line' id='line_1_8' title="bbox 212 985 1756 1056; baseline -0.001 -16"><span class='ocrx_word' id='word_1_63' title='bbox 212 987 372 1056; x_wconf 63' lang='grc' dir='ltr'>φέρων</span> <span class='ocrx_word' id='word_1_64' title='bbox 400 985 513 1051; x_wconf 78' lang='grc' dir='ltr'>τὴν</span> <span class='ocrx_word' id='word_1_65' title='bbox 544 985 733 1054; x_wconf 76' lang='grc' dir='ltr'>ὀργήν</span> <span class='ocrx_word' id='word_1_66' title='bbox 750 1002 769 1049; x_wconf 84' lang='grc'><em>;</em></span> <span class='ocrx_word' id='word_1_67' title='bbox 818 987 1091 1056; x_wconf 84' lang='grc' dir='ltr'>ἐπήγαγε,</span> <span class='ocrx_word' id='word_1_68' title='bbox 1128 988 1286 1040; x_wconf 83' lang='grc' dir='ltr'><em>Κατὰ</em></span> <span class='ocrx_word' id='word_1_69' title='bbox 1313 986 1629 1054; x_wconf 79' lang='grc' dir='ltr'>ἄνθρωπον</span> <span class='ocrx_word' id='word_1_70' title='bbox 1658 985 1756 1039; x_wconf 77' lang='grc' dir='ltr'>λέ-</span> 
     </span>
    </p>
   </div>
   <div class='ocr_carea' id='block_1_9' title="bbox 212 1070 1753 1142">
    <p class='ocr_par' dir='ltr' id='par_1_9' title="bbox 212 1070 1753 1142">
     <span class='ocr_line' id='line_1_9' title="bbox 212 1070 1753 1142; baseline 0.001 -21"><span class='ocrx_word' id='word_1_71' title='bbox 212 1090 291 1139; x_wconf 75' lang='grc' dir='ltr'>τω.</span> <span class='ocrx_word' id='word_1_72' title='bbox 326 1070 401 1131; x_wconf 83' lang='grc' dir='ltr'>Ὧς</span> <span class='ocrx_word' id='word_1_73' title='bbox 425 1071 492 1122; x_wconf 79' lang='grc' dir='ltr'>ἄν</span> <span class='ocrx_word' id='word_1_74' title='bbox 525 1086 629 1133; x_wconf 86' lang='grc' dir='ltr'>τις,</span> <span class='ocrx_word' id='word_1_75' title='bbox 667 1070 820 1138; x_wconf 73' lang='grc' dir='ltr'>φησὶ,</span> <span class='ocrx_word' id='word_1_76' title='bbox 854 1070 997 1123; x_wconf 81' lang='grc' dir='ltr'>κατὰ</span> <span class='ocrx_word' id='word_1_77' title='bbox 1056 1070 1394 1142; x_wconf 82' lang='grc' dir='ltr'>ἀνθρώπινον</span> <span class='ocrx_word' id='word_1_78' title='bbox 1451 1070 1753 1141; x_wconf 79' lang='grc' dir='ltr'>διαλεχθείη</span> 
     </span>
    </p>
   </div>
   <div class='ocr_carea' id='block_1_10' title="bbox 211 1148 1753 1223">
    <p class='ocr_par' dir='ltr' id='par_1_10' title="bbox 211 1148 1753 1223">
     <span class='ocr_line' id='line_1_10' title="bbox 211 1148 1753 1223; baseline 0.001 -22"><span class='ocrx_word' id='word_1_79' title='bbox 211 1151 450 1220; x_wconf 77' lang='grc' dir='ltr'>)ογιτμόν·</span> <span class='ocrx_word' id='word_1_80' title='bbox 493 1150 628 1202; x_wconf 85' lang='grc' dir='ltr'>πολύ</span> <span class='ocrx_word' id='word_1_81' title='bbox 658 1152 767 1222; x_wconf 75' lang='grc' dir='ltr'>γάρ</span> <span class='ocrx_word' id='word_1_82' title='bbox 792 1153 885 1204; x_wconf 70' lang='grc' dir='ltr'>καὶ</span> <span class='ocrx_word' id='word_1_83' title='bbox 913 1153 981 1204; x_wconf 84' lang='grc' dir='ltr'>τά</span> <span class='ocrx_word' id='word_1_84' title='bbox 1010 1154 1140 1223; x_wconf 82' lang='grc' dir='ltr'>παρ’</span> <span class='ocrx_word' id='word_1_85' title='bbox 1170 1156 1303 1223; x_wconf 77' lang='grc' dir='ltr'>ἡμῖν</span> <span class='ocrx_word' id='word_1_86' title='bbox 1326 1152 1584 1206; x_wconf 85' lang='grc' dir='ltr'>δοκοῦντα</span> <span class='ocrx_word' id='word_1_87' title='bbox 1616 1148 1753 1206; x_wconf 76' lang='grc' dir='ltr'>εἶναι</span> 
     </span>
    </p>
   </div>
   <div class='ocr_carea' id='block_1_11' title="bbox 209 1233 1755 1307">
    <p class='ocr_par' dir='ltr' id='par_1_11' title="bbox 209 1233 1755 1307">
     <span class='ocr_line' id='line_1_11' title="bbox 209 1233 1755 1307; baseline 0.001 -22"><span class='ocrx_word' id='word_1_88' title='bbox 209 1234 359 1285; x_wconf 67' lang='grc' dir='ltr'>δικαία</span> <span class='ocrx_word' id='word_1_89' title='bbox 382 1233 700 1304; x_wconf 83' lang='grc' dir='ltr'>ὑπερϐαίνει</span> <span class='ocrx_word' id='word_1_90' title='bbox 731 1233 824 1286; x_wconf 88' lang='grc' dir='ltr'>τοῦ</span> <span class='ocrx_word' id='word_1_91' title='bbox 858 1234 993 1286; x_wconf 84' lang='grc' dir='ltr'>Θεοῦ</span> <span class='ocrx_word' id='word_1_92' title='bbox 1022 1237 1053 1304; x_wconf 85' lang='grc' dir='ltr'>ἡ</span> <span class='ocrx_word' id='word_1_93' title='bbox 1094 1235 1477 1307; x_wconf 89' lang='grc' dir='ltr'>δικαιοκρισία,</span> <span class='ocrx_word' id='word_1_94' title='bbox 1513 1236 1604 1289; x_wconf 75' lang='grc' dir='ltr'>καὶ</span> <span class='ocrx_word' id='word_1_95' title='bbox 1642 1235 1755 1306; x_wconf 77' lang='grc' dir='ltr'>ἔχει</span> 
     </span>
    </p>
   </div>
   <div class='ocr_carea' id='block_1_12' title="bbox 209 1315 1754 1389">
    <p class='ocr_par' dir='ltr' id='par_1_12' title="bbox 209 1315 1754 1389">
     <span class='ocr_line' id='line_1_12' title="bbox 209 1315 1754 1389; baseline 0.002 -23"><span class='ocrx_word' id='word_1_96' title='bbox 209 1318 329 1376; x_wconf 68' lang='grc' dir='ltr'>τινὰς</span> <span class='ocrx_word' id='word_1_97' title='bbox 377 1316 471 1367; x_wconf 77' lang='grc' dir='ltr'>καὶ</span> <span class='ocrx_word' id='word_1_98' title='bbox 526 1315 748 1383; x_wconf 84' lang='grc' dir='ltr'>ἐτέρους</span> <span class='ocrx_word' id='word_1_99' title='bbox 777 1317 1123 1387; x_wconf 68' lang='grc' dir='ltr'>ἀπορρήτους</span> <span class='ocrx_word' id='word_1_100' title='bbox 1152 1318 1363 1386; x_wconf 85' lang='grc' dir='ltr'>λόγους.</span> <span class='ocrx_word' id='word_1_101' title='bbox 1399 1315 1529 1371; x_wconf 79' lang='grc' dir='ltr'>Εἶτα</span> <span class='ocrx_word' id='word_1_102' title='bbox 1568 1317 1754 1389; x_wconf 82' lang='grc' dir='ltr'>ἐπειδὴ</span> 
     </span>
    </p>
   </div>
   <div class='ocr_carea' id='block_1_13' title="bbox 210 1393 1751 1469">
    <p class='ocr_par' dir='ltr' id='par_1_13' title="bbox 210 1393 1751 1469">
     <span class='ocr_line' id='line_1_13' title="bbox 210 1393 1751 1469; baseline 0.003 -19"><span class='ocrx_word' id='word_1_103' title='bbox 210 1398 381 1464; x_wconf 76' lang='grc' dir='ltr'>ἀταφές</span> <span class='ocrx_word' id='word_1_104' title='bbox 430 1393 523 1467; x_wconf 79' lang='grc' dir='ltr'>ἦν,</span> <span class='ocrx_word' id='word_1_105' title='bbox 581 1399 675 1449; x_wconf 75' lang='grc' dir='ltr'>καὶ</span> <span class='ocrx_word' id='word_1_106' title='bbox 706 1400 769 1450; x_wconf 88' lang='grc' dir='ltr'>ἐκ</span> <span class='ocrx_word' id='word_1_107' title='bbox 798 1397 1052 1469; x_wconf 85' lang='grc' dir='ltr'>δευτέρου</span> <span class='ocrx_word' id='word_1_108' title='bbox 1081 1399 1143 1451; x_wconf 86' lang='grc' dir='ltr'>τὸ</span> <span class='ocrx_word' id='word_1_109' title='bbox 1171 1400 1303 1453; x_wconf 86' lang='grc' dir='ltr'>αὐτὸ</span> <span class='ocrx_word' id='word_1_110' title='bbox 1346 1400 1496 1467; x_wconf 88' lang='grc' dir='ltr'>λέγει</span> <span class='ocrx_word' id='word_1_111' title='bbox 1556 1400 1717 1454; x_wconf 88' lang='grc' dir='ltr'>πάλιν</span> <span class='ocrx_word' id='word_1_112' title='bbox 1737 1415 1751 1431; x_wconf 78' lang='grc'><strong>⁸</strong></span> 
     </span>
    </p>
   </div>
   <div class='ocr_carea' id='block_1_14' title="bbox 213 1478 1755 1551">
    <p class='ocr_par' dir='ltr' id='par_1_14' title="bbox 213 1478 1755 1551">
     <span class='ocr_line' id='line_1_14' title="bbox 213 1478 1755 1551; baseline 0.001 -17"><span class='ocrx_word' id='word_1_113' title='bbox 213 1484 267 1534; x_wconf 83' lang='grc' dir='ltr'>Εἰ</span> <span class='ocrx_word' id='word_1_114' title='bbox 301 1482 395 1548; x_wconf 75' lang='grc' dir='ltr'>γὰρ</span> <span class='ocrx_word' id='word_1_115' title='bbox 425 1482 466 1547; x_wconf 72' lang='grc' dir='ltr'><strong><em>ἡ</em></strong></span> <span class='ocrx_word' id='word_1_116' title='bbox 509 1478 760 1545; x_wconf 73' lang='grc' dir='ltr'>ἀλήθεια</span> <span class='ocrx_word' id='word_1_117' title='bbox 802 1481 909 1534; x_wconf 82' lang='grc' dir='ltr'>τοῦ</span> <span class='ocrx_word' id='word_1_118' title='bbox 966 1483 1113 1535; x_wconf 82' lang='grc' dir='ltr'>Θεοῦ</span> <span class='ocrx_word' id='word_1_119' title='bbox 1146 1484 1215 1536; x_wconf 82' lang='grc' dir='ltr'>ἐν</span> <span class='ocrx_word' id='word_1_120' title='bbox 1259 1482 1339 1548; x_wconf 86' lang='grc' dir='ltr'>τῷ</span> <span class='ocrx_word' id='word_1_121' title='bbox 1378 1483 1497 1551; x_wconf 83' lang='grc' dir='ltr'>ἐμῷ</span> <span class='ocrx_word' id='word_1_122' title='bbox 1545 1483 1755 1551; x_wconf 71' lang='grc' dir='ltr'>ψεύδει</span> 
     </span>
    </p>
   </div>
   <div class='ocr_carea' id='block_1_15' title="bbox 206 1562 1755 1634">
    <p class='ocr_par' dir='ltr' id='par_1_15' title="bbox 206 1562 1755 1634">
     <span class='ocr_line' id='line_1_15' title="bbox 206 1562 1755 1634; baseline 0.003 -20"><span class='ocrx_word' id='word_1_123' title='bbox 206 1564 617 1629; x_wconf 74' lang='grc' dir='ltr'>ἐπερίσσευσεν</span> <span class='ocrx_word' id='word_1_124' title='bbox 645 1565 732 1628; x_wconf 84' lang='grc' dir='ltr'>είς</span> <span class='ocrx_word' id='word_1_125' title='bbox 778 1562 892 1629; x_wconf 81' lang='grc' dir='ltr'>τὴν</span> <span class='ocrx_word' id='word_1_126' title='bbox 919 1563 1109 1629; x_wconf 83' lang='grc' dir='ltr'>δόξαν</span> <span class='ocrx_word' id='word_1_127' title='bbox 1146 1566 1355 1628; x_wconf 83' lang='grc' dir='ltr'>αὑτοῦ,</span> <span class='ocrx_word' id='word_1_128' title='bbox 1390 1567 1447 1619; x_wconf 84' lang='grc' dir='ltr'>τί</span> <span class='ocrx_word' id='word_1_129' title='bbox 1477 1566 1565 1619; x_wconf 84' lang='grc' dir='ltr'>ἐτι</span> <span class='ocrx_word' id='word_1_130' title='bbox 1593 1565 1755 1634; x_wconf 62' lang='grc' dir='ltr'>κάγὼ</span> 
     </span>
    </p>
   </div>
   <div class='ocr_carea' id='block_1_16' title="bbox 207 1645 1755 1718">
    <p class='ocr_par' dir='ltr' id='par_1_16' title="bbox 207 1645 1755 1718">
     <span class='ocr_line' id='line_1_16' title="bbox 207 1645 1755 1718; baseline 0.004 -22"><span class='ocrx_word' id='word_1_131' title='bbox 207 1646 272 1709; x_wconf 86' lang='grc' dir='ltr'>ὠς</span> <span class='ocrx_word' id='word_1_132' title='bbox 296 1645 632 1713; x_wconf 76' lang='grc' dir='ltr'>ἁμαρτωλὸς</span> <span class='ocrx_word' id='word_1_133' title='bbox 666 1646 972 1714; x_wconf 79' lang='grc' dir='ltr'>κρίνομαι;</span> <span class='ocrx_word' id='word_1_134' title='bbox 998 1648 1058 1699; x_wconf 83' lang='grc' dir='ltr'>Εἰ</span> <span class='ocrx_word' id='word_1_135' title='bbox 1090 1647 1197 1717; x_wconf 93' lang='lat'>7&amp;9</span> <span class='ocrx_word' id='word_1_136' title='bbox 1223 1649 1251 1701; x_wconf 98' lang='lat'>6</span> <span class='ocrx_word' id='word_1_137' title='bbox 1276 1648 1426 1713; x_wconf 85' lang='grc' dir='ltr'>Θεὸς,</span> <span class='ocrx_word' id='word_1_138' title='bbox 1450 1650 1602 1718; x_wconf 76' lang='grc' dir='ltr'>φησὶ,</span> <span class='ocrx_word' id='word_1_139' title='bbox 1633 1648 1755 1717; x_wconf 86' lang='grc' dir='ltr'>φιλ-</span> 
     </span>
    </p>
   </div>
   <div class='ocr_carea' id='block_1_17' title="bbox 208 1726 1752 1799">
    <p class='ocr_par' dir='ltr' id='par_1_17' title="bbox 208 1726 1752 1799">
     <span class='ocr_line' id='line_1_17' title="bbox 208 1726 1752 1799; baseline 0.004 -21"><span class='ocrx_word' id='word_1_140' title='bbox 208 1726 455 1795; x_wconf 74' lang='grc' dir='ltr'>ἅνθρωπος</span> <span class='ocrx_word' id='word_1_141' title='bbox 506 1727 598 1778; x_wconf 73' lang='grc' dir='ltr'>καὶ</span> <span class='ocrx_word' id='word_1_142' title='bbox 640 1726 844 1790; x_wconf 85' lang='grc' dir='ltr'>δίκαιος</span> <span class='ocrx_word' id='word_1_143' title='bbox 889 1730 1058 1799; x_wconf 80' lang='grc' dir='ltr'>ἐφάνη</span> <span class='ocrx_word' id='word_1_144' title='bbox 1096 1730 1189 1782; x_wconf 75' lang='grc' dir='ltr'>καὶ</span> <span class='ocrx_word' id='word_1_145' title='bbox 1222 1730 1445 1799; x_wconf 76' lang='grc' dir='ltr'>ἀγαθὸς,</span> <span class='ocrx_word' id='word_1_146' title='bbox 1480 1731 1538 1797; x_wconf 80' lang='grc' dir='ltr'>ἐξ</span> <span class='ocrx_word' id='word_1_147' title='bbox 1579 1726 1654 1784; x_wconf 83' lang='grc' dir='ltr'>ὧν</span> <span class='ocrx_word' id='word_1_148' title='bbox 1689 1732 1752 1784; x_wconf 85' lang='grc' dir='ltr'>σὺ</span> 
     </span>
    </p>
   </div>
   <div class='ocr_carea' id='block_1_18' title="bbox 208 1808 1753 1879">
    <p class='ocr_par' dir='ltr' id='par_1_18' title="bbox 208 1808 1753 1879">
     <span class='ocr_line' id='line_1_18' title="bbox 208 1808 1753 1879; baseline 0.005 -19"><span class='ocrx_word' id='word_1_149' title='bbox 208 1811 550 1878; x_wconf 74' lang='grc' dir='ltr'>παρήκουσας,</span> <span class='ocrx_word' id='word_1_150' title='bbox 585 1808 647 1861; x_wconf 87' lang='grc' dir='ltr'>οὐ</span> <span class='ocrx_word' id='word_1_151' title='bbox 674 1810 834 1879; x_wconf 87' lang='grc' dir='ltr'>μόνον</span> <span class='ocrx_word' id='word_1_152' title='bbox 862 1812 961 1863; x_wconf 85' lang='grc' dir='ltr'>οὐκ</span> <span class='ocrx_word' id='word_1_153' title='bbox 982 1811 1219 1879; x_wconf 76' lang='grc' dir='ltr'>ὀφείλεις</span> <span class='ocrx_word' id='word_1_154' title='bbox 1249 1810 1596 1877; x_wconf 75' lang='grc' dir='ltr'>κολάζεσθαι,</span> <span class='ocrx_word' id='word_1_155' title='bbox 1618 1813 1753 1867; x_wconf 87' lang='grc' dir='ltr'>ἀλλά</span> 
     </span>
    </p>
   </div>
   <div class='ocr_carea' id='block_1_19' title="bbox 207 1892 1750 1966">
    <p class='ocr_par' dir='ltr' id='par_1_19' title="bbox 207 1892 1750 1966">
     <span class='ocr_line' id='line_1_19' title="bbox 207 1892 1750 1966; baseline 0.003 -22"><span class='ocrx_word' id='word_1_156' title='bbox 207 1892 283 1944; x_wconf 75' lang='grc' dir='ltr'>καὶ</span> <span class='ocrx_word' id='word_1_157' title='bbox 304 1893 721 1963; x_wconf 79' lang='grc' dir='ltr'>εὐεργετεῖοθαι.</span> <span class='ocrx_word' id='word_1_158' title='bbox 774 1894 836 1946; x_wconf 70' lang='lat' dir='ltr'>Et</span> <span class='ocrx_word' id='word_1_159' title='bbox 865 1894 921 1947; x_wconf 86' lang='grc' dir='ltr'>δὲ</span> <span class='ocrx_word' id='word_1_160' title='bbox 948 1895 1123 1957; x_wconf 88' lang='grc' dir='ltr'>τοῦτο,</span> <span class='ocrx_word' id='word_1_161' title='bbox 1156 1896 1509 1966; x_wconf 81' lang='grc' dir='ltr'>εὑρεθήσεται</span> <span class='ocrx_word' id='word_1_162' title='bbox 1534 1896 1595 1950; x_wconf 73' lang='grc' dir='ltr'>τὸ</span> <span class='ocrx_word' id='word_1_163' title='bbox 1625 1897 1750 1949; x_wconf 84' lang='grc' dir='ltr'>ἀτο-</span> 
     </span>
    </p>
   </div>
   <div class='ocr_carea' id='block_1_20' title="bbox 205 1966 1753 2049">
    <p class='ocr_par' dir='ltr' id='par_1_20' title="bbox 205 1966 1753 2049">
     <span class='ocr_line' id='line_1_20' title="bbox 205 1966 1753 2049; baseline 0.004 -22"><span class='ocrx_word' id='word_1_164' title='bbox 205 1991 285 2027; x_wconf 86' lang='grc' dir='ltr'>πον</span> <span class='ocrx_word' id='word_1_165' title='bbox 310 1977 502 2037; x_wconf 83' lang='grc' dir='ltr'>ἐκεῖνο,</span> <span class='ocrx_word' id='word_1_166' title='bbox 534 1976 628 2028; x_wconf 76' lang='grc' dir='ltr'>καὶ</span> <span class='ocrx_word' id='word_1_167' title='bbox 662 1976 815 2046; x_wconf 83' lang='grc' dir='ltr'>παρὰ</span> <span class='ocrx_word' id='word_1_168' title='bbox 850 1977 1061 2029; x_wconf 82' lang='grc' dir='ltr'>πολλῶν</span> <span class='ocrx_word' id='word_1_169' title='bbox 1101 1980 1551 2049; x_wconf 79' lang='grc' dir='ltr'>περιφερόμενον,</span> <span class='ocrx_word' id='word_1_170' title='bbox 1582 1979 1643 2032; x_wconf 87' lang='grc' dir='ltr'>τὸ</span> <span class='ocrx_word' id='word_1_171' title='bbox 1688 1966 1753 2033; x_wconf 73' lang='grc' dir='ltr'>ἐκ</span> 
     </span>
    </p>
   </div>
   <div class='ocr_carea' id='block_1_21' title="bbox 203 2054 1755 2125">
    <p class='ocr_par' dir='ltr' id='par_1_21' title="bbox 203 2054 1755 2125">
     <span class='ocr_line' id='line_1_21' title="bbox 203 2054 1755 2125; baseline 0.005 -17"><span class='ocrx_word' id='word_1_172' title='bbox 203 2056 290 2108; x_wconf 76' lang='grc' dir='ltr'>τῶν</span> <span class='ocrx_word' id='word_1_173' title='bbox 316 2058 495 2111; x_wconf 86' lang='grc' dir='ltr'>κακῶν</span> <span class='ocrx_word' id='word_1_174' title='bbox 523 2054 661 2111; x_wconf 77' lang='grc' dir='ltr'>εἶναι</span> <span class='ocrx_word' id='word_1_175' title='bbox 711 2061 776 2112; x_wconf 82' lang='grc' dir='ltr'>τά</span> <span class='ocrx_word' id='word_1_176' title='bbox 806 2060 964 2125; x_wconf 87' lang='grc' dir='ltr'>καλά,</span> <span class='ocrx_word' id='word_1_177' title='bbox 1006 2063 1098 2113; x_wconf 68' lang='grc' dir='ltr'>καὶ</span> <span class='ocrx_word' id='word_1_178' title='bbox 1139 2061 1288 2113; x_wconf 80' lang='grc' dir='ltr'>αἴτια</span> <span class='ocrx_word' id='word_1_179' title='bbox 1337 2062 1445 2114; x_wconf 89' lang='grc' dir='ltr'>τῶν</span> <span class='ocrx_word' id='word_1_180' title='bbox 1478 2061 1656 2114; x_wconf 90' lang='grc' dir='ltr'>καλῶν</span> <span class='ocrx_word' id='word_1_181' title='bbox 1686 2061 1755 2115; x_wconf 85' lang='grc' dir='ltr'>τὰ</span> 
     </span>
    </p>
   </div>
   <div class='ocr_carea' id='block_1_22' title="bbox 202 2141 1755 2215">
    <p class='ocr_par' dir='ltr' id='par_1_22' title="bbox 202 2141 1755 2215">
     <span class='ocr_line' id='line_1_22' title="bbox 202 2141 1755 2215; baseline 0.003 -23"><span class='ocrx_word' id='word_1_182' title='bbox 202 2142 353 2193; x_wconf 83' lang='grc' dir='ltr'>κακά·</span> <span class='ocrx_word' id='word_1_183' title='bbox 408 2141 508 2193; x_wconf 72' lang='grc' dir='ltr'>καὶ</span> <span class='ocrx_word' id='word_1_184' title='bbox 548 2141 763 2212; x_wconf 82' lang='grc' dir='ltr'>ἀνάγκη</span> <span class='ocrx_word' id='word_1_185' title='bbox 819 2144 875 2196; x_wconf 81' lang='grc' dir='ltr'>δὲ</span> <span class='ocrx_word' id='word_1_186' title='bbox 917 2143 1060 2196; x_wconf 81' lang='grc' dir='ltr'>δυοῖν</span> <span class='ocrx_word' id='word_1_187' title='bbox 1116 2143 1341 2214; x_wconf 87' lang='grc' dir='ltr'>θάτερον</span> <span class='ocrx_word' id='word_1_188' title='bbox 1367 2183 1381 2206; x_wconf 90' lang='grc'>,</span> <span class='ocrx_word' id='word_1_189' title='bbox 1421 2144 1454 2215; x_wconf 83' lang='grc' dir='ltr'>ἢ</span> <span class='ocrx_word' id='word_1_190' title='bbox 1502 2144 1755 2208; x_wconf 81' lang='grc' dir='ltr'>κολάζον-</span> 
     </span>
    </p>
   </div>
   <div class='ocr_carea' id='block_1_23' title="bbox 200 2222 1753 2297">
    <p class='ocr_par' dir='ltr' id='par_1_23' title="bbox 200 2222 1753 2297">
     <span class='ocr_line' id='line_1_23' title="bbox 200 2222 1753 2297; baseline 0.004 -23"><span class='ocrx_word' id='word_1_191' title='bbox 200 2238 255 2274; x_wconf 87' lang='grc' dir='ltr'>τα</span> <span class='ocrx_word' id='word_1_192' title='bbox 294 2222 467 2275; x_wconf 77' lang='grc' dir='ltr'>ἄδικον</span> <span class='ocrx_word' id='word_1_193' title='bbox 519 2224 847 2290; x_wconf 85' lang='grc' dir='ltr'>φαίνεσθαι,</span> <span class='ocrx_word' id='word_1_194' title='bbox 897 2225 929 2295; x_wconf 78' lang='grc' dir='ltr'><strong>ἢ</strong></span> <span class='ocrx_word' id='word_1_195' title='bbox 989 2227 1064 2297; x_wconf 80' lang='grc' dir='ltr'>μὴ</span> <span class='ocrx_word' id='word_1_196' title='bbox 1120 2227 1414 2290; x_wconf 74' lang='grc' dir='ltr'>κολάζοντα</span> <span class='ocrx_word' id='word_1_197' title='bbox 1492 2227 1598 2280; x_wconf 82' lang='grc' dir='ltr'>ἀπὸ</span> <span class='ocrx_word' id='word_1_198' title='bbox 1645 2227 1753 2280; x_wconf 89' lang='grc' dir='ltr'>τῶν</span> 
     </span>
    </p>
   </div>
   <div class='ocr_carea' id='block_1_24' title="bbox 202 2305 1752 2380">
    <p class='ocr_par' dir='ltr' id='par_1_24' title="bbox 202 2305 1752 2380">
     <span class='ocr_line' id='line_1_24' title="bbox 202 2305 1752 2380; baseline 0.003 -24"><span class='ocrx_word' id='word_1_199' title='bbox 202 2305 452 2375; x_wconf 82' lang='grc' dir='ltr'>ήμετέρων</span> <span class='ocrx_word' id='word_1_200' title='bbox 482 2306 669 2357; x_wconf 80' lang='grc' dir='ltr'>κακῶν</span> <span class='ocrx_word' id='word_1_201' title='bbox 699 2306 844 2376; x_wconf 77' lang='grc' dir='ltr'>ἔχειν</span> <span class='ocrx_word' id='word_1_202' title='bbox 886 2309 955 2360; x_wconf 76' lang='grc' dir='ltr'>τὰ</span> <span class='ocrx_word' id='word_1_203' title='bbox 984 2310 1310 2379; x_wconf 81' lang='grc' dir='ltr'>νικητήρια⁸</span> <span class='ocrx_word' id='word_1_204' title='bbox 1376 2308 1520 2380; x_wconf 79' lang='grc' dir='ltr'>ἅπερ</span> <span class='ocrx_word' id='word_1_205' title='bbox 1572 2310 1752 2379; x_wconf 80' lang='grc' dir='ltr'>ἀμφό-</span> 
     </span>
    </p>
   </div>
   <div class='ocr_carea' id='block_1_25' title="bbox 200 2389 1754 2463">
    <p class='ocr_par' dir='ltr' id='par_1_25' title="bbox 200 2389 1754 2463">
     <span class='ocr_line' id='line_1_25' title="bbox 200 2389 1754 2463; baseline 0.004 -24"><span class='ocrx_word' id='word_1_206' title='bbox 200 2404 309 2456; x_wconf 84' lang='grc' dir='ltr'>τερα</span> <span class='ocrx_word' id='word_1_207' title='bbox 360 2389 477 2458; x_wconf 79' lang='grc' dir='ltr'>μεθ’</span> <span class='ocrx_word' id='word_1_208' title='bbox 529 2390 834 2460; x_wconf 73' lang='grc' dir='ltr'>ὑπερϐολῆς</span> <span class='ocrx_word' id='word_1_209' title='bbox 893 2392 1091 2445; x_wconf 84' lang='grc' dir='ltr'>ἄτοπα.</span> <span class='ocrx_word' id='word_1_210' title='bbox 1147 2393 1327 2463; x_wconf 82' lang='grc' dir='ltr'>Ὅπερ</span> <span class='ocrx_word' id='word_1_211' title='bbox 1380 2393 1597 2456; x_wconf 85' lang='grc' dir='ltr'>δεικνὺς</span> <span class='ocrx_word' id='word_1_212' title='bbox 1660 2393 1754 2445; x_wconf 79' lang='grc' dir='ltr'>καὶ</span> 
     </span>
    </p>
   </div>
   <div class='ocr_carea' id='block_1_26' title="bbox 202 2470 1753 2547">
    <p class='ocr_par' dir='ltr' id='par_1_26' title="bbox 202 2470 1753 2547">
     <span class='ocr_line' id='line_1_26' title="bbox 202 2470 1753 2547; baseline 0.005 -26"><span class='ocrx_word' id='word_1_213' title='bbox 202 2470 357 2533; x_wconf 81' lang='grc' dir='ltr'>αὐτὸς,</span> <span class='ocrx_word' id='word_1_214' title='bbox 394 2473 525 2534; x_wconf 74' lang='grc' dir='ltr'>τοὺς</span> <span class='ocrx_word' id='word_1_215' title='bbox 558 2476 802 2542; x_wconf 81' lang='grc' dir='ltr'>πατέρας</span> <span class='ocrx_word' id='word_1_216' title='bbox 823 2474 932 2528; x_wconf 89' lang='grc' dir='ltr'>τῶν</span> <span class='ocrx_word' id='word_1_217' title='bbox 962 2475 1219 2529; x_wconf 80' lang='grc' dir='ltr'>τοιούτων</span> <span class='ocrx_word' id='word_1_218' title='bbox 1278 2478 1616 2547; x_wconf 78' lang='grc' dir='ltr'>ἐπεισήγαγε</span> <span class='ocrx_word' id='word_1_219' title='bbox 1668 2477 1753 2529; x_wconf 89' lang='grc' dir='ltr'>δο-</span> 
     </span>
    </p>
   </div>
   <div class='ocr_carea' id='block_1_27' title="bbox 202 2554 1753 2631">
    <p class='ocr_par' dir='ltr' id='par_1_27' title="bbox 202 2554 1753 2631">
     <span class='ocr_line' id='line_1_27' title="bbox 202 2554 1753 2631; baseline 0.006 -28"><span class='ocrx_word' id='word_1_220' title='bbox 202 2554 395 2620; x_wconf 80' lang='grc' dir='ltr'>γμάτων</span> <span class='ocrx_word' id='word_1_221' title='bbox 423 2554 720 2624; x_wconf 83' lang='grc' dir='ltr'>Ἕλληνας,</span> <span class='ocrx_word' id='word_1_222' title='bbox 751 2557 943 2626; x_wconf 88' lang='grc' dir='ltr'>ἀρκεῖν</span> <span class='ocrx_word' id='word_1_223' title='bbox 977 2560 1279 2629; x_wconf 80' lang='grc' dir='ltr'>ἡγούμενος</span> <span class='ocrx_word' id='word_1_224' title='bbox 1307 2562 1387 2621; x_wconf 89' lang='grc' dir='ltr'>είς</span> <span class='ocrx_word' id='word_1_225' title='bbox 1418 2560 1753 2631; x_wconf 78' lang='grc' dir='ltr'>κατηγορίαν</span> 
     </span>
    </p>
   </div>
   <div class='ocr_carea' id='block_1_28' title="bbox 202 2634 1754 2715">
    <p class='ocr_par' dir='ltr' id='par_1_28' title="bbox 202 2634 1754 2715">
     <span class='ocr_line' id='line_1_28' title="bbox 202 2634 1754 2715; baseline 0.008 -30"><span class='ocrx_word' id='word_1_226' title='bbox 202 2634 289 2687; x_wconf 80' lang='grc' dir='ltr'>τῶν</span> <span class='ocrx_word' id='word_1_227' title='bbox 315 2637 635 2707; x_wconf 81' lang='grc' dir='ltr'>εἰρημένων,</span> <span class='ocrx_word' id='word_1_228' title='bbox 686 2639 784 2709; x_wconf 80' lang='grc' dir='ltr'>τὴν</span> <span class='ocrx_word' id='word_1_229' title='bbox 833 2642 1093 2708; x_wconf 89' lang='grc' dir='ltr'>ποιότητα</span> <span class='ocrx_word' id='word_1_230' title='bbox 1127 2642 1237 2695; x_wconf 90' lang='grc' dir='ltr'>τῶν</span> <span class='ocrx_word' id='word_1_231' title='bbox 1281 2645 1588 2715; x_wconf 76' lang='grc' dir='ltr'>προσώπων</span> <span class='ocrx_word' id='word_1_232' title='bbox 1644 2644 1754 2697; x_wconf 89' lang='grc' dir='ltr'>τῶν</span> 
     </span>
    </p>
   </div>
   <div class='ocr_carea' id='block_1_29' title="bbox 200 2715 1752 2795">
    <p class='ocr_par' dir='ltr' id='par_1_29' title="bbox 200 2715 1752 2795">
     <span class='ocr_line' id='line_1_29' title="bbox 200 2715 1752 2795; baseline 0.008 -28"><span class='ocrx_word' id='word_1_233' title='bbox 200 2715 345 2769; x_wconf 81' lang='grc' dir='ltr'>ταῦτα</span> <span class='ocrx_word' id='word_1_234' title='bbox 370 2718 653 2786; x_wconf 83' lang='grc' dir='ltr'>λεγόντων.</span> <span class='ocrx_word' id='word_1_235' title='bbox 680 2722 815 2774; x_wconf 84' lang='grc' dir='ltr'>Τότε</span> <span class='ocrx_word' id='word_1_236' title='bbox 836 2723 943 2794; x_wconf 82' lang='grc' dir='ltr'>γὰρ</span> <span class='ocrx_word' id='word_1_237' title='bbox 963 2725 1109 2793; x_wconf 81' lang='grc' dir='ltr'>ἡμᾶς</span> <span class='ocrx_word' id='word_1_238' title='bbox 1134 2725 1524 2795; x_wconf 81' lang='grc' dir='ltr'>κωμῳδοῦντες</span> <span class='ocrx_word' id='word_1_239' title='bbox 1549 2726 1752 2795; x_wconf 78' lang='grc' dir='ltr'>ἔλεγον,</span> 
     </span>
    </p>
   </div>
   <div class='ocr_carea' id='block_1_30' title="bbox 201 2800 1755 2876">
    <p class='ocr_par' dir='ltr' id='par_1_30' title="bbox 201 2800 1755 2876">
     <span class='ocr_line' id='line_1_30' title="bbox 201 2800 1755 2876; baseline 0.01 -28"><span class='ocrx_word' id='word_1_240' title='bbox 201 2800 266 2849; x_wconf 78' lang='grc' dir='ltr'>ὅτι</span> <span class='ocrx_word' id='word_1_241' title='bbox 294 2803 639 2871; x_wconf 77' lang='grc' dir='ltr'>Ποιήσωμεν</span> <span class='ocrx_word' id='word_1_242' title='bbox 662 2805 732 2857; x_wconf 84' lang='grc' dir='ltr'>τὰ</span> <span class='ocrx_word' id='word_1_243' title='bbox 748 2808 923 2867; x_wconf 82' lang='grc' dir='ltr'>κακὰ,</span> <span class='ocrx_word' id='word_1_244' title='bbox 953 2807 1053 2859; x_wconf 79' lang='grc' dir='ltr'>ἵνα</span> <span class='ocrx_word' id='word_1_245' title='bbox 1078 2808 1226 2876; x_wconf 75' lang='grc' dir='ltr'>ἔλθη</span> <span class='ocrx_word' id='word_1_246' title='bbox 1243 2809 1316 2860; x_wconf 88' lang='grc' dir='ltr'>τὰ</span> <span class='ocrx_word' id='word_1_247' title='bbox 1331 2808 1541 2874; x_wconf 77' lang='grc' dir='ltr'>ἀγαθά·</span> <span class='ocrx_word' id='word_1_248' title='bbox 1562 2809 1642 2862; x_wconf 83' lang='grc' dir='ltr'>διὸ</span> <span class='ocrx_word' id='word_1_249' title='bbox 1660 2810 1755 2863; x_wconf 74' lang='grc' dir='ltr'>καὶ</span> 
     </span>
    </p>
   </div>
   <div class='ocr_carea' id='block_1_31' title="bbox 200 2883 1756 2960">
    <p class='ocr_par' dir='ltr' id='par_1_31' title="bbox 200 2883 1756 2960">
     <span class='ocr_line' id='line_1_31' title="bbox 200 2883 1756 2960; baseline 0.007 -26"><span class='ocrx_word' id='word_1_250' title='bbox 200 2883 411 2937; x_wconf 75' lang='grc' dir='ltr'>τέθεικεν</span> <span class='ocrx_word' id='word_1_251' title='bbox 448 2886 587 2937; x_wconf 84' lang='grc' dir='ltr'>αὐτὸ</span> <span class='ocrx_word' id='word_1_252' title='bbox 642 2886 828 2955; x_wconf 82' lang='grc' dir='ltr'>σαφῶς</span> <span class='ocrx_word' id='word_1_253' title='bbox 867 2887 1009 2941; x_wconf 78' lang='grc' dir='ltr'>οὕτω</span> <span class='ocrx_word' id='word_1_254' title='bbox 1054 2889 1259 2957; x_wconf 89' lang='grc' dir='ltr'>λέγων·</span> <span class='ocrx_word' id='word_1_255' title='bbox 1315 2894 1385 2944; x_wconf 83' lang='lat' dir='ltr'>El</span> <span class='ocrx_word' id='word_1_256' title='bbox 1421 2891 1508 2960; x_wconf 82' lang='grc' dir='ltr'>μὴ</span> <span class='ocrx_word' id='word_1_257' title='bbox 1564 2892 1756 2958; x_wconf 83' lang='grc' dir='ltr'>καθὼς</span> 
     </span>
    </p>
   </div>
   <div class='ocr_carea' id='block_1_32' title="bbox 194 2964 1758 3044">
    <p class='ocr_par' dir='ltr' id='par_1_32' title="bbox 194 2964 1758 3044">
     <span class='ocr_line' id='line_1_32' title="bbox 194 2964 1758 3044; baseline 0.008 -27"><span class='ocrx_word' id='word_1_258' title='bbox 194 2964 712 3037; x_wconf 63' lang='grc' dir='ltr'>,8.ιασςςτυιούμεοα,</span> <span class='ocrx_word' id='word_1_259' title='bbox 766 2971 861 3023; x_wconf 75' lang='grc' dir='ltr'>καί</span> <span class='ocrx_word' id='word_1_260' title='bbox 897 2971 1087 3037; x_wconf 83' lang='grc' dir='ltr'>καθώς</span> <span class='ocrx_word' id='word_1_261' title='bbox 1112 2975 1266 3041; x_wconf 71' lang='grc' dir='ltr'>φασι</span> <span class='ocrx_word' id='word_1_262' title='bbox 1295 2990 1452 3041; x_wconf 75' lang='grc' dir='ltr'>τινες</span> <span class='ocrx_word' id='word_1_263' title='bbox 1478 2974 1634 3044; x_wconf 77' lang='grc' dir='ltr'>ἡμᾶς</span> <span class='ocrx_word' id='word_1_264' title='bbox 1660 2978 1758 3029; x_wconf 81' lang='grc' dir='ltr'>λέ-</span> 
     </span>
    </p>
   </div>
   <div class='ocr_carea' id='block_1_33' title="bbox 200 3046 1753 3127">
    <p class='ocr_par' dir='ltr' id='par_1_33' title="bbox 200 3046 1753 3127">
     <span class='ocr_line' id='line_1_33' title="bbox 200 3046 1753 3127; baseline 0.01 -29"><span class='ocrx_word' id='word_1_265' title='bbox 200 3065 324 3127; x_wconf 55' lang='grc' dir='ltr'>πςειν,</span> <span class='ocrx_word' id='word_1_266' title='bbox 343 3050 427 3104; x_wconf 83' lang='grc' dir='ltr'>ὅτι</span> <span class='ocrx_word' id='word_1_267' title='bbox 464 3051 820 3121; x_wconf 81' lang='grc' dir='ltr'>Ποιήσωμεν</span> <span class='ocrx_word' id='word_1_268' title='bbox 850 3055 919 3107; x_wconf 84' lang='grc' dir='ltr'>τὰ</span> <span class='ocrx_word' id='word_1_269' title='bbox 937 3056 1111 3115; x_wconf 75' lang='grc' dir='ltr'>κακὰ,</span> <span class='ocrx_word' id='word_1_270' title='bbox 1137 3057 1237 3111; x_wconf 77' lang='grc' dir='ltr'>ἵνα</span> <span class='ocrx_word' id='word_1_271' title='bbox 1265 3057 1411 3125; x_wconf 74' lang='grc' dir='ltr'>ἔλθῃ</span> <span class='ocrx_word' id='word_1_272' title='bbox 1442 3060 1513 3111; x_wconf 84' lang='grc' dir='ltr'>τὰ</span> <span class='ocrx_word' id='word_1_273' title='bbox 1528 3046 1717 3127; x_wconf 62' lang='grc' dir='ltr'>ἀγαθά</span> <span class='ocrx_word' id='word_1_274' title='bbox 1738 3075 1753 3090; x_wconf 89' lang='grc'><strong>·</strong></span> 
     </span>
    </p>
   </div>
   <div class='ocr_carea' id='block_1_34' title="bbox 198 3125 1757 3211">
    <p class='ocr_par' dir='ltr' id='par_1_34' title="bbox 198 3125 1757 3211">
     <span class='ocr_line' id='line_1_34' title="bbox 198 3125 1757 3211; baseline 0.009 -30"><span class='ocrx_word' id='word_1_275' title='bbox 198 3125 271 3181; x_wconf 78' lang='grc' dir='ltr'>ὧν</span> <span class='ocrx_word' id='word_1_276' title='bbox 297 3132 353 3184; x_wconf 76' lang='grc' dir='ltr'>τὸ</span> <span class='ocrx_word' id='word_1_277' title='bbox 383 3133 567 3201; x_wconf 81' lang='grc' dir='ltr'>κρῖμα</span> <span class='ocrx_word' id='word_1_278' title='bbox 590 3135 837 3189; x_wconf 72' lang='grc' dir='ltr'>ἔνδικόν</span> <span class='ocrx_word' id='word_1_279' title='bbox 859 3137 1049 3193; x_wconf 80' lang='grc' dir='ltr'>ἐστιν.</span> <span class='ocrx_word' id='word_1_280' title='bbox 1077 3137 1229 3209; x_wconf 72' lang='grc'>[480]</span> <span class='ocrx_word' id='word_1_281' title='bbox 1274 3138 1490 3211; x_wconf 81' lang='grc' dir='ltr'>Ἐπειδὴ</span> <span class='ocrx_word' id='word_1_282' title='bbox 1510 3125 1617 3211; x_wconf 83' lang='lat'>7&amp;9</span> <span class='ocrx_word' id='word_1_283' title='bbox 1637 3142 1757 3194; x_wconf 78' lang='grc' dir='ltr'>ἐλε-</span> 
     </span>
    </p>
   </div>
   <div class='ocr_carea' id='block_1_35' title="bbox 200 3217 1759 3296">
    <p class='ocr_par' dir='ltr' id='par_1_35' title="bbox 200 3217 1759 3296">
     <span class='ocr_line' id='line_1_35' title="bbox 200 3217 1759 3296; baseline 0.008 -30"><span class='ocrx_word' id='word_1_284' title='bbox 200 3228 281 3280; x_wconf 85' lang='grc' dir='ltr'>γεν</span> <span class='ocrx_word' id='word_1_285' title='bbox 299 3218 325 3268; x_wconf 98' lang='lat'>6</span> <span class='ocrx_word' id='word_1_286' title='bbox 355 3217 793 3280; x_wconf 81' lang='grc' dir='ltr'>Παῦλος,’¹οπου</span> <span class='ocrx_word' id='word_1_287' title='bbox 814 3220 1026 3273; x_wconf 56' lang='lat'>6.1.1861-</span> <span class='ocrx_word' id='word_1_288' title='bbox 1040 3236 1192 3273; x_wconf 81' lang='grc' dir='ltr'>ασεν</span> <span class='ocrx_word' id='word_1_289' title='bbox 1219 3223 1256 3289; x_wconf 74' lang='grc' dir='ltr'><em>ἠ</em></span> <span class='ocrx_word' id='word_1_290' title='bbox 1282 3223 1552 3291; x_wconf 78' lang='grc' dir='ltr'>ἁμαρτία,</span> <span class='ocrx_word' id='word_1_291' title='bbox 1577 3230 1759 3296; x_wconf 83' lang='grc' dir='ltr'>ὑπερ-</span> 
     </span>
    </p>
   </div>
   <div class='ocr_carea' id='block_1_36' title="bbox 196 3302 1758 3374">
    <p class='ocr_par' dir='ltr' id='par_1_36' title="bbox 196 3302 1758 3374">
     <span class='ocr_line' id='line_1_36' title="bbox 196 3302 1758 3374; baseline 0.007 -23"><span class='ocrx_word' id='word_1_292' title='bbox 196 3302 620 3367; x_wconf 74' lang='grc' dir='ltr'>επερίσσευσεν</span> <span class='ocrx_word' id='word_1_293' title='bbox 670 3305 708 3370; x_wconf 73' lang='grc' dir='ltr'><strong><em>ἠ</em></strong></span> <span class='ocrx_word' id='word_1_294' title='bbox 750 3303 941 3371; x_wconf 79' lang='grc' dir='ltr'>χάρις,</span> <span class='ocrx_word' id='word_1_295' title='bbox 1005 3305 1395 3374; x_wconf 77' lang='grc' dir='ltr'>κωμῳδοῦντες</span> <span class='ocrx_word' id='word_1_296' title='bbox 1452 3308 1611 3362; x_wconf 87' lang='grc' dir='ltr'>αὐτὸν</span> <span class='ocrx_word' id='word_1_297' title='bbox 1663 3310 1758 3363; x_wconf 80' lang='grc' dir='ltr'>καὶ</span> 
     </span>
    </p>
   </div>
   <div class='ocr_carea' id='block_1_37' title="bbox 199 3384 1754 3460">
    <p class='ocr_par' dir='ltr' id='par_1_37' title="bbox 199 3384 1754 3460">
     <span class='ocr_line' id='line_1_37' title="bbox 199 3384 1754 3460; baseline 0.007 -25"><span class='ocrx_word' id='word_1_298' title='bbox 199 3384 342 3455; x_wconf 71' lang='grc' dir='ltr'>ἑτέρα</span> <span class='ocrx_word' id='word_1_299' title='bbox 380 3385 582 3457; x_wconf 81' lang='grc' dir='ltr'>γνώμῃ</span> <span class='ocrx_word' id='word_1_300' title='bbox 630 3386 1045 3457; x_wconf 77' lang='grc' dir='ltr'>διαστρέφοντες</span> <span class='ocrx_word' id='word_1_301' title='bbox 1095 3388 1156 3439; x_wconf 86' lang='grc' dir='ltr'>τὸ</span> <span class='ocrx_word' id='word_1_302' title='bbox 1211 3390 1498 3460; x_wconf 76' lang='grc' dir='ltr'>εἰρημένον</span> <span class='ocrx_word' id='word_1_303' title='bbox 1547 3392 1754 3460; x_wconf 77' lang='grc' dir='ltr'>ἔλεγον,</span> 
     </span>
    </p>
   </div>
   <div class='ocr_carea' id='block_1_38' title="bbox 196 3467 1754 3541">
    <p class='ocr_par' dir='ltr' id='par_1_38' title="bbox 196 3467 1754 3541">
     <span class='ocr_line' id='line_1_38' title="bbox 196 3467 1754 3541; baseline 0.007 -23"><span class='ocrx_word' id='word_1_304' title='bbox 196 3467 266 3519; x_wconf 78' lang='grc' dir='ltr'>ὅτι</span> <span class='ocrx_word' id='word_1_305' title='bbox 287 3470 373 3521; x_wconf 81' lang='grc' dir='ltr'>Δεῖ</span> <span class='ocrx_word' id='word_1_306' title='bbox 404 3470 612 3530; x_wconf 80' lang='grc' dir='ltr'>κακίας</span> <span class='ocrx_word' id='word_1_307' title='bbox 668 3469 907 3539; x_wconf 76' lang='grc' dir='ltr'>ἔχεσθαι,</span> <span class='ocrx_word' id='word_1_308' title='bbox 942 3470 1028 3523; x_wconf 83' lang='grc' dir='ltr'>ἵνα</span> <span class='ocrx_word' id='word_1_309' title='bbox 1076 3470 1470 3540; x_wconf 81' lang='grc' dir='ltr'>ἀπολαύσωμεν</span> <span class='ocrx_word' id='word_1_310' title='bbox 1515 3474 1754 3541; x_wconf 85' lang='grc' dir='ltr'>ἀγαθῶν.</span> 
     </span>
    </p>
   </div>
   <div class='ocr_carea' id='block_1_39' title="bbox 205 3544 1757 3626">
    <p class='ocr_par' dir='ltr' id='par_1_39' title="bbox 205 3544 1757 3626">
     <span class='ocr_line' id='line_1_39' title="bbox 205 3544 1757 3626; baseline 0.006 -24"><span class='ocrx_word' id='word_1_311' title='bbox 205 3551 254 3602; x_wconf 82' lang='grc'>’0</span> <span class='ocrx_word' id='word_1_312' title='bbox 299 3552 351 3604; x_wconf 77' lang='grc' dir='ltr'>δὲ</span> <span class='ocrx_word' id='word_1_313' title='bbox 385 3552 608 3616; x_wconf 86' lang='grc' dir='ltr'>Παῦλος</span> <span class='ocrx_word' id='word_1_314' title='bbox 658 3554 755 3623; x_wconf 87' lang='grc' dir='ltr'>οὐχ</span> <span class='ocrx_word' id='word_1_315' title='bbox 783 3552 957 3615; x_wconf 74' lang='grc' dir='ltr'>οὔτως</span> <span class='ocrx_word' id='word_1_316' title='bbox 1004 3553 1156 3620; x_wconf 75' lang='grc' dir='ltr'>ἔλεγε</span> <span class='ocrx_word' id='word_1_317' title='bbox 1176 3567 1191 3582; x_wconf 84' lang='lat'><strong><em>°</em></strong></span> <span class='ocrx_word' id='word_1_318' title='bbox 1227 3544 1603 3626; x_wconf 69' lang='grc' dir='ltr'>διορθούμενος</span> <span class='ocrx_word' id='word_1_319' title='bbox 1627 3558 1757 3625; x_wconf 87' lang='grc' dir='ltr'>γοῦν</span> 
     </span>
    </p>
   </div>
   <div class='ocr_carea' id='block_1_40' title="bbox 197 3631 1759 3706">
    <p class='ocr_par' dir='ltr' id='par_1_40' title="bbox 197 3631 1759 3706">
     <span class='ocr_line' id='line_1_40' title="bbox 197 3631 1759 3706; baseline 0.008 -25"><span class='ocrx_word' id='word_1_320' title='bbox 197 3633 326 3696; x_wconf 65' lang='grc' dir='ltr'>αὐτὸ,</span> <span class='ocrx_word' id='word_1_321' title='bbox 355 3636 523 3706; x_wconf 85' lang='grc' dir='ltr'>φησί·</span> <span class='ocrx_word' id='word_1_322' title='bbox 560 3636 622 3688; x_wconf 79' lang='grc' dir='ltr'>Τί</span> <span class='ocrx_word' id='word_1_323' title='bbox 642 3631 787 3700; x_wconf 78' lang='grc' dir='ltr'>οὖν;</span> <span class='ocrx_word' id='word_1_324' title='bbox 810 3636 1215 3705; x_wconf 80' lang='grc' dir='ltr'>ἐπιμενοῦμεν</span> <span class='ocrx_word' id='word_1_325' title='bbox 1251 3635 1322 3704; x_wconf 79' lang='grc' dir='ltr'>τῇ</span> <span class='ocrx_word' id='word_1_326' title='bbox 1356 3638 1629 3706; x_wconf 80' lang='grc' dir='ltr'>ἁμαρτίᾳ,</span> <span class='ocrx_word' id='word_1_327' title='bbox 1659 3641 1759 3694; x_wconf 75' lang='grc' dir='ltr'>ἳνα</span> 
     </span>
    </p>
   </div>
   <div class='ocr_carea' id='block_1_41' title="bbox 194 3716 1758 3791">
    <p class='ocr_par' dir='ltr' id='par_1_41' title="bbox 194 3716 1758 3791">
     <span class='ocr_line' id='line_1_41' title="bbox 194 3716 1758 3791; baseline 0.004 -24"><span class='ocrx_word' id='word_1_328' title='bbox 194 3717 225 3781; x_wconf 76' lang='grc' dir='ltr'><strong><em>ἡ</em></strong></span> <span class='ocrx_word' id='word_1_329' title='bbox 258 3716 420 3785; x_wconf 82' lang='grc' dir='ltr'>χάρις</span> <span class='ocrx_word' id='word_1_330' title='bbox 451 3719 811 3786; x_wconf 57' lang='lat' dir='ltr'>alam-dan;</span> <span class='ocrx_word' id='word_1_331' title='bbox 860 3718 956 3786; x_wconf 79' lang='grc' dir='ltr'>Μὴ</span> <span class='ocrx_word' id='word_1_332' title='bbox 990 3718 1239 3788; x_wconf 75' lang='grc' dir='ltr'>γένοιτο.</span> <span class='ocrx_word' id='word_1_333' title='bbox 1305 3721 1472 3791; x_wconf 80' lang='grc' dir='ltr'>’Υπὲρ</span> <span class='ocrx_word' id='word_1_334' title='bbox 1516 3722 1623 3791; x_wconf 89' lang='lat'>7&amp;9</span> <span class='ocrx_word' id='word_1_335' title='bbox 1652 3723 1758 3774; x_wconf 89' lang='grc' dir='ltr'>τῶν</span> 
     </span>
    </p>
   </div>
   <div class='ocr_carea' id='block_1_42' title="bbox 198 3803 1759 3873">
    <p class='ocr_par' dir='ltr' id='par_1_42' title="bbox 198 3803 1759 3873">
     <span class='ocr_line' id='line_1_42' title="bbox 198 3803 1759 3873; baseline 0.004 -23"><span class='ocrx_word' id='word_1_336' title='bbox 198 3803 578 3871; x_wconf 72' lang='grc' dir='ltr'>παρελθόντων,</span> <span class='ocrx_word' id='word_1_337' title='bbox 610 3804 763 3873; x_wconf 71' lang='grc' dir='ltr'>φησὶ,</span> <span class='ocrx_word' id='word_1_338' title='bbox 800 3804 997 3873; x_wconf 79' lang='grc' dir='ltr'>εἴρηκα</span> <span class='ocrx_word' id='word_1_339' title='bbox 1028 3803 1255 3873; x_wconf 86' lang='grc' dir='ltr'>χρόνων,</span> <span class='ocrx_word' id='word_1_340' title='bbox 1282 3804 1381 3873; x_wconf 85' lang='grc' dir='ltr'>οὐχ</span> <span class='ocrx_word' id='word_1_341' title='bbox 1412 3805 1499 3857; x_wconf 85' lang='grc' dir='ltr'>ἴνα</span> <span class='ocrx_word' id='word_1_342' title='bbox 1530 3805 1759 3873; x_wconf 81' lang='grc' dir='ltr'>μελέτην</span> 
     </span>
    </p>
   </div>
   <div class='ocr_carea' id='block_1_43' title="bbox 195 3883 1758 3957">
    <p class='ocr_par' dir='ltr' id='par_1_43' title="bbox 195 3883 1758 3957">
     <span class='ocr_line' id='line_1_43' title="bbox 195 3883 1758 3957; baseline 0.004 -24"><span class='ocrx_word' id='word_1_343' title='bbox 195 3883 330 3936; x_wconf 83' lang='grc' dir='ltr'>τοῦτο</span> <span class='ocrx_word' id='word_1_344' title='bbox 364 3898 387 3924; x_wconf 71' lang='grc' dir='ltr'><strong>ο</strong></span> <span class='ocrx_word' id='word_1_345' title='bbox 440 3885 748 3955; x_wconf 82' lang='grc' dir='ltr'>ποιώμεθα.</span> <span class='ocrx_word' id='word_1_346' title='bbox 802 3887 1019 3957; x_wconf 79' lang='grc' dir='ltr'>Ταύτης</span> <span class='ocrx_word' id='word_1_347' title='bbox 1066 3885 1196 3953; x_wconf 89' lang='grc' dir='ltr'>γοῦν</span> <span class='ocrx_word' id='word_1_348' title='bbox 1222 3886 1453 3955; x_wconf 85' lang='grc' dir='ltr'>ἀπάγων</span> <span class='ocrx_word' id='word_1_349' title='bbox 1492 3887 1589 3955; x_wconf 82' lang='grc' dir='ltr'>τῆς</span> <span class='ocrx_word' id='word_1_350' title='bbox 1622 3888 1758 3940; x_wconf 88' lang='grc' dir='ltr'>ὐπο-</span> 
     </span>
    </p>
   </div>
   <div class='ocr_carea' id='block_1_44' title="bbox 195 3965 1762 4038">
    <p class='ocr_par' dir='ltr' id='par_1_44' title="bbox 195 3965 1762 4038">
     <span class='ocr_line' id='line_1_44' title="bbox 195 3965 1762 4038; baseline 0.006 -24"><span class='ocrx_word' id='word_1_351' title='bbox 195 3966 344 4029; x_wconf 71' lang='grc' dir='ltr'>νοίας,</span> <span class='ocrx_word' id='word_1_352' title='bbox 374 3968 585 4038; x_wconf 74' lang='grc' dir='ltr'>ἔφησεν</span> <span class='ocrx_word' id='word_1_353' title='bbox 638 3969 768 4021; x_wconf 82' lang='grc' dir='ltr'>αὐτὸ</span> <span class='ocrx_word' id='word_1_354' title='bbox 792 3970 884 4021; x_wconf 77' lang='grc' dir='ltr'>καὶ</span> <span class='ocrx_word' id='word_1_355' title='bbox 933 3968 1190 4022; x_wconf 85' lang='grc' dir='ltr'>ἀδύνατον</span> <span class='ocrx_word' id='word_1_356' title='bbox 1210 3965 1346 4023; x_wconf 86' lang='grc' dir='ltr'>εἶναι</span> <span class='ocrx_word' id='word_1_357' title='bbox 1377 3971 1580 4024; x_wconf 86' lang='grc' dir='ltr'>λοιπόν.</span> <span class='ocrx_word' id='word_1_358' title='bbox 1612 3972 1762 4023; x_wconf 82' lang='grc' dir='ltr'>Οἵτι-</span> 
     </span>
    </p>
   </div>
   <div class='ocr_carea' id='block_1_45' title="bbox 192 4050 1759 4121">
    <p class='ocr_par' dir='ltr' id='par_1_45' title="bbox 192 4050 1759 4121">
     <span class='ocr_line' id='line_1_45' title="bbox 192 4050 1759 4121; baseline 0.007 -24"><span class='ocrx_word' id='word_1_359' title='bbox 192 4063 281 4113; x_wconf 60' lang='lat' dir='ltr'>rec</span> <span class='ocrx_word' id='word_1_360' title='bbox 310 4051 438 4117; x_wconf 75' lang='grc' dir='ltr'>γὰρ,</span> <span class='ocrx_word' id='word_1_361' title='bbox 468 4052 658 4119; x_wconf 72' lang='grc' dir='ltr'>φησὶν,</span> <span class='ocrx_word' id='word_1_362' title='bbox 684 4051 1058 4120; x_wconf 74' lang='grc' dir='ltr'>ἀπεθάνομεν</span> <span class='ocrx_word' id='word_1_363' title='bbox 1089 4050 1162 4120; x_wconf 74' lang='grc' dir='ltr'>τῇ</span> <span class='ocrx_word' id='word_1_364' title='bbox 1193 4052 1467 4121; x_wconf 78' lang='grc' dir='ltr'>ἁμαρτίᾳ,</span> <span class='ocrx_word' id='word_1_365' title='bbox 1511 4052 1638 4119; x_wconf 79' lang='grc' dir='ltr'>πῶς</span> <span class='ocrx_word' id='word_1_366' title='bbox 1669 4054 1759 4108; x_wconf 78' lang='grc' dir='ltr'>ἔτι</span> 
     </span>
    </p>
   </div>
   <div class='ocr_carea' id='block_1_46' title="bbox 189 4128 752 4199">
    <p class='ocr_par' dir='ltr' id='par_1_46' title="bbox 189 4128 752 4199">
     <span class='ocr_line' id='line_1_46' title="bbox 189 4128 752 4199; baseline -0.004 -12"><span class='ocrx_word' id='word_1_367' title='bbox 189 4128 432 4199; x_wconf 74' lang='grc' dir='ltr'>ζήσομεν</span> <span class='ocrx_word' id='word_1_368' title='bbox 456 4134 529 4184; x_wconf 80' lang='grc' dir='ltr'>ἐν</span> <span class='ocrx_word' id='word_1_369' title='bbox 561 4132 752 4199; x_wconf 73' lang='grc' dir='ltr'>αὺτῆ;</span> 
     </span>
    </p>
   </div>
   <div class='ocr_carea' id='block_1_47' title="bbox 254 4212 1759 4290">
    <p class='ocr_par' dir='ltr' id='par_1_47' title="bbox 254 4212 1759 4290">
     <span class='ocr_line' id='line_1_47' title="bbox 254 4212 1759 4290; baseline 0.005 -24"><span class='ocrx_word' id='word_1_370' title='bbox 254 4217 334 4279; x_wconf 71' lang='grc' dir='ltr'>ς’.</span> <span class='ocrx_word' id='word_1_371' title='bbox 377 4217 505 4268; x_wconf 84' lang='grc' dir='ltr'>Τῶν</span> <span class='ocrx_word' id='word_1_372' title='bbox 532 4216 629 4285; x_wconf 81' lang='grc' dir='ltr'>μὲν</span> <span class='ocrx_word' id='word_1_373' title='bbox 655 4212 748 4269; x_wconf 81' lang='grc' dir='ltr'>οὖν</span> <span class='ocrx_word' id='word_1_374' title='bbox 778 4216 1044 4286; x_wconf 79' lang='grc' dir='ltr'>Ἐλλήνων</span> <span class='ocrx_word' id='word_1_375' title='bbox 1067 4219 1303 4283; x_wconf 86' lang='grc' dir='ltr'>εὐκόλως</span> <span class='ocrx_word' id='word_1_376' title='bbox 1330 4218 1669 4290; x_wconf 78' lang='grc' dir='ltr'>κατέδραμεν</span> <span class='ocrx_word' id='word_1_377' title='bbox 1687 4237 1703 4252; x_wconf 77' lang='grc' dir='ltr'><strong>ο</strong></span> <span class='ocrx_word' id='word_1_378' title='bbox 1730 4220 1759 4273; x_wconf 90' lang='lat'>6</span> 
     </span>
    </p>
   </div>
   <div class='ocr_carea' id='block_1_48' title="bbox 186 4298 1760 4371">
    <p class='ocr_par' dir='ltr' id='par_1_48' title="bbox 186 4298 1760 4371">
     <span class='ocr_line' id='line_1_48' title="bbox 186 4298 1760 4371; baseline 0.006 -24"><span class='ocrx_word' id='word_1_379' title='bbox 186 4298 317 4366; x_wconf 73' lang='grc' dir='ltr'>γάρβ</span> <span class='ocrx_word' id='word_1_380' title='bbox 342 4300 420 4362; x_wconf 75' lang='grc' dir='ltr'>ίος</span> <span class='ocrx_word' id='word_1_381' title='bbox 442 4300 627 4352; x_wconf 88' lang='grc' dir='ltr'>αὐτῶν</span> <span class='ocrx_word' id='word_1_382' title='bbox 650 4300 853 4369; x_wconf 83' lang='grc' dir='ltr'>σφόδρα</span> <span class='ocrx_word' id='word_1_383' title='bbox 872 4301 1191 4371; x_wconf 80' lang='grc' dir='ltr'>διέφθαρτο’</span> <span class='ocrx_word' id='word_1_384' title='bbox 1215 4303 1322 4355; x_wconf 88' lang='grc' dir='ltr'>τῶν</span> <span class='ocrx_word' id='word_1_385' title='bbox 1336 4302 1392 4355; x_wconf 86' lang='grc' dir='ltr'>δὲ</span> <span class='ocrx_word' id='word_1_386' title='bbox 1422 4303 1688 4356; x_wconf 73' lang='grc' dir='ltr'>Ἰουδαίων</span> <span class='ocrx_word' id='word_1_387' title='bbox 1711 4306 1760 4357; x_wconf 88' lang='grc' dir='ltr'>εί</span> 
     </span>
    </p>
   </div>
   <div class='ocr_carea' id='block_1_49' title="bbox 187 4382 1759 4457">
    <p class='ocr_par' dir='ltr' id='par_1_49' title="bbox 187 4382 1759 4457">
     <span class='ocr_line' id='line_1_49' title="bbox 187 4382 1759 4457; baseline 0.006 -26"><span class='ocrx_word' id='word_1_388' title='bbox 187 4382 273 4431; x_wconf 77' lang='grc' dir='ltr'>καὶ</span> <span class='ocrx_word' id='word_1_389' title='bbox 302 4384 329 4432; x_wconf 89' lang='lat'>6</span> <span class='ocrx_word' id='word_1_390' title='bbox 356 4382 473 4450; x_wconf 82' lang='grc' dir='ltr'>βίος</span> <span class='ocrx_word' id='word_1_391' title='bbox 514 4383 690 4435; x_wconf 84' lang='grc' dir='ltr'>ἐδόκει</span> <span class='ocrx_word' id='word_1_392' title='bbox 722 4384 1167 4454; x_wconf 80' lang='grc' dir='ltr'>παρημελῆσθαι,</span> <span class='ocrx_word' id='word_1_393' title='bbox 1196 4386 1311 4437; x_wconf 88' lang='grc' dir='ltr'>ἀλλ’</span> <span class='ocrx_word' id='word_1_394' title='bbox 1338 4383 1408 4456; x_wconf 82' lang='grc' dir='ltr'>ἦν</span> <span class='ocrx_word' id='word_1_395' title='bbox 1440 4386 1759 4457; x_wconf 86' lang='grc' dir='ltr'>προκαλύμ-</span> 
     </span>
    </p>
   </div>
   <div class='ocr_carea' id='block_1_50' title="bbox 187 4466 1761 4538">
    <p class='ocr_par' dir='ltr' id='par_1_50' title="bbox 187 4466 1761 4538">
     <span class='ocr_line' id='line_1_50' title="bbox 187 4466 1761 4538; baseline 0.006 -25"><span class='ocrx_word' id='word_1_396' title='bbox 187 4478 321 4529; x_wconf 79' lang='grc' dir='ltr'>ματα</span> <span class='ocrx_word' id='word_1_397' title='bbox 362 4466 576 4517; x_wconf 80' lang='grc' dir='ltr'>τούτων</span> <span class='ocrx_word' id='word_1_398' title='bbox 618 4466 850 4532; x_wconf 82' lang='grc' dir='ltr'>μεγάλα,</span> <span class='ocrx_word' id='word_1_399' title='bbox 906 4468 1069 4536; x_wconf 86' lang='grc' dir='ltr'>νόμος</span> <span class='ocrx_word' id='word_1_400' title='bbox 1106 4469 1199 4520; x_wconf 76' lang='grc' dir='ltr'>καὶ</span> <span class='ocrx_word' id='word_1_401' title='bbox 1247 4470 1537 4538; x_wconf 86' lang='grc' dir='ltr'>περιτομὴ,</span> <span class='ocrx_word' id='word_1_402' title='bbox 1569 4471 1663 4523; x_wconf 78' lang='grc' dir='ltr'>καὶ</span> <span class='ocrx_word' id='word_1_403' title='bbox 1702 4470 1761 4523; x_wconf 86' lang='grc' dir='ltr'>τὸ</span> 
     </span>
    </p>
   </div>
   <div class='ocr_carea' id='block_1_51' title="bbox 184 4545 1759 4617">
    <p class='ocr_par' dir='ltr' id='par_1_51' title="bbox 184 4545 1759 4617">
     <span class='ocr_line' id='line_1_51' title="bbox 184 4545 1759 4617; baseline 0.008 -23"><span class='ocrx_word' id='word_1_404' title='bbox 184 4545 265 4595; x_wconf 67' lang='grc' dir='ltr'>τὸν</span> <span class='ocrx_word' id='word_1_405' title='bbox 307 4547 442 4601; x_wconf 74' lang='grc' dir='ltr'>Θεὸν</span> <span class='ocrx_word' id='word_1_406' title='bbox 480 4550 666 4609; x_wconf 79' lang='grc' dir='ltr'>αὐτοῖς</span> <span class='ocrx_word' id='word_1_407' title='bbox 707 4550 1064 4617; x_wconf 81' lang='grc' dir='ltr'>ὡμιληκέναι,</span> <span class='ocrx_word' id='word_1_408' title='bbox 1111 4552 1201 4603; x_wconf 76' lang='grc' dir='ltr'>καὶ</span> <span class='ocrx_word' id='word_1_409' title='bbox 1248 4551 1309 4603; x_wconf 83' lang='grc' dir='ltr'>τὸ</span> <span class='ocrx_word' id='word_1_410' title='bbox 1355 4552 1570 4605; x_wconf 85' lang='grc' dir='ltr'>πάντων</span> <span class='ocrx_word' id='word_1_411' title='bbox 1623 4550 1759 4607; x_wconf 73' lang='grc' dir='ltr'>εἷναι</span> 
     </span>
    </p>
   </div>
   <div class='ocr_carea' id='block_1_52' title="bbox 184 4627 1756 4706">
    <p class='ocr_par' dir='ltr' id='par_1_52' title="bbox 184 4627 1756 4706">
     <span class='ocr_line' id='line_1_52' title="bbox 184 4627 1756 4706; baseline 0.008 -29"><span class='ocrx_word' id='word_1_412' title='bbox 184 4627 549 4693; x_wconf 72' lang='grc' dir='ltr'>διδασκάλους.</span> <span class='ocrx_word' id='word_1_413' title='bbox 578 4631 677 4683; x_wconf 80' lang='grc' dir='ltr'>Διά</span> <span class='ocrx_word' id='word_1_414' title='bbox 706 4632 864 4684; x_wconf 82' lang='grc' dir='ltr'>τοῦτο</span> <span class='ocrx_word' id='word_1_415' title='bbox 885 4633 1199 4687; x_wconf 75' lang='grc' dir='ltr'>καὶτούτων</span> <span class='ocrx_word' id='word_1_416' title='bbox 1230 4634 1423 4699; x_wconf 84' lang='grc' dir='ltr'>αὐτοὺς</span> <span class='ocrx_word' id='word_1_417' title='bbox 1452 4636 1756 4706; x_wconf 89' lang='grc' dir='ltr'>ἐγύμνωσε,</span> 
     </span>
    </p>
   </div>
   <div class='ocr_carea' id='block_1_53' title="bbox 182 4713 1760 4786">
    <p class='ocr_par' dir='ltr' id='par_1_53' title="bbox 182 4713 1760 4786">
     <span class='ocr_line' id='line_1_53' title="bbox 182 4713 1760 4786; baseline 0.008 -26"><span class='ocrx_word' id='word_1_418' title='bbox 182 4713 266 4762; x_wconf 76' lang='grc' dir='ltr'>καὶ</span> <span class='ocrx_word' id='word_1_419' title='bbox 307 4714 515 4781; x_wconf 73' lang='grc' dir='ltr'>μᾶλλον</span> <span class='ocrx_word' id='word_1_420' title='bbox 550 4714 749 4777; x_wconf 75' lang='grc' dir='ltr'>ἔδειξεν</span> <span class='ocrx_word' id='word_1_421' title='bbox 797 4716 859 4766; x_wconf 84' lang='grc' dir='ltr'>ἐκ</span> <span class='ocrx_word' id='word_1_422' title='bbox 892 4715 1095 4768; x_wconf 87' lang='grc' dir='ltr'>τούτων</span> <span class='ocrx_word' id='word_1_423' title='bbox 1148 4716 1564 4786; x_wconf 75' lang='grc' dir='ltr'>κολαζομένους,</span> <span class='ocrx_word' id='word_1_424' title='bbox 1599 4722 1677 4782; x_wconf 89' lang='grc' dir='ltr'>εἰς</span> <span class='ocrx_word' id='word_1_425' title='bbox 1732 4720 1760 4772; x_wconf 86' lang='grc' dir='ltr'><strong>ὃ</strong></span> 
     </span>
    </p>
   </div>
   <div class='ocr_carea' id='block_1_54' title="bbox 183 4794 1763 4872">
    <p class='ocr_par' dir='ltr' id='par_1_54' title="bbox 183 4794 1763 4872">
     <span class='ocr_line' id='line_1_54' title="bbox 183 4794 1763 4872; baseline 0.01 -30"><span class='ocrx_word' id='word_1_426' title='bbox 183 4794 268 4844; x_wconf 72' lang='grc' dir='ltr'>καὶ</span> <span class='ocrx_word' id='word_1_427' title='bbox 286 4796 524 4848; x_wconf 76' lang='grc' dir='ltr'>ἐνταῦθα</span> <span class='ocrx_word' id='word_1_428' title='bbox 552 4800 643 4848; x_wconf 80' lang='grc' dir='ltr'>τὸν</span> <span class='ocrx_word' id='word_1_429' title='bbox 670 4796 826 4863; x_wconf 85' lang='grc' dir='ltr'>λόγον</span> <span class='ocrx_word' id='word_1_430' title='bbox 856 4800 1215 4853; x_wconf 84' lang='grc' dir='ltr'>συνέκλεισεν.</span> <span class='ocrx_word' id='word_1_431' title='bbox 1249 4802 1310 4851; x_wconf 67' lang='lat' dir='ltr'>Et</span> <span class='ocrx_word' id='word_1_432' title='bbox 1357 4802 1463 4872; x_wconf 92' lang='lat'>7&amp;9</span> <span class='ocrx_word' id='word_1_433' title='bbox 1495 4802 1569 4872; x_wconf 84' lang='grc' dir='ltr'>μὴ</span> <span class='ocrx_word' id='word_1_434' title='bbox 1601 4803 1763 4857; x_wconf 85' lang='grc' dir='ltr'>κολά-</span> 
     </span>
    </p>
   </div>
   <div class='ocr_carea' id='block_1_55' title="bbox 182 4876 1760 4954">
    <p class='ocr_par' dir='ltr' id='par_1_55' title="bbox 182 4876 1760 4954">
     <span class='ocr_line' id='line_1_55' title="bbox 182 4876 1760 4954; baseline 0.006 -27"><span class='ocrx_word' id='word_1_435' title='bbox 182 4876 375 4940; x_wconf 75' lang='grc' dir='ltr'>ζονται,</span> <span class='ocrx_word' id='word_1_436' title='bbox 419 4881 578 4948; x_wconf 71' lang='grc' dir='ltr'>φησὶ,</span> <span class='ocrx_word' id='word_1_437' title='bbox 611 4878 832 4931; x_wconf 83' lang='grc' dir='ltr'>τοιαῦτα</span> <span class='ocrx_word' id='word_1_438' title='bbox 872 4881 1171 4945; x_wconf 70' lang='grc' dir='ltr'>ποιοῦντες,</span> <span class='ocrx_word' id='word_1_439' title='bbox 1206 4883 1417 4953; x_wconf 86' lang='grc' dir='ltr'>ἀνάγκη</span> <span class='ocrx_word' id='word_1_440' title='bbox 1448 4884 1537 4936; x_wconf 76' lang='grc' dir='ltr'>τὸν</span> <span class='ocrx_word' id='word_1_441' title='bbox 1595 4886 1760 4954; x_wconf 82' lang='grc' dir='ltr'>βλάσ-</span> 
     </span>
    </p>
   </div>
   <div class='ocr_carea' id='block_1_56' title="bbox 182 4962 1761 5033">
    <p class='ocr_par' dir='ltr' id='par_1_56' title="bbox 182 4962 1761 5033">
     <span class='ocr_line' id='line_1_56' title="bbox 182 4962 1761 5033; baseline 0.006 -21"><span class='ocrx_word' id='word_1_442' title='bbox 182 4976 353 5027; x_wconf 72' lang='grc' dir='ltr'>φημον</span> <span class='ocrx_word' id='word_1_443' title='bbox 407 4965 619 5014; x_wconf 79' lang='grc' dir='ltr'>ἐκεῖνον</span> <span class='ocrx_word' id='word_1_444' title='bbox 680 4962 1073 5033; x_wconf 84' lang='grc' dir='ltr'>περιφέρεσθαι</span> <span class='ocrx_word' id='word_1_445' title='bbox 1130 4965 1315 5032; x_wconf 85' lang='grc' dir='ltr'>λόγον,</span> <span class='ocrx_word' id='word_1_446' title='bbox 1360 4968 1439 5030; x_wconf 78' lang='grc' dir='ltr'>τὸ,</span> <span class='ocrx_word' id='word_1_447' title='bbox 1496 4968 1761 5032; x_wconf 77' lang='grc' dir='ltr'>Ποιήσω-</span> 
     </span>
    </p>
   </div>
   <div class='ocr_carea' id='block_1_57' title="bbox 172 5045 1759 5114">
    <p class='ocr_par' dir='ltr' id='par_1_57' title="bbox 172 5045 1759 5114">
     <span class='ocr_line' id='line_1_57' title="bbox 172 5045 1759 5114; baseline 0.006 -20"><span class='ocrx_word' id='word_1_448' title='bbox 172 5058 283 5108; x_wconf 80' lang='grc' dir='ltr'>μεγ</span> <span class='ocrx_word' id='word_1_449' title='bbox 306 5045 377 5096; x_wconf 80' lang='grc' dir='ltr'>τὰ</span> <span class='ocrx_word' id='word_1_450' title='bbox 406 5048 589 5105; x_wconf 77' lang='grc' dir='ltr'>κακὰ,</span> <span class='ocrx_word' id='word_1_451' title='bbox 616 5047 716 5096; x_wconf 78' lang='grc' dir='ltr'>ἵνα</span> <span class='ocrx_word' id='word_1_452' title='bbox 738 5046 884 5113; x_wconf 72' lang='grc' dir='ltr'>ἑλοῃ</span> <span class='ocrx_word' id='word_1_453' title='bbox 922 5047 993 5100; x_wconf 83' lang='grc' dir='ltr'>τὰ</span> <span class='ocrx_word' id='word_1_454' title='bbox 1024 5048 1235 5114; x_wconf 74' lang='grc' dir='ltr'>ἀγαθά.</span> <span class='ocrx_word' id='word_1_455' title='bbox 1274 5049 1335 5101; x_wconf 71' lang='lat' dir='ltr'>El</span> <span class='ocrx_word' id='word_1_456' title='bbox 1373 5048 1428 5101; x_wconf 86' lang='grc' dir='ltr'>δὲ</span> <span class='ocrx_word' id='word_1_457' title='bbox 1452 5050 1609 5103; x_wconf 86' lang='grc' dir='ltr'>τοῦτο</span> <span class='ocrx_word' id='word_1_458' title='bbox 1635 5052 1759 5104; x_wconf 80' lang='grc' dir='ltr'>ἀτε-</span> 
     </span>
    </p>
   </div>
   <div class='ocr_carea' id='block_1_58' title="bbox 178 5124 1762 5203">
    <p class='ocr_par' dir='ltr' id='par_1_58' title="bbox 178 5124 1762 5203">
     <span class='ocr_line' id='line_1_58' title="bbox 178 5124 1762 5203; baseline 0.007 -29"><span class='ocrx_word' id='word_1_459' title='bbox 178 5124 284 5186; x_wconf 80' lang='grc' dir='ltr'>ϐὲς,</span> <span class='ocrx_word' id='word_1_460' title='bbox 308 5129 404 5179; x_wconf 75' lang='grc' dir='ltr'>καὶ</span> <span class='ocrx_word' id='word_1_461' title='bbox 432 5130 487 5179; x_wconf 85' lang='grc' dir='ltr'>οἱ</span> <span class='ocrx_word' id='word_1_462' title='bbox 513 5128 765 5195; x_wconf 78' lang='grc' dir='ltr'>λέγοντες</span> <span class='ocrx_word' id='word_1_463' title='bbox 804 5128 935 5182; x_wconf 82' lang='grc' dir='ltr'>αὐτὸ</span> <span class='ocrx_word' id='word_1_464' title='bbox 987 5130 1144 5200; x_wconf 86' lang='grc' dir='ltr'>δίκην</span> <span class='ocrx_word' id='word_1_465' title='bbox 1183 5130 1413 5184; x_wconf 80' lang='grc' dir='ltr'>δώσουσι</span> <span class='ocrx_word' id='word_1_466' title='bbox 1446 5130 1626 5199; x_wconf 87' lang='grc' dir='ltr'>(τοῦτο</span> <span class='ocrx_word' id='word_1_467' title='bbox 1653 5132 1762 5203; x_wconf 89' lang='lat'>7&amp;9</span> 
     </span>
    </p>
   </div>
   <div class='ocr_carea' id='block_1_59' title="bbox 176 5206 1763 5283">
    <p class='ocr_par' dir='ltr' id='par_1_59' title="bbox 176 5206 1763 5283">
     <span class='ocr_line' id='line_1_59' title="bbox 176 5206 1763 5283; baseline 0.007 -27"><span class='ocrx_word' id='word_1_468' title='bbox 176 5206 444 5277; x_wconf 78' lang='grc' dir='ltr'>ἐδήλωσεν</span> <span class='ocrx_word' id='word_1_469' title='bbox 478 5211 668 5272; x_wconf 85' lang='grc' dir='ltr'>εἰπὼν,</span> <span class='ocrx_word' id='word_1_470' title='bbox 694 5206 809 5263; x_wconf 78' lang='grc' dir='ltr'>Ὧν</span> <span class='ocrx_word' id='word_1_471' title='bbox 853 5212 919 5264; x_wconf 82' lang='grc' dir='ltr'>τὸ</span> <span class='ocrx_word' id='word_1_472' title='bbox 948 5212 1124 5280; x_wconf 77' lang='grc' dir='ltr'>κρῖμα</span> <span class='ocrx_word' id='word_1_473' title='bbox 1166 5214 1407 5267; x_wconf 76' lang='grc' dir='ltr'>ἔνδικόν</span> <span class='ocrx_word' id='word_1_474' title='bbox 1432 5215 1644 5283; x_wconf 83' lang='grc' dir='ltr'>ἐστιν),</span> <span class='ocrx_word' id='word_1_475' title='bbox 1675 5214 1763 5267; x_wconf 55' lang='grc' dir='ltr'>εὐ.</span> 
     </span>
    </p>
   </div>
   <div class='ocr_carea' id='block_1_60' title="bbox 173 5292 1761 5367">
    <p class='ocr_par' dir='ltr' id='par_1_60' title="bbox 173 5292 1761 5367">
     <span class='ocr_line' id='line_1_60' title="bbox 173 5292 1761 5367; baseline 0.004 -24"><span class='ocrx_word' id='word_1_476' title='bbox 173 5292 324 5361; x_wconf 81' lang='grc' dir='ltr'>δηλον</span> <span class='ocrx_word' id='word_1_477' title='bbox 354 5297 443 5347; x_wconf 83' lang='grc' dir='ltr'>ὃτι</span> <span class='ocrx_word' id='word_1_478' title='bbox 482 5296 823 5359; x_wconf 78' lang='grc' dir='ltr'>κολάζονται.</span> <span class='ocrx_word' id='word_1_479' title='bbox 866 5296 929 5349; x_wconf 69' lang='lat' dir='ltr'>Et</span> <span class='ocrx_word' id='word_1_480' title='bbox 964 5298 1075 5367; x_wconf 90' lang='lat'>7&amp;9</span> <span class='ocrx_word' id='word_1_481' title='bbox 1113 5299 1162 5350; x_wconf 92' lang='grc' dir='ltr'>οί</span> <span class='ocrx_word' id='word_1_482' title='bbox 1192 5298 1461 5365; x_wconf 86' lang='grc' dir='ltr'>λέγοντες,</span> <span class='ocrx_word' id='word_1_483' title='bbox 1494 5297 1761 5367; x_wconf 83' lang='grc' dir='ltr'>τιμωρίας</span> 
     </span>
    </p>
   </div>
   <div class='ocr_carea' id='block_1_61' title="bbox 173 5374 1762 5450">
    <p class='ocr_par' dir='ltr' id='par_1_61' title="bbox 173 5374 1762 5450">
     <span class='ocr_line' id='line_1_61' title="bbox 173 5374 1762 5450; baseline 0.003 -23"><span class='ocrx_word' id='word_1_484' title='bbox 173 5374 329 5441; x_wconf 75' lang='grc' dir='ltr'>ἄξιοι,</span> <span class='ocrx_word' id='word_1_485' title='bbox 358 5380 547 5447; x_wconf 74' lang='grc' dir='ltr'>πολλῷ</span> <span class='ocrx_word' id='word_1_486' title='bbox 598 5379 801 5449; x_wconf 78' lang='grc' dir='ltr'>μᾶλλον</span> <span class='ocrx_word' id='word_1_487' title='bbox 846 5380 895 5431; x_wconf 83' lang='grc' dir='ltr'>οἰ</span> <span class='ocrx_word' id='word_1_488' title='bbox 932 5381 1264 5450; x_wconf 74' lang='grc' dir='ltr'>πράσσοντες</span> <span class='ocrx_word' id='word_1_489' title='bbox 1287 5398 1300 5411; x_wconf 73' lang='grc' dir='ltr'><strong><em>ο</em></strong></span> <span class='ocrx_word' id='word_1_490' title='bbox 1331 5383 1378 5432; x_wconf 88' lang='grc' dir='ltr'>εί</span> <span class='ocrx_word' id='word_1_491' title='bbox 1416 5380 1471 5433; x_wconf 81' lang='grc' dir='ltr'>δὲ</span> <span class='ocrx_word' id='word_1_492' title='bbox 1502 5379 1642 5444; x_wconf 80' lang='grc' dir='ltr'>ἄξιοι</span> <span class='ocrx_word' id='word_1_493' title='bbox 1683 5397 1762 5432; x_wconf 85' lang='grc' dir='ltr'>τι-</span> 
     </span>
    </p>
   </div>
   <div class='ocr_carea' id='block_1_62' title="bbox 173 5460 1762 5532">
    <p class='ocr_par' dir='ltr' id='par_1_62' title="bbox 173 5460 1762 5532">
     <span class='ocr_line' id='line_1_62' title="bbox 173 5460 1762 5532; baseline 0.001 -20"><span class='ocrx_word' id='word_1_494' title='bbox 173 5460 405 5529; x_wconf 81' lang='grc' dir='ltr'>μωρίας,</span> <span class='ocrx_word' id='word_1_495' title='bbox 463 5461 542 5523; x_wconf 84' lang='grc' dir='ltr'>ὼς</span> <span class='ocrx_word' id='word_1_496' title='bbox 594 5464 979 5532; x_wconf 75' lang='grc' dir='ltr'>ἡμαρτηκότες</span> <span class='ocrx_word' id='word_1_497' title='bbox 1013 5463 1172 5528; x_wconf 77' lang='grc' dir='ltr'>ἄξιοι.</span> <span class='ocrx_word' id='word_1_498' title='bbox 1220 5463 1294 5515; x_wconf 88' lang='grc' dir='ltr'>Οὐ</span> <span class='ocrx_word' id='word_1_499' title='bbox 1326 5462 1434 5529; x_wconf 78' lang='grc' dir='ltr'>γὰρ</span> <span class='ocrx_word' id='word_1_500' title='bbox 1480 5462 1762 5531; x_wconf 79' lang='grc' dir='ltr'>ἄνθρωπός</span> 
     </span>
    </p>
   </div>
   <div class='ocr_carea' id='block_1_63' title="bbox 172 5544 1758 5616">
    <p class='ocr_par' dir='ltr' id='par_1_63' title="bbox 172 5544 1758 5616">
     <span class='ocr_line' id='line_1_63' title="bbox 172 5544 1758 5616; baseline 0.003 -24"><span class='ocrx_word' id='word_1_501' title='bbox 172 5544 317 5595; x_wconf 79' lang='grc' dir='ltr'>ἐστιν</span> <span class='ocrx_word' id='word_1_502' title='bbox 353 5546 384 5596; x_wconf 87' lang='lat'>6</span> <span class='ocrx_word' id='word_1_503' title='bbox 431 5544 702 5609; x_wconf 77' lang='grc' dir='ltr'>κολάζων,</span> <span class='ocrx_word' id='word_1_504' title='bbox 729 5546 816 5598; x_wconf 84' lang='grc' dir='ltr'>ἵνα</span> <span class='ocrx_word' id='word_1_505' title='bbox 845 5546 939 5598; x_wconf 88' lang='grc' dir='ltr'>καί</span> <span class='ocrx_word' id='word_1_506' title='bbox 967 5562 1050 5608; x_wconf 86' lang='grc' dir='ltr'>τις</span> <span class='ocrx_word' id='word_1_507' title='bbox 1080 5544 1399 5616; x_wconf 78' lang='grc' dir='ltr'>ὑποπτεύσῃ</span> <span class='ocrx_word' id='word_1_508' title='bbox 1430 5546 1527 5614; x_wconf 84' lang='grc' dir='ltr'>τὴν</span> <span class='ocrx_word' id='word_1_509' title='bbox 1561 5545 1758 5614; x_wconf 73' lang='grc' dir='ltr'>ψῆφον,</span> 
     </span>
    </p>
   </div>
   <div class='ocr_carea' id='block_1_64' title="bbox 169 5624 1763 5693">
    <p class='ocr_par' dir='ltr' id='par_1_64' title="bbox 169 5624 1763 5693">
     <span class='ocr_line' id='line_1_64' title="bbox 169 5624 1763 5693; baseline 0 -14"><span class='ocrx_word' id='word_1_510' title='bbox 169 5624 280 5679; x_wconf 81' lang='grc' dir='ltr'>ἀλλ’</span> <span class='ocrx_word' id='word_1_511' title='bbox 312 5628 343 5680; x_wconf 88' lang='grc' dir='ltr'>ὀ</span> <span class='ocrx_word' id='word_1_512' title='bbox 372 5627 520 5687; x_wconf 77' lang='grc' dir='ltr'>Θεὸς</span> <span class='ocrx_word' id='word_1_513' title='bbox 546 5630 573 5680; x_wconf 89' lang='grc' dir='ltr'>ὀ</span> <span class='ocrx_word' id='word_1_514' title='bbox 614 5629 836 5693; x_wconf 83' lang='grc' dir='ltr'>δικαίως</span> <span class='ocrx_word' id='word_1_515' title='bbox 885 5628 1063 5681; x_wconf 87' lang='grc' dir='ltr'>πάντα</span> <span class='ocrx_word' id='word_1_516' title='bbox 1108 5628 1297 5683; x_wconf 90' lang='grc' dir='ltr'>ποιῶν.</span> <span class='ocrx_word' id='word_1_517' title='bbox 1350 5630 1411 5681; x_wconf 70' lang='lat' dir='ltr'>El</span> <span class='ocrx_word' id='word_1_518' title='bbox 1443 5629 1499 5681; x_wconf 78' lang='grc' dir='ltr'>δὲ</span> <span class='ocrx_word' id='word_1_519' title='bbox 1540 5628 1763 5691; x_wconf 78' lang='grc' dir='ltr'>δικαίως</span> 
     </span>
    </p>
   </div>
   <div class='ocr_carea' id='block_1_65' title="bbox 168 5708 1763 5782">
    <p class='ocr_par' dir='ltr' id='par_1_65' title="bbox 168 5708 1763 5782">
     <span class='ocr_line' id='line_1_65' title="bbox 168 5708 1763 5782; baseline 0.004 -25"><span class='ocrx_word' id='word_1_520' title='bbox 168 5708 572 5778; x_wconf 77' lang='grc' dir='ltr'>τιμωροῦνται.</span> <span class='ocrx_word' id='word_1_521' title='bbox 609 5711 809 5774; x_wconf 81' lang='grc' dir='ltr'>ἀδίκως</span> <span class='ocrx_word' id='word_1_522' title='bbox 853 5713 1035 5763; x_wconf 84' lang='grc' dir='ltr'>ἐκεῖνα</span> <span class='ocrx_word' id='word_1_523' title='bbox 1066 5711 1273 5779; x_wconf 74' lang='grc' dir='ltr'>ἔλεγον,</span> <span class='ocrx_word' id='word_1_524' title='bbox 1306 5713 1449 5782; x_wconf 78' lang='grc' dir='ltr'>άπερ</span> <span class='ocrx_word' id='word_1_525' title='bbox 1480 5712 1664 5778; x_wconf 75' lang='grc' dir='ltr'>ἔλεγον</span> <span class='ocrx_word' id='word_1_526' title='bbox 1712 5712 1763 5764; x_wconf 84' lang='grc' dir='ltr'>οἱ</span> 
     </span>
    </p>
   </div>
   <div class='ocr_carea' id='block_1_66' title="bbox 174 5790 1762 5867">
    <p class='ocr_par' dir='ltr' id='par_1_66' title="bbox 174 5790 1762 5867">
     <span class='ocr_line' id='line_1_66' title="bbox 174 5790 1762 5867; baseline 0.004 -25"><span class='ocrx_word' id='word_1_527' title='bbox 174 5790 579 5861; x_wconf 72' lang='grc' dir='ltr'>κωμῳδοῦντες</span> <span class='ocrx_word' id='word_1_528' title='bbox 606 5794 750 5864; x_wconf 75' lang='grc' dir='ltr'>ἡμᾶς</span> <span class='ocrx_word' id='word_1_529' title='bbox 772 5810 784 5826; x_wconf 64' lang='grc' dir='ltr'>θ</span> <span class='ocrx_word' id='word_1_530' title='bbox 819 5793 1001 5847; x_wconf 87' lang='grc' dir='ltr'>πάντα</span> <span class='ocrx_word' id='word_1_531' title='bbox 1034 5794 1141 5863; x_wconf 86' lang='lat'>7&amp;9</span> <span class='ocrx_word' id='word_1_532' title='bbox 1172 5796 1201 5847; x_wconf 93' lang='lat'>6</span> <span class='ocrx_word' id='word_1_533' title='bbox 1250 5795 1381 5860; x_wconf 75' lang='grc' dir='ltr'>Θεὸς</span> <span class='ocrx_word' id='word_1_534' title='bbox 1432 5794 1633 5867; x_wconf 73' lang='grc' dir='ltr'>ἔπραξε</span> <span class='ocrx_word' id='word_1_535' title='bbox 1670 5795 1762 5849; x_wconf 78' lang='grc' dir='ltr'>καὶ</span> 
     </span>
    </p>
   </div>
   <div class='ocr_carea' id='block_1_67' title="bbox 232 6009 1409 6078">
    <p class='ocr_par' dir='ltr' id='par_1_67' title="bbox 232 6009 1409 6078">
     <span class='ocr_line' id='line_1_67' title="bbox 232 6009 1409 6078; baseline 0.002 -16"><span class='ocrx_word' id='word_1_536' title='bbox 232 6011 258 6041; x_wconf 81' lang='grc'><strong><em>⁸</em></strong></span> <span class='ocrx_word' id='word_1_537' title='bbox 283 6009 478 6063; x_wconf 65' lang='lat' dir='ltr'>Bonl.</span> <span class='ocrx_word' id='word_1_538' title='bbox 506 6010 655 6073; x_wconf 70' lang='lat' dir='ltr'>solus,</span> <span class='ocrx_word' id='word_1_539' title='bbox 680 6011 769 6077; x_wconf 68' lang='grc' dir='ltr'>οὐχ</span> <span class='ocrx_word' id='word_1_540' title='bbox 787 6012 865 6062; x_wconf 75' lang='grc' dir='ltr'>ἵνα</span> <span class='ocrx_word' id='word_1_541' title='bbox 884 6010 1001 6078; x_wconf 77' lang='grc' dir='ltr'>πρὸς</span> <span class='ocrx_word' id='word_1_542' title='bbox 1030 6011 1222 6076; x_wconf 76' lang='grc' dir='ltr'>μελέτην</span> <span class='ocrx_word' id='word_1_543' title='bbox 1252 6017 1409 6068; x_wconf 75' lang='grc' dir='ltr'>τοῦτο.</span> 
     </span>
    </p>
   </div>
   <div class='ocr_carea' id='block_1_68' title="bbox 3322 380 3428 434">
    <p class='ocr_par' dir='ltr' id='par_1_68' title="bbox 3322 380 3428 434">
     <span class='ocr_line' id='line_1_68' title="bbox 3322 380 3428 434; baseline 0 0"><span class='ocrx_word' id='word_1_544' title='bbox 3322 380 3428 434; x_wconf 70' lang='lat' dir='ltr'><strong>MO</strong></span> 
     </span>
    </p>
   </div>
   <div class='ocr_carea' id='block_1_69' title="bbox 1862 486 3429 561">
    <p class='ocr_par' dir='ltr' id='par_1_69' title="bbox 1862 486 3429 561">
     <span class='ocr_line' id='line_1_69' title="bbox 1862 486 3429 561; baseline 0.001 -18"><span class='ocrx_word' id='word_1_545' title='bbox 1862 491 2112 561; x_wconf 85' lang='grc' dir='ltr'>πράττει,</span> <span class='ocrx_word' id='word_1_546' title='bbox 2148 490 2290 542; x_wconf 82' lang='grc' dir='ltr'>ὥστε</span> <span class='ocrx_word' id='word_1_547' title='bbox 2323 488 2421 559; x_wconf 80' lang='grc' dir='ltr'>τὴν</span> <span class='ocrx_word' id='word_1_548' title='bbox 2450 488 2725 542; x_wconf 85' lang='grc' dir='ltr'>πολιτείαν</span> <span class='ocrx_word' id='word_1_549' title='bbox 2776 488 2808 557; x_wconf 83' lang='grc' dir='ltr'>ή</span> <span class='ocrx_word' id='word_1_550' title='bbox 2820 487 2932 557; x_wconf 90' lang='grc' dir='ltr'>μῶν</span> <span class='ocrx_word' id='word_1_551' title='bbox 2963 486 3286 557; x_wconf 85' lang='grc' dir='ltr'>διαλάμπειν</span> <span class='ocrx_word' id='word_1_552' title='bbox 3333 490 3429 544; x_wconf 78' lang='grc' dir='ltr'>καὶ</span> 
     </span>
    </p>
   </div>
   <div class='ocr_carea' id='block_1_70' title="bbox 1859 569 3431 641">
    <p class='ocr_par' dir='ltr' id='par_1_70' title="bbox 1859 569 3431 641">
     <span class='ocr_line' id='line_1_70' title="bbox 1859 569 3431 641; baseline 0.002 -19"><span class='ocrx_word' id='word_1_553' title='bbox 1859 571 2145 640; x_wconf 79' lang='grc' dir='ltr'>ὀρθοῦσθαι</span> <span class='ocrx_word' id='word_1_554' title='bbox 2201 572 2485 626; x_wconf 90' lang='grc' dir='ltr'>πάντοθεν.</span> <span class='ocrx_word' id='word_1_555' title='bbox 2538 571 2629 641; x_wconf 82' lang='grc' dir='ltr'>Μὴ</span> <span class='ocrx_word' id='word_1_556' title='bbox 2661 570 2841 625; x_wconf 89' lang='grc' dir='ltr'>τοίνυν</span> <span class='ocrx_word' id='word_1_557' title='bbox 2876 569 3237 639; x_wconf 71' lang='grc' dir='ltr'>ρᾳθυμῶμεν·</span> <span class='ocrx_word' id='word_1_558' title='bbox 3287 571 3431 625; x_wconf 77' lang='grc' dir='ltr'>οὕτω</span> 
     </span>
    </p>
   </div>
   <div class='ocr_carea' id='block_1_71' title="bbox 1858 653 3430 723">
    <p class='ocr_par' dir='ltr' id='par_1_71' title="bbox 1858 653 3430 723">
     <span class='ocr_line' id='line_1_71' title="bbox 1858 653 3430 723; baseline 0 -17"><span class='ocrx_word' id='word_1_559' title='bbox 1858 654 1967 723; x_wconf 86' lang='lat'>7&amp;9</span> <span class='ocrx_word' id='word_1_560' title='bbox 1996 655 2086 706; x_wconf 72' lang='grc' dir='ltr'>καὶ</span> <span class='ocrx_word' id='word_1_561' title='bbox 2117 655 2241 715; x_wconf 78' lang='grc' dir='ltr'>τοὺς</span> <span class='ocrx_word' id='word_1_562' title='bbox 2271 654 2538 723; x_wconf 85' lang='grc' dir='ltr'>Ἕλληνας</span> <span class='ocrx_word' id='word_1_563' title='bbox 2597 655 2903 723; x_wconf 74' lang='grc' dir='ltr'>ἀποστῆσαι</span> <span class='ocrx_word' id='word_1_564' title='bbox 2948 653 3285 723; x_wconf 86' lang='grc' dir='ltr'>δυνησόμεθα</span> <span class='ocrx_word' id='word_1_565' title='bbox 3329 654 3430 722; x_wconf 81' lang='grc' dir='ltr'>τῆς</span> 
     </span>
    </p>
   </div>
   <div class='ocr_carea' id='block_1_72' title="bbox 1857 734 3430 805">
    <p class='ocr_par' dir='ltr' id='par_1_72' title="bbox 1857 734 3430 805">
     <span class='ocr_line' id='line_1_72' title="bbox 1857 734 3430 805; baseline 0.001 -19"><span class='ocrx_word' id='word_1_566' title='bbox 1857 736 2087 805; x_wconf 84' lang='grc' dir='ltr'>πλάνης.</span> <span class='ocrx_word' id='word_1_567' title='bbox 2132 737 2298 788; x_wconf 85' lang='grc' dir='ltr'>Ὅταν</span> <span class='ocrx_word' id='word_1_568' title='bbox 2340 737 2397 788; x_wconf 89' lang='grc' dir='ltr'>δὲ</span> <span class='ocrx_word' id='word_1_569' title='bbox 2446 738 2504 788; x_wconf 87' lang='grc' dir='ltr'>ἐν</span> <span class='ocrx_word' id='word_1_570' title='bbox 2540 736 2636 805; x_wconf 82' lang='grc' dir='ltr'>μὲν</span> <span class='ocrx_word' id='word_1_571' title='bbox 2673 736 2881 805; x_wconf 80' lang='grc' dir='ltr'>ῥήμασι</span> <span class='ocrx_word' id='word_1_572' title='bbox 2938 734 3332 805; x_wconf 74' lang='grc' dir='ltr'>φιλοσοφῶμεν,</span> <span class='ocrx_word' id='word_1_573' title='bbox 3371 736 3430 788; x_wconf 82' lang='grc' dir='ltr'>ἐν</span> 
     </span>
    </p>
   </div>
   <div class='ocr_carea' id='block_1_73' title="bbox 1854 817 3431 890">
    <p class='ocr_par' dir='ltr' id='par_1_73' title="bbox 1854 817 3431 890">
     <span class='ocr_line' id='line_1_73' title="bbox 1854 817 3431 890; baseline 0 -19"><span class='ocrx_word' id='word_1_574' title='bbox 1854 819 1910 871; x_wconf 88' lang='grc' dir='ltr'>δὲ</span> <span class='ocrx_word' id='word_1_575' title='bbox 1964 819 2142 890; x_wconf 81' lang='grc' dir='ltr'>ἔργοις</span> <span class='ocrx_word' id='word_1_576' title='bbox 2199 819 2617 888; x_wconf 88' lang='grc' dir='ltr'>ἀσχημονῶμεν,</span> <span class='ocrx_word' id='word_1_577' title='bbox 2659 819 2831 880; x_wconf 87' lang='grc' dir='ltr'>ποίοις</span> <span class='ocrx_word' id='word_1_578' title='bbox 2875 818 3171 888; x_wconf 82' lang='grc' dir='ltr'>ὀφθαλμοῖς</span> <span class='ocrx_word' id='word_1_579' title='bbox 3233 817 3431 878; x_wconf 80' lang='grc' dir='ltr'>αὐτοὺς</span> 
     </span>
    </p>
   </div>
   <div class='ocr_carea' id='block_1_74' title="bbox 1854 899 3431 972">
    <p class='ocr_par' dir='ltr' id='par_1_74' title="bbox 1854 899 3431 972">
     <span class='ocr_line' id='line_1_74' title="bbox 1854 899 3431 972; baseline 0.001 -19"><span class='ocrx_word' id='word_1_580' title='bbox 1854 902 2128 972; x_wconf 64' lang='grc' dir='ltr'>ὀψόμεθα;</span> <span class='ocrx_word' id='word_1_581' title='bbox 2183 902 2357 965; x_wconf 81' lang='grc' dir='ltr'>ποίοις</span> <span class='ocrx_word' id='word_1_582' title='bbox 2393 902 2626 971; x_wconf 86' lang='grc' dir='ltr'>στόμασι</span> <span class='ocrx_word' id='word_1_583' title='bbox 2680 899 3035 969; x_wconf 82' lang='grc' dir='ltr'>διαλεξόμεθα</span> <span class='ocrx_word' id='word_1_584' title='bbox 3075 900 3202 969; x_wconf 81' lang='grc' dir='ltr'>περὶ</span> <span class='ocrx_word' id='word_1_585' title='bbox 3228 901 3431 971; x_wconf 85' lang='grc' dir='ltr'>δογμά-</span> 
     </span>
    </p>
   </div>
   <div class='ocr_carea' id='block_1_75' title="bbox 1853 981 3430 1054">
    <p class='ocr_par' dir='ltr' id='par_1_75' title="bbox 1853 981 3430 1054">
     <span class='ocr_line' id='line_1_75' title="bbox 1853 981 3430 1054; baseline -0.001 -18"><span class='ocrx_word' id='word_1_586' title='bbox 1853 1001 1996 1047; x_wconf 88' lang='grc' dir='ltr'>των;</span> <span class='ocrx_word' id='word_1_587' title='bbox 2042 985 2189 1053; x_wconf 84' lang='grc' dir='ltr'>Ἑρεῖ</span> <span class='ocrx_word' id='word_1_588' title='bbox 2216 985 2323 1054; x_wconf 75' lang='lat'>7&amp;9</span> <span class='ocrx_word' id='word_1_589' title='bbox 2358 984 2495 1052; x_wconf 79' lang='grc' dir='ltr'>πρὸς</span> <span class='ocrx_word' id='word_1_590' title='bbox 2526 983 2753 1035; x_wconf 74' lang='grc' dir='ltr'>ἕκαστον</span> <span class='ocrx_word' id='word_1_591' title='bbox 2788 981 2979 1051; x_wconf 76' lang='grc' dir='ltr'>ήμῶνο</span> <span class='ocrx_word' id='word_1_592' title='bbox 3020 982 3078 1034; x_wconf 83' lang='grc' dir='ltr'>ὐ</span> <span class='ocrx_word' id='word_1_593' title='bbox 3106 983 3166 1035; x_wconf 83' lang='grc' dir='ltr'>τὸ</span> <span class='ocrx_word' id='word_1_594' title='bbox 3211 982 3430 1035; x_wconf 82' lang='grc' dir='ltr'>ἔλαττον</span> 
     </span>
    </p>
   </div>
   <div class='ocr_carea' id='block_1_76' title="bbox 1859 1064 3427 1137">
    <p class='ocr_par' dir='ltr' id='par_1_76' title="bbox 1859 1064 3427 1137">
     <span class='ocr_line' id='line_1_76' title="bbox 1859 1064 3427 1137; baseline -0.001 -18"><span class='ocrx_word' id='word_1_595' title='bbox 1859 1066 1933 1137; x_wconf 82' lang='grc' dir='ltr'>μὴ</span> <span class='ocrx_word' id='word_1_596' title='bbox 1962 1065 2343 1137; x_wconf 83' lang='grc' dir='ltr'>κατορθωκὼς,</span> <span class='ocrx_word' id='word_1_597' title='bbox 2371 1065 2487 1128; x_wconf 86' lang='grc' dir='ltr'>πῶς</span> <span class='ocrx_word' id='word_1_598' title='bbox 2517 1066 2686 1130; x_wconf 84' lang='grc' dir='ltr'>ἀξιοῖς</span> <span class='ocrx_word' id='word_1_599' title='bbox 2711 1065 2839 1135; x_wconf 71' lang='grc' dir='ltr'>περὶ</span> <span class='ocrx_word' id='word_1_600' title='bbox 2868 1064 2960 1117; x_wconf 85' lang='grc' dir='ltr'>τοῦ</span> <span class='ocrx_word' id='word_1_601' title='bbox 3008 1064 3251 1134; x_wconf 80' lang='grc' dir='ltr'>μείζονος</span> <span class='ocrx_word' id='word_1_602' title='bbox 3281 1064 3427 1118; x_wconf 85' lang='grc' dir='ltr'>διδά-</span> 
     </span>
    </p>
   </div>
   <div class='ocr_carea' id='block_1_77' title="bbox 1857 1147 3429 1219">
    <p class='ocr_par' dir='ltr' id='par_1_77' title="bbox 1857 1147 3429 1219">
     <span class='ocr_line' id='line_1_77' title="bbox 1857 1147 3429 1219; baseline -0.001 -18"><span class='ocrx_word' id='word_1_603' title='bbox 1857 1166 2008 1203; x_wconf 87' lang='grc' dir='ltr'>σκειν</span> <span class='ocrx_word' id='word_1_604' title='bbox 2034 1166 2047 1213; x_wconf 90' lang='lat'>;</span> <span class='ocrx_word' id='word_1_605' title='bbox 2095 1151 2123 1201; x_wconf 90' lang='lat'>6</span> <span class='ocrx_word' id='word_1_606' title='bbox 2178 1149 2403 1219; x_wconf 84' lang='grc' dir='ltr'>μηδέπω</span> <span class='ocrx_word' id='word_1_607' title='bbox 2435 1147 2641 1218; x_wconf 88' lang='grc' dir='ltr'>μαθὼν,</span> <span class='ocrx_word' id='word_1_608' title='bbox 2668 1149 2748 1201; x_wconf 84' lang='grc' dir='ltr'>ὅτι</span> <span class='ocrx_word' id='word_1_609' title='bbox 2781 1147 3058 1214; x_wconf 79' lang='grc' dir='ltr'>πλεονεξία</span> <span class='ocrx_word' id='word_1_610' title='bbox 3091 1147 3281 1213; x_wconf 84' lang='grc' dir='ltr'>κακὸν,</span> <span class='ocrx_word' id='word_1_611' title='bbox 3311 1147 3429 1212; x_wconf 90' lang='grc' dir='ltr'>πῶς</span> 
     </span>
    </p>
   </div>
   <div class='ocr_carea' id='block_1_78' title="bbox 1856 1230 3515 1301">
    <p class='ocr_par' dir='ltr' id='par_1_78' title="bbox 1856 1230 3515 1301">
     <span class='ocr_line' id='line_1_78' title="bbox 1856 1230 3515 1301; baseline 0.001 -18"><span class='ocrx_word' id='word_1_612' title='bbox 1856 1232 1985 1300; x_wconf 72' lang='grc' dir='ltr'>περὶ</span> <span class='ocrx_word' id='word_1_613' title='bbox 2029 1230 2138 1284; x_wconf 86' lang='grc' dir='ltr'>τῶν</span> <span class='ocrx_word' id='word_1_614' title='bbox 2189 1234 2248 1284; x_wconf 89' lang='grc' dir='ltr'>ἐν</span> <span class='ocrx_word' id='word_1_615' title='bbox 2301 1234 2411 1293; x_wconf 90' lang='grc' dir='ltr'>τοῖς</span> <span class='ocrx_word' id='word_1_616' title='bbox 2443 1230 2691 1301; x_wconf 83' lang='grc' dir='ltr'>οὐρανοῖς</span> <span class='ocrx_word' id='word_1_617' title='bbox 2723 1231 3062 1301; x_wconf 83' lang='grc' dir='ltr'>πραγμάτων</span> <span class='ocrx_word' id='word_1_618' title='bbox 3088 1230 3427 1299; x_wconf 74' lang='grc' dir='ltr'>φιλοσοφεῖςς</span> <span class='ocrx_word' id='word_1_619' title='bbox 3490 1261 3515 1267; x_wconf 56' lang='grc' dir='ltr'>λι</span> 
     </span>
    </p>
   </div>
   <div class='ocr_carea' id='block_1_79' title="bbox 1868 1312 3427 1382">
    <p class='ocr_par' dir='ltr' id='par_1_79' title="bbox 1868 1312 3427 1382">
     <span class='ocr_line' id='line_1_79' title="bbox 1868 1312 3427 1382; baseline 0 -16"><span class='ocrx_word' id='word_1_620' title='bbox 1868 1314 2008 1367; x_wconf 84' lang='grc' dir='ltr'>Ἀλλ’</span> <span class='ocrx_word' id='word_1_621' title='bbox 2033 1312 2197 1377; x_wconf 74' lang='grc' dir='ltr'>οἶδας,</span> <span class='ocrx_word' id='word_1_622' title='bbox 2222 1316 2303 1367; x_wconf 85' lang='grc' dir='ltr'>ὅτι</span> <span class='ocrx_word' id='word_1_623' title='bbox 2333 1314 2535 1379; x_wconf 87' lang='grc' dir='ltr'>κακόν;</span> <span class='ocrx_word' id='word_1_624' title='bbox 2590 1312 2798 1365; x_wconf 88' lang='grc' dir='ltr'>Οὐκοῦν</span> <span class='ocrx_word' id='word_1_625' title='bbox 2843 1313 3026 1381; x_wconf 76' lang='grc' dir='ltr'>μεῖζον</span> <span class='ocrx_word' id='word_1_626' title='bbox 3057 1313 3117 1365; x_wconf 79' lang='grc' dir='ltr'>τὸ</span> <span class='ocrx_word' id='word_1_627' title='bbox 3153 1312 3427 1382; x_wconf 74' lang='grc' dir='ltr'>ἕκγλημα,</span> 
     </span>
    </p>
   </div>
   <div class='ocr_carea' id='block_1_80' title="bbox 1855 1394 3427 1466">
    <p class='ocr_par' dir='ltr' id='par_1_80' title="bbox 1855 1394 3427 1466">
     <span class='ocr_line' id='line_1_80' title="bbox 1855 1394 3427 1466; baseline 0.001 -18"><span class='ocrx_word' id='word_1_628' title='bbox 1855 1395 1937 1448; x_wconf 82' lang='grc' dir='ltr'>ὅτι</span> <span class='ocrx_word' id='word_1_629' title='bbox 1971 1397 2064 1450; x_wconf 73' lang='grc' dir='ltr'>καὶ</span> <span class='ocrx_word' id='word_1_630' title='bbox 2092 1397 2248 1459; x_wconf 85' lang='grc' dir='ltr'>εἰδὼς</span> <span class='ocrx_word' id='word_1_631' title='bbox 2281 1396 2637 1466; x_wconf 86' lang='grc' dir='ltr'>πλημμελεῖς.</span> <span class='ocrx_word' id='word_1_632' title='bbox 2671 1396 2777 1449; x_wconf 78' lang='grc' dir='ltr'>Καὶ</span> <span class='ocrx_word' id='word_1_633' title='bbox 2806 1395 2857 1447; x_wconf 87' lang='grc' dir='ltr'>τί</span> <span class='ocrx_word' id='word_1_634' title='bbox 2886 1395 3028 1462; x_wconf 89' lang='grc' dir='ltr'>λέγω</span> <span class='ocrx_word' id='word_1_635' title='bbox 3050 1394 3139 1447; x_wconf 82' lang='grc' dir='ltr'>τὸν</span> <span class='ocrx_word' id='word_1_636' title='bbox 3160 1395 3427 1463; x_wconf 77' lang='grc' dir='ltr'>’Έλληνας</span> 
     </span>
    </p>
   </div>
   <div class='ocr_carea' id='block_1_81' title="bbox 1857 1476 3430 1549">
    <p class='ocr_par' dir='ltr' id='par_1_81' title="bbox 1857 1476 3430 1549">
     <span class='ocr_line' id='line_1_81' title="bbox 1857 1476 3430 1549; baseline 0 -19"><span class='ocrx_word' id='word_1_637' title='bbox 1857 1478 1991 1531; x_wconf 83' lang='grc' dir='ltr'>Οὐδὲ</span> <span class='ocrx_word' id='word_1_638' title='bbox 2044 1479 2151 1549; x_wconf 89' lang='lat'>7&amp;9</span> <span class='ocrx_word' id='word_1_639' title='bbox 2201 1479 2251 1531; x_wconf 88' lang='grc' dir='ltr'>οί</span> <span class='ocrx_word' id='word_1_640' title='bbox 2304 1479 2434 1548; x_wconf 85' lang='grc' dir='ltr'>παρ’</span> <span class='ocrx_word' id='word_1_641' title='bbox 2488 1480 2617 1547; x_wconf 89' lang='grc' dir='ltr'>ήμίν</span> <span class='ocrx_word' id='word_1_642' title='bbox 2670 1478 2822 1547; x_wconf 88' lang='grc' dir='ltr'>νόμοι</span> <span class='ocrx_word' id='word_1_643' title='bbox 2876 1476 3249 1545; x_wconf 83' lang='grc' dir='ltr'>συγχωροῦσιν</span> <span class='ocrx_word' id='word_1_644' title='bbox 3296 1478 3430 1547; x_wconf 78' lang='grc' dir='ltr'>ἡμῖν</span> 
     </span>
    </p>
   </div>
   <div class='ocr_carea' id='block_1_82' title="bbox 1854 1558 3430 1631">
    <p class='ocr_par' dir='ltr' id='par_1_82' title="bbox 1854 1558 3430 1631">
     <span class='ocr_line' id='line_1_82' title="bbox 1854 1558 3430 1631; baseline 0.001 -19"><span class='ocrx_word' id='word_1_645' title='bbox 1854 1559 2057 1631; x_wconf 86' lang='grc' dir='ltr'>ταύτης</span> <span class='ocrx_word' id='word_1_646' title='bbox 2082 1560 2376 1621; x_wconf 76' lang='grc' dir='ltr'>ἀπολαύειν</span> <span class='ocrx_word' id='word_1_647' title='bbox 2408 1561 2506 1631; x_wconf 80' lang='grc' dir='ltr'>τῆς</span> <span class='ocrx_word' id='word_1_648' title='bbox 2541 1560 2875 1630; x_wconf 79' lang='grc' dir='ltr'>παρῤησίας,</span> <span class='ocrx_word' id='word_1_649' title='bbox 2910 1560 3037 1612; x_wconf 82' lang='grc' dir='ltr'>ὅταν</span> <span class='ocrx_word' id='word_1_650' title='bbox 3070 1560 3098 1611; x_wconf 80' lang='lat'>6</span> <span class='ocrx_word' id='word_1_651' title='bbox 3134 1558 3243 1628; x_wconf 88' lang='grc' dir='ltr'>βίος</span> <span class='ocrx_word' id='word_1_652' title='bbox 3272 1559 3430 1629; x_wconf 85' lang='grc' dir='ltr'>ἡμῶν</span> 
     </span>
    </p>
   </div>
   <div class='ocr_carea' id='block_1_83' title="bbox 1853 1638 3429 1718">
    <p class='ocr_par' dir='ltr' id='par_1_83' title="bbox 1853 1638 3429 1718">
     <span class='ocr_line' id='line_1_83' title="bbox 1853 1638 3429 1718; baseline 0 -21"><span class='ocrx_word' id='word_1_653' title='bbox 1853 1641 2328 1718; x_wconf 86' lang='grc' dir='ltr'>διεφθαρμένος</span> <span class='ocrx_word' id='word_1_654' title='bbox 2360 1643 2445 1708; x_wconf 81' lang='grc' dir='ltr'>Τῷ</span> <span class='ocrx_word' id='word_1_655' title='bbox 2481 1644 2590 1713; x_wconf 88' lang='lat'>7&amp;9</span> <span class='ocrx_word' id='word_1_656' title='bbox 2612 1642 2953 1711; x_wconf 77' lang='grc' dir='ltr'>ἁμαρτωλῷ,</span> <span class='ocrx_word' id='word_1_657' title='bbox 2989 1643 3174 1712; x_wconf 79' lang='grc' dir='ltr'>φησὶν,</span> <span class='ocrx_word' id='word_1_658' title='bbox 3200 1638 3370 1697; x_wconf 71' lang='grc' dir='ltr'>εἶπεν</span> <span class='ocrx_word' id='word_1_659' title='bbox 3396 1647 3429 1697; x_wconf 85' lang='grc' dir='ltr'>ὀ</span> 
     </span>
    </p>
   </div>
   <div class='ocr_carea' id='block_1_84' title="bbox 1858 1723 3430 1793">
    <p class='ocr_par' dir='ltr' id='par_1_84' title="bbox 1858 1723 3430 1793">
     <span class='ocr_line' id='line_1_84' title="bbox 1858 1723 3430 1793; baseline 0 -14"><span class='ocrx_word' id='word_1_660' title='bbox 1858 1727 2033 1792; x_wconf 75' lang='grc' dir='ltr'>Θεόςο</span> <span class='ocrx_word' id='word_1_661' title='bbox 2088 1728 2223 1780; x_wconf 82' lang='grc' dir='ltr'>Ἵνα</span> <span class='ocrx_word' id='word_1_662' title='bbox 2249 1724 2306 1779; x_wconf 71' lang='grc' dir='ltr'>τί</span> <span class='ocrx_word' id='word_1_663' title='bbox 2358 1726 2439 1781; x_wconf 88' lang='grc' dir='ltr'>σὺ</span> <span class='ocrx_word' id='word_1_664' title='bbox 2496 1723 2743 1793; x_wconf 74' lang='grc' dir='ltr'>ἐκδιηγῇ</span> <span class='ocrx_word' id='word_1_665' title='bbox 2789 1724 2859 1778; x_wconf 86' lang='grc' dir='ltr'>τὰ</span> <span class='ocrx_word' id='word_1_666' title='bbox 2887 1723 3244 1793; x_wconf 79' lang='grc' dir='ltr'>δικαιώματά</span> <span class='ocrx_word' id='word_1_667' title='bbox 3271 1742 3430 1793; x_wconf 86' lang='grc' dir='ltr'>μου;</span> 
     </span>
    </p>
   </div>
   <div class='ocr_carea' id='block_1_85' title="bbox 1867 1806 3430 1877">
    <p class='ocr_par' dir='ltr' id='par_1_85' title="bbox 1867 1806 3430 1877">
     <span class='ocr_line' id='line_1_85' title="bbox 1867 1806 3430 1877; baseline 0 -17"><span class='ocrx_word' id='word_1_668' title='bbox 1867 1807 2280 1877; x_wconf 83' lang='grc' dir='ltr'>Ἀπηνέχθησάν</span> <span class='ocrx_word' id='word_1_669' title='bbox 2314 1824 2443 1861; x_wconf 88' lang='grc' dir='ltr'>ποτε</span> <span class='ocrx_word' id='word_1_670' title='bbox 2499 1808 2835 1877; x_wconf 78' lang='grc' dir='ltr'>αἰχμάλωτοι</span> <span class='ocrx_word' id='word_1_671' title='bbox 2868 1806 3125 1869; x_wconf 83' lang='grc' dir='ltr'>Ἰουδαῖοι,</span> <span class='ocrx_word' id='word_1_672' title='bbox 3173 1808 3268 1861; x_wconf 73' lang='grc' dir='ltr'>καὶ</span> <span class='ocrx_word' id='word_1_673' title='bbox 3322 1807 3430 1860; x_wconf 89' lang='grc' dir='ltr'>τῶν</span> 
     </span>
    </p>
   </div>
   <div class='ocr_carea' id='block_1_86' title="bbox 1855 1889 3431 1962">
    <p class='ocr_par' dir='ltr' id='par_1_86' title="bbox 1855 1889 3431 1962">
     <span class='ocr_line' id='line_1_86' title="bbox 1855 1889 3431 1962; baseline 0 -19"><span class='ocrx_word' id='word_1_674' title='bbox 1855 1890 2084 1962; x_wconf 84' lang='grc' dir='ltr'>Περσῶν</span> <span class='ocrx_word' id='word_1_675' title='bbox 2115 1892 2478 1962; x_wconf 74' lang='grc' dir='ltr'>ἐπικειμένων</span> <span class='ocrx_word' id='word_1_676' title='bbox 2510 1893 2606 1943; x_wconf 78' lang='grc' dir='ltr'>καὶ</span> <span class='ocrx_word' id='word_1_677' title='bbox 2635 1891 2927 1955; x_wconf 83' lang='grc' dir='ltr'>ἀξιούντων</span> <span class='ocrx_word' id='word_1_678' title='bbox 2960 1889 3104 1961; x_wconf 79' lang='grc' dir='ltr'>ᾅδειν</span> <span class='ocrx_word' id='word_1_679' title='bbox 3127 1891 3308 1953; x_wconf 89' lang='grc' dir='ltr'>αὐτοῖς</span> <span class='ocrx_word' id='word_1_680' title='bbox 3333 1891 3431 1953; x_wconf 83' lang='grc' dir='ltr'>τὰς</span> 
     </span>
    </p>
   </div>
   <div class='ocr_carea' id='block_1_87' title="bbox 1855 1971 3431 2045">
    <p class='ocr_par' dir='ltr' id='par_1_87' title="bbox 1855 1971 3431 2045">
     <span class='ocr_line' id='line_1_87' title="bbox 1855 1971 3431 2045; baseline -0.001 -18"><span class='ocrx_word' id='word_1_681' title='bbox 1855 1972 2006 2038; x_wconf 84' lang='grc' dir='ltr'>θείας</span> <span class='ocrx_word' id='word_1_682' title='bbox 2028 1974 2169 2045; x_wconf 80' lang='grc' dir='ltr'>ᾠδάς</span> <span class='ocrx_word' id='word_1_683' title='bbox 2190 1976 2424 2038; x_wconf 82' lang='grc' dir='ltr'>ἐκείνας,</span> <span class='ocrx_word' id='word_1_684' title='bbox 2450 1974 2635 2041; x_wconf 80' lang='grc' dir='ltr'>ελεγον</span> <span class='ocrx_word' id='word_1_685' title='bbox 2657 1991 2668 2002; x_wconf 70' lang='grc' dir='ltr'><strong><em>ο</em></strong></span> <span class='ocrx_word' id='word_1_686' title='bbox 2706 1972 2837 2037; x_wconf 85' lang='grc' dir='ltr'>Πῶς</span> <span class='ocrx_word' id='word_1_687' title='bbox 2856 1971 3085 2042; x_wconf 76' lang='grc' dir='ltr'>ᾆσομεν</span> <span class='ocrx_word' id='word_1_688' title='bbox 3118 1972 3233 2041; x_wconf 80' lang='grc' dir='ltr'>τὴν</span> <span class='ocrx_word' id='word_1_689' title='bbox 3266 1972 3431 2041; x_wconf 76' lang='grc' dir='ltr'>ᾠδὴν</span> 
     </span>
    </p>
   </div>
   <div class='ocr_carea' id='block_1_88' title="bbox 1854 2053 3427 2125">
    <p class='ocr_par' dir='ltr' id='par_1_88' title="bbox 1854 2053 3427 2125">
     <span class='ocr_line' id='line_1_88' title="bbox 1854 2053 3427 2125; baseline 0.001 -17"><span class='ocrx_word' id='word_1_690' title='bbox 1854 2057 2075 2124; x_wconf 73' lang='grc' dir='ltr'>Κυρίου</span> <span class='ocrx_word' id='word_1_691' title='bbox 2108 2056 2206 2109; x_wconf 78' lang='grc' dir='ltr'>ἐπὶ</span> <span class='ocrx_word' id='word_1_692' title='bbox 2230 2056 2345 2124; x_wconf 82' lang='grc' dir='ltr'>γῆς</span> <span class='ocrx_word' id='word_1_693' title='bbox 2376 2057 2739 2123; x_wconf 80' lang='grc' dir='ltr'>ἀλλοτρίας;</span> <span class='ocrx_word' id='word_1_694' title='bbox 2788 2056 2850 2107; x_wconf 88' lang='grc' dir='ltr'>Εἰ</span> <span class='ocrx_word' id='word_1_695' title='bbox 2892 2055 2948 2108; x_wconf 82' lang='grc' dir='ltr'>δὲ</span> <span class='ocrx_word' id='word_1_696' title='bbox 2980 2056 3038 2108; x_wconf 91' lang='grc' dir='ltr'>ἐν</span> <span class='ocrx_word' id='word_1_697' title='bbox 3069 2053 3328 2125; x_wconf 86' lang='grc' dir='ltr'>βαρϐάρῳ</span> <span class='ocrx_word' id='word_1_698' title='bbox 3358 2058 3427 2125; x_wconf 75' lang='grc' dir='ltr'>γῇ</span> 
     </span>
    </p>
   </div>
   <div class='ocr_carea' id='block_1_89' title="bbox 1851 2132 3429 2206">
    <p class='ocr_par' dir='ltr' id='par_1_89' title="bbox 1851 2132 3429 2206">
     <span class='ocr_line' id='line_1_89' title="bbox 1851 2132 3429 2206; baseline -0.001 -17"><span class='ocrx_word' id='word_1_699' title='bbox 1851 2136 1924 2189; x_wconf 85' lang='grc' dir='ltr'>τά</span> <span class='ocrx_word' id='word_1_700' title='bbox 1971 2137 2126 2205; x_wconf 89' lang='grc' dir='ltr'>λόγια</span> <span class='ocrx_word' id='word_1_701' title='bbox 2174 2137 2267 2190; x_wconf 87' lang='grc' dir='ltr'>τοῦ</span> <span class='ocrx_word' id='word_1_702' title='bbox 2296 2137 2432 2191; x_wconf 91' lang='grc' dir='ltr'>Θεοῦ</span> <span class='ocrx_word' id='word_1_703' title='bbox 2458 2137 2613 2206; x_wconf 86' lang='grc' dir='ltr'>θέμις</span> <span class='ocrx_word' id='word_1_704' title='bbox 2641 2138 2741 2190; x_wconf 90' lang='grc' dir='ltr'>οὐκ</span> <span class='ocrx_word' id='word_1_705' title='bbox 2773 2132 2841 2205; x_wconf 78' lang='grc' dir='ltr'>ἦν</span> <span class='ocrx_word' id='word_1_706' title='bbox 2863 2136 3031 2206; x_wconf 81' lang='grc' dir='ltr'>ᾅδειν,</span> <span class='ocrx_word' id='word_1_707' title='bbox 3064 2135 3244 2205; x_wconf 81' lang='grc' dir='ltr'>πολλῷ</span> <span class='ocrx_word' id='word_1_708' title='bbox 3293 2137 3429 2206; x_wconf 80' lang='grc' dir='ltr'>μᾶλ-</span> 
     </span>
    </p>
   </div>
   <div class='ocr_carea' id='block_1_90' title="bbox 1853 2218 3426 2290">
    <p class='ocr_par' dir='ltr' id='par_1_90' title="bbox 1853 2218 3426 2290">
     <span class='ocr_line' id='line_1_90' title="bbox 1853 2218 3426 2290; baseline -0.001 -19"><span class='ocrx_word' id='word_1_709' title='bbox 1853 2218 1945 2271; x_wconf 90' lang='grc' dir='ltr'>λον</span> <span class='ocrx_word' id='word_1_710' title='bbox 1985 2218 2084 2289; x_wconf 82' lang='grc' dir='ltr'>τήν</span> <span class='ocrx_word' id='word_1_711' title='bbox 2135 2218 2409 2290; x_wconf 87' lang='grc' dir='ltr'>βάρϐαρον</span> <span class='ocrx_word' id='word_1_712' title='bbox 2457 2219 2671 2289; x_wconf 78' lang='grc' dir='ltr'>ψυχήν;</span> <span class='ocrx_word' id='word_1_713' title='bbox 2728 2218 2999 2288; x_wconf 87' lang='grc' dir='ltr'>βάρϐαρος</span> <span class='ocrx_word' id='word_1_714' title='bbox 3052 2218 3160 2288; x_wconf 86' lang='grc' dir='ltr'>γάρ</span> <span class='ocrx_word' id='word_1_715' title='bbox 3198 2218 3346 2270; x_wconf 84' lang='grc' dir='ltr'>ἐστιν</span> <span class='ocrx_word' id='word_1_716' title='bbox 3392 2218 3426 2287; x_wconf 83' lang='grc' dir='ltr'>ή</span> 
     </span>
    </p>
   </div>
   <div class='ocr_carea' id='block_1_91' title="bbox 1854 2299 3425 2372">
    <p class='ocr_par' dir='ltr' id='par_1_91' title="bbox 1854 2299 3425 2372">
     <span class='ocr_line' id='line_1_91' title="bbox 1854 2299 3425 2372; baseline -0.001 -18"><span class='ocrx_word' id='word_1_717' title='bbox 1854 2300 2077 2372; x_wconf 84' lang='grc' dir='ltr'>ἀνελεὴς</span> <span class='ocrx_word' id='word_1_718' title='bbox 2130 2301 2296 2372; x_wconf 74' lang='grc' dir='ltr'>ψυχή.</span> <span class='ocrx_word' id='word_1_719' title='bbox 2362 2302 2425 2354; x_wconf 66' lang='lat' dir='ltr'><strong>Et</strong></span> <span class='ocrx_word' id='word_1_720' title='bbox 2481 2301 2589 2371; x_wconf 87' lang='lat'>7&amp;9</span> <span class='ocrx_word' id='word_1_721' title='bbox 2637 2302 2763 2363; x_wconf 83' lang='grc' dir='ltr'>τοὺς</span> <span class='ocrx_word' id='word_1_722' title='bbox 2814 2300 3190 2370; x_wconf 74' lang='grc' dir='ltr'>αἰχμαλώτους</span> <span class='ocrx_word' id='word_1_723' title='bbox 3242 2299 3425 2363; x_wconf 73' lang='grc' dir='ltr'>ὄντας,</span> 
     </span>
    </p>
   </div>
   <div class='ocr_carea' id='block_1_92' title="bbox 1855 2381 3425 2455">
    <p class='ocr_par' dir='ltr' id='par_1_92' title="bbox 1855 2381 3425 2455">
     <span class='ocr_line' id='line_1_92' title="bbox 1855 2381 3425 2455; baseline -0.002 -19"><span class='ocrx_word' id='word_1_724' title='bbox 1855 2384 1948 2437; x_wconf 80' lang='grc' dir='ltr'>καὶ</span> <span class='ocrx_word' id='word_1_725' title='bbox 1988 2383 2206 2447; x_wconf 90' lang='grc' dir='ltr'>δούλους</span> <span class='ocrx_word' id='word_1_726' title='bbox 2243 2382 2543 2455; x_wconf 85' lang='grc' dir='ltr'>ἀνθρώπων</span> <span class='ocrx_word' id='word_1_727' title='bbox 2597 2384 2655 2436; x_wconf 84' lang='grc' dir='ltr'>ἐν</span> <span class='ocrx_word' id='word_1_728' title='bbox 2684 2381 2939 2452; x_wconf 79' lang='grc' dir='ltr'>ἀλλοτρίᾳ</span> <span class='ocrx_word' id='word_1_729' title='bbox 2978 2385 3050 2453; x_wconf 77' lang='grc' dir='ltr'>γῇ</span> <span class='ocrx_word' id='word_1_730' title='bbox 3103 2382 3425 2452; x_wconf 87' lang='grc' dir='ltr'>γενομένους</span> 
     </span>
    </p>
   </div>
   <div class='ocr_carea' id='block_1_93' title="bbox 1853 2463 3426 2536">
    <p class='ocr_par' dir='ltr' id='par_1_93' title="bbox 1853 2463 3426 2536">
     <span class='ocr_line' id='line_1_93' title="bbox 1853 2463 3426 2536; baseline -0.002 -18"><span class='ocrx_word' id='word_1_731' title='bbox 1853 2467 1883 2518; x_wconf 92' lang='grc' dir='ltr'>ὀ</span> <span class='ocrx_word' id='word_1_732' title='bbox 1917 2466 2079 2536; x_wconf 88' lang='grc' dir='ltr'>νόμος</span> <span class='ocrx_word' id='word_1_733' title='bbox 2102 2466 2353 2519; x_wconf 79' lang='grc' dir='ltr'>ἐκάθισεν</span> <span class='ocrx_word' id='word_1_734' title='bbox 2387 2465 2538 2536; x_wconf 69' lang='grc'>[481]</span> <span class='ocrx_word' id='word_1_735' title='bbox 2568 2468 2624 2518; x_wconf 91' lang='grc' dir='ltr'>ἐν</span> <span class='ocrx_word' id='word_1_736' title='bbox 2653 2467 2778 2534; x_wconf 84' lang='grc' dir='ltr'>σιγῇ</span> <span class='ocrx_word' id='word_1_737' title='bbox 2800 2480 2814 2494; x_wconf 76' lang='grc'><strong>⁸</strong></span> <span class='ocrx_word' id='word_1_738' title='bbox 2867 2463 3045 2532; x_wconf 84' lang='grc' dir='ltr'>πολλῷ</span> <span class='ocrx_word' id='word_1_739' title='bbox 3074 2464 3271 2534; x_wconf 80' lang='grc' dir='ltr'>μᾶλλον</span> <span class='ocrx_word' id='word_1_740' title='bbox 3299 2465 3426 2525; x_wconf 75' lang='grc' dir='ltr'>τοὺς</span> 
     </span>
    </p>
   </div>
   <div class='ocr_carea' id='block_1_94' title="bbox 1852 2546 3426 2619">
    <p class='ocr_par' dir='ltr' id='par_1_94' title="bbox 1852 2546 3426 2619">
     <span class='ocr_line' id='line_1_94' title="bbox 1852 2546 3426 2619; baseline -0.003 -16"><span class='ocrx_word' id='word_1_741' title='bbox 1852 2550 2071 2613; x_wconf 86' lang='grc' dir='ltr'>δούλους</span> <span class='ocrx_word' id='word_1_742' title='bbox 2101 2550 2259 2612; x_wconf 76' lang='grc' dir='ltr'>ὄντας</span> <span class='ocrx_word' id='word_1_743' title='bbox 2288 2549 2389 2618; x_wconf 81' lang='grc' dir='ltr'>τῆς</span> <span class='ocrx_word' id='word_1_744' title='bbox 2416 2548 2689 2619; x_wconf 82' lang='grc' dir='ltr'>ἁμαρτίας</span> <span class='ocrx_word' id='word_1_745' title='bbox 2741 2548 2837 2600; x_wconf 71' lang='grc' dir='ltr'>καὶ</span> <span class='ocrx_word' id='word_1_746' title='bbox 2887 2549 2943 2599; x_wconf 91' lang='grc' dir='ltr'>ἐν</span> <span class='ocrx_word' id='word_1_747' title='bbox 2986 2546 3243 2617; x_wconf 82' lang='grc' dir='ltr'>ἀλλοτρίᾳ</span> <span class='ocrx_word' id='word_1_748' title='bbox 3274 2546 3426 2599; x_wconf 88' lang='grc' dir='ltr'>πολι-</span> 
     </span>
    </p>
   </div>
   <div class='ocr_carea' id='block_1_95' title="bbox 1852 2628 3429 2704">
    <p class='ocr_par' dir='ltr' id='par_1_95' title="bbox 1852 2628 3429 2704">
     <span class='ocr_line' id='line_1_95' title="bbox 1852 2628 3429 2704; baseline -0.002 -19"><span class='ocrx_word' id='word_1_749' title='bbox 1852 2633 1973 2703; x_wconf 83' lang='grc' dir='ltr'>τείᾳ</span> <span class='ocrx_word' id='word_1_750' title='bbox 2003 2633 2327 2704; x_wconf 88' lang='grc' dir='ltr'>γενομένους</span> <span class='ocrx_word' id='word_1_751' title='bbox 2358 2630 2799 2702; x_wconf 77' lang='grc' dir='ltr'>ἐπιστομίζεσθαι</span> <span class='ocrx_word' id='word_1_752' title='bbox 2844 2630 3070 2683; x_wconf 88' lang='grc' dir='ltr'>δίκαιον.</span> <span class='ocrx_word' id='word_1_753' title='bbox 3111 2628 3301 2682; x_wconf 84' lang='grc' dir='ltr'>Καίτοι</span> <span class='ocrx_word' id='word_1_754' title='bbox 3333 2630 3429 2683; x_wconf 74' lang='grc' dir='ltr'>καὶ</span> 
     </span>
    </p>
   </div>
   <div class='ocr_carea' id='block_1_96' title="bbox 1853 2711 3428 2786">
    <p class='ocr_par' dir='ltr' id='par_1_96' title="bbox 1853 2711 3428 2786">
     <span class='ocr_line' id='line_1_96' title="bbox 1853 2711 3428 2786; baseline -0.002 -18"><span class='ocrx_word' id='word_1_755' title='bbox 1853 2714 1924 2768; x_wconf 86' lang='grc' dir='ltr'>τὰ</span> <span class='ocrx_word' id='word_1_756' title='bbox 1944 2716 2150 2786; x_wconf 77' lang='grc' dir='ltr'>ὄργανα</span> <span class='ocrx_word' id='word_1_757' title='bbox 2179 2711 2325 2784; x_wconf 83' lang='grc' dir='ltr'>εἶχον</span> <span class='ocrx_word' id='word_1_758' title='bbox 2351 2716 2471 2768; x_wconf 91' lang='grc' dir='ltr'>τότε</span> <span class='ocrx_word' id='word_1_759' title='bbox 2517 2716 2745 2766; x_wconf 85' lang='grc' dir='ltr'>ἐκεῖνοι·</span> <span class='ocrx_word' id='word_1_760' title='bbox 2811 2711 2918 2765; x_wconf 81' lang='grc' dir='ltr'>Ἐν</span> <span class='ocrx_word' id='word_1_761' title='bbox 2951 2713 3060 2782; x_wconf 88' lang='lat'>7&amp;9</span> <span class='ocrx_word' id='word_1_762' title='bbox 3086 2712 3216 2777; x_wconf 82' lang='grc' dir='ltr'>ταῖς</span> <span class='ocrx_word' id='word_1_763' title='bbox 3247 2711 3428 2777; x_wconf 80' lang='grc' dir='ltr'>ίτέαις</span> 
     </span>
    </p>
   </div>
   <div class='ocr_carea' id='block_1_97' title="bbox 1853 2792 3425 2866">
    <p class='ocr_par' dir='ltr' id='par_1_97' title="bbox 1853 2792 3425 2866">
     <span class='ocr_line' id='line_1_97' title="bbox 1853 2792 3425 2866; baseline -0.004 -14"><span class='ocrx_word' id='word_1_764' title='bbox 1853 2798 1924 2851; x_wconf 81' lang='grc' dir='ltr'>ἐν</span> <span class='ocrx_word' id='word_1_765' title='bbox 1965 2797 2136 2866; x_wconf 84' lang='grc' dir='ltr'>μέσῳ</span> <span class='ocrx_word' id='word_1_766' title='bbox 2185 2796 2413 2863; x_wconf 81' lang='grc' dir='ltr'>αὐτῆς,</span> <span class='ocrx_word' id='word_1_767' title='bbox 2475 2796 2673 2863; x_wconf 65' lang='grc' dir='ltr'>φησιν,</span> <span class='ocrx_word' id='word_1_768' title='bbox 2727 2793 3138 2863; x_wconf 79' lang='grc' dir='ltr'>ἐκρεμάσαμεν</span> <span class='ocrx_word' id='word_1_769' title='bbox 3196 2792 3269 2846; x_wconf 84' lang='grc' dir='ltr'>τὰ</span> <span class='ocrx_word' id='word_1_770' title='bbox 3328 2794 3425 2859; x_wconf 80' lang='lat' dir='ltr'>6p-</span> 
     </span>
    </p>
   </div>
   <div class='ocr_carea' id='block_1_98' title="bbox 1854 2874 3426 2949">
    <p class='ocr_par' dir='ltr' id='par_1_98' title="bbox 1854 2874 3426 2949">
     <span class='ocr_line' id='line_1_98' title="bbox 1854 2874 3426 2949; baseline -0.004 -17"><span class='ocrx_word' id='word_1_771' title='bbox 1854 2896 2008 2949; x_wconf 78' lang='grc' dir='ltr'>γανα</span> <span class='ocrx_word' id='word_1_772' title='bbox 2044 2878 2247 2947; x_wconf 76' lang='grc' dir='ltr'>ἡμῶν·</span> <span class='ocrx_word' id='word_1_773' title='bbox 2306 2878 2421 2932; x_wconf 89' lang='grc' dir='ltr'>ἀλλ’</span> <span class='ocrx_word' id='word_1_774' title='bbox 2452 2878 2571 2930; x_wconf 88' lang='grc' dir='ltr'>οὐδέ</span> <span class='ocrx_word' id='word_1_775' title='bbox 2626 2875 2800 2939; x_wconf 77' lang='grc' dir='ltr'>οὕτως</span> <span class='ocrx_word' id='word_1_776' title='bbox 2852 2876 2999 2945; x_wconf 79' lang='grc' dir='ltr'>ἐξῆν.</span> <span class='ocrx_word' id='word_1_777' title='bbox 3055 2875 3262 2929; x_wconf 83' lang='grc' dir='ltr'>Οὐκοῦν</span> <span class='ocrx_word' id='word_1_778' title='bbox 3307 2874 3426 2927; x_wconf 81' lang='grc' dir='ltr'>οὐδὲ</span> 
     </span>
    </p>
   </div>
   <div class='ocr_carea' id='block_1_99' title="bbox 1854 2957 3428 3033">
    <p class='ocr_par' dir='ltr' id='par_1_99' title="bbox 1854 2957 3428 3033">
     <span class='ocr_line' id='line_1_99' title="bbox 1854 2957 3428 3033; baseline -0.003 -19"><span class='ocrx_word' id='word_1_779' title='bbox 1854 2963 2008 3033; x_wconf 82' lang='grc' dir='ltr'>ἡμῖν,</span> <span class='ocrx_word' id='word_1_780' title='bbox 2063 2961 2166 3015; x_wconf 81' lang='grc' dir='ltr'>κᾶν</span> <span class='ocrx_word' id='word_1_781' title='bbox 2205 2961 2381 3030; x_wconf 88' lang='grc' dir='ltr'>στόμα</span> <span class='ocrx_word' id='word_1_782' title='bbox 2414 2959 2625 3029; x_wconf 78' lang='grc' dir='ltr'>ἔχωμεν</span> <span class='ocrx_word' id='word_1_783' title='bbox 2658 2958 2753 3010; x_wconf 76' lang='grc' dir='ltr'>καὶ</span> <span class='ocrx_word' id='word_1_784' title='bbox 2802 2957 3067 3025; x_wconf 89' lang='grc' dir='ltr'>γλῶτταν,</span> <span class='ocrx_word' id='word_1_785' title='bbox 3105 2958 3245 3028; x_wconf 75' lang='grc' dir='ltr'>άπερ</span> <span class='ocrx_word' id='word_1_786' title='bbox 3283 2957 3428 3010; x_wconf 79' lang='grc' dir='ltr'>ἐστὶν</span> 
     </span>
    </p>
   </div>
   <div class='ocr_carea' id='block_1_100' title="bbox 1854 3038 3428 3115">
    <p class='ocr_par' dir='ltr' id='par_1_100' title="bbox 1854 3038 3428 3115">
     <span class='ocr_line' id='line_1_100' title="bbox 1854 3038 3428 3115; baseline -0.004 -18"><span class='ocrx_word' id='word_1_787' title='bbox 1854 3044 2060 3115; x_wconf 75' lang='grc' dir='ltr'>ὄργανα</span> <span class='ocrx_word' id='word_1_788' title='bbox 2109 3042 2203 3096; x_wconf 85' lang='grc' dir='ltr'>τοῦ</span> <span class='ocrx_word' id='word_1_789' title='bbox 2239 3043 2420 3109; x_wconf 89' lang='grc' dir='ltr'>λόγου,</span> <span class='ocrx_word' id='word_1_790' title='bbox 2462 3041 2620 3110; x_wconf 83' lang='grc' dir='ltr'>θέμις</span> <span class='ocrx_word' id='word_1_791' title='bbox 2670 3038 3163 3110; x_wconf 76' lang='grc' dir='ltr'>παρρησιάζεσθαι,</span> <span class='ocrx_word' id='word_1_792' title='bbox 3220 3038 3325 3101; x_wconf 69' lang='grc' dir='ltr'>ἕως</span> <span class='ocrx_word' id='word_1_793' title='bbox 3360 3038 3428 3091; x_wconf 80' lang='grc' dir='ltr'>ἂν</span> 
     </span>
    </p>
   </div>
   <div class='ocr_carea' id='block_1_101' title="bbox 1854 3121 3429 3199">
    <p class='ocr_par' dir='ltr' id='par_1_101' title="bbox 1854 3121 3429 3199">
     <span class='ocr_line' id='line_1_101' title="bbox 1854 3121 3429 3199; baseline -0.004 -18"><span class='ocrx_word' id='word_1_794' title='bbox 1854 3130 1922 3199; x_wconf 82' lang='grc' dir='ltr'>τῇ</span> <span class='ocrx_word' id='word_1_795' title='bbox 1980 3128 2200 3181; x_wconf 87' lang='grc' dir='ltr'>πάντων</span> <span class='ocrx_word' id='word_1_796' title='bbox 2248 3126 2538 3199; x_wconf 86' lang='grc' dir='ltr'>βαρϐάρων</span> <span class='ocrx_word' id='word_1_797' title='bbox 2597 3124 3039 3195; x_wconf 77' lang='grc' dir='ltr'>τυραννικωτέρᾳ</span> <span class='ocrx_word' id='word_1_798' title='bbox 3092 3121 3429 3192; x_wconf 82' lang='grc' dir='ltr'>δουλεύωμεν</span> 
     </span>
    </p>
   </div>
   <div class='ocr_carea' id='block_1_102' title="bbox 1854 3209 2121 3280">
    <p class='ocr_par' dir='ltr' id='par_1_102' title="bbox 1854 3209 2121 3280">
     <span class='ocr_line' id='line_1_102' title="bbox 1854 3209 2121 3280; baseline -0.011 -16"><span class='ocrx_word' id='word_1_799' title='bbox 1854 3209 2121 3280; x_wconf 76' lang='grc' dir='ltr'>ἁμαρτία.</span> 
     </span>
    </p>
   </div>
   <div class='ocr_carea' id='block_1_103' title="bbox 1896 3228 3431 3363">
    <p class='ocr_par' dir='ltr' id='par_1_103' title="bbox 1896 3228 3431 3363">
     <span class='ocr_line' id='line_1_103' title="bbox 1896 3228 3431 3363; baseline -0.005 -15"><span class='ocrx_word' id='word_1_800' title='bbox 1896 3228 2230 3363; x_wconf 50' lang='grc' dir='ltr'>μὲἴτῖἐᾳ.γάρ</span> <span class='ocrx_word' id='word_1_801' title='bbox 2265 3308 2378 3363; x_wconf 89' lang='grc' dir='ltr'>μοι,</span> <span class='ocrx_word' id='word_1_802' title='bbox 2422 3291 2475 3342; x_wconf 89' lang='grc' dir='ltr'>τί</span> <span class='ocrx_word' id='word_1_803' title='bbox 2516 3290 2654 3360; x_wconf 83' lang='grc' dir='ltr'>πρὸς</span> <span class='ocrx_word' id='word_1_804' title='bbox 2682 3289 2773 3343; x_wconf 75' lang='grc' dir='ltr'>τὸν</span> <span class='ocrx_word' id='word_1_805' title='bbox 2800 3288 3041 3358; x_wconf 85' lang='grc' dir='ltr'>Ἕλληνα</span> <span class='ocrx_word' id='word_1_806' title='bbox 3077 3288 3220 3358; x_wconf 84' lang='grc' dir='ltr'>ἐρεῖς</span> <span class='ocrx_word' id='word_1_807' title='bbox 3252 3286 3431 3357; x_wconf 86' lang='grc' dir='ltr'>ἀρπά-</span> 
     </span>
    </p>
   </div>
   <div class='ocr_carea' id='block_1_104' title="bbox 1857 3369 3427 3441">
    <p class='ocr_par' dir='ltr' id='par_1_104' title="bbox 1857 3369 3427 3441">
     <span class='ocr_line' id='line_1_104' title="bbox 1857 3369 3427 3441; baseline -0.004 -13"><span class='ocrx_word' id='word_1_808' title='bbox 1857 3374 1967 3439; x_wconf 81' lang='grc' dir='ltr'>ζων</span> <span class='ocrx_word' id='word_1_809' title='bbox 1995 3376 2089 3429; x_wconf 59' lang='grc' dir='ltr'>καί⁵</span> <span class='ocrx_word' id='word_1_810' title='bbox 2114 3373 2481 3439; x_wconf 87' lang='grc' dir='ltr'>πλεονεκτῶν;</span> <span class='ocrx_word' id='word_1_811' title='bbox 2518 3371 2788 3441; x_wconf 88' lang='grc' dir='ltr'>ἀπόστηθι</span> <span class='ocrx_word' id='word_1_812' title='bbox 2816 3374 2914 3441; x_wconf 85' lang='grc' dir='ltr'>τῆς</span> <span class='ocrx_word' id='word_1_813' title='bbox 2948 3369 3384 3440; x_wconf 82' lang='grc' dir='ltr'>εἰδωλολατρείας</span> <span class='ocrx_word' id='word_1_814' title='bbox 3412 3385 3427 3433; x_wconf 89' lang='grc'><strong>;</strong></span> 
     </span>
    </p>
   </div>
   <div class='ocr_carea' id='block_1_105' title="bbox 1857 3452 3431 3527">
    <p class='ocr_par' dir='ltr' id='par_1_105' title="bbox 1857 3452 3431 3527">
     <span class='ocr_line' id='line_1_105' title="bbox 1857 3452 3431 3527; baseline -0.005 -16"><span class='ocrx_word' id='word_1_815' title='bbox 1857 3458 2121 3527; x_wconf 83' lang='grc' dir='ltr'>ἐπίγνωθι</span> <span class='ocrx_word' id='word_1_816' title='bbox 2155 3458 2245 3510; x_wconf 74' lang='grc' dir='ltr'>τὸν</span> <span class='ocrx_word' id='word_1_817' title='bbox 2274 3457 2429 3519; x_wconf 81' lang='grc' dir='ltr'>Θεὸν,</span> <span class='ocrx_word' id='word_1_818' title='bbox 2479 3454 2613 3524; x_wconf 82' lang='grc' dir='ltr'>μηδέ</span> <span class='ocrx_word' id='word_1_819' title='bbox 2652 3455 2877 3525; x_wconf 86' lang='grc' dir='ltr'>ἀργύρῳ</span> <span class='ocrx_word' id='word_1_820' title='bbox 2916 3454 3010 3505; x_wconf 77' lang='grc' dir='ltr'>καὶ</span> <span class='ocrx_word' id='word_1_821' title='bbox 3049 3452 3234 3522; x_wconf 87' lang='grc' dir='ltr'>χρυσῷ</span> <span class='ocrx_word' id='word_1_822' title='bbox 3265 3452 3431 3521; x_wconf 85' lang='grc' dir='ltr'>πρόσ-</span> 
     </span>
    </p>
   </div>
   <div class='ocr_carea' id='block_1_106' title="bbox 1861 3533 3430 3612">
    <p class='ocr_par' dir='ltr' id='par_1_106' title="bbox 1861 3533 3430 3612">
     <span class='ocr_line' id='line_1_106' title="bbox 1861 3533 3430 3612; baseline -0.004 -18"><span class='ocrx_word' id='word_1_823' title='bbox 1861 3541 1934 3594; x_wconf 91' lang='grc' dir='ltr'>ιθι</span> <span class='ocrx_word' id='word_1_824' title='bbox 1957 3559 1972 3606; x_wconf 87' lang='grc'>;</span> <span class='ocrx_word' id='word_1_825' title='bbox 1998 3537 2123 3612; x_wconf 66' lang='grc' dir='ltr'>Ἆρ’</span> <span class='ocrx_word' id='word_1_826' title='bbox 2160 3536 2252 3594; x_wconf 82' lang='grc' dir='ltr'>οὖν</span> <span class='ocrx_word' id='word_1_827' title='bbox 2282 3539 2342 3591; x_wconf 92' lang='grc' dir='ltr'>οὐ</span> <span class='ocrx_word' id='word_1_828' title='bbox 2376 3538 2663 3606; x_wconf 87' lang='grc' dir='ltr'>γελάσεται</span> <span class='ocrx_word' id='word_1_829' title='bbox 2716 3538 2809 3588; x_wconf 74' lang='grc' dir='ltr'>καὶ</span> <span class='ocrx_word' id='word_1_830' title='bbox 2839 3536 2970 3605; x_wconf 83' lang='grc' dir='ltr'>ἐρεῖ·</span> <span class='ocrx_word' id='word_1_831' title='bbox 3029 3534 3218 3604; x_wconf 88' lang='grc' dir='ltr'>Σαυτῴ</span> <span class='ocrx_word' id='word_1_832' title='bbox 3260 3533 3430 3587; x_wconf 89' lang='grc' dir='ltr'>ταῦτα</span> 
     </span>
    </p>
   </div>
   <div class='ocr_carea' id='block_1_107' title="bbox 1856 3614 3432 3692">
    <p class='ocr_par' dir='ltr' id='par_1_107' title="bbox 1856 3614 3432 3692">
     <span class='ocr_line' id='line_1_107' title="bbox 1856 3614 3432 3692; baseline -0.003 -18"><span class='ocrx_word' id='word_1_833' title='bbox 1856 3622 2107 3690; x_wconf 85' lang='grc' dir='ltr'>διαλέγου</span> <span class='ocrx_word' id='word_1_834' title='bbox 2146 3622 2309 3692; x_wconf 87' lang='grc' dir='ltr'>πρότε</span> <span class='ocrx_word' id='word_1_835' title='bbox 2322 3638 2445 3692; x_wconf 88' lang='grc' dir='ltr'>ρον;</span> <span class='ocrx_word' id='word_1_836' title='bbox 2482 3621 2542 3672; x_wconf 91' lang='grc' dir='ltr'>οὐ</span> <span class='ocrx_word' id='word_1_837' title='bbox 2576 3619 2684 3688; x_wconf 90' lang='grc' dir='ltr'>γάρ</span> <span class='ocrx_word' id='word_1_838' title='bbox 2722 3620 2867 3671; x_wconf 87' lang='grc' dir='ltr'>ἐστιν</span> <span class='ocrx_word' id='word_1_839' title='bbox 2900 3618 3012 3670; x_wconf 75' lang='grc' dir='ltr'>ἴσον</span> <span class='ocrx_word' id='word_1_840' title='bbox 3036 3614 3271 3687; x_wconf 81' lang='grc' dir='ltr'>Ἕλληνα</span> <span class='ocrx_word' id='word_1_841' title='bbox 3303 3616 3432 3670; x_wconf 75' lang='grc' dir='ltr'>ὄντα</span> 
     </span>
    </p>
   </div>
   <div class='ocr_carea' id='block_1_108' title="bbox 1858 3698 3503 3772">
    <p class='ocr_par' dir='ltr' id='par_1_108' title="bbox 1858 3698 3503 3772">
     <span class='ocr_line' id='line_1_108' title="bbox 1858 3698 3503 3772; baseline -0.004 -16"><span class='ocrx_word' id='word_1_842' title='bbox 1858 3702 2287 3772; x_wconf 82' lang='grc' dir='ltr'>εἰδωλολατρεῖν,</span> <span class='ocrx_word' id='word_1_843' title='bbox 2347 3704 2440 3755; x_wconf 78' lang='grc' dir='ltr'>καὶ</span> <span class='ocrx_word' id='word_1_844' title='bbox 2485 3700 2811 3772; x_wconf 79' lang='grc' dir='ltr'>Χριστιανὸν</span> <span class='ocrx_word' id='word_1_845' title='bbox 2842 3700 2968 3752; x_wconf 79' lang='grc' dir='ltr'>ὅντα</span> <span class='ocrx_word' id='word_1_846' title='bbox 3016 3699 3077 3751; x_wconf 88' lang='grc' dir='ltr'>τὸ</span> <span class='ocrx_word' id='word_1_847' title='bbox 3111 3699 3240 3752; x_wconf 84' lang='grc' dir='ltr'>αὐτὸ</span> <span class='ocrx_word' id='word_1_848' title='bbox 3275 3698 3433 3752; x_wconf 90' lang='grc' dir='ltr'>τοῦτο</span> <span class='ocrx_word' id='word_1_849' title='bbox 3500 3742 3503 3743; x_wconf 39' lang='grc' dir='ltr'><em>ν</em></span> 
     </span>
    </p>
   </div>
   <div class='ocr_carea' id='block_1_109' title="bbox 1860 3780 3432 3854">
    <p class='ocr_par' dir='ltr' id='par_1_109' title="bbox 1860 3780 3432 3854">
     <span class='ocr_line' id='line_1_109' title="bbox 1860 3780 3432 3854; baseline -0.003 -18"><span class='ocrx_word' id='word_1_850' title='bbox 1860 3784 2225 3854; x_wconf 86' lang='grc' dir='ltr'>πλημμελεῖν.</span> <span class='ocrx_word' id='word_1_851' title='bbox 2258 3784 2385 3846; x_wconf 88' lang='grc' dir='ltr'>Πῶς</span> <span class='ocrx_word' id='word_1_852' title='bbox 2416 3784 2524 3853; x_wconf 78' lang='grc' dir='ltr'>γὰρ</span> <span class='ocrx_word' id='word_1_853' title='bbox 2556 3782 2893 3851; x_wconf 80' lang='grc' dir='ltr'>δυνησόμεθα</span> <span class='ocrx_word' id='word_1_854' title='bbox 2940 3781 3158 3851; x_wconf 84' lang='grc' dir='ltr'>ἐτέρους</span> <span class='ocrx_word' id='word_1_855' title='bbox 3199 3780 3432 3848; x_wconf 88' lang='grc' dir='ltr'>ἀπάγειν</span> 
     </span>
    </p>
   </div>
   <div class='ocr_carea' id='block_1_110' title="bbox 1856 3864 3434 3937">
    <p class='ocr_par' dir='ltr' id='par_1_110' title="bbox 1856 3864 3434 3937">
     <span class='ocr_line' id='line_1_110' title="bbox 1856 3864 3434 3937; baseline -0.002 -18"><span class='ocrx_word' id='word_1_856' title='bbox 1856 3868 1956 3937; x_wconf 82' lang='grc' dir='ltr'>τῆς</span> <span class='ocrx_word' id='word_1_857' title='bbox 1983 3866 2426 3935; x_wconf 88' lang='grc' dir='ltr'>είδωλολατρείας</span> <span class='ocrx_word' id='word_1_858' title='bbox 2456 3865 2693 3933; x_wconf 80' lang='grc' dir='ltr'>ἐκείνης,</span> <span class='ocrx_word' id='word_1_859' title='bbox 2711 3866 2936 3926; x_wconf 78' lang='grc' dir='ltr'>ἑαυτοὺς</span> <span class='ocrx_word' id='word_1_860' title='bbox 2983 3864 3189 3933; x_wconf 82' lang='grc' dir='ltr'>ταύτης</span> <span class='ocrx_word' id='word_1_861' title='bbox 3213 3864 3312 3917; x_wconf 85' lang='grc' dir='ltr'>οὐκ</span> <span class='ocrx_word' id='word_1_862' title='bbox 3334 3864 3434 3917; x_wconf 90' lang='grc' dir='ltr'>ἀπ-</span> 
     </span>
    </p>
   </div>
   <div class='ocr_carea' id='block_1_111' title="bbox 1860 3946 3429 4019">
    <p class='ocr_par' dir='ltr' id='par_1_111' title="bbox 1860 3946 3429 4019">
     <span class='ocr_line' id='line_1_111' title="bbox 1860 3946 3429 4019; baseline -0.003 -16"><span class='ocrx_word' id='word_1_863' title='bbox 1860 3951 2120 4019; x_wconf 88' lang='grc' dir='ltr'>ἀγοντες;</span> <span class='ocrx_word' id='word_1_864' title='bbox 2156 3948 2251 4001; x_wconf 88' lang='grc' dir='ltr'>τοῦ</span> <span class='ocrx_word' id='word_1_865' title='bbox 2284 3947 2393 4018; x_wconf 88' lang='lat'>7&amp;9</span> <span class='ocrx_word' id='word_1_866' title='bbox 2431 3946 2661 4017; x_wconf 83' lang='grc' dir='ltr'>πλησίον</span> <span class='ocrx_word' id='word_1_867' title='bbox 2691 3948 2852 4015; x_wconf 80' lang='grc' dir='ltr'>ἡμεῖς</span> <span class='ocrx_word' id='word_1_868' title='bbox 2880 3947 3168 4017; x_wconf 83' lang='grc' dir='ltr'>ἐγγύτεροι</span> <span class='ocrx_word' id='word_1_869' title='bbox 3199 3947 3429 4009; x_wconf 77' lang='grc' dir='ltr'>ἐαυτοῖς.</span> 
     </span>
    </p>
   </div>
   <div class='ocr_carea' id='block_1_112' title="bbox 1861 4027 3430 4099">
    <p class='ocr_par' dir='ltr' id='par_1_112' title="bbox 1861 4027 3430 4099">
     <span class='ocr_line' id='line_1_112' title="bbox 1861 4027 3430 4099; baseline -0.006 -11"><span class='ocrx_word' id='word_1_870' title='bbox 1861 4034 2026 4088; x_wconf 87' lang='grc' dir='ltr'>Ὅταν</span> <span class='ocrx_word' id='word_1_871' title='bbox 2057 4027 2149 4086; x_wconf 83' lang='grc' dir='ltr'>οὖν</span> <span class='ocrx_word' id='word_1_872' title='bbox 2173 4031 2397 4093; x_wconf 80' lang='grc' dir='ltr'>ἑαυτοὺς</span> <span class='ocrx_word' id='word_1_873' title='bbox 2422 4029 2497 4099; x_wconf 85' lang='grc' dir='ltr'>μὴ</span> <span class='ocrx_word' id='word_1_874' title='bbox 2525 4029 2819 4097; x_wconf 89' lang='grc' dir='ltr'>πείθωμεν,</span> <span class='ocrx_word' id='word_1_875' title='bbox 2854 4029 2968 4090; x_wconf 87' lang='grc' dir='ltr'>πῶς</span> <span class='ocrx_word' id='word_1_876' title='bbox 2998 4029 3215 4097; x_wconf 82' lang='grc' dir='ltr'>ἐτέρους</span> <span class='ocrx_word' id='word_1_877' title='bbox 3246 4028 3430 4079; x_wconf 79' lang='grc' dir='ltr'>πείσο-</span> 
     </span>
    </p>
   </div>
   <div class='ocr_carea' id='block_1_113' title="bbox 1862 4108 3431 4188">
    <p class='ocr_par' dir='ltr' id='par_1_113' title="bbox 1862 4108 3431 4188">
     <span class='ocr_line' id='line_1_113' title="bbox 1862 4108 3431 4188; baseline -0.005 -20"><span class='ocrx_word' id='word_1_878' title='bbox 1862 4134 1993 4188; x_wconf 89' lang='grc' dir='ltr'>μεν;</span> <span class='ocrx_word' id='word_1_879' title='bbox 2027 4115 2088 4168; x_wconf 85' lang='grc' dir='ltr'>Εί</span> <span class='ocrx_word' id='word_1_880' title='bbox 2119 4115 2227 4185; x_wconf 79' lang='grc' dir='ltr'>γάρ</span> <span class='ocrx_word' id='word_1_881' title='bbox 2250 4114 2279 4164; x_wconf 93' lang='lat'>6</span> <span class='ocrx_word' id='word_1_882' title='bbox 2310 4113 2406 4181; x_wconf 88' lang='grc' dir='ltr'>τῆς</span> <span class='ocrx_word' id='word_1_883' title='bbox 2433 4111 2611 4173; x_wconf 83' lang='grc' dir='ltr'>οἰκίας</span> <span class='ocrx_word' id='word_1_884' title='bbox 2637 4113 2734 4181; x_wconf 84' lang='grc' dir='ltr'>τῆς</span> <span class='ocrx_word' id='word_1_885' title='bbox 2769 4109 2960 4161; x_wconf 79' lang='grc' dir='ltr'>ἑαυτοῦ</span> <span class='ocrx_word' id='word_1_886' title='bbox 2992 4110 3021 4149; x_wconf 70' lang='grc' dir='ltr'>δ</span> <span class='ocrx_word' id='word_1_887' title='bbox 3049 4110 3122 4179; x_wconf 81' lang='grc' dir='ltr'>μὴ</span> <span class='ocrx_word' id='word_1_888' title='bbox 3153 4108 3431 4179; x_wconf 84' lang='grc' dir='ltr'>προεστὼς</span> 
     </span>
    </p>
   </div>
   <div class='ocr_carea' id='block_1_114' title="bbox 1860 4189 3431 4264">
    <p class='ocr_par' dir='ltr' id='par_1_114' title="bbox 1860 4189 3431 4264">
     <span class='ocr_line' id='line_1_114' title="bbox 1860 4189 3431 4264; baseline -0.008 -11"><span class='ocrx_word' id='word_1_889' title='bbox 1860 4198 2063 4262; x_wconf 89' lang='grc' dir='ltr'>καλῶς,</span> <span class='ocrx_word' id='word_1_890' title='bbox 2091 4197 2210 4250; x_wconf 81' lang='grc' dir='ltr'>οὐδὲ</span> <span class='ocrx_word' id='word_1_891' title='bbox 2241 4194 2569 4264; x_wconf 81' lang='grc' dir='ltr'>Ἐκκλησίας</span> <span class='ocrx_word' id='word_1_892' title='bbox 2601 4191 3015 4262; x_wconf 83' lang='grc' dir='ltr'>ἐπιμελήσεται·</span> <span class='ocrx_word' id='word_1_893' title='bbox 3067 4192 3182 4253; x_wconf 84' lang='grc' dir='ltr'>πῶς</span> <span class='ocrx_word' id='word_1_894' title='bbox 3223 4191 3252 4241; x_wconf 90' lang='lat'>6</span> <span class='ocrx_word' id='word_1_895' title='bbox 3296 4189 3431 4260; x_wconf 86' lang='grc' dir='ltr'>μηδέ</span> 
     </span>
    </p>
   </div>
   <div class='ocr_carea' id='block_1_115' title="bbox 1859 4272 3432 4353">
    <p class='ocr_par' dir='ltr' id='par_1_115' title="bbox 1859 4272 3432 4353">
     <span class='ocr_line' id='line_1_115' title="bbox 1859 4272 3432 4353; baseline -0.008 -18"><span class='ocrx_word' id='word_1_896' title='bbox 1859 4284 1958 4353; x_wconf 80' lang='grc' dir='ltr'>τῆς</span> <span class='ocrx_word' id='word_1_897' title='bbox 1985 4280 2176 4335; x_wconf 80' lang='grc' dir='ltr'>ἑαυτοῦ</span> <span class='ocrx_word' id='word_1_898' title='bbox 2198 4279 2374 4349; x_wconf 79' lang='grc' dir='ltr'>ψυχῆς</span> <span class='ocrx_word' id='word_1_899' title='bbox 2397 4274 2696 4347; x_wconf 87' lang='grc' dir='ltr'>προεστὼς,</span> <span class='ocrx_word' id='word_1_900' title='bbox 2723 4274 2943 4345; x_wconf 81' lang='grc' dir='ltr'>ἐτέρους</span> <span class='ocrx_word' id='word_1_901' title='bbox 2968 4273 3258 4344; x_wconf 88' lang='grc' dir='ltr'>διορθῶσαι</span> <span class='ocrx_word' id='word_1_902' title='bbox 3282 4272 3432 4343; x_wconf 84' lang='grc' dir='ltr'>δυνή-</span> 
     </span>
    </p>
   </div>
   <div class='ocr_carea' id='block_1_116' title="bbox 1864 4359 3432 4435">
    <p class='ocr_par' dir='ltr' id='par_1_116' title="bbox 1864 4359 3432 4435">
     <span class='ocr_line' id='line_1_116' title="bbox 1864 4359 3432 4435; baseline -0.008 -15"><span class='ocrx_word' id='word_1_903' title='bbox 1864 4381 2050 4429; x_wconf 83' lang='grc' dir='ltr'>σεται;</span> <span class='ocrx_word' id='word_1_904' title='bbox 2086 4363 2177 4435; x_wconf 83' lang='grc' dir='ltr'>Μὴ</span> <span class='ocrx_word' id='word_1_905' title='bbox 2222 4366 2331 4431; x_wconf 90' lang='grc' dir='ltr'>γάρ</span> <span class='ocrx_word' id='word_1_906' title='bbox 2388 4379 2478 4431; x_wconf 91' lang='grc' dir='ltr'>μοι</span> <span class='ocrx_word' id='word_1_907' title='bbox 2506 4359 2664 4413; x_wconf 87' lang='grc' dir='ltr'>τοῦτο</span> <span class='ocrx_word' id='word_1_908' title='bbox 2693 4359 2871 4430; x_wconf 79' lang='grc' dir='ltr'>εἴπῃς,</span> <span class='ocrx_word' id='word_1_909' title='bbox 2901 4359 2982 4410; x_wconf 76' lang='grc' dir='ltr'>ὅτι</span> <span class='ocrx_word' id='word_1_910' title='bbox 3011 4359 3071 4411; x_wconf 87' lang='grc' dir='ltr'>οὐ</span> <span class='ocrx_word' id='word_1_911' title='bbox 3110 4359 3432 4429; x_wconf 84' lang='grc' dir='ltr'>προσκυνεῖς</span> 
     </span>
    </p>
   </div>
   <div class='ocr_carea' id='block_1_117' title="bbox 1861 4440 3432 4517">
    <p class='ocr_par' dir='ltr' id='par_1_117' title="bbox 1861 4440 3432 4517">
     <span class='ocr_line' id='line_1_117' title="bbox 1861 4440 3432 4517; baseline -0.008 -15"><span class='ocrx_word' id='word_1_912' title='bbox 1861 4448 2075 4502; x_wconf 74' lang='grc' dir='ltr'>εἴδωλον</span> <span class='ocrx_word' id='word_1_913' title='bbox 2101 4443 2355 4517; x_wconf 85' lang='grc' dir='ltr'>χρυσοῦν·</span> <span class='ocrx_word' id='word_1_914' title='bbox 2381 4444 2494 4497; x_wconf 86' lang='grc' dir='ltr'>ἀλλ’</span> <span class='ocrx_word' id='word_1_915' title='bbox 2518 4444 2691 4495; x_wconf 83' lang='grc' dir='ltr'>ἐκεῖνό</span> <span class='ocrx_word' id='word_1_916' title='bbox 2720 4458 2807 4511; x_wconf 86' lang='grc' dir='ltr'>μοι</span> <span class='ocrx_word' id='word_1_917' title='bbox 2833 4440 3024 4505; x_wconf 80' lang='grc' dir='ltr'>δεῖξον,</span> <span class='ocrx_word' id='word_1_918' title='bbox 3051 4441 3131 4493; x_wconf 86' lang='grc' dir='ltr'>δτι</span> <span class='ocrx_word' id='word_1_919' title='bbox 3165 4440 3236 4509; x_wconf 86' lang='grc' dir='ltr'>μὴ</span> <span class='ocrx_word' id='word_1_920' title='bbox 3261 4440 3432 4500; x_wconf 86' lang='grc' dir='ltr'>ποιεῖς</span> 
     </span>
    </p>
   </div>
   <div class='ocr_carea' id='block_1_118' title="bbox 1861 4519 3432 4599">
    <p class='ocr_par' dir='ltr' id='par_1_118' title="bbox 1861 4519 3432 4599">
     <span class='ocr_line' id='line_1_118' title="bbox 1861 4519 3432 4599; baseline -0.008 -14"><span class='ocrx_word' id='word_1_921' title='bbox 1861 4532 2055 4589; x_wconf 87' lang='grc' dir='ltr'>ταῦτα,</span> <span class='ocrx_word' id='word_1_922' title='bbox 2104 4519 2329 4599; x_wconf 69' lang='grc' dir='ltr'>ἀπερό</span> <span class='ocrx_word' id='word_1_923' title='bbox 2381 4525 2582 4596; x_wconf 80' lang='grc' dir='ltr'>χρυσὸς</span> <span class='ocrx_word' id='word_1_924' title='bbox 2635 4522 2868 4577; x_wconf 87' lang='grc' dir='ltr'>κελεύει.</span> <span class='ocrx_word' id='word_1_925' title='bbox 2904 4524 3012 4575; x_wconf 77' lang='grc' dir='ltr'>Καὶ</span> <span class='ocrx_word' id='word_1_926' title='bbox 3047 4521 3154 4593; x_wconf 88' lang='lat'>7&amp;9</span> <span class='ocrx_word' id='word_1_927' title='bbox 3187 4522 3432 4591; x_wconf 81' lang='grc' dir='ltr'>διάφοροι</span> 
     </span>
    </p>
   </div>
   <div class='ocr_carea' id='block_1_119' title="bbox 1865 4604 3433 4683">
    <p class='ocr_par' dir='ltr' id='par_1_119' title="bbox 1865 4604 3433 4683">
     <span class='ocr_line' id='line_1_119' title="bbox 1865 4604 3433 4683; baseline -0.006 -16"><span class='ocrx_word' id='word_1_928' title='bbox 1865 4612 2310 4683; x_wconf 88' lang='grc' dir='ltr'>είδωλολατρείας</span> <span class='ocrx_word' id='word_1_929' title='bbox 2364 4609 2573 4676; x_wconf 86' lang='grc' dir='ltr'>τρόποι·</span> <span class='ocrx_word' id='word_1_930' title='bbox 2614 4609 2707 4661; x_wconf 73' lang='grc' dir='ltr'>κιιί⁵</span> <span class='ocrx_word' id='word_1_931' title='bbox 2756 4608 2784 4659; x_wconf 90' lang='lat'>6</span> <span class='ocrx_word' id='word_1_932' title='bbox 2840 4604 2938 4675; x_wconf 81' lang='grc' dir='ltr'>μὲν</span> <span class='ocrx_word' id='word_1_933' title='bbox 2988 4605 3079 4657; x_wconf 81' lang='grc' dir='ltr'>τὸν</span> <span class='ocrx_word' id='word_1_934' title='bbox 3124 4606 3433 4675; x_wconf 79' lang='grc' dir='ltr'>μαμμωνᾶν</span> 
     </span>
    </p>
   </div>
   <div class='ocr_carea' id='block_1_120' title="bbox 1865 4687 3433 4767">
    <p class='ocr_par' dir='ltr' id='par_1_120' title="bbox 1865 4687 3433 4767">
     <span class='ocr_line' id='line_1_120' title="bbox 1865 4687 3433 4767; baseline -0.008 -16"><span class='ocrx_word' id='word_1_935' title='bbox 1865 4699 2082 4767; x_wconf 84' lang='grc' dir='ltr'>ἡγεῖται</span> <span class='ocrx_word' id='word_1_936' title='bbox 2117 4697 2327 4766; x_wconf 90' lang='grc' dir='ltr'>κύριον,</span> <span class='ocrx_word' id='word_1_937' title='bbox 2371 4695 2399 4746; x_wconf 88' lang='lat'>6</span> <span class='ocrx_word' id='word_1_938' title='bbox 2431 4693 2486 4744; x_wconf 84' lang='grc' dir='ltr'>δὲ</span> <span class='ocrx_word' id='word_1_939' title='bbox 2532 4693 2630 4761; x_wconf 79' lang='grc' dir='ltr'>τὴν</span> <span class='ocrx_word' id='word_1_940' title='bbox 2679 4689 2883 4743; x_wconf 86' lang='grc' dir='ltr'>κοιλίαν</span> <span class='ocrx_word' id='word_1_941' title='bbox 2917 4688 3057 4751; x_wconf 79' lang='grc' dir='ltr'>θεὸν,</span> <span class='ocrx_word' id='word_1_942' title='bbox 3099 4690 3127 4741; x_wconf 90' lang='grc' dir='ltr'>ὀ</span> <span class='ocrx_word' id='word_1_943' title='bbox 3153 4688 3209 4741; x_wconf 85' lang='grc' dir='ltr'>δὲ</span> <span class='ocrx_word' id='word_1_944' title='bbox 3242 4687 3433 4757; x_wconf 78' lang='grc' dir='ltr'>ἑτέραν</span> 
     </span>
    </p>
   </div>
   <div class='ocr_carea' id='block_1_121' title="bbox 1867 4770 3431 4849">
    <p class='ocr_par' dir='ltr' id='par_1_121' title="bbox 1867 4770 3431 4849">
     <span class='ocr_line' id='line_1_121' title="bbox 1867 4770 3431 4849; baseline -0.009 -15"><span class='ocrx_word' id='word_1_945' title='bbox 1867 4779 2166 4849; x_wconf 85' lang='grc' dir='ltr'>ἐπιθυμίαν</span> <span class='ocrx_word' id='word_1_946' title='bbox 2199 4776 2608 4848; x_wconf 89' lang='grc' dir='ltr'>χαλεπωτάτην.</span> <span class='ocrx_word' id='word_1_947' title='bbox 2650 4772 2787 4824; x_wconf 71' lang='grc' dir='ltr'>’Λλλ’</span> <span class='ocrx_word' id='word_1_948' title='bbox 2825 4772 2884 4823; x_wconf 91' lang='grc' dir='ltr'>οὐ</span> <span class='ocrx_word' id='word_1_949' title='bbox 2917 4770 3205 4830; x_wconf 88' lang='grc' dir='ltr'>καταθύεις</span> <span class='ocrx_word' id='word_1_950' title='bbox 3249 4771 3431 4832; x_wconf 84' lang='grc' dir='ltr'>αὐτοῖς</span> 
     </span>
    </p>
   </div>
   <div class='ocr_carea' id='block_1_122' title="bbox 1867 4851 3432 4935">
    <p class='ocr_par' dir='ltr' id='par_1_122' title="bbox 1867 4851 3432 4935">
     <span class='ocr_line' id='line_1_122' title="bbox 1867 4851 3432 4935; baseline -0.01 -17"><span class='ocrx_word' id='word_1_951' title='bbox 1867 4864 2018 4935; x_wconf 84' lang='grc' dir='ltr'>βόας,</span> <span class='ocrx_word' id='word_1_952' title='bbox 2055 4862 2306 4932; x_wconf 85' lang='grc' dir='ltr'>καθάπερ</span> <span class='ocrx_word' id='word_1_953' title='bbox 2350 4860 2399 4911; x_wconf 90' lang='grc' dir='ltr'>οἱ</span> <span class='ocrx_word' id='word_1_954' title='bbox 2423 4857 2719 4926; x_wconf 85' lang='grc' dir='ltr'>“Ελληνες;</span> <span class='ocrx_word' id='word_1_955' title='bbox 2779 4853 2936 4906; x_wconf 80' lang='grc' dir='ltr'>Ἀλλά</span> <span class='ocrx_word' id='word_1_956' title='bbox 2960 4854 3020 4907; x_wconf 85' lang='grc' dir='ltr'>τὸ</span> <span class='ocrx_word' id='word_1_957' title='bbox 3052 4851 3229 4921; x_wconf 85' lang='grc' dir='ltr'>πολλῷ</span> <span class='ocrx_word' id='word_1_958' title='bbox 3258 4852 3432 4935; x_wconf 79' lang='grc' dir='ltr'>χαλε-</span> 
     </span>
    </p>
   </div>
   <div class='ocr_carea' id='block_1_123' title="bbox 1869 4933 3428 5015">
    <p class='ocr_par' dir='ltr' id='par_1_123' title="bbox 1869 4933 3428 5015">
     <span class='ocr_line' id='line_1_123' title="bbox 1869 4933 3428 5015; baseline -0.009 -14"><span class='ocrx_word' id='word_1_959' title='bbox 1869 4933 2116 5015; x_wconf 82' lang='grc' dir='ltr'>πώτερον</span> <span class='ocrx_word' id='word_1_960' title='bbox 2160 4947 2260 5014; x_wconf 85' lang='grc' dir='ltr'>τὴν</span> <span class='ocrx_word' id='word_1_961' title='bbox 2314 4939 2509 4995; x_wconf 88' lang='grc' dir='ltr'>σαυτοῦ</span> <span class='ocrx_word' id='word_1_962' title='bbox 2546 4936 2911 5004; x_wconf 77' lang='grc' dir='ltr'>κατασφάζεις</span> <span class='ocrx_word' id='word_1_963' title='bbox 2955 4935 3155 5003; x_wconf 74' lang='grc' dir='ltr'>ψυχήν.</span> <span class='ocrx_word' id='word_1_964' title='bbox 3195 4933 3331 4985; x_wconf 81' lang='grc' dir='ltr'>Ἀλλ’</span> <span class='ocrx_word' id='word_1_965' title='bbox 3367 4935 3428 4987; x_wconf 87' lang='grc' dir='ltr'>οὐ</span> 
     </span>
    </p>
   </div>
   <div class='ocr_carea' id='block_1_124' title="bbox 1866 5016 3433 5100">
    <p class='ocr_par' dir='ltr' id='par_1_124' title="bbox 1866 5016 3433 5100">
     <span class='ocr_line' id='line_1_124' title="bbox 1866 5016 3433 5100; baseline -0.012 -16"><span class='ocrx_word' id='word_1_966' title='bbox 1866 5033 2140 5100; x_wconf 88' lang='grc' dir='ltr'>κάμπτεις</span> <span class='ocrx_word' id='word_1_967' title='bbox 2170 5029 2240 5081; x_wconf 87' lang='grc' dir='ltr'>τά</span> <span class='ocrx_word' id='word_1_968' title='bbox 2291 5027 2496 5095; x_wconf 87' lang='grc' dir='ltr'>γόνατα</span> <span class='ocrx_word' id='word_1_969' title='bbox 2545 5022 2638 5075; x_wconf 76' lang='grc' dir='ltr'>καὶ</span> <span class='ocrx_word' id='word_1_970' title='bbox 2692 5020 3060 5100; x_wconf 53' lang='grc' dir='ltr'>προσκυνεῖςς</span> <span class='ocrx_word' id='word_1_971' title='bbox 3087 5016 3246 5068; x_wconf 78' lang='grc' dir='ltr'>Ἀλλά</span> <span class='ocrx_word' id='word_1_972' title='bbox 3296 5018 3433 5087; x_wconf 79' lang='grc' dir='ltr'>μετὰ</span> 
     </span>
    </p>
   </div>
   <div class='ocr_carea' id='block_1_125' title="bbox 1864 5099 3429 5177">
    <p class='ocr_par' dir='ltr' id='par_1_125' title="bbox 1864 5099 3429 5177">
     <span class='ocr_line' id='line_1_125' title="bbox 1864 5099 3429 5177; baseline -0.007 -11"><span class='ocrx_word' id='word_1_973' title='bbox 1864 5099 2106 5173; x_wconf 86' lang='grc' dir='ltr'>πλείονος</span> <span class='ocrx_word' id='word_1_974' title='bbox 2144 5109 2390 5177; x_wconf 78' lang='grc' dir='ltr'>ὑπακοῆς</span> <span class='ocrx_word' id='word_1_975' title='bbox 2430 5108 2600 5166; x_wconf 86' lang='grc' dir='ltr'>ποιεῖς</span> <span class='ocrx_word' id='word_1_976' title='bbox 2630 5104 2826 5163; x_wconf 85' lang='grc' dir='ltr'>πάντα,</span> <span class='ocrx_word' id='word_1_977' title='bbox 2866 5102 3009 5170; x_wconf 77' lang='grc' dir='ltr'>άπερ</span> <span class='ocrx_word' id='word_1_978' title='bbox 3039 5099 3103 5152; x_wconf 86' lang='grc' dir='ltr'>ἂν</span> <span class='ocrx_word' id='word_1_979' title='bbox 3136 5100 3429 5165; x_wconf 79' lang='grc' dir='ltr'>ἐπιτάξωσι</span> 
     </span>
    </p>
   </div>
   <div class='ocr_carea' id='block_1_126' title="bbox 1863 5182 3429 5265">
    <p class='ocr_par' dir='ltr' id='par_1_126' title="bbox 1863 5182 3429 5265">
     <span class='ocr_line' id='line_1_126' title="bbox 1863 5182 3429 5265; baseline -0.009 -16"><span class='ocrx_word' id='word_1_980' title='bbox 1863 5197 1955 5249; x_wconf 68' lang='grc' dir='ltr'>καί⁵</span> <span class='ocrx_word' id='word_1_981' title='bbox 1984 5198 2017 5265; x_wconf 85' lang='grc' dir='ltr'>ή</span> <span class='ocrx_word' id='word_1_982' title='bbox 2051 5192 2263 5263; x_wconf 83' lang='grc' dir='ltr'>γαστὴρ</span> <span class='ocrx_word' id='word_1_983' title='bbox 2314 5190 2409 5243; x_wconf 83' lang='grc' dir='ltr'>καὶ</span> <span class='ocrx_word' id='word_1_984' title='bbox 2455 5188 2517 5240; x_wconf 82' lang='grc' dir='ltr'>τὸ</span> <span class='ocrx_word' id='word_1_985' title='bbox 2565 5183 2788 5254; x_wconf 77' lang='grc' dir='ltr'>χρυσίον</span> <span class='ocrx_word' id='word_1_986' title='bbox 2818 5183 2910 5235; x_wconf 72' lang='grc' dir='ltr'>καὶ</span> <span class='ocrx_word' id='word_1_987' title='bbox 2939 5182 3109 5265; x_wconf 13' lang='grc' dir='ltr'>ήηᾲτῆς</span> <span class='ocrx_word' id='word_1_988' title='bbox 3137 5182 3429 5253; x_wconf 84' lang='grc' dir='ltr'>ἐπιθυμίας</span> 
     </span>
    </p>
   </div>
   <div class='ocr_carea' id='block_1_127' title="bbox 1862 5263 3431 5348">
    <p class='ocr_par' dir='ltr' id='par_1_127' title="bbox 1862 5263 3431 5348">
     <span class='ocr_line' id='line_1_127' title="bbox 1862 5263 3431 5348; baseline -0.008 -18"><span class='ocrx_word' id='word_1_989' title='bbox 1862 5263 2137 5348; x_wconf 81' lang='grc' dir='ltr'>τυραννίς·</span> <span class='ocrx_word' id='word_1_990' title='bbox 2176 5274 2300 5328; x_wconf 61' lang='grc' dir='ltr'>ἐπεὶ¹</span> <span class='ocrx_word' id='word_1_991' title='bbox 2334 5272 2429 5324; x_wconf 74' lang='grc' dir='ltr'>καὶ</span> <span class='ocrx_word' id='word_1_992' title='bbox 2452 5272 2501 5323; x_wconf 88' lang='grc' dir='ltr'>οί</span> <span class='ocrx_word' id='word_1_993' title='bbox 2531 5266 2785 5336; x_wconf 76' lang='grc' dir='ltr'>Ἕλληνες</span> <span class='ocrx_word' id='word_1_994' title='bbox 2814 5265 2901 5319; x_wconf 81' lang='grc' dir='ltr'>διὰ</span> <span class='ocrx_word' id='word_1_995' title='bbox 2928 5263 3083 5318; x_wconf 87' lang='grc' dir='ltr'>τοῦτό</span> <span class='ocrx_word' id='word_1_996' title='bbox 3112 5267 3217 5318; x_wconf 87' lang='grc' dir='ltr'>εἰσι</span> <span class='ocrx_word' id='word_1_997' title='bbox 3248 5266 3431 5336; x_wconf 82' lang='grc' dir='ltr'>βδελυ-</span> 
     </span>
    </p>
   </div>
   <div class='ocr_carea' id='block_1_128' title="bbox 1863 5350 3433 5425">
    <p class='ocr_par' dir='ltr' id='par_1_128' title="bbox 1863 5350 3433 5425">
     <span class='ocr_line' id='line_1_128' title="bbox 1863 5350 3433 5425; baseline -0.009 -10"><span class='ocrx_word' id='word_1_998' title='bbox 1863 5362 2002 5423; x_wconf 78' lang='grc' dir='ltr'>κτοὶ,</span> <span class='ocrx_word' id='word_1_999' title='bbox 2033 5361 2115 5413; x_wconf 85' lang='grc' dir='ltr'>ὅτι</span> <span class='ocrx_word' id='word_1_1000' title='bbox 2146 5359 2213 5411; x_wconf 87' lang='grc' dir='ltr'>τά</span> <span class='ocrx_word' id='word_1_1001' title='bbox 2268 5356 2413 5425; x_wconf 88' lang='grc' dir='ltr'>πάθη</span> <span class='ocrx_word' id='word_1_1002' title='bbox 2465 5352 2798 5412; x_wconf 86' lang='grc' dir='ltr'>ἐθεοποίουν,</span> <span class='ocrx_word' id='word_1_1003' title='bbox 2848 5350 2948 5419; x_wconf 76' lang='grc' dir='ltr'>τὴν</span> <span class='ocrx_word' id='word_1_1004' title='bbox 2997 5350 3095 5419; x_wconf 84' lang='grc' dir='ltr'>μὲν</span> <span class='ocrx_word' id='word_1_1005' title='bbox 3140 5350 3433 5419; x_wconf 88' lang='grc' dir='ltr'>ἐπιθυμίαν</span> 
     </span>
    </p>
   </div>
   <div class='ocr_carea' id='block_1_129' title="bbox 1876 5432 3430 5515">
    <p class='ocr_par' dir='ltr' id='par_1_129' title="bbox 1876 5432 3430 5515">
     <span class='ocr_line' id='line_1_129' title="bbox 1876 5432 3430 5515; baseline -0.013 -17"><span class='ocrx_word' id='word_1_1006' title='bbox 1876 5443 2216 5515; x_wconf 83' lang='grc' dir='ltr'>Ἀφροδίτην,</span> <span class='ocrx_word' id='word_1_1007' title='bbox 2251 5440 2341 5492; x_wconf 87' lang='grc' dir='ltr'>τὸν</span> <span class='ocrx_word' id='word_1_1008' title='bbox 2368 5439 2424 5491; x_wconf 82' lang='grc' dir='ltr'>δὲ</span> <span class='ocrx_word' id='word_1_1009' title='bbox 2459 5435 2626 5505; x_wconf 83' lang='grc' dir='ltr'>θυμὸν</span> <span class='ocrx_word' id='word_1_1010' title='bbox 2664 5434 2856 5503; x_wconf 73' lang='grc' dir='ltr'>Ἄρην,</span> <span class='ocrx_word' id='word_1_1011' title='bbox 2888 5433 2986 5504; x_wconf 76' lang='grc' dir='ltr'>τὴν</span> <span class='ocrx_word' id='word_1_1012' title='bbox 3014 5432 3069 5485; x_wconf 87' lang='grc' dir='ltr'>δὲ</span> <span class='ocrx_word' id='word_1_1013' title='bbox 3102 5433 3271 5503; x_wconf 72' lang='grc' dir='ltr'>μέθην</span> <span class='ocrx_word' id='word_1_1014' title='bbox 3315 5434 3430 5486; x_wconf 77' lang='grc' dir='ltr'>Διό-</span> 
     </span>
    </p>
   </div>
   <div class='ocr_carea' id='block_1_130' title="bbox 1863 5515 3428 5595">
    <p class='ocr_par' dir='ltr' id='par_1_130' title="bbox 1863 5515 3428 5595">
     <span class='ocr_line' id='line_1_130' title="bbox 1863 5515 3428 5595; baseline -0.008 -15"><span class='ocrx_word' id='word_1_1015' title='bbox 1863 5544 2023 5580; x_wconf 87' lang='grc' dir='ltr'>νυσον</span> <span class='ocrx_word' id='word_1_1016' title='bbox 2077 5522 2482 5595; x_wconf 81' lang='grc' dir='ltr'>προσειπόντες.</span> <span class='ocrx_word' id='word_1_1017' title='bbox 2538 5519 2598 5570; x_wconf 80' lang='grc' dir='ltr'>Εἰ</span> <span class='ocrx_word' id='word_1_1018' title='bbox 2631 5516 2687 5569; x_wconf 81' lang='grc' dir='ltr'>δὲ</span> <span class='ocrx_word' id='word_1_1019' title='bbox 2736 5517 2797 5568; x_wconf 83' lang='grc' dir='ltr'>οὐ</span> <span class='ocrx_word' id='word_1_1020' title='bbox 2845 5515 3072 5585; x_wconf 77' lang='grc' dir='ltr'>γλύφεις</span> <span class='ocrx_word' id='word_1_1021' title='bbox 3118 5516 3309 5568; x_wconf 74' lang='grc' dir='ltr'>εἴδωλα</span> <span class='ocrx_word' id='word_1_1022' title='bbox 3341 5517 3428 5576; x_wconf 84' lang='grc' dir='ltr'>σύ.</span> 
     </span>
    </p>
   </div>
   <div class='ocr_carea' id='block_1_131' title="bbox 1863 5595 3430 5679">
    <p class='ocr_par' dir='ltr' id='par_1_131' title="bbox 1863 5595 3430 5679">
     <span class='ocr_line' id='line_1_131' title="bbox 1863 5595 3430 5679; baseline -0.012 -15"><span class='ocrx_word' id='word_1_1023' title='bbox 1863 5612 2116 5679; x_wconf 84' lang='grc' dir='ltr'>καθάπερ</span> <span class='ocrx_word' id='word_1_1024' title='bbox 2160 5609 2377 5665; x_wconf 86' lang='grc' dir='ltr'>ἐκεῖνοι,</span> <span class='ocrx_word' id='word_1_1025' title='bbox 2425 5602 2561 5655; x_wconf 88' lang='grc' dir='ltr'>ἀλλά</span> <span class='ocrx_word' id='word_1_1026' title='bbox 2594 5600 2731 5670; x_wconf 89' lang='grc' dir='ltr'>μετά</span> <span class='ocrx_word' id='word_1_1027' title='bbox 2760 5599 2959 5668; x_wconf 77' lang='grc' dir='ltr'>πολλῆς</span> <span class='ocrx_word' id='word_1_1028' title='bbox 2992 5598 3093 5666; x_wconf 83' lang='grc' dir='ltr'>τῆς</span> <span class='ocrx_word' id='word_1_1029' title='bbox 3125 5595 3430 5679; x_wconf 67' lang='grc' dir='ltr'>προθυμίας</span> 
     </span>
    </p>
   </div>
   <div class='ocr_carea' id='block_1_132' title="bbox 1862 5677 3428 5755">
    <p class='ocr_par' dir='ltr' id='par_1_132' title="bbox 1862 5677 3428 5755">
     <span class='ocr_line' id='line_1_132' title="bbox 1862 5677 3428 5755; baseline -0.011 -9"><span class='ocrx_word' id='word_1_1030' title='bbox 1862 5696 1975 5755; x_wconf 80' lang='grc' dir='ltr'>τοῖς</span> <span class='ocrx_word' id='word_1_1031' title='bbox 2008 5677 2192 5751; x_wconf 85' lang='grc' dir='ltr'>αὐτοῖς</span> <span class='ocrx_word' id='word_1_1032' title='bbox 2224 5687 2559 5749; x_wconf 87' lang='grc' dir='ltr'>ὐποκύπτεις</span> <span class='ocrx_word' id='word_1_1033' title='bbox 2608 5682 2827 5749; x_wconf 86' lang='grc' dir='ltr'>πάθεσι,</span> <span class='ocrx_word' id='word_1_1034' title='bbox 2857 5682 2926 5735; x_wconf 87' lang='grc' dir='ltr'>τά</span> <span class='ocrx_word' id='word_1_1035' title='bbox 2972 5680 3106 5751; x_wconf 74' lang='grc' dir='ltr'>μέλη</span> <span class='ocrx_word' id='word_1_1036' title='bbox 3154 5677 3269 5747; x_wconf 43' lang='grc' dir='ltr'>τοῦ,</span> <span class='ocrx_word' id='word_1_1037' title='bbox 3294 5678 3428 5743; x_wconf 85' lang='grc' dir='ltr'>Χρι-</span> 
     </span>
    </p>
   </div>
   <div class='ocr_carea' id='block_1_133' title="bbox 1924 5996 2531 6066">
    <p class='ocr_par' dir='ltr' id='par_1_133' title="bbox 1924 5996 2531 6066">
     <span class='ocr_line' id='line_1_133' title="bbox 1924 5996 2531 6066; baseline -0.025 -6"><span class='ocrx_word' id='word_1_1038' title='bbox 1924 6009 1953 6051; x_wconf 70' lang='grc' dir='ltr'>δ</span> <span class='ocrx_word' id='word_1_1039' title='bbox 1974 6006 2171 6066; x_wconf 57' lang='lat' dir='ltr'><strong>ﬂoret,</strong></span> <span class='ocrx_word' id='word_1_1040' title='bbox 2194 6005 2221 6053; x_wconf 83' lang='lat'>6</span> <span class='ocrx_word' id='word_1_1041' title='bbox 2243 6007 2326 6060; x_wconf 78' lang='grc' dir='ltr'>τῆς</span> <span class='ocrx_word' id='word_1_1042' title='bbox 2345 5996 2531 6051; x_wconf 80' lang='grc' dir='ltr'>ἐαυτοῦ.</span> 
     </span>
    </p>
   </div>
  </div>
