3934 6212
222 277 302 341 ωε
1315 263 1377 319 ΙΝ
1418 264 1631 322 EPIST.
1676 264 1766 320 AD
1807 261 1970 319 ROM.
2016 261 2244 324 IlOiIIL.
2288 259 2396 319 VII.

219 402 376 462 deum,
397 393 532 449 alius
557 391 722 450 aliam
751 385 1097 459 cupiditatem
1123 383 1514 454 gravissimam.
1543 381 1649 437 Sed
1671 396 1774 434 non

221 487 437 546 immolas
463 483 593 555 ipsis
623 482 808 544 boves,
837 490 888 532 ut
917 475 1183 549 gentiles?
1217 474 1433 538 Verum,
1455 471 1596 543 quod
1621 471 1777 541 longe

216 578 428 636 deterius
455 585 574 639 est,
612 583 756 628 tuam
787 578 987 624 mactas
1015 565 1268 621 animam.
1312 563 1418 618 Sed
1463 577 1569 630 non
1607 560 1778 617 ﬂectis

215 687 396 747 genua,
437 683 537 730 nec
572 665 801 722 adoras?
839 661 1037 718 Verum
1069 674 1191 714 eum
1219 655 1405 726 majori
1432 654 1776 724 obsequentia

215 745 368 834 omnia
405 759 560 830 facis,
591 773 712 829 qua:
739 762 929 821 venter
955 762 1010 808 et
1035 764 1224 819 aurum
1250 757 1304 803 et
1330 745 1777 814 concupiscentia:

217 855 432 929 tyrannis
475 855 764 922 imperant.
811 845 1026 909 Etenim
1057 841 1230 900 Graeci
1278 839 1399 895 ideo
1434 835 1776 908 abominandi

214 961 348 1014 sunt,
389 948 515 1020 quia
561 942 728 1012 animi
770 940 992 1040 morbos
1023 934 1465 1040 deos‘l’ecerunt,
1509 929 1775 1040 cupidita-

215 1055 301 1097 tem
340 1017 603 1100 Venerem
629 1075 644 1099 ,
678 1034 812 1098 iram
848 1017 1069 1086 Martem
1094 1067 1111 1091 ,
1155 1022 1464 1090 ebrietatem
1509 1017 1774 1091 Bacchum

210 1130 538 1200 appellantes.
586 1120 739 1201 Quod
783 1119 827 1174 si
859 1129 913 1172 tu
951 1130 1060 1172 non
1088 1113 1229 1178 idola
1259 1110 1461 1180 sculpis
1487 1117 1543 1201 ut
1571 1108 1679 1201 illi,
1724 1117 1778 1162 at

211 1198 315 1274 cum
346 1217 524 1286 studio
548 1198 719 1282 multo
745 1211 933 1277 iisdem
963 1207 1096 1277 ipsis
1122 1214 1175 1260 te
1199 1201 1421 1284 subjicis
1446 1198 1607 1269 animi
1635 1213 1776 1257 mor-

208 1315 297 1385 bis,
326 1311 563 1381 membra
584 1305 782 1374 Christi
808 1301 1052 1358 membra
1075 1289 1384 1368 meretricis
1403 1291 1628 1356 iaciens,
1643 1299 1696 1359 et
1722 1288 1773 1342 in

208 1408 324 1476 alias
361 1414 412 1459 te
453 1404 782 1469 immergens
808 1393 1140 1464 iniquitates.
1171 1387 1296 1443 Ideo
1321 1398 1504 1460 qttteso
1530 1391 1589 1437 ut
1615 1389 1777 1435 tantm

207 1470 537 1552 absurditatis
579 1501 860 1545 excessum
906 1483 1243 1552 cogitantes,
1302 1475 1561 1546 fugiamus
1603 1470 1776 1524 idolo-

207 1589 391 1656 latriam
417 1603 433 1646 :
481 1585 553 1640 ita
574 1583 718 1639 enim
745 1578 942 1650 Paulus
961 1582 1118 1645 vocat
1138 1570 1416 1641 avaritiam
1458 1565 1592 1635 (Col.
1616 1565 1669 1638 3,
1697 1563 1773 1634 5).

3363 269 3464 341 li??-

1888 377 2156 447 Fugienda
2184 387 2360 459 autem
2387 388 2469 434 est
2501 395 2604 434 non
2632 379 2791 436 modo
2817 396 2879 437 ea
2908 382 3126 453 avaritia
3148 425 3165 450 ,
3185 399 3302 465 qua:
3326 386 3468 443 circa

1888 471 2142 538 pecunias
2171 479 2435 539 versatur,
2468 472 2560 528 sed
2583 473 2745 528 etiam
2773 489 2857 538 ea,
2876 491 2994 546 qua:
3022 476 3072 530 in
3089 479 3469 548 concupiscen-

1886 562 1955 615 tia
1987 561 2146 628 mala,
2176 577 2294 631 quce
2321 563 2373 618 in
2400 563 2657 628 vestibus,
2686 582 2805 637 quae
2830 567 2882 622 in
2911 583 3117 630 mensa.
3139 583 3259 639 qua:
3280 569 3330 624 in
3352 571 3473 624 aliis

1884 651 2156 706 omnibus.
2188 651 2321 706 Nam
2349 653 2519 709 multo
2545 658 2818 725 graviores
2845 655 3469 741 dabimttsymnas'nos,
3565 654 3576 670 “

1883 743 1926 797 si
1959 760 2061 797 non
2092 760 2372 816 pareamus
2396 745 2594 818 Christi
2623 748 2850 820 legibus.
2880 749 3069 812 Servus
3087 751 3253 818 enim,
3277 751 3469 822 inquit,

1881 837 2091 928 quiscit
2127 839 2431 928 uoluntatem
2459 841 2654 912 domini
2677 844 2755 913 sui
2775 884 2792 914 ,
2819 853 2867 898 et
2897 861 2998 898 non
3030 847 3183 922 facit,
3213 827 3473 928 vapulabit

1834 965 1841 973 .
1883 916 2055 980 multis
2086 926 2242 995 (Luc.
2278 928 2365 984 12.
2399 931 2524 1002 17).
2560 931 2628 987 Ut
2657 947 2787 1002 ergo
2823 916 3039 1004 poenam
3061 935 3204 1002 illam
3247 916 3472 1008 elingui-

1881 1031 2022 1083 mus,
2049 1028 2103 1072 et
2129 1019 2249 1076 aliis
2278 1030 2332 1075 et
2355 1023 2510 1078 nobis
2539 1024 2698 1089 utiles
2722 1025 2911 1092 simus,
2941 1027 3231 1102 nequitiam
3257 1041 3471 1100 munem

1881 1111 1950 1180 ab
1989 1113 2164 1166 anima
2201 1113 2502 1182 ejicientes,
2545 1117 2796 1191 virtutem
2837 1119 3156 1190 deligamus,
3208 1119 3284 1172 Ita
3328 1121 3472 1192 enim

1883 1213 1936 1258 et
1978 1203 2152 1260 futura
2193 1221 2589 1278 consequemur
2631 1211 2808 1278 bona,
2853 1228 2972 1281 qua:
3025 1213 3228 1267 utinam
3282 1226 3474 1280 omnes

1881 1293 2263 1368 adipiscamur,
2286 1302 2455 1370 gratia
2479 1311 2534 1358 et
2559 1303 2887 1374 benignitate
2916 1304 3122 1374 Domini
3151 1303 3320 1358 nostri
3347 1303 3474 1358 Jesu

1880 1384 2078 1456 Christi
2101 1429 2117 1453 ,
2150 1392 2365 1460 quicum
2399 1394 2542 1468 Patri
2576 1402 2630 1450 et
2674 1395 2896 1466 Spiritui
2923 1405 3110 1453 sancto
3136 1397 3338 1473 gloria.
3379 1395 3476 1468 ho-

1884 1491 2000 1540 nor,
2035 1479 2339 1549 imperium,
2371 1500 2512 1541 nunc
2537 1497 2592 1542 et
2619 1502 2850 1567 semper,
2877 1496 2932 1544 et
2957 1487 3010 1544 in
3037 1487 3230 1559 sateula
3251 1486 3474 1554 swculo-

1885 1582 2025 1639 rum.
2056 1573 2249 1642 Amen.

1559 1741 1902 1817 HOMILIA
1947 1748 2085 1812 VII.

205 1895 315 1951 Car.
352 1896 403 1949 5.
447 1909 504 1950 ν.
543 1892 598 1949 9.
657 1889 794 1957 Quid
842 1886 997 1960 ergo?
1047 1881 1384 1956 prtrcellimus
1432 1874 1562 1931 nos?
1609 1871 1768 1927 Nullo

263 1988 438 2052 modo;
464 1985 632 2040 causis
653 1984 786 2038 enim
810 1991 928 2036 ante
954 1977 1127 2033 allatis
1148 1973 1468 2047 probavimus
1493 1967 1704 2022 Judteos
1723 1973 1770 2019 et

1876 1877 1996 1945 quia
2035 1879 2292 1936 Abraham
2337 1885 2465 1940 duos
2493 1888 2628 1955 ﬁlios
2666 1889 2839 1945 habuit
2882 1889 3026 1961 (Gal.
3059 1891 3112 1946 4.
3139 1890 3232 1950 9|.
3263 1887 3390 1960 23)?
3419 1895 3477 1947 et

1879 1966 1964 2022 hic
1991 1985 2206 2042 quoque
2236 1975 2479 2033 Psalmos
2520 1979 2692 2049 legem
2735 1983 2964 2044 vocavit.
3003 1982 3474 2046 dit-ens:Sciuius,

261 2083 464 2152 gentiles
493 2093 667 2134 omnes
695 2075 786 2130 sub
815 2082 1018 2144 peccato
1045 2085 1181 2134 esse;
1231 2066 1320 2122 10.
1355 2065 1485 2120 sicut
1524 2061 1769 2152 scriptum
1874 2063 2011 2152 quod
2048 2079 2375 2136 quacumque
2417 2069 2500 2124 lca:
2531 2070 2674 2136 dicit,
2720 2073 2782 2126 iis
2823 2075 2912 2142 qui
2954 2074 3008 2126 in
3050 2075 3160 2143 lege
3187 2083 3302 2132 sunt
3329 2074 3475 2127 dicit.

258 2151 359 2228 est:
390 2171 518 2226 Nou
545 2181 617 2224 est
635 2169 832 2239 justus,
860 2181 1017 2234 neque
1035 2177 1166 2216 unus
1188 2176 1207 2213 :
1235 2159 1322 2214 11.
1353 2171 1452 2210 non
1479 2163 1552 2208 est
1577 2151 1663 2220 qui
1690 2151 1770 2202 in-

259 2265 466 2335 telligat.
490 2272 579 2315 aut
598 2261 816 2330 requirat
839 2255 1023 2311 Deum.
1051 2252 1140 2309 12.
1165 2250 1352 2306 Omnes
1372 2246 1768 2305 declinaverunt,

259 2355 408 2410 simul
436 2354 646 2408 inutiles
687 2350 807 2422 facti
850 2357 1001 2411 sunt;
1042 2360 1144 2398 non
1173 2352 1246 2396 est
1273 2340 1359 2408 qui
1384 2339 1538 2410 faciat
1569 2335 1772 2394 bonum.

261 2464 356 2500 non
398 2455 474 2500 est
515 2459 670 2513 usque
695 2442 765 2494 ad
791 2455 968 2494 unum.
1014 2436 1100 2491 15.
1146 2433 1450 2504 Sepulcrum
1491 2436 1667 2498 patens
1703 2431 1776 2478 est

258 2549 430 2609 guttur
459 2552 636 2590 eorum
658 2549 677 2588 :
699 2531 887 2602 linguis
915 2529 1022 2582 suis
1045 2526 1219 2582 dolose
1260 2529 1507 2591 egerunt:
1533 2531 1774 2571 venenum

260 2605 491 2698 iaspidum
507 2625 597 2681 sub
613 2623 761 2678 labiis
780 2636 953 2675 eorum
974 2634 992 2672 :
1014 2618 1098 2672 14.
1121 2630 1337 2688 quorum
1357 2629 1412 2666 os
1429 2605 1780 2670 maledictione

259 2734 301 2776 et
340 2719 682 2774 amaritudine
721 2717 928 2786 plenum
953 2720 1026 2766 est
1049 2727 1068 2765 :
1094 2710 1185 2765 I5.
1216 2709 1407 2762 veloces
1431 2703 1581 2773 pedes
1605 2715 1778 2754 eorum

259 2813 324 2865 ad
349 2809 717 2878 cﬂ'undendum
743 2819 1039 2876 sanguinem
1063 2818 1083 2857 :
1107 2800 1193 2856 16.
1223 2797 1459 2859 contritio
1486 2805 1534 2850 et
1563 2791 1781 2863 infelici-

258 2914 338 2958 tas
355 2906 410 2957 in
432 2904 528 2958 uiis
551 2916 760 2963 eorum;
791 2899 878 2951 I7.
900 2906 947 2951 et
973 2896 1104 2948 viam
1129 2892 1269 2964 pacis
1295 2906 1395 2944 non
1418 2891 1779 2958 cognoverunt;

259 2997 345 3050 18.
386 3012 492 3048 non
524 3003 597 3048 est
625 2991 779 3046 timor
809 2989 900 3044 Dei
928 2997 1048 3042 ante
1071 2986 1243 3040 oculos
1266 2998 1460 3038 eorum.

263 3091 308 3143 l.
354 3085 646 3143 Accusavit
685 3083 934 3155 gentiles,
990 3079 1259 3135 accusavit
1300 3075 1545 3140 Judaros;
1592 3084 1784 3134 conse-

190 3194 357 3247 queus
383 3189 503 3234 erat
534 3185 594 3232 ut
642 3175 899 3243 deinceps
929 3173 1244 3241 loqueretur
1279 3167 1348 3224 de
1384 3165 1612 3237 iustitia,
1658 3176 1778 3231 qua:

193 3279 269 3323 est
295 3286 393 3340 per
439 3269 630 3323 ﬁdem.
659 3266 716 3322 Si
744 3264 888 3320 enim
922 3263 1008 3318 lex
1037 3259 1294 3316 naturalis
1323 3257 1453 3313 nihil
1488 3255 1646 3326 juvit.
1683 3267 1784 3308 nec

188 3361 312 3428 quid
343 3359 586 3430 amplius
618 3356 744 3412 fecit
774 3355 858 3410 lex
889 3354 1122 3423 scripta;
1169 3349 1262 3405 sed
1296 3357 1520 3417 utraque
1559 3347 1644 3410 iis,
1690 3345 1782 3415 qui

194 3451 297 3505 illis
324 3467 435 3504 non
467 3459 528 3504 ut
561 3464 656 3518 par
681 3456 798 3502 erat
826 3446 908 3500 usi
949 3453 1098 3508 sunt,
1144 3441 1295 3498 oneri
1337 3440 1455 3498 fuit.
1497 3448 1551 3493 ct
1595 3439 1781 3508 majori

188 3544 379 3611 dignos
425 3539 698 3610 supplicio
737 3523 872 3592 illos
917 3534 1187 3590 ostendit:
1217 3531 1519 3588 necessaria
1562 3531 1780 3585 demum

190 3644 272 3688 est
297 3634 455 3688 salus
485 3633 596 3698 illa,
626 3645 746 3700 qua:
774 3645 869 3698 per
894 3627 1118 3698 gratiam
1151 3625 1376 3696 paritur.
1413 3623 1506 3678 Die
1533 3622 1695 3692 igitur
1722 3620 1785 3674 ιι.

188 3724 313 3786 Iam.
349 3721 543 3788 Paule,
575 3731 629 3776 et
653 3719 948 3782 ostendito.
977 3717 1082 3774 Sed
1111 3715 1347 3773 nondum
1367 3713 1548 3778 audet,
1573 3712 1786 3768 Iudaeo-

188 3832 304 3870 rum
333 3814 698 3885 petulantiam
725 3820 1026 3885 suspectam
1056 3809 1294 3873 habens;
1325 3821 1510 3867 verum
1553 3805 1619 3860 ad
1666 3803 1786 3858 illos

185 3906 532 3961 accusandos
577 3917 764 3959 rursus
816 3915 1121 3965 sermonem
1170 3897 1434 3961 convertit
1472 3911 1486 3949 :
1535 3903 1590 3956 et
1617 3894 1788 3964 primo

191 3997 458 4052 Davidein
487 3997 606 4052 lucc
638 3994 819 4049 multis
866 3993 1132 4048 dicentem
1161 4000 1528 4048 accusatorem
1561 3985 1784 4049 inducit,

182 4106 303 4156 qtae
332 4089 526 4144 omnia
552 4088 742 4158 paucis
770 4087 941 4156 tetigit
966 4085 1149 4147 Isaias,
1168 4082 1400 4138 validum
1419 4081 1554 4152 ipsis
1577 4079 1786 4142 {renum

183 4196 489 4250 apparatis,
522 4189 584 4235 ut
613 4195 682 4235 ne
711 4179 974 4238 resiliant,
1006 4193 1143 4233 neve
1165 4191 1194 4231 a
1221 4175 1560 4234 sermonibus
1589 4174 1657 4228 de
1684 4172 1791 4235 lidc

181 4274 414 4342 quidam
465 4273 744 4327 auditores
788 4269 1094 4333 abscedant,
1124 4269 1234 4339 jam
1263 4268 1410 4336 prius
1438 4283 1466 4321 a
1501 4264 1792 4336 pr0pheta-

184 4383 308 4420 rum
357 4363 805 4419 accusationibus
834 4361 1136 4432 prmpediti.
1179 4360 1393 4415 Etenim
1441 4360 1540 4412 tria
1581 4371 1792 4411 summe

179 4458 372 4526 gravia
423 4457 576 4525 ponit
605 4455 888 4526 propheta,
920 4453 1062 4524 quod
1093 4468 1282 4507 omnes
1326 4452 1464 4506 mala
1514 4459 1791 4523 perpetra-

182 4557 308 4600 rent
353 4548 578 4610 dicens,
625 4554 681 4601 et
722 4545 864 4616 quod
914 4561 1020 4600 non
1062 4544 1424 4604 admiseerent
1447 4543 1586 4601 bona
1615 4542 1788 4608 malis,

179 4637 278 4690 sed
301 4637 623 4708 peqnitiam
655 4636 826 4691 solum
855 4643 1190 4701 exercerent,
1219 4633 1468 4703 quodque
1493 4633 1637 4687 illam
1667 4647 1790 4688 cum

178 4729 383 4795 grandi
414 4738 637 4789 conatu.
689 4726 887 4780 Deinde
917 4742 984 4780 ne
1005 4726 1282 4781 dicerent:
1311 4724 1446 4792 Quid
1477 4739 1608 4794 ergo
1634 4725 1678 4778 si
1707 4724 1794 4778 ad.

179 4837 386 4874 versus
417 4821 560 4874 alios
589 4819 706 4874 hau:
745 4817 884 4873 dicta
928 4819 1090 4878 sunt?
1119 4817 1428 4886 subjnnsit:
1461 4815 1550 4879 I9.
1583 4815 1790 4871 Scimus

173 4924 362 4968 cum
387 4911 538 4981 quod
559 4927 888 4980 quartumque
901 4910 985 4968 lea:
1010 4910 1252 4974 loquitur,
1281 4909 1345 4968 iis
1369 4908 1458 4980 qui
1477 4909 1530 4962 in
1551 4909 1660 4977 lege
1677 4914 1794 4961 sunt

173 5007 330 5059 dicit.
369 5004 588 5058 Idcirco
615 5012 734 5072 post
757 5003 966 5063 Isaiam.
997 5004 1111 5072 qui,
1138 5013 1197 5057 ut
1222 5002 1274 5056 in
1304 5001 1554 5057 confesso
1577 5012 1714 5067 erat,
1737 5000 1795 5055 il-

173 5100 262 5152 los
285 5095 660 5166 respiciebat,
694 5093 956 5149 Davidem
990 5093 1219 5159 induxit,
1257 5103 1315 5148 ut
1343 5093 1651 5171 ostenderet
1678 5093 1794 5148 lucc

167 5202 412 5257 φειηιιε
465 5186 570 5241 illis
614 5197 824 5240 annecti
871 5184 1086 5240 debere.
1128 5185 1259 5255 Qua:
1304 5185 1446 5249 enim
1477 5186 1792 5253 necessitas,

167 5281 388 5350 inquit.
424 5277 570 5331 alios
592 5279 836 5332 incusare
852 5292 973 5331 eum
996 5277 1334 5346 prophetam,
1357 5275 1445 5345 qui
1467 5276 1532 5330 ad
1562 5284 1793 5333 vestram

165 5366 646 5423 eunt-iulationcm
669 5368 866 5429 missus
890 5367 1039 5421 erat!
1066 5382 1237 5437 neque
1259 5367 1402 5422 enim
1428 5367 1513 5421 lex
1533 5367 1652 5420 aliis
1671 5367 1794 5426 data

163 5465 395 5521 Iurat.
464 5473 622 5526 quato
675 5460 848 5516 vobis.
902 5459 1010 5513 Cur
1035 5470 1211 5514 autem
1245 5474 1350 5513 non
1381 5458 1536 5523 dixit,
1580 5458 1795 5516 Scimus

159 5553 324 5626 quod
355 5564 732 5622 quacumque
755 5551 1015 5620 propheta
1041 5551 1192 5616 dicit,
1214 5552 1332 5619 sed,
1353 5552 1693 5620 Quacumque
1715 5553 1798 5609 le:

160 5641 484 5717 ιορίωνγ
503 5641 630 5707 Quia
670 5641 830 5696 Vetus
859 5658 1019 5698 omne
1057 5642 1460 5699 Testamentum
1493 5643 1662 5714 legem
1695 5658 1793 5699 vo-

161 5751 302 5790 rare
335 5731 510 5788 solet
540 5731 748 5797 Paulus.
781 5731 910 5799 Nam
927 5733 1053 5803 alibi
1076 5735 1201 5800 dicit
1223 5755 1235 5790 :
1258 5735 1437 5808 Legem
1459 5754 1556 5791 non
1583 5735 1791 5808 auditis,

533 5835 793 5892 I‘srnoc.
821 5837 954 5908 .(ia.
1008 5832 1134 5894 LX.

1887 2149 2091 2208 Deinde
2122 2155 2360 2213 ostendit
2401 2173 2508 2214 non
2558 2161 2845 2216 accusandi
2887 2171 3093 2219 tantum
3147 2178 3308 2218 causa
3356 2163 3474 2218 lucc

1881 2242 2010 2309 dici,
2042 2243 2136 2298 sed
2163 2246 2322 2300 etiam
2355 2257 2414 2303 ut
2439 2249 2564 2308 ﬁdei
2597 2251 2682 2306 lex
2709 2252 2848 2308 viam
2873 2262 3108 2323 pararet.
3139 2254 3344 2312 Taurus
3369 2252 3476 2309 Ve-

1883 2333 2012 2396 teris
2058 2349 2180 2390 cum
2226 2337 2377 2394 Novo
2419 2340 2766 2400 Testamento
2811 2358 3110 2411 consensus
3155 2356 3302 2414 erat;
3335 2344 3474 2415 qtlﬂd

1881 2425 2250 2482 accusationes
2269 2437 2324 2484 et
2343 2429 2746 2501 redargutioues
2769 2433 2891 2490 ideo
2911 2433 3052 2490 haud
3078 2435 3242 2494 dubie
3262 2435 3475 2501 tierent,

1885 2524 1941 2570 ut
1968 2516 2110 2586 apud
2137 2519 2420 2578 auditores
2448 2522 2727 2593 splendida
2759 2524 2824 2579 ad
2856 2525 3016 2585 tidem
3043 2525 3206 2596 ianua
3242 2527 3478 2597 aperire-

1885 2617 1988 2662 tur.
2012 2607 2144 2674 Quia
2183 2610 2330 2670 enim
2377 2612 2480 2676 hoc
2510 2614 2744 2678 maxime
2791 2615 3008 2674 Judmos
3053 2617 3304 2687 perdidit,
3336 2617 3476 2688 quod

1883 2699 2050 2758 altum
2093 2700 2161 2765 de
2204 2717 2264 2758 se
2310 2714 2584 2774 saperent,
2619 2707 2761 2777 quod
2797 2708 2978 2778 utique
3022 2722 3344 2779 progressus
3388 2707 3478 2762 ille

1883 2788 2036 2854 dixit,
2069 2791 2210 2860 quod
2254 2807 2467 2863 nempe,
2495 2794 2798 2866 Ignorantes
2828 2797 2926 2855 Dei
2945 2800 3220 2869 justitiam,
3259 2808 3306 2853 et
3331 2815 3478 2861 suam

1886 2888 2105 2939 statuere
2119 2882 2378 2951 justitiam
2403 2896 2701 2954 quwrcntcs,
2727 2888 2943 2957 justitia:
2969 2888 3069 2951 Dei
3095 2906 3150 2946 se
3169 2907 3267 2945 non
3288 2890 3479 2958 submi-

1885 2985 2055 3030 scrunt
2103 2976 2278 3048 (Rom.
2327 2979 2415 3036 10.
2465 2980 2559 3051 5):
2599 2983 2746 3052 ipsos
2774 2993 3120 3041 antevertens
3150 2984 3234 3047 lex
3263 2993 3318 3039 et
3346 2999 3474 3054 pro—

1886 3065 2069 3136 pheta,
2103 3067 2338 3139 ipsorum
2381 3071 2576 3128 fastum
2602 3073 2871 3145 depressit
2909 3085 3071 3146 atque
3097 3086 3384 3142 tumorem,
3417 3085 3478 3140 nt

1885 3175 1981 3215 sua
2007 3161 2306 3233 cogitantes
2335 3177 2574 3235 peccata,
2603 3175 2660 3223 et
2681 3169 3042 3239 arrogantiam
3069 3185 3284 3226 omnem
3312 3170 3478 3242 depo-

1888 3260 2100 3316 nentes,
2130 3269 2294 3325 seque
2324 3257 2570 3315 videntes
2596 3259 2664 3314 de
2693 3261 2949 3325 extremis
2992 3262 3302 3332 periclitari,
3353 3279 3474 3320 cum

1887 3344 2068 3402 studio
2095 3347 2265 3406 multo
2294 3349 2360 3403 ad
2391 3350 2538 3408 iIlum
2571 3361 2938 3420 accurrerent,
2970 3355 3060 3424 qui
3090 3354 3190 3420 sibi
3223 3366 3476 3425 peccata-

1889 3450 2008 3491 rum
2038 3439 2412 3497 remissionem
2443 3442 2726 3511 praeberet,
2757 3453 2812 3498 et
2839 3445 3064 3516 gratiam
3087 3436 3184 3515 per
3203 3445 3363 3514 [idem
3385 3463 3479 3512 ac-

1889 3527 2149 3596 ciperent.
2179 3530 2293 3592 Hoc
2322 3531 2496 3601 ipsum
2523 3533 2719 3590 Paulus
2742 3534 2830 3589 hic
2854 3534 3222 3609 subindieans,
3245 3536 3475 3609 dicebat:

1891 3619 2097 3675 Scimus
2122 3623 2259 3690 quod
2295 3639 2624 3696 qutt'cumque
2651 3626 2734 3681 lea:
2758 3626 2901 3692 dicit,
2933 3627 2996 3688 iis
3022 3627 3113 3699 qui
3140 3628 3193 3682 in
3232 3628 3340 3700 lege
3363 3639 3480 3698 sunt

1889 3710 2014 3774 dicit
2031 3726 2051 3766 :
2079 3721 2132 3765 ut
2159 3729 2304 3767 oume
2326 3731 2383 3770 os
2403 3715 2718 3782 abut-natur,
2745 3728 2796 3779 et
2824 3727 2957 3783 totus
2981 3721 3202 3789 mundus
3230 3719 3336 3785 Deo
3359 3720 3480 3788 sul)-

1891 3802 2028 3858 ditus
2073 3804 2158 3859 sit.
2211 3804 2308 3861 Hie
2349 3808 2494 3862 enim
2536 3809 2772 3876 ostendit
2808 3824 2907 3868 eos
2951 3811 3216 3877 bonorum
3255 3828 3480 3884 operiunt

1894 3895 2086 3952 Iiducia
2119 3897 2424 3965 destitutos,
2477 3899 2764 3969 verbisque
2822 3910 3026 3967 tantum
3073 3915 3383 3975 arrogantes
3428 3914 3484 3964 rt

1894 3987 2235 4058 impudentes
2263 4003 2407 4052 esse.
2433 3990 2641 4048 Idcirco
2670 3992 2884 4061 proprie
2930 3992 3221 4055 dictionem
3251 4011 3478 4064 usurpa-

1895 4080 1991 4142 vit,
2020 4081 2102 4137 sic
2132 4081 2379 4150 loquens,
2415 4081 2482 4136 Ut
2509 4098 2659 4141 omne
2683 4099 2740 4139 os
2765 4082 3080 4150 obstruatur,
3111 4085 3477 4154 impudentem

1896 4171 2108 4231 illorum
2135 4181 2186 4227 et
2213 4171 2473 4230 elI'renem
2493 4173 2808 4244 iactantiam
2837 4173 3134 4246 declarans,
3168 4184 3223 4230 et
3245 4175 3477 4247 linguam

1894 4273 2143 4327 accurate
2189 4263 2513 4329 refrenatam
2554 4266 2858 4336 signiﬁcans
2891 4281 2905 4318 :
2946 4265 3032 4319 illa
3071 4281 3300 4336 namque
3329 4269 3480 4337 quasi

1897 4367 2108 4411 torrens
2138 4357 2402 4420 violentus
2425 4356 2722 4422 ferebatur;
2746 4357 2839 4416 sed
2871 4357 3160 4419 refrenavit
3182 4358 3326 4414 illam
3357 4374 3481 4430 pro—

1896 4450 2078 4521 pheta.
2105 4451 2241 4506 Cum
2270 4466 2400 4506 vero
2425 4450 2557 4504 dicit
2584 4450 2795 4516 Paulus,
2831 4449 2899 4506 Ut
2927 4467 3075 4510 omne
3094 4468 3150 4506 os
3169 4452 3481 4520 obstruatur;

1897 4559 2002 4603 non
2032 4543 2134 4599 hoc
2159 4545 2253 4607 ait,
2288 4543 2432 4613 quod
2480 4544 2600 4598 ideo
2641 4545 2999 4615 peccaverint,
3045 4555 3102 4600 ut
3139 4562 3202 4600 os
3243 4547 3478 4615 ipsorum

1897 4635 2304 4702 obstrueretnr;
2347 4635 2443 4690 sed
2478 4634 2599 4688 ideo
2628 4635 3060 4701 confutabantnr,
3083 4645 3140 4693 ut
3169 4651 3238 4695 ne
3268 4637 3482 4706 ignora-

1897 4741 2019 4784 rcnt
2045 4743 2106 4785 se
2135 4730 2459 4798 peccavisse.
2488 4729 2551 4783 Et
2571 4738 2704 4782 totus
2721 4728 2938 4787 mundus
2969 4727 3074 4791 Deo
3099 4728 3344 4782 obnoxius
3364 4729 3479 4796 ﬁat.

1899 4821 2015 4878 Non
2045 4822 2202 4885 dixit.
2232 4821 2482 4885 Iudaeus;
2511 4819 2628 4882 sed.
2661 4818 2796 4875 Tota
2826 4827 3036 4875 natura.
3067 4817 3198 4872 Illud
3223 4833 3478 4887 nataque,

1904 4916 1972 4970 Ut
1992 4932 2050 4970 as
2075 4931 2223 4978 omne
2246 4914 2554 4979 obstruatur,
2584 4911 2704 4966 illos
2731 4911 3058 4974 subindicat,
3091 4910 3212 4972 licet
3238 4925 3344 4979 non
3369 4925 3482 4965 ma-

1901 5007 2114 5071 nifeste,
2139 5023 2208 5062 ne
2232 5007 2474 5076 asperior
2495 5018 2676 5059 sermo
2691 5012 2869 5060 esset:
2899 5002 3001 5059 hoc
3025 5011 3227 5068 autem,
3255 5001 3322 5060 Ui
3349 5012 3483 5055 ιοιης

1899 5100 2121 5154 mundus
2145 5099 2390 5153 obnoxius
2420 5098 2510 5167 ﬁat
2538 5095 2669 5157 Deo.
2703 5094 2860 5152 simul
2889 5103 2945 5148 et
2984 5093 3051 5150 de
3095 5094 3294 5150 ludatis
3332 5106 3383 5150 et
3413 5095 3484 5149 de

1900 5189 2192 5257 gentilibus
2216 5189 2414 5250 dictum
2459 5194 2562 5242 est.
2605 5184 2718 5242 Non
2753 5199 2938 5254 parum
2966 5194 3146 5241 autem
3177 5185 3387 5241 confert
3415 5190 3480 5238 ad

1902 5284 2115 5338 illorum
2159 5281 2518 5350 arrogantiam
2547 5276 3031 5346 comprimendam.
3061 5291 3183 5333 eum
3225 5277 3358 5333 nihil
3397 5277 3484 5332 hic

1903 5376 2019 5446 plus
2051 5373 2282 5431 habeant
2311 5386 2470 5441 quam
2495 5354 2749 5440 gentiles,
2776 5367 2871 5423 sed
2903 5368 3065 5424 simul
3092 5368 3370 5424 tradantur
3398 5384 3486 5422 se-

1903 5464 2136 5521 cundum
2181 5461 2369 5523 salutis
2398 5460 2642 5520 verbum.
2677 5458 2812 5514 Nam
2843 5459 3110 5514 obnoxius
3151 5462 3369 5530 proprie
3396 5459 3481 5516 di-

1901 5564 2053 5608 catur
2078 5554 2143 5618 is,
2168 5553 2256 5622 qui
2282 5567 2386 5606 non
2408 5551 2508 5605 sibi
2527 5551 2658 5605 satis
2677 5564 2798 5606 esse
2819 5551 2986 5620 possit
3003 5549 3067 5606 ad
3091 5549 3476 5620 domusionem.

1901 5643 1998 5698 sed
2025 5643 2243 5696 alterius
2269 5641 2504 5712 indigeat
2523 5656 2626 5712 ope
2647 5659 2660 5696 :
2683 5640 2858 5712 qualia
2887 5651 3040 5708 erant
3071 5651 3250 5708 nostra
3277 5653 3476 5710 omnia,

1901 5747 2024 5802 cum
2049 5746 2135 5807 ea,
2159 5747 2279 5803 qua:
2303 5732 2368 5786 ad
2399 5733 2623 5806 salutem
2653 5729 2955 5805 tenderent,
2980 5732 3363 5805 amisissemus.
3391 5723 3478 5798 20.

3033 5820 3115 5894 9.8
