4090 6230
476 364 579 420 us
1212 349 1268 416 s.
1307 339 1585 403 JOAN-NIS
1618 324 2092 395 CllRYSOSTOMI
2130 321 2444 380 ARClllEP.
2485 297 3027 375 consumptor.

480 475 582 530 Per
611 475 768 542 legem
798 469 926 526 enim
975 465 1191 540 cognitio
1221 462 1430 534 peccati.
1461 457 1664 512 Rursus
1689 453 1740 507 in
1769 450 1938 518 legem
1970 442 2053 497 iu-

481 566 613 631 silit,
645 535 922 618 remissius
951 535 1160 618 tamen;
1193 565 1366 622 neque
1403 550 1546 602 enim
1577 542 1630 598 id
1673 537 1817 613 quod
1859 535 2056 592 dicitur

486 657 661 727 legem
707 653 952 716 incusat,
1001 646 1095 702 sed
1125 643 1433 700 Judreorutn
1481 635 1744 708 ignaviam
1779 636 2055 686 :attatnen

488 722 575 803 hic
622 744 920 807 contendit,
971 741 1095 811 quia
1122 738 1191 793 de
1217 735 1321 790 lide
1369 732 1688 811 loquulurus
1709 731 1810 789 est,
1839 722 2062 776 demon-

482 849 656 893 strare
689 838 861 906 legem
891 810 1047 886 valde
1077 829 1396 883 inlirmatam
1429 835 1570 876 esse.
1612 810 1741 871 Nam
1769 814 1812 868 si
1843 812 1910 866 de
1944 811 2062 879 lege

487 900 766 1008 gloriaris,
790 923 983 995 inquit,
1033 921 1144 989 ipsa
1187 927 1239 973 te
1282 914 1451 984 magis
1479 909 1684 981 pudore
1725 903 1921 960 afﬁcit:
1946 900 2096 986 lucc.

487 995 706 1094 peccata
735 1029 822 1075 tua
851 1015 1099 1072 traducit.
1129 1012 1327 1066 Verum
1357 1023 1462 1062 non
1494 1007 1566 1060 ita
1593 1015 1780 1072 aspere
1806 995 2062 1066 loquitur,

489 1115 582 1170 sed
614 1113 842 1169 remisse
867 1122 1074 1172 rursus,
1113 1104 1212 1160 Per
1237 1103 1392 1174 legem
1420 1097 1550 1152 enim
1592 1092 1810 1164 cognitio
1852 1086 2061 1160 peccati.

490 1207 656 1277 Igitur
680 1216 735 1259 et
759 1201 1080 1273 supplicium
1104 1197 1297 1267 majus,
1320 1191 1414 1248 sed
1437 1188 1466 1243 a
1490 1186 1686 1244 Judaeis
1705 1177 2062 1239 subeundum.

491 1269 622 1355 liam
653 1298 737 1354 lex
761 1269 975 1366 quidem
1003 1291 1054 1348 id
1082 1289 1282 1353 ell'ecit,
1323 1295 1380 1339 ut
1408 1290 1688 1356 peccatum
1729 1273 1820 1329 tibi
1853 1269 2070 1342 pateﬁe-

493 1401 603 1457 ret;
635 1365 789 1445 tuum?
812 1395 927 1442 erat
957 1383 1230 1453 ellugere:
1261 1391 1384 1436 cum
1411 1388 1542 1428 vero
1573 1384 1677 1457 non
1708 1365 1926 1437 fugeris,
1957 1377 2068 1416 ma-

491 1482 577 1554 jus
592 1449 699 1537 'tibi
728 1476 992 1534 attraxisti
1021 1449 1365 1543 supplicium,
1398 1449 1793 1536 legisque‘opus
1816 1455 2070 1509 viaticum

495 1573 589 1627 tibi
619 1572 717 1627 fuit
747 1569 811 1625 ad
845 1566 1102 1637 majorem
1137 1561 1416 1617 ultionem.

563 1666 618 1720 2.
657 1663 944 1730 Postquam
991 1657 1149 1727 igitur
1181 1654 1426 1707 timorem
1468 1644 1634 1704 auxit,
1683 1650 1807 1695 tunc
1839 1651 1922 1700 ca,
1954 1647 2072 1702 quae

475 1743 561 1813 ad
592 1757 815 1828 gratiam
835 1758 1095 1821 spectant,
1125 1742 1346 1807 inducit,
1373 1739 1596 1793 multum
1616 1735 1862 1803 ingerens
1890 1725 2085 1781 remis:

496 1849 665 1907 siunis
697 1855 1033 1917 peccatorum
1063 1836 1418 1897 desiderium;
1466 1837 1623 1898 atque
1659 1825 1766 1878 ait:
1793 1820 1888 1876 ‘Zl.
1923 1815 2075 1871 Nunc

497 1953 664 1998 autem
697 1911 812 1995 sine
858 1938 965 2008 lege
997 1932 1201 2005 justitia
1229 1927 1324 1982 Dei
1355 1923 1673 1991 manifestata
1712 1925 1804 1970 est.
1835 1911 2074 1980 Magnam

501 2037 586 2090 hic
617 2050 726 2089 rem
757 2004 978 2102 profert,
1000 2004 1278 2092 multaque
1294 2016 1605 2089 probatione
1625 2004 2073 2080 opushabentcm.

497 2127 552 2181 Si
581 2124 721 2182 enim
750 2095 806 2188 ii,
837 2119 925 2191 qui
958 2119 1009 2173 in
1038 2116 1156 2186 lege
1175 2113 1445 2174 vixerunt,
1465 2121 1570 2161 non
1589 2101 1747 2158 modo
1761 2095 2077 2167 supplicium

502 2232 607 2271 non
639 2186 964 2284 etl'ugerunt,
993 2207 1085 2265 sed
1113 2216 1166 2261 et
1191 2201 1425 2276 graviori
1469 2196 1622 2270 plexi
1646 2201 1789 2254 sunt,
1812 2186 2082 2260 quomodo

504 2319 678 2379 potest
721 2305 838 2363 sine
887 2305 1004 2375 lege
1052 2316 1157 2356 non
1204 2296 1364 2354 modo
1412 2291 1732 2363 Supplicium
1777 2281 1959 2352 effugi,
1988 2278 2082 2333 sed

505 2401 666 2456 etiam
695 2397 898 2468 justitia
929 2371 1168 2463 acquiri?
1197 2390 1309 2443 Duo
1337 2386 1423 2440 hic
1453 2393 1659 2438 summa
1692 2375 1889 2446 posuit,
1921 2381 1975 2427 et
1996 2371 2082 2440 ju-

505 2491 746 2555 stiticari,
779 2498 833 2543 et
859 2487 975 2541 sine
1000 2485 1113 2554 lege
1144 2483 1258 2536 haec
1277 2480 1416 2535 bona
1435 2472 1666 2543 assequi.
1686 2468 1811 2525 ldeo
1835 2481 1940 2520 non
1957 2465 2088 2519 sim-

509 2585 737 2651 pliciter,
762 2579 996 2644 Justitia,
1032 2576 1201 2630 dixit:
1232 2571 1348 2635 sed,
1379 2567 1590 2622 Justitia
1619 2561 1750 2625 Dei;
1777 2575 1806 2612 a
1834 2555 2088 2626 dignitate

512 2690 754 2748 persona:
785 2671 956 2741 majus
986 2663 1273 2722 ostendens
1317 2661 1537 2723 donum,
1583 2664 1638 2711 et
1681 2648 2086 2722 promissionem

513 2767 719 2838 impleri
749 2778 906 2834 posse
933 2760 1308 2815 demonstrans
1330 2770 1345 2808 :
1365 2749 1538 2805 omnia
1570 2745 1766 2816 quippe
1793 2739 1894 2810 ipsi
1921 2735 2091 2809 possi-

515 2834 636 2915 bilia
666 2866 810 2913 sunt.
841 2855 1022 2923 Neque
1044 2851 1198 2915 dixit,
1221 2848 1346 2900 Data
1376 2853 1487 2909 est;
1510 2838 1626 2906 sed,
1653 2834 1982 2904 Manifestum
1998 2838 2088 2892 est,

515 2947 876 3006 iunovationis
918 2941 1311 2999 accusationem
1343 2944 1594 2990 resecans
1616 2946 1629 2984 :
1655 2942 1778 2982 nam
1807 2921 1947 2995 quod
1975 2937 2090 2974 ma-

516 3044 822 3100 nifestatum
852 3046 953 3100 est,
982 3043 1036 3090 et
1062 3041 1217 3087 vetus
1235 3038 1288 3084 et
1316 3023 1688 3082 absconditum
1725 3019 1888 3072 luisse
1912 3013 2090 3068 decla-

515 3147 688 3192 ratur.
729 3133 910 3203 Neque
936 3129 1038 3183 hoc
1062 3127 1259 3190 solum,
1290 3120 1386 3176 sed
1424 3119 1584 3174 etiam
1615 3110 1889 3182 sequentia
1916 3116 2095 3162 osten-

517 3230 648 3284 dunt
674 3226 776 3280 hoc
803 3236 997 3278 novum
1025 3227 1131 3274 non
1159 3229 1298 3270 esse.
1328 3211 1462 3266 Cum
1493 3209 1635 3263 enim
1654 3203 1897 3266 dixisset,
1926 3196 2096 3251 Mani-

519 3321 700 3387 festum
742 3326 834 3384 est,
865 3309 1158 3383 sul-junxit,
1192 3305 1483 3373 Testi/icata
1520 3316 1554 3354 α
1593 3299 1702 3368 lege
1728 3304 1775 3349 et
1815 3289 2091 3387 prapltetis:

519 3410 750 3471 Etenim,
783 3421 851 3461 ne
879 3403 1002 3475 quia
1031 3414 1174 3454 nunc
1219 3396 1340 3450 data
1383 3400 1486 3455 est,
1529 3387 1719 3458 inquit,
1760 3398 1897 3437 neve
1941 3377 2096 3450 quasi

518 3519 607 3558 res
634 3515 768 3556 nova
791 3509 844 3554 et
875 3493 1152 3567 peregrina
1184 3490 1271 3551 sit,
1299 3485 1553 3545 tui-beris;
1579 3480 1688 3551 jam
1715 3477 1840 3531 olim
1863 3473 2006 3530 enim
2031 3471 2098 3525 il-

518 3597 622 3652 lam
651 3603 702 3650 et
733 3593 815 3647 lex
845 3562 901 3646 et
921 3562 1197 3658 propheta:
1228 3577 1610 3651 prmdixerunt.
1643 3571 1707 3624 Et
1749 3569 1850 3622 alia
1882 3562 2096 3635 quidem

514 3688 626 3760 jam
651 3653 1375 3755 probavithocargumcnto,
1412 3665 1514 3720 alia
1547 3660 1865 3734 probaturus
1893 3663 2009 3720 est;
2043 3653 2096 3706 in

519 3747 882 3848 superioribus
911 3771 1160 3826 Habacuc
1188 3764 1458 3819 adducens
1484 3757 1789 3812 dicentem:
1820 3747 2001 3803 Justus
2037 3761 2101 3797 ea:

521 3837 623 3940 ﬁde
650 3869 763 3924 vivit
807 3865 986 3938 (Rom.
1021 3863 1068 3915 ι.
1103 3860 1222 3928 l7);
1251 3857 1302 3910 in
1335 3847 1680 3923 sequentibus
1703 3858 1832 3899 vero
1852 3837 2097 3896 Abraha-

522 3931 667 4018 iuum
697 3970 749 4016 et
780 3931 1052 4015 D‘avidem.
1091 3951 1158 4006 de
1187 3945 1376 4010 iisdem
1403 3957 1502 3999 nos
1534 3940 1884 4009 alloqueutes.
1916 3931 2098 3999 Magna

522 4056 664 4112 enim
691 4051 830 4124 apud
863 4049 981 4104 illos
1007 4046 1194 4100 harum
1229 4049 1574 4111 personarum
1611 4039 1728 4087 erat
1769 4024 2097 4083 auctoritas:

525 4147 611 4201 ille
635 4119 863 4213 namque
889 4147 1005 4195 erat
1034 4133 1333 4207 patriarcha
1357 4137 1413 4185 et
1441 4123 1720 4197 propheta,
1747 4119 1832 4172 hic
1853 4129 1986 4170 vero
2007 4126 2101 4167 rex

523 4249 575 4290 et
607 4238 989 4306 prophetazac
1039 4225 1419 4299 promissiones
1447 4229 1659 4288 quoque
1703 4212 1786 4266 bis
1834 4209 1902 4263 de
1942 4208 2102 4262 rebus

526 4297 755 4388 νηὶ-ἰδετῇ
775 4323 839 4375 ad
859 4297 1142 4387 utrumque
1169 4315 1317 4369 lactze
1335 4311 1560 4365 fuerant.
1581 4305 1813 4373 ideoque
1826 4297 2104 4354 Matthteus

527 4413 872 4483 Evangelium
904 4408 1141 4471 ordiens,
1168 4403 1446 4457 amborum
1472 4397 1646 4468 primo
1672 4391 1998 4448 mentionem
2029 4389 2105 4440 la-

525 4511 617 4571 rit,
667 4479 729 4560 ac
758 4501 950 4558 deinde
983 4498 1175 4553 seriem
1216 4509 1278 4550 ac
1317 4491 1687 4564 progenitores
1716 4483 1950 4540 adducit.
1971 4479 2102 4536 Cum

525 4598 747 4654 dixisset
773 4595 938 4654 enim,
968 4588 1116 4644 Liber
1157 4583 1493 4659 generationis
1515 4579 1639 4634 Jesu
1675 4575 1864 4632 (.‘ltristi
1890 4571 2100 4647 (Matth.

525 4693 577 4744 l.
615 4689 703 4760 l);
735 4701 839 4742 non
867 4671 1693 4753 ex5pectavitutpostAbraham
1713 4668 1940 4732 diceret,
1960 4663 2106 4719 Isaac

522 4793 576 4838 et
606 4757 801 4844 Jacob;
835 4775 929 4832 sed
968 4787 1087 4830 cum
1119 4768 1423 4826 Abrahamo
1453 4761 1706 4818 Davidem
1754 4757 2102 4814 memoravit:

523 4866 773 4948 quodque
803 4867 1044 4924 mirabile
1069 4874 1171 4926 est,
1203 4873 1326 4920 ante
1356 4856 1716 4913 Abrahamum
1740 4850 1990 4906 Davidem
2011 4863 2108 4919 po-

528 4945 654 5034 suit,
690 4968 760 5021 ita
789 4963 974 5019 dicens
1006 4977 1020 5012 :
1069 4956 1192 5011 Filii
1223 4953 1412 5015 David,
1447 4945 1852 5019 ﬁliiAbraItam;
1889 4953 1940 4998 et
1981 4951 2105 4997 tunc

527 5062 688 5129 etrapit
733 5068 1048 5113 enumerare
1079 5051 1244 5114 lSaac,
1291 5044 1470 5110 lacob,
1500 5051 1554 5097 et
1580 5047 1867 5110 sequentes
1892 5049 2104 5091 omnes.

527 5145 1164 5221 QuaproptcrApostolus
1206 5142 1290 5195 hic
1334 5139 1454 5194 illos
1499 5135 1809 5204 frequenter
1837 5137 2014 5183 versat
2054 5135 2107 5182 et

528 5220 689 5298 dicit:
719 5242 930 5295 Iustitia
961 5247 1130 5294 autem
1163 5234 1256 5288 Dei
1281 5229 1615 5287 testimonium
1637 5224 1824 5280 habens
1851 5239 1883 5275 a
1926 5220 2032 5289 lege
2060 5226 2106 5272 et

529 5333 804 5404 prophetis.
834 5331 912 5386 Ne
937 5331 1058 5400 quis
1085 5342 1210 5382 vero
1233 5326 1466 5380 diceret:
1494 5321 1560 5375 Et
1579 5318 1670 5389 qui
1691 5316 1803 5370 lleri
1827 5319 2020 5383 potest,
2049 5315 2108 5362 ut

528 5440 649 5480 cum
679 5422 811 5477 nihil
833 5422 898 5476 ad
930 5434 1041 5474 rem
1075 5418 1400 5488 propositam
1444 5409 1849 5471 contulerimus,
1879 5405 2105 5460 salutem

528 5516 962 5588 consequamur?
983 5509 1241 5571 ostendit,
1269 5524 1369 5563 nos
1398 5521 1503 5562 non
1535 5517 1722 5575 parum
1745 5499 1810 5555 ad
1842 5514 1961 5554 eam
1993 5509 2107 5550 rem

492 5607 496 5611 ’
530 5611 799 5674 conferre,
852 5607 1007 5662 tidem
1052 5592 1327 5658 nimirum.
1382 5598 1514 5655 Cum
1554 5597 1781 5652 dixisset
1821 5607 1984 5662 ergo:
2013 5588 2103 5644 9.2.

529 5701 742 5758 Iustitia
786 5700 902 5762 Dei,
949 5693 1175 5758 addidit,
1208 5692 1310 5747 Per
1346 5688 1517 5760 fidem,
1560 5689 1617 5741 in
1661 5700 1830 5740 omnes
1870 5692 1918 5738 et
1957 5697 2109 5750 super

533 5812 706 5852 manes
722 5795 806 5865 qui
832 5790 1060 5846 credunt.
1094 5786 1299 5841 Rursus
1324 5781 1410 5838 bic
1439 5780 1681 5836 turbatur
1705 5775 1944 5842 Iud-mss,
1971 5770 2102 5826 nihil

3640 305 3743 367 ἕω

2165 436 2524 507 prtl‘l‘ogalivm:
2555 449 2664 506 pra:
2693 432 2907 488 caeteris
2945 428 3171 494 habens,
3203 433 3257 480 et
3286 439 3406 478 cum
3456 419 3593 478 orbe
3632 429 3747 474 toto

2163 536 2570 584 annumeratus.
2600 523 2665 579 Ut
2688 523 2850 594 igitur
2879 537 2944 575 ne
2964 518 3071 573 hoc
3102 517 3352 587 patiatur,
3379 513 3525 568 illum
3549 512 3746 565 timore

2163 635 2347 675 rursus
2376 618 2640 687 reprimit,
2672 615 2908 670 addens:
2943 611 3120 681 Neque
3147 611 3282 664 enim
3325 615 3398 660 est
3439 603 3696 657 distinctio
3724 617 3745 655 :

2162 713 2254 766 23.
2284 727 2454 764 omnes
2497 710 2628 764 enim
2673 713 3022 778 peccaverunt.
3067 702 3144 757 Ne
3189 700 3320 755 mihi
3372 697 3575 752 dixeris
3607 711 3621 748 :
3652 694 3748 750 Illo

2165 804 2384 860 Grzecus
2426 810 2530 866 est,
2575 801 2664 855 ille
2691 797 2912 870 Scytha.
2958 797 3050 850 ille
3091 793 3306 848 Thrax:
3335 804 3524 845 omnes
3552 788 3749 859 quippe

2167 892 2352 948 eadem
2383 891 2688 946 conditione
2715 898 2858 945 sunt.
2891 884 3116 942 Etiamsi
3150 885 3295 941 enim
3324 883 3492 952 legem
3520 895 3749 948 accepe-

2167 987 2263 1052 ris,
2297 1001 2457 1040 unum
2492 993 2693 1039 tantum
2721 999 2750 1040 a
2794 983 2914 1052 lego
2941 977 3218 1048 accepisti,
3262 986 3318 1031 ut
3348 982 3624 1047 peccatum
3660 987 3753 1028 co-

2168 1093 2483 1150 gnoscercs,
2513 1092 2618 1132 non
2649 1084 2707 1129 ut
2737 1075 2865 1129 illud
2899 1072 3128 1143 fugeres.
3155 1069 3353 1125 Deinde
3377 1082 3443 1122 ne
3467 1068 3707 1122 dicerent
3735 1081 3752 1118 :

2168 1167 2223 1223 Si
2254 1167 2612 1238 peccavimus,
2645 1176 2696 1220 at
2729 1179 2835 1218 non
2869 1163 3090 1234 perinde
3110 1171 3274 1232 atque
3301 1160 3400 1226 illi,
3431 1157 3708 1226 subjunin
3736 1174 3755 1210 :

2173 1257 2240 1312 Et
2260 1258 2598 1311 destituuntur
2637 1273 2668 1308 a
2707 1254 2872 1326 gloria
2899 1253 3010 1307 Dei.
3057 1253 3239 1322 Itaque
3268 1249 3605 1304 etiamsinon
3637 1257 3756 1301 tan~

2174 1360 2306 1417 tum,
2334 1357 2588 1419 quantum
2619 1346 2732 1410 alii,
2765 1344 3100 1415 peccaveris;
3131 1352 3364 1396 attamen
3391 1339 3612 1411 perinde
3632 1338 3755 1409 glo-

2173 1445 2249 1498 ria
2277 1441 2536 1512 privaris;
2560 1454 2620 1494 es
2648 1439 2846 1508 quippe
2875 1453 2939 1491 ex
2969 1433 3354 1490 oll‘endentium
3381 1446 3640 1497 numero;
3664 1430 3756 1500 qui

2174 1543 2350 1586 autem
2373 1529 2614 1594 oll‘endit,
2647 1543 2752 1583 non
2795 1529 2935 1582 inter
2961 1525 3310 1598 gloriﬁcatos,
3355 1522 3449 1579 sed
3478 1523 3618 1577 inter
3653 1537 3756 1592 pu-

2174 1624 2305 1702 dore
2336 1621 2566 1678 sullusos
2595 1620 2900 1676 censendus
2928 1629 3028 1674 est.
3065 1617 3259 1672 Verum
3289 1631 3357 1670 ne
3383 1616 3602 1678 timeas;
3637 1614 3764 1668 ideo

2175 1715 2316 1770 enim
2341 1714 2455 1769 lure
2468 1713 2600 1780 dixi,
2621 1728 2726 1767 nou
2750 1721 2806 1766 ut
2828 1721 2878 1766 te
2897 1711 2949 1766 in
2967 1709 3390 1778 desperationem
3409 1705 3760 1775 conjicerem,

2177 1809 2270 1865 sed
2296 1817 2353 1863 ut
2392 1808 2486 1862 tibi
2513 1807 2721 1862 Domini
2769 1804 3148 1874 benignitatem
3179 1799 3543 1856 ostenderem.
3583 1798 3765 1866 Quare

2179 1901 2448 1957 subdidit:
2479 1900 2572 1955 24.
2614 1898 2896 1968 Justiﬁcati
2937 1896 3096 1967 gratis
3137 1911 3228 1964 per
3254 1895 3362 1963 ejus
3402 1891 3638 1963 gratiam,
3672 1907 3765 1960 per

2179 1995 2595 2064 redemptionem,
2623 2008 2736 2065 qua:
2762 2001 2834 2046 est
2861 1991 2913 2045 in
2938 1989 3141 2045 Christo
3157 1988 3304 2053 Jesu,
3333 1986 3425 2042 2.5.
3461 2002 3606 2055 quem
3641 2001 3765 2054 pro-

2183 2089 2349 2159 posuit
2377 2085 2518 2142 Deus
2556 2086 2960 2157 prapitiationem
2999 2099 3088 2153 per
3112 2082 3262 2150 fidem
3283 2081 3336 2134 in
3360 2079 3608 2149 sanguine
3627 2079 3762 2148 ejus,

2181 2179 2235 2231 in
2265 2177 2601 2231 ostensionem
2621 2175 2840 2246 justitlat
2867 2173 3047 2243 ipsius.
3085 2171 3217 2226 Vide
3262 2179 3392 2240 quot
3420 2167 3768 2239 probationes

2184 2267 2371 2322 all‘erat
2401 2268 2566 2330 illius,
2597 2267 2739 2337 quod
2768 2265 2969 2320 dictum
2996 2271 3098 2320 est.
3116 2262 3297 2318 Primo
3318 2276 3348 2315 a
3366 2261 3622 2332 dignitate
3644 2275 3769 2330 per-

2185 2374 2366 2414 sonas:
2391 2373 2497 2414 non
2523 2359 2664 2413 enim
2693 2358 2853 2412 homo
2889 2365 2974 2412 est
3015 2355 3080 2420 is,
3109 2355 3198 2424 qui
3238 2353 3354 2408 inec
3380 2351 3525 2417 facit,
3556 2361 3610 2406 ut
3632 2352 3768 2406 deli-

2187 2452 2324 2515 ciat;
2353 2450 2446 2505 sed
2482 2449 2622 2505 Deus
2649 2449 2740 2519 qui
2771 2447 2949 2502 omnia
2985 2454 3193 2516 potest:
3220 2443 3313 2498 Dei
3340 2455 3413 2498 est
3439 2443 3581 2499 enim
3603 2444 3769 2514 justi-

2189 2543 2281 2608 tia,
2327 2541 2514 2610 inquit.
2546 2538 2796 2596 Secundo
2824 2553 2853 2592 a
2883 2538 3003 2608 lege
3044 2545 3100 2591 et
3143 2535 3440 2606 prophetis,
3485 2549 3551 2588 ne
3596 2534 3770 2599 enim,

2189 2635 2332 2704 quod
2361 2633 2558 2704 Absque
2594 2632 2701 2704 lege
2726 2631 2980 2693 audieris,
3015 2630 3237 2684 timeas:
3267 2643 3389 2682 nam
3421 2627 3519 2696 ipsi
3564 2627 3664 2696 legi
3696 2627 3772 2680 ita

2190 2726 2422 2780 videtur.
2449 2725 2650 2785 Tertio,
2683 2738 2712 2778 a
2744 2720 3019 2778 sacriﬁciis
3035 2719 3246 2775 Veteris
3264 2719 3589 2774 Testamenti
3613 2737 3625 2771 :
3650 2717 3778 2772 ideo

2195 2835 2422 2888 namque
2448 2819 2528 2873 sic
2548 2817 2702 2881 dixit,
2735 2817 2802 2870 In
2826 2814 3074 2886 sanguine
3102 2815 3233 2884 ejus,
3266 2812 3319 2868 in
3349 2821 3580 2866 mentem
3608 2827 3774 2865 revo-

2192 2926 2320 2967 cans
2353 2911 2459 2965 illis
2488 2924 2617 2965 oves
2661 2907 2778 2963 illas
2807 2914 2862 2962 et
2889 2905 3105 2960 vitulos.
3155 2903 3270 2958 Etsi
3311 2904 3454 2958 enim
3493 2902 3773 2956 brutonnu

2192 3002 2390 3068 caules,
2436 3001 2627 3070 inquit,
2677 3007 2893 3069 peccata
2939 2995 3239 3060 solvebant,
3285 2993 3457 3048 multo
3489 2992 3656 3062 magis
3687 2993 3778 3046 hie

2195 3097 2432 3168 sanguis.
2463 3095 2574 3150 Nec
2597 3094 2914 3164 simpliciter
2940 3091 3091 3154 dixit,
3117 3089 3532 3153 Liberationem,
3556 3086 3649 3141 sed
3677 3085 3776 3138 Re-

2195 3189 2566 3258 demptionem;
2596 3194 2786 3240 utnon
2830 3184 2970 3240 ultra
2999 3181 3284 3237 redeamus
3323 3180 3376 3233 in
3418 3179 3564 3233 illam
3605 3177 3779 3246 ipsam

2195 3282 2545 3338 servitutem:
2572 3289 2627 3334 et
2655 3277 2776 3332 ideo
2808 3285 2962 3332 vocat
2989 3274 3412 3345 propitiationem,
3464 3271 3777 3334 ostendens,

2196 3375 2240 3430 si
2273 3382 2426 3444 typus
2455 3377 2653 3426 tantam
2685 3369 2790 3423 vim
2813 3367 3076 3432 habuerit,
3101 3356 3271 3420 multti
3296 3364 3462 3434 magis
3489 3363 3782 3418 veritatem

2199 3465 2249 3521 id
2278 3464 2634 3535 prtestituram
2665 3474 2805 3516 esse.
2836 3461 2915 3514 Ac
2945 3472 3128 3513 rursus
3152 3453 3444 3530 ostendens
3473 3453 3524 3508 id
3552 3469 3656 3506 non
3681 3466 3782 3505 uo-

2197 3575 2322 3615 vum
2357 3573 2454 3612 nec
2487 3569 2676 3611 recens
2714 3568 2858 3619 esse,
2904 3552 2999 3616 ait,
3048 3547 3347 3620 Proposuit.
3399 3547 3465 3601 Et
3495 3554 3783 3616 postquam

2200 3653 2352 3713 dixit.
2394 3649 2671 3719 Proposuit
2703 3645 2863 3705 Deus.
2907 3652 2963 3699 et
3001 3640 3234 3696 ostendit
3265 3639 3437 3695 Patris
3472 3651 3591 3691 esse
3619 3651 3780 3706 opus,

2201 3743 2339 3797 idem
2370 3741 2542 3812 ipsum
2572 3738 2810 3793 declarat
2833 3749 2954 3791 esse
2980 3732 3098 3787 Filii
3121 3750 3136 3787 :
3159 3746 3281 3786 nam
3300 3730 3458 3784 Pater
3481 3726 3780 3797 proposuit,

2201 3837 2445 3893 Christus
2471 3848 2600 3888 vero
2627 3832 2679 3886 in
2708 3829 2968 3899 sanguine
2993 3841 3093 3881 suo
3119 3832 3287 3879 totum
3319 3821 3564 3893 perfecit.
3586 3820 3676 3876 26.
3710 3818 3785 3873 In

2201 3928 2530 3984 ostensionem
2550 3922 2766 3995 jnstitire
2790 3935 2912 3974 suae.
2954 3915 3090 3985 Quid
3133 3923 3234 3982 est,
3265 3914 3501 3970 ostensio
3522 3911 3788 3981 iustitia?

2205 4023 2273 4078 Ut
2294 4020 2595 4076 divitiarum
2625 4013 2881 4076 ostensio,
2905 4019 3166 4082 quatenus
3195 4021 3298 4062 non
3328 4007 3442 4076 ipse
3467 4004 3613 4059 solus
3626 4002 3790 4058 dives

2202 4114 2293 4179 sit,
2321 4112 2414 4166 sed
2441 4109 2577 4164 alios
2597 4120 2812 4178 quoque
2843 4103 3037 4159 divites
3064 4098 3284 4160 reddat;
3315 4107 3371 4152 et
3397 4097 3520 4150 vita:
3558 4094 3786 4165 pariter,

2203 4204 2346 4276 quod
2375 4217 2481 4258 non
2514 4203 2629 4271 ipse
2657 4200 2805 4254 solus
2829 4197 2992 4262 vivat,
3016 4191 3110 4248 sed
3146 4193 3309 4246 etiam
3337 4198 3579 4244 mortuos
3609 4185 3791 4238 viviti—

2203 4307 2317 4364 cet;
2345 4306 2398 4352 et
2418 4293 2719 4367 potestatis,
2742 4290 2880 4362 quod
2907 4303 3013 4344 non
3037 4288 3151 4358 ipse
3170 4284 3340 4340 solum
3366 4290 3555 4354 potens
3574 4280 3663 4340 sit,
3685 4278 3790 4332 sed

2204 4390 2363 4444 etiam
2409 4388 2651 4443 infirmos
2695 4381 3038 4439 corroboret:
3066 4378 3144 4434 sic
3183 4384 3238 4431 et
3281 4373 3518 4430 ostensio
3559 4370 3794 4440 justitia:

2205 4493 2309 4548 est,
2339 4479 2481 4550 quod
2511 4492 2614 4532 non
2641 4476 2788 4530 solus
2813 4473 2927 4542 ipse
2954 4471 3027 4525 sit
3047 4470 3244 4539 justus,
3273 4465 3367 4521 sed
3389 4465 3551 4520 etiam
3577 4462 3712 4517 alios
3731 4462 3796 4517 in

2206 4572 2437 4645 peccatis
2461 4574 2767 4638 corruptos,
2795 4563 2970 4619 statim
2997 4561 3173 4631 justos
3205 4556 3381 4612 faciat.
3409 4554 3522 4610 Hoc
3551 4553 3711 4622 igitur
3731 4564 3795 4607 et

2207 4641 2321 4736 ipse
2349 4663 2731 4730 interpretans,
2763 4652 3038 4724 subjunxit
3065 4665 3186 4720 quae
3222 4647 3293 4702 sit
3326 4644 3598 4701 ostensio:
3625 4641 3692 4702 Ut
3718 4643 3796 4696 sit

2206 4735 2316 4827 ipse
2335 4757 2525 4826 justus,
2549 4760 2598 4804 et
2618 4747 2911 4820 justi/ianus
2935 4758 3071 4806 enm,
3095 4741 3180 4810 qui
3201 4747 3270 4794 est
3295 4754 3358 4793 es
3380 4736 3484 4806 ﬁde
3505 4735 3653 4789 Iesu.

2277 4849 2330 4902 '5.
2360 4843 2438 4899 Ne
2464 4842 2642 4910 itaque
2684 4837 2894 4893 dubites
2924 4851 2939 4887 :
2971 4848 3078 4887 non
3121 4830 3264 4886 enim
3288 4843 3352 4883 ex
3381 4826 3653 4896 operibus,
3687 4827 3797 4881 sed

2207 4955 2271 4996 ex
2303 4936 2424 4992 lide.
2459 4934 2642 5003 Neque
2668 4941 2700 4985 a
2729 4929 2820 4984 Dei
2843 4925 3046 4997 justitia
3073 4922 3243 4993 fugias
3284 4937 3298 4974 :
3327 4918 3522 4987 duplex
3552 4915 3695 4971 enim
3725 4917 3804 4970 il-

2207 5031 2309 5086 lius
2333 5029 2528 5082 bonum
2549 5032 2654 5088 est,
2683 5018 2824 5089 quod
2856 5015 3102 5070 videlicet
3123 5021 3178 5068 et
3207 5013 3328 5067 leve
3353 5009 3443 5074 sit,
3465 5017 3520 5063 et
3538 5005 3801 5062 omnibus

2209 5119 2559 5193 propositum.
2598 5115 2675 5169 Ne
2717 5121 2772 5167 te
2816 5107 3033 5180 pedem,
3083 5118 3182 5160 nec
3223 5103 3514 5157 erubescas
3544 5116 3559 5151 :
3586 5111 3709 5152 nam
3746 5099 3799 5151 si

2211 5191 2323 5284 ipse
2353 5213 2452 5266 hoc
2490 5208 2664 5263 facere
2692 5201 3007 5262 ostenditur,
3051 5205 3106 5252 et
3139 5203 3196 5250 ut
3225 5193 3296 5248 ita
3320 5191 3516 5251 dicam,
3557 5196 3799 5243 ostentis

2209 5282 2290 5370 se,
2317 5313 2372 5358 et
2401 5301 2499 5356 sibi
2529 5296 2841 5368 gratulatur,
2873 5288 3143 5361 quomodo
3170 5295 3224 5340 tu
3247 5282 3521 5340 erubescis
3545 5291 3599 5336 et
3619 5289 3673 5335 te
3697 5294 3802 5332 oc-

2209 5369 2404 5458 cultas,
2444 5394 2495 5445 iu
2539 5405 2641 5460 qua
2691 5402 2752 5441 re
2796 5382 3056 5439 Dominus
3101 5389 3220 5433 tuus
3265 5369 3803 5447 gloriﬁcatur?C-um

2209 5504 2339 5560 ergo
2368 5485 2627 5542 erexisset
2651 5479 2946 5534 auditorem
2970 5471 3201 5528 dicendo
3223 5484 3306 5534 ea;
3329 5482 3449 5539 qua:
3476 5465 3610 5519 facta
3636 5473 3798 5528 sum,

2210 5597 2330 5640 esse
2349 5575 2710 5635 ostensionetu
2735 5568 2957 5640 justitia:
2994 5567 3110 5630 Dei,
3140 5576 3348 5617 rursum
3381 5572 3596 5629 segnem
3618 5563 3673 5609 et
3702 5569 3811 5609 re-

2207 5679 2484 5727 eusantem
2509 5665 2698 5720 timore
2719 5660 2783 5716 ad
2807 5651 3440 5722 accedendumimpellit,
3471 5647 3553 5702 his
3573 5644 3800 5700 verbis:

2209 5763 2429 5834 Propter
2457 5756 2798 5814 remissionem
2823 5747 3212 5826 praecedentium
3235 5753 3574 5817 peccatorum.
3603 5736 3813 5794 Vidcu‘
