4048 6216
542 348 647 403 με

531 457 787 528 ἀνωτέρω
837 458 934 526 μὲν
978 457 1183 525 λέγων.
1233 454 1333 510 Διὰ
1383 456 1490 525 γὰρ
1534 457 1718 523 νόμου
1772 452 2091 519 ἐπίγνωσις

531 546 849 612 ἁμαρτίας,
901 544 1039 614 μετά
1082 542 1253 597 ταῦτα
1292 543 1348 597 δέ
1371 582 1386 606 ,
1424 544 1506 597 ὅτι
1547 541 1769 605 Πάντες
1806 539 2090 607 ἥμαρτον.

531 632 765 685 ἐνταῦθα
814 632 871 684 δὲ
919 632 1295 703 σφοδρότερον.
1354 631 1489 684 Οὐδέ
1530 630 1638 700 7&9
1682 625 1835 688 εἶπε,
1880 623 1977 676 Διά
2022 620 2091 674 τά

531 720 939 791 ἁμαρτήματα,
987 718 1154 781 ἀλλά,
1207 718 1310 771 Διὰ
1359 716 1475 784 τὴν
1520 716 1797 784 πάρεσιν,
1847 711 2094 765 τουτέστι

529 804 626 875 τὴν
671 806 959 877 νέκρωσιν.
1010 805 1211 859 Οὐκέτι
1254 805 1364 875 γὰρ
1414 803 1599 873 ὑγείας
1645 802 1798 864 ἐλπὶς
1839 795 1928 870 ἦν,
1978 796 2094 851 ἀλλ’

529 890 717 964 ὥσπερ
743 894 901 963 σῶμα
948 894 1260 965 Μραλυθέν
1300 894 1400 964 τῆς
1444 891 1649 947 ἀνωθεν
1680 890 1851 943 ἐδεῖτο
1882 886 2092 958 χειρόςε

529 980 670 1033 οὕτω
704 982 797 1033 καὶ
825 982 859 1052 ή
892 981 1036 1051 ψυχή
1080 980 1436 1053 νεκρωθεῖσα.
1473 978 1582 1032 Καὶ
1613 978 1673 1030 τὸ
1698 977 1762 1045 δὴ
1796 972 2098 1045 χαλεπώτε-

536 1084 647 1136 ρον,
682 1069 818 1139 ὅπερ
858 1068 915 1121 ἐν
945 1068 1098 1134 τάξει
1145 1068 1260 1129 θεὶς
1302 1067 1498 1130 αἰτίας,
1551 1065 1789 1119 δείκνυσι
1824 1061 2007 1131 μεῖξον
2037 1060 2095 1113 ὃν

533 1154 921 1224 κατηγόρημα.
949 1154 1015 1207 Τί
1046 1155 1104 1208 δὲ
1146 1154 1301 1208 τοῦτό
1332 1156 1481 1219 ἐστις
1512 1153 1584 1205 Τὸ
1620 1154 1674 1205 ἐν
1703 1154 1767 1221 τῇ
1796 1151 1961 1220 ἀνοχῇ
2000 1146 2094 1200 τοῦ

532 1240 666 1293 Θεοῦ
704 1240 801 1311 τήν
844 1242 1074 1312 πάρεσιν
1107 1241 1457 1312 γεγενῆσθαι.
1499 1240 1633 1298 Οὐδὲ
1670 1238 1781 1307 7&9
1824 1238 1889 1291 ἂν
1922 1236 2096 1305 ἔχοιτε

533 1327 730 1392 εἰπεῖν,
780 1328 965 1397 φησὶν,
1009 1328 1091 1381 ὅτι
1133 1329 1233 1381 ούκ
1275 1326 1618 1382 ἀπελαύσατε
1656 1324 1857 1394 πολλῆς
1901 1322 2096 1391 ἀνοχῆς

534 1414 627 1466 καὶ
668 1415 1057 1486 χρηστότητος.
1094 1415 1168 1468 Τὸ
1197 1416 1287 1480 δέ,
1327 1417 1429 1469 Ἐν
1461 1413 1538 1479 τῷ
1579 1413 1696 1467 νῦν
1739 1410 1953 1479 καιρῷ,
1998 1407 2096 1477 τὴν

532 1500 732 1572 πολλὴν
776 1501 1082 1566 δεικνύντος
1123 1503 1271 1557 ἐστὶν
1301 1501 1500 1571 ἀνοχὴν
1543 1501 1637 1553 καὶ
1672 1496 2095 1568 φιλανθρωπίαν.

535 1588 663 1640 Ὅτε
709 1589 817 1660 γάρ
868 1588 1325 1660 ἀπε-γνώσθημεν,
1361 1587 1517 1658 φησὶ,
1548 1587 1641 1641 καὶ
1670 1584 1860 1655 καιρὸς
1886 1581 2098 1650 ἀποφά’

536 1691 669 1738 σεως
693 1671 781 1745 ἦν,
811 1678 904 1728 καὶ
930 1676 1139 1747 ηὐξήθη
1168 1677 1236 1737 τά
1269 1676 1435 1735 κακά,
1481 1675 1575 1728 καὶ
1614 1671 2010 1742 ἐπληρώθησαν
2040 1671 2095 1722 αἱ

534 1760 818 1828 ἁμαρτίαι,
863 1761 982 1814 τότε
1010 1761 1109 1832 τὴν
1138 1760 1335 1817 ἐαυτοῦ
1377 1760 1605 1830 δύναμιν
1638 1758 1968 1822 ἐπεδείξατο,
2011 1757 2096 1808 ἵνα

535 1846 712 1917 μάθῃς
739 1846 879 1917 πόση
909 1849 1040 1918 παρ’
1060 1847 1209 1917 αὐτῷ
1232 1847 1332 1916 τῆς
1360 1843 1704 1915 δικαιοσύνης
1727 1846 1761 1916 ή
1791 1844 2094 1912 περιουσία.

531 1932 667 1984 Οὐδὲ
696 1931 807 2003 7&9
849 1934 906 1986 ἐν
935 1934 1074 2005 ἀρχῇ
1119 1933 1408 2003 γενόμενον
1439 1930 1597 1984 τοῦτο
1620 1929 1761 1983 οὕτω
1788 1929 2098 1999 θαυμαστὸν

531 2018 597 2071 ἂν
616 2020 790 2090 ἐφάνη
817 2021 909 2073 καὶ
933 2020 1253 2090 παράδοξον,
1289 2020 1365 2082 ώς
1388 2019 1502 2083 νῦν,
1540 2019 1627 2071 ὅτε
1654 2018 1831 2087 πάσης
1860 2016 2099 2087 ἰατρείας

532 2105 834 2177 ἐξηλέγχθη
880 2108 1078 2177 τρόπος
1095 2120 1144 2160 ι.
1188 2107 1313 2161 Ποῦ
1358 2102 1471 2161 οὖν
1516 2104 1553 2172 ἡ
1592 2105 1925 2172 καύχησις;
1966 2103 2096 2165 Ἐξο

529 2193 815 2260 εκλείσθη
841 2231 857 2257 ,
907 2194 1060 2264 φησί.
1090 2192 1192 2247 Διὰ
1224 2194 1398 2245 ποίου
1443 2192 1668 2260 νόμους
1712 2188 1831 2243 τῶν
1872 2189 2097 2257 ἕργωνς

534 2281 703 2348 Οὐχὶ,
738 2281 901 2336 ἀλλὰ
935 2282 1033 2335 διὰ
1056 2284 1244 2350 νόμου
1270 2281 1548 2345 πίστεως.
1579 2278 1755 2342 Πολὺς
1785 2279 1813 2330 δ
1844 2278 1994 2347 ἀγὼν
2020 2278 2098 2348 τῷ

532 2368 731 2438 Παύλῳ
755 2368 948 2435 δεῖξαι,
990 2371 1076 2422 ὅτι
1115 2368 1372 2421 τοσοῦτον
1411 2368 1444 2437 ή
1488 2366 1667 2429 πίστις
1698 2367 1935 2434 ἴσχυσεν,
1976 2364 2099 2417 ὅσον

532 2454 654 2506 ούδέ
703 2454 1013 2525 ἐφαντάσθη
1046 2454 1177 2507 ποτὲ
1224 2456 1253 2507 δ
1298 2453 1480 2523 νόμος.
1534 2451 1752 2521 Ἐπειδὴ
1785 2451 1892 2522 7&9
1922 2447 2097 2517 εἶπεν,

531 2540 614 2592 ὅτι
640 2540 842 2593 δικαιοῖ
867 2543 895 2594 δ
920 2540 1053 2604 Θεὸς
1092 2540 1184 2593 τὸν
1227 2540 1513 2610 ἀνθρωπον
1544 2540 1652 2592 ἀπὸ
1689 2539 1787 2608 τῆς
1827 2538 2064 2599 πίστεως
2083 2575 2099 2600 ,

532 2624 966 2696 ἐπιλαμϐάνεται
993 2627 1085 2682 τοῦ
1116 2628 1282 2698 νόμου
1332 2626 1513 2680 πάλιν.
1548 2626 1657 2678 Καὶ
1684 2626 1745 2679 ού
1780 2625 1958 2693 λέγει,
1992 2625 2100 2677 Ποῦ

532 2709 625 2767 οὖν
658 2715 725 2768 τά
755 2716 1154 2787 κατορθώματα
1181 2715 1289 2767 τῶν
1326 2714 1625 2778 Ἰουδαίων;
1675 2711 1777 2767 ποῦ
1816 2716 1849 2784 ή
1896 2713 2100 2765 δικαιο⁹

533 2801 774 2875 πραγία;
808 2801 964 2866 ἀλλά,
998 2802 1122 2857 Ποῦ
1156 2803 1194 2870 ἡ
1228 2802 1561 2871 καύχησις;
1589 2802 1862 2872 πανταχοῦ
1891 2801 2103 2862 δεικνὺς

534 2888 1047 2960 μεγαληγοροῦντας
1106 2890 1265 2958 μόνον
1319 2888 1394 2952 ώς
1448 2888 1609 2941 πλέον
1671 2905 1724 2941 τι
1773 2888 1880 2941 τῶν
1928 2887 2103 2943 ἄλλων

534 2975 775 3046 ἔχοντας,
809 2976 903 3030 καὶ
938 2976 1103 3047 μηδὲν
1150 2976 1625 3047 ἐπιδεικνυμένους
1667 2974 1846 3046 ἔργον.
1877 2975 1989 3028 Καὶ
2023 2976 2102 3027 εί-

535 3063 672 3129 πὼν,
702 3064 824 3118 Ποῦ
858 3058 971 3119 οὖν
1024 3066 1062 3133 ἡ
1102 3065 1435 3134 καύχησις;
1463 3063 1563 3117 οὐκ
1596 3058 1772 3126 εἶπεν,
1799 3061 2103 3131 ’Πιρανίσθη

534 3150 629 3203 καὶ
670 3150 950 3216 ἀπώλετο,
1000 3151 1112 3204 ἀλλ’
1185 3150 1604 3218 Ἐξεκλείσθη,
1660 3150 1796 3222 ὅπερ
1846 3148 2104 3220 ἀκαιρίας

538 3238 740 3307 μᾶλλόν
774 3239 951 3291 ἐστιν’
988 3238 1171 3291 οὐκέτι
1214 3236 1321 3308 γὰρ
1352 3237 1465 3308 ἔχει
1508 3238 1716 3307 καιρόν.
1748 3237 1957 3306 ’Ὠσπερ
1995 3236 2104 3306 7&9

534 3326 634 3395 τῆς
681 3325 914 3395 κρίσεως
960 3325 1295 3396 ἐπιστάσης,
1338 3325 1522 3378 οὐκέτι
1562 3324 1752 3397 καιρὸν
1803 3324 2017 3395 ἔχουσιν
2054 3325 2104 3377 οἱ

539 3413 870 3482 μετανοῆσαι
916 3412 1267 3483 βουλόμενοι’
1309 3411 1452 3466 οὓτω
1497 3412 1592 3465 κοιλ⁵
1635 3411 1733 3481 τῆς
1777 3411 2104 3479 ἀποφάσεως

536 3499 908 3569 ἐξενεχθείσης
942 3500 1151 3564 λοιπὸν,
1174 3500 1269 3553 καὶ
1298 3500 1512 3553 πάντων
1547 3499 1847 3568 μελλόντων
1868 3499 2102 3553 ἀπόλλυ-

531 3585 695 3647 σθαι,
730 3587 821 3638 καὶ
855 3586 1300 3657 παραγενομένου
1333 3586 1426 3640 τοῦ
1456 3586 1628 3639 ταῦτα
1662 3587 1847 3656 χάριτι
1887 3586 2105 3651 λύοντος

537 3674 606 3726 τά
645 3673 813 3737 δεινά,
856 3674 1039 3726 οὐκέτι
1070 3674 1260 3744 καιρὸν
1306 3670 1449 3744 εἶχον
1493 3675 1687 3728 ἐκεῖνοι
1733 3674 2105 3744 προϐαλέσθαι

536 3761 636 3831 τὴν
675 3760 784 3813 ἀπὸ
812 3760 905 3813 τοῦ
937 3762 1103 3832 νόμου
1135 3760 1439 3832 διόρθωσιν.
1464 3762 1527 3815 Εἰ
1556 3762 1663 3835 7&9
1695 3764 1860 3835 ἐχρῆν
1893 3764 2104 3834 ἰσχυρίο

539 3846 729 3911 ζεσθαι
774 3847 1003 3911 τούτοις,
1035 3848 1141 3920 πρὸ
1166 3848 1268 3919 τῆς
1297 3850 1599 3919 παρουσίας
1624 3851 1822 3921 ἐχρῆψ
1856 3849 2107 3913 ἐλθόντος

535 3934 595 3988 δέ
632 3934 729 3989 τοῦ
762 3936 851 3989 διά
894 3937 996 4007 τῆς
1028 3938 1264 4001 πίστεως
1292 3935 1575 4003 σώζοντος,
1611 3938 1849 4010 ἀνῄρητο
1874 3938 2059 3992 λοιπὸν
2079 3942 2106 3992 ό

536 4022 646 4075 τῶν
674 4022 900 4092 ἀγώνων
932 4025 1122 4096 καιρός
1144 4043 1155 4055 ·
1181 4025 1256 4089 ὡς
1284 4024 1392 4095 γὰρ
1420 4026 1796 4096 ἐληλεγμένων
1827 4026 2104 4088 ἀπάντων,

536 4110 680 4163 οὕτω
712 4113 776 4181 τῇ
810 4111 992 4183 χάριτι
1021 4112 1203 4176 σώζει.
1228 4111 1318 4163 Διὸ
1355 4114 1449 4166 καὶ
1480 4112 1574 4165 νῦν
1598 4108 1780 4183 ἦλθεν,
1804 4113 1890 4164 ἵνα
1921 4113 1995 4181 μὴ
2019 4111 2105 4164 λέο

538 4213 708 4267 γωσιν
728 4213 742 4227 °
761 4196 850 4252 Ἐν
876 4199 1018 4270 ἀρχῇ
1059 4199 1525 4268 παραγενομένου,
1559 4200 1641 4251 δτι
1666 4199 1890 4252 δυνατὸν
1926 4195 1994 4268 ἦν
2019 4198 2107 4253 διὰ

539 4282 704 4351 νόμου
732 4284 992 4352 σωθῆναι,
1020 4284 1113 4335 καὶ
1140 4285 1320 4345 πόνοις
1345 4284 1566 4346 οἰκείοις
1587 4285 1678 4336 καλ.
1698 4284 2105 4354 κατορθώμασι.

539 4368 756 4438 Ταύτην
797 4364 891 4421 οὖν
932 4369 1295 4436 ἐπιστομίζων
1336 4368 1514 4421 αὐτῶν
1566 4368 1661 4439 τὴν
1703 4368 2107 4438 ἀναισχυντίαν,

540 4452 725 4523 ἔμεινε
748 4453 939 4524 χρόνον
970 4453 1159 4515 πολὺν,
1185 4453 1325 4507 ὥστε
1357 4453 1495 4523 μετά
1514 4454 1574 4506 τὸ
1605 4453 1693 4507 διὰ
1714 4454 1862 4526 [487]
1890 4455 2108 4508 πάντων

542 4539 865 4610 ἐλεγχθῆναι
894 4539 1081 4609 σαφῶς
1096 4540 1198 4593 οὐκ
1221 4540 1523 4609 ἀρκοῦντας
1539 4543 1773 4604 ἑαυτοῖς,
1792 4542 1913 4596 τότε
1936 4542 2109 4596 σῶσαι

530 4628 630 4687 διὰ
667 4628 768 4702 τῆς
796 4628 959 4681 αὐτοῦ
989 4629 1230 4699 χάριτος.
1265 4628 1355 4681 Διὸ
1382 4630 1476 4681 καὶ
1501 4629 1758 4699 ἀνωτέρω
1790 4629 1981 4697 λέγων,
2006 4633 2110 4695 Ε’ὶς

542 4715 805 4781 ἔνδειξιν
831 4715 940 4783 τῆς
966 4714 1378 4783 δικαιοσύνης,
1410 4715 1711 4786 ἐπήγαγεν,
1762 4717 1858 4770 Ἑν
1885 4715 1965 4782 τῷ
1995 4716 2113 4771 νῦν

540 4802 745 4874 καιρῷ.
796 4805 857 4859 Εἰ
899 4804 955 4858 δὲ
1000 4804 1329 4871 ἀντιλέγοιεν
1381 4820 1560 4867 τινες,
1603 4802 1796 4858 ταυτὸν
1844 4804 2109 4868 ποιοῦσιν,

542 4890 734 4963 ὣσπερ
756 4890 820 4945 ἂν
844 4891 897 4945 εῐ
926 4907 1010 4957 τις
1040 4891 1250 4962 μεγάλα
1272 4888 1611 4963 ἡμαρτηκὼς
1636 4888 1730 4943 καὶ
1761 4890 1837 4960 μὴ
1865 4888 2111 4960 δυνηθεὶς

545 4980 991 5050 ἀπολογήσασθαι
1014 4981 1072 5033 ἐν
1100 4980 1454 5055 δικαστηρίῳ,
1475 4978 1609 5032 ἀλλὰ
1637 4978 1988 5049 κατακριθεὶς
2016 4977 2112 5031 καὶ

548 5066 872 5131 κολάζεσθαι
927 5066 1175 5137 μέλλων,
1230 5063 1350 5128 εἶτα
1408 5066 1515 5120 ἀπὸ
1564 5065 1771 5136 δωρεᾶς
1828 5064 2113 5135 βασιλικῆς

549 5150 793 5215 ἀφεθεὶς,
824 5151 1206 5221 ἀναισχυντοίη
1232 5149 1369 5221 μετά
1396 5150 1496 5222 τήν
1518 5150 1710 5218 ἄφεσιν
1737 5148 2111 5219 καυχώμενος,

549 5232 644 5285 καὶ
681 5232 854 5299 λέγων
890 5234 1055 5303 μηδὲν
1095 5234 1495 5305 ἡμαρτηκέναι.
1543 5232 1678 5303 Πρὶν
1721 5233 1753 5303 ἦ
1795 5232 1903 5301 γὰρ
1941 5231 2115 5283 ἐλθεῖν

548 5315 645 5382 τὴν
689 5314 915 5383 δωρεάν,
951 5317 1228 5382 ἀποδεῖξαι
1272 5317 1410 5370 ἔδει’
1448 5316 1706 5387 ἐλθούσης
1763 5316 1839 5377 δὲ,
1889 5316 1987 5368 ούκ
2048 5316 2116 5369 ἂν

550 5397 660 5466 ἔχοι
706 5396 895 5466 καιρὸν
940 5398 1244 5467 καυχᾶσθαι
1291 5398 1494 5453 λοιπόν.
1528 5402 1592 5452 Ὀ
1634 5398 1699 5470 δὴ
1745 5400 1839 5455 καὶ
1883 5398 2117 5451 ἐπὶτῶν

565 5478 831 5534 Ἰουδαίων
865 5480 1107 5548 γέγονεν.
1143 5482 1356 5552 Ἐπειδὴ
1382 5482 1489 5551 γὰρ
1514 5483 1722 5535 οἴκοθεν
1754 5478 1891 5553 ἦσαν
1926 5483 2116 5551 προδε-

549 5563 787 5633 δομένοι,
820 5562 908 5615 διὰ
935 5562 1093 5615 τοῦτο
1116 5563 1504 5633 παραγέγονεν,
1533 5565 1681 5630 αὐτῷ
1706 5564 1781 5634 τῷ
1810 5565 2115 5635 παραγενέτ

556 5647 677 5699 σθαι
705 5645 801 5715 τὴν
825 5646 1092 5716 καύχησιν
1115 5646 1375 5714 ἀναιρῶν.
1393 5646 1450 5697 Ὀ
1476 5646 1582 5715 γὰρ
1604 5647 1777 5714 λέγων
1801 5648 2119 5710 διδάσκαλος

557 5726 692 5781 εἶναι
738 5730 964 5797 νηπίων,
1012 5728 1106 5781 καὶ
1158 5728 1217 5777 ἐν
1266 5726 1342 5796 τῷ
1386 5728 1534 5796 νόμῳ
1585 5729 1968 5797 καυχώμενος,
2027 5731 2121 5783 καὶ

557 5814 848 5884 παιδευτὴν
870 5814 1120 5883 ἀφρόνων
1138 5811 1329 5864 ἐαυτὸν
1355 5810 1656 5878 ὀνομάζων,
1674 5812 1874 5879 ὁμοίως
1892 5813 2122 5875 ἐκείνοις

625 5944 647 5970 ³
681 5944 835 6002 Unus,
861 5946 937 5994 ὅτε
962 5951 1051 6002 πᾶς
1070 5945 1272 6008 ἰατρείας
1292 5944 1539 6005 ἐξηλέγχθη
1564 5941 1748 6004 τρόπος.

1232 346 1286 399 S.
1328 342 1613 399 JOANNIS
1652 332 2135 395 CIIIWSOSTOMI
2181 332 2502 389 AlullllEP.
2545 328 3092 386 CONSTANTINOP.
3645 325 3730 379 “6

2198 448 2405 516 δεηθεὶς
2448 447 2539 501 τοῦ
2592 445 2899 509 διδάξαντος
2949 443 3044 497 καὶ
3078 441 3349 501 σώσαντος
3371 480 3385 504 ,
3420 437 3512 491 οὐκ
3553 437 3614 491 ἂν
3640 438 3733 506 ἔχει

2198 534 2290 587 τοῦ
2326 534 2633 604 καυχᾶσθαι
2669 532 2958 601 πρόφασιν.
2998 530 3060 581 Et
3091 528 3199 597 7&9
3228 527 3319 579 καὶ
3367 526 3468 597 πρὸ
3511 525 3735 593 τούτουή

2199 623 2467 691 περιτομὴ
2518 618 2852 690 ἀκροϐυστία
2903 616 3139 683 ἐγένετο,
3186 612 3366 682 πολλῷ
3412 610 3600 683 μᾶλλον
3624 611 3707 664 νῦν

2197 708 2291 760 κα)⁸
2328 708 2435 777 γάρ
2466 706 2525 771 ἐξ
2556 706 2830 777 ἑκατέρων
2863 698 3228 771 ἐκϐέϐληταιδ
3266 700 3375 752 τῶν
3417 699 3630 768 καιρῶν.
3658 698 3737 753 ΕΞ-

2197 794 2315 848 πὼν
2356 794 2435 857 δὲ,
2469 795 2552 847 δτι
2592 792 2980 857 Ἐξεκλείσθη
3006 828 3021 852 ,
3055 788 3295 841 δείκνυσι
3328 786 3424 840 καὶ
3467 785 3595 849 πῶς.
3635 784 3737 848 Πῶς

2196 876 2289 934 οὖν
2324 880 2636 949 ἐξεκλείσθη
2659 917 2672 940 ,
2705 876 2868 947 φησί;
2900 876 3005 929 Διὰ
3045 875 3222 928 ποίου
3254 875 3478 941 νόμους
3520 872 3630 925 τῶν
3657 872 3738 938 ἑρ-

2198 984 2352 1037 γωνς
2377 966 2544 1033 Οὐχί,
2576 965 2737 1020 ἀλλὰ
2766 962 2863 1017 διὰ
2883 964 3072 1031 νόμου
3102 960 3383 1026 πίστεως.

2266 1153 2326 1206 δ’.
2377 1152 2505 1207 Ἰδοὺ
2531 1152 2625 1206 καὶ
2647 1152 2743 1221 τὴν
2770 1152 2950 1204 πίστιν
2976 1149 3138 1218 νόμον
3164 1147 3440 1208 ἐκάλεσεν,
3468 1145 3738 1215 ἐμφιλοχω-

2198 1242 2307 1312 ρῶν
2337 1244 2447 1303 τοῖς
2467 1240 2741 1309 ὀνόμασιν,
2769 1239 2908 1292 ὥστε
2936 1235 3374 1306 παραμυθεῖσθαι
3392 1235 3488 1304 τὴν
3510 1232 3740 1286 δοκοῦσαν

2198 1324 2338 1381 εἶναι
2367 1328 2735 1397 καινοτομίαν.
2772 1327 2866 1389 Τίς
2895 1325 2949 1379 δὲ
2982 1326 3010 1376 ὁ
3048 1324 3147 1393 τῆς
3179 1324 3413 1385 πίστεως
3447 1320 3600 1390 νόμος
3621 1336 3635 1378 ;
3658 1318 3739 1371 Διά

2198 1416 2422 1484 χάριτος
2456 1413 2746 1478 σώζεσθαι.
2779 1411 3042 1466 Ἐνταῦθα
3071 1410 3133 1463 τὸ
3162 1408 3383 1463 δυνατὸν
3408 1407 3637 1462 δείκνυσι
3664 1403 3741 1458 τοῦ

2198 1503 2355 1565 Θεοῦ,
2387 1504 2469 1555 δτι
2506 1503 2568 1555 οὐ
2604 1502 2763 1571 μόνον
2791 1500 2993 1554 ἔσωσεν
3012 1541 3027 1566 ,
3064 1497 3201 1552 ἀλλά
3229 1498 3323 1549 καὶ
3360 1494 3634 1547 ἐδικαίωσε
3664 1493 3741 1549 καὶ

2198 1591 2279 1652 εἰς
2314 1588 2583 1658 καύχησιν
2612 1588 2812 1658 ἤγαγε,
2852 1587 2947 1641 καί
2992 1585 3113 1642 οὐδὲ
3156 1584 3338 1653 ἔργων
3366 1581 3597 1651 δεηθεὶς,
3628 1577 3742 1633 ἀλλὰ

2201 1675 2382 1733 πίστιν
2428 1676 2671 1745 ζητήσας
2706 1674 2887 1745 μόνον.
2921 1672 3107 1725 Ταῦτα
3137 1672 3192 1725 δὲ
3219 1671 3388 1739 λέγει,
3434 1670 3528 1722 καὶ
3557 1666 3638 1719 τὸν
3666 1683 3742 1716 πι-

2202 1764 2502 1816 στεύσαντα
2539 1761 2792 1814 Ἰουδαῖον
2832 1758 3141 1830 μετριάζειν
3173 1753 3626 1828 παρασκευάζων,
3664 1750 3743 1804 καὶ

2199 1849 2290 1904 τὸν
2329 1851 2403 1919 μὴ
2438 1848 2807 1903 πιστεύσαντα
2845 1845 3262 1908 καταστέλλων,
3306 1843 3446 1895 ὥστε
3490 1842 3636 1893 αὑτὸν
3666 1838 3743 1905 ἐφ-

2200 1936 2548 1990 ελκύσασθαι.
2594 1936 2654 1987 Ὀ
2691 1934 2789 2005 μὲν
2818 1933 2925 2004 7&9
2956 1932 3167 1995 σωθεὶς,
3205 1931 3271 1984 ἂν
3302 1931 3444 1999 μέγα
3487 1930 3644 1997 φρονῇ
3682 1923 3747 1993 τῷ

2201 2026 2347 2096 νόμῳ
2377 2025 2681 2095 προσέχων,
2712 2022 3003 2077 ἀκούσεται
3028 2022 3110 2074 ὅτι
3142 2019 3305 2081 αὐτὸς
3329 2017 3500 2071 αὐτοῦ
3522 2016 3577 2069 τὸ
3600 2015 3746 2083 στόμα

2202 2110 2516 2183 ἐνέφραξεν,
2554 2111 2715 2174 αὐτὸς
2761 2109 2925 2162 αὑτοῦ
2972 2104 3570 2177 κατηγόρησεν,ηαὺτδς
3606 2100 3745 2155 αὑτοῦ

2200 2200 2298 2270 τῆν
2327 2199 2600 2268 σωτηρίαν
2626 2196 2995 2267 ἀπηγόρευσε,
3031 2194 3127 2247 καὶ
3158 2193 3219 2245 τδ
3247 2191 3515 2260 καύχημα
3541 2187 3747 2252 ἐξέκλει-

2204 2300 2313 2339 σεν·
2336 2287 2363 2339 δ
2386 2285 2442 2336 δὲ
2469 2284 2544 2355 μή
2583 2283 2879 2345 πιστεύσας
2909 2280 3091 2346 πάλιν,
3116 2279 3205 2332 διά
3226 2279 3337 2331 τῶν
3366 2278 3547 2330 αὐτῶν
3571 2274 3745 2327 τούτων

2200 2370 2580 2434 ταπεινωθεὶς,
2600 2369 2978 2440 προσαχθῆναι
3000 2369 3066 2437 τῇ
3093 2368 3273 2419 πίστει
3298 2365 3602 2434 δυνήσεται.
3621 2356 3747 2421 Εἶδες

2204 2460 2343 2529 πόση
2376 2459 2476 2527 τῆς
2504 2458 2741 2520 πίστεως
2781 2458 2814 2527 ή
2847 2454 3168 2525 περιουσία;
3200 2452 3317 2515 πῶς
3354 2452 3623 2519 ἀπέστησε
3654 2448 3746 2499 τῶν

2203 2546 2525 2617 προτέρων,
2591 2544 2725 2613 μηδέ
2780 2541 3087 2612 καυχᾶσθαι
3149 2540 3236 2593 ἐπ’
3296 2539 3486 2599 αὐτοῖς
3543 2536 3743 2603 ἀςεῖσας

2206 2636 2561 2707 Λογιζόμεθα
2615 2629 2728 2689 οὖν
2782 2634 2981 2686 πίστει
3028 2630 3402 2687 δικαιοῦσθαι
3460 2627 3591 2693 dvo!
3606 2637 3746 2676 ωπον

2206 2727 2379 2791 χωρὶς
2411 2723 2600 2792 ἔργων
2631 2721 2841 2788 νόμου.
2877 2720 3009 2772 ’Ὀτε
3059 2717 3256 2783 ἔδειξεν
3284 2714 3587 2786 ἀνωτέρους
3610 2712 3745 2769 ὄντας

2205 2813 2315 2866 ἀπὸ
2362 2811 2461 2878 τῆς
2508 2809 2742 2869 πίστεως
2785 2807 2892 2860 τῶν
2934 2805 3222 2869 Ἰουδαίων,
3260 2803 3380 2859 τότε
3414 2801 3593 2855 λοιπὸν
3629 2795 3745 2868 μετά

2206 2898 2407 2967 πολλῆς
2450 2898 2549 2967 τῆς
2582 2895 2892 2967 παρρησίας
2924 2894 3020 2947 καὶ
3067 2891 3193 2962 περὶ
3235 2889 3405 2956 αὐτῆς
3447 2886 3742 2953 διαλέγεται,

2206 2986 2301 3039 καὶ
2344 2985 2405 3037 τδ
2431 2982 2620 3037 δοκοῦν
2664 2981 2900 3035 ἐνταῦθα
2946 2979 3217 3050 θορυϐεῖν,
3260 2977 3421 3030 πάλιν
3453 2976 3613 3033 ἰᾶται.
3655 2967 3746 3022 Καὶ

2207 3072 2315 3144 7&9
2338 3071 2430 3124 δύο
2455 3070 2628 3124 ταῦτα
2659 3069 2727 3123 τά
2754 3068 3092 3139 ταράττοντα
3120 3061 3186 3135 ἦν
3225 3062 3540 3126 Ἰουδαίους,
3562 3060 3614 3114 ἓν
3645 3057 3745 3127 μὲν,

2207 3161 2256 3213 εί
2278 3159 2403 3222 τοὺς
2434 3156 2551 3228 μετ’
2579 3157 2755 3228 ἔργων
2776 3156 2849 3225 μὴ
2876 3155 3145 3215 σωθέντας
3171 3150 3394 3204 δυνατὸν
3402 3149 3577 3220 χωρὶς
3596 3146 3747 3215 ἔργων

2210 3245 2480 3314 σωθῆναιο
2526 3244 2711 3315 ἕτερον
2750 3243 2843 3308 δὲ,
2888 3242 2937 3294 εἰ
2984 3240 3109 3303 τοὺς
3152 3236 3524 3308 ἀκροϐύστους
3566 3233 3747 3285 δίκαιον

2205 3336 2313 3390 τῶν
2359 3331 2538 3387 αὐτῶν
2574 3329 2879 3387 ἀπολαῦσαι
2926 3331 3039 3391 τοῖς
3083 3329 3140 3380 ἐν
3169 3325 3406 3395 τοσούτῳ
3428 3324 3607 3398 χρόνῳ
3646 3334 3749 3370 συν-

2207 3425 2464 3495 τραφεῖσι
2493 3421 2569 3492 τῷ
2600 3423 2783 3492 νόμῳ’
2838 3420 2866 3472 δ
2912 3417 3092 3487 πολλῷ
3136 3415 3230 3468 τοῦ
3282 3414 3543 3485 προτέρου
3575 3407 3749 3479 μᾶλλον

2208 3513 2403 3575 αὐτοὺς
2432 3509 2778 3580 ἐξετάραττε.
2807 3507 2905 3561 Διά
2939 3505 3098 3559 τοῦτο
3126 3506 3303 3557 ἐκεῖνο
3342 3496 3748 3556 κατασκευάσας.

2207 3600 2301 3653 ἐπὶ
2330 3598 2489 3652 τοῦτο
2516 3598 2700 3651 λοιπὸν
2735 3596 2961 3661 ἔξεισιν·
2994 3595 3130 3663 ὅπερ
3168 3590 3340 3652 οὕτως
3368 3586 3609 3659 ἐθορύϐει
3642 3584 3748 3642 τοὺς

2222 3685 2531 3749 Ἰουδαίους,
2572 3684 2647 3748 ὼς
2692 3683 2787 3736 καλ⁸
2824 3681 3018 3750 Πέτρῳ
3054 3677 3189 3749 μετά
3220 3677 3318 3746 τὴν
3364 3675 3542 3727 πίστιν
3572 3670 3748 3736 ταύτης

2210 3772 2397 3824 ἔνεκεν
2434 3768 2725 3838 ἐγκαλέσαι
2750 3766 2850 3837 τῆς
2877 3765 3205 3825 ὑποθέσεως,
3236 3760 3534 3831 Κορνηλίου
3555 3758 3637 3811 καὶ
3659 3752 3750 3805 τῶν

2210 3859 2331 3912 κατ’
2360 3857 2520 3913 αὐτὸν
2550 3856 2733 3909 ἐνεκεν
2766 3852 3129 3925 πραγμάτων.
3173 3850 3238 3901 Τί
3282 3844 3375 3901 οὖν
3404 3862 3563 3919 φησι;
3605 3848 3751 3910 Λογι-

2212 3948 2421 4016 ζόμεθα
2473 3940 2586 4000 οὖν
2623 3945 2822 3997 πίστει
2856 3940 3229 3995 δικαιοῦσθαι
3270 3936 3419 4009 [488]
3471 3936 3753 4016 ἅνθριιιςιοιρ

2158 4090 2179 4111 .
2213 4013 2388 4103 χωρὶς
2418 4032 2606 4101 ἔργων
2630 4032 2839 4098 νόμου.
2866 4030 2977 4081 Οῦκ
3002 4023 3153 4080 εἶπεν
3189 4025 3462 4090 Ἰουδαῖον,
3491 4022 3522 4092 ἢ
3552 4013 3753 4111 τὸν-ὐπὸ

2210 4121 2301 4173 τὸν
2335 4120 2499 4187 νόμον
2527 4118 2676 4177 δντα,
2711 4116 2824 4169 ἀλλ’
2858 4112 3140 4181 ἐξαγαγὼν
3179 4112 3272 4164 τὸν
3300 4110 3458 4178 λόγον
3499 4110 3574 4169 είς
3610 4104 3754 4173 εὐρυο

2214 4206 2451 4277 χωρίαν,
2494 4206 2587 4259 καί¹
2634 4208 2700 4277 τῇ
2752 4203 3048 4276 οἰκουμένῃ
3097 4203 3195 4264 τὰς
3230 4200 3398 4270 θύρας
3431 4194 3636 4260 ἀνοίξας
3668 4190 3753 4259 τῆς

2215 4294 2506 4363 σωτηρίας.
2534 4294 2718 4363 φησιν,
2749 4295 3109 4360 Ἄνθρωπον,
3140 4288 3199 4342 τδ
3230 4287 3410 4341 κοινὸν
3438 4286 3535 4355 τῆς
3560 4282 3755 4351 φύσεως

2212 4382 2383 4450 δνομα
2428 4380 2560 4442 θείς.
2610 4375 2743 4432 Εἶτα
2789 4380 2898 4432 ἀπὸ
2939 4378 3126 4431 τούτου
3170 4374 3352 4428 λαϐὼν
3391 4370 3652 4442 ἀφορμὴν.
3691 4364 3754 4433 μὴ

2214 4468 2468 4521 τεθεῖσαν
2499 4466 2775 4521 ἀντίθεσιν
2810 4460 2949 4520 λύειζ
2990 4464 3207 4533 Ἐπειδὴ
3237 4461 3346 4531 7&9
3370 4461 3512 4521 εἰκὸς
3539 4454 3602 4527 ἦν
3638 4454 3761 4505 Ἰον·

2212 4555 2393 4616 δαίους
2426 4553 2802 4616 ἀκούσαντας,
2846 4554 2929 4606 ὃτι
2978 4551 3155 4604 πάντα
3202 4548 3487 4623 ἄνθρωπον
3521 4545 3554 4615 ή
3597 4541 3757 4597 πίστις

2215 4641 2433 4703 δικαιοῖ,
2456 4639 2828 4710 δυσχεραίνειν
2852 4638 2947 4692 καὶ
2974 4633 3435 4705 σκανδαλίςεσθαι,
3468 4630 3754 4710 ἐπήγαγενξ

2217 4730 2284 4782 Ἣ
2313 4708 2665 4781 Ἰουδαίωνσά
2693 4727 2838 4793 Θεὸς
2864 4727 3091 4795 μόνονς
3117 4724 3191 4787 ὼς
3222 4723 3287 4777 ἂν
3317 4723 3364 4774 εί
3391 4720 3574 4786 ἔλεγε·
3604 4713 3693 4767 Διά
3714 4708 3758 4761 τι

2216 4814 2324 4885 γάρ
2348 4831 2427 4867 σοι
2456 4812 2617 4867 τοῦτο
2642 4813 2843 4868 ἄτοπον
2871 4809 3009 4865 εἶναι
3035 4812 3201 4873 δοκεῖ,
3219 4807 3279 4861 τδ
3302 4808 3474 4868 πάντα
3499 4802 3758 4871 ἄνθρωπον

2220 4884 2522 4967 σώζεσθαι;
2566 4899 2641 4972 μὴ
2682 4901 2791 4969 7&9
2821 4898 3046 4971 μερικός
3076 4899 3222 4950 ἐστιν
3252 4896 3282 4947 δ
3310 4895 3472 4959 Θεός;
3500 4892 3565 4978 ἐκ
3588 4884 3759 4978 τούτου

2219 4990 2451 5053 δεικνὺς,
2493 4990 2575 5042 δτι
2603 4988 2921 5058 βουλόμενοι
2946 4988 3058 5048 τοῖς
3083 4984 3291 5037 ἔθνεσιν
3316 4977 3652 5051 ἐπηρεάζειν,
3678 4977 3758 5025 τοι)

2220 5075 2356 5128 Θεοῦ
2384 5076 2481 5146 τὴν
2505 5074 2663 5141 δόξαν
2689 5073 2751 5126 λυ
2761 5072 3039 5144 μαίνονται
3074 5069 3293 5141 μᾶλλον,
3313 5070 3366 5129 ετ
3382 5084 3443 5137 γε
3470 5065 3544 5136 μὴ
3567 5074 3762 5146 συγχθῗ

2222 5165 2364 5233 ροῖεν
2394 5143 2553 5216 αῦτὸν
2582 5143 2797 5216 πάντων
2826 5155 2965 5215 εἶναι
2998 5159 3151 5212 Θεόν.
3189 5157 3255 5212 Εἰ
3284 5155 3342 5215 δὲ
3382 5156 3592 5212 πάντων
3636 5143 3758 5205 ἐστὶν

2221 5248 2316 5302 καὶ
2361 5254 2667 5320 προνοεῖται
2712 5246 2962 5300 πάντων·
3009 5246 3059 5298 εί
3107 5244 3163 5298 δὲ
3211 5245 3514 5312 προνοεῖται
3541 5236 3760 5320 πάντωνἶ

2223 5311 2432 5398 πάντας
2473 5336 2671 5406 ὁμοίως
2720 5332 2882 5397 σώζει
2919 5331 3008 5385 διὰ
3055 5330 3151 5401 τῆς
3190 5311 3446 5392 πίστεως.
3494 5322 3591 5378 Διά
3625 5311 3764 5406 τοῦτό

2224 5439 2387 5493 φησιν
2401 5397 2422 5450 '7
2454 5397 2521 5477 Ἲλ
2559 5419 2852 5474 Ἰουδαίων
2891 5422 2923 5473 ὀ
2963 5397 3121 5483 Θεὸς*
3143 5416 3371 5485 μόνονῖ
3411 5411 3539 5479 οὐχὶ
3568 5406 3649 5495 ,δὲ
3678 5397 3793 5495 κξιὶ,

2223 5483 2445 5571 έθυνῶιτ
2486 5506 2601 5560 Ναὶ
2634 5505 2732 5559 καί
2758 5505 2964 5559 ἐθνῶν.
3008 5505 3083 5557 Οὐ
3123 5483 3229 5573 γάρ
3257 5504 3371 5555 ἐστι
3406 5494 3638 5590 μερικὸς,
3674 5483 3765 5590 0'10:-

2223 5596 2272 5647 οί
2315 5596 2582 5663 Ἐλλήνων
2617 5593 2775 5662 μῦθοι
2802 5631 2817 5654 ,
2862 5593 2995 5645 ἀλλὰ
3027 5591 3201 5650 κοινός
3251 5589 3499 5642 ἀπάντων
3541 5580 3631 5633 καὶ
3659 5578 3761 5663 εἷςς

2223 5680 2303 5732 διὸ
2337 5679 2426 5732 καὶ
2453 5655 2647 5744 ἐπάγει
2667 5693 2679 5705 ·
2723 5678 2997 5744 Ἐπείπερ
3035 5672 3123 5743 εἷς
3151 5679 3183 5729 o'
3209 5676 3371 5739 Θεός.
3420 5665 3709 5724 Τουτέστιν,
3738 5655 3766 5709 ὁ

2229 5767 2387 5826 αὐτὸς
2424 5765 2518 5816 καὶ
2547 5762 2749 5815 τούτων
2777 5763 3044 5815 κάκείνων
3068 5760 3365 5830 Δεσπότης.

2294 5941 2320 5980 ιι
2348 5939 2541 5997 MorcL,
2566 5938 2803 6001 βέϐληται.
