4048 6216
304 328 407 385 M5

304 454 466 510 quam
498 435 812 507 frequenter
839 433 944 491 illis
970 444 1187 506 peccata
1218 432 1270 487 in
1302 430 1612 486 memoriam
1642 421 1893 482 revocet?

307 529 563 600 superius
592 528 809 600 quidem
849 542 971 583 cum
1000 526 1130 581 dicit
1159 541 1173 578 :
1208 522 1311 578 Per
1351 523 1510 592 legem
1537 519 1672 575 enim
1701 513 1894 586 peccati

308 622 567 693 cognitio;
614 628 799 690 postea
832 628 981 683 vero,
1034 617 1168 682 Quia
1204 629 1375 669 omnes
1411 617 1778 683 peccaverunt;
1809 605 1897 661 hic

309 722 489 766 autem
521 709 917 766 vehementius.
948 708 1062 761 Non
1093 706 1236 760 enim
1266 703 1419 768 dixit,
1447 703 1673 771 Propter
1709 712 1896 769 pecca-

313 814 363 858 ta
388 820 404 869 ;
428 802 548 869 sed,
579 800 795 869 Propter
830 799 1215 859 relaxationem,
1250 795 1352 850 hoc
1375 803 1480 861 est,
1510 801 1730 863 propter
1753 804 1898 844 mor.

314 895 682 949 tilicationem.
716 890 829 946 Non
857 890 998 945 enim
1029 889 1165 942 ultra
1195 900 1321 955 spes
1346 884 1592 941 sanitatis
1620 891 1767 948 erat;
1799 880 1895 937 sed

314 985 463 1057 quasi
497 1000 694 1053 corpus
725 981 1072 1053 paralyticum
1114 993 1344 1048 superna
1370 977 1562 1048 egebat
1588 991 1746 1031 manu
1778 993 1793 1031 :
1820 974 1898 1030 sic

315 1086 367 1132 et
391 1077 572 1130 anima
594 1072 912 1129 mortilicata
954 1070 1214 1139 Quodque
1237 1068 1449 1138 gravius
1474 1076 1577 1137 est,
1604 1076 1658 1124 et
1680 1065 1820 1138 quod
1844 1065 1896 1120 in

316 1182 476 1223 causa
504 1181 628 1222 esse
656 1165 805 1230 dicit,
830 1166 1086 1232 majorem
1114 1162 1509 1217 accusationem
1539 1161 1730 1216 mereri
1758 1159 1899 1213 indi-

315 1271 422 1315 cat.
469 1259 607 1328 Quid
654 1258 782 1313 illud
830 1257 950 1313 est?
979 1253 1133 1321 Quod
1174 1253 1225 1307 in
1258 1252 1538 1308 tolerantia
1570 1252 1661 1307 Dei
1694 1251 1781 1305 illa
1811 1265 1898 1305 re-

317 1351 505 1406 missio
531 1352 666 1404 facta
704 1349 794 1403 sit.
828 1347 1011 1418 Neque
1052 1343 1195 1399 enim
1221 1342 1402 1399 dicere
1429 1343 1673 1413 potestis,
1706 1342 1897 1411 inquit,

317 1458 414 1495 vos
442 1455 547 1493 non
578 1439 800 1494 multam
829 1437 1164 1492 tolerantiam
1204 1451 1267 1489 ac
1307 1433 1683 1504 benignitatem
1715 1440 1901 1486 nactos

315 1547 459 1587 esse.
495 1529 627 1584 Illud
657 1538 855 1595 autem,
904 1528 967 1583 in
1009 1529 1242 1600 pra'seuti
1265 1539 1506 1600 tempore,
1534 1525 1652 1595 ejus
1676 1533 1779 1587 est,
1811 1522 1901 1593 qui

319 1638 565 1692 magnam
596 1622 939 1676 tolerantiam
970 1632 1024 1675 et
1052 1620 1443 1675 humanitatem
1472 1614 1901 1673 exhibuit..Cum

317 1716 463 1770 enim
506 1714 560 1768 in
592 1711 1021 1782 desperationem
1043 1713 1147 1766 acti
1171 1723 1434 1774 essemus,
1468 1707 1659 1778 inquit,
1689 1721 1753 1760 ac
1777 1719 1901 1759 sen-

321 1808 502 1864 tentiae
528 1811 740 1875 tempus
768 1804 1004 1870 adesset,
1030 1805 1277 1875 malaque
1297 1811 1452 1857 aucta
1482 1807 1662 1855 essent
1688 1813 1752 1852 ac
1776 1812 1904 1868 pec-

320 1913 438 1955 cata
468 1898 535 1953 ad
558 1898 830 1953 cumulum
856 1896 1225 1953 ascendissent
1251 1915 1264 1951 :
1300 1904 1424 1951 tunc
1452 1894 1542 1948 ille
1589 1899 1906 1963 potestatem

320 2006 472 2045 suam
499 1988 761 2055 exhibuit,
794 1998 852 2042 ut
878 1988 1053 2043 discas
1079 1996 1273 2058 quanta
1300 1986 1439 2057 apud
1485 1986 1632 2040 illum
1662 1986 1731 2039 sit
1747 1981 1906 2053 jnsti-

323 2086 413 2137 tim
438 2080 615 2151 capia.
648 2080 832 2150 Neque
860 2080 1002 2135 enim
1036 2080 1187 2148 illud,
1233 2080 1279 2135 si
1324 2081 1376 2133 in
1406 2079 1665 2148 principio
1711 2077 1905 2132 factum

324 2175 533 2237 luisset,
569 2182 675 2225 tam
715 2172 908 2225 mirum
939 2187 1002 2227 ac
1045 2171 1366 2243 stupendum
1397 2172 1568 2225 visum
1615 2170 1820 2232 fuisset,
1854 2178 1912 2221 ut

324 2275 489 2326 nunc,
520 2280 641 2317 cum
668 2261 945 2318 medicina:
973 2263 1147 2317 omnis
1171 2263 1360 2317 modus
1385 2271 1665 2333 superatus
1689 2268 1791 2317 est.
1816 2259 1905 2314 27.

329 2359 429 2413 Ubi
452 2358 610 2428 igitur
630 2356 866 2427 gloriatio
885 2356 911 2409 .9
938 2355 1164 2410 Exclusa
1190 2366 1282 2420 est,
1314 2356 1505 2426 inquit.
1532 2353 1635 2409 Per
1659 2370 1811 2424 quam
1835 2354 1911 2408 le-

327 2452 485 2523 gem?
512 2448 801 2520 factorum?
829 2447 949 2502 Non
972 2466 992 2514 ;
1022 2448 1110 2504 sed
1140 2465 1227 2518 per
1246 2449 1405 2519 legem
1424 2447 1565 2517 ﬁdei.
1597 2446 1913 2518 biagnoperc

331 2544 539 2598 laborat
578 2540 776 2596 Paulus
817 2549 875 2594 ut
913 2538 1182 2606 ostendat,
1217 2547 1421 2594 tantum
1451 2539 1686 2593 valuisse
1726 2537 1909 2603 ﬁdem,

329 2643 587 2705 quantum
611 2633 695 2688 lex
714 2647 1001 2702 numquam
1018 2631 1101 2687 vel
1120 2631 1395 2701 imaginari
1418 2632 1609 2701 potuit.
1630 2632 1914 2701 Postquam

332 2729 476 2782 enim
504 2725 657 2792 dixit,
690 2724 831 2796 quod
865 2725 1007 2779 Deus
1043 2723 1313 2779 hominem
1340 2724 1598 2794 justiﬁcet
1625 2739 1655 2778 a
1682 2722 1806 2790 ﬁde,
1835 2723 1914 2779 le-

332 2833 451 2886 gem
477 2830 662 2872 rursus
685 2815 926 2871 assumit.
968 2814 1150 2883 Neque
1176 2813 1343 2870 dicit:
1378 2814 1479 2870 Ubi
1508 2829 1637 2885 ergo
1665 2815 1917 2883 pra-clara

333 2910 642 2964 Judteorum
686 2908 888 2975 Opera?
915 2905 1004 2961 ubi
1043 2905 1269 2973 justitize
1297 2904 1648 2960 exercitium?
1670 2905 1784 2971 sed,
1821 2904 1920 2960 Ubi

334 2999 613 3070 gloriatio?
637 2998 830 3067 ubique
874 2996 1165 3052 ostendens
1196 2996 1318 3052 illos
1356 3008 1477 3052 sese
1521 2995 1802 3066 magnifice
1833 2996 1919 3066 ja-

335 3101 565 3154 ctantes,
594 3089 744 3160 quasi
775 3088 898 3160 quid
930 3089 1046 3159 plus
1069 3088 1328 3144 haberent
1356 3098 1512 3159 quam
1541 3089 1661 3155 alii;
1688 3089 1779 3144 sed
1805 3089 1922 3142 nul-

334 3185 445 3239 lum
478 3186 614 3254 opus
642 3182 898 3252 proferre.
930 3182 1009 3237 Ac
1035 3196 1155 3237 cum
1177 3181 1402 3238 dixisset
1428 3198 1441 3237 :
1473 3181 1571 3237 Ubi
1592 3199 1708 3253 ergo
1728 3182 1922 3251 gloria-

335 3264 447 3332 tio?
477 3294 582 3331 non
612 3275 884 3345 respondit
913 3292 927 3327 :
960 3274 1233 3330 Ab'scessit
1257 3283 1310 3330 ct
1337 3274 1527 3345 periit;
1558 3274 1674 3340 sed,
1701 3273 1925 3331 Exclusa

334 3379 406 3422 (δι
426 3384 445 3421 :
476 3365 618 3437 quod
641 3375 787 3420 extra
818 3376 1028 3435 tempus
1053 3380 1205 3420 suum
1227 3380 1347 3422 esse
1366 3365 1583 3421 denotat
1610 3382 1624 3431 ;
1652 3382 1756 3423 non
1788 3367 1922 3423 ultra

335 3458 480 3511 enim
530 3467 738 3525 tempus
779 3455 895 3526 ejus
942 3465 1043 3509 est.
1096 3455 1164 3511 Ut
1194 3455 1335 3510 enim
1366 3455 1686 3512 adveniente
1723 3457 1926 3528 judicio

337 3566 445 3603 non
483 3548 620 3602 ultra
655 3556 865 3617 tempus
908 3547 1105 3602 habent
1143 3547 1201 3613 ii,
1233 3546 1323 3618 qui
1356 3547 1723 3616 pmuitcntiam
1767 3563 1927 3619 agere

335 3641 585 3695 vellent:
628 3638 707 3694 sic
750 3638 1015 3694 sententia
1063 3638 1278 3693 demum
1319 3639 1544 3709 prolata,
1584 3655 1707 3694 cum
1738 3654 1927 3696 omnes

336 3732 565 3803 perituri
594 3739 795 3797 essent,
843 3732 1041 3800 illeque
1074 3730 1401 3799 advenisset,
1429 3731 1519 3801 qui
1549 3731 1685 3786 mala
1715 3732 1801 3785 illa
1831 3746 1928 3801 per

334 3825 565 3895 gratiam
597 3823 901 3878 sublaturus
926 3834 1075 3890 erat;
1110 3838 1214 3878 non
1244 3823 1379 3878 ultra
1400 3833 1607 3893 tempus
1627 3822 1930 3878 habuerunt

339 3915 440 3982 illi,
473 3926 531 3969 ut
556 3914 984 3970 emendationem
1011 3930 1077 3969 ex
1101 3914 1219 3985 lege
1241 3912 1535 3969 faciendam
1552 3913 1925 3969 obtenderent.

335 4007 391 4060 Si
421 4006 569 4061 enim
597 4004 922 4075 oportuisset
950 4004 1033 4060 bis
1052 4019 1112 4061 se
1131 4004 1473 4072 conﬁrmare,
1503 4003 1553 4060 id
1581 4012 1707 4059 ante
1731 4004 1931 4060 adven-

339 4107 453 4149 tum
482 4095 600 4165 ejus
631 4095 824 4150 factum
853 4095 1089 4165 oportuit
1123 4112 1137 4150 :
1168 4095 1415 4151 veniente
1455 4104 1633 4152 autem
1678 4095 1793 4162 illo,
1838 4096 1929 4167 qui

338 4203 438 4257 per
468 4187 628 4242 ﬁdem
656 4195 857 4254 servat,
888 4188 1154 4242 sublatum
1183 4187 1394 4244 tandem
1422 4197 1538 4245 erat
1576 4190 1929 4245 certaminum

340 4291 605 4350 tempus:
648 4288 836 4349 utpote
880 4280 1024 4337 enim
1074 4280 1362 4336 confutatis
1394 4282 1662 4349 omnibus,
1715 4283 1794 4339 sic
1836 4297 1932 4353 per

332 4371 571 4440 gratiam
599 4371 827 4427 salutem
863 4369 975 4426 dat.
1006 4370 1344 4442 Quapropter
1387 4388 1529 4429 nunc
1557 4373 1647 4429 ille
1678 4375 1841 4439 venit,
1876 4384 1933 4429 ut

337 4477 409 4515 ne
438 4461 707 4526 dicerent,
741 4460 796 4518 Si
830 4462 881 4516 in
923 4462 1183 4533 principio
1236 4464 1491 4530 venisset,
1535 4464 1772 4535 pctuisse
1816 4466 1931 4521 ﬁeri

339 4562 399 4605 ut
429 4566 533 4621 per
560 4552 729 4621 legem
761 4552 909 4605 salus
937 4552 1277 4608 obtineretur
1307 4553 1537 4623 propriis
1578 4554 1851 4610 laboribus
1879 4564 1934 4610 et

334 4642 618 4711 operibus.
644 4642 794 4698 lianc
822 4643 981 4713 igitur
1004 4643 1217 4698 illorum
1241 4643 1623 4714 impudentiam
1650 4645 1928 4713 cohibens,

336 4736 605 4790 diuturno
634 4746 876 4805 tempore
903 4735 1123 4802 distulit,
1150 4737 1220 4790 ita
1240 4745 1296 4790 ut
1324 4745 1601 4807 postquam
1634 4753 1729 4808 per
1753 4739 1933 4793 omnia

332 4827 745 4897 deprehensum
774 4837 917 4882 esset
948 4828 1092 4898 ipsos
1120 4843 1225 4883 non
1257 4828 1357 4883 sibi
1389 4828 1655 4897 sufficere,
1688 4840 1812 4886 tunc
1839 4846 1935 4899 per

335 4919 576 4988 gratiam
603 4935 754 4975 suam
780 4920 1006 4974 salutem
1037 4920 1141 4974 illis
1170 4918 1340 4975 daret.
1371 4919 1495 4976 Ideo
1522 4936 1643 4976 cum
1670 4937 1828 4992 supra
1855 4923 1936 4977 di-

338 5009 536 5073 xisset,
582 5009 660 5063 Ad
688 5010 1023 5064 ostensionem
1062 5010 1298 5081 justitite,
1342 5011 1539 5080 intulit,
1586 5011 1653 5066 In
1699 5015 1937 5081 praesenti

337 5109 600 5167 tempore.
630 5100 785 5168 Quod
813 5100 856 5153 si
885 5100 1096 5171 quidam
1126 5100 1570 5166 contradixerint,
1605 5102 1833 5172 idipsum
1863 5104 1936 5158 fa-

334 5192 513 5255 ciunt,
562 5207 624 5248 ac
667 5194 714 5248 si
754 5192 875 5262 quis
912 5203 1030 5263 post
1068 5194 1234 5249 multa
1275 5194 1509 5250 admissa
1543 5206 1780 5266 peccata,
1814 5212 1936 5252 cum

334 5298 448 5337 non
479 5284 663 5353 possit
682 5283 733 5337 in
753 5282 955 5352 judicio
983 5299 1100 5339 sese
1127 5301 1369 5356 purgare,
1394 5285 1488 5341 sed
1510 5287 1791 5354 damnatus
1811 5303 1936 5358 sup-

338 5373 512 5443 plicio
544 5372 841 5428 tradendus
871 5373 958 5439 sit,
988 5375 1181 5431 deinde
1214 5391 1308 5446 per
1334 5378 1474 5445 regis
1502 5381 1729 5447 gratiam
1754 5379 1935 5435 dimis-

337 5480 459 5533 sus,
491 5464 841 5534 impudenter
865 5474 1045 5533 postea
1066 5468 1319 5536 glorietur
1339 5468 1544 5536 dicens,
1575 5484 1634 5524 se
1661 5470 1788 5524 nihil
1817 5487 1937 5541 pec-

336 5557 585 5611 cavisse.
619 5553 955 5624 Oportnisset
980 5560 1119 5612 enim
1154 5559 1203 5613 id
1229 5560 1621 5627 demonstrare,
1650 5572 1934 5630 antequam

338 5648 516 5719 gratia
571 5646 830 5706 veniret;
882 5657 1154 5717 postquam
1201 5650 1346 5704 venit
1390 5660 1591 5718 autem,
1642 5669 1747 5707 non
1801 5655 1934 5709 ultra

336 5749 564 5809 tempus
602 5746 682 5790 cst
718 5735 999 5804 gloriandi.
1050 5736 1105 5791 id
1148 5740 1287 5809 quod
1332 5742 1491 5796 ctiam
1540 5743 1681 5813 apud
1725 5743 1936 5800 inda-os

1410 312 1472 373 IN
1511 312 1726 372 EPIST.
1768 310 1861 367 AD
1900 264 2059 365 neu.
2104 298 2331 368 IlOMlL.
2379 313 2486 369 vn.

2648 286 2673 300 ο

3480 320 3583 377 Nil

1997 422 2209 477 accidit.
2244 423 2377 491 Quia
2404 425 2547 481 enim
2575 442 2641 483 ex
2672 442 2731 483 se
2760 429 2860 499 ipsi
2902 430 3096 500 proditi
3123 439 3296 498 erant,
3326 431 3447 488 ideo
3486 449 3581 488 ve-

1998 513 2098 579 nit,
2126 523 2181 569 et
2221 514 2456 570 adventu
2483 532 2582 571 suo
2626 518 2835 574 illorum
2861 520 3172 590 jactantiam
3215 523 3453 580 sustulit.
3481 524 3582 594 Qui

2000 605 2142 660 enim
2168 621 2227 661 sc
2254 605 2385 662 dicit
2410 607 2688 664 infantium
2721 621 3124 682 przeceptorem,
3155 624 3209 669 et
3235 615 3286 669 in
3320 617 3436 685 lege
3462 617 3581 684 glu-

2001 697 2187 762 riatur,
2213 712 2277 753 ac
2309 713 2368 753 se
2392 700 2677 755 stultorum
2714 706 3025 774 magiSIrum
3064 708 3316 777 appellat,
3362 706 3581 777 perinde

2000 798 2160 857 atque
2190 789 2267 844 illi
2292 790 2517 846 doctore
2541 807 2606 847 ac
2631 804 2906 850 servatore
2936 796 3200 867 indigens,
3232 800 3430 854 nullam
3462 801 3579 870 glo-

2002 879 2174 935 riandi
2205 896 2421 937 causam
2463 883 2735 940 habuerit.
2774 885 2829 940 Si
2862 887 3006 942 enim
3047 897 3201 943 antea
3245 890 3586 947 circumcisio

2001 974 2318 1043 praeputium
2350 976 2485 1055 facta
2514 986 2594 1033 est
2619 994 2633 1043 ;
2666 977 2839 1034 multo
2859 979 3029 1051 magis
3055 996 3195 1035 nunc
3219 1000 3231 1033 :
3262 998 3383 1036 nam
3411 984 3497 1036 illa
3519 985 3588 1038 ab

2002 1063 2245 1132 utrisque
2291 1066 2623 1135 temporibus
2652 1066 2821 1137 ejecta
2851 1078 2951 1124 est.
2986 1070 3118 1126 Cum
3148 1070 3278 1125 dicit
3316 1081 3494 1127 autem
3528 1074 3587 1127 il“

2002 1154 2107 1209 lam
2136 1157 2406 1213 exclusam
2430 1172 2576 1225 esse,
2605 1160 2839 1215 ostendit
2867 1162 3136 1231 quomodo
3179 1163 3229 1216 id
3268 1162 3462 1217 factum
3498 1165 3588 1219 sit.

2003 1245 2281 1312 Quomodo
2308 1262 2435 1319 ergo
2461 1249 2679 1304 exclusa
2715 1251 2842 1309 est?
2874 1250 2974 1306 Per
3017 1269 3170 1323 quant
3195 1255 3397 1325 legem?
3429 1258 3588 1325 furto-

2004 1354 2115 1391 rum
2136 1339 2161 1392 ξ)
2184 1337 2326 1405 Non,
2356 1340 2445 1394 sed
2475 1358 2564 1411 per
2589 1342 2748 1411 legem
2772 1343 2912 1411 ﬁdei.

2074 1433 2130 1487 4.
2163 1432 2300 1488 Ecce
2343 1433 2501 1489 fidem
2542 1436 2834 1505 appellavit
2879 1436 3072 1507 legem,
3103 1437 3334 1494 libenter
3360 1439 3411 1494 in
3444 1440 3591 1495 hisce

2006 1522 2310 1578 nominibus
2340 1540 2580 1591 versans,
2614 1526 2685 1580 ita
2712 1536 2768 1580 ut
2788 1527 3029 1583 emolliat
3055 1543 3197 1595 eam,
3231 1545 3351 1599 qua:
3380 1532 3590 1586 novitas

2006 1628 2127 1669 csse
2153 1614 2449 1669 videbatur.
2482 1615 2735 1684 Quianam
2765 1629 2942 1672 autem
2974 1628 3059 1674 est
3090 1619 3211 1674 ﬁdei
3238 1622 3362 1676 lex?
3396 1622 3460 1678 Ut
3496 1638 3593 1693 per

2005 1708 2228 1774 gratiam
2251 1706 2395 1760 salus
2418 1706 2743 1763 obtineatur.
2777 1709 2873 1763 llic
2898 1710 2991 1765 Dei
3023 1712 3314 1780 potentiam
3336 1714 3569 1771 ostendit

2008 1796 2149 1866 quod
2177 1812 2283 1851 non
2314 1796 2486 1852 solum
2518 1800 2833 1873 servaverit,
2865 1800 2960 1856 sed
2992 1803 3153 1857 etiam
3180 1803 3504 1873 jnstilicarit,
3539 1818 3595 1861 et

2011 1889 2062 1943 in
2104 1889 2475 1959 gloriatiouem
2517 1890 2821 1956 deduxerit,
2866 1908 2971 1947 non
3003 1908 3167 1963 egens
3195 1896 3471 1965 operibus,
3499 1898 3592 1951 sed

2013 1981 2171 2036 ﬂdcm
2203 1990 2404 2037 tantum
2441 1984 2745 2053 requirens.
2778 1985 2903 2040 llaec
2927 1999 3107 2042 autem
3146 1988 3277 2044 dicit
3320 1990 3505 2057 etiam,
3537 2001 3596 2045 ut

2010 2071 2318 2129 credentem
2343 2072 2587 2129 Judzcnm
2625 2075 2693 2130 ad
2733 2075 3049 2132 modestiam
3080 2091 3364 2149 praeparet,
3393 2094 3445 2136 et
3488 2098 3593 2136 tum

2012 2164 2318 2219 credentem
2345 2166 2622 2234 reprimat,
2646 2168 2718 2220 ita
2760 2177 2815 2221 ut
2852 2168 2997 2222 illum
3024 2171 3316 2237 pertrahat.
3344 2171 3475 2225 Nam
3505 2176 3593 2241 qui

2012 2255 2237 2310 salutem
2277 2267 2465 2311 nactus
2494 2267 2599 2324 est,
2641 2258 2685 2313 si
2737 2258 2839 2329 legi
2884 2259 3169 2315 attendens
3208 2262 3373 2316 altum
3402 2264 3593 2332 sapiat,

2014 2345 2216 2411 audiet,
2244 2347 2385 2418 quod
2414 2348 2501 2402 illa
2545 2349 2642 2418 ipsi
2672 2364 2733 2405 os
2758 2350 2995 2417 obturet,
3026 2351 3137 2422 ipsa
3168 2353 3313 2407 illum
3354 2364 3594 2423 accuset,

2016 2438 2128 2508 ipsa
2158 2439 2275 2508 ejus
2304 2440 2532 2495 salutem
2580 2440 2883 2512 impedierit
2911 2454 2966 2499 et
2998 2446 3373 2516 gloriationem
3414 2449 3595 2502 exclu-

2016 2533 2183 2587 serit:
2213 2533 2302 2603 qui
2352 2549 2481 2589 vero
2527 2551 2633 2590 nott
2662 2536 2910 2604 credidit,
2959 2552 3054 2608 per
3094 2538 3209 2594 haec
3247 2541 3355 2610 ipsa
3388 2541 3601 2595 humilis

2017 2624 2350 2691 ell‘ectus,,ad
2382 2626 2541 2682 fidem
2571 2627 2830 2685 accedere
2875 2630 3092 2697 peterit.
3134 2630 3377 2687 Vidistin‘
3406 2647 3599 2703 quanta

2021 2717 2142 2772 lidci
2184 2718 2297 2772 vis?
2339 2720 2610 2789 quomodo
2649 2736 2679 2774 a
2729 2723 2997 2790 prioribus
3045 2726 3348 2790 removerit,
3400 2727 3451 2782 in
3500 2727 3603 2781 illis

2018 2810 2233 2880 gloriari
2282 2825 2386 2866 non
2430 2812 2652 2867 sincus?
2692 2813 2783 2869 9.8.
2817 2815 3136 2869 Arbitrantur
3173 2833 3293 2888 ergo
3334 2835 3422 2887 per
3451 2822 3603 2887 [idem

2012 2901 2289 2972 jastiﬁcari
2337 2901 2587 2957 hominem
2632 2905 2742 2959 sine
2782 2906 3017 2976 operibus
3056 2908 3199 2979 legis.
3230 2908 3330 2965 Ubi
3373 2912 3605 2967 ostendit

2021 3008 2116 3048 eos
2144 3008 2172 3046 a
2201 2994 2322 3061 ﬁde,
2354 2994 2470 3050 sine
2508 2996 2762 3065 opt-ribus
2807 2998 2957 3068 legis,
2990 2999 3188 3055 ludatis
3217 3016 3339 3057 esse
3359 3004 3603 3072 superio-

2024 3096 2144 3142 res:
2174 3092 2299 3139 tunc
2328 3085 2539 3141 demum
2570 3102 2691 3142 cum
2723 3089 2885 3142 multa
2915 3090 3104 3146 liducia
3126 3091 3266 3148 circa
3298 3093 3440 3148 illam
3466 3095 3607 3149 edis-

2025 3175 2173 3238 serit,
2209 3187 2260 3230 et
2291 3177 2362 3240 ei,
2396 3177 2535 3247 quod
2591 3178 2676 3233 hic
2720 3180 2933 3235 turbare
2973 3181 3254 3237 videbatur
3279 3223 3294 3250 ,
3345 3185 3604 3240 medelam

2024 3263 2201 3319 all'ert.
2259 3265 2467 3321 Etenim
2526 3267 2639 3323 lure
2680 3269 2787 3324 duo
2828 3270 3043 3326 inda-os
3090 3274 3412 3341 turbabant;
3448 3292 3608 3332 unum

2025 3354 2261 3424 quidem,
2291 3357 2334 3412 si
2368 3357 2400 3411 ii
2443 3358 2530 3428 qui
2560 3373 2680 3413 cmn
2722 3360 2973 3431 Operibus
3016 3365 3211 3418 servati
3246 3380 3349 3419 non
3380 3367 3608 3427 fuerant.

2029 3456 2248 3515 possent
2275 3448 2393 3503 sine
2419 3448 2675 3519 operibus
2719 3451 2959 3518 servari;
2988 3452 3132 3508 aliud
3162 3470 3309 3520 vero,
3340 3456 3382 3511 si
3406 3458 3609 3527 justum

2029 3549 2170 3593 esset
2199 3541 2544 3609 prmputiatos
2567 3542 2755 3598 iisdem
2781 3544 2909 3614 ipsis
2937 3545 3058 3612 frui,
3087 3546 3239 3617 queis
3260 3548 3318 3614 ii,
3351 3550 3439 3618 qui
3466 3559 3613 3604 tanto

2032 3636 2270 3698 tempore
2302 3632 2353 3684 in
2382 3631 2498 3702 lege
2527 3633 2745 3688 enutriti
2771 3644 2959 3701 crant;
3001 3635 3053 3692 id
3092 3638 3232 3707 quod
3262 3638 3418 3709 longe
3447 3642 3615 3711 magis

2030 3718 2153 3774 illos
2184 3720 2452 3787 turbabat,
2481 3738 2638 3792 quam
2674 3725 2821 3794 prior
2847 3727 2935 3780 illa
2959 3726 3269 3784 difficultas.
3314 3729 3437 3786 ldco
3464 3742 3612 3801 post-

2029 3824 2187 3881 quam
2233 3813 2365 3867 illud
2415 3814 2750 3884 probaverat,
2796 3818 2863 3872 ad
2916 3817 3019 3875 hoc
3067 3820 3283 3876 demum
3327 3823 3614 3892 prmedit:

2031 3902 2171 3972 quod
2200 3903 2277 3958 sic
2312 3903 2527 3960 Judaeos
2570 3907 2839 3974 turbabat,
2885 3918 2944 3963 ut
2988 3922 3107 3979 post
3149 3924 3423 3984 acceptam
3456 3915 3614 3969 Iidem

2032 3993 2248 4050 Petrum
2283 3995 2382 4051 hac
2411 3995 2479 4051 de
2508 4012 2667 4052 causa
2695 3998 3023 4066 incusarent,
3055 4001 3125 4056 ob
3143 4002 3452 4058 Cornelium
3478 4015 3527 4061 et
3552 4021 3613 4066 ea

2032 4103 2151 4158 quae
2179 4087 2244 4143 ad
2276 4088 2450 4159 ipsum
2475 4091 2807 4159 Spectabunt.
2836 4091 2974 4160 Quid
2996 4108 3125 4164 ergo
3152 4095 3271 4149 ait?
3298 4096 3619 4151 Arbitrantur

2031 4195 2150 4250 ergo
2174 4181 2277 4247 ﬁde
2311 4181 2587 4250 jnstilicari
2623 4182 2873 4237 hominem
2917 4184 3026 4238 sine
3066 4186 3298 4255 operibus
3324 4186 3467 4258 legis.
3501 4188 3615 4243 Non

2031 4270 2188 4336 dixit,
2213 4271 2475 4337 Ιυιιωυιιι,
2510 4273 2593 4329 vel
2618 4289 2740 4329 eum
2771 4275 2861 4345 qui
2891 4275 2992 4331 sub
3016 4276 3131 4348 lege
3159 4289 3303 4333 esset
3330 4296 3344 4344 ;
3373 4280 3465 4335 scd
3496 4297 3619 4336 ora-

2035 4363 2234 4419 tionem
2260 4363 2312 4418 in
2336 4364 2494 4419 latius
2518 4365 2747 4435 spatium
2778 4365 3033 4433 edocens,
3064 4379 3120 4423 et
3144 4369 3257 4423 orbi
3285 4370 3471 4425 salutis
3499 4388 3622 4442 por-

2033 4468 2116 4513 tas
2142 4459 2410 4529 aperiens,
2444 4459 2594 4525 dicit,
2637 4458 2931 4529 Hominem,
2977 4476 3265 4518 connuune
3292 4475 3495 4519 natura:
3528 4482 3623 4519 no-

2035 4568 2157 4609 mcn
2189 4567 2470 4623 usurpans.
2503 4553 2702 4609 Deinde
2727 4556 3009 4611 occasione
3064 4556 3188 4612 hinc
3229 4568 3464 4629 sumpta,
3515 4574 3621 4613 non

2037 4646 2261 4713 positam
2288 4646 2643 4715 objrctionem
2672 4647 2849 4701 solvit.
2878 4648 3009 4714 Quia
3030 4649 3172 4702 enim
3199 4649 3491 4705 verisimile
3508 4660 3624 4703 erat

2035 4738 2270 4805 Judzeos,
2294 4754 2510 4793 onmem
2539 4739 2808 4794 hominem
2837 4756 2865 4793 a
2894 4740 2998 4793 lide
3021 4739 3300 4809 jnstilicari
3322 4740 3622 4806 audientes,

2038 4830 2088 4884 id
2120 4846 2261 4899 £1?ch
2293 4831 2431 4885 ferre
2460 4839 2515 4885 et
2545 4830 2669 4885 hinc
2709 4832 2926 4897 ollendi,
2971 4832 3165 4900 adjecit
3194 4850 3207 4886 :
3239 4832 3328 4888 29.
3358 4833 3498 4886 Num
3526 4834 3626 4891 lit-

2038 4921 2267 4974 rlteorum
2315 4920 2449 4976 Deus
2490 4923 2727 4976 tantum?
2754 4937 2818 4977 ac
2860 4923 2904 4976 si
2945 4921 3144 4977 diceret
3169 4939 3183 4976 :
3211 4923 3321 4977 Cur
3349 4925 3490 4979 enim
3525 4926 3629 4982 hoc

2039 5013 2131 5068 tibi
2160 5012 2448 5069 absurdum
2492 5029 2611 5070 esse
2641 5015 2870 5079 videtur,
2900 5014 3040 5083 quod
3069 5015 3244 5070 onmis
3287 5015 3449 5072 homo
3480 5020 3624 5074 salu-

2042 5117 2147 5162 tem
2177 5108 2573 5176 consequatur?
2604 5123 2729 5162 num
2761 5107 2900 5161 Dens
2927 5106 3062 5176 parti
3091 5107 3180 5162 uni
3207 5116 3410 5165 tantum
3444 5111 3578 5166 favet
3606 5112 3628 5164 ?

2042 5200 2164 5256 hinc
2191 5200 2481 5255 ostendens
2511 5200 2649 5261 illos.
2682 5199 2807 5254 dum
2845 5198 3094 5270 gentibus
3135 5202 3344 5257 molesti
3375 5218 3498 5259 esse
3528 5219 3624 5255 vo-

2042 5291 2175 5357 lunt,
2208 5291 2299 5345 Dei
2322 5290 2545 5361 gloriam
2576 5290 2751 5361 potius
2781 5291 3121 5359 labefactare,
3155 5293 3199 5347 si
3228 5309 3334 5349 non
3358 5294 3541 5351 sinunt
3567 5296 3630 5351 il-

2041 5382 2149 5437 lum
2174 5381 2411 5436 omnium
2440 5396 2559 5451 esse
2590 5381 2776 5438 Deum.
2803 5382 2855 5437 Si
2882 5392 3058 5437 autem
3087 5384 3324 5438 omnium
3354 5384 3492 5440 Deus
3520 5395 3624 5449 est,

2039 5473 2287 5527 omnibus
2310 5474 2468 5526 etiam
2498 5472 2737 5541 providet
2766 5490 2779 5526 :
2803 5470 2848 5528 si
2879 5473 3124 5528 omnibus
3149 5475 3411 5544 providet.
3437 5489 3626 5528 omnes

2040 5564 2286 5618 similiter
2315 5579 2408 5632 per
2438 5563 2596 5617 Iidem
2619 5574 2826 5629 servat;
2858 5564 2978 5619 ideo
3006 5564 3081 5617 ait
3109 5581 3122 5615 ε
3157 5563 3295 5618 Nam
3326 5563 3626 5618 Judu'orttm

2014 5702 2017 5707 ι
2045 5657 2179 5711 Deus
2201 5657 2439 5710 tantum?
2470 5672 2634 5711 uouue
2661 5657 2923 5726 gentium?
2948 5651 3046 5709 imo
3075 5668 3118 5708 et
3137 5656 3381 5724 gentium.
3404 5653 3518 5706 Non
3545 5663 3628 5705 est

2037 5751 2179 5804 cnim
2213 5749 2402 5821 partim
2446 5749 2604 5817 Deus,
2635 5758 2692 5804 ut
2735 5749 3041 5805 Gnccorum
3071 5746 3261 5802 fabula:
3299 5744 3495 5810 ferunt,
3526 5743 3621 5801 sed
