3934 6212
590 342 692 398 H1

590 456 889 512 communis
908 455 1143 511 omnium
1168 463 1225 508 et
1250 467 1385 508 unus
1408 470 1423 518 ;
1448 453 1568 507 ideo
1583 452 1851 523 subiungit
1874 472 1888 508 :
1911 454 1999 509 ὅθ.
2027 453 2168 520 Quo-

592 550 730 603 niam
759 565 890 603 unus
921 563 988 603 est
1017 550 1172 601 Deus.
1219 546 1331 600 lloc
1361 553 1464 611 est,
1498 543 1638 607 idem
1682 545 1795 615 ipse
1821 554 1877 600 et
1899 544 2088 601 horum
2113 552 2168 599 et

591 642 802 696 illorum
832 640 1107 694 Dominus.

661 731 990 786 Providentia
1030 731 1308 784 communis
1336 728 1585 783 euntibus.
1611 757 1684 769 --
1702 728 1756 783 Si
1779 736 1956 783 alitem
1984 734 2165 781 vetera

589 822 717 876 mihi
759 822 913 888 dicis,
946 831 1067 875 tunc
1095 836 1305 891 quoque
1335 820 1663 889 providentia
1701 818 2001 874 communis
2027 827 2161 883 erat,

585 912 687 968 etsi
717 912 929 967 diverso
959 909 1115 964 modo
1157 928 1172 965 :
1201 910 1396 964 etenim
1425 910 1517 963 tibi
1553 910 1636 963 lex
1669 910 1866 978 scripta
1896 908 2015 963 data
2044 907 2162 973 fuit,

588 1004 697 1058 illis
720 1020 844 1059 vero
876 1008 958 1060 lex
982 1003 1235 1057 naturalis
1258 1020 1271 1068 ;
1296 1013 1350 1057 et
1377 1003 1430 1056 hi
1460 1003 1588 1057 nihil
1612 1003 1787 1058 minus
1812 1003 2095 1066 habebant,
2120 1003 2163 1057 si

588 1095 904 1159 voluissent,
929 1096 1020 1148 sed
1042 1094 1253 1149 vincere
1278 1104 1516 1164 poterant
1547 1112 1560 1149 :
1593 1110 1757 1162 quare
1779 1094 2006 1163 idipsum
2033 1092 2163 1148 sub-

584 1185 845 1251 imlieans,
890 1185 1085 1251 adjecit
1122 1204 1134 1238 :
1171 1185 1267 1249 Qui
1316 1185 1611 1256 fusti/icaln‘t
1639 1186 2063 1241 circumcisione»:
2100 1201 2166 1239 eat

583 1277 704 1343 ﬁde,
733 1286 778 1329 et
811 1277 1114 1347 pra’putiunt
1142 1293 1231 1346 per
1258 1277 1452 1344 ﬁdem;
1492 1281 1666 1346 priora
1713 1276 1783 1331 de
1822 1277 2085 1347 prmputio
2108 1286 2162 1331 et

581 1366 992 1421 circumcisione
1022 1369 1159 1421 dicta
1190 1368 1293 1421 illis
1327 1367 1378 1421 in
1423 1379 1655 1443 mentem
1696 1381 1980 1433 revocans,
2008 1367 2163 1437 queis

580 1458 963 1515 demonstravit
992 1460 1188 1514 nullam
1219 1474 1343 1514 esse
1370 1459 1747 1515 differentiam.
1776 1459 1927 1526 Quod
1958 1459 2003 1513 si
2038 1467 2161 1513 tunc

580 1550 723 1605 nulla
768 1559 883 1607 erat
926 1550 1243 1613 differentia,
1289 1551 1455 1605 multo
1499 1552 1666 1620 magis
1709 1566 1849 1606 nunc
1882 1572 1897 1606 :
1936 1549 1989 1604 id
2018 1548 2162 1620 quod

578 1642 901 1709 clariusjam
930 1642 1179 1711 probans,
1213 1641 1444 1695 ostendit
1467 1654 1751 1712 utrumque
1779 1642 2025 1697 similiter
2056 1641 2161 1697 fide

576 1747 713 1799 Opus
756 1730 973 1786 habere.
1018 1732 1106 1786 51.
1138 1730 1320 1801 Legem
1360 1748 1496 1801 ergo,
1528 1732 1716 1800 inquit,
1748 1733 2048 1786 destruimus
2071 1748 2159 1802 per

574 1821 774 1890 ﬁdem?
810 1821 965 1888 Absit,
996 1822 1095 1875 imo
1122 1822 1277 1890 legem
1298 1823 1583 1876 statuimus.
1620 1822 1803 1878 Viden‘
1823 1822 2157 1892 prudentiam

575 1914 775 1969 \ariam
803 1923 855 1967 et
883 1904 1244 1969 ineffabilem?
1273 1914 1402 1970 Nam
1429 1931 1495 1970 eo
1521 1915 1655 1985 ipso,
1685 1916 1825 1986 quod
1848 1916 1994 1981 dicit,
2028 1916 2155 1972 Sta-

576 2006 779 2067 tninms,
804 2006 1037 2060 ostendit
1065 2022 1181 2060 eam
1211 2021 1318 2060 non
1350 2014 1513 2073 stare,
1543 2008 1637 2063 sed
1660 2007 1885 2063 solutam
1915 2022 2056 2063 esse.
2090 2010 2157 2063 Et

574 2096 693 2149 vide
737 2104 933 2164 quanta
977 2099 1049 2150 sit
1093 2096 1238 2149 l’auli
1272 2097 1441 2152 virtus
1479 2106 1533 2152 et
1563 2099 1641 2152 vis
1687 2098 1903 2168 ingenii,
1949 2110 2152 2153 etcum

571 2184 767 2255 quanta
800 2186 1049 2242 facilitate
1078 2202 1139 2241 ca
1165 2202 1284 2257 qua:
1307 2187 1411 2241 vult
1440 2188 1649 2257 probet.
1682 2187 1779 2243 llic
1808 2190 1950 2244 enim
1972 2200 2154 2245 osten-

570 2280 649 2335 dit
680 2279 833 2333 fidein
865 2295 970 2337 non
998 2279 1156 2334 modo
1184 2294 1212 2334 a
1242 2280 1355 2350 lege
1388 2296 1493 2334 non
1516 2280 1839 2345 labefactari,
1871 2281 1964 2336 sed
1990 2282 2150 2337 etiam

569 2371 639 2423 ab
667 2371 750 2425 illa
790 2371 985 2438 juvari,
1016 2380 1173 2441 atque
1204 2370 1365 2425 etiam
1393 2370 1563 2440 legem
1606 2369 1725 2425 fidei
1760 2372 1896 2426 viam
1942 2387 2149 2439 parare.

572 2460 722 2517 Sicut
747 2462 887 2518 cnim
933 2462 1011 2515 lex
1060 2470 1385 2531 praeverteris
1415 2462 1536 2516 fidei
1580 2463 1855 2517 testificata
1891 2474 1973 2519 est
2004 2467 2149 2533 (nam

569 2554 664 2616 ait,
696 2552 987 2622 Testi/icata
1009 2571 1041 2607 a
1067 2555 1175 2624 lege
1196 2564 1244 2609 et
1266 2554 1542 2624 prophetis)
1570 2573 1584 2609 :
1616 2556 1693 2609 sic
1718 2564 1772 2610 et
1810 2557 1939 2611 fides
1979 2558 2147 2625 legem

568 2644 904 2717 deficientem
936 2643 1208 2699 stabilivit.
1245 2645 1310 2699 Et
1354 2646 1644 2715 quomodo,
1681 2646 1906 2717 inquies,
1940 2647 2147 2702 stabili-

570 2736 685 2795 vit?
709 2736 973 2805 quodnam
1002 2747 1113 2791 erat
1143 2736 1271 2805 legis
1299 2752 1453 2805 opus,
1484 2746 1537 2793 et
1562 2752 1656 2793 cur
1678 2739 1855 2793 omnia
1886 2740 2151 2795 faciebat?

570 2828 639 2885 Ut
668 2828 937 2901 hominem
966 2829 1166 2899 justum
1195 2828 1413 2884 faceret.
1456 2828 1652 2884 Verum
1703 2830 1788 2885 lex
1829 2830 1882 2885 id
1912 2846 2015 2885 non
2052 2848 2145 2900 po-

570 2921 707 2975 tuit:
738 2936 880 2985 nam,
932 2918 1117 2975 Omnes
1146 2932 1495 2993 peccaverunt,
1535 2922 1742 2992 inquit;
1792 2923 1925 2979 fides
1967 2936 2145 2980 autem

568 3012 787 3078 veniens
834 3012 884 3065 id
938 3012 1224 3082 praestitit;
1278 3013 1433 3068 simul
1477 3012 1618 3075 enim
1650 3023 1710 3067 ut
1756 3014 1875 3084 quis
1922 3015 2146 3070 credidit

565 3104 882 3175 iustificatus
906 3115 1008 3161 εει.
1055 3104 1216 3174 Igitur
1260 3105 1391 3174 legis
1433 3105 1757 3160 voluntatem
1789 3105 2064 3172 stabilivit,
2092 3116 2147 3162 et

565 3196 619 3254 id
650 3196 801 3264 cujus
841 3213 1000 3251 causa
1030 3198 1210 3253 omnia
1254 3199 1339 3254 lex
1386 3198 1633 3263 faciebat,
1679 3201 1847 3270 gratia
1875 3202 1940 3255 ad
1986 3200 2143 3256 linem

564 3286 805 3345 deduxit.
851 3286 969 3348 Non
1012 3304 1143 3357 ergo
1189 3289 1331 3343 illam
1377 3290 1669 3360 abrogavit,
1717 3292 1811 3347 sed
1857 3292 2144 3361 perfectam

570 3380 815 3436 reddidit.
856 3380 979 3437 Tria
1022 3382 1181 3453 igitur
1225 3382 1310 3436 ltie
1335 3380 1743 3446 detinuistravit,
1775 3393 1829 3438 et
1858 3384 1996 3454 quod
2028 3386 2147 3441 sine

564 3473 678 3543 lege
705 3473 869 3543 possit
899 3473 1058 3528 homo
1075 3474 1373 3543 iustificari,
1403 3483 1456 3530 et
1480 3475 1620 3543 quod
1648 3475 1698 3529 id
1720 3476 1803 3530 lex
1833 3492 1935 3529 non
1960 3486 2145 3546 potue-

564 3568 653 3633 rit,
685 3566 932 3638 quodque
961 3568 1094 3625 fides
1117 3584 1236 3622 cum
1270 3569 1384 3639 lege
1431 3584 1538 3623 non
1572 3579 1792 3640 pugnet.
1834 3572 1968 3639 Quia
1999 3574 2141 3628 enim

565 3660 667 3716 hoc
706 3661 938 3715 maxime
986 3660 1202 3715 Juda‘os
1245 3660 1509 3725 turbabat,
1552 3662 1693 3731 quod
1721 3662 1854 3717 tides
1882 3665 1985 3735 legi
2011 3681 2142 3719 con-

563 3754 722 3809 traria
752 3752 1041 3818 videretur,
1088 3752 1203 3822 plus
1230 3752 1487 3819 ostendit,
1532 3770 1691 3823 quam
1737 3755 1955 3810 .ludwus
1997 3759 2139 3823 velit,

559 3845 701 3913 quod
730 3860 835 3899 non
861 3844 1018 3899 modo
1044 3861 1149 3898 non
1185 3843 1254 3898 sit
1282 3845 1572 3912 contraria,
1602 3846 1695 3900 sed
1724 3848 1885 3915 etiam
1907 3864 2025 3902 cum
2055 3850 2142 3903 illa

562 3947 761 4008 pugnet
788 3947 844 3995 et
879 3946 1239 4009 carperetur;
1288 3936 1429 4009 quod
1473 3940 1705 3993 maxime
1743 3938 1818 3994 illi
1859 3941 2146 4009 cupiebant

561 4030 770 4091 audire.

628 4123 677 4176 5.
707 4121 904 4177 Caritas
926 4132 1085 4177 mater
1109 4122 1352 4177 bonorum
1380 4123 1624 4176 omnium.
1655 4121 1845 4175 Contra
1876 4121 2139 4179 invidiam.

555 4241 626 4253 —
650 4211 755 4267 Sed
783 4213 901 4284 quia
931 4222 1052 4281 post
1085 4214 1310 4281 gratiam
1356 4212 1495 4265 hanc
1518 4252 1533 4275 ,
1566 4226 1658 4279 per
1688 4227 1844 4281 quam
1870 4212 2142 4281 justiticati

556 4320 740 4358 smnus
760 4345 774 4367 ,
810 4306 944 4361 bona
974 4306 1077 4357 vita
1114 4319 1250 4372 opus
1277 4312 1363 4358 ost
1382 4343 1394 4367 ,
1427 4304 1643 4371 dignum
1672 4304 1814 4358 dono
1842 4313 1987 4359 tanto
2014 4317 2143 4359 stu-

556 4399 701 4450 dium
748 4396 1094 4452 cxbibeamus
1132 4413 1145 4447 :
1183 4394 1555 4448 exhibebimus
1604 4405 1781 4449 autem
1823 4397 1866 4450 si
1913 4406 2138 4452 matrem

560 4491 824 4557 bonorum
868 4487 1106 4544 omnium
1152 4485 1426 4540 caritatem
1473 4501 1595 4541 cum
1640 4501 1828 4557 magna
1869 4487 2139 4558 diligentia

556 4594 855 4633 servemus.
886 4579 980 4639 Est
1010 4584 1185 4632 autent
1209 4577 1402 4632 caritas
1431 4594 1536 4632 non
1566 4577 1702 4633 nuda
1723 4579 1880 4634 verba
1911 4589 1966 4635 et
1994 4582 2137 4635 salu-

561 4674 807 4736 tationes,
841 4672 935 4743 sed
968 4669 1274 4745 praesidium
1304 4680 1358 4725 et
1404 4671 1661 4726 exhibitio
1684 4687 1942 4742 operum;
1990 4673 2138 4728 verbi

556 4766 743 4833 gratia,
778 4772 1144 4835 paupertatem
1168 4762 1352 4826 solari.
1382 4763 1539 4832 aegris
1570 4763 1840 4832 opitulari,
1865 4780 1892 4817 a
1923 4766 2135 4834 pericu-

555 4859 622 4915 lis
666 4858 914 4923 liberare,
946 4857 1001 4935 in
1042 4856 1343 4910 calamitate
1392 4854 1728 4911 versantibus
1773 4857 1980 4921 adesse,
2009 4857 2137 4913 flere

555 4968 678 5007 cmn
725 4951 1009 5016 flentibus,
1050 4947 1281 5023 gaudere
1330 4962 1449 5000 cum
1505 4946 1899 5016 gaudentibus:
1934 4964 2054 5002 nam
2084 4958 2137 5002 et

559 5046 660 5100 hoc
680 5061 741 5099 ex
771 5044 993 5099 caritate
1010 5030 1374 5112 proficiscitur
1402 5054 1414 5091 :
1445 5038 1543 5092 etsi
1571 5052 1787 5107 parvum
1810 5038 1934 5109 quid
1958 5039 2135 5093 videa-

558 5150 643 5191 tur
662 5150 801 5200 esse,
833 5133 1064 5204 gaudere
1098 5146 1221 5187 cum
1240 5128 1614 5203 gaudentibus,
1640 5144 1886 5199 magnum
1917 5128 1967 5183 id
1988 5139 2135 5184 certe

554 5238 635 5283 est
655 5266 670 5291 ,
708 5234 765 5280 et
790 5224 952 5279 animi
985 5210 1285 5293 philosophi
1334 5236 1487 5291 opus.
1519 5210 1816 5289 Multosque
1853 5221 2091 5276 invenias
2116 5263 2130 5287 ,

552 5318 645 5386 qui
665 5358 681 5381 ,
712 5315 853 5385 quod
885 5314 1164 5379 molestius
1192 5322 1312 5377 est,
1344 5312 1507 5382 probe
1538 5311 1769 5379 faciant,
1800 5312 1891 5374 sed
1923 5313 2026 5367 hoc
2052 5317 2131 5369 lc-

554 5408 675 5461 nius
697 5406 932 5460 officium
964 5403 1045 5459 vix
1089 5388 1363 5473 praestent.
1396 5392 1543 5459 Multi
1592 5418 1818 5471 namque
1858 5403 1987 5458 flent
2009 5419 2129 5459 cum

553 5497 824 5562 ﬂentibus,
856 5511 955 5550 nec
979 5480 1211 5573 gaudere
1248 5494 1435 5551 volunt
1472 5510 1593 5550 cum
1622 5495 1975 5566 gaudentibus
1995 5537 2012 5560 ,
2036 5498 2128 5552 sed

548 5590 667 5644 aliis
695 5580 1050 5660 gaudentibus
1082 5586 1477 5659 lacrymantur;
1508 5586 1559 5641 id
1587 5587 1727 5657 quod
1757 5603 1821 5641 ex
1853 5587 2051 5653 invidia
2078 5597 2135 5644 et.

552 5685 716 5739 livore
764 5665 1135 5753 proficiscitur.
1166 5679 1281 5736 Non
1313 5696 1533 5751 parvum
1576 5696 1703 5748 ergo
1732 5680 1964 5734 officium
2003 5689 2089 5735 est
2109 5731 2129 5751 ,

550 5777 711 5855 fratre
741 5775 1003 5855 gaudente
1049 5773 1280 5845 gaudere
1304 5816 1318 5842 ,
1348 5774 1440 5828 sed
1472 5782 1525 5853 ct
1557 5771 1722 5826 altero
1751 5771 2120 5861 praestantius,

1364 338 1421 394 S.
1462 338 1736 395 JOANNIS
1772 335 2238 398 CHRYSOSTOMI
2275 334 2590 393 ARCIIIEP.
2630 337 3157 396 CONSTANTINOP.
3723 350 3765 406 ι’

2277 464 2383 504 non
2411 459 2612 508 tantum
2641 451 2731 506 illo
2756 454 2932 508 officio
2954 453 3115 511 flendi
3142 469 3263 510 cum
3284 456 3545 526 ﬂentibus,
3560 462 3646 518 sed
3668 468 3761 521 etia

2274 539 2369 596 illo
2396 540 2520 608 alio,
2552 557 2659 613 quo
2686 543 2876 599 fratres
2899 545 2952 599 in
2976 544 3215 615 periculo
3244 548 3553 606 constitutos
3571 552 3765 621 juvamu

2272 632 2417 688 Multi
2478 649 2707 705 namque
2755 649 2876 691 cum
2923 637 3348 707 periclitantibus
3376 642 3655 711 periculum
3698 651 3766 702 sul

2272 734 2420 789 eunt,
2452 724 2545 780 sed
2576 725 2832 781 fratribus
2859 742 3114 798 prospere
3139 731 3417 799 agentibus
3457 736 3743 791 mordentur

2271 817 2574 872 cruciantur
2615 834 2628 871 :
2667 827 2811 873 tanta
2850 830 2934 874 est
2975 820 3188 876 invidiae
3232 824 3469 893 tyrannis
3501 843 3515 880 :
3544 827 3658 882 licet
3700 831 3762 883 illi

2271 922 2390 963 cum
2413 907 2598 964 labore
2619 918 2671 963 et
2698 908 2894 965 sudore
2920 910 3224 979 perficiatur
3250 953 3267 977 ,
3301 914 3401 969 hoc
3425 929 3595 971 autem
3625 936 3681 974 ex
3706 938 3766 989 pr.

2270 999 2442 1068 posito
2488 1010 2541 1055 et
2587 1014 2655 1054 ex
2698 1000 2811 1055 sola
2843 1001 3118 1059 voluntate
3145 1006 3527 1075 proficiscatur.
3554 1009 3652 1067 Sed
3680 1016 3765 1067 inut

2270 1086 2407 1155 quod
2435 1089 2709 1145 molestius
2737 1100 2819 1145 est
2847 1089 3098 1156 ferentes,
3130 1094 3273 1163 quod
3304 1095 3527 1165 facilius,
3556 1116 3652 1153 non
3684 1119 3762 1170 per

2268 1181 2433 1247 ciunt,
2483 1181 2580 1237 sed
2608 1182 2886 1237 tabescunt
2927 1192 2982 1238 et
3028 1195 3287 1255 pereunt,
3318 1203 3439 1244 cum
3490 1191 3659 1247 vident
3696 1198 3765 1248 alii

2267 1272 2413 1329 clare
2440 1283 2494 1328 et
2536 1289 2792 1344 prospere
2834 1285 3091 1347 agentes;
3127 1293 3249 1333 cum
3291 1281 3581 1338 Eeclesiam
3611 1300 3765 1341 eorum

2269 1373 2430 1419 totam
2457 1374 2548 1419 aut
2577 1367 2739 1422 verbo
2763 1377 2855 1421 aut
2882 1368 2988 1422 alio
3013 1370 3243 1438 quodam
3272 1371 3431 1427 modo
3449 1372 3613 1442 juvari
3638 1388 3686 1430 et
3710 1395 3765 1431 ω

2267 1453 2405 1509 bene
2445 1470 2633 1525 gerere
2666 1472 2680 1510 :
2713 1472 2821 1528 quo
2844 1458 2967 1528 quid
2997 1460 3233 1515 deterius
3259 1462 3459 1517 fuerit?
3482 1464 3652 1535 Neque
3685 1470 3765 1522 cuii

2264 1561 2385 1601 cum
2416 1547 2576 1604 fratre
2600 1558 2827 1615 tantmn,
2855 1553 2949 1606 sed
2979 1552 3138 1607 etiam
3170 1569 3291 1609 eum
3325 1556 3591 1614 voluntate
3616 1560 3695 1614 Dei
3720 1578 3761 1629 pl

2264 1648 2391 1706 gnat
2414 1639 2503 1708 qui
2534 1639 2653 1695 talis
2692 1650 2794 1697 cst.
2826 1641 2937 1698 lloc
2974 1658 3103 1713 ergo
3147 1645 3526 1713 considerans,
3556 1663 3765 1719 compca

2263 1729 2508 1785 morbum
2537 1731 2708 1797 hunc;
2737 1741 2792 1786 et
2833 1733 2877 1787 si
2926 1749 3031 1787 non
3075 1735 3373 1803 proximum
3406 1738 3505 1804 vis,
3539 1740 3707 1795 saltem
3736 1750 3766 1793 lt

2265 1821 2434 1889 ipsum
2463 1839 2493 1876 a
2526 1825 2794 1879 sexcentis
2833 1840 2962 1881 erue
2998 1826 3170 1882 malis.
3204 1829 3312 1883 Cur
3356 1829 3547 1887 bellum
3577 1832 3721 1888 infers
3755 1834 3763 1885 i

2261 1915 2612 1984 cogitationes
2638 1919 2798 1971 tuas?
2824 1933 2919 1971 cur
2965 1918 3191 1974 tumultu
3226 1922 3457 1974 animam
3504 1925 3662 1991 reples
3681 1924 3699 1976 ?
3718 1943 3766 1977 cu

2263 2014 2633 2074 tempestatem
2679 2007 2900 2071 excitas,
2930 2019 2984 2063 et
3025 2024 3113 2064 res
3156 2025 3248 2065 sus
3277 2010 3450 2082 deque
3474 2016 3659 2068 vertis?
3680 2032 3766 2081 quo

2260 2096 2420 2152 modo
2441 2099 2521 2152 sic
2545 2098 2765 2153 affectus
2786 2111 3124 2169 peccatorum
3149 2102 3364 2157 veniam
3393 2116 3566 2173 petere
3590 2107 3759 2159 valebis

2258 2187 2394 2242 Nam
2426 2190 2468 2242 si
2498 2191 2638 2244 Deus
2661 2202 2876 2259 peccata
2902 2207 3008 2247 non
3040 2195 3264 2249 remittit
3306 2196 3392 2263 iis,
3422 2197 3507 2267 qui
3532 2198 3622 2251 sibi
3648 2200 3763 2251 illata

2259 2282 2482 2349 injurias
2524 2298 2628 2338 non
2673 2285 2987 2352 remittunt,
3018 2303 3175 2357 quam
3204 2289 3415 2344 veniam
3446 2290 3581 2345 dabit
3606 2293 3689 2349 iis.
3716 2310 3765 2359 qu

2258 2372 2387 2428 nihil
2437 2386 2496 2426 se
2527 2372 2838 2430 lmdentibus
2879 2375 3073 2431 damna
3128 2377 3333 2434 inferre
3379 2382 3765 2436 conanturHllm

2256 2474 2402 2519 certe
2429 2474 2683 2519 extremm
2722 2468 2970 2536 nequitiae
3012 2480 3385 2539 argumentum
3425 2482 3502 2527 est
3533 2490 3546 2525 :
3572 2474 3647 2541 qui
3681 2474 3765 2525 tale:

2255 2565 2417 2621 sunt,
2446 2573 2566 2611 cum
2605 2557 2817 2614 diabolo
2861 2558 3155 2615 Ecclesiam
3202 2574 3525 2635 Oppugnanl.
3576 2564 3765 2619 Fortass

2255 2662 2384 2701 vero
2423 2651 2582 2702 etiam
2638 2649 2795 2719 longe
2851 2649 3089 2705 deterius
3136 2654 3339 2707 malum
3387 2666 3463 2710 est
3507 2675 3518 2709 :
3555 2672 3580 2708 a
3608 2656 3763 2710 diaboli

2254 2739 2396 2793 enim
2421 2754 2610 2795 cavere
2630 2754 2950 2811 possumus;
2976 2741 3030 2796 bi
3060 2752 3236 2797 autem
3264 2746 3505 2800 amicitiae
3526 2746 3695 2801 larvam
3720 2746 3765 2798 fe

2255 2831 2541 2893 runt.clam
2575 2831 2749 2901 ignem
2776 2833 3129 2900 succendunt,
3162 2850 3331 2905 seque
3362 2838 3550 2907 primos
3575 2838 3618 2890 in
3644 2838 3755 2889 rami

2254 2937 2379 2976 Imm
2412 2922 2650 2991 injiciunt
2673 2963 2687 2988 ,
2718 2933 2771 2977 et
2800 2925 2986 2979 morbo
3014 2937 3357 2995 premuntur,
3393 2930 3478 2999 qui
3518 2944 3609 2983 non
3649 2928 3759 2981 Illoth

2255 3014 2673 3070 misericordiam
2716 3030 2933 3071 movere
2981 3026 3209 3087 nequeat
3234 3059 3250 3082 ,
3298 3020 3389 3075 sed
3419 3021 3564 3074 etiam
3593 3020 3765 3074 multum

2252 3105 2417 3160 risum
2445 3106 2662 3161 excitet.
2697 3105 2807 3161 Cur
2835 3107 3103 3178 pallescis,
3131 3125 3319 3179 quazso
3348 3152 3362 3177 ,
3396 3112 3592 3177 tremis,
3616 3120 3662 3165 et
3687 3110 3764 3163 for-

2252 3196 2544 3252 midolosus
2574 3198 2670 3252 es?
2698 3199 2823 3269 quid
2869 3200 2995 3254 mali
3043 3200 3280 3257 accidit?
3302 3204 3438 3273 quod
3463 3204 3624 3259 clarus
3646 3201 3762 3255 fratei

2250 3290 2341 3358 sit,
2364 3291 2502 3359 quod
2532 3291 2840 3361 splendidus
2869 3303 2922 3347 et
2956 3294 3205 3361 probatus
3230 3293 3257 3347 ?
3287 3295 3439 3365 Atqui
3486 3304 3533 3349 te
3567 3308 3759 3349 coronari

2250 3394 2526 3436 assumere
2549 3382 2831 3451 oportebat
2854 3424 2869 3442 .
2903 3382 3133 3452 gaudere
3154 3426 3169 3450 ,
3190 3368 3314 3443 'Deo
3350 3386 3556 3456 gloriam
3581 3385 3757 3439 referre.

2250 3474 2389 3543 quod
2418 3474 2714 3528 membrum
2748 3485 2894 3529 tuum
2917 3475 3257 3543 splendidum
3280 3488 3333 3532 et
3360 3478 3549 3533 illustre
3573 3478 3630 3529 sit
3658 3493 3667 3525 :
3694 3489 3755 3526 sci

2250 3565 2421 3629 doles,
2452 3565 2594 3635 quod
2633 3566 2769 3619 Deus
2795 3566 3138 3635 glorificetur.
3170 3567 3480 3638 Viden’quo
3501 3567 3657 3623 tendat
3683 3564 3749 3617 bcl

2250 3658 2397 3712 luin?
2426 3660 2495 3712 At
2522 3673 2626 3713 non
2658 3657 2817 3713 doleo
2841 3700 2854 3723 ,
2889 3659 3096 3728 inquies
3119 3700 3135 3724 ,
3168 3661 3315 3729 quod
3350 3661 3481 3716 Deus
3503 3699 3517 3725 ,
3541 3657 3621 3713 sed
3656 3670 3752 3725 qum

2251 3750 2413 3805 frater
2437 3750 2604 3819 gloria
2626 3749 2907 3805 afficiatur.
2929 3751 3127 3807 Verum
3157 3770 3254 3822 per
3275 3754 3413 3810 hunc
3438 3756 3499 3808 ad
3526 3754 3665 3807 Deum
3687 3750 3750 3818 glo

2252 3843 2326 3895 ria
2357 3842 2596 3895 ascendit
2623 3859 2637 3907 ;
2672 3843 2894 3910 proinde
2917 3854 2970 3898 et
2993 3830 3187 3900 bellum
3210 3863 3243 3900 a
3271 3858 3323 3903 te
3347 3859 3592 3903 exortum.
3614 3847 3748 3898 Atnot

2252 3932 2352 3987 huc
2380 3933 2506 3986 inibi
2534 3933 2802 4001 displicet,
2830 3934 3058 4005 inquies,
3087 3938 3181 3992 sed
3212 3954 3309 4007 per
3336 3954 3417 3993 me
3438 3938 3610 3993 vellem
3637 3935 3746 3988 Dt‘tlll

2248 4025 2415 4093 gloria
2463 4024 2623 4079 affici.
2661 4025 2802 4096 Ergo
2841 4027 3011 4095 gaude
3056 4027 3282 4101 florente
3325 4030 3514 4093 fratre,
3540 4037 3587 4082 et
3621 4039 3695 4094 per
3724 4032 3741 4072 1ι

2254 4118 2391 4172 Ileus
2443 4118 2860 4185 glorificabitur,
2891 4133 3184 4190 omnesque
3233 4122 3449 4187 dicent,
3500 4116 3739 4173 Benedicta

2252 4209 2411 4275 Deus,
2441 4208 2531 4277 qui
2558 4209 2692 4262 tales
2721 4208 2879 4263 habet
2906 4208 3153 4277 famulos,
3186 4212 3383 4265 invidia
3408 4210 3541 4265 omni
3570 4208 3737 4275 liberos;

2247 4302 2333 4370 qui
2380 4301 2448 4354 de
2491 4301 2714 4355 aliorum
2763 4301 2916 4355 bonis
2949 4313 3132 4358 mutuo
3159 4304 3407 4380 gaudent.
3440 4304 3500 4357 Et
3524 4298 3631 4371 quid
3668 4295 3735 4369 div

2249 4392 2505 4447 fratrem?
2529 4393 2583 4448 Si
2613 4393 2755 4448 etiitn
2797 4392 3039 4449 inimicus
3079 4405 3224 4451 esset
3270 4406 3325 4450 et
3368 4396 3542 4457 hostis,
3565 4406 3619 4446 ac
3652 4388 3734 4453 [λη

2248 4497 2342 4552 per
2374 4483 2520 4536 illum
2547 4483 2956 4552 glorificaretur,
2987 4486 3056 4539 ob
3088 4486 3139 4540 id
3165 4488 3394 4543 amicum
3424 4485 3553 4540 illum
3592 4477 3667 4534 tibi
3697 4475 3732 4537 β

2245 4589 2369 4628 cere
2396 4582 2687 4643 Oporteret.
2726 4576 2802 4628 'l‘u
2844 4590 2971 4631 vero
2997 4576 3226 4631 amicum
3255 4578 3381 4631 facis
3408 4576 3490 4631 tibi
3515 4571 3730 4629 ittituicttll

2246 4667 2367 4734 quia
2412 4666 2549 4722 Deus
2581 4682 2674 4737 per
2704 4668 2846 4722 illius
2884 4668 3026 4723 clara
3067 4679 3218 4737 gesta
3246 4669 3569 4738 glorificatur.
3598 4664 3644 4717 Si
3666 4656 3728 4727 uti

2244 4772 2439 4826 Corpus
2466 4767 2610 4811 tuum
2638 4774 2838 4828 aegrum
2882 4761 3181 4827 curaverit,
3208 4761 3308 4815 etsi
3354 4759 3576 4814 inimicus
3601 4752 3725 4807 fuerit

2245 4851 2383 4904 inter
2408 4850 2706 4920 praacipuos
2742 4852 2941 4906 amicos
2972 4852 3116 4907 illum
3147 4865 3328 4920 postea
3370 4850 3569 4906 habebis
3595 4864 3607 4902 :
3632 4844 3724 4899 me

2243 4958 2372 4998 vero
2394 4942 2481 5012 qui
2508 4958 2705 5013 corpus
2725 4943 2944 5008 Christi,
2975 4944 3129 4998 idest
3152 4944 3456 5009 Eeclesiam,
3478 4951 3626 5002 ornat,
3649 4930 3722 4989 ad

2242 5050 2361 5089 cum
2384 5034 2499 5098 tibi,
2523 5012 2792 5090 inimicum
2824 5035 2942 5089 ideo
2972 5036 3223 5104 reputas?
3252 5037 3310 5089 lit
3352 5029 3593 5103 quomodo
3617 5012 3720 5095 posti

2241 5127 2438 5182 clarius
2464 5137 2648 5181 contra
2679 5127 2951 5182 Christum
2976 5126 3172 5181 bellum
3211 5122 3514 5195 suscipere?
3546 5119 3646 5173 ideo

2240 5217 2361 5287 quis
2411 5217 2664 5273 miracula
2711 5226 2883 5287 patret
2906 5258 2921 5283 ,
2952 5218 3053 5273 etsi
3082 5219 3427 5287 virginitatem
3451 5221 3501 5267 ct
3536 5198 3713 5289 jejuuiiq

2241 5320 2440 5376 servet,
2457 5309 2601 5365 humi
2622 5310 2802 5377 cubet,
2823 5321 2875 5365 et
2898 5312 2973 5365 sic
2988 5311 3059 5366 ob
3075 5312 3315 5366 virtutem
3328 5307 3392 5362 ad
3408 5303 3599 5376 angelos
3613 5292 3711 5461 usu

2242 5403 2551 5461 perveniat;
2580 5404 2624 5456 si
2668 5404 2769 5458 hoc
2812 5404 2939 5456 vitio
2976 5403 3205 5461 laboret.
3232 5399 3458 5457 omnium
3480 5387 3653 5448 scelesti
3686 5440 3699 5455 η

2242 5403 2551 5470 perveniat;
2580 5404 2624 5456 si
2668 5404 2769 5458 hoc
2812 5404 2939 5456 vitio
2976 5403 3205 5469 laboret,
3232 5399 3458 5457 omnium
3480 5387 3699 5455 scelesti“

2240 5512 2359 5551 nius
2385 5497 2486 5552 erit
2508 5538 2521 5561 ,
2547 5507 2597 5551 et
2630 5495 2862 5561 mmebo,
2905 5496 3246 5562 fornicatore,
3277 5493 3406 5558 fure,
3435 5464 3708 5558 sepulcrord

2241 5588 2498 5644 cﬂossore
2521 5588 2690 5659 pejor.
3704 5590 3705 5619 ‘

2309 5684 2361 5737 ϐ.
2405 5681 2471 5736 Et
2497 5698 2561 5737 ne
2586 5683 2703 5751 quis
2731 5697 2817 5736 me
2844 5681 3080 5744 damnet,
3107 5682 3247 5749 quod
3277 5692 3380 5732 rem
3417 5675 3539 5728 ultra
3562 5660 3704 5751 modi!

2251 5776 2427 5841 tollam
2451 5819 2465 5842 ,
2525 5744 2652 5832 illud
2708 5775 2879 5853 libens
2928 5790 3021 5829 vos
3062 5744 3516 5842 interrogaverim:
3552 5758 3596 5813 Si
3633 5744 3702 5817 ιιιῐ
