4048 6216
1826 182 1855 199 Ἅι.

312 277 412 349 iis

1412 278 1477 345 tN
1515 278 1728 345 EPIS’l‘.
1773 283 1861 343 AD
1898 285 2060 341 non.
2104 287 2333 348 neum.
2378 282 2490 354 Vit.

3470 308 3576 366 ιεο

310 407 487 476 ignem
537 415 593 462 ct
644 396 878 477 ligenein
926 414 1137 474 tenens,
1187 409 1323 464 hanc
1371 407 1540 463 aedem
1592 400 1900 462 incenderet
1995 421 2153 476 quam
2183 409 2227 464 si
2261 412 2433 467 vietus
2458 427 2628 471 esses.
2650 406 2721 473 At
2762 418 2892 474 nihil
2939 420 3128 477 horum
3166 413 3363 481 invidia
3403 430 3570 485 novit.

308 515 566 571 aramque
604 500 920 565 suffoderet,
950 516 1130 555 annon
1157 508 1217 556 ut
1240 500 1529 570 sacrilegus
1556 508 1610 555 et
1638 499 1898 554 scelestus
1995 496 2101 552 Cur
2150 509 2325 555 autem
2376 502 2601 572 gloriam
2644 521 2793 562 amas
2842 511 2893 564 in
2939 522 3080 565 tanta
3119 513 3443 571 solitudine?
3473 520 3571 587 ipsl

310 588 577 657 lapidibus
606 589 969 644 obrueretur?
996 590 1134 657 Quid
1182 605 1347 657 vero,
1375 590 1421 644 si
1459 589 1578 659 quis
1625 588 1893 643 ﬂammam

305 680 444 734 ferat
470 678 575 735 hoc
603 679 727 751 igne
765 680 1095 735 veraciorem
1120 721 1136 745 ,
1166 680 1415 735 invidiam
1467 680 1609 746 dico,
1640 694 1758 749 quin
1783 694 1891 733 non

306 764 529 827 a-dificia
557 773 741 837 diruit,
766 787 873 827 non
891 774 1107 827 auream
1127 787 1273 826 aram
1297 773 1531 837 suffodit,
1560 771 1652 827 sed
1676 771 1817 843 quod
1837 780 1891 827 et

309 862 602 932 parietibus
620 872 674 918 et
705 877 797 916 ara
824 863 980 932 longe
1009 862 1293 932 pretiosius
1315 871 1418 925 est,
1449 864 1726 919 doctorum
1756 861 1887 917 acdi-

305 955 484 1009 ficiuin
512 953 775 1009 subvertit
814 964 866 1009 et
895 954 1237 1024 pessuuidat;
1267 970 1371 1024 qua
1401 942 1490 1010 ille
1513 955 1666 1010 venia
1695 954 1888 1024 dignus

304 1027 547 1101 eritil‘ie
590 1028 722 1099 mihi
749 1046 867 1115 quis
906 1045 1301 1116 dixerit,quod
1330 1060 1474 1115 smpe
1517 1049 1738 1101 conatus
1778 1060 1885 1100 non

303 1141 541 1207 potuerit
571 1154 587 1191 :
615 1151 737 1190 nam
780 1151 811 1189 a
855 1137 1128 1191 voluntate
1157 1145 1246 1193 res
1266 1136 1573 1205 iudicantur
1600 1154 1614 1190 :
1642 1136 1883 1207 quando-

300 1228 516 1296 quidem
542 1227 670 1283 Safil
695 1242 907 1297 quoque
934 1227 1184 1283 Davidem
1222 1228 1506 1293 interfecit,
1536 1228 1743 1283 etiamsi
1770 1242 1882 1282 rem

303 1326 409 1375 non
451 1320 756 1390 perfecerit.
802 1322 994 1374 Annon
1036 1320 1274 1390 cogitas,
1325 1335 1544 1391 quaeso,
1597 1328 1648 1374 te
1695 1319 1884 1373 ovibus

300 1410 498 1465 Christi
522 1410 780 1475 insidiari,
806 1409 1017 1479 quando
1036 1425 1155 1465 cum
1182 1420 1393 1479 pastore
1415 1426 1639 1479 pugnas,
1671 1410 1879 1476 ovibus,

298 1504 541 1575 inquam,
572 1508 669 1575 pro
695 1505 888 1573 quibus
915 1504 1227 1574 sanguinem
1268 1518 1420 1557 suum
1464 1502 1709 1557 Christus
1746 1501 1881 1556 effu-

299 1588 400 1662 dit,
431 1604 489 1649 ut
513 1596 689 1650 omnia
720 1610 816 1649 nos
854 1595 1031 1650 facere
1064 1605 1118 1650 et
1153 1595 1258 1664 pati
1278 1593 1476 1663 jussit?
1503 1607 1605 1647 non
1634 1592 1882 1647 recorda.

300 1672 375 1741 ris
415 1686 556 1756 quod
591 1687 847 1741 Dominus
876 1688 997 1740 tuas
1020 1686 1246 1756 gloriam
1275 1695 1417 1739 tuam
1448 1684 1738 1754 qumsierit,
1772 1698 1878 1739 non

297 1778 489 1832 suam?
516 1776 597 1831 Tu
623 1792 751 1832 vero
780 1792 885 1831 non
918 1776 1057 1831 illius
1082 1776 1325 1847 gloriam,
1357 1776 1450 1831 sed
1480 1785 1620 1830 tuam
1659 1776 1875 1846 quaeris.

296 1861 459 1939 Atqui
487 1870 531 1923 si
563 1869 708 1923 illius
735 1870 956 1939 gloriam
1002 1884 1274 1939 qurereres
1296 1910 1311 1933 ,
1342 1878 1467 1925 tunc
1509 1879 1652 1923 tuam
1681 1884 1875 1924 conse-

295 1961 539 2031 quereris
568 1978 583 2015 :
610 1960 736 2015 dum
784 1976 912 2015 vero
964 1961 1054 2015 illa
1100 1959 1399 2030 pestbabita
1449 1968 1593 2015 tuam
1640 1961 1873 2030 qumris,

235 2072 266 2104 ο
293 2067 584 2123 numquam
615 2052 751 2106 hanc
779 2051 1104 2121 assequeris.
1134 2052 1390 2119 Quianam
1422 2052 1524 2106 erit
1552 2051 1709 2121 hujus
1733 2066 1878 2105 mor-

292 2132 345 2198 bi
386 2143 635 2199 medela?
672 2142 1006 2212 Conjunctim
1050 2158 1238 2197 omnes
1265 2158 1564 2212 precemur,
1609 2146 1875 2213 unamque

292 2252 391 2307 pro
423 2237 529 2290 illis
553 2237 859 2291 emittamus
888 2250 1071 2291 vocem
1093 2277 1108 2302 ,
1138 2235 1287 2305 quasi
1337 2250 1435 2306 pro
1479 2235 1871 2306 energumenis.

287 2316 423 2383 Nam
450 2330 504 2384 hi
535 2329 891 2383 miserabilius
915 2328 1088 2383 affecti
1112 2337 1235 2383 sunt
1264 2344 1420 2397 quam
1452 2329 1549 2392 illi,
1576 2329 1697 2398 quia
1728 2328 1875 2383 furor

286 2420 379 2475 iile
405 2434 471 2475 ex
500 2421 771 2490 proposito
796 2428 976 2473 manat
1002 2435 1016 2472 :
1048 2418 1353 2488 precatione
1392 2419 1586 2490 quippe
1612 2434 1748 2489 opus
1778 2418 1873 2472 ha-

284 2510 380 2565 bet
411 2509 499 2565 hic
526 2511 747 2565 morbus
770 2550 786 2574 ,
808 2518 863 2565 et
901 2510 1066 2564 multa
1113 2509 1524 2580 supplicatione.
1552 2496 1684 2565 Nam
1714 2511 1758 2566 si
1787 2511 1831 2565 is
1851 2551 1868 2578 ,

284 2601 376 2670 qui
408 2590 627 2655 fratrem
651 2615 755 2655 non
773 2610 937 2667 amat,
964 2601 1007 2655 si
1040 2602 1293 2671 pecunias
1316 2599 1575 2666 effundat,
1595 2602 1638 2655 si
1667 2611 1868 2672 marty-

285 2696 371 2747 rio
398 2692 706 2759 illustretur,
738 2680 869 2747 nihil
893 2694 1058 2764 magis
1086 2693 1296 2763 proficit
1324 2713 1338 2749 :
1367 2694 1455 2764 qui
1484 2690 1679 2749 bellum
1711 2694 1869 2749 infert

283 2787 359 2851 ei,
390 2785 479 2856 qui
508 2784 641 2840 nihil
680 2786 781 2840 sibi
826 2785 951 2839 mali
985 2786 1192 2851 intulit,
1219 2786 1389 2857 cogita
1423 2797 1618 2856 quanto
1648 2786 1715 2840 sit
1744 2801 1868 2855 sup-

283 2875 447 2945 plicio
464 2874 676 2945 dignus.
693 2875 788 2931 Hic
802 2875 1088 2945 gentilibus
1108 2875 1341 2931 deterior
1361 2886 1463 2931 est.
1494 2875 1624 2931 Nam
1653 2877 1721 2943 si,
1744 2890 1865 2930 cum

284 2983 384 3021 nos
399 2979 641 3023 amantes
662 2968 948 3038 diligimus,
975 2968 1102 3021 nihil
1129 2968 1249 3039 plus
1271 2968 1551 3033 habemus,
1568 2984 1726 3038 quam
1755 2968 1862 3023 illi:

282 3057 375 3127 qui
417 3057 718 3112 amantibus
743 3072 803 3113 se
825 3056 1040 3123 invidet,
1072 3073 1179 3127 quo
1208 3098 1225 3125 ,
1254 3074 1437 3128 quaeso
1459 3100 1476 3127 ,
1509 3059 1560 3113 iii
1584 3059 1703 3114 loco
1727 3059 1867 3115 erit?

351 3149 561 3205 Invidia
604 3150 735 3206 bello
784 3151 1130 3222 perniciosior.
1158 3180 1231 3191 ——
1257 3151 1408 3206 Bello
1436 3167 1663 3221 namque
1691 3153 1868 3222 perni-

282 3240 481 3295 ciosior
508 3249 590 3295 est
617 3240 833 3294 invidia.
859 3231 991 3295 Nam
1020 3242 1108 3311 qui
1140 3242 1337 3296 bellum
1364 3244 1522 3312 gerit,
1553 3258 1711 3298 causa
1740 3244 1865 3299 belli

282 3332 528 3397 sublata,
559 3332 888 3386 inimicitiam
934 3332 1185 3403 deponit;
1218 3334 1429 3389 invidus
1477 3346 1655 3390 autem
1708 3352 1865 3389 iiuin-

282 3434 441 3494 quam
468 3425 637 3496 possit
664 3425 868 3480 ainiciis
888 3439 1007 3480 esse
1028 3425 1150 3493 ;ille
1174 3425 1387 3495 quidem
1417 3427 1697 3481 manifesto
1723 3426 1865 3481 bello

283 3517 512 3586 impetit,
543 3516 629 3572 hic
649 3517 858 3571 occulto
891 3534 905 3570 :
938 3518 1027 3571 ille
1047 3532 1236 3572 causas
1264 3518 1459 3572 multas
1486 3528 1540 3573 et
1565 3520 1866 3588 probabiles

281 3608 516 3676 suscepti
545 3607 666 3662 belli
690 3607 929 3677 proferre
955 3616 1167 3678 potest;
1202 3608 1286 3662 liie
1313 3609 1522 3664 nonnisi
1555 3611 1790 3665 furorem
1812 3620 1867 3666 et

282 3698 570 3752 satanicam
605 3696 951 3753 Voluiilatcm.
971 3698 1068 3754 Cui
1097 3714 1226 3770 ergo
1257 3699 1414 3753 talem
1441 3700 1673 3754 animam
1713 3715 1864 3756 com-

284 3788 597 3858 paraveris?
644 3790 728 3844 cui
775 3784 1126 3860 viperzeicui
1165 3790 1375 3860 aspidi?
1400 3790 1485 3844 cui
1522 3787 1726 3845 verini?
1777 3790 1863 3846 cui

284 3881 576 3935 cantharo?
596 3874 738 3935 Nihil
761 3882 903 3935 enim
932 3872 1234 3946 scelestius,
1263 3881 1393 3936 nihil
1419 3872 1653 3937 deterius
1683 3881 1867 3952 hujus-

284 3972 426 4027 mudi
454 3974 651 4027 anima.
682 3973 795 4028 Hoc
819 3976 985 4039 enim,
1018 3974 1139 4038 hoc,
1164 3975 1379 4044 inquam
1401 4014 1417 4039 ,
1450 3973 1716 4029 Ecclesias
1742 3975 1866 4029 sub-

285 4067 460 4134 vertit,
481 4065 581 4119 hoc
595 4065 831 4122 haereses
848 4066 1071 4137 peperit,
1086 4066 1185 4121 lioc
1204 4066 1493 4121 fraternam
1515 4069 1739 4121 armavit
1754 4082 1865 4121 ma-

281 4174 405 4212 nuni
425 4168 479 4212 et
501 4157 678 4213 eflecit
703 4158 827 4213 utin
850 4160 1107 4228 sanguine
1117 4159 1244 4229 justi
1267 4160 1481 4214 dextera
1511 4172 1861 4230 mergeretur,

282 4246 531 4317 iegesque
552 4260 755 4303 natan
773 4249 1157 4318 pessiiindedit,
1172 4263 1225 4303 et
1249 4250 1405 4304 morti
1433 4244 1613 4319 portas
1634 4252 1861 4321 aperuit,

282 4352 344 4393 ac
366 4340 796 4395 nialedictionem
824 4341 966 4397 illam
998 4342 1064 4396 ad
1092 4358 1224 4412 opus
1251 4343 1506 4409 deduxit;
1541 4361 1638 4400 nec
1667 4345 1864 4414 permi-

284 4433 352 4486 sit
381 4443 437 4488 ut
466 4433 649 4489 infelix
684 4435 773 4489 ille
815 4434 1185 4490 recordaretur
1216 4447 1397 4505 partus
1442 4439 1523 4490 sui
1573 4454 1741 4507 neque
1770 4454 1857 4507 pa-

286 4526 491 4578 rentum
543 4540 715 4595 neque
756 4524 979 4580 alterius
1026 4525 1369 4595 enjusqnam;
1398 4534 1451 4581 et
1480 4536 1625 4581 tanto
1667 4528 1862 4581 furoris

288 4617 607 4688 insaniicque
632 4628 798 4674 (nstro
825 4619 1014 4685 movit,
1038 4628 1095 4673 ut
1121 4618 1369 4674 hortante
1398 4620 1503 4673 Deo
1524 4636 1587 4674 ac
1610 4620 1821 4675 dicente
1845 4639 1858 4676 :

286 4700 361 4761 Ad
378 4721 423 4764 te
442 4697 534 4765 erit
560 4714 813 4781 appetitus
834 4699 964 4784 ejus,
997 4723 1045 4765 et
1074 4722 1126 4765 tu
1154 4712 1493 4765 donii'nabcris
1520 4714 1660 4768 illius
1684 4715 1702 4783 (
1728 4711 1857 4767 Gen.

287 4794 337 4852 4.
365 4801 456 4871 7),
480 4817 547 4855 ne
569 4802 647 4855 sic
671 4801 883 4869 quidem
910 4802 1146 4856 cederet.
1175 4801 1332 4869 Atqui
1365 4810 1421 4856 et
1443 4802 1645 4858 crimen
1675 4804 1750 4857 illi
1778 4818 1864 4858 re-

286 4893 455 4955 iiiisit,
486 4902 539 4947 et
569 4888 788 4947 fratrem
820 4892 917 4962 ipsi
945 4893 1169 4962 subjecit
1199 4910 1211 4945 :
1246 4908 1427 4947 verum
1462 4895 1529 4947 ita
1552 4894 1862 4950 insanabilis

284 4992 361 5035 est
390 4983 476 5037 liic
515 4983 767 5051 morbus,
796 4994 852 5037 ut
895 4984 1054 5038 etiam
1089 4983 1233 5038 inille
1256 4983 1509 5039 adhibitis
1535 4980 1856 5053 pliariiiaeis,

284 5073 480 5126 saniem
526 5088 741 5141 semper
768 5075 998 5129 emittat.
1028 5074 1135 5128 Cur
1161 5074 1302 5128 enim
1345 5072 1494 5127 doles
1518 5116 1533 5141 ,
1562 5092 1596 5127 ο
1621 5079 1858 5132 omnium

284 5158 613 5214 miserrime?
662 5162 801 5233 quod
855 5162 1147 5218 honoratus
1193 5163 1260 5218 sit
1310 5159 1582 5219 Dciis?At
1630 5165 1733 5220 hoc
1779 5177 1863 5221 est

282 5250 442 5304 animi
494 5253 739 5306 sataiiici.
769 5254 848 5308 An
876 5254 1015 5324 quod
1063 5254 1229 5309 frater
1277 5255 1564 5311 admodum
1611 5267 1861 5326 acceptus

282 5334 472 5397 fuerit?
495 5340 603 5396 Sed
635 5338 757 5398 licet
782 5334 872 5398 tibi
904 5361 1025 5399 eum
1054 5362 1328 5415 superare.
1364 5347 1544 5417 Itaque
1573 5348 1617 5402 si
1649 5348 1860 5406 vincere

279 5435 410 5488 velis
430 5476 445 5499 ,
472 5449 541 5487 ne
566 5433 811 5500 occidas,
841 5452 908 5489 ne
946 5435 1014 5490 de
1054 5438 1229 5490 medio
1253 5438 1442 5504 tollas;
1472 5439 1567 5493 sed
1597 5439 1714 5493 sine
1749 5456 1861 5494 ma-

281 5536 428 5590 nere,
460 5534 519 5578 ut
547 5526 854 5580 certaminis
880 5528 1090 5582 occasio
1118 5540 1387 5596 servetur,
1410 5540 1463 5583 ct
1494 5530 1754 5585 viventem
1780 5546 1863 5585 su-

279 5618 403 5680 bera
432 5614 547 5669 :sie
578 5615 720 5669 enim
745 5616 1019 5685 splendida
1044 5619 1134 5671 tibi
1158 5634 1352 5674 corona
1384 5620 1557 5674 futura
1586 5629 1861 5678 cstznunc

277 5714 454 5762 autem
483 5705 530 5762 si
561 5707 793 5775 occidas,
823 5709 1077 5776 majorem
1108 5722 1290 5765 contra
1325 5720 1375 5769 te
1404 5712 1668 5769 calculum
1696 5714 1855 5786 feres,

1994 604 2222 660 namque
2246 593 2347 672 soli
2377 590 2504 649 tunc
2530 602 2726 652 terram
2757 592 3085 659 habitabant.
3118 607 3186 659 At
3217 606 3345 661 nihii
3376 600 3568 664 horum

1993 679 2165 763 ipsum
2189 676 2461 750 cohibuit;
2490 684 2584 741 sed
2610 689 2861 745 omnibus
2887 707 2951 746 ex
2983 694 3161 748 animo
3192 694 3424 766 rejectis,
3445 714 3567 754 cuin

1990 770 2205 827 diabolo
2231 770 2377 855 stetit
2406 786 2461 831 et
2491 778 2661 834 aciem
2711 780 2960 836 instruxit
2993 802 3007 838 :
3036 800 3157 839 nam
3186 773 3272 841 ille
3304 790 3427 843 tiine
3461 790 3568 845 dux

1988 872 2248 919 eratcum
2270 867 2455 951 Caino.
2485 862 2620 937 Quia
2643 856 2785 926 enim
2821 888 2925 927 non
2962 865 3258 932 sufiiciebat
3287 879 3358 935 illi
3383 923 3396 946 ,
3424 883 3566 951 quod

1988 956 2151 1011 homo
2177 945 2418 1016 mortalis
2446 971 2590 1017 esset
2616 952 2836 1020 effectus
2860 1007 2876 1031 ,
2904 981 2970 1021 ex
3003 956 3188 1022 mortis
3219 971 3378 1025 etiam
3407 973 3567 1028 modo

1986 1047 2243 1117 majorem
2267 1052 2575 1121 tragmdiam
2600 1043 2812 1111 efficere
2843 1045 3099 1126 tentabat,
3124 1066 3173 1114 et
3206 1064 3465 1129 persuasit
3487 1051 3564 1120 illi

1984 1148 2044 1195 ut
2073 1139 2290 1196 fratrem
2315 1144 2604 1201 occideret.
2633 1144 2941 1201 Festinabat
2968 1152 3111 1204 enim
3143 1160 3198 1207 et
3217 1150 3556 1209 desiderabat

1985 1229 2165 1286 videre
2210 1236 2531 1289 sententiam
2559 1237 2610 1291 in
2641 1253 2776 1307 opus
2804 1238 3109 1308 deductam,
3133 1245 3221 1313 qui
3270 1250 3557 1316 numquam

1985 1321 2186 1376 nostris
2210 1324 2433 1379 satiatur
2457 1326 2631 1381 malis.
2662 1328 2740 1383 Ac
2790 1330 2835 1383 si
2881 1332 3001 1401 quis
3026 1333 3299 1389 inimicum
3332 1338 3563 1393 vinctum

1984 1410 2186 1467 habens
2206 1455 2222 1480 ,
2251 1424 2304 1469 et
2330 1417 2595 1477 sententia
2624 1417 2931 1475 damnatum
2976 1423 3041 1477 ad
3085 1432 3310 1481 mortem
3338 1429 3525 1483 videtis
3544 1473 3559 1496 ,

1980 1510 2264 1587 antequam
2293 1519 2358 1559 ex
2390 1506 2522 1562 urbe
2547 1519 2723 1576 exeat,
2762 1510 2975 1567 festinet
3000 1522 3056 1568 ut
3083 1515 3228 1570 illum
3259 1518 3398 1572 intus
3418 1536 3564 1574 mor-

1982 1596 2128 1645 tuum
2167 1594 2376 1661 videat,
2405 1610 2504 1652 nee
2548 1612 2849 1669 congruens
2896 1611 3103 1673 tempus
3131 1605 3403 1676 exspectet
3437 1628 3449 1664 ;
3482 1598 3563 1665 sic

1979 1691 2035 1738 et
2080 1682 2325 1740 diabolus
2369 1696 2495 1744 tunc
2521 1706 2537 1743 :
2568 1691 2669 1744 etsi
2697 1680 2935 1747 audisset
2978 1694 3247 1751 hominem
3277 1698 3329 1752 in
3376 1701 3559 1769 pulve-

1979 1790 2092 1830 rem
2139 1787 2260 1833 ess'e
2287 1794 2623 1836 reversurum
2646 1823 2662 1848 ,
2694 1771 2941 1852 cupiebat
2979 1786 3177 1857 aliquid
3219 1793 3447 1861 amplius
3476 1794 3559 1848 vi-

1977 1866 2106 1922 dere
2134 1910 2149 1931 ,
2182 1868 2348 1924 filium
2382 1887 2575 1941 nempe
2599 1884 2725 1929 ante
2751 1884 2955 1945 patrem
2988 1880 3306 1936 morientem
3334 1926 3348 1949 ,
3371 1892 3425 1937 et
3452 1884 3562 1938 fra-

1978 1965 2113 2012 trem
2153 1960 2485 2017 occidentem
2516 1952 2735 2020 fratrem
2777 1971 2933 2022 subm
2954 2010 2969 2034 ,
2995 1970 3330 2027 immaturam
3364 1991 3473 2031 rem
3505 1989 3560 2034 et

1976 2049 2263 2103 violentam
2292 2064 2538 2107 mortem.

2048 2125 2099 2193 7.
2144 2139 2327 2195 Viden‘
2349 2141 2415 2196 ad
2442 2152 2669 2213 quantas
2695 2160 2784 2201 res
2813 2146 3112 2205 iiiservierit
3158 2152 3388 2208 invidia?
3418 2174 3554 2226 quo-

1974 2228 2135 2283 modo
2208 2231 2565 2288 insatiabilem
2628 2235 2828 2290 diaboli
2899 2240 3135 2295 animum
3208 2244 3552 2314 impleverit,

1976 2328 2281 2391 tantamque
2326 2323 2402 2377 illi
2441 2338 2680 2379 mensam
2720 2330 3046 2397 apposuerit,
3077 2342 3327 2401 quantam
3360 2336 3437 2390 illi
3477 2338 3555 2392 vi-

1968 2409 2102 2465 dere
2140 2413 2428 2482 cupiebat?
2472 2414 2757 2486 Fiigiamus
2796 2434 2924 2489 ergo
2954 2420 3093 2475 hunc
3144 2425 3409 2479 morbum.
3438 2426 3552 2483 Non

1972 2516 2255 2583 possumus
2283 2506 2426 2560 enim
2448 2547 2464 2573 ,
2504 2523 2613 2562 non
2663 2523 2947 2578 possumus
2977 2512 3158 2583 utique
3202 2515 3376 2585 ignem
3404 2518 3552 2574 illum

1969 2589 2202 2662 effugere
2224 2603 2464 2664 paratum
2495 2596 2711 2653 diabolo
2734 2641 2751 2666 ,
2775 2599 2877 2654 nisi
2921 2601 2989 2657 ab
3016 2602 3116 2658 hac
3142 2608 3457 2676 agritudine
3485 2611 3550 2663 li-

1970 2681 2259 2739 beremur:
2294 2686 2639 2743 liberabimur
2663 2692 2866 2759 autem,
2893 2694 2939 2747 si
2970 2697 3264 2765 cogitemus
3292 2712 3549 2768 quantum

1967 2773 2213 2829 Christus
2239 2791 2338 2830 nos
2362 2774 2640 2844 amaverit,
2668 2782 2757 2851 qui
2805 2787 3056 2853 praecepit
3100 2790 3156 2840 ut
3186 2803 3282 2842 nos
3323 2790 3549 2847 invicem

1966 2862 2329 2934 diligeremus.
2353 2867 2469 2933 Quo
2494 2869 2653 2938 igitur
2680 2871 2840 2925 modo
2866 2888 2965 2927 nos
2991 2877 3221 2931 amavit?
3250 2878 3547 2935 Pretiosuui

1967 2957 2278 3026 sanguinem
2321 2971 2476 3013 suum
2513 2961 2659 3016 dedit
2688 2978 2785 3031 pro
2815 2965 2969 3019 nobis
3006 2966 3237 3023 inimicis
3260 3011 3275 3036 ,
3309 2974 3397 3041 qui
3448 2974 3549 3043 ipsi

1968 3048 2209 3118 ingentes
2260 3051 2609 3109 iiituleramus
2662 3055 2901 3124 injurias.
2937 3059 3012 3113 Ita
3042 3070 3096 3115 et
3127 3070 3180 3116 tu
3220 3062 3382 3120 facito
3425 3083 3547 3139 erga

1936 3154 1941 3159 '
1968 3142 2185 3195 fratrem
2230 3151 2377 3197 tuum
2408 3162 2423 3198 :
2454 3144 2575 3201 ideo
2621 3147 2750 3203 dicit
2796 3149 2884 3204 ille
2907 3192 2923 3218 ,
2950 3151 3249 3209 Mandatum
3273 3174 3454 3219 navum
3481 3164 3549 3216 do

1966 3231 2103 3285 vobis
2126 3271 2141 3296 ,
2170 3243 2227 3286 ut
2269 3234 2493 3304 diligatis
2548 3237 2756 3292 invicem
2784 3241 2914 3294 sicut
2938 3242 3095 3298 dilexi
3119 3262 3205 3301 vos
3227 3248 3245 3316 (
3266 3246 3426 3303 Joan.
3457 3250 3544 3308 15.

1966 3325 2079 3395 54).
2111 3326 2220 3381 lino
2241 3343 2369 3383 vero
2396 3330 2501 3383 non
2526 3329 2578 3384 in
2607 3330 2689 3386 bis
2727 3331 2816 3388 ille
2852 3336 3092 3391 terminis
3119 3340 3363 3395 consistit
3389 3358 3403 3394 :
3436 3342 3548 3412 ipse

1968 3433 2196 3489 namque
2214 3436 2309 3490 pro
2334 3421 2563 3477 inimicis
2590 3422 2691 3479 hoc
2713 3425 2853 3479 fecit.
2878 3424 2981 3482 Sed
3009 3445 3113 3483 non
3130 3431 3211 3486 vis
3234 3434 3545 3503 sanguinem

1968 3518 2115 3563 tuum
2162 3511 2292 3566 dare
2323 3527 2419 3581 pro
2459 3515 2664 3569 fratre?
2705 3514 2814 3570 Cur
2843 3532 2971 3587 ergo
3000 3521 3160 3574 etiam
3188 3523 3302 3592 ejus
3328 3526 3546 3595 sangui-

1968 3618 2089 3656 nein
2139 3603 2410 3671 effundis,
2462 3617 2789 3678 praeceptum
2837 3627 2901 3665 ex
2956 3611 3219 3672 diametro
3285 3616 3549 3672 violaiis?

1967 3693 2186 3748 Etiamsi
2232 3696 2345 3764 ipse
2393 3697 2640 3754 Christus
2679 3716 2783 3754 non
2815 3717 2881 3757 ex
2909 3702 3089 3759 debito
3116 3704 3218 3760 hoc
3261 3706 3467 3775 fecerit,
3496 3718 3548 3763 tu

1967 3801 2097 3839 vero
2126 3786 2170 3839 si
2201 3786 2363 3841 facias
2385 3830 2401 3857 ,
2446 3790 2684 3845 debitum
2728 3794 2916 3863 imples
2944 3811 2960 3848 :
2989 3798 3203 3866 quando
3229 3808 3282 3853 et
3310 3800 3399 3856 ille
3426 3817 3548 3857 cum

1966 3878 2149 3933 decem
2197 3879 2360 3933 millia
2410 3880 2603 3934 talenta
2660 3888 2973 3954 accepisset,
3020 3897 3235 3943 centum
3290 3891 3545 3949 denarios

1965 3969 2205 4040 exigens,
2252 3984 2357 4023 non
2412 3960 2533 4025 ideo
2578 3972 2751 4026 solum
2797 3975 3011 4042 punitus
3051 3976 3228 4043 fuerit,
3256 3982 3398 4049 quod
3430 3986 3548 4037 exi-

1963 4070 2149 4133 geret,
2190 4060 2285 4116 scd
2333 4062 2492 4115 etiam
2542 4063 2683 4131 quod
2735 4080 2800 4118 ex
2852 4076 3075 4136 accepto
3124 4069 3385 4125 beneficio
3440 4088 3545 4127 non

1968 4155 2156 4208 melior
2201 4155 2454 4220 evaserit,
2485 4155 2735 4226 quodque
2759 4172 2879 4211 eum
2911 4158 3160 4214 dominus
3191 4175 3318 4216 suus
3350 4165 3546 4233 cmpis-

1965 4256 2067 4309 set,
2096 4246 2185 4301 ille
2224 4244 2461 4301 debitum
2489 4261 2593 4301 non
2624 4250 2892 4303 remiserit
2922 4266 2935 4302 :
2971 4266 3092 4305 nam
3140 4240 3382 4307 debitum
3433 4263 3551 4310 erat

1967 4336 2096 4391 illud
2124 4353 2153 4390 a
2184 4353 2341 4390 servo
2390 4338 2706 4406 praestitum,
2738 4340 2784 4395 si
2817 4341 2975 4395 modo
3002 4344 3297 4411 ντειτειὶιυιῐι
3338 4345 3545 4401 fuisset.

1966 4427 2177 4482 Etenim
2209 4442 2557 4499 qumcumque
2587 4429 2807 4485 facimus
2831 4471 2847 4497 ,
2879 4431 3116 4487 debitum
3150 4420 3435 4505 iiiiplentes
3464 4435 3548 4492 fa-

1964 4519 2155 4573 cimus.
2190 4512 2311 4574 ldeu
2339 4530 2391 4574 et
2414 4520 2525 4589 ipse
2550 4520 2760 4576 dicebat
2791 4538 2803 4573 :
2833 4508 2959 4577 Cum
3000 4525 3170 4577 omnia
3197 4528 3437 4595 feceritis,
3464 4529 3549 4583 di-

1964 4610 2078 4675 cite,
2111 4610 2254 4665 Servi
2282 4610 2486 4665 inutiles
2511 4620 2684 4667 sumus
2703 4628 2722 4665 :
2743 4628 2859 4685 qua:
2895 4616 3027 4667 enim
3056 4616 3316 4673 debuimus
3358 4621 3547 4687 facere,

1967 4703 2171 4773 fecimus
2201 4702 2219 4775 (
2241 4702 2367 4757 Luc.
2400 4694 2485 4759 l7.
2515 4705 2637 4777 l0).
2665 4705 2814 4761 Licet
2842 4722 2972 4777 ergo
2992 4710 3268 4764 caritatem
3294 4712 3549 4767 exhibea-

1966 4799 2114 4859 iiiiis,
2149 4797 2272 4852 licet
2320 4798 2573 4868 pecunias
2617 4800 2900 4869 egentibus
2946 4816 3264 4871 erogemiis,
3307 4804 3547 4856 debitum

1966 4889 2251 4958 iiiiplemus
2278 4907 2291 4943 :
2323 4906 2428 4944 non
2472 4891 2649 4954 modo,
2682 4890 2819 4960 quod
2848 4876 2935 4945 ille
2963 4893 3106 4959 prior
3130 4892 3387 4946 beneficia
3416 4908 3547 4946 cono

1967 4980 2109 5034 ferre
2153 4981 2416 5048 coeperit,
2449 4980 2544 5035 sed
2572 4980 2713 5049 quod
2743 4994 2840 5033 nos
2867 4996 2986 5048 qua:
3017 4981 3183 5050 ipsius
3211 4974 3336 5035 sunt
3364 4982 3549 5037 distri-

1967 5072 2211 5134 buamus,
2236 5058 2281 5125 si
2310 5086 2611 5140 erogemus.
2633 5071 2742 5125 Cur
2768 5070 2928 5139 igitur
2953 5081 3003 5125 te
3032 5066 3141 5125 illis
3177 5072 3384 5140 privas,
3411 5089 3546 5141 quo-

1965 5180 2082 5220 rum
2112 5164 2197 5217 ille
2224 5161 2276 5218 te
2300 5163 2572 5217 dominum
2593 5177 2714 5217 esse
2731 5161 2874 5215 vult?
2901 5162 3025 5217 ldco
3044 5163 3187 5217 enim
3211 5173 3261 5220 te
3278 5164 3434 5234 jussit
3459 5164 3549 5222 illa

1964 5255 2094 5309 dare
2143 5254 2330 5321 alteri,
2364 5263 2421 5309 ut
2465 5263 2518 5308 tu
2569 5248 2655 5309 illa
2708 5254 3004 5323 possideas.
3059 5256 3235 5311 Donec
3277 5258 3420 5312 enim
3465 5259 3552 5315 illa

1965 5348 2185 5412 retines,
2220 5361 2317 5401 nec
2344 5357 2398 5401 tu
2426 5348 2538 5416 ipse
2566 5346 2726 5401 babes
2755 5361 2769 5398 :
2802 5361 2922 5400 cum
2949 5362 3079 5402 vero
3106 5348 3202 5403 das
3233 5350 3403 5415 alteri,
3426 5359 3553 5405 tunc

1968 5442 2078 5510 ipsa
2098 5440 2361 5509 recepisti.
2380 5439 2513 5494 Num
2534 5439 2822 5510 quidquam
2850 5448 2951 5504 est,
2975 5442 3115 5510 quod
3146 5443 3286 5499 hunc
3306 5459 3545 5498 amorem

1965 5547 2247 5602 exiequare
2270 5532 2473 5601 possit?
2495 5531 2609 5601 lpse
2630 5531 2940 5599 sanguinein
2970 5548 3065 5600 pro
3089 5533 3319 5588 inimicis
3338 5533 3544 5595 effudit,

1968 5638 2066 5677 nos
2109 5637 2234 5677 vero
2260 5639 2326 5678 ne
2357 5606 2606 5691 pecunias
2654 5622 2867 5691 quidem
2897 5638 2995 5691 pro
3024 5624 3360 5679 benefactore
3394 5638 3406 5673 :
3438 5624 3549 5690 ipse

1968 5715 2276 5786 sanguinem
2299 5730 2473 5782 suum,
2492 5729 2588 5769 nos
2605 5726 2776 5783 uequ‘c
2796 5714 3068 5784 pecunias,
3087 5728 3203 5783 quae
3232 5720 3425 5765 nostra:
3443 5714 3549 5764 non
