3934 6212
618 309 719 368 455

617 439 741 480 trem
764 414 1027 479 nostram?
1048 409 1181 478 Quia
1202 405 1344 463 enim
1374 402 1543 459 Juda'i
1570 400 1674 455 hoc
1700 415 1791 453 sus
1814 398 1986 467 deque
2013 409 2197 450 versa-

622 522 768 582 bant,
801 510 941 584 quod
975 501 1273 579 patriarcha
1305 511 1357 569 et
1386 498 1479 552 Dei
1508 497 1710 550 amicus
1734 492 2199 548 circnmcisioncm

622 612 770 680 prius
808 602 1139 672 accepisset,
1182 593 1297 648 vult
1337 589 1624 646 ostendere
1666 588 1839 656 ipsum
1881 597 2199 680 quoque-cx

629 674 1094 767 iidejustiﬁcatum
1123 702 1242 743 esse
1267 704 1279 739 :
1313 683 1455 755 quod
1490 696 1697 751 magna:
1722 678 1965 733 victoriae
1993 674 2203 767 exube-

623 765 793 850 rantia
824 799 959 844 erat.
988 782 1141 853 Quod
1169 780 1312 836 enim
1343 775 1535 846 aliquis
1571 776 1688 828 siue
1735 770 1989 842 Operibus
2014 784 2078 822 ex
2108 765 2208 819 ﬁde

620 886 979 955 justilicetur,
1026 890 1130 929 non
1171 869 1416 927 absimile
1462 881 1589 921 vero
1640 872 1721 918 est
1749 880 1763 917 :
1793 861 1933 955 quod
1987 874 2114 955 vero
2153 858 2206 912 in

625 950 770 1032 recte
792 974 943 1027 factis
967 967 1215 1032 eximius,
1243 978 1348 1017 non
1381 961 1527 1024 hinc,
1555 956 1649 1012 sed
1675 971 1740 1009 ex
1770 953 1871 1008 ﬁde
1894 951 1981 1005 ﬁat
2005 950 2203 1021 justus,

625 1067 753 1122 illud
807 1061 1049 1118 mirabile
1087 1066 1203 1118 est.
1249 1063 1305 1109 et
1351 1051 1472 1106 ﬁdei
1501 1049 1605 1102 vim
1647 1047 1999 1102 demonstrat.
2029 1041 2207 1110 Quare

623 1160 740 1215 aliis
771 1150 1142 1226 przetermissis
1167 1148 1414 1203 omnibus
1438 1184 1452 1205 ,
1486 1144 1537 1196 in
1571 1140 1713 1194 hunc
1743 1152 2049 1193 sermonem
2074 1151 2205 1189 con-

626 1250 804 1310 vertit,
829 1256 1037 1317 patrem
1064 1258 1193 1296 vero
1223 1240 1369 1293 illum
1398 1234 1694 1291 secundum
1724 1245 1940 1285 carnem
1971 1234 2199 1289 vocavit,

626 1342 845 1409 ejiciens
889 1336 1012 1389 illos
1041 1349 1106 1387 ex
1137 1343 1390 1402 germana
1437 1326 1554 1395 ejus
1598 1323 1917 1393 cognatione
1941 1364 1955 1387 ,
1983 1328 2037 1374 et
2067 1319 2205 1373 viam

630 1446 821 1502 parans
856 1427 1101 1499 gentibus
1130 1423 1195 1476 ad
1229 1420 1675 1490 propiuquibttem
1708 1430 1827 1469 cum
1873 1412 1964 1465 illo
2002 1410 2207 1464 haben-

626 1526 770 1579 dam.
806 1518 1003 1575 Deinde
1029 1518 1103 1570 ait
1125 1532 1137 1568 :
1168 1514 1227 1569 Si
1253 1515 1385 1567 enim
1429 1510 1684 1564 Abraham
1711 1524 1775 1562 ea:
1800 1505 2032 1575 operibus
2047 1505 2206 1575 justi-

628 1619 807 1685 ﬁcatus
835 1621 947 1675 est,
977 1608 1126 1662 habet
1165 1603 1380 1675 gloriam
1405 1643 1419 1666 ,
1450 1600 1539 1655 sed
1566 1617 1664 1653 non
1692 1598 1833 1667 apud
1862 1597 2044 1650 Deum.
2076 1596 2206 1650 Cum

627 1708 853 1761 dixisset
898 1702 1091 1771 igitur,
1121 1696 1261 1765 quod
1305 1695 1444 1748 Deus
1492 1689 1954 1745 circumcisiouem
1998 1701 2062 1741 ex
2105 1685 2208 1739 ﬁde

618 1796 901 1867 ,justiﬁcet,
932 1800 985 1844 et
1009 1788 1324 1859 praeputium
1352 1784 1479 1838 item
1505 1797 1600 1851 per
1631 1780 1824 1846 ﬁdem,
1857 1790 1910 1832 et
1935 1793 2056 1832 cum
2081 1776 2207 1830 illud

628 1889 680 1942 in
709 1881 999 1955 pr.emissis
1026 1878 1354 1934 sufﬁcienter
1400 1873 1711 1943 probasset;
1744 1886 1841 1939 per
1868 1870 2040 1937 ipsmn
2071 1882 2207 1938 quo-

627 1994 730 2050 que
759 1969 1265 2029 Abraham.melius
1308 1964 1439 2023 illud
1470 1963 1838 2022 demonstrat,
1872 1974 2031 2029 quam
2081 1974 2208 2028 pro-

631 2072 880 2129 miserat,
911 2073 965 2117 et
989 2058 1275 2132 quamdam
1310 2054 1477 2110 efﬁcit
1522 2066 1749 2124 pugnam
1796 2053 1935 2105 inter
1973 2050 2131 2104 ﬁdem
2156 2058 2211 2105 et

629 2178 791 2233 opera
814 2200 829 2223 ,
864 2168 1140 2226 totumque
1168 2160 1441 2207 certamen
1480 2150 1622 2201 circa
1652 2146 1823 2214 ipsum
1847 2144 2051 2214 justum
2081 2153 2211 2196 Sta-

622 2256 765 2319 tuit;
798 2266 897 2307 nec
925 2250 1042 2303 sine
1069 2260 1250 2302 causa.
1287 2242 1410 2296 Ideo
1440 2241 1601 2295 etiam
1633 2252 1958 2307 magnopere
1983 2236 2213 2291 honorat

626 2352 819 2413 illum,
869 2342 1263 2415 progenitorem
1305 2351 1532 2399 vocans,
1578 2332 2062 2398 necessitatemque
2108 2329 2212 2383 illis

634 2444 911 2508 imponens
939 2443 997 2488 ut
1039 2436 1091 2485 in
1118 2429 1366 2485 omnibus
1396 2426 1494 2497 ipsi
1518 2426 1912 2491 obtemperent.
1943 2420 2020 2475 Ne
2050 2421 2210 2486 mihi,
2242 2472 2245 2473 ν

634 2534 728 2596 ait,
751 2529 991 2585 Judaeum
1014 2523 1239 2586 dixeris,
1266 2534 1399 2573 neve
1430 2517 1570 2571 hunc
1599 2515 1680 2571 vel
1713 2514 1865 2568 illum
1898 2513 1949 2566 in
1979 2512 2213 2566 medium

635 2626 867 2680 adducas
896 2637 909 2673 :
940 2633 1041 2689 ego
1065 2615 1209 2671 enim
1233 2612 1301 2667 ad
1328 2613 1499 2681 ipsum
1530 2607 1820 2678 fastigium,
1861 2615 1914 2660 et
1942 2604 2083 2659 unde
2114 2606 2216 2657 ini-

636 2720 765 2772 timn
792 2710 996 2781 accepit
1016 2709 1127 2777 ipsa
1156 2701 1517 2766 circumcisio,
1534 2697 1790 2754 ascendo.
1816 2696 1877 2752 Si
1902 2699 2035 2750 enim
2060 2696 2215 2748 Abra-

630 2813 753 2863 ham
795 2822 857 2860 ea:
885 2802 1118 2873 operibus
1149 2797 1467 2869 justi/iaetu:
1496 2800 1603 2856 est,
1655 2790 1861 2862 inquit,
1911 2789 2058 2843 habet
2101 2787 2216 2858 glo-

636 2904 786 2964 riam,
804 2896 891 2951 sed
918 2911 1019 2948 non
1039 2890 1177 2961 apud
1195 2888 1379 2942 Deum.
1400 2886 1701 2941 Obscurum
1720 2891 1805 2938 est
1822 2881 2024 2936 dictum
2051 2878 2213 2945 illud;

637 2996 865 3062 ideoque
895 2984 1255 3042 necessarium
1284 2990 1366 3035 est
1394 2980 1567 3048 ipsum
1591 2976 1788 3031 clarius
1810 2973 2059 3029 reddere.
2088 2972 2215 3062 Duae

636 3061 933 3143 enimsunt
960 3078 1328 3151 gloriatioues,
1361 3072 1462 3126 alia
1489 3070 1558 3124 ab
1578 3068 1831 3138 operibus
1849 3108 1866 3132 ,
1891 3065 1994 3119 alia
2026 3080 2055 3117 a
2088 3061 2214 3117 ﬁde.

636 3182 766 3235 Cum
807 3178 935 3231 dicit
960 3188 1088 3242 ergo
1108 3211 1124 3236 ,
1158 3170 1219 3224 Si
1248 3184 1312 3221 ea:
1336 3164 1570 3237 operibus
1592 3161 1905 3232 justi/icatus
1931 3168 2001 3213 est
2027 3198 2041 3222 ,
2072 3157 2219 3210 habet

638 3273 893 3344 gloriam,
945 3266 1062 3321 sive
1099 3259 1510 3333 gloriationem,
1550 3254 1639 3308 sed
1683 3269 1785 3305 non
1836 3250 1975 3319 apud
2023 3247 2217 3311 Deum,

636 3339 869 3418 ostendit
894 3358 1041 3411 illum
1064 3354 1222 3408 etiam
1243 3365 1273 3403 a
1297 3348 1401 3402 ﬁde
1426 3361 1582 3416 posse
1599 3342 1971 3414 gloriatiouem
1995 3339 2217 3407 habere,

637 3464 690 3509 et
717 3451 881 3506 multo
911 3448 1190 3515 majorem.
1218 3440 1403 3507 Magna
1428 3437 1570 3491 enim
1608 3434 1754 3489 Pauli
1782 3432 1862 3486 vis
1894 3433 1945 3486 in
1976 3431 2077 3486 hoc
2107 3447 2222 3487 ma-

640 3545 781 3598 xime
819 3537 1149 3598 ostenditur,
1191 3530 1333 3601 quod
1379 3530 1429 3581 iu
1475 3524 1799 3580 contrariam
1849 3531 2051 3592 partem
2104 3538 2218 3577 rem

639 3632 966 3704 prepositam
996 3624 1237 3687 verterit,
1270 3622 1339 3674 ita
1371 3628 1427 3672 ut
1455 3616 1596 3686 quod
1628 3616 1774 3669 salus
1805 3615 1891 3668 illa
1924 3630 2021 3684 per
2048 3630 2211 3685 opera

642 3728 832 3785 habet,
867 3730 922 3773 ut
948 3717 1210 3788 glorietur
1239 3720 1293 3766 et
1335 3709 1559 3764 ﬁdenter
1586 3718 1741 3777 agat,
1777 3707 1828 3762 id
1871 3706 2026 3777 longe
2053 3707 2220 3777 magis

641 3819 799 3872 tidem
832 3811 1028 3866 habere
1054 3804 1324 3861 ostendat.
1356 3800 1489 3856 Nam
1517 3800 1606 3870 qui
1656 3800 1707 3853 iu
1738 3798 1995 3868 operibus
2022 3798 2222 3869 gloria-

642 3922 765 3973 tur,
818 3906 1027 3961 labores
1074 3913 1200 3954 suos
1232 3894 1472 3967 proferre
1519 3901 1723 3964 potest;
1767 3893 1856 3962 qui
1899 3901 2076 3945 autem
2122 3891 2220 3946 sibi

639 4000 955 4072 gratulatur,
981 3982 1129 4063 quod
1155 3992 1261 4045 Deo
1281 3987 1489 4054 credat,
1518 3986 1686 4039 multo
1709 3984 1963 4053 majorem
1990 3984 2222 4053 glorian-

640 4096 694 4150 di
724 4108 907 4149 ansam
931 4086 1201 4149 ostendit,
1233 4092 1416 4152 utpote
1444 4080 1534 4150 qui
1566 4078 1849 4133 Dominum
1880 4077 2136 4147 gloriﬁcet
2168 4086 2223 4133 et

644 4184 973 4257 magniﬁcet.
1005 4179 1136 4246 Qua!
1162 4177 1316 4231 enim'
1348 4188 1453 4226 non
1477 4171 1696 4225 dictavit
1725 4184 1903 4223 rerum
1930 4169 2220 4224 visibilium

643 4287 861 4340 initura,
893 4289 923 4326 a
954 4270 1057 4324 ﬁde
1087 4269 1138 4321 in
1187 4267 1355 4319 Deum
1404 4261 1709 4329 accipiens,
1761 4260 2024 4315 sinceram
2061 4261 2221 4314 etiam

645 4385 768 4435 erga
798 4382 919 4421 eum
943 4360 1217 4415 caritatem
1250 4354 1511 4418 exhibuit,
1542 4361 1595 4407 et
1624 4351 1956 4419 splendidam
1980 4353 2094 4420 ejus
2123 4367 2223 4421 po-

644 4459 863 4523 tentiam
894 4448 1221 4522 praedicavit.
1257 4445 1392 4499 Illud
1423 4460 1551 4497 vero
1581 4444 1979 4513 generosissimi
2008 4454 2091 4497 est
2116 4445 2224 4497 ani-

646 4551 754 4614 mi,
805 4539 1186 4616 pliiloSOphica:
1227 4535 1544 4599 sententi-.e,
1611 4535 1911 4603 mentisque
1957 4536 2216 4590 sublimis.

645 4642 778 4699 Nam
810 4655 911 4693 non
955 4632 1150 4696 furari,
1184 4647 1287 4684 non
1320 4629 1589 4693 occidere,
1621 4628 1917 4698 vulgarium
1945 4630 2217 4683 hominum

645 4736 763 4790 est;
805 4721 1026 4777 credere
1067 4732 1194 4769 vero
1242 4713 1384 4784 quod
1431 4714 1781 4783 impossibilia
1829 4716 1997 4783 possit
2049 4717 2218 4781 Deus,

647 4830 838 4888 magno
868 4809 1151 4866 admodum
1181 4807 1360 4861 animo
1388 4814 1537 4875 eget,
1570 4814 1623 4859 et
1648 4820 1770 4875 erga
1821 4806 1993 4875 ipsum
2021 4808 2222 4877 optime

645 4909 837 4964 affecto
863 4922 877 4959 :
903 4903 1101 4960 etenim
1141 4912 1412 4970 germana:
1453 4897 1694 4950 caritatis
1742 4896 1842 4952 hoc
1870 4898 2079 4968 signum
2121 4908 2221 4953 est.

652 5004 815 5055 Detnn
858 5008 1005 5051 certe
1044 4994 1172 5047 colit
1220 4990 1309 5060 qui
1360 4998 1624 5059 praecepta
1676 4989 1899 5058 implet;
1953 4992 2226 5061 multoque

649 5092 816 5162 magis
846 5089 931 5142 hic
952 5076 975 5151 ,’
996 5084 1084 5154 qui
1118 5098 1209 5151 per
1236 5082 1393 5135 ﬁdem
1438 5079 1860 5149 philosophatur.
1892 5078 1984 5134 Ille
2011 5081 2223 5149 quidem

649 5183 750 5254 ipsi
780 5178 1051 5239 obedivit;
1086 5174 1172 5228 hic
1202 5170 1329 5227 \fero
1358 5171 1769 5226 convenientem
1796 5169 1865 5225 de
1896 5172 1985 5226 illo
2013 5172 2223 5240 opinio-

652 5288 772 5328 nem
815 5266 1053 5335 accepit,
1085 5273 1141 5319 et
1181 5263 1350 5333 magis
1376 5278 1534 5332 quam
1588 5278 1681 5330 per
1709 5278 1930 5331 operum
1960 5265 2228 5318 ostensio.

647 5377 772 5417 nem
803 5360 976 5429 ipsum
1020 5355 1336 5424 glorificavit
1381 5362 1435 5407 et
1476 5353 1773 5408 admiratus
1820 5362 1921 5409 est.
1977 5355 2069 5409 Illa
2099 5372 2229 5426 ergo

649 5451 892 5522 gloriatio
922 5455 1065 5499 recte
1107 5443 1377 5511 operantis
1407 5453 1522 5506 cst;
1574 5445 1687 5498 lucc
1715 5460 1845 5500 vero
1875 5447 2038 5500 Deum
2066 5447 2230 5515 glori-

653 5545 775 5597 ﬁcat
797 5581 811 5604 ,
845 5548 1061 5605 tntaque
1103 5533 1267 5601 ipsius
1306 5542 1408 5589 est.
1440 5535 1713 5590 Gloriatur
1740 5538 1880 5591 enim
1904 5580 1916 5601 ,
1950 5540 2087 5608 quod
2120 5555 2230 5594 ma-

651 5651 751 5703 gn:
777 5630 844 5685 de
873 5629 965 5683 illo
993 5624 1259 5693 concipiat
1281 5666 1298 5690 ,
1326 5624 1466 5694 quod
1499 5628 1549 5681 in
1597 5629 1738 5683 illius
1765 5631 2001 5696 gloriam.
2017 5632 2225 5687 transit.

653 5725 774 5786 ideo
799 5720 874 5777 ait
914 5720 1061 5774 illum
1093 5717 1289 5772 habere
1314 5717 1689 5787 gloriationcm
1736 5722 1786 5776 in
1817 5723 1925 5779 Deo
1959 5743 1970 5778 :
2002 5741 2106 5780 non
2134 5725 2231 5781 hac

1353 289 1411 345 S.
1452 218 1727 347 1031‘:le
1763 277 2233 339 CllllYSOSTOMl
2282 276 2593 335 ARCIIIEP.
2616 275 3147 334 CONSTANTINOP.

2302 408 2432 447 vero
2482 393 2689 456 solmn,
2733 393 2827 448 sed
2875 403 2929 447 et
2968 395 3072 448 alia
3119 395 3187 449 de
3235 409 3417 449 causa.
3449 397 3748 453 Gloriatur
3780 415 3800 453 ε

2306 502 2519 541 rursum
2550 486 2719 539 ﬁdelis
2740 527 2753 549 ,
2785 503 2890 541 non
2921 488 3079 542 modo
3107 489 3249 557 quod
3286 490 3448 544 Deum
3476 493 3707 546 sincere
3738 509 3799 545 ar

2307 579 2400 633 sed
2432 580 2571 647 quod
2604 597 2794 647 magno
2820 580 2941 649 ejus
2989 582 3190 637 honore
3214 593 3267 636 et
3293 600 3474 639 amore
3505 585 3760 639 fruatur.

2311 681 2366 725 ut
2394 672 2533 725 enim
2564 672 2677 741 ipse
2706 673 2850 727 illum
2883 675 3113 740 amavit,
3164 690 3352 743 magna
3382 675 3449 729 de
3491 676 3593 729 illo
3650 677 3800 746 itnag

2311 773 2394 817 tus
2425 763 2568 836 (hoc
2588 765 2728 819 enim
2757 768 2957 820 amoris
2981 780 3353 837 argumentum
3382 769 3499 834 est)
3534 787 3546 822 :
3579 771 3667 825 sic
3701 782 3759 824 et
3788 774 3800 823 l

2311 854 2456 908 illum
2480 861 2675 908 amavit
2700 857 2967 911 sexcentis
2996 859 3231 926 peccatis
3258 862 3585 921 obnoxium,
3622 877 3736 915 nec
3766 880 3799 914 ιι

2308 961 2338 999 a
2370 946 2627 1015 supplicio
2655 946 2923 1010 liberavit,
2951 948 3044 1003 sed
3075 950 3237 1003 etiam
3264 950 3469 1020 justum
3495 951 3715 1006 effecit.
3754 954 3794 1006 ll

2310 1037 2466 1106 igitur
2488 1038 2751 1108 gloriandi
2775 1055 3013 1103 causam,
3051 1050 3235 1110 utpote
3263 1042 3350 1111 qui
3384 1059 3579 1113 magna
3614 1044 3787 1097 dilect

2311 1128 2555 1197 dignatus
2585 1129 2673 1182 sit.
2704 1129 2757 1182 5.
2818 1130 2954 1195 Quid
2992 1132 3125 1183 enim
3172 1132 3295 1183 dicit
3336 1132 3665 1202 Scriptura?
3692 1133 3800 1188 Cm

2310 1218 2565 1272 Abraham
2595 1217 2721 1284 Deo,
2748 1232 2793 1273 et
2820 1231 3107 1291 reputatum
3136 1232 3208 1276 est
3250 1224 3327 1276 illi
3352 1223 3419 1276 at!
3437 1225 3737 1293 justitiam.
3775 1226 3800 1279 4

2309 1320 2477 1362 autem
2500 1310 2586 1380 qui
2614 1320 2884 1380 operatur,
2918 1329 3104 1365 merces
3147 1330 3247 1366 non
3293 1314 3583 1383 imputatur
3629 1332 3800 1368 serunt

2308 1402 2557 1472 gratiam,
2604 1404 2692 1454 sed
2719 1403 2991 1455 secundum
3022 1406 3272 1456 meritum.
3316 1404 3457 1475 Ergo
3483 1446 3499 1467 ,
3532 1406 3783 1475 inquies,

2312 1494 2485 1561 majus
2511 1494 2632 1547 est?
2668 1492 3011 1562 Nequaquam
3044 1512 3057 1546 :
3088 1509 3208 1548 nam
3237 1506 3291 1548 et
3317 1496 3561 1549 credenti
3588 1496 3800 1566 imputa

2312 1601 2417 1640 non
2450 1587 2804 1655 imputaretur
2834 1596 3045 1651 autem,
3081 1588 3179 1641 nisi
3223 1588 3336 1657 ipse
3377 1590 3583 1658 aliquid
3616 1592 3800 1643 attulis

2379 1676 2434 1729 2.
2469 1675 2646 1745 Itaque
2678 1676 2762 1729 hic
2794 1677 2952 1732 etiam
3001 1677 3295 1733 debitorem
3344 1679 3503 1733 habet
3548 1680 3727 1734 Deum
3764 1723 3779 1743 ,

2309 1769 2601 1836 vulgarium
2645 1783 2825 1822 rerum
2871 1768 3204 1836 debitorem,
3246 1770 3341 1825 sed
3371 1786 3694 1840 magnarum
3728 1784 3782 1825 et

2312 1859 2574 1913 blimium.
2604 1858 2892 1928 Postquam
2922 1860 3065 1914 enim
3096 1860 3332 1915 ostendit
3371 1861 3512 1915 illius
3544 1863 3713 1915 animi
3738 1877 3797 1915 su

2314 1952 2548 2007 mitatem
2565 1961 2619 2006 et
2640 1952 2971 2021 spiritualem
2997 1963 3249 2020 mentem,
3277 1969 3379 2007 non
3410 1955 3733 2022 simpliciter
3752 1956 3799 2007 di

2311 2040 2582 2105 Credenti,
2603 2043 2717 2105 sed,
2743 2044 2792 2097 ὅ.
2817 2043 3048 2097 Credeuti
3076 2048 3127 2097 iu
3154 2062 3267 2097 eum
3285 2046 3643 2116 quijustiﬁrat
3667 2048 3800 2113 impii

2315 2129 2606 2200 lmputatur
2623 2131 2754 2187 ﬁdes
2781 2132 2944 2203 ipsius
2975 2134 3025 2187 in
3050 2133 3331 2204 justitiam.
3356 2135 3539 2205 COgita
3560 2138 3709 2191 enim
3733 2154 3794 2206 qu

2315 2230 2423 2275 tum
2465 2225 2564 2277 hoc
2596 2224 2684 2288 sit,
2715 2227 2935 2279 credere
2977 2235 3032 2280 et
3056 2228 3338 2281 certiorem
3369 2225 3505 2292 ﬁeri,
3538 2228 3684 2298 quod
3734 2245 3799 2297 νος

2317 2312 2458 2368 Deus
2489 2330 2647 2380 eum,
2679 2317 2767 2385 qui
2804 2316 2854 2369 in
2888 2316 3158 2386 impietate
3216 2317 3443 2384 vixerit,
3474 2330 3698 2388 repente
3724 2336 3800 2372 non

2314 2407 2575 2476 supplicio
2607 2417 2812 2462 tantum
2851 2409 3098 2472 liberare.
3143 2410 3235 2464 sed
3274 2412 3434 2465 etiam
3460 2413 3667 2480 justmn
3696 2414 3800 2466 lace

2315 2508 2369 2553 et
2420 2500 2806 2556 immortalibus
2844 2501 2950 2556 illis
2994 2503 3199 2572 dignari
3249 2502 3564 2557 honoribus.
3604 2505 3681 2558 Ne
3713 2506 3799 2571 itan

2318 2599 2470 2660 putes
2513 2592 2654 2645 hunc
2690 2592 2953 2646 minorem
2984 2609 3105 2647 esse
3126 2635 3140 2660 ,
3169 2594 3419 2665 quoniam
3462 2595 3534 2648 illi
3566 2613 3677 2649 non
3706 2613 3800 2650 sect

2316 2680 2442 2733 dum
2485 2682 2706 2751 gratiam
2752 2683 3061 2752 imputatur.
3110 2684 3223 2739 [loc
3263 2688 3407 2739 enim
3453 2684 3629 2754 ipsum
3676 2688 3787 2741 facit

2320 2770 2491 2826 ﬁdelis
2520 2774 2589 2826 sit
2617 2773 2947 2842 splendidus,
2968 2775 3109 2844 quod
3130 2784 3274 2829 tanta
3300 2774 3507 2829 fruatur
3533 2774 3727 2847 gratia,
3748 2794 3799 2846 qi;

2321 2873 2519 2919 tantam
2569 2866 2818 2921 exhibeat
2876 2867 3056 2923 tidem.
3106 2867 3174 2921 Et
3218 2868 3336 2922 vide
3380 2869 3640 2937 majorem
3687 2884 3800 2939 quo:

2318 2957 2749 3013 retributionem.
2806 2959 2889 3013 llli
2928 2961 3068 3013 enim
3118 2976 3328 3016 merces
3375 2960 3554 3025 datur,
3605 2961 3722 3016 huic
3764 2979 3800 3012 γε

2316 3048 2517 3119 justitia
2552 3067 2565 3102 :
2599 3050 2766 3104 multo
2795 3060 2972 3104 autem
3016 3052 3187 3120 major
3228 3062 3311 3106 est
3337 3053 3542 3121 justitia
3589 3054 3800 3107 lllCl‘CCdt

2322 3143 2513 3196 multas
2543 3145 2737 3213 quippe
2775 3143 3145 3212 complectitur
3183 3145 3389 3213 justitia
3434 3146 3729 3201 mercedes.
3757 3146 3800 3197 (ι

2322 3248 2450 3303 ergo
2480 3250 2545 3287 ex
2574 3233 2881 3289 Abrahamo
2908 3234 3008 3289 hoc
3044 3238 3389 3303 ostendisset,
3425 3238 3674 3291 Davidem
3703 3238 3793 3290 dcit

2324 3324 2525 3378 inducit
2549 3324 2706 3380 dictis
2734 3326 3169 3395 adstipulantem.
3199 3329 3336 3395 Quid
3379 3345 3511 3399 ergo
3550 3331 3678 3385 dicit
3708 3331 3799 3383 Dav

2321 3428 2375 3471 et
2404 3418 2561 3487 quem
2593 3418 2805 3473 beatum
2836 3420 3127 3489 praedicat?
3170 3438 3365 3476 eumne
3413 3424 3502 3492 qui
3546 3424 3601 3477 in
3648 3424 3800 3492 operil

2323 3508 2602 3577 gloriatur,
2634 3525 2701 3565 an
2729 3527 2851 3565 eum
2883 3513 2970 3582 qui
2999 3514 3221 3582 gratiam
3250 3516 3477 3584 accepit,
3502 3531 3564 3569 ac
3594 3519 3677 3587 qui
3705 3532 3797 3570 rem

2324 3600 2529 3654 sionem
2581 3611 2634 3655 ct
2689 3603 2885 3656 donum
2930 3604 3148 3659 sortitus
3186 3605 3309 3659 est?
3345 3605 3725 3661 Beatitudiuem
3765 3621 3800 3659 Cl

2322 3693 2460 3759 dico,
2513 3695 2725 3750 culmen
2774 3696 3031 3750 bonarum
3076 3698 3313 3752 omnium
3365 3699 3510 3753 dico.
3563 3700 3701 3755 Sicut
3746 3718 3797 3753 ea

2326 3787 2574 3841 mercede
2603 3788 2772 3856 major
2796 3799 2878 3843 est
2898 3790 3126 3858 justitia,
3156 3791 3233 3845 sic
3258 3791 3461 3861 justitia
3493 3794 3740 3862 niajorcst
3764 3792 3800 3844 bi

2328 3879 2515 3935 titudo.
2540 3878 2671 3935 Cum
2702 3883 3024 3937 ostendisset
3049 3898 3175 3954 ergo
3194 3885 3456 3953 justitiam
3476 3887 3717 3957 majorem
3738 3901 3800 3937 rs:

2327 3987 2431 4025 non
2465 3972 2603 4041 quod
2630 3973 2897 4027 Abraham
2922 3974 3062 4027 illam
3095 3976 3358 4043 acceperit
3378 3985 3605 4041 tantum,
3626 3976 3706 4031 sed
3727 3978 3799 4029 eti:

2327 4080 2357 4119 a
2405 4064 2696 4119 ratiociniis
2741 4064 2930 4137 (liabet
2975 4066 3104 4120 enim
3146 4067 3523 4136 gloriationem,
3576 4070 3741 4138 inquit,
3782 4083 3800 4119 δ

2328 4174 2428 4211 non
2454 4160 2593 4227 apud
2623 4157 2825 4229 Deum)
2853 4176 2867 4225 ;
2913 4159 3017 4213 alio
3043 4161 3203 4214 etiam
3235 4160 3394 4213 modo
3425 4161 3568 4214 illam
3612 4158 3799 4213 honoral

2328 4250 2517 4305 liorem
2566 4250 2918 4318 demonstrat,
2970 4251 3221 4306 Davidem
3253 4252 3534 4308 adducens
3568 4254 3657 4324 ipsi
3699 4250 3799 4303 sum

2328 4352 2541 4413 gantem
2572 4360 2585 4397 :
2618 4342 2745 4396 Nam
2785 4342 2871 4397 hic
2895 4386 2909 4407 ,
2951 4344 3120 4413 inquit
3142 4386 3156 4409 ,
3208 4360 3329 4398 cum
3358 4346 3448 4415 qui
3492 4345 3562 4399 ita
3586 4346 3800 4413 justilicat

2329 4445 2411 4489 est
2437 4435 2648 4489 beatum
2683 4435 2933 4504 praedicat
2972 4435 3054 4489 his
3084 4436 3259 4489 verbis
3290 4454 3302 4489 ε
3330 4438 3383 4491 7.
3414 4435 3558 4490 Beati
3584 4450 3800 4506 quantum

2331 4528 2498 4580 missa!
2536 4538 2651 4581 sunt
2677 4528 2963 4598 iniquitates
2991 4528 3009 4600 (
3037 4526 3179 4580 Prol.
3206 4529 3293 4583 51.
3327 4530 3349 4582 1
3379 4533 3419 4597 ).
3454 4532 3532 4584 Ac
3555 4530 3738 4582 videtur
3756 4542 3799 4593 qr

2327 4621 2449 4677 dem
2498 4637 2604 4674 non
2645 4636 2945 4690 congruens
2995 4621 3354 4674 testiinonium
3402 4623 3633 4691 proferre
3669 4638 3681 4673 :
3714 4634 3792 4686 neq

2331 4715 2473 4767 cutim
2501 4714 2655 4780 dixit,
2692 4714 2836 4768 Beati
2865 4729 3090 4784 quorum
3124 4713 3257 4768 ﬁdes
3284 4716 3334 4767 in
3374 4716 3627 4793 justitiam
3654 4722 3799 4782 reputa

2331 4816 2416 4861 est
2444 4824 2456 4860 :
2494 4806 2542 4859 id
2574 4807 2716 4875 quod
2776 4808 2862 4861 ille
2915 4808 3145 4877 prudens
3176 4807 3344 4873 facit,
3391 4824 3499 4863 non
3528 4810 3769 4879 ignorans,

2335 4896 2591 4965 majorem
2614 4897 2861 4951 ostendat
2882 4897 3228 4968 hyperbolen.
3254 4899 3308 4953 Si
3331 4900 3475 4954 enim
3490 4900 3659 4955 beatus
3679 4908 3742 4953 est
3761 4898 3799 4949 hi

2334 4990 2425 5059 qui
2468 4990 2841 5045 remissionem
2885 4991 3093 5067 accepit
3122 5006 3217 5060 per
3235 4992 3503 5061 gratiam;
3548 4994 3693 5047 multo
3713 5004 3800 5055 mag

2335 5084 2425 5152 qui
2460 5082 2784 5151 justiﬁcatns
2826 5090 2930 5148 est,
2964 5083 3054 5153 qui
3092 5082 3251 5137 ﬁdem
3300 5084 3553 5139 exhibuit.
3587 5085 3669 5140 Ubi
3700 5092 3800 5135 autc:

2338 5177 2660 5232 beatiﬁcatio
2688 5185 2771 5231 est
2794 5216 2808 5240 ,
2838 5176 3072 5232 dedecus
3095 5190 3255 5241 omne
3280 5178 3543 5232 sublatum
3568 5187 3665 5240 est,
3687 5184 3729 5230 et
3748 5185 3800 5225 nu

2340 5283 2439 5338 gna
2471 5277 2554 5322 est
2580 5268 2746 5339 gloria
2778 5286 2792 5322 :
2825 5283 2946 5323 nam
2994 5268 3313 5323 beatiﬁcatio
3358 5278 3666 5339 augmentum
3701 5275 3761 5320 est
3788 5279 3800 5314 t

2338 5359 2602 5413 mercedis
2625 5367 2677 5413 et
2702 5359 2904 5428 gloria}.
2935 5358 3272 5429 QuaprOpter
3301 5359 3352 5413 id
3377 5401 3392 5423 ,
3437 5361 3483 5413 in
3520 5375 3611 5427 quo
3638 5358 3705 5411 ille
3730 5366 3800 5424 pra

2338 5461 2463 5514 stat,
2499 5467 2601 5505 non
2632 5452 2834 5519 scripto
2863 5451 3118 5521 exprimit
3146 5466 3269 5506 cum
3315 5451 3443 5505 dicit
3470 5472 3481 5506 :
3514 5452 3569 5505 Ei
3603 5452 3708 5504 enim
3728 5489 3737 5509 ,
3758 5461 3800 5517 qn

2339 5555 2611 5613 aperatur,
2657 5559 2843 5597 merces
2889 5560 2990 5597 non
3032 5545 3311 5613 imputatur
3344 5543 3591 5596 secundum
3626 5540 3787 5611 gratiam

2346 5636 2474 5691 illud
2505 5651 2652 5701 vero,
2686 5637 2738 5690 in
2767 5652 2873 5706 quo
2918 5636 3090 5692 ﬁdelis
3123 5638 3372 5706 pra‘cellit
3392 5677 3405 5701 ,
3432 5651 3491 5690 ex
3517 5637 3680 5705 scripto
3704 5626 3791 5684 testi

2343 5732 2522 5785 mutiio
2548 5729 2737 5798 probat
2777 5729 2960 5785 dicens
2992 5747 3004 5783 :
3037 5730 3181 5785 Sicut
3210 5729 3337 5784 dixit
3362 5728 3513 5782 David
3533 5744 3551 5781 :
3572 5725 3800 5789 Bmti,qur
