3934 6212
121 353 211 408 857

122 480 225 519 rem
244 459 475 516 remisse
497 464 614 511 sunt
637 454 929 525 iniquitates
964 460 1009 507 et
1039 465 1255 520 quorum
1282 458 1411 504 tecta
1436 458 1553 501 sunt
1580 461 1697 516 pec-

122 562 244 609 cata.
274 549 421 618 Quid
449 548 593 602 enim
616 544 750 600 dicit
782 584 800 612 ,
834 542 1060 613 inquies,
1100 540 1243 611 quod
1273 554 1377 593 non
1406 538 1698 594 secundum

124 643 370 703 debitum,
389 637 487 693 sed
502 636 794 692 secundum
812 632 1037 703 gratiam
1048 630 1424 686 remissionem
1437 628 1699 697 accipias?

127 733 221 789 Sed
240 746 390 795 ecce,
414 728 501 783 hic
522 736 606 782 est
633 727 725 796 qui
750 724 1085 779 bentiticatur
1115 738 1129 775 :
1162 736 1268 775 non
1296 720 1513 774 beatum
1535 719 1700 775 dixis-

127 831 200 879 set
231 831 410 875 autem
432 858 447 881 ,
478 817 581 871 nisi
622 816 770 870 illum
817 813 1021 867 videret
1043 812 1215 880 gloria
1246 810 1352 864 frui
1382 810 1565 864 multa.
1593 808 1703 864 Nec

129 914 276 977 dicit,
314 908 586 965 Remissio
612 916 793 961 autem
822 905 937 958 brec
965 903 1016 957 iu
1047 902 1556 964 circumcisionem;
1598 900 1695 954 sed

129 1001 281 1069 quid?
322 1000 377 1054 9.
426 997 698 1055 Betuitudo
727 1004 892 1049 autem
924 994 1031 1047 luet:
1057 993 1241 1063 (quod
1282 992 1456 1061 majus
1495 992 1615 1060 est)
1646 994 1699 1044 in

129 1092 565 1155 eirwneiss'ouem,
586 1106 656 1141 an
681 1089 733 1140 in
747 1086 1054 1157 ρνωριιιὶιιηι
1071 1086 1096 1138 .9
1118 1086 1384 1151 Qtueritur
1403 1084 1545 1138 enim
1565 1083 1705 1138 dein:

130 1200 263 1252 ceps,
291 1193 473 1236 utrum
507 1180 608 1235 hoc
644 1179 844 1234 bonum
887 1188 941 1230 et
969 1191 1222 1245 magnum
1250 1189 1381 1241 cum,
1412 1173 1702 1228 circumci-

133 1274 267 1327 sione
289 1286 361 1325 an
392 1285 522 1325 cum
574 1268 838 1337 praeputio
865 1266 1143 1320 consistat.
1177 1264 1245 1318 Et
1272 1263 1394 1317 vide
1440 1261 1706 1332 hyperbo-

134 1363 208 1416 len
235 1379 248 1415 :
274 1359 519 1415 ostendit
546 1359 690 1413 cnim
736 1355 862 1409 illud
895 1368 1000 1409 non
1046 1355 1219 1408 solum
1247 1368 1353 1408 non
1382 1369 1412 1406 a
1444 1352 1706 1423 praeputio

136 1453 427 1517 removeri,
485 1449 583 1504 sed
622 1450 853 1503 libenter
902 1461 1025 1501 cum
1092 1446 1185 1500 illo
1235 1445 1534 1500 consistere
1582 1453 1707 1500 ante

136 1544 610 1599 circumcisionem.
660 1537 1103 1607 Quandoquidem
1145 1536 1235 1606 qui
1290 1537 1502 1590 beatum
1543 1534 1707 1600 dicit,

140 1651 319 1703 nempe
349 1632 545 1696 David,
570 1630 917 1686 circumcisus
937 1638 1072 1692 erat,
1094 1637 1149 1682 et
1168 1628 1511 1681 circumcisus
1532 1626 1711 1679 disse-

139 1727 291 1790 rebat,
320 1724 448 1779 vide
485 1736 648 1791 quam
698 1719 965 1774 studuerit
992 1718 1189 1773 Paulus
1231 1716 1432 1772 dictum
1463 1715 1593 1769 illud
1636 1714 1705 1768 ad

140 1814 497 1885 prsputiatum
527 1813 745 1867 ducere.
775 1809 909 1865 Cum
935 1809 1078 1863 enim
1100 1807 1325 1877 justitia:
1354 1805 1703 1862 beatiﬁcatio-

143 1924 249 1961 netu
268 1907 553 1975 iunxisset,
579 1901 1014 1971 ostendissetque
1041 1909 1331 1969 utrumque
1354 1913 1519 1953 unum
1543 1911 1665 1953 esse
1687 1912 1704 1962 ;

142 2000 315 2069 quaerit
353 1996 634 2068 quomodo
669 1993 991 2064 iustiﬁcatus
1031 1993 1102 2047 sit
1142 1991 1432 2047 Abraham.
1466 1991 1525 2047 Si
1568 1990 1712 2045 enim

143 2087 399 2143 beatitudo
446 2086 577 2155 justi
615 2095 720 2149 est,
748 2092 808 2143 et
844 2082 1112 2138 Abraham
1146 2082 1467 2150 justilicatus
1504 2088 1608 2147 est,
1636 2079 1717 2133 vi-

141 2178 347 2231 deamus
378 2173 654 2245 quomodo
674 2172 994 2242 justiﬁcatus
1022 2173 1129 2237 sit,
1158 2188 1226 2225 an
1268 2186 1389 2226 cum
1433 2171 1717 2240 praeputia-

146 2279 235 2331 tus,
266 2283 333 2321 an
382 2282 507 2320 cum
550 2264 901 2319 circumcisus
943 2272 1108 2318 esset.
1163 2262 1299 2316 Cum
1349 2264 1715 2331 przeputiatus,

144 2358 322 2428 inquit.
353 2356 442 2411 ιθ.
477 2355 742 2422 Quomodo
772 2370 889 2424 ergo
913 2362 1203 2423 reputatum
1242 2361 1314 2406 est
1339 2352 1384 2405 ei
1402 2352 1428 2405 ?
1449 2351 1716 2404 circuitci-

146 2464 258 2501 σου
287 2465 355 2501 an
387 2446 695 2515 prwputiato
716 2445 741 2497 2’
763 2442 886 2498 Non
910 2444 1231 2507 circumciso,
1258 2442 1348 2495 sed
1375 2442 1676 2511 prwputiato
1700 2455 1719 2493 :

147 2538 346 2592 dicimus
398 2539 537 2593 enim
558 2576 575 2603 ,
600 2535 737 2606 quod
762 2535 1012 2603 imputata
1040 2543 1114 2589 est
1152 2533 1370 2587 Abraha:
1401 2532 1527 2600 ﬁdes
1551 2532 1605 2585 in
1626 2534 1719 2601 ju-

147 2630 343 2681 stitiam.
391 2627 652 2696 Superius
680 2641 744 2680 ex
775 2624 1054 2693 Scriptura
1095 2624 1348 2693 loquutus
1380 2623 1560 2692 (Quid
1588 2623 1723 2677 enim

147 2720 211 2771 ait
231 2718 501 2788 Scriptura
518 2718 546 2771 ἒ
563 2717 726 2772 dicit:
748 2714 975 2773 Credidit
1000 2714 1256 2771 Abraham
1284 2713 1419 2781 Deo,
1445 2725 1492 2769 et
1514 2724 1722 2783 reputa-

150 2821 247 2865 ιιιικ
273 2820 342 2864 est
364 2810 451 2864 illi
475 2810 527 2861 iu
553 2807 884 2879 justitiam),
912 2806 1001 2861 hic
1035 2806 1365 2875 loquentium
1392 2793 1605 2875 quoque
1630 2806 1721 2873 ju-

152 2900 332 2956 dicium
366 2902 619 2965 assumit,
667 2908 722 2954 et
768 2897 1006 2955 ostendit
1053 2897 1108 2951 ιιι
1148 2896 1411 2967 praeputio
1460 2896 1725 2966 justitiam

464 2994 670 3051 Deinde
699 2993 825 3048 hinc
865 2992 1224 3061 objectionem
1265 2992 1423 3045 aliam
1453 2990 1727 3060 insurgen-

154 3099 249 3143 teut
272 3090 437 3143 solvit
469 3106 482 3141 :
513 3089 571 3143 Si
598 3088 744 3142 enim
776 3086 1122 3156 praeputiatus
1155 3099 1277 3139 cum
1317 3093 1484 3147 esset,
1518 3082 1725 3153 inquit,

149 3181 462 3248 justiﬁestus
517 3186 639 3241 est,
685 3192 782 3231 cur
827 3176 1166 3230 circumcisio
1219 3175 1548 3243 introgressa
1609 3173 1730 3227 eSt?

155 3270 233 3325 il.
257 3271 479 3339 Signum
501 3268 713 3337 accepit,
738 3266 924 3334 inquit,
952 3275 998 3318 et
1023 3265 1586 3339 signaculumjnstititg,
1615 3278 1728 3333 qua:

152 3374 224 3416 est
244 3334 335 3431 per:
355 3362 542 3429 ﬁdem,
582 3334 695 3428 qum
722 3373 836 3411 cum
881 3357 1210 3426 prteputiatus
1235 3365 1382 3422 esset,
1424 3334 1587 3409 inerat
1613 3354 1732 3423 ipsi.

161 3452 391 3507 \‘idistiu’
421 3460 485 3509 ut
512 3450 807 3505 ostenderit
829 3447 1043 3502 Judzeos
1088 3446 1240 3517 quasi
1280 3448 1332 3500 in
1379 3446 1733 3516 parasitormu

155 3541 333 3598 ordine
390 3556 543 3606 esse,
593 3540 676 3594 vel
726 3538 872 3608 ipsos
926 3537 1275 3607 praeputiatos
1324 3537 1453 3606 ipsis
1498 3536 1738 3606 adjectus

156 3635 352 3689 tuisse?
402 3632 463 3687 Si
508 3630 654 3686 enim
683 3630 771 3685 ille
816 3630 1158 3697 praeputiatus
1203 3628 1522 3697 justiticatus
1559 3634 1641 3681 est
1684 3633 1741 3680 et

156 3737 463 3792 coronatus,
490 3732 782 3793 posteaque
804 3721 1267 3776 circumcisionem
1292 3719 1515 3788 accepit,
1535 3726 1741 3787 postre-

160 3834 341 3887 maque
369 3816 554 3872 Judaei
586 3812 898 3883 introgressi
941 3820 1067 3865 sunt
1094 3827 1108 3863 :
1138 3823 1266 3881 ergo
1296 3810 1739 3879 praeputiatorum

162 3910 324 3976 primo
355 3918 515 3977 pater
542 3918 629 3960 εει
655 3904 925 3958 Abraham
945 3942 961 3965 ,
1008 3917 1216 3966 eorum,
1247 3902 1482 3970 inquam,
1527 3900 1618 3969 qui
1648 3912 1745 3967 per

163 3998 313 4054 fidem
340 3997 567 4067 cognati
590 3996 712 4063 ejus
736 4002 863 4051 sunt
887 4034 902 4057 ,
928 4001 985 4048 et
1011 4002 1137 4047 tunc
1163 4007 1351 4046 eorum
1376 4031 1391 4057 ,
1422 3990 1513 4060 qui
1541 3989 1596 4043 in
1638 3989 1747 4042 cir-

164 4090 488 4145 cumcisione
516 4096 676 4141 erant
707 4103 719 4138 :
747 4084 940 4154 duplex
967 4085 1111 4139 enim
1137 4092 1219 4137 est
1238 4082 1567 4151 progenitor.
1597 4080 1747 4134 Vidi-

163 4180 277 4233 stin‘
304 4181 474 4234 ﬁdem
516 4175 926 4245 splendentem?
962 4176 1143 4229 Donec
1186 4174 1331 4228 enim
1363 4173 1453 4226 illa
1496 4171 1745 4237 accessit,

166 4272 471 4337 patriarcha
518 4269 613 4323 ille
641 4283 746 4321 non
767 4264 1092 4335 jnstilicatus
1121 4273 1224 4320 est.
1253 4262 1498 4319 Vidistin‘
1529 4277 1747 4333 praepu-

164 4364 286 4416 tium
310 4360 766 4431 impedimentum
794 4373 898 4411 non
925 4356 1157 4412 aﬁerre?
1181 4355 1314 4411 Nam
1345 4358 1435 4411 ille
1465 4355 1749 4425 praeputia-

166 4464 243 4507 ωε
268 4463 413 4517 erat,
436 4466 548 4508 nec
575 4450 854 4521 impedivit
878 4449 1007 4503 illud
1033 4448 1319 4519 quominus
1344 4448 1748 4517 justiﬁcarctur.

164 4544 287 4601 Fide
309 4561 449 4615 ergo
482 4542 753 4613 posterior
779 4549 865 4596 est
900 4540 1255 4596 circumcisio.

228 4636 281 4691 3.
313 4637 381 4690 Et
400 4634 542 4705 quid
567 4631 805 4694 miraris,
823 4632 869 4686 si
894 4630 1001 4686 ﬁde
1022 4631 1289 4700 posterior
1306 4630 1377 4685 sit
1396 4629 1750 4695 circumcisio,

167 4725 379 4793 quando
406 4734 471 4780 et
501 4723 766 4793 pra-patio
807 4721 1062 4791 quoque?
1104 4720 1213 4775 Nec
1256 4718 1521 4789 posterior
1552 4726 1753 4772 tantum

165 4825 242 4869 est
260 4816 391 4880 ﬁde,
422 4815 529 4870 sed
551 4814 713 4867 etiam
744 4812 1031 4868 admodum
1061 4812 1281 4867 inferior
1304 4851 1318 4875 ,
1350 4821 1405 4865 et
1434 4820 1581 4865 tanto
1608 4810 1749 4865 infe-

164 4907 285 4974 rior,
303 4916 528 4977 quanto
554 4905 767 4975 signum
798 4919 856 4957 re
881 4904 1178 4973 signiﬁcata
1202 4902 1425 4958 inferius
1450 4912 1533 4957 est
1560 4919 1573 4958 :
1606 4902 1757 4957 verbi

162 5000 347 5063 gratia,
381 5003 598 5067 quanto
620 4994 829 5063 insigne
850 4994 1035 5049 militis
1062 4993 1285 5048 inferius
1310 5003 1391 5047 est
1415 4993 1601 5047 milite.
1625 4991 1757 5060 Cur,

164 5090 387 5159 inquies,
422 5086 711 5155 signaculo
736 5084 965 5153 egebat?
994 5082 1113 5139 Non
1134 5085 1247 5153 ipse
1271 5085 1479 5153 egebat.
1506 5083 1614 5138 Cur
1630 5099 1759 5153 ergo

164 5178 289 5232 illud
333 5176 563 5245 accepit
585 5180 610 5229 Ἰ
640 5174 711 5230 Ut
734 5184 880 5231 esset
908 5185 1062 5245 pater
1105 5177 1404 5231 communis
1428 5176 1761 5229 credentium

162 5283 253 5337 per
275 5269 640 5341 perputimn,
669 5277 726 5323 et
748 5283 934 5323 eorum
956 5270 1043 5338 qui
1072 5269 1126 5323 in
1143 5267 1551 5323 circumcisione
1574 5277 1759 5334 erant;

160 5364 251 5418 sed
289 5380 404 5419 non
450 5362 778 5431 simpliciter
827 5377 1042 5431 eorum,
1084 5363 1175 5434 qui
1226 5364 1278 5417 in
1318 5362 1761 5429 circumcisione;

165 5456 279 5511 ideo
304 5456 625 5529 subiungit,
658 5454 780 5509 Non
804 5457 869 5511 iis
894 5466 1125 5524 tantum,
1156 5458 1243 5527 qui
1268 5473 1330 5511 ex
1360 5456 1759 5511 circumcisione.

166 5550 217 5603 ει
240 5552 393 5606 alios
424 5549 877 5619 praeputiatorunt
904 5591 919 5616 ,
949 5566 1054 5604 non
1083 5554 1206 5620 quia
1238 5552 1583 5621 prchutiatus
1626 5556 1761 5615 erat,

166 5642 279 5697 Ideo
306 5654 476 5713 pater
503 5648 615 5704 est,
644 5641 743 5694 etsi
767 5642 821 5695 in
853 5642 1111 5711 pra-potio
1129 5642 1450 5711 justiticatus
1474 5684 1488 5708 ,
1526 5642 1618 5695 sed
1644 5641 1763 5710 quia

168 5738 234 5789 illi
278 5737 457 5791 ιομιιεω
490 5731 621 5801 ejus
644 5742 769 5789 sunt
792 5732 1027 5787 aemulati
1063 5750 1076 5787 :
1109 5734 1277 5790 multo
1323 5735 1500 5790 minus
1526 5735 1759 5788 circum-

518 5841 787 5903 Ps'rnoc.
836 5842 949 5901 (in.
1008 5843 1133 5903 LX.

1200 338 1267 394 IN
1306 336 1522 393 EPIST.
1568 337 1659 392 AD
1699 335 1861 391 ιιοιι.
1904 335 2138 392 ΗΟΜΙΙι.
2183 335 2315 391 \‘lll.

3280 337 3384 392 458

1806 446 2063 513 cisorum,
2114 446 2238 501 licet
2266 446 2611 502 circumcisus
2642 446 2745 513 sit,
2776 448 3086 516 progenitor
3113 449 3235 512 erit,
3276 450 3379 504 nisi

1805 537 1936 593 lides
1950 538 2257 592 accesserit.
2285 538 2757 593 Circumcisionem
2776 539 2916 593 enim
2939 540 3162 611 accepit,
3189 540 3381 611 inquit,

1806 637 1863 681 ut
1892 628 2104 698 utrique
2134 628 2280 682 illum
2309 628 2632 682 haberemus
2658 630 3078 699 progenitorcm,
3110 646 3211 686 nec
3237 649 3377 701 pra:-

1806 717 1989 787 pntiati
2044 719 2390 774 circumcisus
2446 720 2737 788 expellant.
2796 720 2928 775 Vide
2974 729 3245 791 quomodo
3304 724 3381 779 illi

1807 812 1977 881 ipsum
2025 812 2415 882 progenitorem
2448 814 2601 882 primi
2629 812 2933 867 habuerint.
2982 816 3035 869 Si
3083 827 3258 870 autem
3291 834 3388 871 ve-

1808 903 2042 958 neranda
2068 905 2404 959 circumcisio
2428 914 2531 967 est,
2562 904 2681 972 quia
2698 904 2956 972 justitiam
2978 908 3249 973 praedicat,
3277 923 3385 964 no:i

1808 1008 2026 1062 parvam
2074 995 2387 1064 prmputium
2418 995 2821 1063 prmrogativam
2856 995 3015 1051 habet
3043 1036 3056 1058 ,
3090 998 3231 1066 quod
3264 1008 3391 1051 ante

1809 1087 2270 1141 circumcisionem
2300 1087 2566 1157 acceperit
2595 1088 2773 1142 ﬁdem.
2808 1089 2958 1143 Tunc
3004 1090 3152 1143 illum
3186 1092 3389 1159 poteris

1811 1177 2204 1245 progenitorem
2234 1177 2431 1232 habere
2461 1218 2474 1243 ,
2506 1193 2626 1233 cum
2660 1179 2707 1231 in
2738 1178 2857 1232 ﬁdei
2890 1179 3124 1250 vestigiis
3154 1181 3389 1247 incedes,

1810 1281 1985 1337 neque
2026 1268 2318 1321 contendes
2368 1268 2452 1321 vel
2485 1266 2889 1325 tnmultuaberis
2938 1271 3106 1343 legem
3144 1272 3387 1325 introdu-

1809 1370 1955 1410 cens.
1988 1356 2180 1422 Quam,
2233 1372 2437 1427 qiimso,
2486 1358 2642 1413 ﬁdem
2688 1359 2865 1423 dicis?
2896 1362 2981 1416 1‘2.
3038 1363 3164 1428 Qua:
3219 1374 3291 1416 est
3339 1365 3391 1417 in

1813 1451 2079 1517 pratputio.
2113 1448 2317 1504 Rursus
2344 1450 2647 1504 Judicorum
2672 1452 2861 1507 fastum
2890 1454 3149 1523 reprimit,
3175 1454 3393 1523 jostitia:

1818 1547 2026 1607 tempus
2058 1539 2108 1591 in
2139 1541 2450 1593 memoriam
2481 1555 2759 1594 revocans.
2782 1541 2846 1594 Et
2871 1543 3007 1597 bene
3028 1544 3181 1609 dixit,
3224 1543 3388 1598 Vesti-

1812 1627 1929 1697 giis,
1963 1636 2021 1681 ut
2056 1628 2276 1696 perinde
2323 1638 2481 1698 atque
2510 1630 2598 1683 ille
2637 1630 2825 1685 credas
2852 1632 2905 1685 in
2936 1635 3388 1688 resurrectionem

1812 1734 2094 1787 corporum
2133 1730 2485 1775 mortuorum.
2530 1721 2741 1777 Etenim
2797 1724 2887 1779 ille
2915 1725 3054 1779 circa
3101 1726 3241 1780 hanc
3277 1741 3390 1781 rem

1815 1809 1975 1865 ﬁdem
2030 1811 2293 1867 exhibuit.
2349 1811 2534 1881 Itaque
2584 1813 2629 1866 si
2680 1815 2995 1883 praeputium
3028 1815 3199 1885 cjicis,
3249 1816 3398 1872 disce

1815 1901 1959 1955 clare
1992 1941 2006 1965 ,
2035 1901 2170 1954 nihil
2202 1902 2296 1957 tibi
2322 1918 2389 1957 ex
2412 1904 2821 1960 circumcisione
2852 1906 3092 1961 utilitatis
3116 1908 3396 1964 accedere.

1816 1991 1927 2047 Nisi
1957 1994 2098 2046 enim
2128 1993 2247 2047 ﬁdei
2289 1994 2523 2064 vestigiis
2554 1996 2767 2050 insistas
2795 2038 2808 2061 ,
2842 1998 3049 2051 etiamsi
3078 1999 3271 2055 millies
3296 2000 3402 2054 cir-

1817 2085 2084 2138 cumcisus
2100 2099 2268 2149 esses,
2293 2100 2397 2139 non
2438 2100 2586 2141 esses
2613 2102 2681 2141 ex
2720 2088 2947 2141 Abralne
2972 2089 3091 2142 liliis
3115 2110 3127 2143 :
3156 2090 3400 2158 quando-

1817 2177 2031 2246 quidem
2062 2177 2182 2231 ideo
2214 2178 2301 2231 illc
2330 2178 2791 2233 circumcisionem
2817 2182 3057 2249 accepit,
3086 2198 3153 2236 ne
3179 2193 3229 2237 te
3261 2200 3399 2252 pra--

1819 2266 2052 2335 putiatus
2079 2266 2318 2335 cjiceret.
2348 2266 2425 2321 Ne
2470 2277 2523 2321 tu
2574 2283 2785 2337 quoque
2832 2268 2881 2321 id
2932 2270 2998 2323 ab
3048 2270 3137 2323 illo
3168 2271 3399 2340 exigas:

1822 2354 1873 2408 id
1919 2356 2063 2408 enim
2106 2355 2197 2410 tibi
2244 2356 2442 2410 auxilio
2476 2355 2598 2421 fuit,
2655 2372 2759 2410 non
2817 2358 2890 2411 illi
2932 2360 3055 2413 erit.
3105 2359 3209 2414 Sed
3250 2361 3400 2428 illud,

1821 2446 1993 2516 inquit
2020 2488 2032 2510 ,
2064 2448 2271 2517 signum
2294 2447 2514 2515 justitia:
2538 2456 2640 2503 est.
2673 2447 2740 2501 Et
2770 2446 2872 2502 hoc
2902 2458 3115 2517 propter
3139 2459 3210 2511 te,
3238 2465 3400 2519 quau-

1821 2538 2105 2608 doquidem
2138 2553 2281 2593 nunc
2312 2554 2485 2608 neque
2511 2538 2613 2592 hoc
2638 2548 2723 2593 est
2748 2555 2761 2591 :
2788 2548 2917 2593 tunc
2958 2542 3102 2594 enim
3132 2550 3185 2593 tu
3215 2556 3407 2610 corpo-

1824 2629 1933 2685 reis
1961 2630 2237 2698 indigebas
2266 2629 2466 2698 signis;
2501 2644 2644 2683 nunc
2670 2644 2774 2683 non
2803 2644 2938 2699 opus
2960 2630 3064 2684 illis
3087 2640 3188 2685 est.
3214 2631 3347 2685 Num
3375 2647 3407 2686 a

1826 2720 1963 2784 ﬁde,
2011 2720 2253 2790 inquies,
2302 2729 2508 2789 poterat
2537 2720 2653 2788 ejus
2700 2721 2892 2775 anima:
2940 2721 3107 2776 virtus
3150 2723 3410 2791 agnosci?

1827 2814 2041 2868 Poterat
2065 2814 2267 2881 utique,
2296 2812 2389 2866 sed
2421 2821 2474 2865 tu
2500 2812 2696 2880 egebas
2733 2811 2835 2865 hoc
2865 2812 3250 2866 additamento.
3274 2813 3407 2880 Quis

1827 2904 1967 2961 enim
1996 2904 2187 2957 animm
2230 2904 2487 2957 virtutem
2520 2917 2625 2956 non
2652 2904 2935 2957 minulzitus
2962 2918 3020 2957 es
3040 2946 3054 2967 ,
3089 2919 3187 2957 nec
3227 2904 3408 2958 videre

1831 2995 2069 3065 potuisti,
2090 2994 2210 3048 data
2240 3001 2321 3047 est
2355 2994 2453 3047 tibi
2480 2993 2749 3047 sensibilis
2787 2994 3147 3059 circumcisio,
3177 3004 3234 3048 ut
3266 3005 3413 3063 post-

1830 3102 1985 3156 quam
2010 3086 2061 3139 in
2095 3085 2198 3139 hac
2227 3100 2285 3138 re
2314 3098 2573 3153 corporea
2603 3084 2926 3139 exercitatus
2953 3100 3121 3150 esses,
3155 3086 3409 3155 paulatim

1832 3178 1897 3231 ad
1948 3177 2109 3230 animi
2159 3176 2555 3246 philosophiam
2604 3175 2901 3243 ducereris,
2949 3187 3108 3247 atque
3155 3178 3243 3231 illa
3289 3193 3410 3233 cum

1834 3268 2011 3322 studio
2038 3280 2229 3335 magno
2257 3274 2501 3335 excepta,
2531 3274 2591 3319 ut
2620 3267 2848 3319 maxima
2879 3266 3159 3337 dignitate,
3188 3268 3414 3324 docere-

1835 3360 1909 3414 ris
1960 3357 2153 3411 imitari
2194 3365 2248 3410 et
2272 3357 2514 3410 venerari
2545 3357 2963 3429 progenitorem.
3007 3358 3171 3427 quue
3211 3374 3315 3413 non
3360 3359 3415 3412 in

1836 3446 2246 3502 circumcisione
2275 3446 2436 3500 modo
2463 3446 2603 3500 Deus
2632 3447 2883 3512 instituit,
2910 3448 3006 3502 sed
3036 3449 3198 3502 etiam
3220 3450 3270 3502 in
3296 3448 3415 3503 aliis

1839 3544 2106 3607 omnibus,
2139 3552 2196 3596 ut
2218 3543 2272 3596 in
2302 3541 2604 3607 sacrificiis,
2634 3541 2685 3594 in
2712 3541 2950 3595 sabbatis
2976 3550 3031 3595 et
3058 3540 3227 3595 festis.
3257 3541 3413 3609 Quod

1840 3644 2014 3687 autem
2048 3643 2262 3702 prepter
2292 3641 2342 3687 te
2380 3632 2840 3688 circumcisionem
2890 3633 3179 3700 acceperit,
3211 3632 3332 3687 audi
3362 3634 3416 3688 in

1842 3725 2186 3795 sequentibus
2216 3742 2227 3776 :
2254 3740 2373 3776 cum
2400 3724 2630 3779 dixisset
2670 3727 2814 3777 enim
2842 3724 3013 3793 ipsum
3044 3724 3314 3792 accepisse
3342 3724 3421 3779 si-

1844 3830 2003 3885 gnum
2030 3823 2083 3868 et
2103 3814 2449 3883 signaculum,
2469 3828 2681 3865 causam
2708 3814 2943 3881 apponit,
2968 3812 3153 3867 dicens
3180 3830 3199 3871 :
3233 3811 3301 3868 Ut
3318 3815 3426 3883 ipse

1846 3919 1972 3962 esset
1999 3916 2139 3975 pater
2159 3904 2573 3968 circumcisionis,
2599 3905 2663 3957 iis
2692 3904 2783 3969 qui
2813 3902 2956 3955 illam
2980 3904 3307 3971 spiritualem
3330 3918 3427 3958 as-

1847 4011 2090 4054 sumunt:
2138 3997 2181 4052 si
2222 3996 2362 4051 enim
2414 3996 2551 4049 hanc
2591 3995 2762 4049 solum
2822 3994 3090 4058 habueris,
3148 3994 3280 4048 nihil
3329 3995 3426 4050 tibi

1848 4091 1967 4161 plus
1995 4088 2228 4143 accedet.
2258 4086 2393 4141 Nam
2440 4096 2567 4140 tunc
2605 4086 2814 4155 signum
2852 4093 2934 4138 est
2957 4125 2971 4147 ,
3003 4098 3125 4139 cum
3167 4085 3278 4154 ipsa
3337 4099 3427 4139 res

1850 4180 2001 4251 cujus
2025 4189 2107 4235 est
2134 4180 2341 4249 signum
2369 4218 2384 4243 ,
2415 4176 2552 4246 apud
2582 4186 2633 4230 te
2658 4175 2982 4242 conspicitur
3008 4216 3023 4241 ,
3064 4174 3115 4228 id
3144 4184 3226 4228 est
3255 4174 3421 4237 ﬁdes;

1853 4271 1923 4326 ita
1953 4280 2009 4325 ut
2029 4272 2069 4324 si
2101 4270 2235 4324 hanc
2263 4284 2364 4322 non
2390 4268 2608 4331 habeas,
2640 4267 2846 4336 signum
2876 4280 2983 4319 non
3013 4265 3180 4336 possit
3206 4265 3431 4320 ulterius

1854 4364 2060 4433 signum
2086 4378 2225 4417 esse.
2250 4362 2411 4429 Cujus
2439 4361 2579 4414 enim
2605 4360 2706 4413 erit
2727 4358 2979 4429 signum?
3005 4356 3155 4426 cujus
3182 4358 3430 4427 signacu-

1857 4456 1991 4522 lum,
2015 4471 2135 4509 eum
2166 4469 2271 4508 non
2298 4455 2366 4506 sit
2394 4453 2485 4522 qui
2515 4450 2826 4520 obsignetur
2845 4450 2869 4503 ’ἒ
2888 4464 2951 4504 ac
2980 4449 3023 4503 si
3055 4448 3209 4504 nobis
3226 4463 3433 4504 marsu-

1856 4548 2000 4619 pium
2030 4546 2339 4600 ostenderes
2381 4544 2534 4612 signo
2565 4543 2823 4596 munitum
2847 4584 2862 4607 ,
2894 4542 2945 4595 in
2968 4556 3073 4611 quo
3102 4541 3234 4595 nihil
3264 4550 3427 4598 esset.

1858 4638 2039 4707 Itaque
2072 4636 2291 4691 ridicula
2320 4634 2658 4688 circumcisio
2686 4642 2768 4686 est
2793 4673 2807 4699 ,
2839 4646 2959 4685 cum
2989 4631 3116 4686 ﬁdes
3157 4633 3295 4685 intus
3326 4648 3429 4686 non

1860 4732 2103 4787 habetur.
2137 4730 2190 4783 Si
2212 4729 2354 4783 enim
2381 4725 2693 4795 sitjustitize
2714 4725 2923 4793 signum
2954 4733 3009 4777 et
3030 4723 3291 4791 justitiam
3325 4737 3431 4776 non

1863 4825 2061 4879 habeas
2086 4864 2102 4886 ,
2132 4836 2303 4891 neque
2334 4820 2541 4889 signum
2572 4816 2759 4871 habes.
2806 4813 2927 4868 ldeo
2954 4828 3185 4883 namque
3224 4813 3434 4883 signum

1861 4912 2153 4983 accepisti,
2209 4920 2265 4965 ut
2333 4924 2443 4963 rem
2499 4920 2809 4979 quaereres,
2861 4903 3012 4972 cujus
3078 4903 3289 4971 signum
3341 4904 3441 4955 ha-

1862 5008 1957 5063 bes
2010 5022 2023 5058 :
2058 5005 2127 5057 ita
2155 5012 2211 5057 ut
2238 5002 2281 5056 si
2314 5002 2520 5069 signum
2570 4998 2685 5053 sine
2725 5011 2782 5050 re
2808 4997 3151 5065 exquireres,
3193 5010 3301 5049 non
3346 4994 3440 5050 illo

1864 5112 1997 5167 Opus
2043 5094 2287 5148 haberes.
2337 5088 2683 5146 Circumcisio
2729 5100 2904 5141 autem
2947 5100 3051 5139 non
3099 5085 3259 5139 modo
3282 5085 3443 5155 justi-

1866 5189 1992 5243 tiam
2040 5186 2312 5256 priedicat,
2360 5182 2451 5237 sed
2494 5180 2653 5235 etiam
2686 5179 2947 5248 justitiam
2995 5177 3163 5239 illam,
3214 5191 3333 5246 qua:
3383 5177 3438 5232 in

1868 5275 2125 5349 prmputio
2152 5284 2252 5329 est.
2278 5272 2417 5326 Nihil
2447 5270 2587 5325 aliud
2618 5284 2744 5339 ergo
2770 5268 3106 5323 circumcisio
3144 5266 3397 5338 praedicat
3421 5306 3440 5332 ,

1868 5383 2023 5437 quam
2051 5364 2191 5434 quod
2224 5379 2328 5416 non
2367 5374 2501 5431 opus
2528 5361 2598 5414 sit
2634 5357 3064 5413 circumcisione.
3096 5357 3184 5412 14.
3220 5356 3279 5412 Si
3312 5358 3445 5410 enim

1868 5460 1927 5525 ii,
1956 5459 2041 5530 qui
2079 5474 2141 5514 ex
2170 5456 2296 5527 lege,
2324 5453 2529 5509 heredes
2573 5461 2711 5519 sunt,
2740 5453 2997 5507 exinanita
3024 5460 3098 5505 est
3138 5451 3293 5520 ﬁdes,
3318 5453 3445 5503 abeo

1872 5552 1962 5605 lita
2018 5560 2089 5604 est
2136 5547 2421 5617 promissio.
2466 5545 2712 5600 Ostendit
2746 5543 3097 5599 necessariam
3134 5556 3255 5597 esse
3286 5540 3449 5595 ﬁdem

1870 5642 2275 5699 circumcisione
2302 5639 2648 5694 vetustiorem
2669 5679 2685 5705 ,
2714 5636 2987 5691 fortiorem
3011 5635 3127 5707 lege
3150 5675 3165 5701 ,
3192 5632 3333 5703 quod
3362 5633 3444 5687 Ic-

1868 5753 1988 5809 gem
2018 5734 2269 5792 stabiliat.
2298 5733 2353 5789 Si
2376 5732 2519 5789 cnim
2550 5746 2736 5788 omnes
2769 5744 3077 5801 peccavere,
3108 5722 3408 5781 necessaria
3428 5759 3445 5783 ,

3055 5821 3133 5882 29
