  <div class='ocr_page' id='page_1' title='image "/cluster/home/n/w/nwhite01/storage/ocr_20150623/60/hvd.32044073501942/463.png"; bbox 0 0 4048 6216; ppageno 0'>
   <div class='ocr_carea' id='block_1_1' title="bbox 561 330 594 381">
    <p class='ocr_par' dir='ltr' id='par_1_1' title="bbox 561 330 594 381">
     <span class='ocr_line' id='line_1_1' title="bbox 561 330 594 381; baseline 0 0"><span class='ocrx_word' id='word_1_1' title='bbox 561 330 594 381; x_wconf 74' lang='grc'><strong>5</strong></span> 
     </span>
    </p>
   </div>
   <div class='ocr_carea' id='block_1_2' title="bbox 525 327 2104 485">
    <p class='ocr_par' dir='ltr' id='par_1_2' title="bbox 525 327 2104 485">
     <span class='ocr_line' id='line_1_2' title="bbox 525 327 2104 384; baseline -0.018 -2"><span class='ocrx_word' id='word_1_2' title='bbox 525 327 630 384; x_wconf 65' lang='grc'><strong>459</strong></span> <span class='ocrx_word' id='word_1_3' title='bbox 1259 327 1314 367; x_wconf 74' lang='grc' dir='ltr'><strong>δ.</strong></span> <span class='ocrx_word' id='word_1_4' title='bbox 1356 327 1630 366; x_wconf 60' lang='lat' dir='ltr'><strong>suam“:</strong></span> <span class='ocrx_word' id='word_1_5' title='bbox 1667 327 2104 361; x_wconf 68' lang='lat' dir='ltr'><strong>bllulaualum</strong></span> 
     </span>
     <span class='ocr_line' id='line_1_3' title="bbox 530 392 2104 485; baseline -0.019 -11"><span class='ocrx_word' id='word_1_6' title='bbox 530 421 572 473; x_wconf 80' lang='lat' dir='ltr'><strong>si</strong></span> <span class='ocrx_word' id='word_1_7' title='bbox 605 417 696 472; x_wconf 90' lang='lat' dir='ltr'><strong>ille</strong></span> <span class='ocrx_word' id='word_1_8' title='bbox 723 410 1073 485; x_wconf 71' lang='lat' dir='ltr'><strong>prteputiatus</strong></span> <span class='ocrx_word' id='word_1_9' title='bbox 1110 404 1433 476; x_wconf 88' lang='lat' dir='ltr'><strong>justiﬁcatus</strong></span> <span class='ocrx_word' id='word_1_10' title='bbox 1477 409 1560 456; x_wconf 89' lang='lat' dir='ltr'><strong>est</strong></span> <span class='ocrx_word' id='word_1_11' title='bbox 1581 439 1598 466; x_wconf 95' lang='lat'><strong>,</strong></span> <span class='ocrx_word' id='word_1_12' title='bbox 1627 399 1884 453; x_wconf 85' lang='lat' dir='ltr'><strong>vetustior</strong></span> <span class='ocrx_word' id='word_1_13' title='bbox 1914 403 2031 485; x_wconf 65' lang='lat' dir='ltr'><strong>est;</strong></span> <span class='ocrx_word' id='word_1_14' title='bbox 2061 392 2104 445; x_wconf 90' lang='lat' dir='ltr'><strong>si</strong></span> 
     </span>
    </p>
   </div>
   <div class='ocr_carea' id='block_1_3' title="bbox 531 484 2108 578">
    <p class='ocr_par' dir='ltr' id='par_1_3' title="bbox 531 484 2108 578">
     <span class='ocr_line' id='line_1_4' title="bbox 531 484 2108 578; baseline -0.015 -19"><span class='ocrx_word' id='word_1_15' title='bbox 531 526 622 578; x_wconf 84' lang='lat' dir='ltr'><strong>per</strong></span> <span class='ocrx_word' id='word_1_16' title='bbox 653 484 825 577; x_wconf 84' lang='lat' dir='ltr'><strong>legem</strong></span> <span class='ocrx_word' id='word_1_17' title='bbox 857 501 1090 572; x_wconf 85' lang='lat' dir='ltr'><strong>cognitio</strong></span> <span class='ocrx_word' id='word_1_18' title='bbox 1119 496 1342 567; x_wconf 90' lang='lat' dir='ltr'><strong>peccati,</strong></span> <span class='ocrx_word' id='word_1_19' title='bbox 1376 494 1494 548; x_wconf 86' lang='lat' dir='ltr'><strong>sine</strong></span> <span class='ocrx_word' id='word_1_20' title='bbox 1518 493 1635 562; x_wconf 85' lang='lat' dir='ltr'><strong>lege</strong></span> <span class='ocrx_word' id='word_1_21' title='bbox 1662 503 1839 545; x_wconf 89' lang='lat' dir='ltr'><strong>autem</strong></span> <span class='ocrx_word' id='word_1_22' title='bbox 1883 484 2108 578; x_wconf 75' lang='lat' dir='ltr'><strong>manife-</strong></span> 
     </span>
    </p>
   </div>
   <div class='ocr_carea' id='block_1_4' title="bbox 528 575 2106 662">
    <p class='ocr_par' dir='ltr' id='par_1_4' title="bbox 528 575 2106 662">
     <span class='ocr_line' id='line_1_5' title="bbox 528 575 2106 662; baseline -0.015 -10"><span class='ocrx_word' id='word_1_23' title='bbox 528 575 663 653; x_wconf 78' lang='lat' dir='ltr'><strong>stata</strong></span> <span class='ocrx_word' id='word_1_24' title='bbox 691 575 792 662; x_wconf 75' lang='lat' dir='ltr'><strong>est,</strong></span> <span class='ocrx_word' id='word_1_25' title='bbox 825 594 1041 656; x_wconf 78' lang='lat' dir='ltr'><strong>fortior;</strong></span> <span class='ocrx_word' id='word_1_26' title='bbox 1078 589 1121 643; x_wconf 92' lang='lat' dir='ltr'><strong>si</strong></span> <span class='ocrx_word' id='word_1_27' title='bbox 1158 587 1290 658; x_wconf 84' lang='lat' dir='ltr'><strong>legis</strong></span> <span class='ocrx_word' id='word_1_28' title='bbox 1320 583 1628 640; x_wconf 91' lang='lat' dir='ltr'><strong>testimonio</strong></span> <span class='ocrx_word' id='word_1_29' title='bbox 1657 581 1910 650; x_wconf 77' lang='lat' dir='ltr'><strong>probatur</strong></span> <span class='ocrx_word' id='word_1_30' title='bbox 1939 586 1993 631; x_wconf 93' lang='lat' dir='ltr'><strong>et</strong></span> <span class='ocrx_word' id='word_1_31' title='bbox 2025 575 2106 629; x_wconf 84' lang='lat' dir='ltr'><strong>le-</strong></span> 
     </span>
    </p>
   </div>
   <div class='ocr_carea' id='block_1_5' title="bbox 532 665 2108 759">
    <p class='ocr_par' dir='ltr' id='par_1_5' title="bbox 532 665 2108 759">
     <span class='ocr_line' id='line_1_6' title="bbox 532 665 2108 759; baseline -0.017 -15"><span class='ocrx_word' id='word_1_32' title='bbox 532 705 650 759; x_wconf 85' lang='lat' dir='ltr'><strong>gem</strong></span> <span class='ocrx_word' id='word_1_33' title='bbox 684 687 858 740; x_wconf 88' lang='lat' dir='ltr'><strong>firmat</strong></span> <span class='ocrx_word' id='word_1_34' title='bbox 883 724 900 750; x_wconf 94' lang='lat'><strong>,</strong></span> <span class='ocrx_word' id='word_1_35' title='bbox 943 697 1046 736; x_wconf 91' lang='lat' dir='ltr'><strong>non</strong></span> <span class='ocrx_word' id='word_1_36' title='bbox 1079 677 1382 733; x_wconf 82' lang='lat' dir='ltr'><strong>adversaria</strong></span> <span class='ocrx_word' id='word_1_37' title='bbox 1409 716 1424 738; x_wconf 94' lang='lat'><strong>,</strong></span> <span class='ocrx_word' id='word_1_38' title='bbox 1459 672 1554 727; x_wconf 89' lang='lat' dir='ltr'><strong>sed</strong></span> <span class='ocrx_word' id='word_1_39' title='bbox 1583 671 1753 724; x_wconf 90' lang='lat' dir='ltr'><strong>amica</strong></span> <span class='ocrx_word' id='word_1_40' title='bbox 1785 678 1839 723; x_wconf 90' lang='lat' dir='ltr'><strong>et</strong></span> <span class='ocrx_word' id='word_1_41' title='bbox 1866 666 2009 759; x_wconf 84' lang='lat' dir='ltr'><strong>socia</strong></span> <span class='ocrx_word' id='word_1_42' title='bbox 2057 665 2108 718; x_wconf 92' lang='lat' dir='ltr'><strong>in</strong></span> 
     </span>
    </p>
   </div>
   <div class='ocr_carea' id='block_1_6' title="bbox 541 757 2108 834">
    <p class='ocr_par' dir='ltr' id='par_1_6' title="bbox 541 757 2108 834">
     <span class='ocr_line' id='line_1_7' title="bbox 541 757 2108 834; baseline -0.017 0"><span class='ocrx_word' id='word_1_43' title='bbox 541 757 705 834; x_wconf 84' lang='lat' dir='ltr'><strong>bello.</strong></span> <span class='ocrx_word' id='word_1_44' title='bbox 729 773 975 831; x_wconf 74' lang='lat' dir='ltr'><strong>Ostendit</strong></span> <span class='ocrx_word' id='word_1_45' title='bbox 995 773 1184 825; x_wconf 85' lang='lat' dir='ltr'><strong>iterum</strong></span> <span class='ocrx_word' id='word_1_46' title='bbox 1206 776 1260 822; x_wconf 92' lang='lat' dir='ltr'><strong>et</strong></span> <span class='ocrx_word' id='word_1_47' title='bbox 1282 763 1496 820; x_wconf 82' lang='lat' dir='ltr'><strong>aliunde</strong></span> <span class='ocrx_word' id='word_1_48' title='bbox 1521 777 1625 816; x_wconf 91' lang='lat' dir='ltr'><strong>non</strong></span> <span class='ocrx_word' id='word_1_49' title='bbox 1645 774 1801 830; x_wconf 86' lang='lat' dir='ltr'><strong>posse</strong></span> <span class='ocrx_word' id='word_1_50' title='bbox 1820 773 1913 827; x_wconf 90' lang='lat' dir='ltr'><strong>per</strong></span> <span class='ocrx_word' id='word_1_51' title='bbox 1940 757 2108 826; x_wconf 81' lang='lat' dir='ltr'><strong>legem</strong></span> 
     </span>
    </p>
   </div>
   <div class='ocr_carea' id='block_1_7' title="bbox 531 853 2108 934">
    <p class='ocr_par' dir='ltr' id='par_1_7' title="bbox 531 853 2108 934">
     <span class='ocr_line' id='line_1_8' title="bbox 531 853 2108 934; baseline -0.015 -10"><span class='ocrx_word' id='word_1_52' title='bbox 531 871 881 926; x_wconf 82' lang='lat' dir='ltr'><strong>hereditatem</strong></span> <span class='ocrx_word' id='word_1_53' title='bbox 910 864 1078 934; x_wconf 78' lang='lat' dir='ltr'><strong>accipi</strong></span> <span class='ocrx_word' id='word_1_54' title='bbox 1115 880 1129 916; x_wconf 89' lang='lat'><strong>:</strong></span> <span class='ocrx_word' id='word_1_55' title='bbox 1157 874 1386 929; x_wconf 89' lang='lat' dir='ltr'><strong>cumque</strong></span> <span class='ocrx_word' id='word_1_56' title='bbox 1411 862 1773 925; x_wconf 83' lang='lat' dir='ltr'><strong>comparasset</strong></span> <span class='ocrx_word' id='word_1_57' title='bbox 1815 853 1956 906; x_wconf 84' lang='lat' dir='ltr'><strong>illam</strong></span> <span class='ocrx_word' id='word_1_58' title='bbox 1988 865 2108 902; x_wconf 88' lang='lat' dir='ltr'><strong>cum</strong></span> 
     </span>
    </p>
   </div>
   <div class='ocr_carea' id='block_1_8' title="bbox 530 941 2110 1022">
    <p class='ocr_par' dir='ltr' id='par_1_8' title="bbox 530 941 2110 1022">
     <span class='ocr_line' id='line_1_9' title="bbox 530 941 2110 1022; baseline -0.014 -8"><span class='ocrx_word' id='word_1_59' title='bbox 530 960 959 1022; x_wconf 84' lang='lat' dir='ltr'><strong>circumcisione,</strong></span> <span class='ocrx_word' id='word_1_60' title='bbox 1009 972 1073 1009; x_wconf 85' lang='lat' dir='ltr'><strong>ac</strong></span> <span class='ocrx_word' id='word_1_61' title='bbox 1127 952 1404 1006; x_wconf 80' lang='lat' dir='ltr'><strong>victoriam</strong></span> <span class='ocrx_word' id='word_1_62' title='bbox 1454 953 1815 1016; x_wconf 85' lang='lat' dir='ltr'><strong>reportasset,</strong></span> <span class='ocrx_word' id='word_1_63' title='bbox 1869 941 2110 994; x_wconf 82' lang='lat' dir='ltr'><strong>eamdem</strong></span> 
     </span>
    </p>
   </div>
   <div class='ocr_carea' id='block_1_9' title="bbox 531 1032 2114 1118">
    <p class='ocr_par' dir='ltr' id='par_1_9' title="bbox 531 1032 2114 1118">
     <span class='ocr_line' id='line_1_10' title="bbox 531 1032 2114 1118; baseline -0.014 -12"><span class='ocrx_word' id='word_1_64' title='bbox 531 1069 716 1106; x_wconf 80' lang='lat' dir='ltr'><strong>rursus</strong></span> <span class='ocrx_word' id='word_1_65' title='bbox 748 1050 847 1118; x_wconf 90' lang='lat' dir='ltr'><strong>legi</strong></span> <span class='ocrx_word' id='word_1_66' title='bbox 872 1047 1110 1117; x_wconf 84' lang='lat' dir='ltr'><strong>opponit,</strong></span> <span class='ocrx_word' id='word_1_67' title='bbox 1159 1044 1235 1097; x_wconf 91' lang='lat' dir='ltr'><strong>sic</strong></span> <span class='ocrx_word' id='word_1_68' title='bbox 1284 1040 1527 1110; x_wconf 80' lang='lat' dir='ltr'><strong>inquiens</strong></span> <span class='ocrx_word' id='word_1_69' title='bbox 1571 1055 1584 1090; x_wconf 91' lang='lat'><strong>:</strong></span> <span class='ocrx_word' id='word_1_70' title='bbox 1638 1035 1699 1090; x_wconf 91' lang='lat' dir='ltr'><strong>Si</strong></span> <span class='ocrx_word' id='word_1_71' title='bbox 1729 1034 1884 1098; x_wconf 87' lang='lat' dir='ltr'><strong>enim,</strong></span> <span class='ocrx_word' id='word_1_72' title='bbox 1923 1032 2009 1100; x_wconf 89' lang='lat' dir='ltr'><strong>qui</strong></span> <span class='ocrx_word' id='word_1_73' title='bbox 2052 1046 2114 1084; x_wconf 78' lang='lat' dir='ltr'><strong>ea:</strong></span> 
     </span>
    </p>
   </div>
   <div class='ocr_carea' id='block_1_10' title="bbox 531 1121 2111 1213">
    <p class='ocr_par' dir='ltr' id='par_1_10' title="bbox 531 1121 2111 1213">
     <span class='ocr_line' id='line_1_11' title="bbox 531 1121 2111 1213; baseline -0.015 -17"><span class='ocrx_word' id='word_1_74' title='bbox 531 1143 661 1213; x_wconf 78' lang='lat' dir='ltr'><strong>lege,</strong></span> <span class='ocrx_word' id='word_1_75' title='bbox 707 1149 822 1194; x_wconf 86' lang='lat' dir='ltr'><strong>sunt</strong></span> <span class='ocrx_word' id='word_1_76' title='bbox 851 1136 1057 1190; x_wconf 79' lang='lat' dir='ltr'><strong>heredes</strong></span> <span class='ocrx_word' id='word_1_77' title='bbox 1083 1174 1096 1196; x_wconf 88' lang='lat'><strong>,</strong></span> <span class='ocrx_word' id='word_1_78' title='bbox 1128 1131 1388 1187; x_wconf 72' lang='lat' dir='ltr'><strong>exinanita</strong></span> <span class='ocrx_word' id='word_1_79' title='bbox 1422 1139 1493 1182; x_wconf 87' lang='lat' dir='ltr'><strong>est</strong></span> <span class='ocrx_word' id='word_1_80' title='bbox 1522 1128 1668 1196; x_wconf 83' lang='lat' dir='ltr'><strong>ﬁdes.</strong></span> <span class='ocrx_word' id='word_1_81' title='bbox 1707 1123 1786 1179; x_wconf 84' lang='lat' dir='ltr'><strong>Ne</strong></span> <span class='ocrx_word' id='word_1_82' title='bbox 1824 1123 1943 1192; x_wconf 86' lang='lat' dir='ltr'><strong>quis</strong></span> <span class='ocrx_word' id='word_1_83' title='bbox 1970 1121 2111 1176; x_wconf 91' lang='lat' dir='ltr'><strong>enim</strong></span> 
     </span>
    </p>
   </div>
   <div class='ocr_carea' id='block_1_11' title="bbox 533 1216 2115 1297">
    <p class='ocr_par' dir='ltr' id='par_1_11' title="bbox 533 1216 2115 1297">
     <span class='ocr_line' id='line_1_12' title="bbox 533 1216 2115 1297; baseline -0.013 -11"><span class='ocrx_word' id='word_1_84' title='bbox 533 1234 675 1287; x_wconf 86' lang='lat' dir='ltr'><strong>dicat</strong></span> <span class='ocrx_word' id='word_1_85' title='bbox 703 1230 813 1284; x_wconf 90' lang='lat' dir='ltr'><strong>ﬁeri</strong></span> <span class='ocrx_word' id='word_1_86' title='bbox 846 1243 1025 1297; x_wconf 87' lang='lat' dir='ltr'><strong>posse,</strong></span> <span class='ocrx_word' id='word_1_87' title='bbox 1071 1235 1129 1279; x_wconf 92' lang='lat' dir='ltr'><strong>ut</strong></span> <span class='ocrx_word' id='word_1_88' title='bbox 1155 1224 1275 1293; x_wconf 89' lang='lat' dir='ltr'><strong>quis</strong></span> <span class='ocrx_word' id='word_1_89' title='bbox 1308 1221 1464 1275; x_wconf 89' lang='lat' dir='ltr'><strong>ﬁdem</strong></span> <span class='ocrx_word' id='word_1_90' title='bbox 1495 1219 1690 1273; x_wconf 88' lang='lat' dir='ltr'><strong>habeat</strong></span> <span class='ocrx_word' id='word_1_91' title='bbox 1720 1224 1772 1270; x_wconf 89' lang='lat' dir='ltr'><strong>et</strong></span> <span class='ocrx_word' id='word_1_92' title='bbox 1799 1216 1971 1284; x_wconf 88' lang='lat' dir='ltr'><strong>legem</strong></span> <span class='ocrx_word' id='word_1_93' title='bbox 1999 1227 2115 1267; x_wconf 88' lang='lat' dir='ltr'><strong>ser-</strong></span> 
     </span>
    </p>
   </div>
   <div class='ocr_carea' id='block_1_12' title="bbox 538 1302 2112 1388">
    <p class='ocr_par' dir='ltr' id='par_1_12' title="bbox 538 1302 2112 1388">
     <span class='ocr_line' id='line_1_13' title="bbox 538 1302 2112 1388; baseline -0.015 -8"><span class='ocrx_word' id='word_1_94' title='bbox 538 1336 654 1388; x_wconf 83' lang='lat' dir='ltr'><strong>vet;</strong></span> <span class='ocrx_word' id='word_1_95' title='bbox 684 1323 1014 1378; x_wconf 86' lang='lat' dir='ltr'><strong>demonstrat</strong></span> <span class='ocrx_word' id='word_1_96' title='bbox 1037 1314 1367 1388; x_wconf 87' lang='lat' dir='ltr'><strong>impossibile</strong></span> <span class='ocrx_word' id='word_1_97' title='bbox 1395 1311 1522 1366; x_wconf 90' lang='lat' dir='ltr'><strong>illud</strong></span> <span class='ocrx_word' id='word_1_98' title='bbox 1544 1324 1684 1365; x_wconf 89' lang='lat' dir='ltr'><strong>esse.</strong></span> <span class='ocrx_word' id='word_1_99' title='bbox 1714 1307 1815 1376; x_wconf 87' lang='lat' dir='ltr'><strong>Qui</strong></span> <span class='ocrx_word' id='word_1_100' title='bbox 1839 1305 1979 1360; x_wconf 92' lang='lat' dir='ltr'><strong>enim</strong></span> <span class='ocrx_word' id='word_1_101' title='bbox 2009 1302 2112 1372; x_wconf 86' lang='lat' dir='ltr'><strong>legi</strong></span> 
     </span>
    </p>
   </div>
   <div class='ocr_carea' id='block_1_13' title="bbox 536 1396 2117 1482">
    <p class='ocr_par' dir='ltr' id='par_1_13' title="bbox 536 1396 2117 1482">
     <span class='ocr_line' id='line_1_14' title="bbox 536 1396 2117 1482; baseline -0.014 -12"><span class='ocrx_word' id='word_1_102' title='bbox 536 1418 796 1477; x_wconf 71' lang='lat' dir='ltr'><strong>adliceret.</strong></span> <span class='ocrx_word' id='word_1_103' title='bbox 827 1411 977 1482; x_wconf 89' lang='lat' dir='ltr'><strong>quasi</strong></span> <span class='ocrx_word' id='word_1_104' title='bbox 1005 1426 1068 1465; x_wconf 89' lang='lat' dir='ltr'><strong>ea</strong></span> <span class='ocrx_word' id='word_1_105' title='bbox 1099 1407 1329 1463; x_wconf 88' lang='lat' dir='ltr'><strong>salutem</strong></span> <span class='ocrx_word' id='word_1_106' title='bbox 1349 1404 1557 1467; x_wconf 80' lang='lat' dir='ltr'><strong>afferat,</strong></span> <span class='ocrx_word' id='word_1_107' title='bbox 1591 1402 1635 1454; x_wconf 91' lang='lat' dir='ltr'><strong>is</strong></span> <span class='ocrx_word' id='word_1_108' title='bbox 1661 1401 1767 1454; x_wconf 90' lang='lat' dir='ltr'><strong>vim</strong></span> <span class='ocrx_word' id='word_1_109' title='bbox 1798 1397 1919 1452; x_wconf 91' lang='lat' dir='ltr'><strong>ﬁdei</strong></span> <span class='ocrx_word' id='word_1_110' title='bbox 1948 1396 2117 1450; x_wconf 87' lang='lat' dir='ltr'><strong>debo-</strong></span> 
     </span>
    </p>
   </div>
   <div class='ocr_carea' id='block_1_14' title="bbox 539 1489 2117 1564">
    <p class='ocr_par' dir='ltr' id='par_1_14' title="bbox 539 1489 2117 1564">
     <span class='ocr_line' id='line_1_15' title="bbox 539 1489 2117 1564; baseline -0.016 -1"><span class='ocrx_word' id='word_1_111' title='bbox 539 1515 732 1564; x_wconf 88' lang='lat' dir='ltr'><strong>nestat.</strong></span> <span class='ocrx_word' id='word_1_112' title='bbox 762 1504 886 1559; x_wconf 86' lang='lat' dir='ltr'><strong>Ideo</strong></span> <span class='ocrx_word' id='word_1_113' title='bbox 911 1503 986 1556; x_wconf 86' lang='lat' dir='ltr'><strong>ait</strong></span> <span class='ocrx_word' id='word_1_114' title='bbox 1017 1517 1031 1553; x_wconf 91' lang='lat'>:</span> <span class='ocrx_word' id='word_1_115' title='bbox 1066 1497 1347 1552; x_wconf 75' lang='lat' dir='ltr'><strong>Exinanita</strong></span> <span class='ocrx_word' id='word_1_116' title='bbox 1374 1503 1446 1546; x_wconf 86' lang='lat' dir='ltr'><strong>est</strong></span> <span class='ocrx_word' id='word_1_117' title='bbox 1489 1491 1653 1559; x_wconf 84' lang='lat' dir='ltr'><strong>ﬁdes;</strong></span> <span class='ocrx_word' id='word_1_118' title='bbox 1681 1489 1732 1542; x_wconf 90' lang='lat' dir='ltr'><strong>id</strong></span> <span class='ocrx_word' id='word_1_119' title='bbox 1761 1497 1864 1552; x_wconf 89' lang='lat' dir='ltr'><strong>est,</strong></span> <span class='ocrx_word' id='word_1_120' title='bbox 1895 1501 2002 1540; x_wconf 90' lang='lat' dir='ltr'><strong>non</strong></span> <span class='ocrx_word' id='word_1_121' title='bbox 2033 1493 2117 1538; x_wconf 86' lang='lat' dir='ltr'><strong>est</strong></span> 
     </span>
    </p>
   </div>
   <div class='ocr_carea' id='block_1_15' title="bbox 539 1578 2114 1670">
    <p class='ocr_par' dir='ltr' id='par_1_15' title="bbox 539 1578 2114 1670">
     <span class='ocr_line' id='line_1_16' title="bbox 539 1578 2114 1670; baseline -0.017 -15"><span class='ocrx_word' id='word_1_122' title='bbox 539 1615 676 1670; x_wconf 86' lang='lat' dir='ltr'><strong>opus</strong></span> <span class='ocrx_word' id='word_1_123' title='bbox 704 1598 896 1660; x_wconf 88' lang='lat' dir='ltr'><strong>salute,</strong></span> <span class='ocrx_word' id='word_1_124' title='bbox 925 1609 1046 1663; x_wconf 71' lang='lat' dir='ltr'><strong>qum</strong></span> <span class='ocrx_word' id='word_1_125' title='bbox 1070 1606 1164 1660; x_wconf 84' lang='lat' dir='ltr'><strong>per</strong></span> <span class='ocrx_word' id='word_1_126' title='bbox 1193 1587 1418 1658; x_wconf 80' lang='lat' dir='ltr'><strong>gratiam</strong></span> <span class='ocrx_word' id='word_1_127' title='bbox 1441 1585 1746 1638; x_wconf 88' lang='lat' dir='ltr'><strong>obtinetur:</strong></span> <span class='ocrx_word' id='word_1_128' title='bbox 1774 1594 1946 1649; x_wconf 89' lang='lat' dir='ltr'><strong>neque</strong></span> <span class='ocrx_word' id='word_1_129' title='bbox 1974 1578 2114 1632; x_wconf 92' lang='lat' dir='ltr'><strong>enim</strong></span> 
     </span>
    </p>
   </div>
   <div class='ocr_carea' id='block_1_16' title="bbox 540 1674 2115 1762">
    <p class='ocr_par' dir='ltr' id='par_1_16' title="bbox 540 1674 2115 1762">
     <span class='ocr_line' id='line_1_17' title="bbox 540 1674 2115 1762; baseline -0.015 -19"><span class='ocrx_word' id='word_1_130' title='bbox 540 1700 713 1762; x_wconf 79' lang='lat' dir='ltr'><strong>potest</strong></span> <span class='ocrx_word' id='word_1_131' title='bbox 757 1689 842 1743; x_wconf 86' lang='lat' dir='ltr'><strong>illa</strong></span> <span class='ocrx_word' id='word_1_132' title='bbox 876 1688 981 1740; x_wconf 90' lang='lat' dir='ltr'><strong>vim</strong></span> <span class='ocrx_word' id='word_1_133' title='bbox 1029 1698 1178 1738; x_wconf 89' lang='lat' dir='ltr'><strong>suam</strong></span> <span class='ocrx_word' id='word_1_134' title='bbox 1207 1678 1491 1734; x_wconf 84' lang='lat' dir='ltr'><strong>ostendere</strong></span> <span class='ocrx_word' id='word_1_135' title='bbox 1519 1693 1532 1740; x_wconf 93' lang='lat'><strong>;</strong></span> <span class='ocrx_word' id='word_1_136' title='bbox 1565 1686 1615 1730; x_wconf 91' lang='lat' dir='ltr'><strong>et</strong></span> <span class='ocrx_word' id='word_1_137' title='bbox 1645 1674 1838 1728; x_wconf 89' lang='lat' dir='ltr'><strong>abolita</strong></span> <span class='ocrx_word' id='word_1_138' title='bbox 1870 1682 1952 1725; x_wconf 90' lang='lat' dir='ltr'><strong>est</strong></span> <span class='ocrx_word' id='word_1_139' title='bbox 1989 1685 2115 1738; x_wconf 86' lang='lat' dir='ltr'><strong>pro—</strong></span> 
     </span>
    </p>
   </div>
   <div class='ocr_carea' id='block_1_17' title="bbox 539 1762 2112 1839">
    <p class='ocr_par' dir='ltr' id='par_1_17' title="bbox 539 1762 2112 1839">
     <span class='ocr_line' id='line_1_18' title="bbox 539 1762 2112 1839; baseline -0.017 0"><span class='ocrx_word' id='word_1_140' title='bbox 539 1785 742 1839; x_wconf 89' lang='lat' dir='ltr'><strong>missio.</strong></span> <span class='ocrx_word' id='word_1_141' title='bbox 786 1780 991 1834; x_wconf 82' lang='lat' dir='ltr'><strong>Etenim</strong></span> <span class='ocrx_word' id='word_1_142' title='bbox 1023 1776 1240 1830; x_wconf 78' lang='lat' dir='ltr'><strong>Jud;eus</strong></span> <span class='ocrx_word' id='word_1_143' title='bbox 1267 1770 1492 1826; x_wconf 81' lang='lat' dir='ltr'><strong>fortasse</strong></span> <span class='ocrx_word' id='word_1_144' title='bbox 1517 1768 1711 1822; x_wconf 76' lang='lat' dir='ltr'><strong>dixerit</strong></span> <span class='ocrx_word' id='word_1_145' title='bbox 1761 1784 1773 1819; x_wconf 90' lang='lat'><strong>:</strong></span> <span class='ocrx_word' id='word_1_146' title='bbox 1811 1763 1947 1831; x_wconf 82' lang='lat' dir='ltr'><strong>Quid</strong></span> <span class='ocrx_word' id='word_1_147' title='bbox 1980 1762 2112 1815; x_wconf 90' lang='lat' dir='ltr'><strong>mihi</strong></span> 
     </span>
    </p>
   </div>
   <div class='ocr_carea' id='block_1_18' title="bbox 540 1854 2119 1944">
    <p class='ocr_par' dir='ltr' id='par_1_18' title="bbox 540 1854 2119 1944">
     <span class='ocr_line' id='line_1_19' title="bbox 540 1854 2119 1944; baseline -0.015 -16"><span class='ocrx_word' id='word_1_148' title='bbox 540 1891 676 1944; x_wconf 89' lang='lat' dir='ltr'><strong>opus</strong></span> <span class='ocrx_word' id='word_1_149' title='bbox 700 1883 781 1928; x_wconf 92' lang='lat' dir='ltr'><strong>est</strong></span> <span class='ocrx_word' id='word_1_150' title='bbox 809 1870 955 1924; x_wconf 87' lang='lat' dir='ltr'><strong>ﬁde?</strong></span> <span class='ocrx_word' id='word_1_151' title='bbox 979 1868 1121 1936; x_wconf 76' lang='lat' dir='ltr'><strong>Ergo</strong></span> <span class='ocrx_word' id='word_1_152' title='bbox 1147 1865 1189 1918; x_wconf 92' lang='lat' dir='ltr'><strong>si</strong></span> <span class='ocrx_word' id='word_1_153' title='bbox 1223 1864 1325 1916; x_wconf 88' lang='lat' dir='ltr'><strong>hoc</strong></span> <span class='ocrx_word' id='word_1_154' title='bbox 1353 1874 1538 1914; x_wconf 89' lang='lat' dir='ltr'><strong>verum</strong></span> <span class='ocrx_word' id='word_1_155' title='bbox 1564 1867 1666 1922; x_wconf 91' lang='lat' dir='ltr'><strong>est,</strong></span> <span class='ocrx_word' id='word_1_156' title='bbox 1695 1871 1815 1910; x_wconf 91' lang='lat' dir='ltr'><strong>cum</strong></span> <span class='ocrx_word' id='word_1_157' title='bbox 1850 1854 1969 1916; x_wconf 92' lang='lat' dir='ltr'><strong>ﬁde,</strong></span> <span class='ocrx_word' id='word_1_158' title='bbox 2000 1867 2119 1922; x_wconf 80' lang='lat' dir='ltr'><strong>quae</strong></span> 
     </span>
    </p>
   </div>
   <div class='ocr_carea' id='block_1_19' title="bbox 539 1950 1761 2036">
    <p class='ocr_par' dir='ltr' id='par_1_19' title="bbox 539 1950 1761 2036">
     <span class='ocr_line' id='line_1_20' title="bbox 539 1950 1761 2036; baseline -0.018 -15"><span class='ocrx_word' id='word_1_159' title='bbox 539 1967 607 2021; x_wconf 91' lang='lat' dir='ltr'><strong>ad</strong></span> <span class='ocrx_word' id='word_1_160' title='bbox 634 1962 1041 2036; x_wconf 87' lang='lat' dir='ltr'><strong>promissionem</strong></span> <span class='ocrx_word' id='word_1_161' title='bbox 1080 1961 1346 2024; x_wconf 88' lang='lat' dir='ltr'><strong>spectant,</strong></span> <span class='ocrx_word' id='word_1_162' title='bbox 1379 1950 1590 2005; x_wconf 91' lang='lat' dir='ltr'><strong>sublata</strong></span> <span class='ocrx_word' id='word_1_163' title='bbox 1619 1955 1761 2002; x_wconf 90' lang='lat' dir='ltr'><strong>sunt.</strong></span> 
     </span>
    </p>
   </div>
   <div class='ocr_carea' id='block_1_20' title="bbox 608 2033 2117 2114">
    <p class='ocr_par' dir='ltr' id='par_1_20' title="bbox 608 2033 2117 2114">
     <span class='ocr_line' id='line_1_21' title="bbox 608 2033 2117 2114; baseline -0.019 -1"><span class='ocrx_word' id='word_1_164' title='bbox 608 2033 662 2114; x_wconf 52' lang='grc' dir='ltr'><strong>ί.</strong></span> <span class='ocrx_word' id='word_1_165' title='bbox 696 2056 829 2112; x_wconf 84' lang='lat' dir='ltr'><strong>Vide</strong></span> <span class='ocrx_word' id='word_1_166' title='bbox 856 2064 911 2108; x_wconf 91' lang='lat' dir='ltr'><strong>ut</strong></span> <span class='ocrx_word' id='word_1_167' title='bbox 938 2054 989 2106; x_wconf 89' lang='lat' dir='ltr'><strong>itt</strong></span> <span class='ocrx_word' id='word_1_168' title='bbox 1017 2048 1263 2104; x_wconf 92' lang='lat' dir='ltr'><strong>omnibus</strong></span> <span class='ocrx_word' id='word_1_169' title='bbox 1294 2043 1541 2099; x_wconf 90' lang='lat' dir='ltr'><strong>ostendat</strong></span> <span class='ocrx_word' id='word_1_170' title='bbox 1583 2040 1701 2094; x_wconf 92' lang='lat' dir='ltr'><strong>illos</strong></span> <span class='ocrx_word' id='word_1_171' title='bbox 1744 2053 1772 2089; x_wconf 92' lang='lat' dir='ltr'><strong>a</strong></span> <span class='ocrx_word' id='word_1_172' title='bbox 1819 2033 2117 2104; x_wconf 85' lang='lat' dir='ltr'><strong>patriarcha</strong></span> 
     </span>
    </p>
   </div>
   <div class='ocr_carea' id='block_1_21' title="bbox 539 2125 2119 2215">
    <p class='ocr_par' dir='ltr' id='par_1_21' title="bbox 539 2125 2119 2215">
     <span class='ocr_line' id='line_1_22' title="bbox 539 2125 2119 2215; baseline -0.017 -10"><span class='ocrx_word' id='word_1_173' title='bbox 539 2151 607 2204; x_wconf 91' lang='lat' dir='ltr'><strong>ab</strong></span> <span class='ocrx_word' id='word_1_174' title='bbox 632 2149 784 2203; x_wconf 89' lang='lat' dir='ltr'><strong>initio</strong></span> <span class='ocrx_word' id='word_1_175' title='bbox 807 2141 1126 2215; x_wconf 81' lang='lat' dir='ltr'><strong>impugnari.</strong></span> <span class='ocrx_word' id='word_1_176' title='bbox 1158 2137 1289 2193; x_wconf 91' lang='lat' dir='ltr'><strong>Cum</strong></span> <span class='ocrx_word' id='word_1_177' title='bbox 1329 2133 1654 2190; x_wconf 90' lang='lat' dir='ltr'><strong>ostendisset</strong></span> <span class='ocrx_word' id='word_1_178' title='bbox 1681 2129 1822 2185; x_wconf 89' lang='lat' dir='ltr'><strong>enim</strong></span> <span class='ocrx_word' id='word_1_179' title='bbox 1860 2125 2119 2197; x_wconf 88' lang='lat' dir='ltr'><strong>justitiam</strong></span> 
     </span>
    </p>
   </div>
   <div class='ocr_carea' id='block_1_22' title="bbox 541 2218 2120 2300">
    <p class='ocr_par' dir='ltr' id='par_1_22' title="bbox 541 2218 2120 2300">
     <span class='ocr_line' id='line_1_23' title="bbox 541 2218 2120 2300; baseline -0.02 0"><span class='ocrx_word' id='word_1_180' title='bbox 541 2245 663 2300; x_wconf 87' lang='lat' dir='ltr'><strong>ﬁdei</strong></span> <span class='ocrx_word' id='word_1_181' title='bbox 704 2247 1011 2298; x_wconf 90' lang='lat' dir='ltr'><strong>consortem</strong></span> <span class='ocrx_word' id='word_1_182' title='bbox 1063 2248 1220 2295; x_wconf 91' lang='lat' dir='ltr'><strong>esse;</strong></span> <span class='ocrx_word' id='word_1_183' title='bbox 1273 2231 1382 2299; x_wconf 88' lang='lat' dir='ltr'><strong>jam</strong></span> <span class='ocrx_word' id='word_1_184' title='bbox 1433 2227 1668 2282; x_wconf 88' lang='lat' dir='ltr'><strong>declarat</strong></span> <span class='ocrx_word' id='word_1_185' title='bbox 1713 2218 2120 2290; x_wconf 90' lang='lat' dir='ltr'><strong>promissionem</strong></span> 
     </span>
    </p>
   </div>
   <div class='ocr_carea' id='block_1_23' title="bbox 539 2305 2121 2392">
    <p class='ocr_par' dir='ltr' id='par_1_23' title="bbox 539 2305 2121 2392">
     <span class='ocr_line' id='line_1_24' title="bbox 539 2305 2121 2392; baseline -0.021 0"><span class='ocrx_word' id='word_1_186' title='bbox 539 2335 784 2392; x_wconf 88' lang='lat' dir='ltr'><strong>similiter</strong></span> <span class='ocrx_word' id='word_1_187' title='bbox 813 2345 873 2386; x_wconf 89' lang='lat' dir='ltr'><strong>se</strong></span> <span class='ocrx_word' id='word_1_188' title='bbox 905 2329 1122 2383; x_wconf 88' lang='lat' dir='ltr'><strong>habere.</strong></span> <span class='ocrx_word' id='word_1_189' title='bbox 1170 2323 1248 2378; x_wconf 84' lang='lat' dir='ltr'><strong>Ne</strong></span> <span class='ocrx_word' id='word_1_190' title='bbox 1275 2321 1476 2375; x_wconf 90' lang='lat' dir='ltr'><strong>diceret</strong></span> <span class='ocrx_word' id='word_1_191' title='bbox 1508 2316 1650 2371; x_wconf 89' lang='lat' dir='ltr'><strong>enim</strong></span> <span class='ocrx_word' id='word_1_192' title='bbox 1689 2312 1944 2375; x_wconf 58' lang='lat' dir='ltr'><strong>Iudaeus;</strong></span> <span class='ocrx_word' id='word_1_193' title='bbox 1985 2305 2121 2376; x_wconf 87' lang='lat' dir='ltr'><strong>Quid</strong></span> 
     </span>
    </p>
   </div>
   <div class='ocr_carea' id='block_1_24' title="bbox 541 2399 2123 2484">
    <p class='ocr_par' dir='ltr' id='par_1_24' title="bbox 541 2399 2123 2484">
     <span class='ocr_line' id='line_1_25' title="bbox 541 2399 2123 2484; baseline -0.018 -4"><span class='ocrx_word' id='word_1_194' title='bbox 541 2441 656 2480; x_wconf 89' lang='lat' dir='ltr'><strong>mea</strong></span> <span class='ocrx_word' id='word_1_195' title='bbox 687 2425 929 2484; x_wconf 88' lang='lat' dir='ltr'><strong>interest,</strong></span> <span class='ocrx_word' id='word_1_196' title='bbox 976 2418 1022 2472; x_wconf 93' lang='lat' dir='ltr'><strong>si</strong></span> <span class='ocrx_word' id='word_1_197' title='bbox 1052 2413 1319 2469; x_wconf 83' lang='lat' dir='ltr'><strong>Abraham</strong></span> <span class='ocrx_word' id='word_1_198' title='bbox 1369 2426 1432 2464; x_wconf 91' lang='lat' dir='ltr'><strong>ex</strong></span> <span class='ocrx_word' id='word_1_199' title='bbox 1482 2407 1587 2462; x_wconf 87' lang='lat' dir='ltr'><strong>ﬁde</strong></span> <span class='ocrx_word' id='word_1_200' title='bbox 1636 2404 1954 2474; x_wconf 89' lang='lat' dir='ltr'><strong>justiﬁcatus</strong></span> <span class='ocrx_word' id='word_1_201' title='bbox 1999 2399 2123 2453; x_wconf 86' lang='lat' dir='ltr'><strong>est?</strong></span> 
     </span>
    </p>
   </div>
   <div class='ocr_carea' id='block_1_25' title="bbox 540 2495 2123 2577">
    <p class='ocr_par' dir='ltr' id='par_1_25' title="bbox 540 2495 2123 2577">
     <span class='ocr_line' id='line_1_26' title="bbox 540 2495 2123 2577; baseline -0.021 -3"><span class='ocrx_word' id='word_1_202' title='bbox 540 2520 670 2574; x_wconf 90' lang='lat' dir='ltr'><strong>dicit</strong></span> <span class='ocrx_word' id='word_1_203' title='bbox 695 2515 913 2577; x_wconf 85' lang='lat' dir='ltr'><strong>Paulus,</strong></span> <span class='ocrx_word' id='word_1_204' title='bbox 945 2524 1014 2564; x_wconf 90' lang='lat' dir='ltr'><strong>ue</strong></span> <span class='ocrx_word' id='word_1_205' title='bbox 1047 2507 1098 2561; x_wconf 88' lang='lat' dir='ltr'><strong>id</strong></span> <span class='ocrx_word' id='word_1_206' title='bbox 1137 2505 1370 2575; x_wconf 86' lang='lat' dir='ltr'><strong>quidem,</strong></span> <span class='ocrx_word' id='word_1_207' title='bbox 1395 2499 1535 2570; x_wconf 88' lang='lat' dir='ltr'><strong>quod</strong></span> <span class='ocrx_word' id='word_1_208' title='bbox 1563 2497 1630 2552; x_wconf 90' lang='lat' dir='ltr'><strong>ad</strong></span> <span class='ocrx_word' id='word_1_209' title='bbox 1659 2505 1708 2551; x_wconf 91' lang='lat' dir='ltr'><strong>te</strong></span> <span class='ocrx_word' id='word_1_210' title='bbox 1738 2495 1968 2549; x_wconf 85' lang='lat' dir='ltr'><strong>maxime</strong></span> <span class='ocrx_word' id='word_1_211' title='bbox 2000 2506 2123 2558; x_wconf 86' lang='lat' dir='ltr'><strong>per-</strong></span> 
     </span>
    </p>
   </div>
   <div class='ocr_carea' id='block_1_26' title="bbox 543 2581 2124 2672">
    <p class='ocr_par' dir='ltr' id='par_1_26' title="bbox 543 2581 2124 2672">
     <span class='ocr_line' id='line_1_27' title="bbox 543 2581 2124 2672; baseline -0.018 -9"><span class='ocrx_word' id='word_1_212' title='bbox 543 2610 698 2672; x_wconf 88' lang='lat' dir='ltr'><strong>tinet,</strong></span> <span class='ocrx_word' id='word_1_213' title='bbox 754 2617 947 2671; x_wconf 87' lang='lat' dir='ltr'><strong>nempe</strong></span> <span class='ocrx_word' id='word_1_214' title='bbox 993 2594 1404 2668; x_wconf 89' lang='lat' dir='ltr'><strong>promissionem</strong></span> <span class='ocrx_word' id='word_1_215' title='bbox 1446 2586 1777 2650; x_wconf 86' lang='lat' dir='ltr'><strong>hereditatis,</strong></span> <span class='ocrx_word' id='word_1_216' title='bbox 1817 2594 1971 2653; x_wconf 86' lang='lat' dir='ltr'><strong>posse</strong></span> <span class='ocrx_word' id='word_1_217' title='bbox 2009 2581 2124 2634; x_wconf 90' lang='lat' dir='ltr'><strong>sine</strong></span> 
     </span>
    </p>
   </div>
   <div class='ocr_carea' id='block_1_27' title="bbox 542 2673 2121 2765">
    <p class='ocr_par' dir='ltr' id='par_1_27' title="bbox 542 2673 2121 2765">
     <span class='ocr_line' id='line_1_28' title="bbox 542 2673 2121 2765; baseline -0.02 -11"><span class='ocrx_word' id='word_1_218' title='bbox 542 2701 630 2754; x_wconf 89' lang='lat' dir='ltr'><strong>illa</strong></span> <span class='ocrx_word' id='word_1_219' title='bbox 663 2697 730 2751; x_wconf 89' lang='lat' dir='ltr'><strong>ad</strong></span> <span class='ocrx_word' id='word_1_220' title='bbox 759 2709 897 2765; x_wconf 91' lang='lat' dir='ltr'><strong>opus</strong></span> <span class='ocrx_word' id='word_1_221' title='bbox 919 2692 1040 2746; x_wconf 90' lang='lat' dir='ltr'><strong>duci</strong></span> <span class='ocrx_word' id='word_1_222' title='bbox 1071 2708 1084 2743; x_wconf 88' lang='lat'>:</span> <span class='ocrx_word' id='word_1_223' title='bbox 1117 2686 1258 2758; x_wconf 90' lang='lat' dir='ltr'><strong>quod</strong></span> <span class='ocrx_word' id='word_1_224' title='bbox 1289 2683 1520 2738; x_wconf 89' lang='lat' dir='ltr'><strong>maxime</strong></span> <span class='ocrx_word' id='word_1_225' title='bbox 1551 2679 1658 2733; x_wconf 91' lang='lat' dir='ltr'><strong>illis</strong></span> <span class='ocrx_word' id='word_1_226' title='bbox 1686 2678 1931 2731; x_wconf 89' lang='lat' dir='ltr'><strong>timorem</strong></span> <span class='ocrx_word' id='word_1_227' title='bbox 1965 2673 2121 2765; x_wconf 83' lang='lat' dir='ltr'><strong>incu-</strong></span> 
     </span>
    </p>
   </div>
   <div class='ocr_carea' id='block_1_28' title="bbox 545 2763 2124 2855">
    <p class='ocr_par' dir='ltr' id='par_1_28' title="bbox 545 2763 2124 2855">
     <span class='ocr_line' id='line_1_29' title="bbox 545 2763 2124 2855; baseline -0.019 -10"><span class='ocrx_word' id='word_1_228' title='bbox 545 2792 625 2847; x_wconf 92' lang='lat' dir='ltr'><strong>tit.</strong></span> <span class='ocrx_word' id='word_1_229' title='bbox 655 2763 825 2855; x_wconf 81' lang='lat' dir='ltr'><strong>Quatn</strong></span> <span class='ocrx_word' id='word_1_230' title='bbox 847 2827 863 2852; x_wconf 98' lang='lat'><strong>,</strong></span> <span class='ocrx_word' id='word_1_231' title='bbox 896 2781 1126 2852; x_wconf 90' lang='lat' dir='ltr'><strong>inquies,</strong></span> <span class='ocrx_word' id='word_1_232' title='bbox 1177 2770 1630 2847; x_wconf 78' lang='lat' dir='ltr'><strong>promissionem?</strong></span> <span class='ocrx_word' id='word_1_233' title='bbox 1655 2769 1722 2826; x_wconf 91' lang='lat' dir='ltr'><strong>Ut</strong></span> <span class='ocrx_word' id='word_1_234' title='bbox 1753 2765 1935 2821; x_wconf 88' lang='lat' dir='ltr'><strong>mttndi</strong></span> <span class='ocrx_word' id='word_1_235' title='bbox 1967 2763 2124 2816; x_wconf 89' lang='lat' dir='ltr'><strong>heres</strong></span> 
     </span>
    </p>
   </div>
   <div class='ocr_carea' id='block_1_29' title="bbox 542 2857 2127 2948">
    <p class='ocr_par' dir='ltr' id='par_1_29' title="bbox 542 2857 2127 2948">
     <span class='ocr_line' id='line_1_30' title="bbox 542 2857 2127 2948; baseline -0.019 -10"><span class='ocrx_word' id='word_1_236' title='bbox 542 2884 634 2948; x_wconf 90' lang='lat' dir='ltr'><strong>sit,</strong></span> <span class='ocrx_word' id='word_1_237' title='bbox 663 2890 718 2936; x_wconf 91' lang='lat' dir='ltr'><strong>et</strong></span> <span class='ocrx_word' id='word_1_238' title='bbox 745 2879 797 2933; x_wconf 91' lang='lat' dir='ltr'><strong>in</strong></span> <span class='ocrx_word' id='word_1_239' title='bbox 826 2878 917 2932; x_wconf 92' lang='lat' dir='ltr'><strong>illo</strong></span> <span class='ocrx_word' id='word_1_240' title='bbox 943 2886 1131 2929; x_wconf 91' lang='lat' dir='ltr'><strong>omnes</strong></span> <span class='ocrx_word' id='word_1_241' title='bbox 1162 2864 1569 2924; x_wconf 77' lang='lat' dir='ltr'><strong>benedicentur.</strong></span> <span class='ocrx_word' id='word_1_242' title='bbox 1609 2862 1676 2920; x_wconf 81' lang='lat' dir='ltr'><strong>Et</strong></span> <span class='ocrx_word' id='word_1_243' title='bbox 1702 2858 1971 2930; x_wconf 89' lang='lat' dir='ltr'><strong>quomodo</strong></span> <span class='ocrx_word' id='word_1_244' title='bbox 1997 2857 2127 2910; x_wconf 83' lang='lat' dir='ltr'><strong>abo-</strong></span> 
     </span>
    </p>
   </div>
   <div class='ocr_carea' id='block_1_30' title="bbox 543 2952 2124 3037">
    <p class='ocr_par' dir='ltr' id='par_1_30' title="bbox 543 2952 2124 3037">
     <span class='ocr_line' id='line_1_31' title="bbox 543 2952 2124 3037; baseline -0.018 -9"><span class='ocrx_word' id='word_1_245' title='bbox 543 2975 636 3028; x_wconf 91' lang='lat' dir='ltr'><strong>lita</strong></span> <span class='ocrx_word' id='word_1_246' title='bbox 667 2971 736 3026; x_wconf 92' lang='lat' dir='ltr'><strong>sit</strong></span> <span class='ocrx_word' id='word_1_247' title='bbox 767 2969 854 3024; x_wconf 90' lang='lat' dir='ltr'><strong>illa</strong></span> <span class='ocrx_word' id='word_1_248' title='bbox 882 2964 1186 3037; x_wconf 90' lang='lat' dir='ltr'><strong>promissio,</strong></span> <span class='ocrx_word' id='word_1_249' title='bbox 1212 2959 1342 3016; x_wconf 90' lang='lat' dir='ltr'><strong>dicit</strong></span> <span class='ocrx_word' id='word_1_250' title='bbox 1371 2975 1382 3010; x_wconf 92' lang='lat'>:</span> <span class='ocrx_word' id='word_1_251' title='bbox 1416 2957 1502 3011; x_wconf 79' lang='grc'><strong>15.</strong></span> <span class='ocrx_word' id='word_1_252' title='bbox 1552 2954 1684 3020; x_wconf 84' lang='lat' dir='ltr'><strong>Quia</strong></span> <span class='ocrx_word' id='word_1_253' title='bbox 1721 2968 1812 3006; x_wconf 73' lang='lat' dir='ltr'><strong>rex</strong></span> <span class='ocrx_word' id='word_1_254' title='bbox 1839 2952 1970 3004; x_wconf 87' lang='lat' dir='ltr'><strong>iram</strong></span> <span class='ocrx_word' id='word_1_255' title='bbox 1999 2964 2124 3018; x_wconf 86' lang='lat' dir='ltr'><strong>ope-</strong></span> 
     </span>
    </p>
   </div>
   <div class='ocr_carea' id='block_1_31' title="bbox 541 3040 2122 3131">
    <p class='ocr_par' dir='ltr' id='par_1_31' title="bbox 541 3040 2122 3131">
     <span class='ocr_line' id='line_1_32' title="bbox 541 3040 2122 3131; baseline -0.018 -11"><span class='ocrx_word' id='word_1_256' title='bbox 541 3074 687 3120; x_wconf 80' lang='lat' dir='ltr'><strong>ratur</strong></span> <span class='ocrx_word' id='word_1_257' title='bbox 713 3078 730 3116; x_wconf 87' lang='lat'><strong><em>:</em></strong></span> <span class='ocrx_word' id='word_1_258' title='bbox 752 3062 898 3131; x_wconf 90' lang='lat' dir='ltr'><strong>cujus</strong></span> <span class='ocrx_word' id='word_1_259' title='bbox 923 3058 1055 3112; x_wconf 89' lang='lat' dir='ltr'><strong>enim</strong></span> <span class='ocrx_word' id='word_1_260' title='bbox 1076 3056 1158 3109; x_wconf 72' lang='lat' dir='ltr'><strong>tea:</strong></span> <span class='ocrx_word' id='word_1_261' title='bbox 1173 3069 1272 3106; x_wconf 90' lang='lat' dir='ltr'><strong>non</strong></span> <span class='ocrx_word' id='word_1_262' title='bbox 1297 3059 1391 3114; x_wconf 84' lang='lat' dir='ltr'><strong>est,</strong></span> <span class='ocrx_word' id='word_1_263' title='bbox 1417 3049 1572 3115; x_wconf 89' lang='lat' dir='ltr'><strong>hujus</strong></span> <span class='ocrx_word' id='word_1_264' title='bbox 1593 3061 1750 3114; x_wconf 84' lang='lat' dir='ltr'><strong>neque</strong></span> <span class='ocrx_word' id='word_1_265' title='bbox 1771 3040 2122 3112; x_wconf 70' lang='lat' dir='ltr'><strong>transgressio.</strong></span> 
     </span>
    </p>
   </div>
   <div class='ocr_carea' id='block_1_32' title="bbox 544 3129 2127 3216">
    <p class='ocr_par' dir='ltr' id='par_1_32' title="bbox 544 3129 2127 3216">
     <span class='ocr_line' id='line_1_33' title="bbox 544 3129 2127 3216; baseline -0.019 -4"><span class='ocrx_word' id='word_1_266' title='bbox 544 3157 602 3213; x_wconf 91' lang='lat' dir='ltr'><strong>Si</strong></span> <span class='ocrx_word' id='word_1_267' title='bbox 629 3169 759 3210; x_wconf 85' lang='lat' dir='ltr'><strong>vero</strong></span> <span class='ocrx_word' id='word_1_268' title='bbox 801 3129 933 3206; x_wconf 87' lang='lat' dir='ltr'><strong>iram</strong></span> <span class='ocrx_word' id='word_1_269' title='bbox 984 3153 1255 3216; x_wconf 84' lang='lat' dir='ltr'><strong>Operatur,</strong></span> <span class='ocrx_word' id='word_1_270' title='bbox 1301 3149 1355 3195; x_wconf 90' lang='lat' dir='ltr'><strong>et</strong></span> <span class='ocrx_word' id='word_1_271' title='bbox 1403 3134 1813 3206; x_wconf 85' lang='lat' dir='ltr'><strong>transgressioni</strong></span> <span class='ocrx_word' id='word_1_272' title='bbox 1865 3129 2127 3186; x_wconf 82' lang='lat' dir='ltr'><strong>obnoxios</strong></span> 
     </span>
    </p>
   </div>
   <div class='ocr_carea' id='block_1_33' title="bbox 543 3222 2126 3310">
    <p class='ocr_par' dir='ltr' id='par_1_33' title="bbox 543 3222 2126 3310">
     <span class='ocr_line' id='line_1_34' title="bbox 543 3222 2126 3310; baseline -0.021 -6"><span class='ocrx_word' id='word_1_273' title='bbox 543 3246 758 3310; x_wconf 90' lang='lat' dir='ltr'><strong>reddit;</strong></span> <span class='ocrx_word' id='word_1_274' title='bbox 814 3241 994 3302; x_wconf 88' lang='lat' dir='ltr'><strong>etiam,</strong></span> <span class='ocrx_word' id='word_1_275' title='bbox 1047 3244 1105 3290; x_wconf 89' lang='lat' dir='ltr'><strong>ut</strong></span> <span class='ocrx_word' id='word_1_276' title='bbox 1157 3225 1748 3302; x_wconf 84' lang='lat' dir='ltr'><strong>liquet,&#39;maledictioni</strong></span> <span class='ocrx_word' id='word_1_277' title='bbox 1796 3240 1808 3275; x_wconf 90' lang='lat'>:</span> <span class='ocrx_word' id='word_1_278' title='bbox 1855 3222 1944 3292; x_wconf 90' lang='lat' dir='ltr'><strong>qui</strong></span> <span class='ocrx_word' id='word_1_279' title='bbox 1999 3235 2126 3310; x_wconf 87' lang='lat' dir='ltr'><strong>vero</strong></span> 
     </span>
    </p>
   </div>
   <div class='ocr_carea' id='block_1_34' title="bbox 546 3309 2126 3395">
    <p class='ocr_par' dir='ltr' id='par_1_34' title="bbox 546 3309 2126 3395">
     <span class='ocr_line' id='line_1_35' title="bbox 546 3309 2126 3395; baseline -0.019 -4"><span class='ocrx_word' id='word_1_280' title='bbox 546 3330 905 3392; x_wconf 88' lang='lat' dir='ltr'><strong>maledictioni</strong></span> <span class='ocrx_word' id='word_1_281' title='bbox 933 3369 948 3392; x_wconf 94' lang='lat'><strong>,</strong></span> <span class='ocrx_word' id='word_1_282' title='bbox 992 3322 1260 3395; x_wconf 90' lang='lat' dir='ltr'><strong>supplicio</strong></span> <span class='ocrx_word' id='word_1_283' title='bbox 1295 3331 1348 3376; x_wconf 92' lang='lat' dir='ltr'><strong>et</strong></span> <span class='ocrx_word' id='word_1_284' title='bbox 1396 3313 1806 3386; x_wconf 88' lang='lat' dir='ltr'><strong>transgressioni</strong></span> <span class='ocrx_word' id='word_1_285' title='bbox 1855 3319 1981 3365; x_wconf 89' lang='lat' dir='ltr'><strong>sunt</strong></span> <span class='ocrx_word' id='word_1_286' title='bbox 2032 3309 2126 3362; x_wconf 55' lang='lat' dir='ltr'><strong>ob.</strong></span> 
     </span>
    </p>
   </div>
   <div class='ocr_carea' id='block_1_35' title="bbox 547 3402 2126 3491">
    <p class='ocr_par' dir='ltr' id='par_1_35' title="bbox 547 3402 2126 3491">
     <span class='ocr_line' id='line_1_36' title="bbox 547 3402 2126 3491; baseline -0.02 -7"><span class='ocrx_word' id='word_1_287' title='bbox 547 3429 730 3491; x_wconf 90' lang='lat' dir='ltr'><strong>noxii;</strong></span> <span class='ocrx_word' id='word_1_288' title='bbox 761 3425 813 3478; x_wconf 91' lang='lat' dir='ltr'><strong>hi</strong></span> <span class='ocrx_word' id='word_1_289' title='bbox 854 3437 960 3476; x_wconf 94' lang='lat' dir='ltr'><strong>non</strong></span> <span class='ocrx_word' id='word_1_290' title='bbox 987 3417 1133 3488; x_wconf 81' lang='lat' dir='ltr'><strong>digni</strong></span> <span class='ocrx_word' id='word_1_291' title='bbox 1160 3424 1285 3470; x_wconf 91' lang='lat' dir='ltr'><strong>sunt</strong></span> <span class='ocrx_word' id='word_1_292' title='bbox 1327 3411 1416 3481; x_wconf 92' lang='lat' dir='ltr'><strong>qui</strong></span> <span class='ocrx_word' id='word_1_293' title='bbox 1465 3407 1813 3463; x_wconf 89' lang='lat' dir='ltr'><strong>hereditatem</strong></span> <span class='ocrx_word' id='word_1_294' title='bbox 1844 3402 2126 3472; x_wconf 89' lang='lat' dir='ltr'><strong>accipiant,</strong></span> 
     </span>
    </p>
   </div>
   <div class='ocr_carea' id='block_1_36' title="bbox 547 3491 2130 3586">
    <p class='ocr_par' dir='ltr' id='par_1_36' title="bbox 547 3491 2130 3586">
     <span class='ocr_line' id='line_1_37' title="bbox 547 3491 2130 3586; baseline -0.02 -11"><span class='ocrx_word' id='word_1_295' title='bbox 547 3519 642 3575; x_wconf 89' lang='lat' dir='ltr'><strong>sed</strong></span> <span class='ocrx_word' id='word_1_296' title='bbox 666 3517 752 3586; x_wconf 90' lang='lat' dir='ltr'><strong>qui</strong></span> <span class='ocrx_word' id='word_1_297' title='bbox 787 3526 969 3582; x_wconf 82' lang='lat' dir='ltr'><strong>poenas</strong></span> <span class='ocrx_word' id='word_1_298' title='bbox 992 3509 1119 3563; x_wconf 89' lang='lat' dir='ltr'><strong>dent</strong></span> <span class='ocrx_word' id='word_1_299' title='bbox 1139 3515 1195 3560; x_wconf 90' lang='lat' dir='ltr'><strong>et</strong></span> <span class='ocrx_word' id='word_1_300' title='bbox 1215 3503 1513 3573; x_wconf 89' lang='lat' dir='ltr'><strong>ejiciantur.</strong></span> <span class='ocrx_word' id='word_1_301' title='bbox 1545 3497 1682 3565; x_wconf 88' lang='lat' dir='ltr'><strong>Quid</strong></span> <span class='ocrx_word' id='word_1_302' title='bbox 1710 3495 1768 3549; x_wconf 91' lang='lat' dir='ltr'><strong>ﬁt</strong></span> <span class='ocrx_word' id='word_1_303' title='bbox 1796 3495 1955 3586; x_wconf 77' lang='lat' dir='ltr'><strong>igitur</strong></span> <span class='ocrx_word' id='word_1_304' title='bbox 2026 3491 2130 3586; x_wconf 42' lang='lat' dir='ltr'><strong>Ve:</strong></span> 
     </span>
    </p>
   </div>
   <div class='ocr_carea' id='block_1_37' title="bbox 549 3581 2128 3672">
    <p class='ocr_par' dir='ltr' id='par_1_37' title="bbox 549 3581 2128 3672">
     <span class='ocr_line' id='line_1_38' title="bbox 549 3581 2128 3672; baseline -0.018 -9"><span class='ocrx_word' id='word_1_305' title='bbox 549 3611 628 3663; x_wconf 93' lang='lat' dir='ltr'><strong>nit</strong></span> <span class='ocrx_word' id='word_1_306' title='bbox 665 3581 798 3661; x_wconf 83' lang='lat' dir='ltr'><strong>fides</strong></span> <span class='ocrx_word' id='word_1_307' title='bbox 830 3618 923 3672; x_wconf 91' lang='lat' dir='ltr'><strong>per</strong></span> <span class='ocrx_word' id='word_1_308' title='bbox 949 3599 1175 3669; x_wconf 82' lang='lat' dir='ltr'><strong>gratiam</strong></span> <span class='ocrx_word' id='word_1_309' title='bbox 1201 3601 1422 3648; x_wconf 88' lang='lat' dir='ltr'><strong>attracta</strong></span> <span class='ocrx_word' id='word_1_310' title='bbox 1457 3591 1498 3655; x_wconf 88' lang='grc'><strong>¹,</strong></span> <span class='ocrx_word' id='word_1_311' title='bbox 1527 3589 1598 3642; x_wconf 89' lang='lat' dir='ltr'><strong>ita</strong></span> <span class='ocrx_word' id='word_1_312' title='bbox 1646 3595 1703 3640; x_wconf 92' lang='lat' dir='ltr'><strong>ut</strong></span> <span class='ocrx_word' id='word_1_313' title='bbox 1749 3583 2033 3655; x_wconf 90' lang='lat' dir='ltr'><strong>promissio</strong></span> <span class='ocrx_word' id='word_1_314' title='bbox 2062 3581 2128 3634; x_wconf 88' lang='lat' dir='ltr'><strong>ad</strong></span> 
     </span>
    </p>
   </div>
   <div class='ocr_carea' id='block_1_38' title="bbox 549 3674 2128 3770">
    <p class='ocr_par' dir='ltr' id='par_1_38' title="bbox 549 3674 2128 3770">
     <span class='ocr_line' id='line_1_39' title="bbox 549 3674 2128 3770; baseline -0.017 -17"><span class='ocrx_word' id='word_1_315' title='bbox 549 3711 684 3770; x_wconf 86' lang='lat' dir='ltr'><strong>opus</strong></span> <span class='ocrx_word' id='word_1_316' title='bbox 704 3695 1018 3750; x_wconf 86' lang='lat' dir='ltr'><strong>deducatur.</strong></span> <span class='ocrx_word' id='word_1_317' title='bbox 1049 3686 1152 3744; x_wconf 87' lang='lat' dir='ltr'><strong>Ubi</strong></span> <span class='ocrx_word' id='word_1_318' title='bbox 1179 3685 1319 3740; x_wconf 86' lang='lat' dir='ltr'><strong>enim</strong></span> <span class='ocrx_word' id='word_1_319' title='bbox 1347 3692 1429 3738; x_wconf 89' lang='lat' dir='ltr'><strong>est</strong></span> <span class='ocrx_word' id='word_1_320' title='bbox 1457 3681 1645 3750; x_wconf 86' lang='lat' dir='ltr'><strong>gratia,</strong></span> <span class='ocrx_word' id='word_1_321' title='bbox 1672 3679 1740 3733; x_wconf 91' lang='lat' dir='ltr'><strong>ibi</strong></span> <span class='ocrx_word' id='word_1_322' title='bbox 1767 3688 1820 3731; x_wconf 93' lang='lat' dir='ltr'><strong>et</strong></span> <span class='ocrx_word' id='word_1_323' title='bbox 1848 3674 2128 3739; x_wconf 87' lang='lat' dir='ltr'><strong>remissio;</strong></span> 
     </span>
    </p>
   </div>
   <div class='ocr_carea' id='block_1_39' title="bbox 550 3770 2130 3845">
    <p class='ocr_par' dir='ltr' id='par_1_39' title="bbox 550 3770 2130 3845">
     <span class='ocr_line' id='line_1_40' title="bbox 550 3770 2130 3845; baseline -0.017 0"><span class='ocrx_word' id='word_1_324' title='bbox 550 3790 642 3845; x_wconf 90' lang='lat' dir='ltr'><strong>ubi</strong></span> <span class='ocrx_word' id='word_1_325' title='bbox 670 3783 938 3844; x_wconf 88' lang='lat' dir='ltr'><strong>remissio,</strong></span> <span class='ocrx_word' id='word_1_326' title='bbox 970 3780 1041 3834; x_wconf 90' lang='lat' dir='ltr'><strong>ibi</strong></span> <span class='ocrx_word' id='word_1_327' title='bbox 1071 3777 1274 3832; x_wconf 90' lang='lat' dir='ltr'><strong>nullum</strong></span> <span class='ocrx_word' id='word_1_328' title='bbox 1306 3773 1624 3843; x_wconf 91' lang='lat' dir='ltr'><strong>supplicium</strong></span> <span class='ocrx_word' id='word_1_329' title='bbox 1658 3789 1670 3826; x_wconf 89' lang='lat'>:</span> <span class='ocrx_word' id='word_1_330' title='bbox 1702 3770 1914 3824; x_wconf 88' lang='lat' dir='ltr'><strong>sublato</strong></span> <span class='ocrx_word' id='word_1_331' title='bbox 1953 3775 2130 3820; x_wconf 91' lang='lat' dir='ltr'><strong>autem</strong></span> 
     </span>
    </p>
   </div>
   <div class='ocr_carea' id='block_1_40' title="bbox 553 3858 2128 3950">
    <p class='ocr_par' dir='ltr' id='par_1_40' title="bbox 553 3858 2128 3950">
     <span class='ocr_line' id='line_1_41' title="bbox 553 3858 2128 3950; baseline -0.015 -16"><span class='ocrx_word' id='word_1_332' title='bbox 553 3876 835 3950; x_wconf 88' lang='lat' dir='ltr'><strong>supplicio,</strong></span> <span class='ocrx_word' id='word_1_333' title='bbox 865 3884 918 3929; x_wconf 90' lang='lat' dir='ltr'><strong>et</strong></span> <span class='ocrx_word' id='word_1_334' title='bbox 945 3870 1149 3942; x_wconf 89' lang='lat' dir='ltr'><strong>justitia</strong></span> <span class='ocrx_word' id='word_1_335' title='bbox 1174 3883 1204 3921; x_wconf 89' lang='lat' dir='ltr'><strong>a</strong></span> <span class='ocrx_word' id='word_1_336' title='bbox 1237 3865 1342 3920; x_wconf 93' lang='lat' dir='ltr'><strong>ﬁde</strong></span> <span class='ocrx_word' id='word_1_337' title='bbox 1367 3864 1653 3919; x_wconf 79' lang='lat' dir='ltr'><strong>accedente</strong></span> <span class='ocrx_word' id='word_1_338' title='bbox 1673 3903 1689 3929; x_wconf 96' lang='lat'><strong>,</strong></span> <span class='ocrx_word' id='word_1_339' title='bbox 1723 3861 1852 3916; x_wconf 92' lang='lat' dir='ltr'><strong>nihil</strong></span> <span class='ocrx_word' id='word_1_340' title='bbox 1887 3858 2128 3929; x_wconf 88' lang='lat' dir='ltr'><strong>impedit,</strong></span> 
     </span>
    </p>
   </div>
   <div class='ocr_carea' id='block_1_41' title="bbox 550 3952 2132 4043">
    <p class='ocr_par' dir='ltr' id='par_1_41' title="bbox 550 3952 2132 4043">
     <span class='ocr_line' id='line_1_42' title="bbox 550 3952 2132 4043; baseline -0.016 -17"><span class='ocrx_word' id='word_1_341' title='bbox 550 3969 838 4043; x_wconf 85' lang='lat' dir='ltr'><strong>quominus</strong></span> <span class='ocrx_word' id='word_1_342' title='bbox 878 3980 974 4018; x_wconf 92' lang='lat' dir='ltr'><strong>nos</strong></span> <span class='ocrx_word' id='word_1_343' title='bbox 1017 3959 1244 4018; x_wconf 87' lang='lat' dir='ltr'><strong>heredes</strong></span> <span class='ocrx_word' id='word_1_344' title='bbox 1278 3958 1446 4013; x_wconf 89' lang='lat' dir='ltr'><strong>simus</strong></span> <span class='ocrx_word' id='word_1_345' title='bbox 1486 3952 1858 4027; x_wconf 89' lang='lat' dir='ltr'><strong>promissionis</strong></span> <span class='ocrx_word' id='word_1_346' title='bbox 1885 3993 1900 4016; x_wconf 96' lang='lat'><strong>,</strong></span> <span class='ocrx_word' id='word_1_347' title='bbox 1953 3963 2132 4036; x_wconf 3' lang='lat' dir='ltr'><strong>quzeja</strong></span> 
     </span>
    </p>
   </div>
   <div class='ocr_carea' id='block_1_42' title="bbox 554 4042 2134 4123">
    <p class='ocr_par' dir='ltr' id='par_1_42' title="bbox 554 4042 2134 4123">
     <span class='ocr_line' id='line_1_43' title="bbox 554 4042 2134 4123; baseline -0.017 -7"><span class='ocrx_word' id='word_1_348' title='bbox 554 4042 659 4116; x_wconf 86' lang='lat' dir='ltr'><strong>fide</strong></span> <span class='ocrx_word' id='word_1_349' title='bbox 686 4067 789 4115; x_wconf 87' lang='lat' dir='ltr'><strong>est.</strong></span> <span class='ocrx_word' id='word_1_350' title='bbox 819 4056 904 4111; x_wconf 81' lang='grc'><strong>16.</strong></span> <span class='ocrx_word' id='word_1_351' title='bbox 938 4053 1064 4108; x_wconf 84' lang='lat' dir='ltr'><strong>Ideo</strong></span> <span class='ocrx_word' id='word_1_352' title='bbox 1094 4053 1247 4123; x_wconf 83' lang='lat' dir='ltr'><strong>igitur</strong></span> <span class='ocrx_word' id='word_1_353' title='bbox 1275 4065 1337 4104; x_wconf 84' lang='lat' dir='ltr'><strong>ea:</strong></span> <span class='ocrx_word' id='word_1_354' title='bbox 1365 4047 1488 4118; x_wconf 85' lang='lat' dir='ltr'><strong>fide,</strong></span> <span class='ocrx_word' id='word_1_355' title='bbox 1520 4046 1614 4110; x_wconf 89' lang='lat' dir='ltr'><strong>ait,</strong></span> <span class='ocrx_word' id='word_1_356' title='bbox 1642 4054 1698 4098; x_wconf 90' lang='lat' dir='ltr'><strong>ut</strong></span> <span class='ocrx_word' id='word_1_357' title='bbox 1716 4042 1991 4097; x_wconf 85' lang='lat' dir='ltr'><strong>secundum</strong></span> <span class='ocrx_word' id='word_1_358' title='bbox 2011 4055 2134 4108; x_wconf 88' lang='lat' dir='ltr'><strong>gra-</strong></span> 
     </span>
    </p>
   </div>
   <div class='ocr_carea' id='block_1_43' title="bbox 555 4129 2136 4216">
    <p class='ocr_par' dir='ltr' id='par_1_43' title="bbox 555 4129 2136 4216">
     <span class='ocr_line' id='line_1_44' title="bbox 555 4129 2136 4216; baseline -0.015 -9"><span class='ocrx_word' id='word_1_359' title='bbox 555 4155 697 4216; x_wconf 82' lang='lat' dir='ltr'><strong>tiam,</strong></span> <span class='ocrx_word' id='word_1_360' title='bbox 727 4160 773 4204; x_wconf 87' lang='lat' dir='ltr'><strong>et</strong></span> <span class='ocrx_word' id='word_1_361' title='bbox 795 4159 847 4202; x_wconf 87' lang='lat' dir='ltr'><strong>ut</strong></span> <span class='ocrx_word' id='word_1_362' title='bbox 869 4147 1022 4216; x_wconf 72' lang='lat' dir='ltr'><strong>ﬁrma</strong></span> <span class='ocrx_word' id='word_1_363' title='bbox 1039 4145 1104 4199; x_wconf 91' lang='lat' dir='ltr'><strong>sit</strong></span> <span class='ocrx_word' id='word_1_364' title='bbox 1134 4129 1398 4210; x_wconf 76' lang='lat' dir='ltr'><strong>promissio</strong></span> <span class='ocrx_word' id='word_1_365' title='bbox 1427 4137 1520 4190; x_wconf 87' lang='lat' dir='ltr'><strong>Dei</strong></span> <span class='ocrx_word' id='word_1_366' title='bbox 1544 4137 1778 4189; x_wconf 86' lang='lat' dir='ltr'><strong>universo</strong></span> <span class='ocrx_word' id='word_1_367' title='bbox 1806 4132 2005 4196; x_wconf 83' lang='lat' dir='ltr'><strong>semini,</strong></span> <span class='ocrx_word' id='word_1_368' title='bbox 2035 4147 2136 4184; x_wconf 85' lang='lat' dir='ltr'><strong>non</strong></span> 
     </span>
    </p>
   </div>
   <div class='ocr_carea' id='block_1_44' title="bbox 552 4221 2138 4311">
    <p class='ocr_par' dir='ltr' id='par_1_44' title="bbox 552 4221 2138 4311">
     <span class='ocr_line' id='line_1_45' title="bbox 552 4221 2138 4311; baseline -0.015 -14"><span class='ocrx_word' id='word_1_369' title='bbox 552 4245 597 4296; x_wconf 78' lang='lat' dir='ltr'><strong>ei</strong></span> <span class='ocrx_word' id='word_1_370' title='bbox 647 4241 781 4311; x_wconf 88' lang='lat' dir='ltr'><strong>quod</strong></span> <span class='ocrx_word' id='word_1_371' title='bbox 820 4254 882 4291; x_wconf 85' lang='lat' dir='ltr'><strong>ea:</strong></span> <span class='ocrx_word' id='word_1_372' title='bbox 907 4238 1016 4307; x_wconf 82' lang='lat' dir='ltr'><strong>lege</strong></span> <span class='ocrx_word' id='word_1_373' title='bbox 1053 4243 1123 4287; x_wconf 87' lang='lat' dir='ltr'><strong>est</strong></span> <span class='ocrx_word' id='word_1_374' title='bbox 1153 4241 1367 4293; x_wconf 85' lang='lat' dir='ltr'><strong>tantum,</strong></span> <span class='ocrx_word' id='word_1_375' title='bbox 1409 4227 1497 4280; x_wconf 85' lang='lat' dir='ltr'><strong>sed</strong></span> <span class='ocrx_word' id='word_1_376' title='bbox 1527 4227 1677 4280; x_wconf 90' lang='lat' dir='ltr'><strong>etiam</strong></span> <span class='ocrx_word' id='word_1_377' title='bbox 1707 4225 1752 4278; x_wconf 90' lang='lat' dir='ltr'><strong>ei</strong></span> <span class='ocrx_word' id='word_1_378' title='bbox 1789 4222 1923 4291; x_wconf 90' lang='lat' dir='ltr'><strong>quod</strong></span> <span class='ocrx_word' id='word_1_379' title='bbox 1945 4238 2010 4275; x_wconf 82' lang='lat' dir='ltr'><strong>ea:</strong></span> <span class='ocrx_word' id='word_1_380' title='bbox 2036 4221 2138 4288; x_wconf 79' lang='lat' dir='ltr'><strong>[ide</strong></span> 
     </span>
    </p>
   </div>
   <div class='ocr_carea' id='block_1_45' title="bbox 557 4311 2137 4396">
    <p class='ocr_par' dir='ltr' id='par_1_45' title="bbox 557 4311 2137 4396">
     <span class='ocr_line' id='line_1_46' title="bbox 557 4311 2137 4396; baseline -0.013 -10"><span class='ocrx_word' id='word_1_381' title='bbox 557 4331 790 4392; x_wconf 71' lang='lat' dir='ltr'><strong>Abrahae,</strong></span> <span class='ocrx_word' id='word_1_382' title='bbox 806 4327 890 4396; x_wconf 87' lang='lat' dir='ltr'><strong>qui</strong></span> <span class='ocrx_word' id='word_1_383' title='bbox 903 4334 972 4378; x_wconf 81' lang='lat' dir='ltr'><strong>est</strong></span> <span class='ocrx_word' id='word_1_384' title='bbox 990 4333 1129 4392; x_wconf 86' lang='lat' dir='ltr'><strong>pater</strong></span> <span class='ocrx_word' id='word_1_385' title='bbox 1139 4320 1361 4373; x_wconf 90' lang='lat' dir='ltr'><strong>omnium</strong></span> <span class='ocrx_word' id='word_1_386' title='bbox 1389 4324 1633 4368; x_wconf 88' lang='lat' dir='ltr'><strong>nostrum.</strong></span> <span class='ocrx_word' id='word_1_387' title='bbox 1655 4312 1839 4368; x_wconf 84' lang='lat' dir='ltr'><strong>Viden‘</strong></span> <span class='ocrx_word' id='word_1_388' title='bbox 1852 4311 1990 4381; x_wconf 91' lang='lat' dir='ltr'><strong>quod</strong></span> <span class='ocrx_word' id='word_1_389' title='bbox 2007 4311 2137 4366; x_wconf 91' lang='lat' dir='ltr'><strong>ﬁdes</strong></span> 
     </span>
    </p>
   </div>
   <div class='ocr_carea' id='block_1_46' title="bbox 561 4403 2139 4483">
    <p class='ocr_par' dir='ltr' id='par_1_46' title="bbox 561 4403 2139 4483">
     <span class='ocr_line' id='line_1_47' title="bbox 561 4403 2139 4483; baseline -0.012 -7"><span class='ocrx_word' id='word_1_390' title='bbox 561 4438 666 4476; x_wconf 90' lang='lat' dir='ltr'><strong>non</strong></span> <span class='ocrx_word' id='word_1_391' title='bbox 707 4420 876 4473; x_wconf 91' lang='lat' dir='ltr'><strong>solum</strong></span> <span class='ocrx_word' id='word_1_392' title='bbox 911 4416 1082 4483; x_wconf 81' lang='lat' dir='ltr'><strong>legem</strong></span> <span class='ocrx_word' id='word_1_393' title='bbox 1113 4409 1364 4473; x_wconf 90' lang='lat' dir='ltr'><strong>stabiliat,</strong></span> <span class='ocrx_word' id='word_1_394' title='bbox 1415 4405 1509 4460; x_wconf 91' lang='lat' dir='ltr'><strong>sed</strong></span> <span class='ocrx_word' id='word_1_395' title='bbox 1555 4406 1713 4459; x_wconf 91' lang='lat' dir='ltr'><strong>etiam</strong></span> <span class='ocrx_word' id='word_1_396' title='bbox 1750 4403 1888 4474; x_wconf 91' lang='lat' dir='ltr'><strong>quod</strong></span> <span class='ocrx_word' id='word_1_397' title='bbox 1923 4403 2139 4473; x_wconf 86' lang='lat' dir='ltr'><strong>promis-</strong></span> 
     </span>
    </p>
   </div>
   <div class='ocr_carea' id='block_1_47' title="bbox 563 4497 2138 4568">
    <p class='ocr_par' dir='ltr' id='par_1_47' title="bbox 563 4497 2138 4568">
     <span class='ocr_line' id='line_1_48' title="bbox 563 4497 2138 4568; baseline -0.012 0"><span class='ocrx_word' id='word_1_398' title='bbox 563 4514 769 4568; x_wconf 88' lang='lat' dir='ltr'><strong>sionem</strong></span> <span class='ocrx_word' id='word_1_399' title='bbox 820 4508 912 4562; x_wconf 90' lang='lat' dir='ltr'><strong>Dei</strong></span> <span class='ocrx_word' id='word_1_400' title='bbox 957 4521 1062 4560; x_wconf 93' lang='lat' dir='ltr'><strong>uon</strong></span> <span class='ocrx_word' id='word_1_401' title='bbox 1110 4502 1250 4556; x_wconf 89' lang='lat' dir='ltr'><strong>sinat</strong></span> <span class='ocrx_word' id='word_1_402' title='bbox 1306 4498 1590 4562; x_wconf 80' lang='lat' dir='ltr'><strong>excidere;</strong></span> <span class='ocrx_word' id='word_1_403' title='bbox 1644 4497 1724 4552; x_wconf 91' lang='lat' dir='ltr'><strong>lex</strong></span> <span class='ocrx_word' id='word_1_404' title='bbox 1779 4511 1906 4552; x_wconf 84' lang='lat' dir='ltr'><strong>vero</strong></span> <span class='ocrx_word' id='word_1_405' title='bbox 1953 4505 2138 4551; x_wconf 90' lang='lat' dir='ltr'><strong>contra</strong></span> 
     </span>
    </p>
   </div>
   <div class='ocr_carea' id='block_1_48' title="bbox 565 4588 2142 4659">
    <p class='ocr_par' dir='ltr' id='par_1_48' title="bbox 565 4588 2142 4659">
     <span class='ocr_line' id='line_1_49' title="bbox 565 4588 2142 4659; baseline -0.01 -3"><span class='ocrx_word' id='word_1_406' title='bbox 565 4603 722 4658; x_wconf 87' lang='lat' dir='ltr'><strong>fidem</strong></span> <span class='ocrx_word' id='word_1_407' title='bbox 751 4600 912 4654; x_wconf 89' lang='lat' dir='ltr'><strong>etiam</strong></span> <span class='ocrx_word' id='word_1_408' title='bbox 943 4595 1148 4650; x_wconf 88' lang='lat' dir='ltr'><strong>irritam</strong></span> <span class='ocrx_word' id='word_1_409' title='bbox 1176 4591 1335 4646; x_wconf 81' lang='lat' dir='ltr'><strong>faciat</strong></span> <span class='ocrx_word' id='word_1_410' title='bbox 1363 4589 1501 4645; x_wconf 88' lang='lat' dir='ltr'><strong>ultra</strong></span> <span class='ocrx_word' id='word_1_411' title='bbox 1528 4597 1737 4659; x_wconf 89' lang='lat' dir='ltr'><strong>tempus</strong></span> <span class='ocrx_word' id='word_1_412' title='bbox 1757 4588 2062 4650; x_wconf 87' lang='lat' dir='ltr'><strong>observata,</strong></span> <span class='ocrx_word' id='word_1_413' title='bbox 2087 4595 2142 4641; x_wconf 91' lang='lat' dir='ltr'><strong>et</strong></span> 
     </span>
    </p>
   </div>
   <div class='ocr_carea' id='block_1_49' title="bbox 568 4682 1326 4765">
    <p class='ocr_par' dir='ltr' id='par_1_49' title="bbox 568 4682 1326 4765">
     <span class='ocr_line' id='line_1_50' title="bbox 568 4682 1326 4765; baseline -0.018 -16"><span class='ocrx_word' id='word_1_414' title='bbox 568 4689 977 4765; x_wconf 88' lang='lat' dir='ltr'><strong>promissionem</strong></span> <span class='ocrx_word' id='word_1_415' title='bbox 1027 4682 1326 4754; x_wconf 86' lang='lat' dir='ltr'><strong>impediat?</strong></span> 
     </span>
    </p>
   </div>
   <div class='ocr_carea' id='block_1_50' title="bbox 635 4770 2145 4837">
    <p class='ocr_par' dir='ltr' id='par_1_50' title="bbox 635 4770 2145 4837">
     <span class='ocr_line' id='line_1_51' title="bbox 635 4770 2145 4837; baseline -0.011 1"><span class='ocrx_word' id='word_1_416' title='bbox 635 4783 786 4837; x_wconf 84' lang='lat' dir='ltr'><strong>Fidei</strong></span> <span class='ocrx_word' id='word_1_417' title='bbox 815 4778 1100 4834; x_wconf 87' lang='lat' dir='ltr'><strong>necessitas.</strong></span> <span class='ocrx_word' id='word_1_418' title='bbox 1129 4803 1200 4814; x_wconf 90' lang='lat'><em>--</em></span> <span class='ocrx_word' id='word_1_419' title='bbox 1230 4773 1324 4828; x_wconf 85' lang='lat' dir='ltr'><strong>His</strong></span> <span class='ocrx_word' id='word_1_420' title='bbox 1351 4770 1581 4828; x_wconf 88' lang='lat' dir='ltr'><strong>ostendit</strong></span> <span class='ocrx_word' id='word_1_421' title='bbox 1604 4787 1708 4825; x_wconf 91' lang='lat' dir='ltr'><strong>non</strong></span> <span class='ocrx_word' id='word_1_422' title='bbox 1741 4770 1898 4824; x_wconf 92' lang='lat' dir='ltr'><strong>modo</strong></span> <span class='ocrx_word' id='word_1_423' title='bbox 1928 4786 2030 4824; x_wconf 87' lang='lat' dir='ltr'><strong>non</strong></span> <span class='ocrx_word' id='word_1_424' title='bbox 2055 4786 2145 4824; x_wconf 80' lang='lat' dir='ltr'><strong>su-</strong></span> 
     </span>
    </p>
   </div>
   <div class='ocr_carea' id='block_1_51' title="bbox 566 4863 2144 4949">
    <p class='ocr_par' dir='ltr' id='par_1_51' title="bbox 566 4863 2144 4949">
     <span class='ocr_line' id='line_1_52' title="bbox 566 4863 2144 4949; baseline -0.01 -17"><span class='ocrx_word' id='word_1_425' title='bbox 566 4887 945 4949; x_wconf 86' lang='lat' dir='ltr'><strong>pervacaneam</strong></span> <span class='ocrx_word' id='word_1_426' title='bbox 972 4883 1091 4924; x_wconf 91' lang='lat' dir='ltr'><strong>esse</strong></span> <span class='ocrx_word' id='word_1_427' title='bbox 1123 4866 1301 4930; x_wconf 91' lang='lat' dir='ltr'><strong>ﬁdem,</strong></span> <span class='ocrx_word' id='word_1_428' title='bbox 1331 4864 1423 4920; x_wconf 92' lang='lat' dir='ltr'><strong>sed</strong></span> <span class='ocrx_word' id='word_1_429' title='bbox 1453 4863 1520 4918; x_wconf 90' lang='lat' dir='ltr'><strong>ita</strong></span> <span class='ocrx_word' id='word_1_430' title='bbox 1553 4864 1926 4926; x_wconf 89' lang='lat' dir='ltr'><strong>necessariam,</strong></span> <span class='ocrx_word' id='word_1_431' title='bbox 1962 4872 2144 4917; x_wconf 92' lang='lat' dir='ltr'><strong>utnon</strong></span> 
     </span>
    </p>
   </div>
   <div class='ocr_carea' id='block_1_52' title="bbox 571 4955 2143 5040">
    <p class='ocr_par' dir='ltr' id='par_1_52' title="bbox 571 4955 2143 5040">
     <span class='ocr_line' id='line_1_53' title="bbox 571 4955 2143 5040; baseline -0.011 -16"><span class='ocrx_word' id='word_1_432' title='bbox 571 4969 738 5040; x_wconf 86' lang='lat' dir='ltr'><strong>possit</strong></span> <span class='ocrx_word' id='word_1_433' title='bbox 764 4969 879 5020; x_wconf 83' lang='lat' dir='ltr'><strong>sine</strong></span> <span class='ocrx_word' id='word_1_434' title='bbox 905 4964 993 5018; x_wconf 71' lang='lat' dir='ltr'><strong>illa</strong></span> <span class='ocrx_word' id='word_1_435' title='bbox 1017 4961 1163 5016; x_wconf 88' lang='lat' dir='ltr'><strong>salus</strong></span> <span class='ocrx_word' id='word_1_436' title='bbox 1193 4957 1440 5012; x_wconf 88' lang='lat' dir='ltr'><strong>obtineri.</strong></span> <span class='ocrx_word' id='word_1_437' title='bbox 1470 4955 1578 5011; x_wconf 88' lang='lat' dir='ltr'><strong>Lex</strong></span> <span class='ocrx_word' id='word_1_438' title='bbox 1615 4956 1756 5009; x_wconf 86' lang='lat' dir='ltr'><strong>enim</strong></span> <span class='ocrx_word' id='word_1_439' title='bbox 1781 4956 1910 5008; x_wconf 90' lang='lat' dir='ltr'><strong>iram</strong></span> <span class='ocrx_word' id='word_1_440' title='bbox 1938 4956 2103 5025; x_wconf 85' lang='lat' dir='ltr'><strong>gignit</strong></span> <span class='ocrx_word' id='word_1_441' title='bbox 2128 4995 2143 5020; x_wconf 97' lang='lat'><strong>,</strong></span> 
     </span>
    </p>
   </div>
   <div class='ocr_carea' id='block_1_53' title="bbox 569 5047 2146 5132">
    <p class='ocr_par' dir='ltr' id='par_1_53' title="bbox 569 5047 2146 5132">
     <span class='ocr_line' id='line_1_54' title="bbox 569 5047 2146 5132; baseline -0.009 -16"><span class='ocrx_word' id='word_1_442' title='bbox 569 5061 690 5132; x_wconf 81' lang='lat' dir='ltr'><strong>quia</strong></span> <span class='ocrx_word' id='word_1_443' title='bbox 720 5073 908 5113; x_wconf 89' lang='lat' dir='ltr'><strong>onmes</strong></span> <span class='ocrx_word' id='word_1_444' title='bbox 947 5056 1089 5109; x_wconf 89' lang='lat' dir='ltr'><strong>illam</strong></span> <span class='ocrx_word' id='word_1_445' title='bbox 1120 5049 1433 5121; x_wconf 86' lang='lat' dir='ltr'><strong>transgressi</strong></span> <span class='ocrx_word' id='word_1_446' title='bbox 1469 5058 1593 5103; x_wconf 90' lang='lat' dir='ltr'><strong>sunt</strong></span> <span class='ocrx_word' id='word_1_447' title='bbox 1625 5064 1639 5100; x_wconf 89' lang='lat'><strong>:</strong></span> <span class='ocrx_word' id='word_1_448' title='bbox 1678 5047 1810 5102; x_wconf 89' lang='lat' dir='ltr'><strong>ﬁdes</strong></span> <span class='ocrx_word' id='word_1_449' title='bbox 1835 5056 2012 5101; x_wconf 89' lang='lat' dir='ltr'><strong>autem</strong></span> <span class='ocrx_word' id='word_1_450' title='bbox 2043 5063 2146 5102; x_wconf 89' lang='lat' dir='ltr'><strong>non</strong></span> 
     </span>
    </p>
   </div>
   <div class='ocr_carea' id='block_1_54' title="bbox 566 5140 2145 5210">
    <p class='ocr_par' dir='ltr' id='par_1_54' title="bbox 566 5140 2145 5210">
     <span class='ocr_line' id='line_1_55' title="bbox 566 5140 2145 5210; baseline -0.008 -4"><span class='ocrx_word' id='word_1_451' title='bbox 566 5153 692 5207; x_wconf 89' lang='lat' dir='ltr'><strong>sinit</strong></span> <span class='ocrx_word' id='word_1_452' title='bbox 718 5153 847 5204; x_wconf 90' lang='lat' dir='ltr'><strong>iram</strong></span> <span class='ocrx_word' id='word_1_453' title='bbox 878 5148 959 5201; x_wconf 85' lang='lat' dir='ltr'><strong>vel</strong></span> <span class='ocrx_word' id='word_1_454' title='bbox 988 5146 1138 5199; x_wconf 92' lang='lat' dir='ltr'><strong>initio</strong></span> <span class='ocrx_word' id='word_1_455' title='bbox 1163 5144 1475 5199; x_wconf 90' lang='lat' dir='ltr'><strong>consistere.</strong></span> <span class='ocrx_word' id='word_1_456' title='bbox 1500 5140 1655 5210; x_wconf 81' lang='lat' dir='ltr'><strong>Cujus</strong></span> <span class='ocrx_word' id='word_1_457' title='bbox 1676 5141 1806 5194; x_wconf 90' lang='lat' dir='ltr'><strong>enim</strong></span> <span class='ocrx_word' id='word_1_458' title='bbox 1835 5158 1933 5194; x_wconf 84' lang='lat' dir='ltr'><strong>non</strong></span> <span class='ocrx_word' id='word_1_459' title='bbox 1954 5151 2025 5194; x_wconf 88' lang='lat' dir='ltr'><strong>est</strong></span> <span class='ocrx_word' id='word_1_460' title='bbox 2046 5141 2145 5204; x_wconf 70' lang='lat' dir='ltr'><strong>lex,</strong></span> 
     </span>
    </p>
   </div>
   <div class='ocr_carea' id='block_1_55' title="bbox 573 5229 2150 5308">
    <p class='ocr_par' dir='ltr' id='par_1_55' title="bbox 573 5229 2150 5308">
     <span class='ocr_line' id='line_1_56' title="bbox 573 5229 2150 5308; baseline -0.006 -15"><span class='ocrx_word' id='word_1_461' title='bbox 573 5239 776 5308; x_wconf 87' lang='lat' dir='ltr'><strong>inquit,</strong></span> <span class='ocrx_word' id='word_1_462' title='bbox 825 5237 974 5306; x_wconf 77' lang='lat' dir='ltr'><strong>hujus</strong></span> <span class='ocrx_word' id='word_1_463' title='bbox 1018 5251 1176 5304; x_wconf 83' lang='lat' dir='ltr'><strong>neque</strong></span> <span class='ocrx_word' id='word_1_464' title='bbox 1218 5231 1567 5302; x_wconf 82' lang='lat' dir='ltr'><strong>transgressio.</strong></span> <span class='ocrx_word' id='word_1_465' title='bbox 1615 5229 1801 5284; x_wconf 82' lang='lat' dir='ltr'><strong>Viden&#39;</strong></span> <span class='ocrx_word' id='word_1_466' title='bbox 1848 5245 1954 5298; x_wconf 85' lang='lat' dir='ltr'><strong>quo</strong></span> <span class='ocrx_word' id='word_1_467' title='bbox 1996 5242 2150 5298; x_wconf 89' lang='lat' dir='ltr'><strong>pacto</strong></span> 
     </span>
    </p>
   </div>
   <div class='ocr_carea' id='block_1_56' title="bbox 571 5323 2149 5394">
    <p class='ocr_par' dir='ltr' id='par_1_56' title="bbox 571 5323 2149 5394">
     <span class='ocr_line' id='line_1_57' title="bbox 571 5323 2149 5394; baseline -0.006 -10"><span class='ocrx_word' id='word_1_468' title='bbox 571 5346 676 5384; x_wconf 91' lang='lat' dir='ltr'><strong>non</strong></span> <span class='ocrx_word' id='word_1_469' title='bbox 726 5328 884 5382; x_wconf 91' lang='lat' dir='ltr'><strong>modo</strong></span> <span class='ocrx_word' id='word_1_470' title='bbox 929 5335 1202 5394; x_wconf 90' lang='lat' dir='ltr'><strong>peccatum</strong></span> <span class='ocrx_word' id='word_1_471' title='bbox 1246 5324 1446 5387; x_wconf 90' lang='lat' dir='ltr'><strong>deleat,</strong></span> <span class='ocrx_word' id='word_1_472' title='bbox 1501 5325 1593 5377; x_wconf 89' lang='lat' dir='ltr'><strong>scd</strong></span> <span class='ocrx_word' id='word_1_473' title='bbox 1645 5339 1711 5376; x_wconf 89' lang='lat' dir='ltr'><strong>ue</strong></span> <span class='ocrx_word' id='word_1_474' title='bbox 1762 5323 1887 5376; x_wconf 92' lang='lat' dir='ltr'><strong>oriri</strong></span> <span class='ocrx_word' id='word_1_475' title='bbox 1937 5323 2149 5391; x_wconf 90' lang='lat' dir='ltr'><strong>quidem</strong></span> 
     </span>
    </p>
   </div>
   <div class='ocr_carea' id='block_1_57' title="bbox 571 5412 2150 5483">
    <p class='ocr_par' dir='ltr' id='par_1_57' title="bbox 571 5412 2150 5483">
     <span class='ocr_line' id='line_1_58' title="bbox 571 5412 2150 5483; baseline -0.005 -9"><span class='ocrx_word' id='word_1_476' title='bbox 571 5422 729 5474; x_wconf 90' lang='lat' dir='ltr'><strong>sinat.</strong></span> <span class='ocrx_word' id='word_1_477' title='bbox 761 5417 882 5470; x_wconf 87' lang='lat' dir='ltr'><strong>Ideo</strong></span> <span class='ocrx_word' id='word_1_478' title='bbox 908 5415 1000 5478; x_wconf 92' lang='lat' dir='ltr'><strong>ait,</strong></span> <span class='ocrx_word' id='word_1_479' title='bbox 1032 5415 1318 5468; x_wconf 84' lang='lat' dir='ltr'><strong>Secundum</strong></span> <span class='ocrx_word' id='word_1_480' title='bbox 1341 5415 1573 5483; x_wconf 82' lang='lat' dir='ltr'><strong>gratiam.</strong></span> <span class='ocrx_word' id='word_1_481' title='bbox 1597 5413 1708 5478; x_wconf 89' lang='lat' dir='ltr'><strong>Qua</strong></span> <span class='ocrx_word' id='word_1_482' title='bbox 1729 5413 1795 5468; x_wconf 93' lang='lat' dir='ltr'><strong>de</strong></span> <span class='ocrx_word' id='word_1_483' title='bbox 1822 5413 2013 5466; x_wconf 87' lang='lat' dir='ltr'><strong>causa?</strong></span> <span class='ocrx_word' id='word_1_484' title='bbox 2037 5412 2150 5466; x_wconf 86' lang='lat' dir='ltr'><strong>Non</strong></span> 
     </span>
    </p>
   </div>
   <div class='ocr_carea' id='block_1_58' title="bbox 578 5503 2153 5575">
    <p class='ocr_par' dir='ltr' id='par_1_58' title="bbox 578 5503 2153 5575">
     <span class='ocr_line' id='line_1_59' title="bbox 578 5503 2153 5575; baseline -0.006 -10"><span class='ocrx_word' id='word_1_485' title='bbox 578 5521 633 5565; x_wconf 88' lang='lat' dir='ltr'><strong>ut</strong></span> <span class='ocrx_word' id='word_1_486' title='bbox 683 5522 780 5562; x_wconf 85' lang='lat' dir='ltr'><strong>nos</strong></span> <span class='ocrx_word' id='word_1_487' title='bbox 822 5505 1052 5575; x_wconf 81' lang='lat' dir='ltr'><strong>pudeat,</strong></span> <span class='ocrx_word' id='word_1_488' title='bbox 1083 5505 1176 5558; x_wconf 88' lang='lat' dir='ltr'><strong>sed</strong></span> <span class='ocrx_word' id='word_1_489' title='bbox 1225 5503 1291 5558; x_wconf 88' lang='lat' dir='ltr'><strong>Ut</strong></span> <span class='ocrx_word' id='word_1_490' title='bbox 1332 5507 1480 5572; x_wconf 78' lang='lat' dir='ltr'><strong>ﬁrma</strong></span> <span class='ocrx_word' id='word_1_491' title='bbox 1519 5505 1581 5557; x_wconf 88' lang='lat' dir='ltr'><strong>sit</strong></span> <span class='ocrx_word' id='word_1_492' title='bbox 1621 5505 1885 5574; x_wconf 86' lang='lat' dir='ltr'><strong>promissio</strong></span> <span class='ocrx_word' id='word_1_493' title='bbox 1927 5505 2153 5557; x_wconf 77' lang='lat' dir='ltr'><strong>universo</strong></span> 
     </span>
    </p>
   </div>
   <div class='ocr_carea' id='block_1_59' title="bbox 571 5595 2152 5665">
    <p class='ocr_par' dir='ltr' id='par_1_59' title="bbox 571 5595 2152 5665">
     <span class='ocr_line' id='line_1_60' title="bbox 571 5595 2152 5665; baseline -0.002 -12"><span class='ocrx_word' id='word_1_494' title='bbox 571 5598 771 5654; x_wconf 86' lang='lat' dir='ltr'><strong>semini.</strong></span> <span class='ocrx_word' id='word_1_495' title='bbox 803 5596 915 5650; x_wconf 91' lang='lat' dir='ltr'><strong>Duo</strong></span> <span class='ocrx_word' id='word_1_496' title='bbox 942 5596 1076 5649; x_wconf 90' lang='lat' dir='ltr'><strong>bona</strong></span> <span class='ocrx_word' id='word_1_497' title='bbox 1107 5595 1191 5648; x_wconf 88' lang='lat' dir='ltr'><strong>hic</strong></span> <span class='ocrx_word' id='word_1_498' title='bbox 1219 5595 1387 5662; x_wconf 89' lang='lat' dir='ltr'><strong>ponit.</strong></span> <span class='ocrx_word' id='word_1_499' title='bbox 1417 5595 1558 5664; x_wconf 87' lang='lat' dir='ltr'><strong>quod</strong></span> <span class='ocrx_word' id='word_1_500' title='bbox 1585 5596 1732 5648; x_wconf 86' lang='lat' dir='ltr'><strong>firma</strong></span> <span class='ocrx_word' id='word_1_501' title='bbox 1759 5596 1863 5650; x_wconf 89' lang='lat' dir='ltr'><strong>sittt</strong></span> <span class='ocrx_word' id='word_1_502' title='bbox 1889 5612 2004 5665; x_wconf 85' lang='lat' dir='ltr'><strong>qu:c</strong></span> <span class='ocrx_word' id='word_1_503' title='bbox 2031 5596 2152 5650; x_wconf 86' lang='lat' dir='ltr'><strong>data</strong></span> 
     </span>
    </p>
   </div>
   <div class='ocr_carea' id='block_1_60' title="bbox 642 5685 1478 5751">
    <p class='ocr_par' dir='ltr' id='par_1_60' title="bbox 642 5685 1478 5751">
     <span class='ocr_line' id='line_1_61' title="bbox 642 5685 1478 5751; baseline -0.012 -9"><span class='ocrx_word' id='word_1_504' title='bbox 642 5693 660 5724; x_wconf 81' lang='grc'>⁸</span> <span class='ocrx_word' id='word_1_505' title='bbox 685 5698 810 5742; x_wconf 83' lang='lat' dir='ltr'><strong>Unus</strong></span> <span class='ocrx_word' id='word_1_506' title='bbox 834 5689 971 5751; x_wconf 84' lang='lat' dir='ltr'><strong>legit,</strong></span> <span class='ocrx_word' id='word_1_507' title='bbox 988 5687 1193 5751; x_wconf 83' lang='lat' dir='ltr'><strong>gratiam</strong></span> <span class='ocrx_word' id='word_1_508' title='bbox 1216 5685 1478 5736; x_wconf 81' lang='lat' dir='ltr'><strong>uttruhens.</strong></span> 
     </span>
    </p>
   </div>
   <div class='ocr_carea' id='block_1_61' title="bbox 1259 292 3061 367">
    <p class='ocr_par' dir='ltr' id='par_1_61' title="bbox 1259 292 3061 367">
     <span class='ocr_line' id='line_1_62' title="bbox 1259 292 3061 367; baseline -0.012 0"><span class='ocrx_word' id='word_1_509' title='bbox 1259 312 1314 367; x_wconf 89' lang='lat' dir='ltr'><strong>S.</strong></span> <span class='ocrx_word' id='word_1_510' title='bbox 1356 307 1630 366; x_wconf 83' lang='lat' dir='ltr'><strong>JO.\NNIS</strong></span> <span class='ocrx_word' id='word_1_511' title='bbox 1667 301 2135 361; x_wconf 78' lang='lat' dir='ltr'><strong>CIlRYSOSTOMI</strong></span> <span class='ocrx_word' id='word_1_512' title='bbox 2175 297 2488 353; x_wconf 75' lang='lat' dir='ltr'><strong>ARCIIIEP.</strong></span> <span class='ocrx_word' id='word_1_513' title='bbox 2527 292 3061 350; x_wconf 76' lang='lat' dir='ltr'><strong>CUNS&#39;I‘ANTINOP.</strong></span> 
     </span>
    </p>
   </div>
   <div class='ocr_carea' id='block_1_62' title="bbox 3707 293 3802 348">
    <p class='ocr_par' dir='ltr' id='par_1_62' title="bbox 3707 293 3802 348">
     <span class='ocr_line' id='line_1_63' title="bbox 3707 293 3802 348; baseline -0.063 0"><span class='ocrx_word' id='word_1_514' title='bbox 3707 293 3802 348; x_wconf 72' lang='grc' dir='ltr'>ιῦιὶ</span> 
     </span>
    </p>
   </div>
   <div class='ocr_carea' id='block_1_63' title="bbox 2215 405 3802 478">
    <p class='ocr_par' dir='ltr' id='par_1_63' title="bbox 2215 405 3802 478">
     <span class='ocr_line' id='line_1_64' title="bbox 2215 405 3802 478; baseline 0 -17"><span class='ocrx_word' id='word_1_515' title='bbox 2215 416 2358 474; x_wconf 90' lang='lat' dir='ltr'><strong>sunt,</strong></span> <span class='ocrx_word' id='word_1_516' title='bbox 2390 418 2444 462; x_wconf 92' lang='lat' dir='ltr'><strong>et</strong></span> <span class='ocrx_word' id='word_1_517' title='bbox 2478 408 2618 478; x_wconf 89' lang='lat' dir='ltr'><strong>quod</strong></span> <span class='ocrx_word' id='word_1_518' title='bbox 2650 407 2772 460; x_wconf 92' lang='lat' dir='ltr'><strong>data</strong></span> <span class='ocrx_word' id='word_1_519' title='bbox 2813 408 2920 460; x_wconf 90' lang='lat' dir='ltr'><strong>sint</strong></span> <span class='ocrx_word' id='word_1_520' title='bbox 2949 407 3196 459; x_wconf 87' lang='lat' dir='ltr'><strong>universo</strong></span> <span class='ocrx_word' id='word_1_521' title='bbox 3228 405 3460 472; x_wconf 89' lang='lat' dir='ltr'><strong>semini,</strong></span> <span class='ocrx_word' id='word_1_522' title='bbox 3498 421 3597 461; x_wconf 86' lang='lat' dir='ltr'><strong>eos</strong></span> <span class='ocrx_word' id='word_1_523' title='bbox 3625 408 3714 476; x_wconf 90' lang='lat' dir='ltr'><strong>qui</strong></span> <span class='ocrx_word' id='word_1_524' title='bbox 3743 423 3802 461; x_wconf 85' lang='lat' dir='ltr'><strong>ex</strong></span> 
     </span>
    </p>
   </div>
   <div class='ocr_carea' id='block_1_64' title="bbox 2215 495 3802 567">
    <p class='ocr_par' dir='ltr' id='par_1_64' title="bbox 2215 495 3802 567">
     <span class='ocr_line' id='line_1_65' title="bbox 2215 495 3802 567; baseline 0 -16"><span class='ocrx_word' id='word_1_525' title='bbox 2215 500 2460 567; x_wconf 86' lang='lat' dir='ltr'><strong>gentibus</strong></span> <span class='ocrx_word' id='word_1_526' title='bbox 2483 506 2828 553; x_wconf 91' lang='lat' dir='ltr'><strong>accesserunt</strong></span> <span class='ocrx_word' id='word_1_527' title='bbox 2853 495 3135 565; x_wconf 89' lang='lat' dir='ltr'><strong>colligens,</strong></span> <span class='ocrx_word' id='word_1_528' title='bbox 3158 495 3481 566; x_wconf 62' lang='lat' dir='ltr'><strong>Judazosque</strong></span> <span class='ocrx_word' id='word_1_529' title='bbox 3515 497 3802 552; x_wconf 85' lang='lat' dir='ltr'><strong>ostendens</strong></span> 
     </span>
    </p>
   </div>
   <div class='ocr_carea' id='block_1_65' title="bbox 2216 586 3802 660">
    <p class='ocr_par' dir='ltr' id='par_1_65' title="bbox 2216 586 3802 660">
     <span class='ocr_line' id='line_1_66' title="bbox 2216 586 3802 660; baseline 0.001 -17"><span class='ocrx_word' id='word_1_530' title='bbox 2216 599 2365 644; x_wconf 87' lang='lat' dir='ltr'><strong>extra</strong></span> <span class='ocrx_word' id='word_1_531' title='bbox 2401 590 2601 660; x_wconf 89' lang='lat' dir='ltr'><strong>positos</strong></span> <span class='ocrx_word' id='word_1_532' title='bbox 2629 604 2783 651; x_wconf 90' lang='lat' dir='ltr'><strong>esse,</strong></span> <span class='ocrx_word' id='word_1_533' title='bbox 2818 587 2862 643; x_wconf 90' lang='lat' dir='ltr'><strong>si</strong></span> <span class='ocrx_word' id='word_1_534' title='bbox 2889 596 3078 642; x_wconf 91' lang='lat' dir='ltr'><strong>contra</strong></span> <span class='ocrx_word' id='word_1_535' title='bbox 3109 586 3265 641; x_wconf 87' lang='lat' dir='ltr'><strong>ﬁdem</strong></span> <span class='ocrx_word' id='word_1_536' title='bbox 3310 587 3663 643; x_wconf 88' lang='lat' dir='ltr'><strong>contendant.</strong></span> <span class='ocrx_word' id='word_1_537' title='bbox 3699 589 3802 645; x_wconf 87' lang='lat' dir='ltr'><strong>lloc</strong></span> 
     </span>
    </p>
   </div>
   <div class='ocr_carea' id='block_1_66' title="bbox 2217 668 3802 751">
    <p class='ocr_par' dir='ltr' id='par_1_66' title="bbox 2217 668 3802 751">
     <span class='ocr_line' id='line_1_67' title="bbox 2217 668 3802 751; baseline -0.001 -17"><span class='ocrx_word' id='word_1_538' title='bbox 2217 695 2447 751; x_wconf 85' lang='lat' dir='ltr'><strong>namque</strong></span> <span class='ocrx_word' id='word_1_539' title='bbox 2479 681 2682 736; x_wconf 90' lang='lat' dir='ltr'><strong>ﬁrmius</strong></span> <span class='ocrx_word' id='word_1_540' title='bbox 2721 680 2811 733; x_wconf 93' lang='lat' dir='ltr'><strong>illo</strong></span> <span class='ocrx_word' id='word_1_541' title='bbox 2835 688 2918 733; x_wconf 92' lang='lat' dir='ltr'><strong>est</strong></span> <span class='ocrx_word' id='word_1_542' title='bbox 2947 694 2961 732; x_wconf 73' lang='grc' dir='ltr'>ε</span> <span class='ocrx_word' id='word_1_543' title='bbox 2995 693 3101 732; x_wconf 82' lang='grc' dir='ltr'>ηοιι</span> <span class='ocrx_word' id='word_1_544' title='bbox 3153 678 3294 732; x_wconf 89' lang='lat' dir='ltr'><strong>enim</strong></span> <span class='ocrx_word' id='word_1_545' title='bbox 3328 677 3461 733; x_wconf 92' lang='lat' dir='ltr'><strong>ﬁdes</strong></span> <span class='ocrx_word' id='word_1_546' title='bbox 3491 668 3586 733; x_wconf 84' lang='lat' dir='ltr'><strong>tibi</strong></span> <span class='ocrx_word' id='word_1_547' title='bbox 3615 679 3802 733; x_wconf 90' lang='lat' dir='ltr'><strong>damno</strong></span> 
     </span>
    </p>
   </div>
   <div class='ocr_carea' id='block_1_67' title="bbox 2217 767 3797 836">
    <p class='ocr_par' dir='ltr' id='par_1_67' title="bbox 2217 767 3797 836">
     <span class='ocr_line' id='line_1_68' title="bbox 2217 767 3797 836; baseline -0.001 -11"><span class='ocrx_word' id='word_1_548' title='bbox 2217 780 2333 834; x_wconf 87' lang='lat' dir='ltr'><strong>est;</strong></span> <span class='ocrx_word' id='word_1_549' title='bbox 2369 787 2436 825; x_wconf 90' lang='lat' dir='ltr'><strong>ne</strong></span> <span class='ocrx_word' id='word_1_550' title='bbox 2473 770 2803 833; x_wconf 89' lang='lat' dir='ltr'><strong>contendas;</strong></span> <span class='ocrx_word' id='word_1_551' title='bbox 2833 768 2926 823; x_wconf 91' lang='lat' dir='ltr'><strong>sed</strong></span> <span class='ocrx_word' id='word_1_552' title='bbox 2957 779 3007 821; x_wconf 86' lang='lat' dir='ltr'><strong>te</strong></span> <span class='ocrx_word' id='word_1_553' title='bbox 3035 783 3100 822; x_wconf 83' lang='lat' dir='ltr'><strong>ex</strong></span> <span class='ocrx_word' id='word_1_554' title='bbox 3129 767 3244 835; x_wconf 77' lang='lat' dir='ltr'><strong>lege</strong></span> <span class='ocrx_word' id='word_1_555' title='bbox 3279 769 3669 836; x_wconf 91' lang='lat' dir='ltr'><strong>periclitantem</strong></span> <span class='ocrx_word' id='word_1_556' title='bbox 3699 783 3797 824; x_wconf 83' lang='lat' dir='ltr'><strong>ser-</strong></span> 
     </span>
    </p>
   </div>
   <div class='ocr_carea' id='block_1_68' title="bbox 2217 858 3800 930">
    <p class='ocr_par' dir='ltr' id='par_1_68' title="bbox 2217 858 3800 930">
     <span class='ocr_line' id='line_1_69' title="bbox 2217 858 3800 930; baseline 0.002 -18"><span class='ocrx_word' id='word_1_557' title='bbox 2217 871 2324 914; x_wconf 78' lang='lat' dir='ltr'><strong>vat.</strong></span> <span class='ocrx_word' id='word_1_558' title='bbox 2376 861 2575 916; x_wconf 81' lang='lat' dir='ltr'><strong>Deinde</strong></span> <span class='ocrx_word' id='word_1_559' title='bbox 2604 861 2726 930; x_wconf 89' lang='lat' dir='ltr'><strong>quia</strong></span> <span class='ocrx_word' id='word_1_560' title='bbox 2774 860 2932 924; x_wconf 88' lang='lat' dir='ltr'><strong>dixit,</strong></span> <span class='ocrx_word' id='word_1_561' title='bbox 2983 858 3228 913; x_wconf 86' lang='lat' dir='ltr'><strong>Universo</strong></span> <span class='ocrx_word' id='word_1_562' title='bbox 3255 860 3453 923; x_wconf 84' lang='lat' dir='ltr'><strong>semini,</strong></span> <span class='ocrx_word' id='word_1_563' title='bbox 3485 860 3800 915; x_wconf 88' lang='lat' dir='ltr'><strong>determinat</strong></span> 
     </span>
    </p>
   </div>
   <div class='ocr_carea' id='block_1_69' title="bbox 2218 935 3800 1020">
    <p class='ocr_par' dir='ltr' id='par_1_69' title="bbox 2218 935 3800 1020">
     <span class='ocr_line' id='line_1_70' title="bbox 2218 935 3800 1020; baseline -0.001 -14"><span class='ocrx_word' id='word_1_564' title='bbox 2218 953 2430 1006; x_wconf 90' lang='lat' dir='ltr'><strong>cuinam</strong></span> <span class='ocrx_word' id='word_1_565' title='bbox 2471 953 2682 1007; x_wconf 88' lang='lat' dir='ltr'><strong>semini.</strong></span> <span class='ocrx_word' id='word_1_566' title='bbox 2715 952 2861 1018; x_wconf 84' lang='lat' dir='ltr'><strong>Quod</strong></span> <span class='ocrx_word' id='word_1_567' title='bbox 2891 961 3052 1005; x_wconf 81' lang='lat' dir='ltr'><strong>estea:</strong></span> <span class='ocrx_word' id='word_1_568' title='bbox 3075 952 3210 1017; x_wconf 80' lang='lat' dir='ltr'><strong>ﬁde,</strong></span> <span class='ocrx_word' id='word_1_569' title='bbox 3243 951 3441 1020; x_wconf 89' lang='lat' dir='ltr'><strong>inquit,</strong></span> <span class='ocrx_word' id='word_1_570' title='bbox 3485 935 3800 1006; x_wconf 83' lang='lat' dir='ltr'><strong>connectens</strong></span> 
     </span>
    </p>
   </div>
   <div class='ocr_carea' id='block_1_70' title="bbox 2220 1041 3801 1110">
    <p class='ocr_par' dir='ltr' id='par_1_70' title="bbox 2220 1041 3801 1110">
     <span class='ocr_line' id='line_1_71' title="bbox 2220 1041 3801 1110; baseline 0.001 -15"><span class='ocrx_word' id='word_1_571' title='bbox 2220 1043 2591 1110; x_wconf 86' lang='lat' dir='ltr'><strong>cognationem</strong></span> <span class='ocrx_word' id='word_1_572' title='bbox 2633 1057 2754 1095; x_wconf 91' lang='lat' dir='ltr'><strong>cum</strong></span> <span class='ocrx_word' id='word_1_573' title='bbox 2801 1041 3044 1109; x_wconf 72' lang='lat' dir='ltr'><strong>gentibus</strong></span> <span class='ocrx_word' id='word_1_574' title='bbox 3064 1082 3078 1102; x_wconf 96' lang='lat'><strong>,</strong></span> <span class='ocrx_word' id='word_1_575' title='bbox 3107 1050 3162 1094; x_wconf 92' lang='lat' dir='ltr'><strong>et</strong></span> <span class='ocrx_word' id='word_1_576' title='bbox 3189 1041 3481 1095; x_wconf 89' lang='lat' dir='ltr'><strong>ostendens</strong></span> <span class='ocrx_word' id='word_1_577' title='bbox 3517 1057 3624 1095; x_wconf 90' lang='lat' dir='ltr'><strong>non</strong></span> <span class='ocrx_word' id='word_1_578' title='bbox 3656 1057 3801 1110; x_wconf 84' lang='lat' dir='ltr'><strong>posse</strong></span> 
     </span>
    </p>
   </div>
   <div class='ocr_carea' id='block_1_71' title="bbox 2220 1133 3796 1202">
    <p class='ocr_par' dir='ltr' id='par_1_71' title="bbox 2220 1133 3796 1202">
     <span class='ocr_line' id='line_1_72' title="bbox 2220 1133 3796 1202; baseline -0.003 -14"><span class='ocrx_word' id='word_1_579' title='bbox 2220 1135 2523 1188; x_wconf 90' lang='lat' dir='ltr'><strong>consentire</strong></span> <span class='ocrx_word' id='word_1_580' title='bbox 2553 1151 2672 1188; x_wconf 91' lang='lat' dir='ltr'><strong>cum</strong></span> <span class='ocrx_word' id='word_1_581' title='bbox 2701 1134 3007 1187; x_wconf 85' lang='lat' dir='ltr'><strong>Ahrahamo</strong></span> <span class='ocrx_word' id='word_1_582' title='bbox 3044 1133 3196 1197; x_wconf 92' lang='lat' dir='ltr'><strong>illos,</strong></span> <span class='ocrx_word' id='word_1_583' title='bbox 3227 1134 3315 1202; x_wconf 91' lang='lat' dir='ltr'><strong>qui</strong></span> <span class='ocrx_word' id='word_1_584' title='bbox 3351 1149 3456 1187; x_wconf 93' lang='lat' dir='ltr'><strong>non</strong></span> <span class='ocrx_word' id='word_1_585' title='bbox 3487 1133 3714 1187; x_wconf 88' lang='lat' dir='ltr'><strong>credunt</strong></span> <span class='ocrx_word' id='word_1_586' title='bbox 3753 1143 3796 1186; x_wconf 85' lang='grc' dir='ltr'><strong>ιιι</strong></span> 
     </span>
    </p>
   </div>
   <div class='ocr_carea' id='block_1_72' title="bbox 2221 1223 3779 1293">
    <p class='ocr_par' dir='ltr' id='par_1_72' title="bbox 2221 1223 3779 1293">
     <span class='ocr_line' id='line_1_73' title="bbox 2221 1223 3779 1293; baseline -0.003 -15"><span class='ocrx_word' id='word_1_587' title='bbox 2221 1224 2328 1278; x_wconf 92' lang='lat' dir='ltr'><strong>ille.</strong></span> <span class='ocrx_word' id='word_1_588' title='bbox 2355 1225 2492 1279; x_wconf 84' lang='lat' dir='ltr'><strong>Ecce</strong></span> <span class='ocrx_word' id='word_1_589' title='bbox 2512 1225 2652 1278; x_wconf 90' lang='lat' dir='ltr'><strong>aliud</strong></span> <span class='ocrx_word' id='word_1_590' title='bbox 2682 1225 2895 1278; x_wconf 89' lang='lat' dir='ltr'><strong>tertium</strong></span> <span class='ocrx_word' id='word_1_591' title='bbox 2924 1223 3054 1278; x_wconf 88' lang='lat' dir='ltr'><strong>ﬁdes</strong></span> <span class='ocrx_word' id='word_1_592' title='bbox 3081 1233 3296 1292; x_wconf 81' lang='lat' dir='ltr'><strong>cperata</strong></span> <span class='ocrx_word' id='word_1_593' title='bbox 3322 1233 3406 1280; x_wconf 87' lang='lat' dir='ltr'><strong>est</strong></span> <span class='ocrx_word' id='word_1_594' title='bbox 3430 1242 3443 1274; x_wconf 91' lang='lat'><strong>:</strong></span> <span class='ocrx_word' id='word_1_595' title='bbox 3473 1239 3597 1277; x_wconf 85' lang='lat' dir='ltr'><strong>nam</strong></span> <span class='ocrx_word' id='word_1_596' title='bbox 3621 1239 3779 1293; x_wconf 76' lang='lat' dir='ltr'><strong>mgna</strong></span> 
     </span>
    </p>
   </div>
   <div class='ocr_carea' id='block_1_73' title="bbox 2224 1315 3781 1385">
    <p class='ocr_par' dir='ltr' id='par_1_73' title="bbox 2224 1315 3781 1385">
     <span class='ocr_line' id='line_1_74' title="bbox 2224 1315 3781 1385; baseline -0.001 -16"><span class='ocrx_word' id='word_1_597' title='bbox 2224 1316 2421 1370; x_wconf 90' lang='lat' dir='ltr'><strong>tionem</strong></span> <span class='ocrx_word' id='word_1_598' title='bbox 2453 1330 2574 1369; x_wconf 92' lang='lat' dir='ltr'><strong>cum</strong></span> <span class='ocrx_word' id='word_1_599' title='bbox 2598 1315 2743 1384; x_wconf 87' lang='lat' dir='ltr'><strong>justo</strong></span> <span class='ocrx_word' id='word_1_600' title='bbox 2768 1316 3153 1370; x_wconf 78' lang='lat' dir='ltr'><strong>accuratiorem</strong></span> <span class='ocrx_word' id='word_1_601' title='bbox 3186 1315 3329 1379; x_wconf 87' lang='lat' dir='ltr'><strong>fecit,</strong></span> <span class='ocrx_word' id='word_1_602' title='bbox 3366 1325 3420 1368; x_wconf 92' lang='lat' dir='ltr'><strong>et</strong></span> <span class='ocrx_word' id='word_1_603' title='bbox 3456 1315 3690 1385; x_wconf 90' lang='lat' dir='ltr'><strong>plurium</strong></span> <span class='ocrx_word' id='word_1_604' title='bbox 3719 1329 3781 1368; x_wconf 88' lang='lat' dir='ltr'><strong>ne</strong></span> 
     </span>
    </p>
   </div>
   <div class='ocr_carea' id='block_1_74' title="bbox 2223 1407 3780 1477">
    <p class='ocr_par' dir='ltr' id='par_1_74' title="bbox 2223 1407 3780 1477">
     <span class='ocr_line' id='line_1_75' title="bbox 2223 1407 3780 1477; baseline 0.001 -20"><span class='ocrx_word' id='word_1_605' title='bbox 2223 1417 2403 1477; x_wconf 86' lang='lat' dir='ltr'><strong>potum</strong></span> <span class='ocrx_word' id='word_1_606' title='bbox 2435 1407 2828 1477; x_wconf 89' lang='lat' dir='ltr'><strong>progenitorcm</strong></span> <span class='ocrx_word' id='word_1_607' title='bbox 2859 1408 3004 1460; x_wconf 92' lang='lat' dir='ltr'><strong>illum</strong></span> <span class='ocrx_word' id='word_1_608' title='bbox 3029 1408 3322 1461; x_wconf 79' lang='lat' dir='ltr'><strong>declaravit</strong></span> <span class='ocrx_word' id='word_1_609' title='bbox 3352 1425 3366 1461; x_wconf 92' lang='lat'><strong>:</strong></span> <span class='ocrx_word' id='word_1_610' title='bbox 3400 1408 3522 1461; x_wconf 91' lang='lat' dir='ltr'><strong>ideo</strong></span> <span class='ocrx_word' id='word_1_611' title='bbox 3553 1423 3660 1460; x_wconf 87' lang='lat' dir='ltr'><strong>non</strong></span> <span class='ocrx_word' id='word_1_612' title='bbox 3687 1408 3780 1460; x_wconf 93' lang='lat' dir='ltr'><strong>sim</strong></span> 
     </span>
    </p>
   </div>
   <div class='ocr_carea' id='block_1_75' title="bbox 2225 1499 3801 1570">
    <p class='ocr_par' dir='ltr' id='par_1_75' title="bbox 2225 1499 3801 1570">
     <span class='ocr_line' id='line_1_76' title="bbox 2225 1499 3801 1570; baseline -0.004 -14"><span class='ocrx_word' id='word_1_613' title='bbox 2225 1503 2430 1570; x_wconf 85' lang='lat' dir='ltr'><strong>pliciter</strong></span> <span class='ocrx_word' id='word_1_614' title='bbox 2455 1502 2615 1566; x_wconf 87' lang='lat' dir='ltr'><strong>dixit,</strong></span> <span class='ocrx_word' id='word_1_615' title='bbox 2646 1501 2956 1565; x_wconf 85' lang='lat' dir='ltr'><strong>Abrahami,</strong></span> <span class='ocrx_word' id='word_1_616' title='bbox 2985 1500 3079 1554; x_wconf 89' lang='lat' dir='ltr'><strong>sed</strong></span> <span class='ocrx_word' id='word_1_617' title='bbox 3108 1499 3282 1553; x_wconf 86' lang='lat' dir='ltr'><strong>Patris</strong></span> <span class='ocrx_word' id='word_1_618' title='bbox 3309 1509 3538 1553; x_wconf 79' lang='lat' dir='ltr'><strong>nostrum</strong></span> <span class='ocrx_word' id='word_1_619' title='bbox 3561 1501 3801 1565; x_wconf 65' lang='lat' dir='ltr'><strong>ﬁdelium.</strong></span> 
     </span>
    </p>
   </div>
   <div class='ocr_carea' id='block_1_76' title="bbox 2227 1589 3800 1657">
    <p class='ocr_par' dir='ltr' id='par_1_76' title="bbox 2227 1589 3800 1657">
     <span class='ocr_line' id='line_1_77' title="bbox 2227 1589 3800 1657; baseline -0.004 -11"><span class='ocrx_word' id='word_1_620' title='bbox 2227 1591 2427 1646; x_wconf 89' lang='lat' dir='ltr'><strong>Deinde</strong></span> <span class='ocrx_word' id='word_1_621' title='bbox 2456 1591 2761 1646; x_wconf 90' lang='lat' dir='ltr'><strong>testimonio</strong></span> <span class='ocrx_word' id='word_1_622' title='bbox 2787 1590 2984 1644; x_wconf 89' lang='lat' dir='ltr'><strong>dictum</strong></span> <span class='ocrx_word' id='word_1_623' title='bbox 3022 1589 3310 1657; x_wconf 87' lang='lat' dir='ltr'><strong>obsignans</strong></span> <span class='ocrx_word' id='word_1_624' title='bbox 3331 1629 3346 1654; x_wconf 93' lang='lat'><strong>,</strong></span> <span class='ocrx_word' id='word_1_625' title='bbox 3388 1590 3475 1643; x_wconf 75' lang='grc'><strong>17.</strong></span> <span class='ocrx_word' id='word_1_626' title='bbox 3505 1589 3654 1643; x_wconf 87' lang='lat' dir='ltr'><strong>Sicut</strong></span> <span class='ocrx_word' id='word_1_627' title='bbox 3682 1590 3800 1642; x_wconf 86' lang='lat' dir='ltr'><strong>scri-</strong></span> 
     </span>
    </p>
   </div>
   <div class='ocr_carea' id='block_1_77' title="bbox 2225 1681 3802 1753">
    <p class='ocr_par' dir='ltr' id='par_1_77' title="bbox 2225 1681 3802 1753">
     <span class='ocr_line' id='line_1_78' title="bbox 2225 1681 3802 1753; baseline -0.003 -17"><span class='ocrx_word' id='word_1_628' title='bbox 2225 1695 2365 1753; x_wconf 85' lang='lat' dir='ltr'><strong>ptum</strong></span> <span class='ocrx_word' id='word_1_629' title='bbox 2393 1693 2500 1749; x_wconf 88' lang='lat' dir='ltr'><strong>est,</strong></span> <span class='ocrx_word' id='word_1_630' title='bbox 2532 1683 2734 1752; x_wconf 90' lang='lat' dir='ltr'><strong>inquit,</strong></span> <span class='ocrx_word' id='word_1_631' title='bbox 2776 1681 2828 1734; x_wconf 79' lang='grc' dir='ltr'><em>Μ</em></span> <span class='ocrx_word' id='word_1_632' title='bbox 2835 1682 3054 1734; x_wconf 79' lang='lat' dir='ltr'><strong>ullarum</strong></span> <span class='ocrx_word' id='word_1_633' title='bbox 3081 1681 3302 1751; x_wconf 86' lang='lat' dir='ltr'><strong>gentium</strong></span> <span class='ocrx_word' id='word_1_634' title='bbox 3327 1689 3520 1748; x_wconf 85' lang='lat' dir='ltr'><strong>patrem</strong></span> <span class='ocrx_word' id='word_1_635' title='bbox 3551 1690 3600 1733; x_wconf 85' lang='lat' dir='ltr'><strong>te</strong></span> <span class='ocrx_word' id='word_1_636' title='bbox 3625 1681 3802 1733; x_wconf 83' lang='lat' dir='ltr'><strong>consti-</strong></span> 
     </span>
    </p>
   </div>
   <div class='ocr_carea' id='block_1_78' title="bbox 2226 1770 3804 1845">
    <p class='ocr_par' dir='ltr' id='par_1_78' title="bbox 2226 1770 3804 1845">
     <span class='ocr_line' id='line_1_79' title="bbox 2226 1770 3804 1845; baseline -0.002 -19"><span class='ocrx_word' id='word_1_637' title='bbox 2226 1776 2299 1827; x_wconf 87' lang='lat' dir='ltr'><strong>tui</strong></span> <span class='ocrx_word' id='word_1_638' title='bbox 2337 1773 2507 1844; x_wconf 82' lang='lat' dir='ltr'><strong>(Gen.</strong></span> <span class='ocrx_word' id='word_1_639' title='bbox 2539 1774 2626 1827; x_wconf 85' lang='lat' dir='ltr'><strong>l7.</strong></span> <span class='ocrx_word' id='word_1_640' title='bbox 2655 1774 2687 1827; x_wconf 75' lang='grc'><strong>4</strong></span> <span class='ocrx_word' id='word_1_641' title='bbox 2708 1771 2750 1845; x_wconf 86' lang='grc'><strong>).</strong></span> <span class='ocrx_word' id='word_1_642' title='bbox 2780 1772 2968 1826; x_wconf 80' lang='lat' dir='ltr'><strong>Viden‘</strong></span> <span class='ocrx_word' id='word_1_643' title='bbox 3011 1771 3123 1824; x_wconf 61' lang='lat' dir='ltr'><strong>haec</strong></span> <span class='ocrx_word' id='word_1_644' title='bbox 3146 1771 3256 1839; x_wconf 90' lang='lat' dir='ltr'><strong>jam</strong></span> <span class='ocrx_word' id='word_1_645' title='bbox 3301 1772 3427 1824; x_wconf 92' lang='lat' dir='ltr'><strong>olim</strong></span> <span class='ocrx_word' id='word_1_646' title='bbox 3469 1770 3804 1840; x_wconf 81' lang='lat' dir='ltr'><strong>dispensata?</strong></span> 
     </span>
    </p>
   </div>
   <div class='ocr_carea' id='block_1_79' title="bbox 2224 1862 3806 1934">
    <p class='ocr_par' dir='ltr' id='par_1_79' title="bbox 2224 1862 3806 1934">
     <span class='ocr_line' id='line_1_80' title="bbox 2224 1862 3806 1934; baseline -0.002 -14"><span class='ocrx_word' id='word_1_647' title='bbox 2224 1865 2360 1933; x_wconf 93' lang='lat' dir='ltr'><strong>Quid</strong></span> <span class='ocrx_word' id='word_1_648' title='bbox 2389 1881 2538 1934; x_wconf 81' lang='lat' dir='ltr'><strong>ergo,</strong></span> <span class='ocrx_word' id='word_1_649' title='bbox 2568 1865 2798 1934; x_wconf 91' lang='lat' dir='ltr'><strong>inquies,</strong></span> <span class='ocrx_word' id='word_1_650' title='bbox 2841 1865 2884 1916; x_wconf 89' lang='lat' dir='ltr'><strong>si</strong></span> <span class='ocrx_word' id='word_1_651' title='bbox 2911 1863 2978 1918; x_wconf 91' lang='lat' dir='ltr'><strong>de</strong></span> <span class='ocrx_word' id='word_1_652' title='bbox 3007 1863 3302 1927; x_wconf 89' lang='lat' dir='ltr'><strong>Ismaelitis,</strong></span> <span class='ocrx_word' id='word_1_653' title='bbox 3331 1862 3398 1917; x_wconf 88' lang='lat' dir='ltr'><strong>de</strong></span> <span class='ocrx_word' id='word_1_654' title='bbox 3427 1864 3736 1916; x_wconf 80' lang='lat' dir='ltr'><strong>Amalecitis</strong></span> <span class='ocrx_word' id='word_1_655' title='bbox 3758 1873 3806 1917; x_wconf 89' lang='lat' dir='ltr'><strong>et</strong></span> 
     </span>
    </p>
   </div>
   <div class='ocr_carea' id='block_1_80' title="bbox 2225 1954 3804 2025">
    <p class='ocr_par' dir='ltr' id='par_1_80' title="bbox 2225 1954 3804 2025">
     <span class='ocr_line' id='line_1_81' title="bbox 2225 1954 3804 2025; baseline -0.002 -14"><span class='ocrx_word' id='word_1_656' title='bbox 2225 1958 2292 2012; x_wconf 90' lang='lat' dir='ltr'><strong>de</strong></span> <span class='ocrx_word' id='word_1_657' title='bbox 2335 1957 2594 2025; x_wconf 77' lang='lat' dir='ltr'><strong>Agat-eois</strong></span> <span class='ocrx_word' id='word_1_658' title='bbox 2630 1957 2744 2010; x_wconf 68' lang='lat' dir='ltr'><strong>haec</strong></span> <span class='ocrx_word' id='word_1_659' title='bbox 2773 1955 2954 2009; x_wconf 80' lang='lat' dir='ltr'><strong>dicat?</strong></span> <span class='ocrx_word' id='word_1_660' title='bbox 2988 1954 3310 2024; x_wconf 85' lang='lat' dir='ltr'><strong>Progressus</strong></span> <span class='ocrx_word' id='word_1_661' title='bbox 3360 1965 3514 2008; x_wconf 88' lang='lat' dir='ltr'><strong>certe</strong></span> <span class='ocrx_word' id='word_1_662' title='bbox 3552 1954 3804 2017; x_wconf 86' lang='lat' dir='ltr'><strong>ulterius,</strong></span> 
     </span>
    </p>
   </div>
   <div class='ocr_carea' id='block_1_81' title="bbox 2225 2044 3806 2108">
    <p class='ocr_par' dir='ltr' id='par_1_81' title="bbox 2225 2044 3806 2108">
     <span class='ocr_line' id='line_1_82' title="bbox 2225 2044 3806 2108; baseline -0.003 -7"><span class='ocrx_word' id='word_1_663' title='bbox 2225 2048 2425 2102; x_wconf 91' lang='lat' dir='ltr'><strong>clarius</strong></span> <span class='ocrx_word' id='word_1_664' title='bbox 2451 2045 2685 2102; x_wconf 89' lang='lat' dir='ltr'><strong>ostendit</strong></span> <span class='ocrx_word' id='word_1_665' title='bbox 2709 2062 2812 2100; x_wconf 90' lang='lat' dir='ltr'><strong>non</strong></span> <span class='ocrx_word' id='word_1_666' title='bbox 2839 2045 2908 2100; x_wconf 88' lang='lat' dir='ltr'><strong>de</strong></span> <span class='ocrx_word' id='word_1_667' title='bbox 2935 2045 3039 2099; x_wconf 88' lang='lat' dir='ltr'><strong>illis</strong></span> <span class='ocrx_word' id='word_1_668' title='bbox 3061 2044 3195 2108; x_wconf 91' lang='lat' dir='ltr'><strong>dici;</strong></span> <span class='ocrx_word' id='word_1_669' title='bbox 3225 2044 3316 2099; x_wconf 86' lang='lat' dir='ltr'><strong>sed</strong></span> <span class='ocrx_word' id='word_1_670' title='bbox 3346 2045 3558 2098; x_wconf 88' lang='lat' dir='ltr'><strong>interim</strong></span> <span class='ocrx_word' id='word_1_671' title='bbox 3586 2044 3651 2098; x_wconf 89' lang='lat' dir='ltr'><strong>ad</strong></span> <span class='ocrx_word' id='word_1_672' title='bbox 3672 2045 3806 2097; x_wconf 87' lang='lat' dir='ltr'><strong>aliud</strong></span> 
     </span>
    </p>
   </div>
   <div class='ocr_carea' id='block_1_82' title="bbox 2229 2135 3806 2207">
    <p class='ocr_par' dir='ltr' id='par_1_82' title="bbox 2229 2135 3806 2207">
     <span class='ocr_line' id='line_1_83' title="bbox 2229 2135 3806 2207; baseline -0.001 -16"><span class='ocrx_word' id='word_1_673' title='bbox 2229 2138 2469 2204; x_wconf 78' lang='lat' dir='ltr'><strong>festinat,</strong></span> <span class='ocrx_word' id='word_1_674' title='bbox 2497 2153 2603 2207; x_wconf 93' lang='lat' dir='ltr'><strong>quo</strong></span> <span class='ocrx_word' id='word_1_675' title='bbox 2634 2137 2762 2191; x_wconf 90' lang='lat' dir='ltr'><strong>illttd</strong></span> <span class='ocrx_word' id='word_1_676' title='bbox 2791 2151 3002 2206; x_wconf 88' lang='lat' dir='ltr'><strong>quoque</strong></span> <span class='ocrx_word' id='word_1_677' title='bbox 3031 2135 3299 2200; x_wconf 89' lang='lat' dir='ltr'><strong>ostendit,</strong></span> <span class='ocrx_word' id='word_1_678' title='bbox 3331 2137 3451 2190; x_wconf 87' lang='lat' dir='ltr'><strong>talis</strong></span> <span class='ocrx_word' id='word_1_679' title='bbox 3477 2137 3806 2206; x_wconf 85' lang='lat' dir='ltr'><strong>cognationis</strong></span> 
     </span>
    </p>
   </div>
   <div class='ocr_carea' id='block_1_83' title="bbox 2227 2226 3803 2296">
    <p class='ocr_par' dir='ltr' id='par_1_83' title="bbox 2227 2226 3803 2296">
     <span class='ocr_line' id='line_1_84' title="bbox 2227 2226 3803 2296; baseline -0.002 -14"><span class='ocrx_word' id='word_1_680' title='bbox 2227 2228 2441 2282; x_wconf 91' lang='lat' dir='ltr'><strong>modum</strong></span> <span class='ocrx_word' id='word_1_681' title='bbox 2467 2227 2748 2292; x_wconf 87' lang='lat' dir='ltr'><strong>deﬁniens,</strong></span> <span class='ocrx_word' id='word_1_682' title='bbox 2781 2236 2834 2280; x_wconf 91' lang='lat' dir='ltr'><strong>et</strong></span> <span class='ocrx_word' id='word_1_683' title='bbox 2864 2242 3054 2296; x_wconf 89' lang='lat' dir='ltr'><strong>magno</strong></span> <span class='ocrx_word' id='word_1_684' title='bbox 3082 2241 3200 2281; x_wconf 90' lang='lat' dir='ltr'><strong>cum</strong></span> <span class='ocrx_word' id='word_1_685' title='bbox 3227 2227 3450 2280; x_wconf 91' lang='lat' dir='ltr'><strong>consilio</strong></span> <span class='ocrx_word' id='word_1_686' title='bbox 3483 2226 3532 2280; x_wconf 92' lang='lat' dir='ltr'><strong>id</strong></span> <span class='ocrx_word' id='word_1_687' title='bbox 3560 2228 3803 2295; x_wconf 85' lang='lat' dir='ltr'><strong>probans.</strong></span> 
     </span>
    </p>
   </div>
   <div class='ocr_carea' id='block_1_84' title="bbox 2227 2317 3809 2386">
    <p class='ocr_par' dir='ltr' id='par_1_84' title="bbox 2227 2317 3809 2386">
     <span class='ocr_line' id='line_1_85' title="bbox 2227 2317 3809 2386; baseline 0.001 -14"><span class='ocrx_word' id='word_1_688' title='bbox 2227 2319 2362 2386; x_wconf 91' lang='lat' dir='ltr'><strong>Quid</strong></span> <span class='ocrx_word' id='word_1_689' title='bbox 2385 2319 2528 2373; x_wconf 91' lang='lat' dir='ltr'><strong>enim</strong></span> <span class='ocrx_word' id='word_1_690' title='bbox 2553 2319 2721 2373; x_wconf 88' lang='lat' dir='ltr'><strong>dicit?</strong></span> <span class='ocrx_word' id='word_1_691' title='bbox 2751 2320 2879 2372; x_wconf 77' lang='lat' dir='ltr'><strong>Ante</strong></span> <span class='ocrx_word' id='word_1_692' title='bbox 2911 2317 3073 2372; x_wconf 87' lang='lat' dir='ltr'><strong>Deum</strong></span> <span class='ocrx_word' id='word_1_693' title='bbox 3092 2357 3107 2379; x_wconf 93' lang='lat'><strong>,</strong></span> <span class='ocrx_word' id='word_1_694' title='bbox 3140 2319 3223 2371; x_wconf 84' lang='lat' dir='ltr'><strong>cui</strong></span> <span class='ocrx_word' id='word_1_695' title='bbox 3245 2318 3502 2382; x_wconf 86' lang='lat' dir='ltr'><strong>credidit;</strong></span> <span class='ocrx_word' id='word_1_696' title='bbox 3533 2319 3585 2372; x_wconf 91' lang='lat' dir='ltr'><strong>id</strong></span> <span class='ocrx_word' id='word_1_697' title='bbox 3613 2330 3726 2382; x_wconf 88' lang='lat' dir='ltr'><strong>est,</strong></span> <span class='ocrx_word' id='word_1_698' title='bbox 3755 2330 3809 2374; x_wconf 93' lang='lat' dir='ltr'><strong>ut</strong></span> 
     </span>
    </p>
   </div>
   <div class='ocr_carea' id='block_1_85' title="bbox 2230 2407 3806 2478">
    <p class='ocr_par' dir='ltr' id='par_1_85' title="bbox 2230 2407 3806 2478">
     <span class='ocr_line' id='line_1_86' title="bbox 2230 2407 3806 2478; baseline -0.001 -15"><span class='ocrx_word' id='word_1_699' title='bbox 2230 2409 2371 2463; x_wconf 91' lang='lat' dir='ltr'><strong>Deus</strong></span> <span class='ocrx_word' id='word_1_700' title='bbox 2400 2424 2504 2463; x_wconf 93' lang='lat' dir='ltr'><strong>non</strong></span> <span class='ocrx_word' id='word_1_701' title='bbox 2535 2417 2619 2463; x_wconf 90' lang='lat' dir='ltr'><strong>est</strong></span> <span class='ocrx_word' id='word_1_702' title='bbox 2645 2409 2800 2463; x_wconf 90' lang='lat' dir='ltr'><strong>unius</strong></span> <span class='ocrx_word' id='word_1_703' title='bbox 2830 2409 2994 2477; x_wconf 90' lang='lat' dir='ltr'><strong>partis</strong></span> <span class='ocrx_word' id='word_1_704' title='bbox 3026 2408 3183 2472; x_wconf 91' lang='lat' dir='ltr'><strong>Deus,</strong></span> <span class='ocrx_word' id='word_1_705' title='bbox 3225 2407 3318 2462; x_wconf 89' lang='lat' dir='ltr'><strong>sed</strong></span> <span class='ocrx_word' id='word_1_706' title='bbox 3347 2409 3589 2462; x_wconf 90' lang='lat' dir='ltr'><strong>omnium</strong></span> <span class='ocrx_word' id='word_1_707' title='bbox 3621 2419 3806 2478; x_wconf 86' lang='lat' dir='ltr'><strong>pater:</strong></span> 
     </span>
    </p>
   </div>
   <div class='ocr_carea' id='block_1_86' title="bbox 2228 2499 3809 2568">
    <p class='ocr_par' dir='ltr' id='par_1_86' title="bbox 2228 2499 3809 2568">
     <span class='ocr_line' id='line_1_87' title="bbox 2228 2499 3809 2568; baseline 0 -15"><span class='ocrx_word' id='word_1_708' title='bbox 2228 2499 2307 2554; x_wconf 92' lang='lat' dir='ltr'><strong>sic</strong></span> <span class='ocrx_word' id='word_1_709' title='bbox 2336 2509 2392 2554; x_wconf 91' lang='lat' dir='ltr'><strong>et</strong></span> <span class='ocrx_word' id='word_1_710' title='bbox 2422 2499 2556 2568; x_wconf 90' lang='lat' dir='ltr'><strong>ipse.</strong></span> <span class='ocrx_word' id='word_1_711' title='bbox 2584 2501 2662 2553; x_wconf 84' lang='lat' dir='ltr'><strong>Ac</strong></span> <span class='ocrx_word' id='word_1_712' title='bbox 2691 2515 2922 2560; x_wconf 83' lang='lat' dir='ltr'><strong>rursum.</strong></span> <span class='ocrx_word' id='word_1_713' title='bbox 2953 2508 3007 2551; x_wconf 91' lang='grc' dir='ltr'><strong>ιιι</strong></span> <span class='ocrx_word' id='word_1_714' title='bbox 3036 2499 3175 2552; x_wconf 90' lang='lat' dir='ltr'><strong>Deus</strong></span> <span class='ocrx_word' id='word_1_715' title='bbox 3200 2507 3351 2567; x_wconf 88' lang='lat' dir='ltr'><strong>pater</strong></span> <span class='ocrx_word' id='word_1_716' title='bbox 3379 2507 3462 2553; x_wconf 92' lang='lat' dir='ltr'><strong>est</strong></span> <span class='ocrx_word' id='word_1_717' title='bbox 3492 2514 3597 2553; x_wconf 92' lang='lat' dir='ltr'><strong>non</strong></span> <span class='ocrx_word' id='word_1_718' title='bbox 3622 2515 3809 2554; x_wconf 85' lang='lat' dir='ltr'><strong>secun-</strong></span> 
     </span>
    </p>
   </div>
   <div class='ocr_carea' id='block_1_87' title="bbox 2227 2590 3810 2661">
    <p class='ocr_par' dir='ltr' id='par_1_87' title="bbox 2227 2590 3810 2661">
     <span class='ocr_line' id='line_1_88' title="bbox 2227 2590 3810 2661; baseline 0.001 -16"><span class='ocrx_word' id='word_1_719' title='bbox 2227 2592 2353 2646; x_wconf 90' lang='lat' dir='ltr'><strong>dum</strong></span> <span class='ocrx_word' id='word_1_720' title='bbox 2385 2591 2679 2646; x_wconf 88' lang='lat' dir='ltr'><strong>naturalem</strong></span> <span class='ocrx_word' id='word_1_721' title='bbox 2702 2593 3095 2661; x_wconf 88' lang='lat' dir='ltr'><strong>cognationem,</strong></span> <span class='ocrx_word' id='word_1_722' title='bbox 3123 2590 3216 2644; x_wconf 90' lang='lat' dir='ltr'><strong>sed</strong></span> <span class='ocrx_word' id='word_1_723' title='bbox 3249 2591 3543 2645; x_wconf 90' lang='lat' dir='ltr'><strong>secundum</strong></span> <span class='ocrx_word' id='word_1_724' title='bbox 3572 2591 3690 2645; x_wconf 87' lang='lat' dir='ltr'><strong>ﬁdei</strong></span> <span class='ocrx_word' id='word_1_725' title='bbox 3717 2607 3810 2646; x_wconf 85' lang='lat' dir='ltr'><strong>ne-</strong></span> 
     </span>
    </p>
   </div>
   <div class='ocr_carea' id='block_1_88' title="bbox 2229 2680 3810 2736">
    <p class='ocr_par' dir='ltr' id='par_1_88' title="bbox 2229 2680 3810 2736">
     <span class='ocr_line' id='line_1_89' title="bbox 2229 2680 3810 2736; baseline -0.001 0"><span class='ocrx_word' id='word_1_726' title='bbox 2229 2682 2607 2736; x_wconf 89' lang='lat' dir='ltr'><strong>cessitudinem</strong></span> <span class='ocrx_word' id='word_1_727' title='bbox 2637 2697 2652 2734; x_wconf 90' lang='lat'><strong>:</strong></span> <span class='ocrx_word' id='word_1_728' title='bbox 2679 2682 2756 2735; x_wconf 90' lang='lat' dir='ltr'><strong>sic</strong></span> <span class='ocrx_word' id='word_1_729' title='bbox 2782 2691 2835 2734; x_wconf 93' lang='lat' dir='ltr'><strong>et</strong></span> <span class='ocrx_word' id='word_1_730' title='bbox 2861 2681 2949 2736; x_wconf 92' lang='lat' dir='ltr'><strong>ille</strong></span> <span class='ocrx_word' id='word_1_731' title='bbox 2977 2698 2990 2733; x_wconf 91' lang='lat'><strong>:</strong></span> <span class='ocrx_word' id='word_1_732' title='bbox 3017 2680 3320 2734; x_wconf 89' lang='lat' dir='ltr'><strong>obedientia</strong></span> <span class='ocrx_word' id='word_1_733' title='bbox 3345 2681 3489 2736; x_wconf 90' lang='lat' dir='ltr'><strong>enim</strong></span> <span class='ocrx_word' id='word_1_734' title='bbox 3517 2681 3649 2736; x_wconf 90' lang='lat' dir='ltr'><strong>facit</strong></span> <span class='ocrx_word' id='word_1_735' title='bbox 3672 2682 3810 2736; x_wconf 90' lang='lat' dir='ltr'><strong>illum</strong></span> 
     </span>
    </p>
   </div>
   <div class='ocr_carea' id='block_1_89' title="bbox 2229 2769 3811 2842">
    <p class='ocr_par' dir='ltr' id='par_1_89' title="bbox 2229 2769 3811 2842">
     <span class='ocr_line' id='line_1_90' title="bbox 2229 2769 3811 2842; baseline 0.001 -17"><span class='ocrx_word' id='word_1_736' title='bbox 2229 2781 2434 2840; x_wconf 89' lang='lat' dir='ltr'><strong>patrem</strong></span> <span class='ocrx_word' id='word_1_737' title='bbox 2473 2771 2707 2824; x_wconf 87' lang='lat' dir='ltr'><strong>omnium</strong></span> <span class='ocrx_word' id='word_1_738' title='bbox 2740 2779 3000 2824; x_wconf 90' lang='lat' dir='ltr'><strong>nostrum.</strong></span> <span class='ocrx_word' id='word_1_739' title='bbox 3032 2771 3162 2836; x_wconf 89' lang='lat' dir='ltr'><strong>Quia</strong></span> <span class='ocrx_word' id='word_1_740' title='bbox 3193 2771 3334 2824; x_wconf 89' lang='lat' dir='ltr'><strong>enim</strong></span> <span class='ocrx_word' id='word_1_741' title='bbox 3368 2771 3508 2824; x_wconf 89' lang='lat' dir='ltr'><strong>illam</strong></span> <span class='ocrx_word' id='word_1_742' title='bbox 3537 2769 3811 2842; x_wconf 84' lang='lat' dir='ltr'><strong>cognatio-</strong></span> 
     </span>
    </p>
   </div>
   <div class='ocr_carea' id='block_1_90' title="bbox 2230 2861 3808 2930">
    <p class='ocr_par' dir='ltr' id='par_1_90' title="bbox 2230 2861 3808 2930">
     <span class='ocr_line' id='line_1_91' title="bbox 2230 2861 3808 2930; baseline 0.001 -14"><span class='ocrx_word' id='word_1_743' title='bbox 2230 2878 2351 2916; x_wconf 91' lang='lat' dir='ltr'><strong>nem</strong></span> <span class='ocrx_word' id='word_1_744' title='bbox 2375 2863 2504 2916; x_wconf 93' lang='lat' dir='ltr'><strong>nihil</strong></span> <span class='ocrx_word' id='word_1_745' title='bbox 2533 2876 2653 2917; x_wconf 91' lang='lat' dir='ltr'><strong>esse</strong></span> <span class='ocrx_word' id='word_1_746' title='bbox 2684 2861 2959 2930; x_wconf 81' lang='lat' dir='ltr'><strong>putabant,</strong></span> <span class='ocrx_word' id='word_1_747' title='bbox 2992 2862 3308 2916; x_wconf 88' lang='lat' dir='ltr'><strong>crassiorem</strong></span> <span class='ocrx_word' id='word_1_748' title='bbox 3338 2861 3480 2916; x_wconf 85' lang='lat' dir='ltr'><strong>illam</strong></span> <span class='ocrx_word' id='word_1_749' title='bbox 3503 2864 3808 2927; x_wconf 80' lang='lat' dir='ltr'><strong>retinentes.</strong></span> 
     </span>
    </p>
   </div>
   <div class='ocr_carea' id='block_1_91' title="bbox 2230 2950 3811 3019">
    <p class='ocr_par' dir='ltr' id='par_1_91' title="bbox 2230 2950 3811 3019">
     <span class='ocr_line' id='line_1_92' title="bbox 2230 2950 3811 3019; baseline 0.001 -13"><span class='ocrx_word' id='word_1_750' title='bbox 2230 2952 2465 3006; x_wconf 87' lang='lat' dir='ltr'><strong>ostendit</strong></span> <span class='ocrx_word' id='word_1_751' title='bbox 2497 2952 2632 3005; x_wconf 89' lang='lat' dir='ltr'><strong>hanc</strong></span> <span class='ocrx_word' id='word_1_752' title='bbox 2678 2965 2798 3005; x_wconf 92' lang='lat' dir='ltr'><strong>esse</strong></span> <span class='ocrx_word' id='word_1_753' title='bbox 2841 2951 3008 3019; x_wconf 84' lang='lat' dir='ltr'><strong>magis</strong></span> <span class='ocrx_word' id='word_1_754' title='bbox 3053 2950 3356 3019; x_wconf 88' lang='lat' dir='ltr'><strong>propriam.</strong></span> <span class='ocrx_word' id='word_1_755' title='bbox 3404 2966 3706 3008; x_wconf 86' lang='lat' dir='ltr'><strong>sermonem</strong></span> <span class='ocrx_word' id='word_1_756' title='bbox 3749 2951 3811 3007; x_wconf 89' lang='lat' dir='ltr'><strong>ad</strong></span> 
     </span>
    </p>
   </div>
   <div class='ocr_carea' id='block_1_92' title="bbox 2232 3040 3808 3110">
    <p class='ocr_par' dir='ltr' id='par_1_92' title="bbox 2232 3040 3808 3110">
     <span class='ocr_line' id='line_1_93' title="bbox 2232 3040 3808 3110; baseline 0 -13"><span class='ocrx_word' id='word_1_757' title='bbox 2232 3042 2399 3097; x_wconf 91' lang='lat' dir='ltr'><strong>Deum</strong></span> <span class='ocrx_word' id='word_1_758' title='bbox 2429 3042 2719 3098; x_wconf 88' lang='lat' dir='ltr'><strong>adducens.</strong></span> <span class='ocrx_word' id='word_1_759' title='bbox 2755 3044 2930 3110; x_wconf 82' lang='lat' dir='ltr'><strong>Atque</strong></span> <span class='ocrx_word' id='word_1_760' title='bbox 2956 3056 3075 3095; x_wconf 89' lang='lat' dir='ltr'><strong>cum</strong></span> <span class='ocrx_word' id='word_1_761' title='bbox 3106 3040 3188 3096; x_wconf 89' lang='lat' dir='ltr'><strong>bis</strong></span> <span class='ocrx_word' id='word_1_762' title='bbox 3227 3041 3328 3096; x_wconf 92' lang='lat' dir='ltr'><strong>hoc</strong></span> <span class='ocrx_word' id='word_1_763' title='bbox 3352 3043 3513 3096; x_wconf 90' lang='lat' dir='ltr'><strong>etiam</strong></span> <span class='ocrx_word' id='word_1_764' title='bbox 3546 3043 3774 3098; x_wconf 86' lang='lat' dir='ltr'><strong>declarat</strong></span> <span class='ocrx_word' id='word_1_765' title='bbox 3794 3084 3808 3105; x_wconf 91' lang='lat'><strong>.</strong></span> 
     </span>
    </p>
   </div>
   <div class='ocr_carea' id='block_1_93' title="bbox 2232 3132 3812 3203">
    <p class='ocr_par' dir='ltr' id='par_1_93' title="bbox 2232 3132 3812 3203">
     <span class='ocr_line' id='line_1_94' title="bbox 2232 3132 3812 3203; baseline 0.002 -18"><span class='ocrx_word' id='word_1_766' title='bbox 2232 3132 2375 3202; x_wconf 93' lang='lat' dir='ltr'><strong>quod</strong></span> <span class='ocrx_word' id='word_1_767' title='bbox 2418 3133 2554 3187; x_wconf 91' lang='lat' dir='ltr'><strong>hanc</strong></span> <span class='ocrx_word' id='word_1_768' title='bbox 2595 3132 2715 3186; x_wconf 91' lang='lat' dir='ltr'><strong>ﬁdei</strong></span> <span class='ocrx_word' id='word_1_769' title='bbox 2757 3132 3157 3186; x_wconf 85' lang='lat' dir='ltr'><strong>retributionem</strong></span> <span class='ocrx_word' id='word_1_770' title='bbox 3184 3133 3472 3200; x_wconf 89' lang='lat' dir='ltr'><strong>acceperit.</strong></span> <span class='ocrx_word' id='word_1_771' title='bbox 3504 3133 3691 3203; x_wconf 80' lang='lat' dir='ltr'><strong>Itaque</strong></span> <span class='ocrx_word' id='word_1_772' title='bbox 3718 3132 3812 3188; x_wconf 91' lang='lat' dir='ltr'><strong>nisi</strong></span> 
     </span>
    </p>
   </div>
   <div class='ocr_carea' id='block_1_94' title="bbox 2236 3220 3812 3292">
    <p class='ocr_par' dir='ltr' id='par_1_94' title="bbox 2236 3220 3812 3292">
     <span class='ocr_line' id='line_1_95' title="bbox 2236 3220 3812 3292; baseline 0.001 -17"><span class='ocrx_word' id='word_1_773' title='bbox 2236 3222 2338 3276; x_wconf 91' lang='lat' dir='ltr'><strong>hoc</strong></span> <span class='ocrx_word' id='word_1_774' title='bbox 2376 3221 2641 3284; x_wconf 88' lang='lat' dir='ltr'><strong>adfuerit,</strong></span> <span class='ocrx_word' id='word_1_775' title='bbox 2674 3220 2883 3275; x_wconf 86' lang='lat' dir='ltr'><strong>etiamsi</strong></span> <span class='ocrx_word' id='word_1_776' title='bbox 2913 3230 3063 3288; x_wconf 91' lang='lat' dir='ltr'><strong>pater</strong></span> <span class='ocrx_word' id='word_1_777' title='bbox 3101 3222 3170 3274; x_wconf 92' lang='lat' dir='ltr'><strong>sit</strong></span> <span class='ocrx_word' id='word_1_778' title='bbox 3199 3221 3459 3285; x_wconf 88' lang='lat' dir='ltr'><strong>ontnium,</strong></span> <span class='ocrx_word' id='word_1_779' title='bbox 3497 3224 3590 3292; x_wconf 90' lang='lat' dir='ltr'><strong>qui</strong></span> <span class='ocrx_word' id='word_1_780' title='bbox 3625 3233 3812 3277; x_wconf 88' lang='lat' dir='ltr'><strong>terram</strong></span> 
     </span>
    </p>
   </div>
   <div class='ocr_carea' id='block_1_95' title="bbox 2234 3305 3815 3376">
    <p class='ocr_par' dir='ltr' id='par_1_95' title="bbox 2234 3305 3815 3376">
     <span class='ocr_line' id='line_1_96' title="bbox 2234 3305 3815 3376; baseline -0.001 -10"><span class='ocrx_word' id='word_1_781' title='bbox 2234 3305 2507 3373; x_wconf 86' lang='lat' dir='ltr'><strong>incolu&#39;nt;</strong></span> <span class='ocrx_word' id='word_1_782' title='bbox 2537 3310 2687 3372; x_wconf 88' lang='lat' dir='ltr'><strong>illttd.</strong></span> <span class='ocrx_word' id='word_1_783' title='bbox 2723 3311 2872 3375; x_wconf 82' lang='lat' dir='ltr'><strong>Ante,</strong></span> <span class='ocrx_word' id='word_1_784' title='bbox 2903 3311 3076 3364; x_wconf 90' lang='lat' dir='ltr'><strong>locum</strong></span> <span class='ocrx_word' id='word_1_785' title='bbox 3105 3327 3209 3364; x_wconf 88' lang='lat' dir='ltr'><strong>non</strong></span> <span class='ocrx_word' id='word_1_786' title='bbox 3233 3310 3411 3376; x_wconf 92' lang='lat' dir='ltr'><strong>habet,</strong></span> <span class='ocrx_word' id='word_1_787' title='bbox 3435 3312 3531 3366; x_wconf 88' lang='lat' dir='ltr'><strong>sed</strong></span> <span class='ocrx_word' id='word_1_788' title='bbox 3559 3315 3815 3368; x_wconf 90' lang='lat' dir='ltr'><strong>succisum</strong></span> 
     </span>
    </p>
   </div>
   <div class='ocr_carea' id='block_1_96' title="bbox 2233 3400 3818 3468">
    <p class='ocr_par' dir='ltr' id='par_1_96' title="bbox 2233 3400 3818 3468">
     <span class='ocr_line' id='line_1_97' title="bbox 2233 3400 3818 3468; baseline 0 -12"><span class='ocrx_word' id='word_1_789' title='bbox 2233 3411 2288 3456; x_wconf 92' lang='lat' dir='ltr'><strong>et</strong></span> <span class='ocrx_word' id='word_1_790' title='bbox 2331 3402 2663 3456; x_wconf 90' lang='lat' dir='ltr'><strong>imminutum</strong></span> <span class='ocrx_word' id='word_1_791' title='bbox 2689 3412 2772 3456; x_wconf 90' lang='lat' dir='ltr'><strong>est</strong></span> <span class='ocrx_word' id='word_1_792' title='bbox 2807 3401 2899 3455; x_wconf 92' lang='lat' dir='ltr'><strong>Dei</strong></span> <span class='ocrx_word' id='word_1_793' title='bbox 2938 3400 3138 3455; x_wconf 91' lang='lat' dir='ltr'><strong>donum</strong></span> <span class='ocrx_word' id='word_1_794' title='bbox 3170 3417 3183 3454; x_wconf 92' lang='lat'><strong>:</strong></span> <span class='ocrx_word' id='word_1_795' title='bbox 3214 3401 3339 3454; x_wconf 93' lang='lat' dir='ltr'><strong>illud</strong></span> <span class='ocrx_word' id='word_1_796' title='bbox 3370 3403 3539 3468; x_wconf 91' lang='lat' dir='ltr'><strong>enim,</strong></span> <span class='ocrx_word' id='word_1_797' title='bbox 3585 3416 3724 3467; x_wconf 82' lang='lat' dir='ltr'><strong>ante,</strong></span> <span class='ocrx_word' id='word_1_798' title='bbox 3751 3403 3818 3456; x_wconf 88' lang='lat' dir='ltr'><strong>si-</strong></span> 
     </span>
    </p>
   </div>
   <div class='ocr_carea' id='block_1_97' title="bbox 2234 3493 3818 3566">
    <p class='ocr_par' dir='ltr' id='par_1_97' title="bbox 2234 3493 3818 3566">
     <span class='ocr_line' id='line_1_98' title="bbox 2234 3493 3818 3566; baseline -0.001 -18"><span class='ocrx_word' id='word_1_799' title='bbox 2234 3495 2484 3566; x_wconf 84' lang='lat' dir='ltr'><strong>gnificat,</strong></span> <span class='ocrx_word' id='word_1_800' title='bbox 2514 3494 2778 3549; x_wconf 88' lang='lat' dir='ltr'><strong>similiter.</strong></span> <span class='ocrx_word' id='word_1_801' title='bbox 2806 3493 2904 3560; x_wconf 94' lang='lat' dir='ltr'><strong>Qui</strong></span> <span class='ocrx_word' id='word_1_802' title='bbox 2930 3533 2946 3557; x_wconf 95' lang='lat'><strong>,</strong></span> <span class='ocrx_word' id='word_1_803' title='bbox 2977 3507 3194 3561; x_wconf 69' lang='lat' dir='ltr'><strong>quaeso,</strong></span> <span class='ocrx_word' id='word_1_804' title='bbox 3225 3494 3417 3546; x_wconf 88' lang='lat' dir='ltr'><strong>mirutn</strong></span> <span class='ocrx_word' id='word_1_805' title='bbox 3448 3493 3651 3558; x_wconf 89' lang='lat' dir='ltr'><strong>fuerit,</strong></span> <span class='ocrx_word' id='word_1_806' title='bbox 3685 3495 3818 3564; x_wconf 91' lang='lat' dir='ltr'><strong>quod</strong></span> 
     </span>
    </p>
   </div>
   <div class='ocr_carea' id='block_1_98' title="bbox 2238 3585 3816 3657">
    <p class='ocr_par' dir='ltr' id='par_1_98' title="bbox 2238 3585 3816 3657">
     <span class='ocr_line' id='line_1_99' title="bbox 2238 3585 3816 3657; baseline 0.002 -19"><span class='ocrx_word' id='word_1_807' title='bbox 2238 3597 2388 3657; x_wconf 89' lang='lat' dir='ltr'><strong>pater</strong></span> <span class='ocrx_word' id='word_1_808' title='bbox 2416 3587 2486 3641; x_wconf 91' lang='lat' dir='ltr'><strong>sit</strong></span> <span class='ocrx_word' id='word_1_809' title='bbox 2513 3602 2721 3650; x_wconf 90' lang='lat' dir='ltr'><strong>eorum,</strong></span> <span class='ocrx_word' id='word_1_810' title='bbox 2755 3587 2843 3654; x_wconf 92' lang='lat' dir='ltr'><strong>qui</strong></span> <span class='ocrx_word' id='word_1_811' title='bbox 2873 3602 2939 3640; x_wconf 84' lang='lat' dir='ltr'><strong>ex</strong></span> <span class='ocrx_word' id='word_1_812' title='bbox 2967 3586 3081 3652; x_wconf 88' lang='lat' dir='ltr'><strong>ipso</strong></span> <span class='ocrx_word' id='word_1_813' title='bbox 3111 3587 3274 3639; x_wconf 85' lang='lat' dir='ltr'><strong>sunt?</strong></span> <span class='ocrx_word' id='word_1_814' title='bbox 3295 3585 3396 3639; x_wconf 91' lang='lat' dir='ltr'><strong>hoc</strong></span> <span class='ocrx_word' id='word_1_815' title='bbox 3415 3587 3561 3640; x_wconf 88' lang='lat' dir='ltr'><strong>enim</strong></span> <span class='ocrx_word' id='word_1_816' title='bbox 3584 3589 3816 3657; x_wconf 78' lang='lat' dir='ltr'><strong>singulo-</strong></span> 
     </span>
    </p>
   </div>
   <div class='ocr_carea' id='block_1_99' title="bbox 2237 3675 3824 3748">
    <p class='ocr_par' dir='ltr' id='par_1_99' title="bbox 2237 3675 3824 3748">
     <span class='ocr_line' id='line_1_100' title="bbox 2237 3675 3824 3748; baseline 0 -15"><span class='ocrx_word' id='word_1_817' title='bbox 2237 3694 2355 3733; x_wconf 90' lang='lat' dir='ltr'><strong>rum</strong></span> <span class='ocrx_word' id='word_1_818' title='bbox 2387 3677 2662 3732; x_wconf 91' lang='lat' dir='ltr'><strong>hominum</strong></span> <span class='ocrx_word' id='word_1_819' title='bbox 2687 3685 2787 3730; x_wconf 89' lang='lat' dir='ltr'><strong>est.</strong></span> <span class='ocrx_word' id='word_1_820' title='bbox 2819 3676 2971 3744; x_wconf 92' lang='lat' dir='ltr'><strong>Quod</strong></span> <span class='ocrx_word' id='word_1_821' title='bbox 3003 3675 3345 3745; x_wconf 89' lang='lat' dir='ltr'><strong>stupendum,</strong></span> <span class='ocrx_word' id='word_1_822' title='bbox 3380 3677 3508 3731; x_wconf 92' lang='lat' dir='ltr'><strong>illud</strong></span> <span class='ocrx_word' id='word_1_823' title='bbox 3544 3689 3663 3742; x_wconf 90' lang='lat' dir='ltr'><strong>est,</strong></span> <span class='ocrx_word' id='word_1_824' title='bbox 3695 3692 3824 3748; x_wconf 79' lang='lat' dir='ltr'><strong>quos</strong></span> 
     </span>
    </p>
   </div>
   <div class='ocr_carea' id='block_1_100' title="bbox 2239 3767 3826 3834">
    <p class='ocr_par' dir='ltr' id='par_1_100' title="bbox 2239 3767 3826 3834">
     <span class='ocr_line' id='line_1_101' title="bbox 2239 3767 3826 3834; baseline 0.001 -10"><span class='ocrx_word' id='word_1_825' title='bbox 2239 3785 2344 3824; x_wconf 87' lang='lat' dir='ltr'><strong>non</strong></span> <span class='ocrx_word' id='word_1_826' title='bbox 2386 3769 2570 3823; x_wconf 87' lang='lat' dir='ltr'><strong>habuit</strong></span> <span class='ocrx_word' id='word_1_827' title='bbox 2609 3784 2674 3824; x_wconf 90' lang='lat' dir='ltr'><strong>ex</strong></span> <span class='ocrx_word' id='word_1_828' title='bbox 2717 3777 2902 3822; x_wconf 90' lang='lat' dir='ltr'><strong>natura</strong></span> <span class='ocrx_word' id='word_1_829' title='bbox 2924 3807 2941 3834; x_wconf 97' lang='lat'><strong>,</strong></span> <span class='ocrx_word' id='word_1_830' title='bbox 2971 3767 3070 3823; x_wconf 90' lang='lat' dir='ltr'><strong>hos</strong></span> <span class='ocrx_word' id='word_1_831' title='bbox 3099 3783 3166 3822; x_wconf 87' lang='lat' dir='ltr'><strong>ex</strong></span> <span class='ocrx_word' id='word_1_832' title='bbox 3207 3768 3300 3822; x_wconf 89' lang='lat' dir='ltr'><strong>Dei</strong></span> <span class='ocrx_word' id='word_1_833' title='bbox 3340 3768 3482 3824; x_wconf 91' lang='lat' dir='ltr'><strong>dono</strong></span> <span class='ocrx_word' id='word_1_834' title='bbox 3513 3772 3663 3825; x_wconf 91' lang='lat' dir='ltr'><strong>illum</strong></span> <span class='ocrx_word' id='word_1_835' title='bbox 3693 3771 3826 3826; x_wconf 64' lang='lat' dir='ltr'><strong>accio</strong></span> 
     </span>
    </p>
   </div>
   <div class='ocr_carea' id='block_1_101' title="bbox 2241 3877 2388 3932">
    <p class='ocr_par' dir='ltr' id='par_1_101' title="bbox 2241 3877 2388 3932">
     <span class='ocr_line' id='line_1_102' title="bbox 2241 3877 2388 3932; baseline -0.014 -15"><span class='ocrx_word' id='word_1_836' title='bbox 2241 3877 2388 3932; x_wconf 88' lang='lat' dir='ltr'><strong>pere.</strong></span> 
     </span>
    </p>
   </div>
   <div class='ocr_carea' id='block_1_102' title="bbox 2299 3951 3828 4023">
    <p class='ocr_par' dir='ltr' id='par_1_102' title="bbox 2299 3951 3828 4023">
     <span class='ocr_line' id='line_1_103' title="bbox 2299 3951 3828 4023; baseline -0.001 -14"><span class='ocrx_word' id='word_1_837' title='bbox 2299 3954 2352 4009; x_wconf 88' lang='grc'><strong>5.</strong></span> <span class='ocrx_word' id='word_1_838' title='bbox 2372 3954 2550 4022; x_wconf 85' lang='lat' dir='ltr'><strong>Itaque</strong></span> <span class='ocrx_word' id='word_1_839' title='bbox 2561 3953 2604 4007; x_wconf 92' lang='lat' dir='ltr'><strong>si</strong></span> <span class='ocrx_word' id='word_1_840' title='bbox 2622 3953 2700 4007; x_wconf 85' lang='lat' dir='ltr'><strong>vis</strong></span> <span class='ocrx_word' id='word_1_841' title='bbox 2713 3953 2934 4008; x_wconf 89' lang='lat' dir='ltr'><strong>credere</strong></span> <span class='ocrx_word' id='word_1_842' title='bbox 2947 3953 3260 4007; x_wconf 89' lang='lat' dir='ltr'><strong>honoratum</strong></span> <span class='ocrx_word' id='word_1_843' title='bbox 3277 3951 3438 4008; x_wconf 90' lang='lat' dir='ltr'><strong>fuisse</strong></span> <span class='ocrx_word' id='word_1_844' title='bbox 3454 3954 3828 4023; x_wconf 81' lang='lat' dir='ltr'><strong>patriarchatn,</strong></span> 
     </span>
    </p>
   </div>
   <div class='ocr_carea' id='block_1_103' title="bbox 2240 4045 3829 4115">
    <p class='ocr_par' dir='ltr' id='par_1_103' title="bbox 2240 4045 3829 4115">
     <span class='ocr_line' id='line_1_104' title="bbox 2240 4045 3829 4115; baseline 0 -15"><span class='ocrx_word' id='word_1_845' title='bbox 2240 4045 2399 4100; x_wconf 88' lang='lat' dir='ltr'><strong>crede</strong></span> <span class='ocrx_word' id='word_1_846' title='bbox 2429 4046 2600 4114; x_wconf 92' lang='lat' dir='ltr'><strong>ipsum</strong></span> <span class='ocrx_word' id='word_1_847' title='bbox 2627 4046 2863 4099; x_wconf 90' lang='lat' dir='ltr'><strong>omnium</strong></span> <span class='ocrx_word' id='word_1_848' title='bbox 2894 4059 3015 4100; x_wconf 88' lang='lat' dir='ltr'><strong>esse</strong></span> <span class='ocrx_word' id='word_1_849' title='bbox 3044 4053 3272 4115; x_wconf 88' lang='lat' dir='ltr'><strong>patrem.</strong></span> <span class='ocrx_word' id='word_1_850' title='bbox 3295 4045 3429 4099; x_wconf 89' lang='lat' dir='ltr'><strong>Cum</strong></span> <span class='ocrx_word' id='word_1_851' title='bbox 3457 4045 3598 4100; x_wconf 90' lang='lat' dir='ltr'><strong>dixit</strong></span> <span class='ocrx_word' id='word_1_852' title='bbox 3633 4057 3829 4109; x_wconf 87' lang='lat' dir='ltr'><strong>autem,</strong></span> 
     </span>
    </p>
   </div>
   <div class='ocr_carea' id='block_1_104' title="bbox 2240 4135 3831 4206">
    <p class='ocr_par' dir='ltr' id='par_1_104' title="bbox 2240 4135 3831 4206">
     <span class='ocr_line' id='line_1_105' title="bbox 2240 4135 3831 4206; baseline 0.001 -17"><span class='ocrx_word' id='word_1_853' title='bbox 2240 4136 2369 4190; x_wconf 77' lang='lat' dir='ltr'><strong>Ante</strong></span> <span class='ocrx_word' id='word_1_854' title='bbox 2398 4136 2574 4198; x_wconf 85' lang='lat' dir='ltr'><strong>Deum,</strong></span> <span class='ocrx_word' id='word_1_855' title='bbox 2595 4137 2676 4188; x_wconf 79' lang='lat' dir='ltr'><strong>cui</strong></span> <span class='ocrx_word' id='word_1_856' title='bbox 2705 4136 2936 4200; x_wconf 85' lang='lat' dir='ltr'><strong>credidit,</strong></span> <span class='ocrx_word' id='word_1_857' title='bbox 2965 4151 3069 4189; x_wconf 92' lang='lat' dir='ltr'><strong>non</strong></span> <span class='ocrx_word' id='word_1_858' title='bbox 3096 4135 3182 4189; x_wconf 89' lang='lat' dir='ltr'><strong>hic</strong></span> <span class='ocrx_word' id='word_1_859' title='bbox 3204 4135 3461 4200; x_wconf 90' lang='lat' dir='ltr'><strong>substitit,</strong></span> <span class='ocrx_word' id='word_1_860' title='bbox 3494 4137 3586 4191; x_wconf 90' lang='lat' dir='ltr'><strong>sed</strong></span> <span class='ocrx_word' id='word_1_861' title='bbox 3610 4137 3831 4206; x_wconf 82' lang='lat' dir='ltr'><strong>adjecit;</strong></span> 
     </span>
    </p>
   </div>
   <div class='ocr_carea' id='block_1_105' title="bbox 2246 4227 3837 4296">
    <p class='ocr_par' dir='ltr' id='par_1_105' title="bbox 2246 4227 3837 4296">
     <span class='ocr_line' id='line_1_106' title="bbox 2246 4227 3837 4296; baseline 0.002 -18"><span class='ocrx_word' id='word_1_862' title='bbox 2246 4228 2348 4293; x_wconf 82' lang='lat' dir='ltr'><strong>Qui</strong></span> <span class='ocrx_word' id='word_1_863' title='bbox 2370 4227 2584 4294; x_wconf 82' lang='lat' dir='ltr'><strong>vivi/ient</strong></span> <span class='ocrx_word' id='word_1_864' title='bbox 2603 4236 2846 4291; x_wconf 88' lang='lat' dir='ltr'><strong>ntortuos,</strong></span> <span class='ocrx_word' id='word_1_865' title='bbox 2875 4235 2922 4279; x_wconf 87' lang='lat' dir='ltr'><strong>et</strong></span> <span class='ocrx_word' id='word_1_866' title='bbox 2942 4234 3082 4278; x_wconf 77' lang='lat' dir='ltr'><strong>vocat</strong></span> <span class='ocrx_word' id='word_1_867' title='bbox 3097 4242 3154 4279; x_wconf 89' lang='lat' dir='ltr'><strong>ea</strong></span> <span class='ocrx_word' id='word_1_868' title='bbox 3169 4242 3281 4295; x_wconf 68' lang='lat' dir='ltr'><strong>quae</strong></span> <span class='ocrx_word' id='word_1_869' title='bbox 3297 4243 3398 4279; x_wconf 88' lang='lat' dir='ltr'><strong>non</strong></span> <span class='ocrx_word' id='word_1_870' title='bbox 3417 4237 3556 4292; x_wconf 87' lang='lat' dir='ltr'><strong>sunt,</strong></span> <span class='ocrx_word' id='word_1_871' title='bbox 3581 4237 3837 4296; x_wconf 78' lang='lat' dir='ltr'><strong>tamquam</strong></span> 
     </span>
    </p>
   </div>
   <div class='ocr_carea' id='block_1_106' title="bbox 2243 4316 3838 4387">
    <p class='ocr_par' dir='ltr' id='par_1_106' title="bbox 2243 4316 3838 4387">
     <span class='ocr_line' id='line_1_107' title="bbox 2243 4316 3838 4387; baseline 0 -16"><span class='ocrx_word' id='word_1_872' title='bbox 2243 4334 2302 4371; x_wconf 89' lang='lat' dir='ltr'><strong>ea</strong></span> <span class='ocrx_word' id='word_1_873' title='bbox 2334 4333 2445 4387; x_wconf 76' lang='lat' dir='ltr'><strong>qua:</strong></span> <span class='ocrx_word' id='word_1_874' title='bbox 2472 4327 2586 4370; x_wconf 87' lang='lat' dir='ltr'><strong>sunt</strong></span> <span class='ocrx_word' id='word_1_875' title='bbox 2617 4333 2637 4371; x_wconf 89' lang='lat'><strong><em>:</em></strong></span> <span class='ocrx_word' id='word_1_876' title='bbox 2664 4333 2783 4372; x_wconf 90' lang='lat' dir='ltr'><strong>cum</strong></span> <span class='ocrx_word' id='word_1_877' title='bbox 2810 4332 3000 4385; x_wconf 89' lang='lat' dir='ltr'><strong>nempe</strong></span> <span class='ocrx_word' id='word_1_878' title='bbox 3023 4317 3134 4384; x_wconf 88' lang='lat' dir='ltr'><strong>jam</strong></span> <span class='ocrx_word' id='word_1_879' title='bbox 3157 4316 3224 4370; x_wconf 92' lang='lat' dir='ltr'><strong>de</strong></span> <span class='ocrx_word' id='word_1_880' title='bbox 3247 4321 3646 4373; x_wconf 86' lang='lat' dir='ltr'><strong>resurrectione</strong></span> <span class='ocrx_word' id='word_1_881' title='bbox 3678 4333 3838 4387; x_wconf 81' lang='lat' dir='ltr'><strong>agere</strong></span> 
     </span>
    </p>
   </div>
   <div class='ocr_carea' id='block_1_107' title="bbox 2245 4407 3840 4479">
    <p class='ocr_par' dir='ltr' id='par_1_107' title="bbox 2245 4407 3840 4479">
     <span class='ocr_line' id='line_1_108' title="bbox 2245 4407 3840 4479; baseline -0.001 -15"><span class='ocrx_word' id='word_1_882' title='bbox 2245 4411 2496 4478; x_wconf 77' lang='lat' dir='ltr'><strong>cmpisset</strong></span> <span class='ocrx_word' id='word_1_883' title='bbox 2529 4427 2542 4461; x_wconf 92' lang='lat'>:</span> <span class='ocrx_word' id='word_1_884' title='bbox 2575 4409 2716 4479; x_wconf 89' lang='lat' dir='ltr'><strong>quod</strong></span> <span class='ocrx_word' id='word_1_885' title='bbox 2745 4408 2793 4463; x_wconf 90' lang='lat' dir='ltr'><strong>ei</strong></span> <span class='ocrx_word' id='word_1_886' title='bbox 2825 4409 2986 4464; x_wconf 88' lang='lat' dir='ltr'><strong>etiam</strong></span> <span class='ocrx_word' id='word_1_887' title='bbox 3020 4407 3085 4462; x_wconf 90' lang='lat' dir='ltr'><strong>ad</strong></span> <span class='ocrx_word' id='word_1_888' title='bbox 3117 4423 3350 4476; x_wconf 67' lang='lat' dir='ltr'><strong>praesens</strong></span> <span class='ocrx_word' id='word_1_889' title='bbox 3377 4407 3677 4461; x_wconf 74' lang='lat' dir='ltr'><strong>institblum</strong></span> <span class='ocrx_word' id='word_1_890' title='bbox 3713 4409 3840 4463; x_wconf 90' lang='lat' dir='ltr'><strong>utile</strong></span> 
     </span>
    </p>
   </div>
   <div class='ocr_carea' id='block_1_108' title="bbox 2245 4500 3838 4571">
    <p class='ocr_par' dir='ltr' id='par_1_108' title="bbox 2245 4500 3838 4571">
     <span class='ocr_line' id='line_1_109' title="bbox 2245 4500 3838 4571; baseline -0.001 -14"><span class='ocrx_word' id='word_1_891' title='bbox 2245 4510 2380 4557; x_wconf 87' lang='lat' dir='ltr'><strong>erat.</strong></span> <span class='ocrx_word' id='word_1_892' title='bbox 2412 4501 2542 4555; x_wconf 86' lang='lat' dir='ltr'><strong>Nam</strong></span> <span class='ocrx_word' id='word_1_893' title='bbox 2569 4502 2614 4554; x_wconf 93' lang='lat' dir='ltr'><strong>si</strong></span> <span class='ocrx_word' id='word_1_894' title='bbox 2647 4509 2821 4571; x_wconf 89' lang='lat' dir='ltr'><strong>potest</strong></span> <span class='ocrx_word' id='word_1_895' title='bbox 2843 4511 3084 4555; x_wconf 92' lang='lat' dir='ltr'><strong>mortuos</strong></span> <span class='ocrx_word' id='word_1_896' title='bbox 3110 4500 3174 4554; x_wconf 90' lang='lat' dir='ltr'><strong>ad</strong></span> <span class='ocrx_word' id='word_1_897' title='bbox 3199 4500 3357 4553; x_wconf 89' lang='lat' dir='ltr'><strong>vitam</strong></span> <span class='ocrx_word' id='word_1_898' title='bbox 3381 4516 3636 4555; x_wconf 89' lang='lat' dir='ltr'><strong>revocare</strong></span> <span class='ocrx_word' id='word_1_899' title='bbox 3655 4541 3669 4564; x_wconf 87' lang='lat'><strong>,</strong></span> <span class='ocrx_word' id='word_1_900' title='bbox 3703 4510 3758 4554; x_wconf 88' lang='lat' dir='ltr'><strong>et</strong></span> <span class='ocrx_word' id='word_1_901' title='bbox 3776 4515 3838 4555; x_wconf 82' lang='lat' dir='ltr'><strong>ea</strong></span> 
     </span>
    </p>
   </div>
   <div class='ocr_carea' id='block_1_109' title="bbox 2245 4591 3843 4664">
    <p class='ocr_par' dir='ltr' id='par_1_109' title="bbox 2245 4591 3843 4664">
     <span class='ocr_line' id='line_1_110' title="bbox 2245 4591 3843 4664; baseline -0.001 -17"><span class='ocrx_word' id='word_1_902' title='bbox 2245 4609 2365 4664; x_wconf 76' lang='lat' dir='ltr'><strong>qua:</strong></span> <span class='ocrx_word' id='word_1_903' title='bbox 2383 4607 2487 4647; x_wconf 92' lang='lat' dir='ltr'><strong>non</strong></span> <span class='ocrx_word' id='word_1_904' title='bbox 2501 4601 2644 4657; x_wconf 91' lang='lat' dir='ltr'><strong>sunt,</strong></span> <span class='ocrx_word' id='word_1_905' title='bbox 2662 4603 2929 4662; x_wconf 87' lang='lat' dir='ltr'><strong>tamquam</strong></span> <span class='ocrx_word' id='word_1_906' title='bbox 2947 4607 3008 4646; x_wconf 88' lang='lat' dir='ltr'><strong>ea</strong></span> <span class='ocrx_word' id='word_1_907' title='bbox 3027 4607 3146 4660; x_wconf 74' lang='lat' dir='ltr'><strong>qua:</strong></span> <span class='ocrx_word' id='word_1_908' title='bbox 3165 4601 3307 4658; x_wconf 89' lang='lat' dir='ltr'><strong>sunt,</strong></span> <span class='ocrx_word' id='word_1_909' title='bbox 3334 4591 3650 4660; x_wconf 88' lang='lat' dir='ltr'><strong>producere,</strong></span> <span class='ocrx_word' id='word_1_910' title='bbox 3669 4603 3843 4661; x_wconf 89' lang='lat' dir='ltr'><strong>potest</strong></span> 
     </span>
    </p>
   </div>
   <div class='ocr_carea' id='block_1_110' title="bbox 2247 4681 3843 4752">
    <p class='ocr_par' dir='ltr' id='par_1_110' title="bbox 2247 4681 3843 4752">
     <span class='ocr_line' id='line_1_111' title="bbox 2247 4681 3843 4752; baseline -0.001 -14"><span class='ocrx_word' id='word_1_911' title='bbox 2247 4685 2409 4738; x_wconf 91' lang='lat' dir='ltr'><strong>etiam</strong></span> <span class='ocrx_word' id='word_1_912' title='bbox 2437 4698 2532 4737; x_wconf 90' lang='lat' dir='ltr'><strong>eos</strong></span> <span class='ocrx_word' id='word_1_913' title='bbox 2555 4724 2570 4747; x_wconf 96' lang='lat'><strong>,</strong></span> <span class='ocrx_word' id='word_1_914' title='bbox 2603 4682 2692 4752; x_wconf 91' lang='lat' dir='ltr'><strong>qui</strong></span> <span class='ocrx_word' id='word_1_915' title='bbox 2721 4697 2783 4736; x_wconf 89' lang='lat' dir='ltr'><strong>ex</strong></span> <span class='ocrx_word' id='word_1_916' title='bbox 2815 4682 2907 4736; x_wconf 91' lang='lat' dir='ltr'><strong>illo</strong></span> <span class='ocrx_word' id='word_1_917' title='bbox 2937 4681 3045 4735; x_wconf 89' lang='lat' dir='ltr'><strong>nati</strong></span> <span class='ocrx_word' id='word_1_918' title='bbox 3075 4696 3179 4735; x_wconf 92' lang='lat' dir='ltr'><strong>nou</strong></span> <span class='ocrx_word' id='word_1_919' title='bbox 3207 4690 3330 4735; x_wconf 91' lang='lat' dir='ltr'><strong>sunt</strong></span> <span class='ocrx_word' id='word_1_920' title='bbox 3350 4723 3363 4744; x_wconf 87' lang='lat'><strong>,</strong></span> <span class='ocrx_word' id='word_1_921' title='bbox 3395 4681 3533 4735; x_wconf 89' lang='lat' dir='ltr'><strong>ﬁlios</strong></span> <span class='ocrx_word' id='word_1_922' title='bbox 3565 4683 3728 4751; x_wconf 88' lang='lat' dir='ltr'><strong>ipsius</strong></span> <span class='ocrx_word' id='word_1_923' title='bbox 3766 4682 3843 4736; x_wconf 83' lang='lat' dir='ltr'><strong>fa-</strong></span> 
     </span>
    </p>
   </div>
   <div class='ocr_carea' id='block_1_111' title="bbox 2249 4774 3842 4843">
    <p class='ocr_par' dir='ltr' id='par_1_111' title="bbox 2249 4774 3842 4843">
     <span class='ocr_line' id='line_1_112' title="bbox 2249 4774 3842 4843; baseline -0.003 -13"><span class='ocrx_word' id='word_1_924' title='bbox 2249 4791 2392 4831; x_wconf 90' lang='lat' dir='ltr'><strong>cere.</strong></span> <span class='ocrx_word' id='word_1_925' title='bbox 2427 4775 2550 4829; x_wconf 90' lang='lat' dir='ltr'><strong>Ideo</strong></span> <span class='ocrx_word' id='word_1_926' title='bbox 2583 4791 2686 4829; x_wconf 92' lang='lat' dir='ltr'><strong>non</strong></span> <span class='ocrx_word' id='word_1_927' title='bbox 2715 4775 2871 4839; x_wconf 86' lang='lat' dir='ltr'><strong>dixit,</strong></span> <span class='ocrx_word' id='word_1_928' title='bbox 2901 4774 3000 4841; x_wconf 93' lang='lat' dir='ltr'><strong>Qui</strong></span> <span class='ocrx_word' id='word_1_929' title='bbox 3033 4774 3278 4843; x_wconf 91' lang='lat' dir='ltr'><strong>producit</strong></span> <span class='ocrx_word' id='word_1_930' title='bbox 3301 4789 3361 4827; x_wconf 87' lang='lat' dir='ltr'><strong>ea</strong></span> <span class='ocrx_word' id='word_1_931' title='bbox 3393 4789 3514 4842; x_wconf 72' lang='lat' dir='ltr'><strong>qua:</strong></span> <span class='ocrx_word' id='word_1_932' title='bbox 3545 4789 3650 4827; x_wconf 89' lang='lat' dir='ltr'><strong>non</strong></span> <span class='ocrx_word' id='word_1_933' title='bbox 3683 4785 3842 4838; x_wconf 91' lang='lat' dir='ltr'><strong>sunt,</strong></span> 
     </span>
    </p>
   </div>
   <div class='ocr_carea' id='block_1_112' title="bbox 2252 4863 3846 4936">
    <p class='ocr_par' dir='ltr' id='par_1_112' title="bbox 2252 4863 3846 4936">
     <span class='ocr_line' id='line_1_113' title="bbox 2252 4863 3846 4936; baseline -0.003 -15"><span class='ocrx_word' id='word_1_934' title='bbox 2252 4876 2518 4936; x_wconf 87' lang='lat' dir='ltr'><strong>tamquam</strong></span> <span class='ocrx_word' id='word_1_935' title='bbox 2549 4881 2610 4919; x_wconf 92' lang='lat' dir='ltr'><strong>ea</strong></span> <span class='ocrx_word' id='word_1_936' title='bbox 2638 4881 2757 4933; x_wconf 74' lang='lat' dir='ltr'><strong>quae</strong></span> <span class='ocrx_word' id='word_1_937' title='bbox 2782 4873 2924 4928; x_wconf 90' lang='lat' dir='ltr'><strong>suttt,</strong></span> <span class='ocrx_word' id='word_1_938' title='bbox 2960 4864 3052 4920; x_wconf 90' lang='lat' dir='ltr'><strong>sed</strong></span> <span class='ocrx_word' id='word_1_939' title='bbox 3094 4863 3192 4928; x_wconf 86' lang='lat' dir='ltr'><strong>Qui</strong></span> <span class='ocrx_word' id='word_1_940' title='bbox 3217 4873 3396 4928; x_wconf 85' lang='lat' dir='ltr'><strong>vocat;</strong></span> <span class='ocrx_word' id='word_1_941' title='bbox 3424 4863 3681 4933; x_wconf 88' lang='lat' dir='ltr'><strong>majorem</strong></span> <span class='ocrx_word' id='word_1_942' title='bbox 3715 4865 3846 4918; x_wconf 79' lang='lat' dir='ltr'><strong>faci-</strong></span> 
     </span>
    </p>
   </div>
   <div class='ocr_carea' id='block_1_113' title="bbox 2253 4953 3844 5026">
    <p class='ocr_par' dir='ltr' id='par_1_113' title="bbox 2253 4953 3844 5026">
     <span class='ocr_line' id='line_1_114' title="bbox 2253 4953 3844 5026; baseline -0.001 -15"><span class='ocrx_word' id='word_1_943' title='bbox 2253 4956 2454 5011; x_wconf 90' lang='lat' dir='ltr'><strong>litatem</strong></span> <span class='ocrx_word' id='word_1_944' title='bbox 2482 4955 2807 5024; x_wconf 88' lang='lat' dir='ltr'><strong>significans.</strong></span> <span class='ocrx_word' id='word_1_945' title='bbox 2835 4955 2984 5009; x_wconf 91' lang='lat' dir='ltr'><strong>Sicut</strong></span> <span class='ocrx_word' id='word_1_946' title='bbox 3003 4955 3145 5009; x_wconf 88' lang='lat' dir='ltr'><strong>enim</strong></span> <span class='ocrx_word' id='word_1_947' title='bbox 3169 4954 3322 5009; x_wconf 90' lang='lat' dir='ltr'><strong>nobis</strong></span> <span class='ocrx_word' id='word_1_948' title='bbox 3350 4953 3504 5010; x_wconf 82' lang='lat' dir='ltr'><strong>facile</strong></span> <span class='ocrx_word' id='word_1_949' title='bbox 3529 4966 3612 5010; x_wconf 90' lang='lat' dir='ltr'><strong>est</strong></span> <span class='ocrx_word' id='word_1_950' title='bbox 3631 4971 3695 5010; x_wconf 88' lang='lat' dir='ltr'><strong>ea</strong></span> <span class='ocrx_word' id='word_1_951' title='bbox 3723 4971 3844 5026; x_wconf 69' lang='lat' dir='ltr'><strong>qua:</strong></span> 
     </span>
    </p>
   </div>
   <div class='ocr_carea' id='block_1_114' title="bbox 2253 5043 3846 5113">
    <p class='ocr_par' dir='ltr' id='par_1_114' title="bbox 2253 5043 3846 5113">
     <span class='ocr_line' id='line_1_115' title="bbox 2253 5043 3846 5113; baseline 0.001 -13"><span class='ocrx_word' id='word_1_952' title='bbox 2253 5056 2379 5100; x_wconf 91' lang='lat' dir='ltr'><strong>sunt</strong></span> <span class='ocrx_word' id='word_1_953' title='bbox 2407 5061 2621 5110; x_wconf 85' lang='lat' dir='ltr'><strong>vocare,</strong></span> <span class='ocrx_word' id='word_1_954' title='bbox 2655 5047 2722 5099; x_wconf 90' lang='lat' dir='ltr'><strong>ita</strong></span> <span class='ocrx_word' id='word_1_955' title='bbox 2752 5055 2803 5099; x_wconf 91' lang='lat' dir='ltr'><strong>et</strong></span> <span class='ocrx_word' id='word_1_956' title='bbox 2835 5046 2883 5099; x_wconf 87' lang='lat' dir='ltr'><strong>ei</strong></span> <span class='ocrx_word' id='word_1_957' title='bbox 2909 5045 3134 5108; x_wconf 89' lang='lat' dir='ltr'><strong>facilius,</strong></span> <span class='ocrx_word' id='word_1_958' title='bbox 3166 5054 3220 5098; x_wconf 92' lang='lat' dir='ltr'><strong>et</strong></span> <span class='ocrx_word' id='word_1_959' title='bbox 3247 5043 3402 5113; x_wconf 85' lang='lat' dir='ltr'><strong>longe</strong></span> <span class='ocrx_word' id='word_1_960' title='bbox 3427 5044 3635 5099; x_wconf 89' lang='lat' dir='ltr'><strong>facilius</strong></span> <span class='ocrx_word' id='word_1_961' title='bbox 3657 5056 3760 5112; x_wconf 90' lang='lat' dir='ltr'><strong>est,</strong></span> <span class='ocrx_word' id='word_1_962' title='bbox 3783 5061 3846 5101; x_wconf 78' lang='lat' dir='ltr'><strong>ea</strong></span> 
     </span>
    </p>
   </div>
   <div class='ocr_carea' id='block_1_115' title="bbox 2254 5133 3849 5206">
    <p class='ocr_par' dir='ltr' id='par_1_115' title="bbox 2254 5133 3849 5206">
     <span class='ocr_line' id='line_1_116' title="bbox 2254 5133 3849 5206; baseline -0.001 -17"><span class='ocrx_word' id='word_1_963' title='bbox 2254 5152 2374 5206; x_wconf 76' lang='lat' dir='ltr'><strong>qua:</strong></span> <span class='ocrx_word' id='word_1_964' title='bbox 2405 5151 2508 5190; x_wconf 91' lang='lat' dir='ltr'><strong>non</strong></span> <span class='ocrx_word' id='word_1_965' title='bbox 2549 5145 2673 5189; x_wconf 90' lang='lat' dir='ltr'><strong>sunt</strong></span> <span class='ocrx_word' id='word_1_966' title='bbox 2703 5134 3018 5205; x_wconf 87' lang='lat' dir='ltr'><strong>producere.</strong></span> <span class='ocrx_word' id='word_1_967' title='bbox 3051 5133 3185 5188; x_wconf 87' lang='lat' dir='ltr'><strong>Cum</strong></span> <span class='ocrx_word' id='word_1_968' title='bbox 3219 5134 3310 5188; x_wconf 90' lang='lat' dir='ltr'><strong>Dei</strong></span> <span class='ocrx_word' id='word_1_969' title='bbox 3351 5133 3553 5189; x_wconf 91' lang='lat' dir='ltr'><strong>donum</strong></span> <span class='ocrx_word' id='word_1_970' title='bbox 3598 5151 3849 5202; x_wconf 81' lang='lat' dir='ltr'><strong>magnum</strong></span> 
     </span>
    </p>
   </div>
   <div class='ocr_carea' id='block_1_116' title="bbox 2256 5225 3851 5295">
    <p class='ocr_par' dir='ltr' id='par_1_116' title="bbox 2256 5225 3851 5295">
     <span class='ocr_line' id='line_1_117' title="bbox 2256 5225 3851 5295; baseline 0.001 -15"><span class='ocrx_word' id='word_1_971' title='bbox 2256 5239 2310 5281; x_wconf 89' lang='lat' dir='ltr'><strong>et</strong></span> <span class='ocrx_word' id='word_1_972' title='bbox 2348 5227 2613 5281; x_wconf 77' lang='lat' dir='ltr'><strong>ineffabile</strong></span> <span class='ocrx_word' id='word_1_973' title='bbox 2652 5236 3039 5290; x_wconf 90' lang='lat' dir='ltr'><strong>memorasset,</strong></span> <span class='ocrx_word' id='word_1_974' title='bbox 3071 5234 3126 5281; x_wconf 89' lang='lat' dir='ltr'><strong>et</strong></span> <span class='ocrx_word' id='word_1_975' title='bbox 3166 5225 3234 5279; x_wconf 91' lang='lat' dir='ltr'><strong>de</strong></span> <span class='ocrx_word' id='word_1_976' title='bbox 3263 5226 3380 5294; x_wconf 90' lang='lat' dir='ltr'><strong>ejus</strong></span> <span class='ocrx_word' id='word_1_977' title='bbox 3409 5227 3643 5295; x_wconf 89' lang='lat' dir='ltr'><strong>potentia</strong></span> <span class='ocrx_word' id='word_1_978' title='bbox 3673 5228 3851 5282; x_wconf 84' lang='lat' dir='ltr'><strong>disse-</strong></span> 
     </span>
    </p>
   </div>
   <div class='ocr_carea' id='block_1_117' title="bbox 2257 5316 3854 5387">
    <p class='ocr_par' dir='ltr' id='par_1_117' title="bbox 2257 5316 3854 5387">
     <span class='ocr_line' id='line_1_118' title="bbox 2257 5316 3854 5387; baseline 0.002 -16"><span class='ocrx_word' id='word_1_979' title='bbox 2257 5319 2473 5379; x_wconf 91' lang='lat' dir='ltr'><strong>ruisset,</strong></span> <span class='ocrx_word' id='word_1_980' title='bbox 2502 5316 2737 5371; x_wconf 91' lang='lat' dir='ltr'><strong>ostendit</strong></span> <span class='ocrx_word' id='word_1_981' title='bbox 2765 5317 2995 5372; x_wconf 67' lang='lat' dir='ltr'><strong>Abrahae</strong></span> <span class='ocrx_word' id='word_1_982' title='bbox 3023 5317 3180 5372; x_wconf 90' lang='lat' dir='ltr'><strong>ﬁdem</strong></span> <span class='ocrx_word' id='word_1_983' title='bbox 3208 5317 3350 5371; x_wconf 90' lang='lat' dir='ltr'><strong>dono</strong></span> <span class='ocrx_word' id='word_1_984' title='bbox 3374 5317 3593 5387; x_wconf 78' lang='lat' dir='ltr'><strong>dignam</strong></span> <span class='ocrx_word' id='word_1_985' title='bbox 3617 5334 3760 5386; x_wconf 86' lang='lat' dir='ltr'><strong>esse,</strong></span> <span class='ocrx_word' id='word_1_986' title='bbox 3785 5337 3854 5374; x_wconf 86' lang='lat' dir='ltr'><strong>ne</strong></span> 
     </span>
    </p>
   </div>
   <div class='ocr_carea' id='block_1_118' title="bbox 2261 5407 3853 5480">
    <p class='ocr_par' dir='ltr' id='par_1_118' title="bbox 2261 5407 3853 5480">
     <span class='ocr_line' id='line_1_119' title="bbox 2261 5407 3853 5480; baseline 0.002 -21"><span class='ocrx_word' id='word_1_987' title='bbox 2261 5418 2410 5478; x_wconf 88' lang='lat' dir='ltr'><strong>putes</strong></span> <span class='ocrx_word' id='word_1_988' title='bbox 2440 5423 2562 5460; x_wconf 92' lang='lat' dir='ltr'><strong>eum</strong></span> <span class='ocrx_word' id='word_1_989' title='bbox 2603 5407 2872 5461; x_wconf 86' lang='lat' dir='ltr'><strong>immerito</strong></span> <span class='ocrx_word' id='word_1_990' title='bbox 2903 5407 3218 5462; x_wconf 86' lang='lat' dir='ltr'><strong>honoratum</strong></span> <span class='ocrx_word' id='word_1_991' title='bbox 3249 5408 3433 5462; x_wconf 88' lang='lat' dir='ltr'><strong>fuisse.</strong></span> <span class='ocrx_word' id='word_1_992' title='bbox 3477 5409 3542 5463; x_wconf 83' lang='lat' dir='ltr'><strong>Et</strong></span> <span class='ocrx_word' id='word_1_993' title='bbox 3570 5420 3853 5480; x_wconf 86' lang='lat' dir='ltr'><strong>postquam</strong></span> 
     </span>
    </p>
   </div>
   <div class='ocr_carea' id='block_1_119' title="bbox 2261 5495 3856 5563">
    <p class='ocr_par' dir='ltr' id='par_1_119' title="bbox 2261 5495 3856 5563">
     <span class='ocr_line' id='line_1_120' title="bbox 2261 5495 3856 5563; baseline 0.002 -13"><span class='ocrx_word' id='word_1_994' title='bbox 2261 5496 2557 5550; x_wconf 88' lang='lat' dir='ltr'><strong>auditorem</strong></span> <span class='ocrx_word' id='word_1_995' title='bbox 2581 5495 2927 5558; x_wconf 86' lang='lat' dir='ltr'><strong>excitaverat,</strong></span> <span class='ocrx_word' id='word_1_996' title='bbox 2953 5507 3010 5551; x_wconf 90' lang='lat' dir='ltr'><strong>ut</strong></span> <span class='ocrx_word' id='word_1_997' title='bbox 3033 5512 3099 5551; x_wconf 90' lang='lat' dir='ltr'><strong>ne</strong></span> <span class='ocrx_word' id='word_1_998' title='bbox 3124 5497 3444 5563; x_wconf 88' lang='lat' dir='ltr'><strong>turbaretur,</strong></span> <span class='ocrx_word' id='word_1_999' title='bbox 3476 5515 3613 5553; x_wconf 91' lang='lat' dir='ltr'><strong>neve</strong></span> <span class='ocrx_word' id='word_1_1000' title='bbox 3634 5499 3856 5554; x_wconf 61' lang='lat' dir='ltr'><strong>.ludmus</strong></span> 
     </span>
    </p>
   </div>
   <div class='ocr_carea' id='block_1_120' title="bbox 2263 5587 3858 5662">
    <p class='ocr_par' dir='ltr' id='par_1_120' title="bbox 2263 5587 3858 5662">
     <span class='ocr_line' id='line_1_121' title="bbox 2263 5587 3858 5662; baseline 0.001 -19"><span class='ocrx_word' id='word_1_1001' title='bbox 2263 5589 2377 5643; x_wconf 80' lang='lat' dir='ltr'><strong>hzcc</strong></span> <span class='ocrx_word' id='word_1_1002' title='bbox 2403 5589 2660 5658; x_wconf 89' lang='lat' dir='ltr'><strong>objieeret</strong></span> <span class='ocrx_word' id='word_1_1003' title='bbox 2690 5605 2703 5641; x_wconf 88' lang='lat'><strong>:</strong></span> <span class='ocrx_word' id='word_1_1004' title='bbox 2735 5587 2800 5640; x_wconf 82' lang='lat' dir='ltr'><strong>Et</strong></span> <span class='ocrx_word' id='word_1_1005' title='bbox 2828 5589 2916 5656; x_wconf 92' lang='lat' dir='ltr'><strong>qui</strong></span> <span class='ocrx_word' id='word_1_1006' title='bbox 2947 5590 3060 5643; x_wconf 91' lang='lat' dir='ltr'><strong>ﬁeri</strong></span> <span class='ocrx_word' id='word_1_1007' title='bbox 3104 5599 3280 5659; x_wconf 91' lang='lat' dir='ltr'><strong>potest</strong></span> <span class='ocrx_word' id='word_1_1008' title='bbox 3311 5600 3367 5644; x_wconf 91' lang='lat' dir='ltr'><strong>ut</strong></span> <span class='ocrx_word' id='word_1_1009' title='bbox 3403 5591 3437 5644; x_wconf 92' lang='lat' dir='ltr'><strong>ii</strong></span> <span class='ocrx_word' id='word_1_1010' title='bbox 3462 5633 3478 5656; x_wconf 94' lang='lat'><strong>,</strong></span> <span class='ocrx_word' id='word_1_1011' title='bbox 3505 5591 3595 5662; x_wconf 90' lang='lat' dir='ltr'><strong>qui</strong></span> <span class='ocrx_word' id='word_1_1012' title='bbox 3625 5591 3719 5645; x_wconf 86' lang='lat' dir='ltr'><strong>tibi</strong></span> <span class='ocrx_word' id='word_1_1013' title='bbox 3749 5609 3858 5646; x_wconf 87' lang='lat' dir='ltr'><strong>non</strong></span> 
     </span>
    </p>
   </div>
   <div class='ocr_carea' id='block_1_121' title="bbox 2270 5678 3858 5751">
    <p class='ocr_par' dir='ltr' id='par_1_121' title="bbox 2270 5678 3858 5751">
     <span class='ocr_line' id='line_1_122' title="bbox 2270 5678 3858 5751; baseline 0.001 -15"><span class='ocrx_word' id='word_1_1014' title='bbox 2270 5690 2412 5746; x_wconf 84' lang='lat' dir='ltr'><strong>sunt,</strong></span> <span class='ocrx_word' id='word_1_1015' title='bbox 2443 5679 2532 5736; x_wconf 91' lang='lat' dir='ltr'><strong>ﬁlii</strong></span> <span class='ocrx_word' id='word_1_1016' title='bbox 2563 5678 2905 5734; x_wconf 86' lang='lat' dir='ltr'><strong>efﬁciantur?</strong></span> <span class='ocrx_word' id='word_1_1017' title='bbox 2931 5697 3233 5736; x_wconf 87' lang='lat' dir='ltr'><strong>sermonem</strong></span> <span class='ocrx_word' id='word_1_1018' title='bbox 3263 5683 3518 5738; x_wconf 86' lang='lat' dir='ltr'><strong>transfert</strong></span> <span class='ocrx_word' id='word_1_1019' title='bbox 3548 5685 3598 5736; x_wconf 91' lang='lat' dir='ltr'><strong>in</strong></span> <span class='ocrx_word' id='word_1_1020' title='bbox 3626 5689 3858 5751; x_wconf 66' lang='grc' dir='ltr'>ινιιιιιπο</span> 
     </span>
    </p>
   </div>
  </div>
