4066 6218
411 333 510 390 761

409 449 613 506 ctutum,
649 459 738 498 nec
763 452 834 499 est
870 443 954 510 qui
982 459 1034 497 se
1062 440 1330 495 abscondat
1357 457 1386 494 a
1414 441 1593 512 calore,
1621 445 1746 512 ejus.
1793 441 1970 494 Exsul-

409 520 535 571 tabit
572 525 625 570 ut
655 519 794 586 gigas
822 516 888 567 ad
916 512 1370 586 cttrrendanruium
1407 529 1546 586 suam
1572 511 1743 586 _(_Psal.

408 589 486 658 7).
523 582 834 646 Exsttltttvit,
869 595 924 638 ιιι
953 584 1109 658 modo
1135 582 1449 658 audiebatur
1474 583 1524 658 in
1569 582 1874 658 Evangelii),
1904 582 1971 634 ob

410 652 677 711 inventam
710 672 870 709 unum
910 654 1163 722 perditam
1208 669 1380 704 ovem.
1416 652 1644 720 lleliquit
1685 655 1824 707 enitn
1873 667 1968 704 no-

408 730 620 799 naginta
650 741 838 799 novem
869 741 994 799 oves
1027 741 1129 777 nott
1165 733 1424 799 errantes,
1474 723 1534 799 id
1563 733 1663 787 est,
1706 722 1968 799 angelicas

406 792 650 861 virtutes,
687 798 737 850 in
781 796 1066 858 montibus,
1101 808 1290 861 nempe
1327 792 1379 845 in
1423 794 1600 857 cadis;
1633 804 1687 847 et
1731 794 1872 846 venit
1903 792 1967 844 ad

407 878 676 924 errantem
706 882 857 921 ovem
880 866 1194 919 clamantem
1225 872 1277 916 et
1314 863 1575 916 dicentem
1611 883 1623 917 :
1658 863 1836 916 Error:
1874 865 1969 915 sic-

408 951 464 990 ut
495 941 597 993 ovis
624 953 737 1006 qum
766 936 909 1004 periit
938 950 956 988 :
985 951 1151 1006 qurere
1175 943 1570 1006 serruntktuutu,
1588 936 1705 1005 quia
1731 934 1969 1006 mandata

404 1021 494 1062 tua
522 1027 620 1062 non
636 1003 772 1062 sunt
790 1008 971 1060 oblitus
997 1004 1165 1069 (Psal.
1198 1004 1317 1057 118.
1349 1003 1490 1065 176).
1531 1003 1638 1058 Hac
1665 1006 1838 1059 audita
1879 1004 1967 1057 ille

405 1082 635 1133 errantis
664 1079 777 1131 ovis
808 1092 954 1139 voce,
1001 1074 1267 1128 inclinavit
1303 1074 1461 1127 cados
1494 1083 1545 1127 et
1588 1074 1883 1137 descendit,
1915 1083 1969 1128 et

408 1153 552 1202 venit
577 1151 851 1218 qnmsitmn
882 1161 1031 1201 ovem
1063 1152 1326 1218 errantem
1353 1161 1366 1204 ;
1398 1160 1496 1218 qua
1538 1157 1757 1218 reperta
1787 1145 1964 1218 exsul-

407 1222 556 1274 tavit.
590 1215 873 1274 Exsultabit
897 1227 948 1269 ut
973 1217 1116 1284 gigas
1136 1215 1202 1266 ad
1225 1215 1521 1266 currendum
1552 1217 1679 1267 viam
1722 1216 1967 1269 Cucurrit

406 1307 502 1355 per
531 1292 666 1342 viam
693 1304 720 1341 a
753 1289 894 1342 caelis
918 1287 968 1338 in
1001 1297 1190 1339 terram
1222 1284 1491 1337 exsultans
1517 1303 1528 1336 :
1554 1285 1743 1339 deinde
1769 1303 1794 1337 a
1825 1296 1963 1339 tcrta

405 1361 457 1414 in
493 1361 688 1414 inferos
715 1358 966 1412 cucurrit.
989 1355 1118 1410 .Illic
1144 1355 1329 1408 solutis
1359 1355 1633 1408 animabus
1659 1357 1904 1409 omnibus
1933 1371 1962 1408 a

401 1431 614 1483 diabolo
643 1429 890 1488 detentis,
942 1427 990 1479 in
1043 1435 1236 1479 terram
1283 1426 1552 1485 cucurrit;
1609 1435 1662 1480 et
1712 1442 1896 1480 rursus
1933 1442 1961 1478 a

406 1509 542 1554 terra
572 1503 621 1554 in
650 1501 808 1553 caelos
837 1497 901 1550 ad
931 1497 1136 1550 Patrem
1185 1505 1240 1548 ιιι
1280 1496 1426 1562 gigas
1471 1495 1669 1550 insiliit.
1716 1497 1826 1550 Nec
1866 1507 1960 1563 est,

401 1572 488 1636 qui
515 1589 568 1622 se
600 1569 871 1622 abscondat
895 1584 924 1617 a
953 1568 1118 1619 calore
1140 1566 1246 1633 ejus
1274 1564 1442 1628 (Psal.
1479 1566 1562 1617 13.
1604 1567 1676 1632 7).
1709 1567 1838 1620 Cum
1870 1584 1961 1621 ca-

401 1641 566 1693 lorem
594 1640 786 1695 Christi
813 1637 982 1696 audis,
1014 1636 1183 1704 cogita
1215 1637 1356 1688 illum
1388 1650 1505 1688 esse
1531 1637 1696 1690 solem
1719 1637 1957 1704 justitim.

403 1709 514 1762 Nec
541 1722 630 1771 est,
662 1712 746 1778 qui
791 1726 844 1762 se
891 1709 1163 1760 abscondat
1201 1723 1230 1757 a
1265 1705 1433 1778 calore
1479 1707 1606 1778 ejus.
1651 1709 1778 1775 Quis
1817 1711 1957 1762 enim

399 1775 737 1848 frigitlissima
786 1789 956 1832 morte
999 1786 1234 1835 enectus,
1278 1791 1334 1827 se
1371 1775 1661 1848 abscondat
1707 1794 1734 1828 a
1781 1779 1958 1831 calore

399 1846 566 1914 ipsius
592 1851 838 1919 Spiritus,
868 1859 920 1902 et
946 1861 1120 1900 nonne
1141 1859 1324 1919 omnes
1345 1862 1372 1894 a
1400 1846 1620 1898 mortuis
1647 1850 1959 1919 resurgent?

397 1919 544 1974 Tuba
593 1915 746 1975 cinet
789 1920 954 1980 enim,
1001 1927 1054 1970 et
1089 1915 1280 1968 mortui
1324 1923 1602 1981 resm'gent
1646 1917 1955 1980 incorrupti.

399 1992 600 2045 Deinde
642 1991 764 2059 quid
814 1998 893 2042 est
925 1985 1058 2059 illud
1100 1985 1238 2059 quod
1270 1986 1537 2059 sequitur,
1585 1985 1802 2040 dilecti?
1847 1989 1957 2043 Etsi

395 2077 560 2129 pauca
589 2054 855 2116 es'mnltis
885 2056 1244 2129 dixerimusin
1270 2054 1393 2107 illud
1425 2072 1437 2107 :
1462 2055 1806 2129 Quacumque
1838 2059 1958 2127 liga-

393 2125 561 2184 t'eritis
591 2148 740 2199 super
767 2141 968 2186 (errant,
1001 2136 1141 2179 erunt
1173 2126 1326 2193 ligata
1366 2134 1412 2176 et
1456 2125 1507 2176 in
1541 2127 1672 2199 ctylo
1693 2125 1786 2199 {et
1821 2125 1956 2195 quiv-

392 2217 604 2272 cuntque
624 2195 866 2254 solvet-itis
892 2214 1038 2266 super
1063 2207 1266 2258 terram,
1295 2204 1440 2247 erunt
1473 2195 1638 2272 soluta
1663 2207 1707 2249 et
1733 2198 1784 2250 in
1806 2200 1950 2272 cwlo,

393 2271 446 2324 in
479 2264 787 2337 sequentem
821 2264 1031 2322 versum
1072 2275 1300 2319 mentem
1344 2264 1722 2320 transferamus
1751 2285 1764 2320 :
1796 2269 1952 2321 Amen

391 2341 507 2393 dico
546 2342 700 2402 vobis,
741 2342 857 2409 quia
884 2339 926 2391 si
955 2338 1056 2389 duo
1091 2353 1151 2388 ex
1175 2337 1317 2409 vobis
1333 2337 1677 2409 consenserint
1691 2348 1863 2409 ntutuo
1891 2340 1954 2392 de

393 2417 530 2464 omni
554 2429 606 2464 rc
630 2405 988 2480 quamcumque
1013 2407 1260 2480 petierint,
1283 2405 1481 2480 dabitur
1505 2406 1605 2458 illis
1629 2407 1835 2476 (Matth.
1861 2411 1948 2463 18.

393 2482 504 2547 19).
533 2477 796 2536 Abraham
819 2477 1159 2532 consentiens
1188 2491 1306 2530 cum
1343 2477 1471 2528 Sara
1500 2491 1664 2547 tutore
1702 2493 1816 2544 sua,
1863 2480 1952 2535 ille

389 2546 646 2606 adhoves
669 2565 907 2608 currens,
943 2549 1028 2600 illa
1060 2561 1224 2615 panes
1245 2561 1500 2614 apparare
1526 2546 1799 2610 festinans,
1835 2566 1948 2604 rem

389 2623 702 2690 stnpendam
731 2624 782 2674 in
811 2628 1083 2673 senecmte
1124 2617 1490 2681 impetrarunt,
1537 2632 1729 2690 nempe
1762 2621 1945 2676 tilium.

388 2687 557 2745 Jacob
599 2691 905 2760 patriarcha
933 2706 1050 2741 eum
1100 2696 1269 2741 matre
1310 2687 1682 2760 censentiens,
1728 2689 1948 2745 benedi-

389 2756 842 2816 ειὶοιιὶε’;ιειειίι;ε
887 2758 1111 2828 fructum
1155 2757 1377 2825 accepit.
1427 2756 1634 2825 Moyses
1678 2763 1946 2828 etAaron

389 2834 783 2886 consentientes
815 2838 976 2884 totam
1012 2827 1298 2896 {Egyptmn
1337 2828 1654 2895 expilarnnt,
1700 2827 1950 2886 Hebrum-

390 2919 616 2972 rnmqne
655 2917 821 2972 genus
871 2901 1176 2972 liberarunt.
1209 2897 1360 2972 .lesus
1389 2907 1443 2972 et
1469 2897 1682 2972 _Chaleb
1715 2915 1946 2956 consen-

391 2967 602 3034 tientes,
642 2967 736 3027 soli
771 2981 962 3024 terram
996 2968 1360 3035 promissionis
1389 2969 1439 3021 in
1467 2967 1828 3026 htereditatem
1858 2989 1947 3028 ac-

385 3051 662 3112 ceperunt.
698 3043 899 3096 [)ebora
941 3037 1652 3112 cumDaracoconsentiens
1689 3041 1949 3112 crudelis-

387 3108 580 3166 sinmm
641 3110 1128 3183 tyrannnm_vicit.
1189 3108 1384 3183 .lud_itlt_
1431 3125 1551 3166 cum
1606 3111 1796 3165 ancilla
1849 3130 1944 3170 sua

386 3177 760 3248 consentiens,
806 3179 1149 3248 alienigenam
1199 3177 1592 3248 llolophe'rnem
1641 3186 1942 3248 prostravit.

386 3255 582 3309 Tobias
611 3270 730 3307 cum
773 3251 962 3320 angelo
1003 3250 1362 3320 consentiens,
1388 3250 1716 3320 homicidam
1747 3251 1946 3308 dieme-

387 3340 532 3388 netn,
577 3325 668 3394 qui
710 3318 1119 3394 uxoremsnam
1158 3318 1506 3394 observabat.
1550 3321 1833 3394 colligavit,
1890 3335 1945 3379 et

385 3389 630 3450 occlusos
657 3395 819 3463 patris
845 3391 1024 3445 oculos
1053 3392 1277 3463 aperuit.
1317 3389 1569 3463 Ezechias
1597 3389 1842 3463 etglsaias
1867 3396 1942 3449 si-

383 3465 497 3520 mul
541 3460 774 3525 orantes,
805 3471 1014 3516 centmn
1045 3460 1308 3522 octoginta
1337 3460 1567 3528 quinque
1607 3461 1767 3514 millia
1809 3466 1942 3519 alie-

385 3538 698 3605 nigenarum
730 3541 1142 3605 prostraverunt.
1183 3531 1372 3605 ljanlus
1417 3541 1471 3583 et
1510 3532 1644 3584 Silas
1686 3533 1842 3605 simul
1889 3537 1940 3589 in

383 3598 601 3662 carcere
621 3598 832 3660 orantes
855 3602 1074 3656 effecere
1105 3611 1157 3651 nt
1187 3598 1524 3654 fundamenta
1549 3601 1775 3656 carceris
1797 3617 1940 3661 motu

383 3683 870 3730 commoverentur.
918 3675 1033 3726 Alio
1062 3671 1218 3724 etiam
1252 3669 1410 3722 modo
1456 3681 1627 3730 potest
1669 3670 1753 3726 hic
1796 3674 1943 3730 locus

385 3747 603 3814 intelligi
637 3763 651 3799 :
685 3745 744 3798 Si
766 3745 864 3796 duo
887 3741 1219 3814 consenserint
1239 3750 1405 3814 mutuo
1427 3741 1488 3792 de
1507 3741 1641 3814 omni
1660 3758 1734 3803 rc,
1767 3760 1944 3813 quam-

385 3809 596 3884 cumque
627 3816 874 3884 petierint,
908 3813 1106 3884 dabitur
1127 3811 1218 3862 eis.
1258 3812 1317 3884 Si
1353 3811 1464 3864 lucc
1492 3809 1617 3873 duo,
1656 3809 1942 3884 quai'mul-

389 3897 496 3940 tum
515 3880 777 3940 dissidere
804 3895 856 3937 et
885 3880 1204 3935 contendere
1241 3880 1434 3942 solent,
1471 3883 1856 3949 consenserint,
1888 3887 1940 3940 id

389 3965 489 4017 est,
522 3971 642 4009 Caro
664 3965 717 4010 et
743 3954 996 4022 spiritus:
1029 3966 1148 4022 nam
1182 3964 1305 4003 caro
1336 3951 1659 4018 concupiscit
1686 3952 1940 4022 adversus

390 4027 650 4093 Spiritum,
693 4036 748 4079 et
777 4020 1015 4093 'spiritus
1041 4020 1294 4093 adversus
1331 4035 1581 4093 carnem;
1610 4021 1654 4073 si
1699 4021 1810 4093 [nec
1834 4025 1940 4080 duo

387 4090 773 4160 consenserint,
808 4090 876 4148 ita
919 4101 975 4145 ut
1004 4091 1095 4160 hic
1130 4090 1449 4150 dominetur,
1482 4090 1566 4144 illa
1595 4091 1825 4154 serviat;
1855 4094 1940 4149 hic

382 4167 574 4235 sapiat,
619 4167 704 4220 illa
745 4159 846 4218 non
883 4159 1208 4235 contradicat
1236 4177 1250 4213 :
1278 4169 1403 4235 tunc
1448 4161 1703 4216 Dominus
1744 4164 1847 4217 erit
1886 4166 1937 4219 in

380 4231 560 4291 medio
584 4237 774 4290 anima:
811 4244 864 4289 et
897 4231 1377 4303 carnis,7etontnis
1416 4246 1523 4303 res,
1553 4247 1941 4303 quamcumque

380 4307 650 4374 petierint,
700 4301 1240 4374 dabiturﬂeisaltlulti
1285 4305 1424 4374 enim
1475 4301 1936 4374 idobservantes,

379 4371 613 4430 exauditi
645 4381 786 4430 sunt.
821 4383 875 4425 ιιι
899 4373 1044 4425 Elias
1069 4372 1122 4425 in
1149 4379 1348 4433 monte,
1378 4371 1562 4425 Daniel
1591 4374 1641 4426 in
1675 4374 1813 4438 lacu,
1843 4375 1938 4430 Jo-

382 4463 477 4499 nas
507 4446 558 4498 in
589 4452 727 4504 ceto,
775 4442 1026 4494 Ezechias
1055 4441 1105 4492 itt
1139 4442 1274 4494 lecto
1312 4442 1632 4496 infirmitatis
1659 4457 1788 4505 suat.
1837 4445 1938 4500 Pe-

381 4527 495 4570 trus
523 4515 572 4568 in
603 4513 790 4580 Joppe.
821 4518 875 4564 et
898 4509 1467 4580 Corneliustizesarcai.
1494 4511 1668 4565 Multa
1691 4515 1940 4571 mulieres

379 4603 501 4640 cum
532 4577 1054 4650 solm—precarentur,
1086 4587 1155 4650 ιιι
1169 4577 1298 4631 Sara
1341 4577 1596 4650 Raguelis
1624 4581 1675 4634 in
1717 4584 1940 4638 Ecbata-

381 4659 485 4720 nis,
517 4646 709 4709 Jnditlr
729 4652 779 4704 in
822 4647 1086 4711 cubiculo,
1125 4646 1365 4720 Sesaima
1399 4647 1448 4699 in
1486 4648 1701 4720 judicio
1726 4651 1938 4718 iniquo-

382 4714 522 4779 rum.
573 4724 712 4777 Tunc
749 4721 1004 4783 accedens,
1040 4717 1228 4786 inquit,
1274 4714 1458 4770 Petrus
1488 4714 1628 4771 dixit
1672 4714 1890 4775 Domino
1918 4740 1938 4778 :

384 4796 590 4858 Quoties
619 4793 866 4847 dimittam
912 4789 1208 4862 fratrinteo
1348 4804 1426 4862 me
1460 4789 1742 4862 Apeccanti.’
1782 4807 1941 4862 usque

378 4867 558 4930 septies
603 4863 815 4933 (Matth.
866 4858 952 4915 18.
999 4858 1125 4933 gl)?
1167 4858 1409 4933 Quidad
1458 4858 1600 4933 illum
1645 4858 1940 4917 Dominus?

383 4928 504 5009 Non
533 4928 694 5009 solum
721 4933 832 5009 dico
863 4933 971 5009 tibi,
1003 4928 1170 5009 Usque
1210 4930 1405 5009 septies,
1433 4929 1521 5009 sed
1549 4946 1704 5009 usque
1735 4943 1940 5000 septua-

379 5007 483 5076 gies
504 5006 702 5073 septies.
727 5003 858 5076 Quia
888 5002 1027 5076 enim
1053 5001 1290 5053 audierat
1317 4999 1590 5053 Dominum
1621 4999 1934 5076 dicentem:

383 5072 719 5144 Quacumque
755 5072 1025 5142 ligaveritis
1057 5087 1218 5144 super
1257 5080 1460 5133 terram,
1499 5080 1640 5123 erunt
1682 5072 1839 5142 ligata
1884 5074 1938 5126 in

379 5141 540 5209 «orla,-
568 5156 613 5198 et
637 5141 958 5214 quacumque
984 5141 1232 5214 solveritis
1260 5157 1423 5214 s_upcr_
1445 5150 1651 5214 terram,
1681 5141 1826 5195 erunt
1854 5159 1938 5196 so-

379 5220 486 5269 lula
528 5216 579 5268 in
622 5209 778 5277 calo;
827 5213 1226 5280 promissionem
1275 5209 1481 5264 Domini
1531 5212 1746 5279 implet.
1795 5214 1936 5268 scire

380 5287 536 5338 simul
569 5287 768 5348 volens,
795 5293 988 5352 quanta
1018 5291 1159 5335 esset
1189 5281 1274 5334 illa
1308 5292 1411 5352 tam
1455 5281 1681 5349 benigna
1725 5281 1935 5339 Domini

380 5358 568 5421 gratia.
599 5354 777 5408 Dixisti
811 5351 980 5412 nobis,
1011 5353 1343 5419 Qumcumque
1369 5351 1637 5419 ligareritis
1663 5369 1816 5420 super
1837 5364 1936 5406 ter-

382 5442 511 5487 ram,
538 5434 680 5478 erunt
709 5424 864 5493 ligata
906 5433 949 5474 et
979 5423 1038 5493 in
1058 5423 1179 5475 ctelo
1198 5438 1228 5483 ;.
1252 5432 1296 5472 et
1332 5437 1654 5493 qudcumque
1688 5425 1935 5478 solveritis

381 5511 532 5560 super
557 5491 762 5556 terram,
793 5502 934 5546 erunt
962 5491 1128 5564 soluta
1155 5501 1202 5543 et
1245 5495 1295 5544 in
1330 5491 1487 5564 ctylo.»
1520 5491 1740 5564 Quoties
1781 5509 1932 5564 ergo,

379 5566 423 5620 si
457 5567 748 5634 peccaverit
777 5564 828 5617 in
857 5577 943 5617 me
972 5562 1131 5616 frater
1165 5576 1338 5634 meus,
1365 5562 1623 5634 dimittam
1650 5562 1738 5616 ei?
1768 5562 1933 5633 usque

375 5631 608 5705 septies?
655 5636 910 5712 Dominus
943 5642 1117 5710 autem
1158 5632 1500 5712 considerans
1533 5631 1747 5712 inopem
1791 5631 1932 5712 illius

378 5700 518 5761 circa
560 5705 851 5776 proximum
896 5700 1297 5776 humanitatem.
1337 5701 1470 5754 dixit
1498 5701 1546 5756 ei
1577 5719 1588 5754 :
1617 5700 1740 5776 Non
1766 5705 1932 5759 solum

381 5776 493 5830 dico
519 5772 625 5843 tibi,
665 5791 819 5840 usque
857 5773 1056 5841 septies,
1094 5772 1183 5825 sed
1210 5787 1367 5841 usque
1405 5775 1686 5844 scptuagies
1725 5778 1922 5847 septies.

701 5859 966 5925 Ρηιιοι..
1014 5865 1130 5927 Gn.
1182 5868 1306 5930 LX.

1501 325 1585 383 DE
1625 324 2022 382 REMlSSlONE
2061 276 2533 384 PECCATORiJM.
3541 337 3641 388 τηρ,

2079 439 2156 494 Tn
2202 445 2342 496 enim
2391 456 2443 497 ut
2476 446 2650 518 homo
2683 462 2879 512 panper
2921 463 3031 502 rem
3082 463 3360 515 pauperem
3406 453 3595 518 petiisti
3622 495 3636 513 ,

2077 527 2174 588 ego
2219 529 2343 588 vero
2384 527 2440 567 ιιι
2474 516 2609 588 Deus
2655 519 2982 586 magnificus.
3017 519 3238 572 ubertim
3271 516 3492 588 gratiam
3532 521 3637 573 lar-

2075 584 2208 661 gior:
2254 582 2370 661 Non
2402 587 2571 661 solum
2610 582 2786 661 usque
2812 591 3009 657 septies,
3042 590 3130 640 sed
3171 582 3324 648 usque
3361 595 3638 661 septuagies

2075 653 2414 730 ff’PfiPS-_Scd
2463 657 2511 730 il)
2546 656 2642 730 Ιιρο
2678 657 2841 730 verbo
2867 653 3187 730 mysterium
3232 669 3312 713 est
3352 653 3638 715 occultum.

2079 721 2183 773 Nisi
2212 723 2352 798 enim
2397 726 2626 798 agricola
2677 727 2902 795 ligonem
2934 721 2986 782 in
3019 739 3210 782 terram
3256 730 3514 798 profunde
3545 734 3634 784 itit-

2075 797 2349 864 presserit.
2384 811 2484 847 non
2533 795 2733 848 fructus
2759 798 2810 849 in
2849 799 3022 850 futuro
3055 795 3291 861 tempore
3321 801 3517 864 uberes
3557 803 3637 854 in-

2074 863 2249 915 veniet
2277 885 2288 918 :
2319 865 2392 917 sic
2413 875 2464 917 et
2491 881 2606 924 nos,
2639 867 2736 918 nisi
2783 879 3011 920 mentem
3047 870 3306 931 profunde
3337 871 3387 924 in
3431 863 3633 925 literati:

2073 934 2419 1000 applicenms,
2445 939 2708 988 occultmn
2748 936 2976 1003 Spiritus
3007 940 3311 993 thesaurum
3351 956 3453 994 non
3486 944 3636 994 inve-

2076 1003 2297 1078 niemus.
2330 1004 2550 1070 Quoties,
2581 1007 2623 1059 si
2649 1009 2918 1078 peccaverit
2940 1011 2992 1060 in
3018 1026 3095 1060 nte
3115 1015 3269 1078 frater
3289 1028 3445 1077 meus,
3466 1011 3637 1064 dimit-

2073 1081 2174 1149 tant
2196 1074 2242 1126 ei
2261 1075 2291 1149 ?_
2314 1090 2474 1149 usque
2505 1078 2726 1149 septies?
2765 1077 2873 1149 Cur
2908 1095 3012 1149 non
3043 1074 3194 1141 diuit,
3227 1079 3405 1149 Usque
3432 1074 3633 1144 octies,

2073 1144 2154 1196 vel
2184 1144 2376 1218 sexies,
2398 1148 2476 1199 vel
2502 1147 2678 1199 decies
2703 1163 2716 1204 ς
2751 1147 2864 1209 sed,
2903 1147 3070 1217 Usque
3094 1151 3273 1216 septies
3295 1144 3471 1218 ?'Quia
3497 1153 3637 1207 Dens

2070 1225 2159 1264 Sex
2192 1214 2377 1287 diebus
2408 1219 2579 1287 omnia
2611 1219 2749 1276 fecit.
2788 1230 2834 1270 et
2869 1220 2954 1271 die
2988 1214 3218 1287 septimo
3263 1214 3522 1287 requievit
3567 1225 3634 1276 ab

2069 1284 2317 1357 operibus
2355 1286 2482 1356 suis.
2531 1287 2602 1340 Ite
2646 1303 2702 1341 re
2731 1303 2918 1341 arcana
2971 1284 3258 1357 interrogat
3305 1284 3490 1344 Petrus
3530 1293 3633 1345 Do-

2070 1354 2307 1418 minmn,
2364 1354 2751 1410 ecclesiasticos
2801 1375 3029 1412 canones
3086 1354 3324 1413 ediscere
3378 1363 3563 1416 volens
3611 1381 3624 1416 :

2069 1437 2298 1499 neinpe,_
2325 1425 2378 1478 Si
2409 1428 2706 1494 peccaverit
2754 1429 2802 1481 in
2853 1444 2936 1482 me
2983 1429 3145 1482 frater
3174 1447 3321 1482 meus
3366 1447 3530 1499 usque
3576 1434 3628 1486 iu

2067 1490 2224 1546 finem
2253 1494 2372 1546 vita:
2409 1490 2540 1561 sum,
2574 1507 2626 1550 et
2656 1499 2837 1549 ultimo
2873 1499 2990 1551 vitae
3039 1515 3146 1552 sua:
3191 1501 3296 1564 die,
3344 1490 3544 1555 sciliCcl
3577 1503 3627 1556 in

2067 1564 2685 1635 septimo,pmnitentiam
2713 1569 2895 1635 egerit.
2939 1585 3060 1621 num
3099 1572 3358 1623 dimittam
3393 1572 3482 1625 ei?
3521 1573 3626 1624 Ito-

2065 1634 2278 1699 spondit
2331 1634 2771 1709 ltotninns:1\'on
2819 1639 2976 1690 modo
3023 1641 3073 1692 in
3126 1643 3376 1709 prasenti
3431 1644 3628 1696 smcnlo

2067 1714 2278 1778 peccata
2313 1706 2546 1778 dimittes
2587 1708 2655 1769 ei,
2698 1709 2789 1760 sed
2822 1709 2980 1761 etiam
3014 1710 3062 1760 in
3094 1706 3271 1762 futuro
3312 1727 3493 1778 parces
3525 1713 3620 1772 illi.

2063 1775 2202 1848 quod
2231 1777 2481 1848 sarculum
2511 1778 2755 1848 praisenti
2785 1778 2952 1842 majus
2979 1787 3060 1833 est
3085 1775 3381 1847 suntiaeies
3406 1784 3620 1848 septies.

2065 1839 2236 1895 Verax
2269 1847 2408 1897 enim
2440 1839 2526 1898 est
2561 1849 2647 1912 qtti
2679 1847 2806 1900 dixit
2852 1839 2962 1910 tibi,
3007 1839 3343 1917 Qum-umque
3385 1839 3627 1907 soli'ci'itis

2061 1927 2212 1989 super
2232 1923 2436 1982 terram,
2463 1927 2606 1967 erunt
2634 1918 2797 1989 soluta
2823 1929 2866 1970 et
2895 1920 2946 1970 in
2981 1920 3138 1972 ctvlis.
3161 1919 3264 1974 Sed
3295 1919 3467 1974 adhuc
3497 1939 3620 1989 pro-

2065 1979 2358 2056 fundiorem
2386 1979 2597 2039 settsmn
2635 1987 2968 2055 exploremus
2997 2009 3008 2041 :
3038 1991 3091 2042 Si
3126 1992 3423 2056 peccaverit
3453 1979 3508 2044 ιη’
3540 2009 3626 2046 me

2063 2052 2224 2129 frater
2252 2070 2556 2129 mensLnon
2584 2052 2717 2129 inte
2748 2058 2933 2119 Deum,
2976 2060 3066 2112 sctl
3098 2052 3147 2112 in
3182 2077 3285 2123 me,
3316 2064 3521 2129 quoties
3546 2065 3625 2116 di-

2061 2122 2264 2174 mittam
2291 2125 2378 2175 ei?
2408 2125 2716 2192 Respondet
2748 2129 3002 2181 Dominus
3028 2147 3040 2181 :
3072 2122 3294 2190 Peccata
3324 2122 3372 2183 in
3405 2148 3489 2183 me
3517 2149 3620 2185 non

2060 2193 2216 2270 modo
2248 2207 2413 2272 usque
2450 2195 2648 2272 septies
2685 2195 2936 2272 dimittes,
2977 2199 3073 2272 sed
3113 2215 3277 2272 usque
3325 2205 3622 2272 septuagies

2060 2215 2216 2244 muuu
2248 2215 2413 2259 usque
2450 2215 2648 2261 scpttes
2685 2215 2936 2261 utttttttcs,
2977 2215 3069 2251 seu
3113 2216 3171 2253 us
3213 2217 3277 2254 ue
3325 2215 3620 2272 septnagtes

2057 2263 2503 2340 sept‘ies.‘\’erutn
2525 2267 2665 2340 enim
2694 2268 3102 2340 estquoddixit
3129 2215 3335 2340 {gntae
3364 2283 3620 2340 peccatum

2057 2341 2102 2407 et
2129 2331 2439 2407 blasphemia
2465 2336 2738 2387 remittetur
2765 2331 3046 2390 hominibus
3068 2357 3086 2403 ;
3113 2331 3423 2407 blasplteniia
3458 2353 3621 2394 autem

2055 2401 2108 2453 in
2128 2402 2383 2478 Spiritum
2408 2416 2637 2478 sanctum
2675 2422 2772 2478 non
2803 2401 3096 2471 remittetur,
3131 2401 3285 2478 neque
3321 2415 3370 2462 in
3402 2412 3496 2464 Itoc
3521 2430 3617 2467 sw-

2054 2471 2372 2551 caloneque
2400 2476 2452 2527 in
2499 2475 2666 2551 futuro
2697 2476 2904 2545 (Matth.
2947 2479 3032 2533 12.
3064 2479 3172 2551 5|).
3204 2471 3393 2534 'Gratia
3438 2491 3614 2536 autem

2058 2543 2187 2606 Deo,
2230 2544 2387 2614 quod,
2412 2561 2506 2598 nos
2543 2546 2642 2600 hoc
2691 2543 2962 2614 peccatum
3008 2543 3432 2604 non'timeamns
3464 2569 3476 2603 :
3511 2570 3612 2607 non

2054 2615 2194 2690 enim
2225 2613 2654 2690 blaspltemanius
2675 2613 2724 2671 in
2757 2619 3009 2690 Spiritum
3038 2632 3298 2684 sanctum,
3323 2622 3415 2676 sed
3446 2623 3614 2690 ipsum

2053 2684 2336 2739 adoramus
2362 2695 2416 2739 et
2451 2684 2827 2755 glorificamus.
2860 2688 2962 2743 Sed
2991 2692 3164 2744 adhuc
3190 2692 3387 2746 dictum
3412 2684 3616 2747 extanti-

2053 2769 2262 2830 nemus.
2301 2755 2429 2809 Nam
2457 2772 2640 2810 aurum
2688 2760 2971 2830 conflatum
3009 2761 3257 2830 fnlgidius
3300 2773 3381 2816 est
3408 2781 3420 2814 :
3450 2764 3525 2816 sic
3563 2776 3617 2817 ct

2052 2825 2324 2899 Scriptura
2362 2830 2667 2882 examinata
2695 2829 2891 2884 clarior
2916 2825 3110 2884 evadit:
3158 2830 3219 2884 Si
3258 2835 3528 2899 peccat-erit
3563 2837 3616 2887 in

2052 2913 2146 2971 tne
2173 2898 2520 2971 frater‘nteus,
2564 2899 2754 2971 quoties
2795 2900 3043 2971 dimittant
3090 2902 3174 2955 ei?
3198 2898 3351 2971 usque
3391 2906 3567 2971 septies
3590 2907 3616 2956 τ’

2050 2967 2184 3032 Quia
2225 2967 2427 3040 sciebat
2457 2967 2635 3040 legem
2665 2969 2965 3024 hominibus
2998 2982 3207 3040 peccata
3251 2967 3518 3027 dimittere
3559 2976 3611 3028 in

2049 3039 2354 3106 septenario
2379 3036 2537 3104 hujus
2572 3039 2752 3093 smculi
2785 3058 2798 3093 :
2829 3036 3011 3108 neque
3033 3045 3174 3096 enim
3206 3042 3432 3098 habebat
3459 3054 3608 3096 octa-

2049 3123 2166 3161 vam
2211 3109 2616 3162 resurrectionis
2657 3109 2836 3174 diem;
2887 3113 3007 3176 quia
3055 3112 3286 3166 nondum
3327 3114 3614 3168 advenerat

2049 3178 2292 3251 Christus
2317 3179 2408 3251 qui
2436 3180 2840 3251 resurrectionis
2863 3181 3002 3234 diem
3029 3181 3188 3235 habet
3216 3200 3228 3234 :
3260 3183 3482 3251 ideoque
3508 3185 3612 3236 Da-

2050 3249 2159 3319 vid,
2183 3248 2304 3317 quia
2333 3249 2430 3319 sub
2457 3247 2573 3318 lege
2600 3258 2734 3310 erat.
2778 3251 2974 3319 septies
3001 3253 3050 3305 in
3083 3252 3170 3306 die
3207 3247 3607 3317 laudat'Deum;

2047 3318 2176 3392 dicit
2205 3319 2367 3383 enim,
2393 3318 2590 3387 Septies
2611 3319 2662 3372 in
2689 3319 2771 3392 die
2799 3318 2999 3374 laudem
3033 3322 3139 3375 dixi
3167 3323 3254 3376 tibi
3285 3323 3452 3392 (l’sal.
3485 3326 3608 3379 H8.

2050 3389 2196 3459 161),
2243 3404 2345 3442 non
2395 3392 2561 3444 octies
2591 3405 2603 3442 :
2632 3390 2866 3444 nondum
2907 3392 3049 3445 enim
3081 3389 3299 3446 venerat
3327 3394 3607 3455 Christus;

2051 3474 2220 3528 neque
2249 3468 2430 3512 octava
2469 3459 2584 3512 dies
2631 3461 3033 3514 resurrectionis
3076 3479 3090 3519 :
3130 3462 3302 3516 adlmc
3349 3480 3464 3517 sum
3512 3468 3612 3518 sub

2049 3530 2185 3598 lege,
2217 3529 2316 3582 sub
2337 3530 2451 3600 lege
2473 3529 2700 3583 serviam
2727 3531 2815 3600 tibi
2842 3549 2856 3594 ;
2885 3532 3057 3586 adhuc
3081 3533 3284 3586 ancilla:
3309 3532 3442 3588 filios
3468 3549 3607 3598 sum,

2048 3616 2239 3669 nempe
2281 3599 2566 3671 synagoga;
2609 3619 2622 3654 :
2659 3599 2890 3654 nondum
2941 3603 3082 3656 enim
3130 3619 3196 3656 ex
3245 3604 3409 3658 libera
3458 3615 3610 3658 natus

2045 3685 2161 3722 sum
2197 3689 2209 3723 :
2244 3669 2364 3724 ideo
2392 3669 2501 3728 ait.
2523 3669 2631 3740 Ego
2669 3687 2840 3725 serens
2878 3681 2990 3725 tuus
3015 3682 3062 3725 et
3097 3673 3231 3740 ﬁlius
3275 3674 3475 3728 ancilla:
3509 3685 3610 3728 tua:

2047 3739 2220 3814 (Psal.
2251 3741 2427 3814 115.)
2441 3740 2540 3814 6).-
2564 3739 2696 3794 Nam
2740 3756 2946 3807 eorum,
2991 3739 3159 3814 quiin
3188 3744 3356 3812 gratia
3386 3760 3609 3814 regene-

2046 3811 2145 3879 rati
2186 3822 2308 3864 sunt
2349 3810 2766 3864 Christianorum
2814 3823 2982 3866 mater
3010 3810 3212 3867 ‘libera'
3237 3824 3338 3879 est,
3386 3810 3610 3868 ttt‘dieit

2032 3878 2318 3949 Apostolus
2344 3897 2357 3933 :
2388 3880 2492 3933 Illa
2517 3895 2651 3942 vero,
2673 3896 2786 3950 qua:
2807 3899 3004 3935 sursum
3031 3892 3100 3935 est
3127 3878 3427 3945 Jerusalem.
3456 3885 3610 3938 libero

2045 3959 2136 4011 est,
2164 3966 2276 4019 ante
2301 3960 2370 4003 est
2401 3960 2557 4022 mater
2579 3952 3042 4022 ormniuntnostrum
3070 3951 3209 4021 (Gal.
3247 3954 3300 4006 4.
3327 3954 3438 4021 26).
3465 3958 3606 4022 Quo-

2047 4021 2145 4074 ties
2171 4035 2297 4088 ergo
2329 4021 2567 4088 peccabit
2600 4021 2651 4075 in
2679 4037 2762 4075 me
2793 4021 2952 4075 frater
2984 4038 3131 4075 meus
3157 4033 3211 4075 et
3236 4021 3499 4077 dimittam
3524 4027 3609 4078 ei?

2045 4106 2211 4157 usque
2235 4091 2478 4159 septies?
2507 4091 2583 4145 Ac
2613 4091 2657 4143 si
2696 4091 2898 4146 diceret
2925 4108 2936 4142 :
2971 4091 3294 4160 Praccipisne
3334 4103 3388 4147 ut
3426 4094 3608 4147 dimit-

2047 4161 2684 4233 tampeccatafratribus,
2708 4162 2862 4233 meis,
2900 4172 2955 4214 ut
2989 4161 3072 4216 lex
3099 4162 3338 4233 prafcipit
3364 4164 3436 4233 (id
3466 4164 3607 4217 enim

2044 4230 2326 4298 significat,
2361 4230 2525 4298 Usque
2561 4231 2859 4299 septies),an
2898 4230 3168 4299 amplius?
3193 4230 3446 4287 Dominus
3474 4249 3610 4287 vero

2043 4301 2266 4370 gratiam
2294 4301 2798 4372 amplilicatidicens
2825 4318 2838 4353 :
2873 4299 2994 4372 Non
3027 4301 3176 4354 modo
3216 4319 3373 4372 usque
3404 4307 3606 4372 septies,

2043 4369 2130 4426 sed
2169 4388 2340 4443 usque
2371 4371 2653 4443 septuagies
2697 4372 2894 4442 septies.
2941 4371 3206 4443 Quantum
3247 4369 3388 4427 enim
3440 4369 3607 4443 legem

2045 4455 2260 4510 superat
2300 4440 2563 4506 Verbum,
2593 4440 2792 4495 tantum
2839 4444 3008 4510 gratia
3053 4440 3222 4510 legem
3261 4460 3274 4495 :
3318 4459 3420 4497 non
3465 4440 3608 4498 enim

2047 4513 2280 4567 Verbum
2312 4512 2451 4566 Deus
2471 4527 2534 4565 ex
2562 4511 2696 4580 lege.
2721 4510 2812 4564 sed
2835 4513 2914 4565 lex
2936 4526 3001 4565 ex
3027 4511 3226 4566 Verbo.
3250 4513 3315 4567 Et
3334 4513 3607 4569 sciendum

2044 4592 2146 4645 est,
2173 4583 2456 4644 carissimi,
2505 4591 2699 4648 quanta
2742 4581 2811 4634 sit
2854 4582 3001 4636 verbi
3049 4582 3267 4648 utilitas,
3314 4593 3372 4638 ut
3411 4585 3608 4643 discas.

2083 4661 2239 4720 uanto
2259 4652 2426 4720 majus
2443 4660 2524 4704 est
2542 4651 2783 4720 verbum,
2809 4666 2963 4719 quam
2987 4652 3090 4706 lex.
3115 4653 3223 4707 Lex
3243 4654 3426 4709 decem
3453 4655 3609 4708 verba

2083 4666 2239 4704 uanto
2259 4666 2426 4720 "unus
2443 4666 2524 4704 εει
2545 4666 2783 4711 vernum,
2809 4666 2963 4719 quam
2987 4666 3090 4706 tex.
3116 4666 3223 4707 Lex
3243 4666 3426 4709 decem
3453 4666 3605 4708 verba

2043 4666 2135 4772 iiut
2157 4719 2374 4784 Jttdmis,
2402 4730 2455 4772 et
2481 4719 2611 4773 nihil
2657 4720 2892 4789 profuit:
2928 4723 3080 4774 nobis
3109 4737 3238 4776 vero
3267 4725 3403 4778 Deus
3443 4739 3605 4778 umtm

2044 4789 2278 4844 Verbum
2307 4789 2474 4851 dedit,
2505 4800 2561 4843 et
2585 4804 2770 4842 omnes
2795 4791 3043 4842 servavit.
3073 4791 3177 4846 Sed
3205 4792 3378 4846 adhuc
3401 4794 3606 4848 literam

2045 4860 2242 4932 Spiritu
2281 4863 2590 4914 sarriamus.
2631 4858 2760 4912 Nam
2791 4861 2878 4928 qui
2908 4859 3213 4932 thesaurum
3240 4863 3470 4932 aperuit,
3502 4880 3606 4918 non

2045 4929 2204 4983 modo
2233 4946 2418 4983 aurum
2460 4939 2513 4983 et
2557 4938 2829 5000 argentum
2860 4931 3051 5000 accipit
3077 4941 3131 4984 et
3158 4929 3288 4996 abit,
3319 4933 3413 4987 sed
3447 4935 3607 4988 etiam

2047 5000 2246 5068 lapides
2278 5001 2536 5068 pretiosos
2567 4999 2813 5068 ipsosque
2841 4999 3018 5054 varies
3038 5002 3245 5070 qmerit.
3288 5003 3346 5056 Si
3379 5019 3611 5071 peccave—

2043 5071 2295 5144 rit_in_tne
2321 5074 2474 5144 frater
2515 5086 2670 5130 meus.
2701 5071 2891 5144 quoties
2934 5071 3185 5144 dimittant
3222 5072 3307 5127 ei?
3333 5088 3490 5144 usque
3527 5091 3611 5129 se-

2044 5141 2169 5210 pties
2191 5141 2216 5192 ?
2244 5139 2675 5210 Mysteriumyest,
2704 5140 2906 5202 dilecti.
2935 5141 3304 5196 absconditum
3340 5139 3415 5197 in’
3435 5145 3608 5206 litera,

2042 5208 2316 5282 etmnltos
2342 5209 2510 5264 latuit.
2536 5208 2614 5282 'l‘u
2637 5225 2762 5265 vero
2792 5210 2918 5264 mihi
2946 5225 3158 5282 sensum
3179 5212 3461 5282 diligenter
3481 5230 3610 5268 con-

2042 5281 2216 5354 sidera
2249 5296 2262 5331 :
2293 5289 2476 5354 acutus
2521 5280 2664 5354 enim
2694 5290 2795 5347 est,
2829 5280 3297 5354 volucreulevior,‘
3323 5285 3413 5354 qui
3456 5284 3609 5340 facile

2043 5352 2211 5424 possit
2243 5351 2473 5424 oculum
2509 5352 2705 5424 mentis
2743 5352 3102 5424 prmtergredgi,
3157 5352 3315 5406 etiam
3340 5351 3430 5408 'iis
3452 5393 3469 5415 .
3515 5358 3608 5424 qui

2041 5419 2344 5492 acutissime
2377 5419 2581 5492 Avidcnt
2603 5437 2624 5492 εί
2647 5421 2706 5476 Si
2747 5419 3020 5490 peccaverit
3049 5422 3222 5492 inﬁma
3249 5427 3406 5492 frater
3444 5419 3608 5484 meus.

2040 5491 2230 5558 quoties
2263 5490 2585 5564 dimittaniei
2604 5491 2630 5544 .’
2647 5508 2821 5564 _us_que
2847 5493 3028 5564 septies
3053 5492 3079 5545 Ρ
3105 5490 3492 5564 Ναιιιηιιωεῑιιι
3517 5495 3605 5546 di-

2079 5577 2201 5636 nnm
2230 5572 2331 5624 est,
2361 5575 2459 5614 cur
2493 5559 2684 5636 dixerit
2712 5559 2919 5636 Petrus,
2956 5561 3125 5630 Usque
3158 5559 3386 5636 septies,
3413 5572 3467 5617 et
3496 5579 3608 5636 cur

2079 5577 2201 5616 num
2230 5577 2331 5624 εει,
2361 5577 2459 5614 cur
2493 5577 2684 5616 uixerit
2712 5577 2919 5629 Petrus,
2956 5577 3125 5630 usque
3166 5577 3366 5636 septies,
3413 5577 3467 5617 et
3509 5579 3602 5618 cur

2039 5577 2300 5687 Bominus
2337 5631 2684 5702 responderit,
2739 5630 2906 5702 Usque
2941 5635 3218 5702 septuagies
3264 5634 3458 5702 septies.
3491 5631 3602 5689 Sed

2042 5703 2228 5757 Petrus
2243 5704 2294 5755 in
2315 5714 2478 5770 secpo
2496 5700 2719 5755 habebat
2735 5700 3004 5757 homicidii
3021 5700 3218 5765 scelus,
3235 5700 3376 5770 quod
3388 5704 3596 5771 gravis-

2001 5771 2010 5779 ’
2042 5774 2234 5829 simum
2263 5782 2363 5838 est,
2387 5773 2512 5828 etin
2530 5773 2782 5843 mysterio
2802 5773 2943 5828 scire
2971 5772 3180 5828 volebat
3201 5772 3589 5829 ecclesiasticos

3220 5869 3296 5931 ΕΒ
