4098 6212
538 340 649 392 τΰδ

545 522 816 575 homicidii
846 522 1043 575 scelus.
1076 522 1373 576 Advortens
1398 522 1539 575 enim
1576 522 1793 574 Caitium
1823 520 1945 574 dolo
1981 524 2121 575 occi-

542 594 686 647 disse
736 592 953 646 fratrem
998 606 1171 651 Stttlttl,
1214 605 1259 645 et
1296 595 1345 645 in
1377 604 1578 660 septem
1610 594 1828 645 crimina
1872 592 2117 646 ineidiSsc

540 665 765 730 (primus
783 665 925 716 enim
950 664 1085 715 inter
1114 663 1353 716 homines
1375 664 1585 723 occidit,
1606 664 1806 730 primus
1828 663 2116 726 simulavit,

544 735 757 801 primus
776 734 1028 786 mentitus
1057 742 1157 795 est,
1192 735 1390 801 primus
1413 743 1605 786 terram
1629 733 1884 801 sanguine
1908 733 2113 800 polluit,

544 804 747 871 primus
760 815 938 872 portas
954 804 1351 871 mortisapcruit
1369 823 1379 853 :
1398 803 1627 857 nondum
1644 806 1782 855 enim
1799 818 1942 856 mors
1956 804 2118 871 degu-

544 884 779 927 staverat
800 874 1090 937 hominem,
1110 874 1205 927 nisi
1226 874 1351 927 Cain
1370 890 1463 939 per
1481 874 1729 926 invidiam
1751 873 1886 925 hunc
1906 884 2113 941 partum

540 944 817 1013 edidisset)
850 962 861 996 :
894 944 1173 997 attendens
1194 960 1320 1013 ergo
1340 946 1524 997 Petrus
1543 944 1740 999 caedem
1760 960 1789 996 a
1812 945 1973 997 Caino
1998 959 2114 1010 per-

542 1024 711 1067 actam
760 1027 962 1083 septem
993 1015 1161 1083 culpis
1204 1031 1323 1069 esse
1352 1016 1656 1077 obnoxiam,
1684 1014 1889 1067 accedit
1916 1015 1981 1067 ad
2011 1014 2111 1066 Do-

972 1135 1309 1145 ———

2058 340 2322 395 ςρυιιιι.

542 468 792 513 canones,
838 466 961 505 num
999 453 1177 519 lubeat
1208 449 1462 505 Dominus
1488 450 1538 503 it.
1569 450 1833 519 baptismo
1858 450 2124 505 dimittere

3676 349 3794 404 ’764

2232 471 2453 531 nonum,
2494 472 2691 512 arcano
2729 458 2891 531 modo
2930 458 3267 531 interrogans
3294 478 3308 513 :
3334 460 3395 515 Si
3438 468 3712 531 peccaverit
3753 470 3820 520 in

2230 544 2307 607 me
2346 528 2690 607 frater_meu_s,
2716 529 2924 607 quoties
2964 528 3221 607 dimittam
3326 533 3351 584 ζ)
3396 528 3546 600 usque
3573 540 3766 607 septies
3791 540 3819 591 .’

2228 596 2282 669 id
2314 608 2415 657 est.
2444 597 2605 651 Jubes
2632 600 2683 651 in
2716 596 3028 669 baptismate
3077 601 3360 657 fratricida:
3403 596 3550 660 Caini
3592 596 3812 661 scelera

2224 667 2498 745 dimittam
2537 670 2630 722 ei?
2672 667 2929 745 Dettiinus
2964 679 3141 745 autem
3187 672 3312 745 quid
3356 675 3432 727 ait
3480 676 3544 729 ad
3582 677 3760 745 ipsum
3788 681 3814 731 τ

2224 737 2338 792 Non
2379 738 2544 810 modo
2579 742 2753 794 scelus
2782 739 2933 794 Caini
2963 742 3162 807 septies
3191 737 3241 795 in
3272 745 3590 810 baptismate
3603 737 3813 802 'dimit-

2224 810 2450 884 t_es,_sed
2479 809 2796 884 etiam_illud
2829 810 3081 864 Lamecbi
3124 809 3426 884 septuagies
3471 818 3666 884 septies
3697 837 3710 871 :
3745 820 3810 872 in

2218 879 2435 952 Christo
2473 879 2599 934 Jcsu
2645 880 2869 935 Domino
2912 890 3118 945 nostro,
3166 882 3251 937 cui
3294 885 3465 952 gloria
3510 879 3562 940 in
3598 889 3807 942 smcula

2218 951 2559 1004 saeculorum.
2589 952 2781 1005 Amen.

545 1236 603 1277 IN
653 1237 837 1279 ILLUD
881 1236 1241 1281 JVDEORUM
1289 1234 1554 1287 DICTUM,
1603 1234 1955 1275 DJ'IMONIL'M
2002 1231 2244 1286 HABES;
2292 1232 2371 1273 ΕΤ
2415 1232 2477 1273 ιη
2550 1230 2761 1287 ιιιυυ,
2828 1231 3054 1276 ιιοιιτε
3110 1234 3418 1277 ,ιῠυιελιιε
3461 1237 3806 1285 εεεωωυκ

1686 1359 1917 1399 metm
1968 1342 2180 1417 (Joan.
2224 1341 2284 1398 7.
2330 1338 2430 1397 20.
2476 1336 2688 1417 c1215).

1962 1504 2371 1558 camarae»

608 1632 1063 1698 Quemadmodum
1083 1632 1200 1683 luna
1220 1628 1390 1684 lucida
1408 1628 1784 1683 obscuritatem
1806 1627 1978 1681 noctis
1995 1627 2115 1679 albo

539 1704 721 1757 colore
750 1703 977 1766 tingens.
1011 1702 1076 1754 iis
1106 1701 1195 1769 qui
1228 1702 1277 1753 in
1313 1711 1445 1753 terra
1474 1712 1527 1751 et
1558 1698 1782 1769 iu_mari
1823 1698 1925 1769 iter
1953 1707 2116 1769 agunt

540 1774 714 1827 nautis
731 1784 782 1826 et
802 1773 1090 1825 viatoribus
1113 1767 1277 1823 facem
1305 1770 1481 1837 pulcre
1504 1767 1810 1835 prmlerens,
1830 1768 1945 1821 sine
1961 1768 2114 1822 obice

541 1843 861 1911 procedendi
884 1844 974 1894 dat
996 1836 1438 1911 faettltateniasie
1455 1848 1507 1891 et
1530 1837 1781 1911 Ecclesiae
1800 1839 2125 1911 doctor,ins-

538 1907 623 1967 tar
642 1907 1607 1979 lunte,tltvinmcognitionisfulgorem
1630 1908 2109 1979 verbisillustraus,

540 1995 660 2031 cum
684 1993 777 2031 eos
804 1994 890 2047 qm
914 1994 965 2030 tu
1002 1977 1155 2048 hujus
1183 1977 1303 2030 vitae
1326 1979 1509 2048 pelago
1539 1979 1863 2048 voluptatum
1891 1978 2112 2048 salsugi-

526 2048 664 2103 ‘nem
689 2047 1078 2111 transcurrunt,
1104 2059 1212 2101 tum
1231 2064 1323 2100 eos
1343 2047 1432 2114 qui
1455 2048 1505 2100 in
1528 2047 1824 2101 Christiana
1850 2048 1953 2101 vita
1977 2047 2113 2103 inec-

540 2122 692 2181 dunt,
723 2119 786 2171 ad
830 2118 1107 2172 veritatem
1148 2118 1418 2170 Christum
1458 2118 1786 2171 transmittit.
1816 2119 1964 2172 Solet
1984 2135 2113 2173 vero

539 2190 714 2243 divina
738 2189 1010 2255 Scriptura
1038 2189 1287 2243 Ecclesia:
1308 2187 1574 2253 doctores,
1598 2190 1687 2257 qui
1710 2190 1929 2242 honeste
1949 2189 2111 2243 vitam

539 2263 759 2322 ducunt,
783 2260 1071 2312 secundum
1106 2260 1384 2327 imaginem
1412 2260 1586 2311 lunam
1610 2269 1664 2311 et
1691 2261 1873 2313 stellas
1894 2275 2109 2323 vocare,

542 2342 597 2383 ut
626 2332 693 2382 ait
726 2331 885 2383 David
912 2330 1162 2398 propheta
1196 2348 1207 2381 :
1234 2329 1431 2381 Lunam
1450 2340 1494 2382 et
1516 2330 1705 2394 stellas,
1728 2347 1839 2399 qua:
1860 2341 1911 2383 tu
1936 2331 2113 2397 funda-

538 2403 605 2453 sti
633 2400 813 2468 (Psal.
841 2401 893 2454 8.
922 2401 955 2453 4
974 2402 1012 2469 ).
1045 2400 1252 2453 Clarius
1280 2408 1455 2452 autem
1484 2399 1661 2453 videre
1688 2410 1769 2453 est
1794 2414 1859 2453 ex
1876 2402 2111 2469 Apostoli

541 2474 717 2525 verbis
769 2480 1074 2525 sanctorum
1112 2471 1426 2527 discrimen.
1480 2471 1619 2539 quod
1658 2471 1845 2524 ordine
1881 2470 2112 2540 quodam

540 2544 691 2604 solis,
725 2542 864 2594 luna:
892 2552 944 2595 et
984 2543 1260 2595 stellarum
1311 2541 1524 2594 nomine
1554 2542 1880 2609 signilicatur
1911 2559 1924 2593 :
1953 2540 2070 2593 Alia
2094 2583 2109 2607 ,

541 2614 731 2682 inquit,
764 2622 834 2664 est
851 2613 1055 2664 claritas
1083 2613 1223 2673 solis,
1245 2610 1355 2682 galia
1380 2612 1585 2664 claritas
1613 2612 1764 2675 (ante,
1802 2621 1849 2664 et
1878 2613 1980 2664 alia
2004 2614 2114 2682 cla-

540 2681 663 2736 ritas
684 2683 943 2734 stellarum
973 2698 991 2735 :
1012 2683 1155 2735 stella
1171 2681 1339 2747 di/fert
1359 2699 1390 2733 a
1406 2681 1550 2734 stella
1568 2682 1618 2734 in
1637 2682 1898 2747 claritate(
1921 2683 1970 2735 1.
1991 2681 2109 2737 Cor.

540 2756 628 2808 15.
656 2753 719 2807 Al
749 2752 789 2821 ).
827 2753 891 2805 Et
913 2767 1011 2807 nos
1033 2754 1208 2821 itaque
1230 2753 1395 2805 instar
1418 2752 1647 2805 minima:
1669 2753 2110 2817 stellzeluceutes,

542 2822 969 2893 evangelicarum
1001 2824 1381 2877 sententiarum
1416 2822 1633 2893 fulgura
1675 2824 1825 2876 vobis
1858 2824 2112 2893 ostenda-

542 2892 699 2949 mus.
722 2894 970 2948 Dicebant
1000 2908 1148 2962 ergo,
1187 2894 1373 2962 inquit,
1404 2892 1572 2947 Judaei
1601 2894 1823 2947 Domino
1860 2911 1872 2946 :
1904 2892 2111 2948 Daemo-

541 2968 679 3018 uium
708 2964 893 3029 habes;
926 2965 1010 3017 ille
1038 2979 1194 3028 vero,
1246 2963 1418 3017 Nolite
1450 2963 1684 3029 judicare
1708 2965 1980 3017 secundum
2027 2969 2111 3034 fa-

541 3038 701 3096 ciem,
757 3036 844 3089 sed
886 3037 1085 3105 justum
1126 3034 1381 3104 judicium
1425 3034 1672 3103 judicate.
1722 3034 1766 3088 0
1802 3035 1992 3093 Juda-i,
2026 3051 2111 3089 me

541 3107 715 3160 dicitis
758 3104 1078 3159 daemonium
1111 3104 1307 3159 habere
1339 3123 1350 3157 :
1377 3120 1534 3173 opera
1592 3120 1705 3158 mea
1749 3120 1868 3158 cum
1920 3106 2112 3160 vestris

540 3174 802 3241 conferte,
831 3187 884 3229 et
905 3187 1096 3229 vestrte
1123 3175 1461 3229 conscientia:
1488 3177 1716 3228 examini
1745 3176 2109 3241 subjicicntes,

544 3248 721 3309 dicite,
746 3247 875 3312 Quis
902 3246 1091 3300 habeat
1114 3245 1456 3311 damnonium,
1488 3260 1675 3314 egone.
1700 3261 1766 3298 an
1795 3249 1923 3300 vos?
1943 3244 2115 3299 Nolite

537 3318 768 3390 judicare
787 3318 1058 3390 secundum
1077 3317 1278 3385 faciem,
1297 3317 1384 3369 sed
1394 3318 1590 3390 justum
1604 3316 1855 3390 judicium
1866 3317 2111 3385 jttdicate.

550 3389 652 3441 Vos
679 3403 773 3457 per
804 3405 949 3441 mare
994 3388 1251 3451 ltubrnm,
1287 3397 1342 3439 ut
1392 3401 1482 3455 per
1530 3386 1814 3457 herbosum
1868 3402 2112 3455 campum

545 3456 879 3513 transeuntes
895 3468 947 3512 et
964 3458 1013 3510 in
1032 3458 1243 3512 deserto
1262 3456 1509 3511 inell‘abili
1528 3456 1683 3510 modo
1700 3456 1905 3510 dulcem
1923 3471 2113 3525 aquam

544 3544 607 3582 ex
640 3539 784 3597 petra
812 3540 1112 3581 manantem
1144 3528 1440 3595 accepistis,
1470 3537 1522 3581 et
1563 3542 1629 3580 ex
1664 3526 1838 3579 medio
1866 3542 1989 3580 aere
2024 3542 2116 3582 co-

546 3601 803 3653 turnicem
833 3599 1161 3652 decidentem
1193 3614 1205 3648 :
1234 3609 1289 3650 et
1334 3606 1450 3667 post
1486 3605 1563 3650 tot
1602 3606 1848 3664 tantaque
1876 3611 1938 3650 ac
1964 3597 2114 3661 plura

549 3671 649 3722 alia
679 3680 894 3738 accepta
924 3670 1096 3731 bona,
1142 3668 1320 3737 Moyse
1360 3668 1423 3738 in
1474 3677 1709 3721 montem
1734 3667 2075 3738 ascendente
2096 3710 2111 3733 ,

546 3740 778 3793 conflato
811 3736 989 3792 vitulo
1016 3738 1295 3809 legionem
1340 3737 1638 3809 dtcmonum
1682 3736 1943 3809 adorastis
1972 3754 1986 3803 ;
2016 3753 2116 3809 ego

546 3821 722 3865 autem
746 3810 982 3873 veniens,
1012 3808 1271 3878 legionem
1302 3808 1441 3861 illam
1465 3808 1762 3861 dazmonum
1801 3808 1867 3861 ab
1889 3806 2117 3862 homini-

548 3881 648 3935 bus
673 3880 844 3947 abegi.
876 3881 1003 3945 Quis
1031 3894 1157 3947 ergo
1176 3878 1495 3932 dmmonium
1522 3878 1713 3932 habet?
1738 3893 1856 3947 ego,
1884 3893 1950 3931 an
1982 3880 2116 3933 vos?

547 3952 726 4005 dicite.
760 3950 932 4005 Nolite
965 3951 1203 4020 judicare
1230 3949 1504 4020 secundum
1546 3950 1744 4020 faciem,
1793 3949 1879 4020 sed
1926 3950 2117 4016 iustum

548 4023 791 4087 iudicium
806 4018 1054 4092 judicate.
1092 4020 1194 4075 Vos
1224 4020 1359 4075 lilios
1379 4028 1431 4075 et
1447 4018 1591 4092 tilias
1617 4029 1821 4092 vestras
1842 4019 2118 4092 daamoniis

550 4090 867 4157 immolatis;
897 4107 996 4163 ego
1026 4106 1152 4145 vero
1178 4090 1542 4163 tilium‘viduae
1580 4099 1636 4163 et
1660 4090 1816 4143 filiam
1861 4090 2117 4163 principis

548 4178 833 4234 synagoga:
860 4160 1096 4216 mortuos
1121 4161 1370 4234 suscitavi
1404 4179 1416 4214 :
1444 4161 1591 4234 _i|l_um
1627 4161 1677 4213 in
1705 4174 1827 4234 arca
1852 4160 2118 4234 jacentem

551 4230 925 4299 tactu'm'anus,
956 4234 1059 4286 vim
1081 4232 1365 4285 curationis
1393 4230 1459 4284 ad
1489 4231 1628 4283 intus
1655 4232 1881 4298 positum
1921 4230 2117 4282 immit-

552 4315 689 4368 tens,
720 4319 906 4357 sanum
955 4302 1193 4365 reddidi;
1248 4299 1391 4354 illam
1435 4301 1597 4354 verbo
1635 4315 1703 4353 ex
1739 4308 1908 4353 morte
1933 4314 2025 4353 seu
2053 4314 2120 4353 ex

557 4389 746 4427 somno
767 4374 1009 4427 excitavi.
1034 4373 1162 4438 Quis
1189 4386 1315 4439 ergo
1340 4370 1656 4425 dccmouium
1681 4368 1873 4422 habet?
1903 4383 2022 4438 ego,
2051 4383 2119 4423 an

552 4444 685 4497 vos?
706 4442 758 4496 N
763 4444 881 4496 alite
890 4444 1123 4512 judicare
1142 4441 1413 4512 secundum
1439 4440 1637 4512 faciem,
1660 4440 1748 4512 sed
1759 4439 1957 4512 justum
1976 4440 2120 4512 judi-

553 4508 943 4583 ciumjudicat'e.
972 4512 1076 4566 Vos
1105 4527 1170 4565 ex
1199 4508 1727 4583 eotilictis’ilezabelis
1749 4508 1924 4563 verbis
1944 4508 2121 4583 occiso

555 4579 817 4649 Nabuthe,
849 4583 1043 4636 laetitia:
1068 4582 1380 4650 genitricem
1406 4582 1611 4650 vineam
1635 4580 1896 4650 inparvum.
1918 4579 2118 4650 olerum

557 4645 818 4718 mutastis,
838 4645 1166 4707 inlirtuor'um
1189 4651 1363 4705 cibum
1381 4645 2131 4717 secuntlumApostolttm,Qui

560 4737 720 4779 autem
748 4726 978 4794 inﬁrmus
1007 4733 1098 4787 est,
1130 4722 1240 4794 olus
1265 4723 1533 4794 manducet
1562 4718 1749 4794 (Itoni.
1767 4720 1861 4794 di.
1884 4718 1956 4794 2)
1983 4736 1994 4771 :
2023 4734 2122 4788 ego

559 4811 684 4851 vero
712 4788 812 4858 eis,
836 4796 923 4866 qui
956 4797 1122 4866 instar
1150 4792 1420 4866 humilium
1449 4788 1672 4866 olerum,
1693 4790 1744 4842 in
1766 4788 2121 4866 inﬁrmitatem

560 4868 758 4936 delapsi
785 4860 957 4931 erant,
1007 4866 1058 4917 in
1111 4865 1217 4917 ictu
1263 4861 1497 4936 oc_uli__ad
1523 4860 1808 4936 sanitatem
1830 4860 2119 4936 restitutis,

559 4929 707 5007 panis
728 4929 952 4991 crelestis
975 4936 1282 5007 alimentum
1307 4932 1448 5007 dedi,
1479 4946 1540 4985 ac
1571 4945 1754 5007 rursus
1797 4929 1847 4982 in
1879 4929 2123 5007 eumdem

558 5000 798 5061 ordinem
827 5007 1031 5061 restitui
1063 5004 1245 5058 dicens
1276 5019 1290 5055 :
1325 5002 1434 5071 Ego
1467 5017 1577 5053 sum
1604 5002 1714 5053 vitis
1735 5041 1748 5064 ,
1770 5014 1871 5071 vos
1894 5000 2124 5067 palmites

560 5077 754 5146 (Jama.
786 5079 873 5132 15.
905 5077 997 5144 5).
1026 5075 1154 5144 Quis
1187 5088 1313 5141 ergo
1340 5069 1658 5146 dit-monium
1688 5069 1885 5146 habet?_
1904 5084 2024 5146 ego,
2055 5086 2123 5123 an

568 5140 696 5200 vos?
728 5147 905 5201 Nolim
942 5140 1175 5217 judicare
1221 5140 1492 5217 secundum
1519 5142 1754 5217 _[aciem,
1799 5140 1885 5194 sed
1923 5144 2124 5217 justum

552 5217 809 5287 judicium
853 5210 1101 5287 judicate.
1134 5215 1239 5269 Vos
1285 5212 1468 5287 Isaiam
1519 5212 1686 5281 lignea
1713 5226 1864 5287 serra.
1884 5210 2125 5265 secuistis

560 5280 613 5341 et
641 5280 955 5341 dissolvistis
980 5306 992 5339 :
1021 5301 1119 5356 ego
1150 5299 1275 5339 vero
1307 5284 1613 5356 dissolutam
1645 5290 1813 5356 morte
1843 5280 2124 5333 humanam

564 5366 804 5412 naturam
837 5373 930 5427 per
974 5352 1426 5427 participationem
1477 5354 1609 5427 ligni
1647 5352 1821 5427 crucis
1872 5359 2124 5427 conptans

563 5420 993 5494 suscitavianis
1026 5420 1498 5495 ergo'dtumouium
1522 5420 1721 5495 habet?
1743 5437 1861 5491 ego,
1887 5436 1957 5495 an
1990 5420 2125 5474 vos?

564 5499 742 5553 dicite.
776 5491 949 5551 Nolite
976 5491 1209 5567 judicare
1236 5498 1525 5567 _secundum
1555 5493 1765 5567 faciem,
1809 5491 1896 5567 sed
1928 5491 2126 5567 justum

555 5570 803 5641 judicium
820 5561 1066 5641 judicitte.
1097 5566 1205 5641 Vos
1227 5565 1509 5641 Jeremiam
1536 5561 1843 5632 prophetam
1874 5562 1925 5641 in
1956 5561 2123 5640 lacum

562 5634 699 5694 'cteni
725 5634 1071 5710 con'jicientes
1099 5635 1395 5710 sull‘ocastis
1426 5652 1437 5687 :
1466 5649 1565 5703 ego
1606 5649 1731 5688 vero
1758 5634 2123 5701 propheticum

568 5712 779 5763 verbum
822 5707 874 5765 in
903 5723 1057 5764 emno
1108 5707 1433 5773 voluptatum
1482 5714 1775 5757 vestrarum
1806 5711 2123 5773 emortuum

560 5784 781 5848 retraxi,
814 5791 863 5836 et
907 5782 957 5835 in
988 5772 1686 5843 animabusobsequentium
1717 5772 1967 5828 stabiliri.
1993 5772 2121 5838 Quis

2220 1642 2345 1701 ergo
2373 1628 2695 1682 da2monium
2729 1627 2925 1684 habet?
2970 1646 3103 1701 ego,
3133 1648 3198 1685 an
3229 1636 3360 1688 vos?
3401 1637 3585 1693 dieitc.
3617 1639 3800 1696 Nolite

2209 1698 2445 1779 judicare
2464 1700 2739 1779 secundum
2761 1702 2960 1779 faciem,
2981 1698 3069 1779 sed
3076 1704 3269 1779 justum
3279 1706 3536 1773 judicium
3544 1714 3799 1779 judicare.

2227 1767 2329 1845 Vos
2355 1767 2772 1845 magnumillutn
2803 1767 3109 1845 Zachariam
3132 1774 3266 1827 inter
3279 1767 3609 1845 templum'et
3627 1784 3802 1838 altare

2218 1838 2485 1913 nceitlistis
2543 1857 2555 1892 :
2609 1840 2892 1895 Zacharias
2941 1852 3116 1896 autem
3167 1838 3430 1913 signiﬁcat
3488 1856 3801 1910 memoriale

2218 1908 2308 1982 Dei
2337 1926 2349 1961 :
2375 1924 2472 1977 ego
2494 1919 2670 1982 autem
2700 1914 2936 1976 veniens,
2966 1912 3103 1965 hunc
3130 1908 3461 1982 Zachariam,
3485 1908 3799 1979 memoriale

2218 1978 2332 2056 Dei,
2362 1995 2389 2033 a
2422 1981 2571 2032 vobis
2599 1981 2736 2035 inter
2754 1983 3008 2056 templum
3033 1993 3086 2035 et
3111 1984 3281 2038 altare
3307 1978 3568 2052 occisum;
3603 1991 3654 2045 id
3682 1978 3792 2056 est,

2220 2049 2357 2102 inter
2385 2060 2655 2125 corpuset
2680 2052 2908 2125 animam
2940 2051 2972 2125 ξ(
2990 2067 3110 2105 nam
3168 2056 3421 2125 templum
3474 2049 3661 2114 anitna:
3704 2049 3797 2118 est

2216 2134 2448 2193 corpus,
2476 2130 2531 2173 et
2559 2124 2723 2193 altare
2747 2123 2835 2175 Dei
2865 2123 3062 2183 anima,
3105 2124 3153 2176 in
3184 2123 3295 2193 qua
3329 2128 3515 2181 oblatio
3541 2133 3781 2186 rationa-

2219 2189 2338 2271 bilis
2365 2192 2536 2244 cultus
2556 2202 2628 2271 _e_t
2667 2192 3003 2271 thymiatnata
3033 2189 3684 2271 ortniointmuemittuntur
3710 2208 3731 2271 )
3762 2223 3777 2267 ;

2220 2263 2317 2313 hoc
2349 2262 2653 2315 memoriale
2682 2262 2778 2316 Dci
2803 2262 3096 2326 vivilieaus,
3132 2264 3182 2317 in
3225 2266 3467 2320 cordibus
3500 2262 3777 2326 hominum

2219 2330 2408 2402 locavi,
2442 2341 2497 2384 ut
2536 2348 2721 2386 omnes
2769 2333 2858 2401 qui
2904 2333 3203 2402 reciperent
3252 2337 3505 2391 sacrificia
3534 2340 3792 2397 oti'erreut.

2220 2401 2348 2474 Deo.
2377 2402 2505 2468 Quis
2519 2418 2657 2474 ergo
2672 2402 2829 2457 habet
2849 2401 3169 2457 daemonium
3184 2406 3206 2457 ?
3222 2421 3343 2474 ego,
3363 2424 3428 2460 an
3453 2410 3583 2461 vos?
3602 2411 3789 2467 dicite.

2220 2470 2394 2559 Nolite
2405 2473 2643 2559 judicare
2665 2475 2935 2559 secundum
2966 2474 3178 2559 faciem;
3200 2470 3290 2556 sed
3326 2479 3518 2559 iuseum
3537 2480 3791 2559 judicium

2208 2542 2457 2621 judicare.
2489 2542 3373 2621 ltecordatisnntautemAdiseipuli
3406 2542 3613 2621 Domini
3637 2551 3794 2621 hujus

2217 2612 2364 2687 dicti.
2396 2612 2528 2665 Cum
2560 2613 2701 2687 enim
2724 2630 2750 2666 a
2774 2613 2980 2687 Scribis
2991 2612 3347 2687 etPharisteis
3364 2612 3787 2687 prohiberentur,

2218 2698 2285 2735 ne
2315 2682 2569 2760 docerent
2620 2682 2672 2737 in
2692 2684 2918 2760 nomine
2943 2684 3146 2760 Christi
3182 2702 3196 2738 :
3230 2682 3419 2760 Nonne
3447 2682 3788 2760 praeripiendo

2218 2754 2547 2823 prtecepimus
2593 2754 2745 2816 vobis,
2777 2771 2839 2807 ne
2866 2755 3107 2808 doceretis
3131 2758 3182 2809 in
3207 2759 3409 2810 nomine
3429 2754 3555 2812 Iesu
3572 2754 3661 2814 3st
3684 2780 3789 2816 ecce

2216 2822 2446 2900 replestis
2470 2822 2753 2900 Jeruselem
2778 2826 3189 2900 doctrinarestra
3212 2827 3359 2900 (Act.
3387 2829 3445 2881 5.
3477 2831 3589 2900 ‘28)
3622 2850 3637 2884 :
3670 2842 3786 2887 tunc

2220 2893 2543 2971 respondent
2563 2894 2961 2971 illi,-m_oneutes
2984 2895 3137 2948 simul
3165 2893 3229 2949 ne
3244 2893 3786 2971 jttdicarentinjuste,

2217 2979 2277 3040 ac
2307 2966 2542 3040 dicentes
2571 2982 2583 3017 :
2616 2965 2687 3040 Si.
2715 2967 2928 3040 justum
2949 2976 3028 3040 est
3056 2983 3151 3040 nos
3189 2968 3360 3036 potius
3405 2971 3603 3035 audire,
3625 2965 3784 3040 'quaui

2220 3033 2401 3109 Deum,
2415 3035 2641 3109 judica_te
2670 3033 2805 3109 (Act.
2834 3036 2885 3089 4.
2910 3036 2975 3109 19
2998 3036 3033 3104 ).
3062 3033 3426 3109 Ϋίιὶείιιιριιιιθ
3456 3033 3783 3109 prophetam,

2217 3103 2429 3179 dilecte,
2482 3103 2925 3179 in_Psalmo_qni
2980 3105 3135 3159 modo
3185 3103 3353 3179 nobis
3379 3103 3622 3165 cantatus
3649 3103 3783 3179 fuit,

2217 3174 2512 3228 clarissime
2540 3174 2605 3229 de
2628 3175 2834 3250 Domini
2864 3176 2926 3250 in
2957 3191 3115 3250 carne
3169 3178 3398 3250 adventu
3449 3174 3783 3250 loquentem,

2217 3260 2280 3317 ac
2311 3253 2633 3317 innuentem,
2666 3261 2770 3299 non
2817 3246 3157 3313 indicandum
3200 3262 3319 3302 esse
3349 3246 3543 3316 injuste
3573 3268 3588 3305 :
3621 3246 3781 3317 Deus,

2218 3314 2406 3387 inquit.
2441 3316 2645 3387 stetittn
2664 3332 2921 3387 synagoga
2946 3318 3173 3378 deorum,
3204 3320 3257 3371 in
3285 3314 3447 3373 medio
3476 3332 3638 3374 autem
3667 3314 3785 3376 deos

2218 3385 2514 3456 dijudicabit
2565 3384 2749 3456 (Pstil.
2796 3384 2883 3441 8i.
2922 3388 3011 3454 1).
3066 3388 3197 3454 Quis
3229 3399 3401 3442 autem
3454 3390 3605 3444 fuerit
3642 3391 3778 3445 Deos

2217 3454 2307 3526 qui
2337 3455 2480 3526 stetit
2508 3454 2845 3526 in‘synagoga
2874 3457 3119 3520 deorum,
3151 3458 3251 3511 nisi
3281 3459 3495 3513 omnino
3519 3460 3775 3526 Christus,

2218 3525 2309 3597 qui
2339 3525 2484 3579 stetit
2506 3527 2557 3579 in
2587 3525 2847 3597 synagoga
2865 3527 3187 3597 Judteorntn,
3212 3529 3433 3597 quiolitn
3455 3531 3525 3583 dii
3543 3532 3777 3584 fuerant?

2220 3596 2447 3667 adquos
2468 3596 2773 3666 responsum
2802 3598 2901 3650 fuit
2930 3614 2942 3651 :
2973 3596 3083 3666 Ego
3110 3596 3241 3663 dixi,
3260 3598 3343 3651 Dii
3354 3602 3481 3652 estis.
3512 3600 3783 3667 Quantum

2220 3666 2361 3719 enim
2389 3666 2452 3718 ad
2490 3667 2580 3720 Dei
2600 3668 2971 3736 benignitatem
2999 3670 3313 3735 pertinebat,
3335 3670 3457 3723 deos
3484 3666 3605 3724 illOs
3624 3686 3786 3725 voca-

2220 3737 2331 3809 vit:
2364 3746 2615 3809 quantnm
2643 3753 2767 3791 vero
2794 3739 3058 3809 spectabat
3092 3739 3157 3791 ad
3202 3741 3435 3808 ipsorum
3460 3741 3783 3809 nequitiam,

2221 3807 2355 3881 sicut
2383 3807 2619 3881 homines
2638 3808 3014 3881 moriebantur,
3039 3818 3093 3862 et
3126 3807 3274 3877 quasi
3293 3826 3428 3863 unus
3454 3811 3520 3864 de
3539 3807 3785 3881 principi-

2222 3877 2319 3929 bus
2346 3877 2633 3941 cadebant;
2668 3878 2990 3946 principibus
3010 3894 3159 3944 vero,
3189 3894 3291 3932 non
3317 3877 3551 3934 terrenis
3566 3877 3787 3935 homini-

2222 3948 2341 4013 bus,
2361 3948 2453 4001 sed
2480 3964 2542 4000 ex
2561 3947 2624 4000 iis
2644 3948 2733 4014 qui
2754 3963 2817 4001 ex
2834 3948 3133 4017 caelestibus
3151 3949 3444 4003 fornicibus
3464 3952 3784 4017 deciderant,

2223 4017 2288 4071 de
2315 4018 2503 4087 quibus
2528 4018 2602 4070 ait
2629 4017 2825 4072 Paulus
2850 4038 2863 4073 :
2898 4016 3017 4071 Non
3039 4028 3111 4071 est
3138 4019 3278 4071 nobis
3305 4022 3595 4075 colluctatio
3614 4022 3788 4075 adver-

2223 4104 2308 4140 sus
2337 4089 2629 4157 sanguinem
2676 4098 2722 4141 et
2770 4104 2992 4152 carnem,
3034 4090 3120 4141 sed
3140 4089 3385 4144 adversus
3415 4093 3709 4159 principatus
3733 4101 3780 4142 et

2225 4167 2485 4225 potestates
2502 4170 2547 4211 et
2568 4160 2741 4210 mundi
2768 4168 2979 4211 rectores
3000 4159 3314 4211 tenebrarum
3337 4162 3527 4222 harum,
3549 4160 3773 4212 adversus

2222 4229 2507 4298 spiritualia
2528 4230 2760 4296 nequitia:
2776 4230 2825 4281 in
2847 4228 3117 4281 cazlestibus
3138 4232 3154 4297 (
3173 4227 3367 4298 Ephes.
3389 4231 3436 4285 6.
3462 4230 3523 4283 12
3538 4231 3575 4296 ).
3597 4228 3766 4297 Igitur,

2223 4295 2367 4369 Deus
2388 4299 2523 4369 stetit
2562 4299 2613 4369 in
2643 4315 2893 4369 synagoga
2924 4295 3154 4363 deorum,
3182 4295 3237 4352 iu
3289 4301 3444 4354 medio
3475 4295 3637 4369 autem
3658 4300 3777 4351 deos

2222 4367 2538 4436 dijudicabit.
2588 4367 2728 4422 Deos
2764 4367 2846 4424 ex’
2876 4368 2959 4433 iis,
2990 4369 3079 4437 qui
3108 4369 3236 4422 olim
3264 4372 3338 4424 dii
3363 4379 3531 4436 erant,
3556 4368 3749 4423 ludatis
3769 4411 3785 4433 ,

2223 4437 2552 4509 dijudicabit.
2603 4440 2795 4508 Aitque
2835 4439 2936 4492 illis
2979 4438 3493 4509 Spiritussanctus:
3530 4437 3789 4509 Usquequo

2213 4508 2458 4580 iudicatis
2486 4509 2819 4578 iniquitatem,
2838 4519 2883 4562 et
2901 4511 3052 4577 facies
3073 4520 3388 4580 peccatorum
3405 4512 3602 4564 sumitis
3623 4508 3788 4579 (Psal.

2224 4578 2311 4633 81.
2342 4577 2377 4631 2
2397 4580 2453 4649 )?
2498 4588 2551 4633 et
2574 4577 2832 4634 Dominus
2876 4580 3038 4634 dicit:
3072 4577 3245 4633 Nolite
3263 4581 3497 4650 judicare
3520 4577 3792 4633 secundum

2224 4650 2424 4773 gaciem,
2453 4650 2540 4703 sed
2572 4651 3039 4772 justum-{iudicium
3056 4651 3296 4720 judicate.
3347 4650 3554 4704 Deinde
3608 4665 3792 4703 rursus

2266 4720 2450 4773 uiritus
2479 4731 2690 4773 sanctus
2724 4737 2737 4772 :
2798 4722 2997 4773 udicate
3023 4722 3215 4773 pupillo
3233 4729 3277 4773 et
3298 4736 3475 4773 caeno.
3506 4720 3639 4773 Vide
3662 4721 3792 4773 mihi

2266 4668 2424 4715 mem,
2453 4668 2537 4703 sea
2572 4668 3039 4772 Jusmmjitlawtum
3056 4668 3296 4720 juatcatc.
3347 4668 3554 4704 uetuue
3608 4668 3792 4703 rursus

2266 4720 2450 4790 piritus
2479 4731 2690 4773 sanctus
2724 4737 2737 4772 :
2798 4722 2997 4773 udicate
3020 4722 3215 4790 pupillo
3233 4729 3277 4773 et
3298 4736 3475 4789 egeno.
3506 4720 3639 4774 Vide
3662 4721 3792 4773 mihi

2224 4789 2491 4858 quomodo
2506 4790 2641 4844 circa
2654 4790 2921 4843 Christum
2944 4789 3120 4844 omnia
3139 4791 3365 4854 inducat,
3384 4790 3562 4843 omnia
3578 4790 3793 4852 doceat,

2227 4860 2408 4913 volens
2432 4859 2641 4913 illorum
2659 4859 2988 4929 iniquitatem
3022 4862 3207 4914 tollere
3234 4878 3249 4913 :
3274 4875 3394 4912 nam
3419 4861 3530 4913 ait:
3558 4858 3802 4929 Judicate

2228 4930 2422 5001 pupillo
2449 4940 2494 5001 et
2522 4946 2695 5000 egeno,
2723 4928 2962 5001 humilem
2983 4940 3026 4983 ct
3056 4947 3323 5001 pauperem
3341 4930 3619 5001 justiﬁcatc
3638 4928 3794 5001 (lsai.

2226 5000 2273 5053 1.
2315 5000 2377 5053 17
2397 4999 2437 5070 ).
2465 4998 2567 5054 Sed
2599 5002 2818 5055 fortasse
2843 5000 2983 5053 dicet
3002 4998 3259 5070 quispiam
3282 4998 3602 5062 auditorum,
3625 4998 3794 5070 videri

2226 5084 2326 5141 nos
2353 5070 2404 5122 in
2430 5070 2588 5141 dubio
2613 5071 2851 5141 versari,
2879 5071 3019 5141 quod
3066 5069 3318 5124 Deminus
3343 5070 3573 5141 pupillus
3593 5069 3793 5141 audiat.

2227 5139 2902 5221 Nam-quodnegenussit,
2952 5140 3107 5195 facile
3148 5142 3277 5221 disci
3325 5139 3497 5221 potest
3522 5155 3588 5194 ex
3619 5140 3799 5221 verbis

2218 5208 2451 5281 Apostoli
2483 5226 2498 5263 :
2534 5208 2632 5279 Qui
2653 5220 2854 5281 propter
2883 5226 2971 5263 nos
2997 5227 3177 5281 egenus
3206 5212 3369 5278 [actus
3392 5219 3487 5276 est,
3510 5225 3629 5281 cum
3660 5208 3800 5281 dives

2229 5229 2451 5280 llpOSlOll
2483 5229 2498 5263 ἶ
2534 5229 2631 5279 υιιι
2653 5229 2854 5335 propter
2883 5229 2971 5263 nos
2997 5229 3177 5291 egenus
3206 5229 3369 5291 ιᾳειιιε
3392 5229 3487 5289 ιρι,
3660 5229 3797 5287 usus

2229 5289 2352 5334 esset
2382 5280 2473 5348 (2.
2504 5281 2620 5335 Cor.
2651 5283 2706 5335 8.
2735 5288 2747 5312 ·
2783 5283 2800 5349 )
2830 5297 2843 5331 :
2875 5281 2967 5335 sed
2989 5296 3107 5350 quis
3133 5282 3360 5350 pupillus
3383 5290 3471 5343 snt,
3496 5295 3594 5350 ius:
3618 5292 3797 5350 ts,»qut

2229 5366 2326 5405 nec
2348 5360 2546 5418 patrem
2575 5366 2672 5405 nec
2698 5347 2918 5405 matrem
2943 5347 3167 5405 habeat?
3188 5347 3321 5404 Audi
3341 5362 3471 5402 vero
3483 5347 3799 5418 Apostolum

2230 5421 2295 5474 de
2323 5420 2548 5491 Christo
2555 5422 2823 5491 dicentem
2855 5438 2867 5471 :
2896 5421 3021 5475 Sine
3052 5430 3209 5491 patre,
3235 5422 3342 5474 sine
3371 5433 3550 5483 matre,
3580 5420 3689 5491 sine
3710 5434 3800 5491 ge-

2230 5491 2458 5559 nealogia
2481 5492 2496 5559 (
2523 5488 2677 5565 Hebr.
2703 5491 2763 5565 Δ7.
2792 5492 2825 5546 5
2847 5492 2885 5563 ).
2904 5487 3062 5565 ‘Siue'
3080 5502 3226 5565 patre
3253 5492 3303 5544 in
3333 5500 3469 5543 terra
3501 5497 3579 5565 est
3610 5487 3793 5565 Domi-

2230 5576 2329 5615 nus
2358 5556 2647 5634 seeuudurn
2692 5556 3123 5634 immanitatem;
3176 5563 3511 5634 sinemmatre
3555 5558 3607 5611 in
3652 5556 3797 5634 catis

2230 5630 2519 5685 secundum
2544 5631 2890 5705 divinitatem.
2914 5631 3170 5705 Judicate‘
3183 5630 3380 5705 pupillo
3406 5636 3461 5683 et
3478 5640 3664 5705 egeno,
3706 5630 3799 5705 qui

2231 5710 2446 5771 pr0pter
2472 5716 2567 5755 nos
2589 5716 2785 5771 egenus
2810 5700 2979 5756 factus
3009 5712 3108 5756 est.
3136 5702 3393 5755 Omnibus
3437 5703 3595 5771 enim-
3616 5700 3795 5749 omnia

2232 5765 2395 5827 laetus
2425 5784 2504 5827 est
2531 5765 2646 5842 plus
2671 5788 2826 5843 quam
2849 5774 3137 5842 apostolus,
3164 5783 3216 5826 ut
3231 5785 3417 5825 omnes
3439 5765 3793 5822 lucrifaceret.
