  <div class='ocr_page' id='page_1' title='image "/cluster/home/n/w/nwhite01/storage/ocr_20150623/60/hvd.32044073501942/771.png"; bbox 0 0 4066 6218; ppageno 0'>
   <div class='ocr_carea' id='block_1_1' title="bbox 423 261 523 315">
    <p class='ocr_par' dir='ltr' id='par_1_1' title="bbox 423 261 523 315">
     <span class='ocr_line' id='line_1_1' title="bbox 423 261 523 315; baseline -0.02 0"><span class='ocrx_word' id='word_1_1' title='bbox 423 261 523 315; x_wconf 82' lang='lat'><strong>767</strong></span> 
     </span>
    </p>
   </div>
   <div class='ocr_carea' id='block_1_2' title="bbox 423 352 1977 423">
    <p class='ocr_par' dir='ltr' id='par_1_2' title="bbox 423 352 1977 423">
     <span class='ocr_line' id='line_1_2' title="bbox 423 352 1977 423; baseline -0.013 0"><span class='ocrx_word' id='word_1_2' title='bbox 423 376 540 423; x_wconf 83' lang='lat' dir='ltr'><strong>dum</strong></span> <span class='ocrx_word' id='word_1_3' title='bbox 567 364 954 422; x_wconf 79' lang='lat' dir='ltr'><strong>misericordiam</strong></span> <span class='ocrx_word' id='word_1_4' title='bbox 978 373 1110 416; x_wconf 85' lang='lat' dir='ltr'><strong>tuam</strong></span> <span class='ocrx_word' id='word_1_5' title='bbox 1144 368 1383 414; x_wconf 86' lang='lat' dir='ltr'><strong>memento</strong></span> <span class='ocrx_word' id='word_1_6' title='bbox 1412 355 1506 409; x_wconf 82' lang='lat' dir='ltr'><strong>mei</strong></span> <span class='ocrx_word' id='word_1_7' title='bbox 1525 363 1576 406; x_wconf 86' lang='lat' dir='ltr'><strong>tu</strong></span> <span class='ocrx_word' id='word_1_8' title='bbox 1607 363 1806 423; x_wconf 74' lang='lat' dir='ltr'><strong>propter</strong></span> <span class='ocrx_word' id='word_1_9' title='bbox 1833 352 1977 405; x_wconf 84' lang='lat' dir='ltr'><strong>boni-</strong></span> 
     </span>
    </p>
   </div>
   <div class='ocr_carea' id='block_1_3' title="bbox 425 423 1979 504">
    <p class='ocr_par' dir='ltr' id='par_1_3' title="bbox 425 423 1979 504">
     <span class='ocr_line' id='line_1_3' title="bbox 425 423 1979 504; baseline -0.013 -11"><span class='ocrx_word' id='word_1_10' title='bbox 425 454 575 493; x_wconf 87' lang='lat' dir='ltr'><strong>tatem</strong></span> <span class='ocrx_word' id='word_1_11' title='bbox 613 451 772 499; x_wconf 86' lang='lat' dir='ltr'><strong>tuam,</strong></span> <span class='ocrx_word' id='word_1_12' title='bbox 808 434 1020 488; x_wconf 78' lang='lat' dir='ltr'><strong>Domine</strong></span> <span class='ocrx_word' id='word_1_13' title='bbox 1063 431 1232 504; x_wconf 71' lang='lat' dir='ltr'><strong>(Paul.</strong></span> <span class='ocrx_word' id='word_1_14' title='bbox 1279 429 1370 482; x_wconf 71' lang='lat'><strong>‘24.</strong></span> <span class='ocrx_word' id='word_1_15' title='bbox 1409 427 1486 497; x_wconf 84' lang='lat'><strong>7).</strong></span> <span class='ocrx_word' id='word_1_16' title='bbox 1532 423 1810 504; x_wconf 69' lang='lat' dir='ltr'><strong>Perpende</strong></span> <span class='ocrx_word' id='word_1_17' title='bbox 1845 423 1979 504; x_wconf 82' lang='lat' dir='ltr'><strong>hanc</strong></span> 
     </span>
    </p>
   </div>
   <div class='ocr_carea' id='block_1_4' title="bbox 426 493 1982 573">
    <p class='ocr_par' dir='ltr' id='par_1_4' title="bbox 426 493 1982 573">
     <span class='ocr_line' id='line_1_4' title="bbox 426 493 1982 573; baseline -0.012 -11"><span class='ocrx_word' id='word_1_18' title='bbox 426 515 581 564; x_wconf 87' lang='lat' dir='ltr'><strong>vitam</strong></span> <span class='ocrx_word' id='word_1_19' title='bbox 624 516 679 560; x_wconf 88' lang='lat' dir='ltr'><strong>ut</strong></span> <span class='ocrx_word' id='word_1_20' title='bbox 719 493 957 558; x_wconf 83' lang='lat' dir='ltr'><strong>umbram</strong></span> <span class='ocrx_word' id='word_1_21' title='bbox 1001 493 1492 573; x_wconf 63' lang='lat' dir='ltr'><strong>prietercurrenteiu</strong></span> <span class='ocrx_word' id='word_1_22' title='bbox 1537 509 1674 549; x_wconf 90' lang='lat' dir='ltr'><strong>esse.</strong></span> <span class='ocrx_word' id='word_1_23' title='bbox 1717 493 1982 573; x_wconf 74' lang='lat' dir='ltr'><strong>Ubi_sunt</strong></span> 
     </span>
    </p>
   </div>
   <div class='ocr_carea' id='block_1_5' title="bbox 428 564 1978 648">
    <p class='ocr_par' dir='ltr' id='par_1_5' title="bbox 428 564 1978 648">
     <span class='ocr_line' id='line_1_5' title="bbox 428 564 1978 648; baseline -0.012 -17"><span class='ocrx_word' id='word_1_24' title='bbox 428 589 689 648; x_wconf 79' lang='lat' dir='ltr'><strong>perceptze</strong></span> <span class='ocrx_word' id='word_1_25' title='bbox 736 564 1031 648; x_wconf 60' lang='lat' dir='ltr'><strong>voluptates</strong></span> <span class='ocrx_word' id='word_1_26' title='bbox 1083 564 1844 648; x_wconf 57' lang='lat' dir='ltr'><strong>praueritorutnteqtpqrum?</strong></span> <span class='ocrx_word' id='word_1_27' title='bbox 1892 564 1978 648; x_wconf 77' lang='lat' dir='ltr'><strong>ubi</strong></span> 
     </span>
    </p>
   </div>
   <div class='ocr_carea' id='block_1_6' title="bbox 426 635 1980 712">
    <p class='ocr_par' dir='ltr' id='par_1_6' title="bbox 426 635 1980 712">
     <span class='ocr_line' id='line_1_6' title="bbox 426 635 1980 712; baseline -0.008 -14"><span class='ocrx_word' id='word_1_28' title='bbox 426 635 554 702; x_wconf 55' lang='lat' dir='ltr'><strong>vana</strong></span> <span class='ocrx_word' id='word_1_29' title='bbox 585 635 916 701; x_wconf 75' lang='lat' dir='ltr'><strong>sollicitudo?</strong></span> <span class='ocrx_word' id='word_1_30' title='bbox 939 644 1022 695; x_wconf 88' lang='lat' dir='ltr'><strong>ubi</strong></span> <span class='ocrx_word' id='word_1_31' title='bbox 1048 635 1340 712; x_wconf 62' lang='lat' dir='ltr'><strong>tet-umnaz&#39;!</strong></span> <span class='ocrx_word' id='word_1_32' title='bbox 1363 637 1450 689; x_wconf 87' lang='lat' dir='ltr'><strong>ubi</strong></span> <span class='ocrx_word' id='word_1_33' title='bbox 1480 635 1693 712; x_wconf 70' lang='lat' dir='ltr'><strong>laudos‘i</strong></span> <span class='ocrx_word' id='word_1_34' title='bbox 1719 649 1893 712; x_wconf 80' lang='lat' dir='ltr'><strong>nonne</strong></span> <span class='ocrx_word' id='word_1_35' title='bbox 1909 641 1980 712; x_wconf 70' lang='lat' dir='ltr'><strong>_ut</strong></span> 
     </span>
    </p>
   </div>
   <div class='ocr_carea' id='block_1_7' title="bbox 427 702 1984 777">
    <p class='ocr_par' dir='ltr' id='par_1_7' title="bbox 427 702 1984 777">
     <span class='ocr_line' id='line_1_7' title="bbox 427 702 1984 777; baseline -0.013 -4"><span class='ocrx_word' id='word_1_36' title='bbox 427 720 698 773; x_wconf 73' lang='lat' dir='ltr'><strong>nubecula:</strong></span> <span class='ocrx_word' id='word_1_37' title='bbox 728 733 754 767; x_wconf 91' lang='lat' dir='ltr'><strong>a</strong></span> <span class='ocrx_word' id='word_1_38' title='bbox 800 714 1009 767; x_wconf 87' lang='lat' dir='ltr'><strong>turbine</strong></span> <span class='ocrx_word' id='word_1_39' title='bbox 1045 720 1302 777; x_wconf 74' lang='lat' dir='ltr'><strong>correpta:</strong></span> <span class='ocrx_word' id='word_1_40' title='bbox 1332 708 1442 759; x_wconf 64' lang='lat' dir='ltr'><strong>hate</strong></span> <span class='ocrx_word' id='word_1_41' title='bbox 1470 705 1688 777; x_wconf 86' lang='lat' dir='ltr'><strong>depulsa</strong></span> <span class='ocrx_word' id='word_1_42' title='bbox 1718 703 1878 777; x_wconf 83' lang='lat' dir='ltr'><strong>sunt?</strong></span> <span class='ocrx_word' id='word_1_43' title='bbox 1908 702 1984 777; x_wconf 81' lang='lat' dir='ltr'><strong>Ne</strong></span> 
     </span>
    </p>
   </div>
   <div class='ocr_carea' id='block_1_8' title="bbox 432 771 1982 847">
    <p class='ocr_par' dir='ltr' id='par_1_8' title="bbox 432 771 1982 847">
     <span class='ocr_line' id='line_1_8' title="bbox 432 771 1982 847; baseline -0.011 -6"><span class='ocrx_word' id='word_1_44' title='bbox 432 771 602 843; x_wconf 77' lang='lat' dir='ltr'><strong>solum</strong></span> <span class='ocrx_word' id='word_1_45' title='bbox 649 786 991 847; x_wconf 74' lang='lat' dir='ltr'><strong>respiciamus</strong></span> <span class='ocrx_word' id='word_1_46' title='bbox 1037 782 1101 834; x_wconf 90' lang='lat' dir='ltr'><strong>ad</strong></span> <span class='ocrx_word' id='word_1_47' title='bbox 1143 771 1456 847; x_wconf 64' lang='lat' dir='ltr'><strong>prieseutcm</strong></span> <span class='ocrx_word' id='word_1_48' title='bbox 1489 771 1645 827; x_wconf 86' lang='lat' dir='ltr'><strong>vitam</strong></span> <span class='ocrx_word' id='word_1_49' title='bbox 1667 813 1681 835; x_wconf 91' lang='lat'><strong>,</strong></span> <span class='ocrx_word' id='word_1_50' title='bbox 1715 773 1806 847; x_wconf 84' lang='lat' dir='ltr'><strong>sed</strong></span> <span class='ocrx_word' id='word_1_51' title='bbox 1838 781 1891 824; x_wconf 91' lang='lat' dir='ltr'><strong>et</strong></span> <span class='ocrx_word' id='word_1_52' title='bbox 1918 771 1982 825; x_wconf 89' lang='lat' dir='ltr'><strong>ad</strong></span> 
     </span>
    </p>
   </div>
   <div class='ocr_carea' id='block_1_9' title="bbox 427 801 1978 914">
    <p class='ocr_par' dir='ltr' id='par_1_9' title="bbox 427 801 1978 914">
     <span class='ocr_line' id='line_1_9' title="bbox 432 801 1978 847; baseline -0.011 -6"><span class='ocrx_word' id='word_1_53' title='bbox 432 801 602 843; x_wconf 85' lang='lat' dir='ltr'><strong>solum</strong></span> <span class='ocrx_word' id='word_1_54' title='bbox 649 802 734 840; x_wconf 85' lang='lat' dir='ltr'><strong>res</strong></span> <span class='ocrx_word' id='word_1_55' title='bbox 776 801 991 838; x_wconf 70' lang='lat' dir='ltr'><strong>ICIZImllS</strong></span> <span class='ocrx_word' id='word_1_56' title='bbox 1037 801 1101 834; x_wconf 85' lang='lat' dir='ltr'><strong>au</strong></span> <span class='ocrx_word' id='word_1_57' title='bbox 1143 801 1456 847; x_wconf 66' lang='lat' dir='ltr'><strong>praesentum</strong></span> <span class='ocrx_word' id='word_1_58' title='bbox 1492 801 1645 827; x_wconf 73' lang='lat' dir='ltr'><strong>\llillll</strong></span> <span class='ocrx_word' id='word_1_59' title='bbox 1667 813 1681 835; x_wconf 86' lang='grc'><strong><em>,</em></strong></span> <span class='ocrx_word' id='word_1_60' title='bbox 1715 801 1806 826; x_wconf 68' lang='lat' dir='ltr'><strong>acu</strong></span> <span class='ocrx_word' id='word_1_61' title='bbox 1838 801 1891 824; x_wconf 76' lang='lat' dir='ltr'><strong>CI.</strong></span> <span class='ocrx_word' id='word_1_62' title='bbox 1918 801 1978 825; x_wconf 77' lang='lat' dir='ltr'><strong>au</strong></span> 
     </span>
     <span class='ocr_line' id='line_1_10' title="bbox 427 801 1978 914; baseline -0.012 -2"><span class='ocrx_word' id='word_1_63' title='bbox 427 863 670 912; x_wconf 77' lang='lat' dir='ltr'><strong>futuram.</strong></span> <span class='ocrx_word' id='word_1_64' title='bbox 706 801 1005 910; x_wconf 48' lang='lat' dir='ltr'><strong>arcium-are.</strong></span> <span class='ocrx_word' id='word_1_65' title='bbox 1039 851 1226 914; x_wconf 84' lang='lat' dir='ltr'><strong>inquit,</strong></span> <span class='ocrx_word' id='word_1_66' title='bbox 1255 846 1523 900; x_wconf 82' lang='lat' dir='ltr'><strong>novissima</strong></span> <span class='ocrx_word' id='word_1_67' title='bbox 1549 854 1655 907; x_wconf 86' lang='lat' dir='ltr'><strong>tua,</strong></span> <span class='ocrx_word' id='word_1_68' title='bbox 1682 853 1724 896; x_wconf 89' lang='lat' dir='ltr'><strong>et</strong></span> <span class='ocrx_word' id='word_1_69' title='bbox 1751 845 1802 914; x_wconf 86' lang='lat' dir='ltr'><strong>iu</strong></span> <span class='ocrx_word' id='word_1_70' title='bbox 1829 852 1978 896; x_wconf 74' lang='lat' dir='ltr'><strong>aeter-</strong></span> 
     </span>
    </p>
   </div>
   <div class='ocr_carea' id='block_1_10' title="bbox 426 913 1986 1004">
    <p class='ocr_par' dir='ltr' id='par_1_10' title="bbox 426 913 1986 1004">
     <span class='ocr_line' id='line_1_11' title="bbox 426 913 1986 1004; baseline 0.008 -23"><span class='ocrx_word' id='word_1_71' title='bbox 426 947 545 1004; x_wconf 78' lang='lat' dir='ltr'><strong>num</strong></span> <span class='ocrx_word' id='word_1_72' title='bbox 582 943 679 980; x_wconf 87' lang='lat' dir='ltr'><strong>non</strong></span> <span class='ocrx_word' id='word_1_73' title='bbox 709 925 949 1004; x_wconf 34' lang='lat' dir='ltr'><strong>.peccabis</strong></span> <span class='ocrx_word' id='word_1_74' title='bbox 979 913 1170 1004; x_wconf 48' lang='lat' dir='ltr'><strong>tlfccli.</strong></span> <span class='ocrx_word' id='word_1_75' title='bbox 1213 917 1423 1004; x_wconf 39' lang='grc' dir='ltr'><strong>τένάθελ</strong></span> 
     </span>
    </p>
   </div>
   <div class='ocr_carea' id='block_1_11' title="bbox 427 985 1984 1063">
    <p class='ocr_par' dir='ltr' id='par_1_11' title="bbox 427 985 1984 1063">
     <span class='ocr_line' id='line_1_12' title="bbox 427 985 1984 1063; baseline -0.012 -11"><span class='ocrx_word' id='word_1_76' title='bbox 427 1001 608 1052; x_wconf 89' lang='lat' dir='ltr'><strong>horam</strong></span> <span class='ocrx_word' id='word_1_77' title='bbox 639 985 831 1059; x_wconf 75' lang='lat' dir='ltr'><strong>exitus,</strong></span> <span class='ocrx_word' id='word_1_78' title='bbox 873 985 1186 1063; x_wconf 81' lang='lat' dir='ltr'><strong>qualisesse</strong></span> <span class='ocrx_word' id='word_1_79' title='bbox 1215 987 1346 1040; x_wconf 93' lang='lat' dir='ltr'><strong>velis</strong></span> <span class='ocrx_word' id='word_1_80' title='bbox 1377 989 1425 1063; x_wconf 77' lang='lat' dir='ltr'><strong>in</strong></span> <span class='ocrx_word' id='word_1_81' title='bbox 1460 985 1596 1038; x_wconf 88' lang='lat' dir='ltr'><strong>lecto</strong></span> <span class='ocrx_word' id='word_1_82' title='bbox 1620 986 1800 1063; x_wconf 70' lang='lat' dir='ltr'><strong>jacens</strong></span> <span class='ocrx_word' id='word_1_83' title='bbox 1820 990 1876 1062; x_wconf 77' lang='lat' dir='ltr'><strong>et</strong></span> <span class='ocrx_word' id='word_1_84' title='bbox 1904 985 1984 1034; x_wconf 84' lang='lat' dir='ltr'><strong>in-</strong></span> 
     </span>
    </p>
   </div>
   <div class='ocr_carea' id='block_1_12' title="bbox 427 1053 1984 1132">
    <p class='ocr_par' dir='ltr' id='par_1_12' title="bbox 427 1053 1984 1132">
     <span class='ocr_line' id='line_1_13' title="bbox 427 1053 1984 1132; baseline -0.012 -10"><span class='ocrx_word' id='word_1_85' title='bbox 427 1074 629 1132; x_wconf 89' lang='lat' dir='ltr'><strong>lirmus,</strong></span> <span class='ocrx_word' id='word_1_86' title='bbox 653 1081 771 1119; x_wconf 86' lang='lat' dir='ltr'><strong>eum</strong></span> <span class='ocrx_word' id='word_1_87' title='bbox 795 1053 948 1117; x_wconf 82' lang='lat' dir='ltr'><strong>nemo</strong></span> <span class='ocrx_word' id='word_1_88' title='bbox 972 1073 1020 1114; x_wconf 91' lang='lat' dir='ltr'><strong>te</strong></span> <span class='ocrx_word' id='word_1_89' title='bbox 1038 1061 1222 1132; x_wconf 83' lang='lat' dir='ltr'><strong>juvare</strong></span> <span class='ocrx_word' id='word_1_90' title='bbox 1245 1056 1435 1124; x_wconf 89' lang='lat' dir='ltr'><strong>poterit</strong></span> <span class='ocrx_word' id='word_1_91' title='bbox 1455 1072 1466 1106; x_wconf 89' lang='lat'><strong>:</strong></span> <span class='ocrx_word' id='word_1_92' title='bbox 1485 1053 1762 1132; x_wconf 73' lang='lat' dir='ltr'><strong>considera</strong></span> <span class='ocrx_word' id='word_1_93' title='bbox 1787 1053 1984 1132; x_wconf 81' lang='lat' dir='ltr'><strong>circum</strong></span> 
     </span>
    </p>
   </div>
   <div class='ocr_carea' id='block_1_13' title="bbox 427 1122 1983 1202">
    <p class='ocr_par' dir='ltr' id='par_1_13' title="bbox 427 1122 1983 1202">
     <span class='ocr_line' id='line_1_14' title="bbox 427 1122 1983 1202; baseline -0.012 -10"><span class='ocrx_word' id='word_1_94' title='bbox 427 1151 478 1192; x_wconf 90' lang='lat' dir='ltr'><strong>te</strong></span> <span class='ocrx_word' id='word_1_95' title='bbox 517 1122 788 1191; x_wconf 77' lang='lat' dir='ltr'><strong>adstantes</strong></span> <span class='ocrx_word' id='word_1_96' title='bbox 831 1122 1054 1194; x_wconf 60' lang='lat' dir='ltr'><strong>amicos:</strong></span> <span class='ocrx_word' id='word_1_97' title='bbox 1083 1122 1309 1202; x_wconf 58' lang='lat' dir='ltr'><strong>vicinos,</strong></span> <span class='ocrx_word' id='word_1_98' title='bbox 1335 1133 1606 1202; x_wconf 78' lang='lat' dir='ltr'><strong>cognatos,</strong></span> <span class='ocrx_word' id='word_1_99' title='bbox 1639 1122 1850 1185; x_wconf 90' lang='lat' dir='ltr'><strong>fratres,</strong></span> <span class='ocrx_word' id='word_1_100' title='bbox 1883 1122 1983 1202; x_wconf 76' lang='lat' dir='ltr'><strong>do-</strong></span> 
     </span>
    </p>
   </div>
   <div class='ocr_carea' id='block_1_14' title="bbox 429 1195 1988 1267">
    <p class='ocr_par' dir='ltr' id='par_1_14' title="bbox 429 1195 1988 1267">
     <span class='ocr_line' id='line_1_15' title="bbox 429 1195 1988 1267; baseline -0.011 -5"><span class='ocrx_word' id='word_1_101' title='bbox 429 1210 706 1267; x_wconf 89' lang='lat' dir='ltr'><strong>mesticos;</strong></span> <span class='ocrx_word' id='word_1_102' title='bbox 736 1218 921 1258; x_wconf 85' lang='lat' dir='ltr'><strong>omnes</strong></span> <span class='ocrx_word' id='word_1_103' title='bbox 942 1201 1257 1254; x_wconf 76' lang='lat' dir='ltr'><strong>unanimiter</strong></span> <span class='ocrx_word' id='word_1_104' title='bbox 1279 1197 1483 1256; x_wconf 81' lang='lat' dir='ltr'><strong>flentes,</strong></span> <span class='ocrx_word' id='word_1_105' title='bbox 1503 1195 1852 1267; x_wconf 79' lang='lat' dir='ltr'><strong>lacrymautes</strong></span> <span class='ocrx_word' id='word_1_106' title='bbox 1873 1195 1988 1245; x_wconf 87' lang='lat' dir='ltr'><strong>sine</strong></span> 
     </span>
    </p>
   </div>
   <div class='ocr_carea' id='block_1_15' title="bbox 428 1264 1988 1338">
    <p class='ocr_par' dir='ltr' id='par_1_15' title="bbox 428 1264 1988 1338">
     <span class='ocr_line' id='line_1_16' title="bbox 428 1264 1988 1338; baseline -0.008 -10"><span class='ocrx_word' id='word_1_107' title='bbox 428 1281 526 1331; x_wconf 88' lang='lat' dir='ltr'><strong>ulla</strong></span> <span class='ocrx_word' id='word_1_108' title='bbox 562 1264 926 1330; x_wconf 85' lang='lat' dir='ltr'><strong>consolatione</strong></span> <span class='ocrx_word' id='word_1_109' title='bbox 945 1313 959 1333; x_wconf 91' lang='lat'><strong>,</strong></span> <span class='ocrx_word' id='word_1_110' title='bbox 1004 1273 1244 1338; x_wconf 89' lang='lat' dir='ltr'><strong>lugentes</strong></span> <span class='ocrx_word' id='word_1_111' title='bbox 1284 1275 1497 1338; x_wconf 86' lang='lat' dir='ltr'><strong>propter</strong></span> <span class='ocrx_word' id='word_1_112' title='bbox 1527 1273 1576 1317; x_wconf 87' lang='lat' dir='ltr'><strong>te</strong></span> <span class='ocrx_word' id='word_1_113' title='bbox 1605 1283 1616 1316; x_wconf 92' lang='lat'>:</span> <span class='ocrx_word' id='word_1_114' title='bbox 1642 1264 1988 1330; x_wconf 75' lang='lat' dir='ltr'><strong>similiterque</strong></span> 
     </span>
    </p>
   </div>
   <div class='ocr_carea' id='block_1_16' title="bbox 428 1337 1989 1404">
    <p class='ocr_par' dir='ltr' id='par_1_16' title="bbox 428 1337 1989 1404">
     <span class='ocr_line' id='line_1_17' title="bbox 428 1337 1989 1404; baseline -0.01 -4"><span class='ocrx_word' id='word_1_115' title='bbox 428 1350 562 1402; x_wconf 88' lang='lat' dir='ltr'><strong>lilios</strong></span> <span class='ocrx_word' id='word_1_116' title='bbox 605 1347 727 1398; x_wconf 89' lang='lat' dir='ltr'><strong>hinc</strong></span> <span class='ocrx_word' id='word_1_117' title='bbox 767 1344 888 1397; x_wconf 92' lang='lat' dir='ltr'><strong>inde</strong></span> <span class='ocrx_word' id='word_1_118' title='bbox 933 1352 1166 1398; x_wconf 89' lang='lat' dir='ltr'><strong>stantes,</strong></span> <span class='ocrx_word' id='word_1_119' title='bbox 1207 1355 1266 1389; x_wconf 86' lang='lat' dir='ltr'><strong>ac</strong></span> <span class='ocrx_word' id='word_1_120' title='bbox 1309 1337 1470 1404; x_wconf 90' lang='lat' dir='ltr'><strong>patris</strong></span> <span class='ocrx_word' id='word_1_121' title='bbox 1501 1350 1682 1404; x_wconf 82' lang='lat' dir='ltr'><strong>vocem</strong></span> <span class='ocrx_word' id='word_1_122' title='bbox 1717 1348 1810 1400; x_wconf 90' lang='lat' dir='ltr'><strong>pro</strong></span> <span class='ocrx_word' id='word_1_123' title='bbox 1841 1348 1989 1385; x_wconf 69' lang='lat' dir='ltr'><strong>nune</strong></span> 
     </span>
    </p>
   </div>
   <div class='ocr_carea' id='block_1_17' title="bbox 429 1403 1990 1488">
    <p class='ocr_par' dir='ltr' id='par_1_17' title="bbox 429 1403 1990 1488">
     <span class='ocr_line' id='line_1_18' title="bbox 429 1403 1990 1488; baseline -0.01 -18"><span class='ocrx_word' id='word_1_124' title='bbox 429 1419 797 1488; x_wconf 77' lang='lat' dir='ltr'><strong>requirentes,</strong></span> <span class='ocrx_word' id='word_1_125' title='bbox 847 1414 1224 1467; x_wconf 81' lang='lat' dir='ltr'><strong>lamentantes,</strong></span> <span class='ocrx_word' id='word_1_126' title='bbox 1273 1403 1369 1458; x_wconf 83' lang='lat' dir='ltr'><strong>nec</strong></span> <span class='ocrx_word' id='word_1_127' title='bbox 1415 1415 1464 1458; x_wconf 90' lang='lat' dir='ltr'><strong>te</strong></span> <span class='ocrx_word' id='word_1_128' title='bbox 1509 1403 1826 1488; x_wconf 83' lang='lat' dir='ltr'><strong>audientes:</strong></span> <span class='ocrx_word' id='word_1_129' title='bbox 1859 1417 1990 1488; x_wconf 77' lang='lat' dir='ltr'><strong>uxor</strong></span> 
     </span>
    </p>
   </div>
   <div class='ocr_carea' id='block_1_18' title="bbox 428 1482 1990 1557">
    <p class='ocr_par' dir='ltr' id='par_1_18' title="bbox 428 1482 1990 1557">
     <span class='ocr_line' id='line_1_19' title="bbox 428 1482 1990 1557; baseline -0.008 -20"><span class='ocrx_word' id='word_1_130' title='bbox 428 1482 638 1556; x_wconf 79' lang='lat' dir='ltr'><strong>quoque</strong></span> <span class='ocrx_word' id='word_1_131' title='bbox 669 1498 920 1557; x_wconf 65' lang='lat' dir='ltr'><strong>Illail&#39;ells,</strong></span> <span class='ocrx_word' id='word_1_132' title='bbox 973 1486 1559 1557; x_wconf 46' lang='lat' dir='ltr'><strong>mortemquepropter.</strong></span> <span class='ocrx_word' id='word_1_133' title='bbox 1585 1484 1638 1553; x_wconf 76' lang='lat' dir='ltr'><strong>te</strong></span> <span class='ocrx_word' id='word_1_134' title='bbox 1679 1483 1730 1526; x_wconf 90' lang='lat' dir='ltr'><strong>et</strong></span> <span class='ocrx_word' id='word_1_135' title='bbox 1761 1484 1893 1552; x_wconf 68' lang='lat' dir='ltr'><strong>ante</strong></span> <span class='ocrx_word' id='word_1_136' title='bbox 1941 1482 1990 1526; x_wconf 92' lang='lat' dir='ltr'><strong>te</strong></span> 
     </span>
    </p>
   </div>
   <div class='ocr_carea' id='block_1_19' title="bbox 428 1545 1990 1624">
    <p class='ocr_par' dir='ltr' id='par_1_19' title="bbox 428 1545 1990 1624">
     <span class='ocr_line' id='line_1_20' title="bbox 428 1545 1990 1624; baseline -0.006 -19"><span class='ocrx_word' id='word_1_137' title='bbox 428 1545 618 1624; x_wconf 67' lang='lat' dir='ltr'><strong>optans</strong></span> <span class='ocrx_word' id='word_1_138' title='bbox 647 1555 821 1608; x_wconf 89' lang='lat' dir='ltr'><strong>aderit</strong></span> <span class='ocrx_word' id='word_1_139' title='bbox 844 1570 856 1602; x_wconf 90' lang='lat'><strong>:</strong></span> <span class='ocrx_word' id='word_1_140' title='bbox 877 1545 1110 1624; x_wconf 72' lang='lat' dir='ltr'><strong>angelos</strong></span> <span class='ocrx_word' id='word_1_141' title='bbox 1124 1547 1398 1624; x_wconf 77' lang='lat' dir='ltr'><strong>terribiles</strong></span> <span class='ocrx_word' id='word_1_142' title='bbox 1427 1545 1656 1624; x_wconf 33' lang='lat' dir='ltr'><strong>videbis“,</strong></span> <span class='ocrx_word' id='word_1_143' title='bbox 1687 1545 1990 1624; x_wconf 69' lang='lat' dir='ltr'><strong>quipignus</strong></span> 
     </span>
    </p>
   </div>
   <div class='ocr_carea' id='block_1_20' title="bbox 428 1613 1996 1690">
    <p class='ocr_par' dir='ltr' id='par_1_20' title="bbox 428 1613 1996 1690">
     <span class='ocr_line' id='line_1_21' title="bbox 428 1613 1996 1690; baseline -0.009 -11"><span class='ocrx_word' id='word_1_144' title='bbox 428 1613 618 1679; x_wconf 71' lang='lat' dir='ltr'><strong>anima:</strong></span> <span class='ocrx_word' id='word_1_145' title='bbox 645 1636 748 1677; x_wconf 85' lang='lat' dir='ltr'><strong>tu:e</strong></span> <span class='ocrx_word' id='word_1_146' title='bbox 779 1613 1040 1690; x_wconf 71' lang='lat' dir='ltr'><strong>repetent.</strong></span> <span class='ocrx_word' id='word_1_147' title='bbox 1082 1620 1135 1673; x_wconf 82' lang='lat' dir='ltr'><strong>Si</strong></span> <span class='ocrx_word' id='word_1_148' title='bbox 1165 1617 1375 1690; x_wconf 86' lang='lat' dir='ltr'><strong>quidem</strong></span> <span class='ocrx_word' id='word_1_149' title='bbox 1393 1631 1565 1690; x_wconf 76' lang='lat' dir='ltr'><strong>opera</strong></span> <span class='ocrx_word' id='word_1_150' title='bbox 1604 1615 1759 1690; x_wconf 82' lang='lat' dir='ltr'><strong>digna</strong></span> <span class='ocrx_word' id='word_1_151' title='bbox 1791 1613 1996 1666; x_wconf 91' lang='lat' dir='ltr'><strong>honore</strong></span> 
     </span>
    </p>
   </div>
   <div class='ocr_carea' id='block_1_21' title="bbox 431 1685 1994 1762">
    <p class='ocr_par' dir='ltr' id='par_1_21' title="bbox 431 1685 1994 1762">
     <span class='ocr_line' id='line_1_22' title="bbox 431 1685 1994 1762; baseline -0.009 -15"><span class='ocrx_word' id='word_1_152' title='bbox 431 1698 605 1749; x_wconf 85' lang='lat' dir='ltr'><strong>anima</strong></span> <span class='ocrx_word' id='word_1_153' title='bbox 653 1685 856 1754; x_wconf 64' lang='lat' dir='ltr'><strong>fecerit,</strong></span> <span class='ocrx_word' id='word_1_154' title='bbox 901 1693 966 1744; x_wconf 89' lang='lat' dir='ltr'><strong>ab</strong></span> <span class='ocrx_word' id='word_1_155' title='bbox 1007 1685 1210 1762; x_wconf 80' lang='lat' dir='ltr'><strong>angelis</strong></span> <span class='ocrx_word' id='word_1_156' title='bbox 1252 1687 1564 1762; x_wconf 77' lang='lat' dir='ltr'><strong>stipabitur;</strong></span> <span class='ocrx_word' id='word_1_157' title='bbox 1594 1685 1651 1762; x_wconf 85' lang='lat' dir='ltr'><strong>_si</strong></span> <span class='ocrx_word' id='word_1_158' title='bbox 1694 1696 1819 1762; x_wconf 80' lang='lat' dir='ltr'><strong>vero</strong></span> <span class='ocrx_word' id='word_1_159' title='bbox 1867 1697 1994 1761; x_wconf 73' lang='lat' dir='ltr'><strong>erga</strong></span> 
     </span>
    </p>
   </div>
   <div class='ocr_carea' id='block_1_22' title="bbox 430 1755 1997 1833">
    <p class='ocr_par' dir='ltr' id='par_1_22' title="bbox 430 1755 1997 1833">
     <span class='ocr_line' id='line_1_23' title="bbox 430 1755 1997 1833; baseline -0.011 -13"><span class='ocrx_word' id='word_1_160' title='bbox 430 1778 752 1833; x_wconf 87' lang='lat' dir='ltr'><strong>cnngeneres</strong></span> <span class='ocrx_word' id='word_1_161' title='bbox 781 1777 1042 1833; x_wconf 77' lang='lat' dir='ltr'><strong>pauperes</strong></span> <span class='ocrx_word' id='word_1_162' title='bbox 1070 1755 1447 1833; x_wconf 66' lang='lat' dir='ltr'><strong>intutiserieors</strong></span> <span class='ocrx_word' id='word_1_163' title='bbox 1473 1755 1660 1833; x_wconf 76' lang='lat' dir='ltr'><strong>fuerit,</strong></span> <span class='ocrx_word' id='word_1_164' title='bbox 1690 1755 1811 1832; x_wconf 73' lang='lat' dir='ltr'><strong>sine</strong></span> <span class='ocrx_word' id='word_1_165' title='bbox 1837 1755 1997 1832; x_wconf 80' lang='lat' dir='ltr'><strong>mise-</strong></span> 
     </span>
    </p>
   </div>
   <div class='ocr_carea' id='block_1_23' title="bbox 434 1823 1994 1889">
    <p class='ocr_par' dir='ltr' id='par_1_23' title="bbox 434 1823 1994 1889">
     <span class='ocr_line' id='line_1_24' title="bbox 434 1823 1994 1889; baseline -0.01 -1"><span class='ocrx_word' id='word_1_166' title='bbox 434 1823 656 1889; x_wconf 66' lang='lat' dir='ltr'><strong>ricdrdia</strong></span> <span class='ocrx_word' id='word_1_167' title='bbox 695 1823 1134 1886; x_wconf 78' lang='lat' dir='ltr'><strong>condemnabitur</strong></span> <span class='ocrx_word' id='word_1_168' title='bbox 1162 1846 1173 1880; x_wconf 90' lang='lat'>:</span> <span class='ocrx_word' id='word_1_169' title='bbox 1203 1826 1460 1878; x_wconf 86' lang='lat' dir='ltr'><strong>Judicium</strong></span> <span class='ocrx_word' id='word_1_170' title='bbox 1489 1825 1618 1876; x_wconf 86' lang='lat' dir='ltr'><strong>enim</strong></span> <span class='ocrx_word' id='word_1_171' title='bbox 1660 1823 1766 1875; x_wconf 77' lang='lat' dir='ltr'><strong>sine</strong></span> <span class='ocrx_word' id='word_1_172' title='bbox 1799 1823 1994 1873; x_wconf 84' lang='lat' dir='ltr'><strong>miseri-</strong></span> 
     </span>
    </p>
   </div>
   <div class='ocr_carea' id='block_1_24' title="bbox 432 1889 1991 1970">
    <p class='ocr_par' dir='ltr' id='par_1_24' title="bbox 432 1889 1991 1970">
     <span class='ocr_line' id='line_1_25' title="bbox 432 1889 1991 1970; baseline -0.01 -12"><span class='ocrx_word' id='word_1_173' title='bbox 432 1907 601 1957; x_wconf 80' lang='lat' dir='ltr'><strong>cordia</strong></span> <span class='ocrx_word' id='word_1_174' title='bbox 627 1905 723 1966; x_wconf 83' lang='lat' dir='ltr'><strong>illi,</strong></span> <span class='ocrx_word' id='word_1_175' title='bbox 752 1902 836 1970; x_wconf 84' lang='lat' dir='ltr'><strong>qui</strong></span> <span class='ocrx_word' id='word_1_176' title='bbox 863 1917 960 1952; x_wconf 86' lang='lat' dir='ltr'><strong>non</strong></span> <span class='ocrx_word' id='word_1_177' title='bbox 1000 1900 1113 1967; x_wconf 78' lang='lat' dir='ltr'><strong>fecit</strong></span> <span class='ocrx_word' id='word_1_178' title='bbox 1142 1895 1534 1949; x_wconf 78' lang='lat' dir='ltr'><strong>misericordiam</strong></span> <span class='ocrx_word' id='word_1_179' title='bbox 1561 1893 1764 1960; x_wconf 84' lang='lat' dir='ltr'><strong>(Jacob.</strong></span> <span class='ocrx_word' id='word_1_180' title='bbox 1795 1891 1848 1944; x_wconf 69' lang='grc'><strong>2.</strong></span> <span class='ocrx_word' id='word_1_181' title='bbox 1883 1889 1991 1961; x_wconf 82' lang='grc'><strong>15).</strong></span> 
     </span>
    </p>
   </div>
   <div class='ocr_carea' id='block_1_25' title="bbox 437 1970 1996 2041">
    <p class='ocr_par' dir='ltr' id='par_1_25' title="bbox 437 1970 1996 2041">
     <span class='ocr_line' id='line_1_26' title="bbox 437 1970 1996 2041; baseline -0.011 -13"><span class='ocrx_word' id='word_1_182' title='bbox 437 1979 574 2028; x_wconf 89' lang='lat' dir='ltr'><strong>Intra</strong></span> <span class='ocrx_word' id='word_1_183' title='bbox 607 1976 656 2027; x_wconf 93' lang='lat' dir='ltr'><strong>in</strong></span> <span class='ocrx_word' id='word_1_184' title='bbox 701 1972 1011 2041; x_wconf 85' lang='lat' dir='ltr'><strong>penuariutu</strong></span> <span class='ocrx_word' id='word_1_185' title='bbox 1052 1970 1241 2041; x_wconf 72' lang='lat' dir='ltr'><strong>anima:</strong></span> <span class='ocrx_word' id='word_1_186' title='bbox 1273 1975 1404 2030; x_wconf 74' lang='lat' dir='ltr'><strong>tuze;</strong></span> <span class='ocrx_word' id='word_1_187' title='bbox 1436 1972 1702 2041; x_wconf 80' lang='lat' dir='ltr'><strong>spectator</strong></span> <span class='ocrx_word' id='word_1_188' title='bbox 1727 1973 1847 2041; x_wconf 67' lang='lat' dir='ltr'><strong>esto</strong></span> <span class='ocrx_word' id='word_1_189' title='bbox 1869 1976 1996 2041; x_wconf 77' lang='lat' dir='ltr'><strong>ope-</strong></span> 
     </span>
    </p>
   </div>
   <div class='ocr_carea' id='block_1_26' title="bbox 436 2031 1997 2104">
    <p class='ocr_par' dir='ltr' id='par_1_26' title="bbox 436 2031 1997 2104">
     <span class='ocr_line' id='line_1_27' title="bbox 436 2031 1997 2104; baseline -0.01 -6"><span class='ocrx_word' id='word_1_190' title='bbox 436 2062 550 2098; x_wconf 85' lang='lat' dir='ltr'><strong>rum</strong></span> <span class='ocrx_word' id='word_1_191' title='bbox 598 2031 840 2104; x_wconf 75' lang='lat' dir='ltr'><strong>tuorum;</strong></span> <span class='ocrx_word' id='word_1_192' title='bbox 887 2040 1069 2093; x_wconf 90' lang='lat' dir='ltr'><strong>coul&#39;er</strong></span> <span class='ocrx_word' id='word_1_193' title='bbox 1104 2037 1240 2090; x_wconf 86' lang='lat' dir='ltr'><strong>mala</strong></span> <span class='ocrx_word' id='word_1_194' title='bbox 1271 2050 1389 2087; x_wconf 83' lang='lat' dir='ltr'><strong>cum</strong></span> <span class='ocrx_word' id='word_1_195' title='bbox 1437 2031 1621 2104; x_wconf 87' lang='lat' dir='ltr'><strong>bonis,</strong></span> <span class='ocrx_word' id='word_1_196' title='bbox 1650 2033 1774 2086; x_wconf 91' lang='lat' dir='ltr'><strong>etsi</strong></span> <span class='ocrx_word' id='word_1_197' title='bbox 1800 2031 1997 2104; x_wconf 88' lang='lat' dir='ltr'><strong>videris</strong></span> 
     </span>
    </p>
   </div>
   <div class='ocr_carea' id='block_1_27' title="bbox 439 2103 1996 2182">
    <p class='ocr_par' dir='ltr' id='par_1_27' title="bbox 439 2103 1996 2182">
     <span class='ocr_line' id='line_1_28' title="bbox 439 2103 1996 2182; baseline -0.008 -14"><span class='ocrx_word' id='word_1_198' title='bbox 439 2117 572 2168; x_wconf 89' lang='lat' dir='ltr'><strong>mala</strong></span> <span class='ocrx_word' id='word_1_199' title='bbox 601 2113 904 2182; x_wconf 68' lang='lat' dir='ltr'><strong>prtevalere,</strong></span> <span class='ocrx_word' id='word_1_200' title='bbox 939 2105 1368 2182; x_wconf 77' lang='lat' dir='ltr'><strong>bonisoperibus</strong></span> <span class='ocrx_word' id='word_1_201' title='bbox 1391 2103 1682 2182; x_wconf 76' lang='lat' dir='ltr'><strong>illa_obrt_t_e,</strong></span> <span class='ocrx_word' id='word_1_202' title='bbox 1707 2111 1886 2182; x_wconf 73' lang='lat' dir='ltr'><strong>utpote</strong></span> <span class='ocrx_word' id='word_1_203' title='bbox 1909 2103 1996 2182; x_wconf 78' lang='lat' dir='ltr'><strong>qui</strong></span> 
     </span>
    </p>
   </div>
   <div class='ocr_carea' id='block_1_28' title="bbox 440 2171 1998 2252">
    <p class='ocr_par' dir='ltr' id='par_1_28' title="bbox 440 2171 1998 2252">
     <span class='ocr_line' id='line_1_29' title="bbox 440 2171 1998 2252; baseline -0.01 -12"><span class='ocrx_word' id='word_1_204' title='bbox 440 2171 652 2252; x_wconf 74' lang='lat' dir='ltr'><strong>peccaia</strong></span> <span class='ocrx_word' id='word_1_205' title='bbox 691 2171 917 2252; x_wconf 79' lang='lat' dir='ltr'><strong>visurus</strong></span> <span class='ocrx_word' id='word_1_206' title='bbox 944 2180 1018 2232; x_wconf 85' lang='lat' dir='ltr'><strong>sis</strong></span> <span class='ocrx_word' id='word_1_207' title='bbox 1065 2171 1169 2230; x_wconf 73' lang='lat' dir='ltr'><strong>tibi</strong></span> <span class='ocrx_word' id='word_1_208' title='bbox 1198 2172 1828 2252; x_wconf 48' lang='lat' dir='ltr'><strong>adversantiadtesliiee</strong></span> <span class='ocrx_word' id='word_1_209' title='bbox 1871 2171 1998 2225; x_wconf 86' lang='lat' dir='ltr'><strong>mihi</strong></span> 
     </span>
    </p>
   </div>
   <div class='ocr_carea' id='block_1_29' title="bbox 443 2242 1996 2312">
    <p class='ocr_par' dir='ltr' id='par_1_29' title="bbox 443 2242 1996 2312">
     <span class='ocr_line' id='line_1_30' title="bbox 443 2242 1996 2312; baseline -0.007 -8"><span class='ocrx_word' id='word_1_210' title='bbox 443 2242 674 2310; x_wconf 69' lang='lat' dir='ltr'><strong>&#39;vermem</strong></span> <span class='ocrx_word' id='word_1_211' title='bbox 720 2253 867 2305; x_wconf 88' lang='lat' dir='ltr'><strong>illum</strong></span> <span class='ocrx_word' id='word_1_212' title='bbox 909 2251 1234 2312; x_wconf 86' lang='lat' dir='ltr'><strong>insomnem,</strong></span> <span class='ocrx_word' id='word_1_213' title='bbox 1265 2245 1427 2298; x_wconf 87' lang='lat' dir='ltr'><strong>chaos</strong></span> <span class='ocrx_word' id='word_1_214' title='bbox 1457 2242 1583 2296; x_wconf 92' lang='lat' dir='ltr'><strong>illud</strong></span> <span class='ocrx_word' id='word_1_215' title='bbox 1627 2243 1996 2307; x_wconf 89' lang='lat' dir='ltr'><strong>tenebrosum,</strong></span> 
     </span>
    </p>
   </div>
   <div class='ocr_carea' id='block_1_30' title="bbox 439 2372 486 2381">
    <p class='ocr_par' dir='ltr' id='par_1_30' title="bbox 439 2372 486 2381">
     <span class='ocr_line' id='line_1_31' title="bbox 439 2372 486 2381; baseline -0.085 0"><span class='ocrx_word' id='word_1_216' title='bbox 439 2372 486 2381; x_wconf 40' lang='grc' dir='ltr'><strong>...ν</strong></span> 
     </span>
    </p>
   </div>
   <div class='ocr_carea' id='block_1_31' title="bbox 1914 241 2176 299">
    <p class='ocr_par' dir='ltr' id='par_1_31' title="bbox 1914 241 2176 299">
     <span class='ocr_line' id='line_1_32' title="bbox 1914 241 2176 299; baseline -0.023 0"><span class='ocrx_word' id='word_1_217' title='bbox 1914 241 2176 299; x_wconf 75' lang='lat' dir='ltr'><strong>SPURIA.</strong></span> 
     </span>
    </p>
   </div>
   <div class='ocr_carea' id='block_1_32' title="bbox 3537 237 3638 294">
    <p class='ocr_par' dir='ltr' id='par_1_32' title="bbox 3537 237 3638 294">
     <span class='ocr_line' id='line_1_33' title="bbox 3537 237 3638 294; baseline 0.02 -2"><span class='ocrx_word' id='word_1_218' title='bbox 3537 237 3638 294; x_wconf 76' lang='lat'><strong>768</strong></span> 
     </span>
    </p>
   </div>
   <div class='ocr_carea' id='block_1_33' title="bbox 2087 345 3642 420">
    <p class='ocr_par' dir='ltr' id='par_1_33' title="bbox 2087 345 3642 420">
     <span class='ocr_line' id='line_1_34' title="bbox 2087 345 3642 420; baseline -0.001 -15"><span class='ocrx_word' id='word_1_219' title='bbox 2087 353 2260 420; x_wconf 84' lang='lat' dir='ltr'><strong>ignem</strong></span> <span class='ocrx_word' id='word_1_220' title='bbox 2307 345 2780 420; x_wconf 75' lang='lat' dir='ltr'><strong>inexstinguibilem</strong></span> <span class='ocrx_word' id='word_1_221' title='bbox 2804 385 2819 408; x_wconf 94' lang='lat'><strong>,</strong></span> <span class='ocrx_word' id='word_1_222' title='bbox 2853 345 3182 420; x_wconf 85' lang='lat' dir='ltr'><strong>tremendum</strong></span> <span class='ocrx_word' id='word_1_223' title='bbox 3204 388 3218 410; x_wconf 89' lang='lat'><strong>,</strong></span> <span class='ocrx_word' id='word_1_224' title='bbox 3249 347 3335 420; x_wconf 81' lang='lat' dir='ltr'><strong>qui</strong></span> <span class='ocrx_word' id='word_1_225' title='bbox 3372 361 3506 417; x_wconf 89' lang='lat' dir='ltr'><strong>aqua</strong></span> <span class='ocrx_word' id='word_1_226' title='bbox 3536 364 3642 420; x_wconf 82' lang='lat' dir='ltr'><strong>non</strong></span> 
     </span>
    </p>
   </div>
   <div class='ocr_carea' id='block_1_34' title="bbox 2081 417 3640 488">
    <p class='ocr_par' dir='ltr' id='par_1_34' title="bbox 2081 417 3640 488">
     <span class='ocr_line' id='line_1_35' title="bbox 2081 417 3640 488; baseline -0.004 -12"><span class='ocrx_word' id='word_1_227' title='bbox 2081 417 2450 488; x_wconf 54' lang='lat' dir='ltr'><strong>eistinguitur.</strong></span> <span class='ocrx_word' id='word_1_228' title='bbox 2474 429 2526 472; x_wconf 90' lang='lat' dir='ltr'><strong>et</strong></span> <span class='ocrx_word' id='word_1_229' title='bbox 2548 434 2575 468; x_wconf 87' lang='lat' dir='ltr'><strong>a</strong></span> <span class='ocrx_word' id='word_1_230' title='bbox 2598 417 2904 488; x_wconf 75' lang='lat' dir='ltr'><strong>ptenitentia</strong></span> <span class='ocrx_word' id='word_1_231' title='bbox 2927 426 3224 484; x_wconf 78' lang='lat' dir='ltr'><strong>superatur.</strong></span> <span class='ocrx_word' id='word_1_232' title='bbox 3243 417 3287 471; x_wconf 89' lang='lat'>0</span> <span class='ocrx_word' id='word_1_233' title='bbox 3307 418 3640 485; x_wconf 70' lang='lat' dir='ltr'><strong>pmuitentia,</strong></span> 
     </span>
    </p>
   </div>
   <div class='ocr_carea' id='block_1_35' title="bbox 2083 487 3642 559">
    <p class='ocr_par' dir='ltr' id='par_1_35' title="bbox 2083 487 3642 559">
     <span class='ocr_line' id='line_1_36' title="bbox 2083 487 3642 559; baseline -0.001 -15"><span class='ocrx_word' id='word_1_234' title='bbox 2083 507 2200 559; x_wconf 82' lang='lat' dir='ltr'><strong>quze</strong></span> <span class='ocrx_word' id='word_1_235' title='bbox 2232 487 2403 558; x_wconf 86' lang='lat' dir='ltr'><strong>ignem</strong></span> <span class='ocrx_word' id='word_1_236' title='bbox 2437 487 2912 559; x_wconf 77' lang='lat' dir='ltr'><strong>inexstinguibilem</strong></span> <span class='ocrx_word' id='word_1_237' title='bbox 2942 495 3278 559; x_wconf 66' lang='lat' dir='ltr'><strong>etaeternum</strong></span> <span class='ocrx_word' id='word_1_238' title='bbox 3310 489 3642 556; x_wconf 77' lang='lat' dir='ltr'><strong>exstinguit:</strong></span> 
     </span>
    </p>
   </div>
   <div class='ocr_carea' id='block_1_36' title="bbox 2083 555 3643 628">
    <p class='ocr_par' dir='ltr' id='par_1_36' title="bbox 2083 555 3643 628">
     <span class='ocr_line' id='line_1_37' title="bbox 2083 555 3643 628; baseline -0.001 -14"><span class='ocrx_word' id='word_1_239' title='bbox 2083 555 2200 628; x_wconf 74' lang='lat' dir='ltr'><strong>qnze</strong></span> <span class='ocrx_word' id='word_1_240' title='bbox 2229 555 2460 613; x_wconf 52' lang='lat' dir='ltr'><strong>v&#39;ertnem</strong></span> <span class='ocrx_word' id='word_1_241' title='bbox 2504 558 2792 611; x_wconf 89' lang='lat' dir='ltr'><strong>insomnem</strong></span> <span class='ocrx_word' id='word_1_242' title='bbox 2824 555 3077 628; x_wconf 87' lang='lat' dir='ltr'><strong>destruit,</strong></span> <span class='ocrx_word' id='word_1_243' title='bbox 3108 558 3270 610; x_wconf 83' lang='lat' dir='ltr'><strong>chaos</strong></span> <span class='ocrx_word' id='word_1_244' title='bbox 3303 555 3643 612; x_wconf 83' lang='lat' dir='ltr'><strong>tenebrosum</strong></span> 
     </span>
    </p>
   </div>
   <div class='ocr_carea' id='block_1_37' title="bbox 2084 627 3646 694">
    <p class='ocr_par' dir='ltr' id='par_1_37' title="bbox 2084 627 3646 694">
     <span class='ocr_line' id='line_1_38' title="bbox 2084 627 3646 694; baseline -0.001 -11"><span class='ocrx_word' id='word_1_245' title='bbox 2084 627 2262 683; x_wconf 78' lang='lat' dir='ltr'><strong>Obruit</strong></span> <span class='ocrx_word' id='word_1_246' title='bbox 2290 640 2342 683; x_wconf 93' lang='lat' dir='ltr'><strong>et</strong></span> <span class='ocrx_word' id='word_1_247' title='bbox 2369 627 2665 682; x_wconf 82' lang='lat' dir='ltr'><strong>illuminat!</strong></span> <span class='ocrx_word' id='word_1_248' title='bbox 2699 642 2730 678; x_wconf 93' lang='lat' dir='ltr'><strong>o</strong></span> <span class='ocrx_word' id='word_1_249' title='bbox 2771 627 3074 694; x_wconf 74' lang='lat' dir='ltr'><strong>ptenitentia</strong></span> <span class='ocrx_word' id='word_1_250' title='bbox 3117 643 3296 680; x_wconf 84' lang='lat' dir='ltr'><strong>llllll‘llS</strong></span> <span class='ocrx_word' id='word_1_251' title='bbox 3324 630 3516 681; x_wconf 67' lang='lat' dir='ltr'><strong>animae</strong></span> <span class='ocrx_word' id='word_1_252' title='bbox 3555 629 3646 682; x_wconf 81' lang='lat' dir='ltr'><strong>fir-</strong></span> 
     </span>
    </p>
   </div>
   <div class='ocr_carea' id='block_1_38' title="bbox 2087 697 3645 766">
    <p class='ocr_par' dir='ltr' id='par_1_38' title="bbox 2087 697 3645 766">
     <span class='ocr_line' id='line_1_39' title="bbox 2087 697 3645 766; baseline -0.001 -13"><span class='ocrx_word' id='word_1_253' title='bbox 2087 702 2374 761; x_wconf 88' lang='lat' dir='ltr'><strong>missimus,</strong></span> <span class='ocrx_word' id='word_1_254' title='bbox 2403 698 2531 751; x_wconf 85' lang='lat' dir='ltr'><strong>urbs</strong></span> <span class='ocrx_word' id='word_1_255' title='bbox 2561 699 2766 760; x_wconf 88' lang='lat' dir='ltr'><strong>turrita,</strong></span> <span class='ocrx_word' id='word_1_256' title='bbox 2797 698 2846 749; x_wconf 92' lang='lat' dir='ltr'><strong>in</strong></span> <span class='ocrx_word' id='word_1_257' title='bbox 2871 712 2973 763; x_wconf 86' lang='lat' dir='ltr'><strong>qua</strong></span> <span class='ocrx_word' id='word_1_258' title='bbox 2999 697 3153 750; x_wconf 79' lang='lat' dir='ltr'><strong>Pater</strong></span> <span class='ocrx_word' id='word_1_259' title='bbox 3179 706 3231 750; x_wconf 88' lang='lat' dir='ltr'><strong>et</strong></span> <span class='ocrx_word' id='word_1_260' title='bbox 3255 697 3421 751; x_wconf 85' lang='lat' dir='ltr'><strong>Filius</strong></span> <span class='ocrx_word' id='word_1_261' title='bbox 3446 708 3502 752; x_wconf 90' lang='lat' dir='ltr'><strong>et</strong></span> <span class='ocrx_word' id='word_1_262' title='bbox 3524 698 3645 766; x_wconf 85' lang='lat' dir='ltr'><strong>Spi-</strong></span> 
     </span>
    </p>
   </div>
   <div class='ocr_carea' id='block_1_39' title="bbox 2088 767 3646 836">
    <p class='ocr_par' dir='ltr' id='par_1_39' title="bbox 2088 767 3646 836">
     <span class='ocr_line' id='line_1_40' title="bbox 2088 767 3646 836; baseline -0.001 -12"><span class='ocrx_word' id='word_1_263' title='bbox 2088 773 2221 824; x_wconf 70' lang='lat' dir='ltr'><strong>ritus</strong></span> <span class='ocrx_word' id='word_1_264' title='bbox 2259 777 2471 823; x_wconf 88' lang='lat' dir='ltr'><strong>sanctus</strong></span> <span class='ocrx_word' id='word_1_265' title='bbox 2511 777 2697 834; x_wconf 81' lang='lat' dir='ltr'><strong>regnat</strong></span> <span class='ocrx_word' id='word_1_266' title='bbox 2727 767 2738 819; x_wconf 89' lang='lat'><strong>!</strong></span> <span class='ocrx_word' id='word_1_267' title='bbox 2789 781 2819 818; x_wconf 83' lang='grc' dir='ltr'>ο</span> <span class='ocrx_word' id='word_1_268' title='bbox 2855 767 3194 834; x_wconf 60' lang='lat' dir='ltr'><strong>paenitentia,</strong></span> <span class='ocrx_word' id='word_1_269' title='bbox 3229 784 3345 836; x_wconf 77' lang='lat' dir='ltr'><strong>qua:</strong></span> <span class='ocrx_word' id='word_1_270' title='bbox 3375 772 3646 822; x_wconf 74' lang='lat' dir='ltr'><strong>stimulum</strong></span> 
     </span>
    </p>
   </div>
   <div class='ocr_carea' id='block_1_40' title="bbox 2091 837 3648 907">
    <p class='ocr_par' dir='ltr' id='par_1_40' title="bbox 2091 837 3648 907">
     <span class='ocr_line' id='line_1_41' title="bbox 2091 837 3648 907; baseline -0.001 -13"><span class='ocrx_word' id='word_1_271' title='bbox 2091 841 2275 894; x_wconf 86' lang='lat' dir='ltr'><strong>mortis</strong></span> <span class='ocrx_word' id='word_1_272' title='bbox 2301 839 2472 900; x_wconf 78' lang='lat' dir='ltr'><strong>solvil,</strong></span> <span class='ocrx_word' id='word_1_273' title='bbox 2501 837 2762 890; x_wconf 89' lang='lat' dir='ltr'><strong>diabolum</strong></span> <span class='ocrx_word' id='word_1_274' title='bbox 2793 838 2890 888; x_wconf 91' lang='lat' dir='ltr'><strong>sub</strong></span> <span class='ocrx_word' id='word_1_275' title='bbox 2919 837 3075 907; x_wconf 76' lang='lat' dir='ltr'><strong>pedes</strong></span> <span class='ocrx_word' id='word_1_276' title='bbox 3099 837 3332 905; x_wconf 81' lang='lat' dir='ltr'><strong>cenjieit,</strong></span> <span class='ocrx_word' id='word_1_277' title='bbox 3360 839 3648 893; x_wconf 82' lang='lat' dir='ltr'><strong>draconem</strong></span> 
     </span>
    </p>
   </div>
   <div class='ocr_carea' id='block_1_41' title="bbox 2094 907 3652 973">
    <p class='ocr_par' dir='ltr' id='par_1_41' title="bbox 2094 907 3652 973">
     <span class='ocr_line' id='line_1_42' title="bbox 2094 907 3652 973; baseline -0.001 -9"><span class='ocrx_word' id='word_1_278' title='bbox 2094 909 2358 973; x_wconf 82' lang='lat' dir='ltr'><strong>interﬁcit,</strong></span> <span class='ocrx_word' id='word_1_279' title='bbox 2385 909 2648 962; x_wconf 88' lang='lat' dir='ltr'><strong>Christum</strong></span> <span class='ocrx_word' id='word_1_280' title='bbox 2672 907 2922 968; x_wconf 81' lang='lat' dir='ltr'><strong>eelebrat,</strong></span> <span class='ocrx_word' id='word_1_281' title='bbox 2949 908 3194 959; x_wconf 87' lang='lat' dir='ltr'><strong>virtutem</strong></span> <span class='ocrx_word' id='word_1_282' title='bbox 3223 907 3497 962; x_wconf 83' lang='lat' dir='ltr'><strong>florentem</strong></span> <span class='ocrx_word' id='word_1_283' title='bbox 3530 911 3652 962; x_wconf 86' lang='lat' dir='ltr'><strong>red-</strong></span> 
     </span>
    </p>
   </div>
   <div class='ocr_carea' id='block_1_42' title="bbox 2087 976 3648 1048">
    <p class='ocr_par' dir='ltr' id='par_1_42' title="bbox 2087 976 3648 1048">
     <span class='ocr_line' id='line_1_43' title="bbox 2087 976 3648 1048; baseline 0.001 -15"><span class='ocrx_word' id='word_1_284' title='bbox 2087 981 2197 1034; x_wconf 86' lang='lat' dir='ltr'><strong>dit!</strong></span> <span class='ocrx_word' id='word_1_285' title='bbox 2230 995 2262 1033; x_wconf 92' lang='lat'><strong>0</strong></span> <span class='ocrx_word' id='word_1_286' title='bbox 2289 979 2593 1048; x_wconf 66' lang='lat' dir='ltr'><strong>pazuitentia</strong></span> <span class='ocrx_word' id='word_1_287' title='bbox 2618 993 2735 1045; x_wconf 75' lang='lat' dir='ltr'><strong>qlia:</strong></span> <span class='ocrx_word' id='word_1_288' title='bbox 2764 978 2813 1028; x_wconf 92' lang='lat' dir='ltr'><strong>in</strong></span> <span class='ocrx_word' id='word_1_289' title='bbox 2846 977 2984 1048; x_wconf 82' lang='lat' dir='ltr'><strong>luctu</strong></span> <span class='ocrx_word' id='word_1_290' title='bbox 3013 976 3257 1044; x_wconf 79' lang='lat' dir='ltr'><strong>gaudium</strong></span> <span class='ocrx_word' id='word_1_291' title='bbox 3301 979 3456 1044; x_wconf 88' lang='lat' dir='ltr'><strong>parit,</strong></span> <span class='ocrx_word' id='word_1_292' title='bbox 3488 981 3538 1031; x_wconf 89' lang='lat' dir='ltr'><strong>in</strong></span> <span class='ocrx_word' id='word_1_293' title='bbox 3568 981 3648 1033; x_wconf 86' lang='lat' dir='ltr'><strong>la-</strong></span> 
     </span>
    </p>
   </div>
   <div class='ocr_carea' id='block_1_43' title="bbox 2090 1045 3652 1120">
    <p class='ocr_par' dir='ltr' id='par_1_43' title="bbox 2090 1045 3652 1120">
     <span class='ocr_line' id='line_1_44' title="bbox 2090 1045 3652 1120; baseline -0.001 -17"><span class='ocrx_word' id='word_1_294' title='bbox 2090 1045 2300 1120; x_wconf 82' lang='lat' dir='ltr'><strong>crymis</strong></span> <span class='ocrx_word' id='word_1_295' title='bbox 2331 1049 2688 1120; x_wconf 76' lang='lat' dir='ltr'><strong>exsultat,_ac</strong></span> <span class='ocrx_word' id='word_1_296' title='bbox 2731 1062 2826 1120; x_wconf 89' lang='lat' dir='ltr'><strong>per</strong></span> <span class='ocrx_word' id='word_1_297' title='bbox 2879 1045 3157 1120; x_wconf 74' lang='lat' dir='ltr'><strong>lacrymas,</strong></span> <span class='ocrx_word' id='word_1_298' title='bbox 3208 1057 3432 1120; x_wconf 66' lang='lat' dir='ltr'><strong>aeternas</strong></span> <span class='ocrx_word' id='word_1_299' title='bbox 3477 1052 3652 1103; x_wconf 85' lang='lat' dir='ltr'><strong>aufert</strong></span> 
     </span>
    </p>
   </div>
   <div class='ocr_carea' id='block_1_44' title="bbox 2090 1116 3652 1190">
    <p class='ocr_par' dir='ltr' id='par_1_44' title="bbox 2090 1116 3652 1190">
     <span class='ocr_line' id='line_1_45' title="bbox 2090 1116 3652 1190; baseline -0.001 -17"><span class='ocrx_word' id='word_1_300' title='bbox 2090 1116 2381 1190; x_wconf 76' lang='lat' dir='ltr'><strong>laerymas!</strong></span> <span class='ocrx_word' id='word_1_301' title='bbox 2407 1134 2438 1190; x_wconf 83' lang='lat' dir='ltr'><strong>o</strong></span> <span class='ocrx_word' id='word_1_302' title='bbox 2470 1116 2796 1190; x_wconf 64' lang='lat' dir='ltr'><strong>paenitentia,</strong></span> <span class='ocrx_word' id='word_1_303' title='bbox 2825 1132 2940 1186; x_wconf 81' lang='lat' dir='ltr'><strong>qme</strong></span> <span class='ocrx_word' id='word_1_304' title='bbox 2972 1118 3196 1190; x_wconf 85' lang='lat' dir='ltr'><strong>seminat</strong></span> <span class='ocrx_word' id='word_1_305' title='bbox 3221 1119 3269 1170; x_wconf 91' lang='lat' dir='ltr'><strong>in</strong></span> <span class='ocrx_word' id='word_1_306' title='bbox 3298 1119 3568 1188; x_wconf 85' lang='lat' dir='ltr'><strong>lacrymis,</strong></span> <span class='ocrx_word' id='word_1_307' title='bbox 3597 1131 3652 1172; x_wconf 88' lang='lat' dir='ltr'><strong>et</strong></span> 
     </span>
    </p>
   </div>
   <div class='ocr_carea' id='block_1_45' title="bbox 2093 1188 3652 1255">
    <p class='ocr_par' dir='ltr' id='par_1_45' title="bbox 2093 1188 3652 1255">
     <span class='ocr_line' id='line_1_46' title="bbox 2093 1188 3652 1255; baseline 0 -12"><span class='ocrx_word' id='word_1_308' title='bbox 2093 1192 2142 1244; x_wconf 91' lang='lat' dir='ltr'><strong>in</strong></span> <span class='ocrx_word' id='word_1_309' title='bbox 2188 1188 2538 1243; x_wconf 83' lang='lat' dir='ltr'><strong>exsultatione</strong></span> <span class='ocrx_word' id='word_1_310' title='bbox 2587 1188 2782 1240; x_wconf 89' lang='lat' dir='ltr'><strong>metet!</strong></span> <span class='ocrx_word' id='word_1_311' title='bbox 2816 1203 2847 1239; x_wconf 90' lang='grc' dir='ltr'>ο</span> <span class='ocrx_word' id='word_1_312' title='bbox 2878 1188 3184 1254; x_wconf 76' lang='lat' dir='ltr'><strong>ptenitentia</strong></span> <span class='ocrx_word' id='word_1_313' title='bbox 3207 1229 3222 1250; x_wconf 93' lang='lat'><strong>,</strong></span> <span class='ocrx_word' id='word_1_314' title='bbox 3264 1204 3382 1255; x_wconf 63' lang='lat' dir='ltr'><strong>qua:</strong></span> <span class='ocrx_word' id='word_1_315' title='bbox 3415 1194 3466 1242; x_wconf 91' lang='lat' dir='ltr'><strong>in</strong></span> <span class='ocrx_word' id='word_1_316' title='bbox 3498 1205 3652 1243; x_wconf 89' lang='lat' dir='ltr'><strong>sacco</strong></span> 
     </span>
    </p>
   </div>
   <div class='ocr_carea' id='block_1_46' title="bbox 2092 1257 3647 1328">
    <p class='ocr_par' dir='ltr' id='par_1_46' title="bbox 2092 1257 3647 1328">
     <span class='ocr_line' id='line_1_47' title="bbox 2092 1257 3647 1328; baseline -0.005 -14"><span class='ocrx_word' id='word_1_317' title='bbox 2092 1261 2378 1328; x_wconf 83' lang='lat' dir='ltr'><strong>fulgentem</strong></span> <span class='ocrx_word' id='word_1_318' title='bbox 2415 1258 2608 1311; x_wconf 76' lang='lat' dir='ltr'><strong>Christi</strong></span> <span class='ocrx_word' id='word_1_319' title='bbox 2657 1257 3168 1328; x_wconf 84' lang='lat' dir='ltr'><strong>vestemnuptialem</strong></span> <span class='ocrx_word' id='word_1_320' title='bbox 3199 1262 3450 1325; x_wconf 86' lang='lat' dir='ltr'><strong>apparat!</strong></span> <span class='ocrx_word' id='word_1_321' title='bbox 3479 1278 3509 1308; x_wconf 81' lang='grc' dir='ltr'>υ</span> <span class='ocrx_word' id='word_1_322' title='bbox 3539 1276 3647 1328; x_wconf 71' lang='grc' dir='ltr'><strong>ρω-</strong></span> 
     </span>
    </p>
   </div>
   <div class='ocr_carea' id='block_1_47' title="bbox 2096 1326 3654 1398">
    <p class='ocr_par' dir='ltr' id='par_1_47' title="bbox 2096 1326 3654 1398">
     <span class='ocr_line' id='line_1_48' title="bbox 2096 1326 3654 1398; baseline 0.001 -14"><span class='ocrx_word' id='word_1_323' title='bbox 2096 1326 2311 1384; x_wconf 80' lang='lat' dir='ltr'><strong>nitentia</strong></span> <span class='ocrx_word' id='word_1_324' title='bbox 2331 1371 2346 1393; x_wconf 94' lang='lat'><strong>,</strong></span> <span class='ocrx_word' id='word_1_325' title='bbox 2381 1345 2495 1396; x_wconf 75' lang='lat' dir='ltr'><strong>qua:</strong></span> <span class='ocrx_word' id='word_1_326' title='bbox 2524 1343 2699 1381; x_wconf 88' lang='lat' dir='ltr'><strong>mores</strong></span> <span class='ocrx_word' id='word_1_327' title='bbox 2724 1326 2872 1381; x_wconf 82' lang='lat' dir='ltr'><strong>Caiui</strong></span> <span class='ocrx_word' id='word_1_328' title='bbox 2910 1343 2970 1398; x_wconf 64' lang='lat' dir='ltr'><strong>ex</strong></span> <span class='ocrx_word' id='word_1_329' title='bbox 3010 1327 3170 1380; x_wconf 91' lang='lat' dir='ltr'><strong>corde</strong></span> <span class='ocrx_word' id='word_1_330' title='bbox 3195 1328 3465 1392; x_wconf 89' lang='lat' dir='ltr'><strong>eliminat,</strong></span> <span class='ocrx_word' id='word_1_331' title='bbox 3496 1326 3654 1398; x_wconf 78' lang='lat' dir='ltr'><strong>atque</strong></span> 
     </span>
    </p>
   </div>
   <div class='ocr_carea' id='block_1_48' title="bbox 2094 1397 3651 1468">
    <p class='ocr_par' dir='ltr' id='par_1_48' title="bbox 2094 1397 3651 1468">
     <span class='ocr_line' id='line_1_49' title="bbox 2094 1397 3651 1468; baseline 0.001 -16"><span class='ocrx_word' id='word_1_332' title='bbox 2094 1415 2327 1453; x_wconf 90' lang='lat' dir='ltr'><strong>amorem</strong></span> <span class='ocrx_word' id='word_1_333' title='bbox 2354 1398 2707 1468; x_wconf 73' lang='lat' dir='ltr'><strong>gaudiumque</strong></span> <span class='ocrx_word' id='word_1_334' title='bbox 2733 1397 2988 1468; x_wconf 85' lang='lat' dir='ltr'><strong>castitatis</strong></span> <span class='ocrx_word' id='word_1_335' title='bbox 3012 1398 3241 1451; x_wconf 84' lang='lat' dir='ltr'><strong>inducit!</strong></span> <span class='ocrx_word' id='word_1_336' title='bbox 3266 1413 3298 1450; x_wconf 90' lang='grc' dir='ltr'><strong>ο</strong></span> <span class='ocrx_word' id='word_1_337' title='bbox 3322 1397 3651 1466; x_wconf 71' lang='lat' dir='ltr'><strong>pmtntentia,</strong></span> 
     </span>
    </p>
   </div>
   <div class='ocr_carea' id='block_1_49' title="bbox 2095 1467 3653 1537">
    <p class='ocr_par' dir='ltr' id='par_1_49' title="bbox 2095 1467 3653 1537">
     <span class='ocr_line' id='line_1_50' title="bbox 2095 1467 3653 1537; baseline 0.001 -15"><span class='ocrx_word' id='word_1_338' title='bbox 2095 1488 2212 1537; x_wconf 83' lang='lat' dir='ltr'><strong>qua:</strong></span> <span class='ocrx_word' id='word_1_339' title='bbox 2259 1467 2498 1522; x_wconf 71' lang='lat' dir='ltr'><strong>iactarem</strong></span> <span class='ocrx_word' id='word_1_340' title='bbox 2551 1478 2880 1536; x_wconf 89' lang='lat' dir='ltr'><strong>peccatorum</strong></span> <span class='ocrx_word' id='word_1_341' title='bbox 2929 1467 3216 1537; x_wconf 82' lang='lat' dir='ltr'><strong>abstergit,</strong></span> <span class='ocrx_word' id='word_1_342' title='bbox 3264 1477 3421 1537; x_wconf 89' lang='lat' dir='ltr'><strong>atque</strong></span> <span class='ocrx_word' id='word_1_343' title='bbox 3462 1472 3653 1523; x_wconf 88' lang='lat' dir='ltr'><strong>bonum</strong></span> 
     </span>
    </p>
   </div>
   <div class='ocr_carea' id='block_1_50' title="bbox 2096 1537 3655 1610">
    <p class='ocr_par' dir='ltr' id='par_1_50' title="bbox 2096 1537 3655 1610">
     <span class='ocr_line' id='line_1_51' title="bbox 2096 1537 3655 1610; baseline 0.001 -17"><span class='ocrx_word' id='word_1_344' title='bbox 2096 1541 2313 1594; x_wconf 83' lang='lat' dir='ltr'><strong>odorem</strong></span> <span class='ocrx_word' id='word_1_345' title='bbox 2357 1554 2573 1606; x_wconf 89' lang='lat' dir='ltr'><strong>operum</strong></span> <span class='ocrx_word' id='word_1_346' title='bbox 2616 1540 2821 1610; x_wconf 87' lang='lat' dir='ltr'><strong>piorum</strong></span> <span class='ocrx_word' id='word_1_347' title='bbox 2852 1537 3086 1610; x_wconf 76' lang='lat' dir='ltr'><strong>inducit!</strong></span> <span class='ocrx_word' id='word_1_348' title='bbox 3119 1555 3150 1610; x_wconf 65' lang='grc' dir='ltr'>ι)</span> <span class='ocrx_word' id='word_1_349' title='bbox 3179 1541 3486 1610; x_wconf 71' lang='lat' dir='ltr'><strong>pmidtentia</strong></span> <span class='ocrx_word' id='word_1_350' title='bbox 3517 1542 3655 1610; x_wconf 90' lang='lat' dir='ltr'><strong>pacis</strong></span> 
     </span>
    </p>
   </div>
   <div class='ocr_carea' id='block_1_51' title="bbox 2067 1608 3656 1679">
    <p class='ocr_par' dir='ltr' id='par_1_51' title="bbox 2067 1608 3656 1679">
     <span class='ocr_line' id='line_1_52' title="bbox 2067 1608 3656 1679; baseline 0.001 -17"><span class='ocrx_word' id='word_1_351' title='bbox 2067 1622 2150 1668; x_wconf 76' lang='lat' dir='ltr'><strong>,et</strong></span> <span class='ocrx_word' id='word_1_352' title='bbox 2179 1610 2422 1663; x_wconf 73' lang='lat' dir='ltr'><strong>amicitia:</strong></span> <span class='ocrx_word' id='word_1_353' title='bbox 2461 1609 2860 1663; x_wconf 84' lang='lat' dir='ltr'><strong>contubernalis</strong></span> <span class='ocrx_word' id='word_1_354' title='bbox 2880 1608 3173 1679; x_wconf 25' lang='lat' dir='ltr'><strong>,Hcaritatis</strong></span> <span class='ocrx_word' id='word_1_355' title='bbox 3207 1611 3347 1662; x_wconf 85' lang='lat' dir='ltr'><strong>socia</strong></span> <span class='ocrx_word' id='word_1_356' title='bbox 3373 1652 3387 1671; x_wconf 88' lang='lat'><strong>,</strong></span> <span class='ocrx_word' id='word_1_357' title='bbox 3420 1608 3656 1679; x_wconf 31' lang='lat' dir='ltr'><strong>flos‘spei</strong></span> 
     </span>
    </p>
   </div>
   <div class='ocr_carea' id='block_1_52' title="bbox 2100 1677 3654 1749">
    <p class='ocr_par' dir='ltr' id='par_1_52' title="bbox 2100 1677 3654 1749">
     <span class='ocr_line' id='line_1_53' title="bbox 2100 1677 3654 1749; baseline -0.001 -15"><span class='ocrx_word' id='word_1_358' title='bbox 2100 1679 2434 1748; x_wconf 85' lang='lat' dir='ltr'><strong>fragrantiam</strong></span> <span class='ocrx_word' id='word_1_359' title='bbox 2463 1679 2744 1732; x_wconf 89' lang='lat' dir='ltr'><strong>emittens!</strong></span> <span class='ocrx_word' id='word_1_360' title='bbox 2775 1689 2824 1731; x_wconf 89' lang='lat' dir='ltr'><strong>te</strong></span> <span class='ocrx_word' id='word_1_361' title='bbox 2857 1677 2928 1730; x_wconf 94' lang='lat' dir='ltr'><strong>illi</strong></span> <span class='ocrx_word' id='word_1_362' title='bbox 2957 1679 3187 1747; x_wconf 79' lang='lat' dir='ltr'><strong>argentei</strong></span> <span class='ocrx_word' id='word_1_363' title='bbox 3215 1681 3333 1749; x_wconf 88' lang='lat' dir='ltr'><strong>agni</strong></span> <span class='ocrx_word' id='word_1_364' title='bbox 3362 1677 3654 1748; x_wconf 78' lang='lat' dir='ltr'><strong>pascentes,</strong></span> 
     </span>
    </p>
   </div>
   <div class='ocr_carea' id='block_1_53' title="bbox 2101 1749 3658 1819">
    <p class='ocr_par' dir='ltr' id='par_1_53' title="bbox 2101 1749 3658 1819">
     <span class='ocr_line' id='line_1_54' title="bbox 2101 1749 3658 1819; baseline 0.001 -17"><span class='ocrx_word' id='word_1_365' title='bbox 2101 1766 2358 1819; x_wconf 81' lang='lat' dir='ltr'><strong>purpurea</strong></span> <span class='ocrx_word' id='word_1_366' title='bbox 2391 1759 2594 1817; x_wconf 69' lang='lat' dir='ltr'><strong>sceptra</strong></span> <span class='ocrx_word' id='word_1_367' title='bbox 2627 1749 2898 1801; x_wconf 89' lang='lat' dir='ltr'><strong>Trinitatis</strong></span> <span class='ocrx_word' id='word_1_368' title='bbox 2925 1758 3188 1802; x_wconf 85' lang='lat' dir='ltr'><strong>eructant.</strong></span> <span class='ocrx_word' id='word_1_369' title='bbox 3221 1750 3324 1803; x_wconf 72' lang='lat' dir='ltr'><strong>Sed</strong></span> <span class='ocrx_word' id='word_1_370' title='bbox 3360 1767 3424 1805; x_wconf 90' lang='lat' dir='ltr'><strong>ne</strong></span> <span class='ocrx_word' id='word_1_371' title='bbox 3453 1766 3658 1806; x_wconf 87' lang='lat' dir='ltr'><strong>sermo-</strong></span> 
     </span>
    </p>
   </div>
   <div class='ocr_carea' id='block_1_54' title="bbox 2101 1819 3662 1888">
    <p class='ocr_par' dir='ltr' id='par_1_54' title="bbox 2101 1819 3662 1888">
     <span class='ocr_line' id='line_1_55' title="bbox 2101 1819 3662 1888; baseline 0.002 -16"><span class='ocrx_word' id='word_1_372' title='bbox 2101 1837 2220 1873; x_wconf 87' lang='lat' dir='ltr'><strong>nem</strong></span> <span class='ocrx_word' id='word_1_373' title='bbox 2266 1823 2667 1888; x_wconf 87' lang='lat' dir='ltr'><strong>protrahentes,</strong></span> <span class='ocrx_word' id='word_1_374' title='bbox 2710 1819 2981 1872; x_wconf 79' lang='lat' dir='ltr'><strong>videamur</strong></span> <span class='ocrx_word' id='word_1_375' title='bbox 3023 1834 3188 1887; x_wconf 80' lang='lat' dir='ltr'><strong>nugas</strong></span> <span class='ocrx_word' id='word_1_376' title='bbox 3227 1821 3533 1886; x_wconf 83' lang='lat' dir='ltr'><strong>venditare,</strong></span> <span class='ocrx_word' id='word_1_377' title='bbox 3575 1823 3662 1876; x_wconf 87' lang='lat' dir='ltr'><strong>hic</strong></span> 
     </span>
    </p>
   </div>
   <div class='ocr_carea' id='block_1_55' title="bbox 2101 1890 3660 1959">
    <p class='ocr_par' dir='ltr' id='par_1_55' title="bbox 2101 1890 3660 1959">
     <span class='ocr_line' id='line_1_56' title="bbox 2101 1890 3660 1959; baseline 0.001 -15"><span class='ocrx_word' id='word_1_378' title='bbox 2101 1906 2404 1944; x_wconf 87' lang='lat' dir='ltr'><strong>sermonum</strong></span> <span class='ocrx_word' id='word_1_379' title='bbox 2457 1899 2755 1943; x_wconf 83' lang='lat' dir='ltr'><strong>nostrorum</strong></span> <span class='ocrx_word' id='word_1_380' title='bbox 2811 1904 3117 1942; x_wconf 89' lang='lat' dir='ltr'><strong>crumenam</strong></span> <span class='ocrx_word' id='word_1_381' title='bbox 3168 1890 3540 1959; x_wconf 83' lang='lat' dir='ltr'><strong>obsignantes,</strong></span> <span class='ocrx_word' id='word_1_382' title='bbox 3591 1893 3660 1945; x_wconf 88' lang='lat' dir='ltr'><strong>ad</strong></span> 
     </span>
    </p>
   </div>
   <div class='ocr_carea' id='block_1_56' title="bbox 2101 1959 3656 2029">
    <p class='ocr_par' dir='ltr' id='par_1_56' title="bbox 2101 1959 3656 2029">
     <span class='ocr_line' id='line_1_57' title="bbox 2101 1959 3656 2029; baseline 0.002 -16"><span class='ocrx_word' id='word_1_383' title='bbox 2101 1971 2307 2029; x_wconf 90' lang='lat' dir='ltr'><strong>pratum</strong></span> <span class='ocrx_word' id='word_1_384' title='bbox 2327 1976 2354 2012; x_wconf 91' lang='lat' dir='ltr'><strong>a</strong></span> <span class='ocrx_word' id='word_1_385' title='bbox 2376 1961 2481 2013; x_wconf 86' lang='lat' dir='ltr'><strong>Deo</strong></span> <span class='ocrx_word' id='word_1_386' title='bbox 2499 1969 2729 2012; x_wconf 85' lang='lat' dir='ltr'><strong>creatmu</strong></span> <span class='ocrx_word' id='word_1_387' title='bbox 2750 1975 2842 2009; x_wconf 87' lang='lat' dir='ltr'><strong>vos</strong></span> <span class='ocrx_word' id='word_1_388' title='bbox 2860 1959 3166 2022; x_wconf 86' lang='lat' dir='ltr'><strong>mittamus;</strong></span> <span class='ocrx_word' id='word_1_389' title='bbox 3192 1963 3268 2013; x_wconf 91' lang='lat' dir='ltr'><strong>ubi</strong></span> <span class='ocrx_word' id='word_1_390' title='bbox 3291 1969 3412 2013; x_wconf 91' lang='lat' dir='ltr'><strong>sunt</strong></span> <span class='ocrx_word' id='word_1_391' title='bbox 3429 1962 3656 2015; x_wconf 86' lang='lat' dir='ltr'><strong>arbores</strong></span> 
     </span>
    </p>
   </div>
   <div class='ocr_carea' id='block_1_57' title="bbox 2102 2031 3656 2100">
    <p class='ocr_par' dir='ltr' id='par_1_57' title="bbox 2102 2031 3656 2100">
     <span class='ocr_line' id='line_1_58' title="bbox 2102 2031 3656 2100; baseline 0.003 -18"><span class='ocrx_word' id='word_1_392' title='bbox 2102 2045 2262 2083; x_wconf 80' lang='lat' dir='ltr'><strong>suave</strong></span> <span class='ocrx_word' id='word_1_393' title='bbox 2303 2031 2585 2098; x_wconf 77' lang='lat' dir='ltr'><strong>spirantes,</strong></span> <span class='ocrx_word' id='word_1_394' title='bbox 2632 2031 2931 2098; x_wconf 82' lang='lat' dir='ltr'><strong>doginatum</strong></span> <span class='ocrx_word' id='word_1_395' title='bbox 2978 2033 3186 2095; x_wconf 68' lang='lat' dir='ltr'><strong>plalttw,</strong></span> <span class='ocrx_word' id='word_1_396' title='bbox 3226 2045 3347 2098; x_wconf 80' lang='lat' dir='ltr'><strong>quas</strong></span> <span class='ocrx_word' id='word_1_397' title='bbox 3386 2033 3522 2086; x_wconf 89' lang='lat' dir='ltr'><strong>Deus</strong></span> <span class='ocrx_word' id='word_1_398' title='bbox 3561 2048 3656 2100; x_wconf 90' lang='lat' dir='ltr'><strong>per</strong></span> 
     </span>
    </p>
   </div>
   <div class='ocr_carea' id='block_1_58' title="bbox 2106 2101 3646 2170">
    <p class='ocr_par' dir='ltr' id='par_1_58' title="bbox 2106 2101 3646 2170">
     <span class='ocr_line' id='line_1_59' title="bbox 2106 2101 3646 2170; baseline 0.001 -17"><span class='ocrx_word' id='word_1_399' title='bbox 2106 2101 2289 2170; x_wconf 63' lang='lat' dir='ltr'><strong>lfatres</strong></span> <span class='ocrx_word' id='word_1_400' title='bbox 2316 2101 2366 2153; x_wconf 92' lang='lat' dir='ltr'><strong>in</strong></span> <span class='ocrx_word' id='word_1_401' title='bbox 2399 2101 2646 2153; x_wconf 73' lang='lat' dir='ltr'><strong>Ecclesia:</strong></span> <span class='ocrx_word' id='word_1_402' title='bbox 2671 2113 2860 2153; x_wconf 85' lang='lat' dir='ltr'><strong>tectqu</strong></span> <span class='ocrx_word' id='word_1_403' title='bbox 2888 2101 3034 2153; x_wconf 90' lang='lat' dir='ltr'><strong>vobis</strong></span> <span class='ocrx_word' id='word_1_404' title='bbox 3062 2101 3325 2168; x_wconf 84' lang='lat' dir='ltr'><strong>plantavit,</strong></span> <span class='ocrx_word' id='word_1_405' title='bbox 3351 2116 3439 2170; x_wconf 89' lang='lat' dir='ltr'><strong>per</strong></span> <span class='ocrx_word' id='word_1_406' title='bbox 3465 2102 3646 2155; x_wconf 85' lang='lat' dir='ltr'><strong>Jesum</strong></span> 
     </span>
    </p>
   </div>
   <div class='ocr_carea' id='block_1_59' title="bbox 2107 2168 3645 2240">
    <p class='ocr_par' dir='ltr' id='par_1_59' title="bbox 2107 2168 3645 2240">
     <span class='ocr_line' id='line_1_60' title="bbox 2107 2168 3645 2240; baseline 0 -16"><span class='ocrx_word' id='word_1_407' title='bbox 2107 2168 2376 2225; x_wconf 86' lang='lat' dir='ltr'><strong>Christum</strong></span> <span class='ocrx_word' id='word_1_408' title='bbox 2409 2171 2687 2223; x_wconf 86' lang='lat' dir='ltr'><strong>Dominum</strong></span> <span class='ocrx_word' id='word_1_409' title='bbox 2717 2180 2976 2235; x_wconf 87' lang='lat' dir='ltr'><strong>nostrum,</strong></span> <span class='ocrx_word' id='word_1_410' title='bbox 3005 2172 3087 2223; x_wconf 90' lang='lat' dir='ltr'><strong>cui</strong></span> <span class='ocrx_word' id='word_1_411' title='bbox 3115 2171 3276 2238; x_wconf 84' lang='lat' dir='ltr'><strong>gloria</strong></span> <span class='ocrx_word' id='word_1_412' title='bbox 3303 2168 3645 2240; x_wconf 74' lang='lat' dir='ltr'><strong>etimperium</strong></span> 
     </span>
    </p>
   </div>
   <div class='ocr_carea' id='block_1_60' title="bbox 2112 2241 3548 2312">
    <p class='ocr_par' dir='ltr' id='par_1_60' title="bbox 2112 2241 3548 2312">
     <span class='ocr_line' id='line_1_61' title="bbox 2112 2241 3548 2312; baseline -0.001 -17"><span class='ocrx_word' id='word_1_413' title='bbox 2112 2256 2232 2295; x_wconf 89' lang='lat' dir='ltr'><strong>cum</strong></span> <span class='ocrx_word' id='word_1_414' title='bbox 2263 2241 2462 2312; x_wconf 88' lang='lat' dir='ltr'><strong>Spiritu</strong></span> <span class='ocrx_word' id='word_1_415' title='bbox 2491 2251 2672 2294; x_wconf 90' lang='lat' dir='ltr'><strong>saneto</strong></span> <span class='ocrx_word' id='word_1_416' title='bbox 2703 2242 2754 2294; x_wconf 90' lang='lat' dir='ltr'><strong>in</strong></span> <span class='ocrx_word' id='word_1_417' title='bbox 2784 2242 2973 2294; x_wconf 67' lang='lat' dir='ltr'><strong>smcula</strong></span> <span class='ocrx_word' id='word_1_418' title='bbox 3002 2244 3338 2295; x_wconf 66' lang='lat' dir='ltr'><strong>saaculorum.</strong></span> <span class='ocrx_word' id='word_1_419' title='bbox 3369 2245 3548 2296; x_wconf 74' lang='lat' dir='ltr'><strong>Amen.</strong></span> 
     </span>
    </p>
   </div>
   <div class='ocr_carea' id='block_1_61' title="bbox 1920 2444 2200 2489">
    <p class='ocr_par' dir='ltr' id='par_1_61' title="bbox 1920 2444 2200 2489">
     <span class='ocr_line' id='line_1_62' title="bbox 1920 2444 2200 2489; baseline 0.004 -3"><span class='ocrx_word' id='word_1_420' title='bbox 1920 2445 2001 2486; x_wconf 85' lang='lat' dir='ltr'><strong>DE</strong></span> <span class='ocrx_word' id='word_1_421' title='bbox 2040 2444 2200 2489; x_wconf 76' lang='lat' dir='ltr'><strong>FIDE.</strong></span> 
     </span>
    </p>
   </div>
   <div class='ocr_carea' id='block_1_62' title="bbox 517 2709 2009 2777">
    <p class='ocr_par' dir='ltr' id='par_1_62' title="bbox 517 2709 2009 2777">
     <span class='ocr_line' id='line_1_63' title="bbox 517 2709 2009 2777; baseline -0.009 -4"><span class='ocrx_word' id='word_1_422' title='bbox 517 2720 717 2774; x_wconf 82' lang='lat' dir='ltr'><strong>Medico</strong></span> <span class='ocrx_word' id='word_1_423' title='bbox 739 2717 924 2770; x_wconf 78' lang='lat' dir='ltr'><strong>similis</strong></span> <span class='ocrx_word' id='word_1_424' title='bbox 941 2723 1024 2768; x_wconf 86' lang='lat' dir='ltr'><strong>est</strong></span> <span class='ocrx_word' id='word_1_425' title='bbox 1041 2711 1293 2767; x_wconf 74' lang='lat' dir='ltr'><strong>Ecclesia:</strong></span> <span class='ocrx_word' id='word_1_426' title='bbox 1309 2710 1516 2775; x_wconf 90' lang='lat' dir='ltr'><strong>doctor,</strong></span> <span class='ocrx_word' id='word_1_427' title='bbox 1535 2710 1621 2777; x_wconf 92' lang='lat' dir='ltr'><strong>qui</strong></span> <span class='ocrx_word' id='word_1_428' title='bbox 1639 2723 1758 2763; x_wconf 90' lang='lat' dir='ltr'><strong>eum</strong></span> <span class='ocrx_word' id='word_1_429' title='bbox 1776 2709 2009 2764; x_wconf 87' lang='lat' dir='ltr'><strong>Ecclesia</strong></span> 
     </span>
    </p>
   </div>
   <div class='ocr_carea' id='block_1_63' title="bbox 449 2780 2011 2848">
    <p class='ocr_par' dir='ltr' id='par_1_63' title="bbox 449 2780 2011 2848">
     <span class='ocr_line' id='line_1_64' title="bbox 449 2780 2011 2848; baseline -0.008 -3"><span class='ocrx_word' id='word_1_430' title='bbox 449 2795 517 2845; x_wconf 71' lang='lat' dir='ltr'><strong>sit</strong></span> <span class='ocrx_word' id='word_1_431' title='bbox 549 2789 728 2843; x_wconf 87' lang='lat' dir='ltr'><strong>multis</strong></span> <span class='ocrx_word' id='word_1_432' title='bbox 754 2797 806 2840; x_wconf 88' lang='lat' dir='ltr'><strong>ct</strong></span> <span class='ocrx_word' id='word_1_433' title='bbox 836 2788 995 2838; x_wconf 87' lang='lat' dir='ltr'><strong>variis</strong></span> <span class='ocrx_word' id='word_1_434' title='bbox 1021 2783 1219 2837; x_wconf 83' lang='lat' dir='ltr'><strong>morbis</strong></span> <span class='ocrx_word' id='word_1_435' title='bbox 1245 2783 1477 2842; x_wconf 84' lang='lat' dir='ltr'><strong>detenta,</strong></span> <span class='ocrx_word' id='word_1_436' title='bbox 1505 2780 1728 2848; x_wconf 85' lang='lat' dir='ltr'><strong>singulis</strong></span> <span class='ocrx_word' id='word_1_437' title='bbox 1752 2781 1906 2847; x_wconf 69' lang='lat' dir='ltr'><strong>aegris</strong></span> <span class='ocrx_word' id='word_1_438' title='bbox 1929 2795 2011 2832; x_wconf 90' lang='lat' dir='ltr'><strong>se-</strong></span> 
     </span>
    </p>
   </div>
   <div class='ocr_carea' id='block_1_64' title="bbox 449 2850 2010 2919">
    <p class='ocr_par' dir='ltr' id='par_1_64' title="bbox 449 2850 2010 2919">
     <span class='ocr_line' id='line_1_65' title="bbox 449 2850 2010 2919; baseline -0.005 -8"><span class='ocrx_word' id='word_1_439' title='bbox 449 2861 677 2915; x_wconf 64' lang='lat' dir='ltr'><strong>cundum</strong></span> <span class='ocrx_word' id='word_1_440' title='bbox 708 2857 874 2910; x_wconf 85' lang='lat' dir='ltr'><strong>morbi</strong></span> <span class='ocrx_word' id='word_1_441' title='bbox 904 2865 1143 2908; x_wconf 88' lang='lat' dir='ltr'><strong>naturam</strong></span> <span class='ocrx_word' id='word_1_442' title='bbox 1173 2851 1462 2906; x_wconf 87' lang='lat' dir='ltr'><strong>remedium</strong></span> <span class='ocrx_word' id='word_1_443' title='bbox 1493 2851 1739 2919; x_wconf 87' lang='lat' dir='ltr'><strong>applicat.</strong></span> <span class='ocrx_word' id='word_1_444' title='bbox 1772 2850 2010 2916; x_wconf 77' lang='lat' dir='ltr'><strong>Exempli</strong></span> 
     </span>
    </p>
   </div>
   <div class='ocr_carea' id='block_1_65' title="bbox 448 2920 2014 2992">
    <p class='ocr_par' dir='ltr' id='par_1_65' title="bbox 448 2920 2014 2992">
     <span class='ocr_line' id='line_1_66' title="bbox 448 2920 2014 2992; baseline -0.008 -9"><span class='ocrx_word' id='word_1_445' title='bbox 448 2947 604 2984; x_wconf 81' lang='lat' dir='ltr'><strong>causa</strong></span> <span class='ocrx_word' id='word_1_446' title='bbox 628 2948 639 2981; x_wconf 92' lang='lat'>:</span> <span class='ocrx_word' id='word_1_447' title='bbox 660 2935 921 2982; x_wconf 89' lang='lat' dir='ltr'><strong>venerunt</strong></span> <span class='ocrx_word' id='word_1_448' title='bbox 948 2925 1158 2992; x_wconf 88' lang='lat' dir='ltr'><strong>quidam</strong></span> <span class='ocrx_word' id='word_1_449' title='bbox 1187 2923 1238 2975; x_wconf 92' lang='lat' dir='ltr'><strong>in</strong></span> <span class='ocrx_word' id='word_1_450' title='bbox 1264 2921 1474 2975; x_wconf 89' lang='lat' dir='ltr'><strong>oflicina</strong></span> <span class='ocrx_word' id='word_1_451' title='bbox 1503 2920 1797 2975; x_wconf 86' lang='lat' dir='ltr'><strong>medieinali</strong></span> <span class='ocrx_word' id='word_1_452' title='bbox 1830 2920 2014 2992; x_wconf 89' lang='lat' dir='ltr'><strong>Eccle-</strong></span> 
     </span>
    </p>
   </div>
   <div class='ocr_carea' id='block_1_66' title="bbox 450 2991 2011 3063">
    <p class='ocr_par' dir='ltr' id='par_1_66' title="bbox 450 2991 2011 3063">
     <span class='ocr_line' id='line_1_67' title="bbox 450 2991 2011 3063; baseline -0.008 -9"><span class='ocrx_word' id='word_1_453' title='bbox 450 3005 542 3055; x_wconf 75' lang='lat' dir='ltr'><strong>sia:</strong></span> <span class='ocrx_word' id='word_1_454' title='bbox 562 3042 575 3063; x_wconf 95' lang='lat'><strong>,</strong></span> <span class='ocrx_word' id='word_1_455' title='bbox 609 2998 830 3052; x_wconf 89' lang='lat' dir='ltr'><strong>tumenti</strong></span> <span class='ocrx_word' id='word_1_456' title='bbox 871 2991 1131 3063; x_wconf 69' lang='lat' dir='ltr'><strong>superbia:</strong></span> <span class='ocrx_word' id='word_1_457' title='bbox 1162 2994 1348 3046; x_wconf 90' lang='lat' dir='ltr'><strong>morbo</strong></span> <span class='ocrx_word' id='word_1_458' title='bbox 1378 2993 1514 3060; x_wconf 90' lang='lat' dir='ltr'><strong>capti</strong></span> <span class='ocrx_word' id='word_1_459' title='bbox 1545 3009 1559 3046; x_wconf 89' lang='lat'><strong>:</strong></span> <span class='ocrx_word' id='word_1_460' title='bbox 1586 3000 1804 3063; x_wconf 87' lang='lat' dir='ltr'><strong>accepto</strong></span> <span class='ocrx_word' id='word_1_461' title='bbox 1836 2991 2011 3043; x_wconf 82' lang='lat' dir='ltr'><strong>humi-</strong></span> 
     </span>
    </p>
   </div>
   <div class='ocr_carea' id='block_1_67' title="bbox 455 3062 2008 3136">
    <p class='ocr_par' dir='ltr' id='par_1_67' title="bbox 455 3062 2008 3136">
     <span class='ocr_line' id='line_1_68' title="bbox 455 3062 2008 3136; baseline -0.007 -11"><span class='ocrx_word' id='word_1_462' title='bbox 455 3062 612 3125; x_wconf 85' lang='lat' dir='ltr'><strong>litatis</strong></span> <span class='ocrx_word' id='word_1_463' title='bbox 627 3062 1183 3136; x_wconf 76' lang='lat' dir='ltr'><strong>emplastro,inflatum</strong></span> <span class='ocrx_word' id='word_1_464' title='bbox 1203 3063 1461 3136; x_wconf 75' lang='lat' dir='ltr'><strong>superbia:</strong></span> <span class='ocrx_word' id='word_1_465' title='bbox 1481 3062 1718 3136; x_wconf 83' lang='lat' dir='ltr'><strong>morbum</strong></span> <span class='ocrx_word' id='word_1_466' title='bbox 1737 3070 2008 3136; x_wconf 65' lang='lat' dir='ltr'><strong>curarunt.</strong></span> 
     </span>
    </p>
   </div>
   <div class='ocr_carea' id='block_1_68' title="bbox 455 3132 2014 3194">
    <p class='ocr_par' dir='ltr' id='par_1_68' title="bbox 455 3132 2014 3194">
     <span class='ocr_line' id='line_1_69' title="bbox 455 3132 2014 3194; baseline -0.005 -2"><span class='ocrx_word' id='word_1_467' title='bbox 455 3142 554 3194; x_wconf 73' lang='lat' dir='ltr'><strong>Alii</strong></span> <span class='ocrx_word' id='word_1_468' title='bbox 584 3132 925 3194; x_wconf 80' lang='lat' dir='ltr'><strong>aecttrrerunt</strong></span> <span class='ocrx_word' id='word_1_469' title='bbox 953 3137 1027 3188; x_wconf 88' lang='lat' dir='ltr'><strong>ira</strong></span> <span class='ocrx_word' id='word_1_470' title='bbox 1059 3134 1354 3187; x_wconf 85' lang='lat' dir='ltr'><strong>ferventes:</strong></span> <span class='ocrx_word' id='word_1_471' title='bbox 1376 3132 1425 3184; x_wconf 92' lang='lat' dir='ltr'><strong>hi</strong></span> <span class='ocrx_word' id='word_1_472' title='bbox 1456 3147 1580 3184; x_wconf 87' lang='lat' dir='ltr'><strong>vero</strong></span> <span class='ocrx_word' id='word_1_473' title='bbox 1607 3132 1794 3184; x_wconf 73' lang='lat' dir='ltr'><strong>animae</strong></span> <span class='ocrx_word' id='word_1_474' title='bbox 1821 3132 2014 3184; x_wconf 84' lang='lat' dir='ltr'><strong>freno&quot;</strong></span> 
     </span>
    </p>
   </div>
   <div class='ocr_carea' id='block_1_69' title="bbox 451 3200 2015 3264">
    <p class='ocr_par' dir='ltr' id='par_1_69' title="bbox 451 3200 2015 3264">
     <span class='ocr_line' id='line_1_70' title="bbox 451 3200 2015 3264; baseline -0.006 0"><span class='ocrx_word' id='word_1_475' title='bbox 451 3211 620 3264; x_wconf 79' lang='lat' dir='ltr'><strong>sedati</strong></span> <span class='ocrx_word' id='word_1_476' title='bbox 666 3210 904 3261; x_wconf 89' lang='lat' dir='ltr'><strong>morbum</strong></span> <span class='ocrx_word' id='word_1_477' title='bbox 950 3205 1333 3259; x_wconf 78' lang='lat' dir='ltr'><strong>exstinxerunt.</strong></span> <span class='ocrx_word' id='word_1_478' title='bbox 1382 3202 1484 3255; x_wconf 89' lang='lat' dir='ltr'><strong>Alii</strong></span> <span class='ocrx_word' id='word_1_479' title='bbox 1522 3202 1695 3254; x_wconf 88' lang='lat' dir='ltr'><strong>carnis</strong></span> <span class='ocrx_word' id='word_1_480' title='bbox 1741 3200 2015 3254; x_wconf 77' lang='lat' dir='ltr'><strong>affectibus</strong></span> 
     </span>
    </p>
   </div>
   <div class='ocr_carea' id='block_1_70' title="bbox 453 3272 2017 3345">
    <p class='ocr_par' dir='ltr' id='par_1_70' title="bbox 453 3272 2017 3345">
     <span class='ocr_line' id='line_1_71' title="bbox 453 3272 2017 3345; baseline -0.007 -12"><span class='ocrx_word' id='word_1_481' title='bbox 453 3282 518 3334; x_wconf 90' lang='lat' dir='ltr'><strong>ad</strong></span> <span class='ocrx_word' id='word_1_482' title='bbox 551 3281 816 3332; x_wconf 82' lang='lat' dir='ltr'><strong>lasciviam</strong></span> <span class='ocrx_word' id='word_1_483' title='bbox 851 3276 1036 3345; x_wconf 89' lang='lat' dir='ltr'><strong>perciti</strong></span> <span class='ocrx_word' id='word_1_484' title='bbox 1065 3281 1407 3327; x_wconf 86' lang='lat' dir='ltr'><strong>accurrerunt</strong></span> <span class='ocrx_word' id='word_1_485' title='bbox 1429 3289 1444 3332; x_wconf 85' lang='lat'><strong>;</strong></span> <span class='ocrx_word' id='word_1_486' title='bbox 1468 3282 1520 3326; x_wconf 90' lang='lat' dir='ltr'><strong>et</strong></span> <span class='ocrx_word' id='word_1_487' title='bbox 1550 3272 1599 3324; x_wconf 91' lang='lat' dir='ltr'><strong>bi</strong></span> <span class='ocrx_word' id='word_1_488' title='bbox 1632 3286 1871 3345; x_wconf 87' lang='lat' dir='ltr'><strong>quoque,</strong></span> <span class='ocrx_word' id='word_1_489' title='bbox 1905 3287 2017 3324; x_wconf 84' lang='lat' dir='ltr'><strong>ein-</strong></span> 
     </span>
    </p>
   </div>
   <div class='ocr_carea' id='block_1_71' title="bbox 478 3343 2015 3412">
    <p class='ocr_par' dir='ltr' id='par_1_71' title="bbox 478 3343 2015 3412">
     <span class='ocr_line' id='line_1_72' title="bbox 478 3343 2015 3412; baseline -0.007 -9"><span class='ocrx_word' id='word_1_490' title='bbox 478 3353 656 3404; x_wconf 70' lang='lat' dir='ltr'><strong>ilastro</strong></span> <span class='ocrx_word' id='word_1_491' title='bbox 695 3343 950 3402; x_wconf 81' lang='lat' dir='ltr'><strong>castitatis</strong></span> <span class='ocrx_word' id='word_1_492' title='bbox 992 3353 1242 3412; x_wconf 88' lang='lat' dir='ltr'><strong>accepto,</strong></span> <span class='ocrx_word' id='word_1_493' title='bbox 1287 3345 1529 3396; x_wconf 84' lang='lat' dir='ltr'><strong>castitate</strong></span> <span class='ocrx_word' id='word_1_494' title='bbox 1569 3356 1625 3395; x_wconf 84' lang='lat' dir='ltr'><strong>se</strong></span> <span class='ocrx_word' id='word_1_495' title='bbox 1654 3343 2015 3412; x_wconf 85' lang='lat' dir='ltr'><strong>acciuxerunt.</strong></span> 
     </span>
    </p>
   </div>
   <div class='ocr_carea' id='block_1_72' title="bbox 457 3370 2016 3488">
    <p class='ocr_par' dir='ltr' id='par_1_72' title="bbox 457 3370 2016 3488">
     <span class='ocr_line' id='line_1_73' title="bbox 478 3370 2015 3412; baseline -0.007 -9"><span class='ocrx_word' id='word_1_496' title='bbox 478 3370 656 3404; x_wconf 78' lang='lat' dir='ltr'><strong>nasu‘o</strong></span> <span class='ocrx_word' id='word_1_497' title='bbox 695 3370 950 3402; x_wconf 78' lang='lat' dir='ltr'><strong>casutnus</strong></span> <span class='ocrx_word' id='word_1_498' title='bbox 992 3370 1242 3412; x_wconf 75' lang='lat' dir='ltr'><strong>itct&#39;cpw,</strong></span> <span class='ocrx_word' id='word_1_499' title='bbox 1287 3370 1529 3396; x_wconf 70' lang='lat' dir='ltr'><strong>cusutauc</strong></span> <span class='ocrx_word' id='word_1_500' title='bbox 1569 3370 1625 3395; x_wconf 74' lang='lat' dir='ltr'><strong>ac</strong></span> <span class='ocrx_word' id='word_1_501' title='bbox 1654 3370 2015 3396; x_wconf 72' lang='grc' dir='ltr'>ειυυιιιλσιιιιιι.</span> 
     </span>
     <span class='ocr_line' id='line_1_74' title="bbox 457 3370 2016 3488; baseline -0.005 -16"><span class='ocrx_word' id='word_1_502' title='bbox 457 3370 643 3475; x_wconf 44' lang='lat' dir='ltr'><strong>klenite</strong></span> <span class='ocrx_word' id='word_1_503' title='bbox 669 3435 823 3488; x_wconf 88' lang='lat' dir='ltr'><strong>ergo,</strong></span> <span class='ocrx_word' id='word_1_504' title='bbox 851 3417 1056 3478; x_wconf 82' lang='lat' dir='ltr'><strong>dilecti,</strong></span> <span class='ocrx_word' id='word_1_505' title='bbox 1088 3414 1206 3488; x_wconf 70' lang='lat' dir='ltr'><strong>quia</strong></span> <span class='ocrx_word' id='word_1_506' title='bbox 1239 3414 1282 3488; x_wconf 76' lang='lat' dir='ltr'><strong>is</strong></span> <span class='ocrx_word' id='word_1_507' title='bbox 1306 3414 1396 3488; x_wconf 85' lang='lat' dir='ltr'><strong>qui</strong></span> <span class='ocrx_word' id='word_1_508' title='bbox 1427 3413 1693 3488; x_wconf 71' lang='lat' dir='ltr'><strong>prmeessit</strong></span> <span class='ocrx_word' id='word_1_509' title='bbox 1720 3411 1905 3465; x_wconf 88' lang='lat' dir='ltr'><strong>doctor</strong></span> <span class='ocrx_word' id='word_1_510' title='bbox 1935 3413 2016 3464; x_wconf 88' lang='lat' dir='ltr'><strong>in-</strong></span> 
     </span>
    </p>
   </div>
   <div class='ocr_carea' id='block_1_73' title="bbox 455 3483 2018 3553">
    <p class='ocr_par' dir='ltr' id='par_1_73' title="bbox 455 3483 2018 3553">
     <span class='ocr_line' id='line_1_75' title="bbox 455 3483 2018 3553; baseline -0.006 -8"><span class='ocrx_word' id='word_1_511' title='bbox 455 3483 754 3546; x_wconf 53' lang='lat' dir='ltr'><strong>lirmorum&#39;</strong></span> <span class='ocrx_word' id='word_1_512' title='bbox 771 3490 974 3540; x_wconf 87' lang='lat' dir='ltr'><strong>animas</strong></span> <span class='ocrx_word' id='word_1_513' title='bbox 1018 3485 1207 3553; x_wconf 89' lang='lat' dir='ltr'><strong>triplici</strong></span> <span class='ocrx_word' id='word_1_514' title='bbox 1253 3484 1355 3537; x_wconf 84' lang='lat' dir='ltr'><strong>[ide</strong></span> <span class='ocrx_word' id='word_1_515' title='bbox 1393 3483 1638 3536; x_wconf 86' lang='lat' dir='ltr'><strong>curavit:</strong></span> <span class='ocrx_word' id='word_1_516' title='bbox 1672 3498 1768 3534; x_wconf 90' lang='lat' dir='ltr'><strong>nos</strong></span> <span class='ocrx_word' id='word_1_517' title='bbox 1807 3497 2018 3553; x_wconf 91' lang='lat' dir='ltr'><strong>quoque</strong></span> 
     </span>
    </p>
   </div>
   <div class='ocr_carea' id='block_1_74' title="bbox 451 3552 2020 3628">
    <p class='ocr_par' dir='ltr' id='par_1_74' title="bbox 451 3552 2020 3628">
     <span class='ocr_line' id='line_1_76' title="bbox 451 3552 2020 3628; baseline -0.006 -15"><span class='ocrx_word' id='word_1_518' title='bbox 451 3565 567 3628; x_wconf 78' lang='lat' dir='ltr'><strong>ejus</strong></span> <span class='ocrx_word' id='word_1_519' title='bbox 592 3560 806 3628; x_wconf 84' lang='lat' dir='ltr'><strong>vestigia</strong></span> <span class='ocrx_word' id='word_1_520' title='bbox 829 3552 1130 3628; x_wconf 72' lang='lat' dir='ltr'><strong>sequamur.</strong></span> <span class='ocrx_word' id='word_1_521' title='bbox 1153 3554 1286 3606; x_wconf 84' lang='lat' dir='ltr'><strong>Puto</strong></span> <span class='ocrx_word' id='word_1_522' title='bbox 1311 3564 1483 3606; x_wconf 88' lang='lat' dir='ltr'><strong>autem</strong></span> <span class='ocrx_word' id='word_1_523' title='bbox 1509 3552 1700 3628; x_wconf 68' lang='lat' dir='ltr'><strong>ll]_t_t_l_lOS</strong></span> <span class='ocrx_word' id='word_1_524' title='bbox 1720 3566 1784 3605; x_wconf 82' lang='lat' dir='ltr'><strong>ex</strong></span> <span class='ocrx_word' id='word_1_525' title='bbox 1807 3552 2020 3628; x_wconf 39' lang='lat' dir='ltr'><strong>adstant</strong></span> 
     </span>
    </p>
   </div>
   <div class='ocr_carea' id='block_1_75' title="bbox 457 3623 2019 3692">
    <p class='ocr_par' dir='ltr' id='par_1_75' title="bbox 457 3623 2019 3692">
     <span class='ocr_line' id='line_1_77' title="bbox 457 3623 2019 3692; baseline -0.005 -9"><span class='ocrx_word' id='word_1_526' title='bbox 457 3623 594 3683; x_wconf 71' lang='lat' dir='ltr'><strong>tibus</strong></span> <span class='ocrx_word' id='word_1_527' title='bbox 623 3623 754 3682; x_wconf 76' lang='lat' dir='ltr'><strong>velle</strong></span> <span class='ocrx_word' id='word_1_528' title='bbox 782 3627 848 3680; x_wconf 89' lang='lat' dir='ltr'><strong>de</strong></span> <span class='ocrx_word' id='word_1_529' title='bbox 878 3626 979 3678; x_wconf 81' lang='lat' dir='ltr'><strong>title</strong></span> <span class='ocrx_word' id='word_1_530' title='bbox 1007 3624 1188 3677; x_wconf 81' lang='lat' dir='ltr'><strong>audire</strong></span> <span class='ocrx_word' id='word_1_531' title='bbox 1210 3664 1224 3688; x_wconf 92' lang='lat'><strong>,</strong></span> <span class='ocrx_word' id='word_1_532' title='bbox 1253 3639 1355 3675; x_wconf 91' lang='lat' dir='ltr'><strong>non</strong></span> <span class='ocrx_word' id='word_1_533' title='bbox 1384 3623 1522 3692; x_wconf 90' lang='lat' dir='ltr'><strong>quod</strong></span> <span class='ocrx_word' id='word_1_534' title='bbox 1555 3623 1629 3675; x_wconf 88' lang='lat' dir='ltr'><strong>illi</strong></span> <span class='ocrx_word' id='word_1_535' title='bbox 1655 3631 1876 3691; x_wconf 82' lang='lat' dir='ltr'><strong>egeant;</strong></span> <span class='ocrx_word' id='word_1_536' title='bbox 1904 3623 2019 3675; x_wconf 87' lang='lat' dir='ltr'><strong>sani</strong></span> 
     </span>
    </p>
   </div>
   <div class='ocr_carea' id='block_1_76' title="bbox 453 3693 2016 3769">
    <p class='ocr_par' dir='ltr' id='par_1_76' title="bbox 453 3693 2016 3769">
     <span class='ocr_line' id='line_1_78' title="bbox 453 3693 2016 3769; baseline -0.005 -17"><span class='ocrx_word' id='word_1_537' title='bbox 453 3702 649 3769; x_wconf 84' lang='lat' dir='ltr'><strong>quippe</strong></span> <span class='ocrx_word' id='word_1_538' title='bbox 697 3707 856 3769; x_wconf 82' lang='lat' dir='ltr'><strong>sunt;</strong></span> <span class='ocrx_word' id='word_1_539' title='bbox 914 3695 1006 3748; x_wconf 88' lang='lat' dir='ltr'><strong>sed</strong></span> <span class='ocrx_word' id='word_1_540' title='bbox 1049 3693 1390 3769; x_wconf 73' lang='lat' dir='ltr'><strong>quodvelint</strong></span> <span class='ocrx_word' id='word_1_541' title='bbox 1439 3695 1763 3769; x_wconf 74' lang='lat' dir='ltr'><strong>inlirmantes</strong></span> <span class='ocrx_word' id='word_1_542' title='bbox 1809 3707 2016 3769; x_wconf 80' lang='lat' dir='ltr'><strong>sanare.</strong></span> 
     </span>
    </p>
   </div>
   <div class='ocr_carea' id='block_1_77' title="bbox 455 3763 2023 3832">
    <p class='ocr_par' dir='ltr' id='par_1_77' title="bbox 455 3763 2023 3832">
     <span class='ocr_line' id='line_1_79' title="bbox 455 3763 2023 3832; baseline -0.006 -7"><span class='ocrx_word' id='word_1_543' title='bbox 455 3763 598 3825; x_wconf 71' lang='lat' dir='ltr'><strong>Multi</strong></span> <span class='ocrx_word' id='word_1_544' title='bbox 637 3768 778 3822; x_wconf 89' lang='lat' dir='ltr'><strong>enim</strong></span> <span class='ocrx_word' id='word_1_545' title='bbox 819 3776 937 3820; x_wconf 88' lang='lat' dir='ltr'><strong>sunt</strong></span> <span class='ocrx_word' id='word_1_546' title='bbox 978 3765 1088 3815; x_wconf 86' lang='lat' dir='ltr'><strong>sani</strong></span> <span class='ocrx_word' id='word_1_547' title='bbox 1135 3763 1384 3831; x_wconf 88' lang='lat' dir='ltr'><strong>quidem,</strong></span> <span class='ocrx_word' id='word_1_548' title='bbox 1415 3764 1506 3816; x_wconf 83' lang='lat' dir='ltr'><strong>sed</strong></span> <span class='ocrx_word' id='word_1_549' title='bbox 1546 3764 1632 3832; x_wconf 90' lang='lat' dir='ltr'><strong>qui</strong></span> <span class='ocrx_word' id='word_1_550' title='bbox 1677 3779 1779 3816; x_wconf 90' lang='lat' dir='ltr'><strong>non</strong></span> <span class='ocrx_word' id='word_1_551' title='bbox 1822 3764 2023 3827; x_wconf 83' lang='lat' dir='ltr'><strong>possint</strong></span> 
     </span>
    </p>
   </div>
   <div class='ocr_carea' id='block_1_78' title="bbox 453 3833 2018 3908">
    <p class='ocr_par' dir='ltr' id='par_1_78' title="bbox 453 3833 2018 3908">
     <span class='ocr_line' id='line_1_80' title="bbox 453 3833 2018 3908; baseline -0.004 -16"><span class='ocrx_word' id='word_1_552' title='bbox 453 3856 548 3895; x_wconf 86' lang='lat' dir='ltr'><strong>eos</strong></span> <span class='ocrx_word' id='word_1_553' title='bbox 571 3881 586 3906; x_wconf 92' lang='lat'><strong>,</strong></span> <span class='ocrx_word' id='word_1_554' title='bbox 617 3839 704 3908; x_wconf 86' lang='lat' dir='ltr'><strong>qui</strong></span> <span class='ocrx_word' id='word_1_555' title='bbox 738 3840 872 3908; x_wconf 85' lang='lat' dir='ltr'><strong>male</strong></span> <span class='ocrx_word' id='word_1_556' title='bbox 903 3835 1135 3895; x_wconf 83' lang='lat' dir='ltr'><strong>habent,</strong></span> <span class='ocrx_word' id='word_1_557' title='bbox 1173 3849 1264 3901; x_wconf 78' lang='lat' dir='ltr'><strong>per</strong></span> <span class='ocrx_word' id='word_1_558' title='bbox 1301 3849 1359 3908; x_wconf 84' lang='lat' dir='ltr'><strong>se</strong></span> <span class='ocrx_word' id='word_1_559' title='bbox 1385 3849 1591 3908; x_wconf 81' lang='lat' dir='ltr'><strong>curare.</strong></span> <span class='ocrx_word' id='word_1_560' title='bbox 1623 3833 1975 3908; x_wconf 75' lang='lat' dir='ltr'><strong>Quamobrem</strong></span> <span class='ocrx_word' id='word_1_561' title='bbox 2002 3876 2018 3898; x_wconf 88' lang='lat'><strong>,</strong></span> 
     </span>
    </p>
   </div>
   <div class='ocr_carea' id='block_1_79' title="bbox 455 3903 2020 3973">
    <p class='ocr_par' dir='ltr' id='par_1_79' title="bbox 455 3903 2020 3973">
     <span class='ocr_line' id='line_1_81' title="bbox 455 3903 2020 3973; baseline -0.006 -8"><span class='ocrx_word' id='word_1_562' title='bbox 455 3903 672 3972; x_wconf 69' lang='lat' dir='ltr'><strong>dilecti,</strong></span> <span class='ocrx_word' id='word_1_563' title='bbox 704 3908 802 3961; x_wconf 88' lang='lat' dir='ltr'><strong>etsi</strong></span> <span class='ocrx_word' id='word_1_564' title='bbox 842 3906 892 3959; x_wconf 90' lang='lat' dir='ltr'><strong>in</strong></span> <span class='ocrx_word' id='word_1_565' title='bbox 929 3914 1292 3973; x_wconf 84' lang='lat' dir='ltr'><strong>argumentum</strong></span> <span class='ocrx_word' id='word_1_566' title='bbox 1324 3905 1490 3957; x_wconf 87' lang='lat' dir='ltr'><strong>habeo</strong></span> <span class='ocrx_word' id='word_1_567' title='bbox 1520 3903 1569 3957; x_wconf 87' lang='lat' dir='ltr'><strong>id</strong></span> <span class='ocrx_word' id='word_1_568' title='bbox 1600 3903 1737 3973; x_wconf 89' lang='lat' dir='ltr'><strong>quod</strong></span> <span class='ocrx_word' id='word_1_569' title='bbox 1769 3904 1817 3956; x_wconf 90' lang='lat' dir='ltr'><strong>in</strong></span> <span class='ocrx_word' id='word_1_570' title='bbox 1847 3903 2020 3956; x_wconf 80' lang='lat' dir='ltr'><strong>Evan-</strong></span> 
     </span>
    </p>
   </div>
   <div class='ocr_carea' id='block_1_80' title="bbox 454 3974 2020 4050">
    <p class='ocr_par' dir='ltr' id='par_1_80' title="bbox 454 3974 2020 4050">
     <span class='ocr_line' id='line_1_82' title="bbox 454 3974 2020 4050; baseline -0.009 -15"><span class='ocrx_word' id='word_1_571' title='bbox 454 3982 593 4050; x_wconf 85' lang='lat' dir='ltr'><strong>gelio</strong></span> <span class='ocrx_word' id='word_1_572' title='bbox 617 3980 724 4049; x_wconf 87' lang='lat' dir='ltr'><strong>jam</strong></span> <span class='ocrx_word' id='word_1_573' title='bbox 753 3978 945 4030; x_wconf 89' lang='lat' dir='ltr'><strong>lectum</strong></span> <span class='ocrx_word' id='word_1_574' title='bbox 976 3987 1058 4050; x_wconf 76' lang='lat' dir='ltr'><strong>est</strong></span> <span class='ocrx_word' id='word_1_575' title='bbox 1096 3975 1379 4044; x_wconf 84' lang='lat' dir='ltr'><strong>explanare</strong></span> <span class='ocrx_word' id='word_1_576' title='bbox 1404 4015 1422 4050; x_wconf 84' lang='lat'><strong>,_</strong></span> <span class='ocrx_word' id='word_1_577' title='bbox 1447 3983 1498 4027; x_wconf 94' lang='lat' dir='ltr'><strong>et</strong></span> <span class='ocrx_word' id='word_1_578' title='bbox 1526 3989 1588 4028; x_wconf 82' lang='lat' dir='ltr'><strong>ex</strong></span> <span class='ocrx_word' id='word_1_579' title='bbox 1615 3974 1820 4050; x_wconf 84' lang='lat' dir='ltr'><strong>Spiritu</strong></span> <span class='ocrx_word' id='word_1_580' title='bbox 1840 3982 2020 4050; x_wconf 77' lang='lat' dir='ltr'><strong>sancto</strong></span> 
     </span>
    </p>
   </div>
   <div class='ocr_carea' id='block_1_81' title="bbox 458 4041 2021 4114">
    <p class='ocr_par' dir='ltr' id='par_1_81' title="bbox 458 4041 2021 4114">
     <span class='ocr_line' id='line_1_83' title="bbox 458 4041 2021 4114; baseline -0.006 -10"><span class='ocrx_word' id='word_1_581' title='bbox 458 4041 597 4106; x_wconf 67' lang='lat' dir='ltr'><strong>hunc</strong></span> <span class='ocrx_word' id='word_1_582' title='bbox 617 4041 764 4102; x_wconf 65' lang='lat' dir='ltr'><strong>vobis</strong></span> <span class='ocrx_word' id='word_1_583' title='bbox 793 4057 968 4114; x_wconf 89' lang='lat' dir='ltr'><strong>potutn</strong></span> <span class='ocrx_word' id='word_1_584' title='bbox 992 4047 1147 4109; x_wconf 85' lang='lat' dir='ltr'><strong>dare;</strong></span> <span class='ocrx_word' id='word_1_585' title='bbox 1167 4041 1492 4113; x_wconf 77' lang='lat' dir='ltr'><strong>supersedeo</strong></span> <span class='ocrx_word' id='word_1_586' title='bbox 1515 4041 1708 4106; x_wconf 87' lang='lat' dir='ltr'><strong>tamen,</strong></span> <span class='ocrx_word' id='word_1_587' title='bbox 1735 4041 1858 4114; x_wconf 89' lang='lat' dir='ltr'><strong>utid</strong></span> <span class='ocrx_word' id='word_1_588' title='bbox 1881 4042 2021 4112; x_wconf 90' lang='lat' dir='ltr'><strong>quod</strong></span> 
     </span>
    </p>
   </div>
   <div class='ocr_carea' id='block_1_82' title="bbox 459 4113 2020 4190">
    <p class='ocr_par' dir='ltr' id='par_1_82' title="bbox 459 4113 2020 4190">
     <span class='ocr_line' id='line_1_84' title="bbox 459 4113 2020 4190; baseline -0.004 -18"><span class='ocrx_word' id='word_1_589' title='bbox 459 4122 721 4190; x_wconf 80' lang='lat' dir='ltr'><strong>polheitus</strong></span> <span class='ocrx_word' id='word_1_590' title='bbox 762 4113 877 4171; x_wconf 87' lang='lat' dir='ltr'><strong>sum</strong></span> <span class='ocrx_word' id='word_1_591' title='bbox 903 4131 1196 4190; x_wconf 74' lang='lat' dir='ltr'><strong>exsequar.</strong></span> <span class='ocrx_word' id='word_1_592' title='bbox 1239 4118 1458 4190; x_wconf 67' lang='lat' dir='ltr'><strong>Oportet</strong></span> <span class='ocrx_word' id='word_1_593' title='bbox 1499 4117 1637 4168; x_wconf 86' lang='lat' dir='ltr'><strong>enim</strong></span> <span class='ocrx_word' id='word_1_594' title='bbox 1673 4113 2020 4190; x_wconf 73' lang='lat' dir='ltr'><strong>nosApostoli</strong></span> 
     </span>
    </p>
   </div>
   <div class='ocr_carea' id='block_1_83' title="bbox 452 4183 2022 4260">
    <p class='ocr_par' dir='ltr' id='par_1_83' title="bbox 452 4183 2022 4260">
     <span class='ocr_line' id='line_1_85' title="bbox 452 4183 2022 4260; baseline -0.006 -14"><span class='ocrx_word' id='word_1_595' title='bbox 452 4183 744 4260; x_wconf 80' lang='lat' dir='ltr'><strong>discipulos</strong></span> <span class='ocrx_word' id='word_1_596' title='bbox 772 4188 1016 4242; x_wconf 91' lang='lat' dir='ltr'><strong>omnibus</strong></span> <span class='ocrx_word' id='word_1_597' title='bbox 1041 4183 1228 4260; x_wconf 64' lang='lat' dir='ltr'><strong>omnia</strong></span> <span class='ocrx_word' id='word_1_598' title='bbox 1250 4187 1360 4260; x_wconf 82' lang='lat' dir='ltr'><strong>lieri</strong></span> <span class='ocrx_word' id='word_1_599' title='bbox 1385 4227 1413 4260; x_wconf 76' lang='lat'><strong>_,_</strong></span> <span class='ocrx_word' id='word_1_600' title='bbox 1432 4195 1486 4238; x_wconf 93' lang='lat' dir='ltr'><strong>ut</strong></span> <span class='ocrx_word' id='word_1_601' title='bbox 1514 4200 1697 4260; x_wconf 84' lang='lat' dir='ltr'><strong>ornues</strong></span> <span class='ocrx_word' id='word_1_602' title='bbox 1727 4183 2022 4260; x_wconf 82' lang='lat' dir='ltr'><strong>lucrifacia-</strong></span> 
     </span>
    </p>
   </div>
   <div class='ocr_carea' id='block_1_84' title="bbox 457 4255 2020 4328">
    <p class='ocr_par' dir='ltr' id='par_1_84' title="bbox 457 4255 2020 4328">
     <span class='ocr_line' id='line_1_86' title="bbox 457 4255 2020 4328; baseline -0.006 -13"><span class='ocrx_word' id='word_1_603' title='bbox 457 4255 609 4315; x_wconf 53' lang='lat' dir='ltr'><strong>mus:</strong></span> <span class='ocrx_word' id='word_1_604' title='bbox 622 4260 771 4328; x_wconf 82' lang='lat' dir='ltr'><strong>Rogo</strong></span> <span class='ocrx_word' id='word_1_605' title='bbox 794 4269 966 4311; x_wconf 91' lang='lat' dir='ltr'><strong>autem</strong></span> <span class='ocrx_word' id='word_1_606' title='bbox 986 4297 1000 4318; x_wconf 92' lang='lat'><strong>,</strong></span> <span class='ocrx_word' id='word_1_607' title='bbox 1032 4258 1075 4308; x_wconf 88' lang='lat' dir='ltr'><strong>si</strong></span> <span class='ocrx_word' id='word_1_608' title='bbox 1105 4257 1154 4308; x_wconf 93' lang='lat' dir='ltr'><strong>in</strong></span> <span class='ocrx_word' id='word_1_609' title='bbox 1181 4256 1498 4308; x_wconf 90' lang='lat' dir='ltr'><strong>dictionibus</strong></span> <span class='ocrx_word' id='word_1_610' title='bbox 1529 4256 1783 4328; x_wconf 71' lang='lat' dir='ltr'><strong>labantur,</strong></span> <span class='ocrx_word' id='word_1_611' title='bbox 1805 4255 2020 4328; x_wconf 87' lang='lat' dir='ltr'><strong>_veuiam</strong></span> 
     </span>
    </p>
   </div>
   <div class='ocr_carea' id='block_1_85' title="bbox 457 4323 2019 4395">
    <p class='ocr_par' dir='ltr' id='par_1_85' title="bbox 457 4323 2019 4395">
     <span class='ocr_line' id='line_1_87' title="bbox 457 4323 2019 4395; baseline -0.007 -9"><span class='ocrx_word' id='word_1_612' title='bbox 457 4332 585 4387; x_wconf 84' lang='lat' dir='ltr'><strong>mihi</strong></span> <span class='ocrx_word' id='word_1_613' title='bbox 611 4323 779 4384; x_wconf 74' lang='lat' dir='ltr'><strong>detis:</strong></span> <span class='ocrx_word' id='word_1_614' title='bbox 803 4344 921 4390; x_wconf 83' lang='lat' dir='ltr'><strong>nam</strong></span> <span class='ocrx_word' id='word_1_615' title='bbox 944 4328 1028 4395; x_wconf 90' lang='lat' dir='ltr'><strong>qui</strong></span> <span class='ocrx_word' id='word_1_616' title='bbox 1051 4341 1116 4378; x_wconf 80' lang='lat' dir='ltr'><strong>ex</strong></span> <span class='ocrx_word' id='word_1_617' title='bbox 1139 4335 1375 4392; x_wconf 86' lang='lat' dir='ltr'><strong>tempore</strong></span> <span class='ocrx_word' id='word_1_618' title='bbox 1401 4335 1572 4382; x_wconf 86' lang='lat' dir='ltr'><strong>erant,</strong></span> <span class='ocrx_word' id='word_1_619' title='bbox 1593 4339 1731 4390; x_wconf 66' lang='lat' dir='ltr'><strong>saepe</strong></span> <span class='ocrx_word' id='word_1_620' title='bbox 1756 4323 2019 4395; x_wconf 73' lang='lat' dir='ltr'><strong>labuntur,</strong></span> 
     </span>
    </p>
   </div>
   <div class='ocr_carea' id='block_1_86' title="bbox 459 4393 2022 4464">
    <p class='ocr_par' dir='ltr' id='par_1_86' title="bbox 459 4393 2022 4464">
     <span class='ocr_line' id='line_1_88' title="bbox 459 4393 2022 4464; baseline -0.004 -10"><span class='ocrx_word' id='word_1_621' title='bbox 459 4417 577 4454; x_wconf 85' lang='lat' dir='ltr'><strong>cum</strong></span> <span class='ocrx_word' id='word_1_622' title='bbox 609 4413 757 4453; x_wconf 89' lang='lat' dir='ltr'><strong>mens</strong></span> <span class='ocrx_word' id='word_1_623' title='bbox 797 4413 898 4450; x_wconf 90' lang='lat' dir='ltr'><strong>non</strong></span> <span class='ocrx_word' id='word_1_624' title='bbox 929 4393 1094 4464; x_wconf 77' lang='lat' dir='ltr'><strong>possit</strong></span> <span class='ocrx_word' id='word_1_625' title='bbox 1135 4395 1288 4447; x_wconf 90' lang='lat' dir='ltr'><strong>simul</strong></span> <span class='ocrx_word' id='word_1_626' title='bbox 1315 4403 1367 4447; x_wconf 90' lang='lat' dir='ltr'><strong>et</strong></span> <span class='ocrx_word' id='word_1_627' title='bbox 1403 4395 1724 4460; x_wconf 86' lang='lat' dir='ltr'><strong>Seripturam</strong></span> <span class='ocrx_word' id='word_1_628' title='bbox 1759 4393 2022 4462; x_wconf 87' lang='lat' dir='ltr'><strong>speculari</strong></span> 
     </span>
    </p>
   </div>
   <div class='ocr_carea' id='block_1_87' title="bbox 457 4465 2020 4523">
    <p class='ocr_par' dir='ltr' id='par_1_87' title="bbox 457 4465 2020 4523">
     <span class='ocr_line' id='line_1_89' title="bbox 457 4465 2020 4523; baseline -0.004 0"><span class='ocrx_word' id='word_1_629' title='bbox 457 4481 513 4523; x_wconf 89' lang='lat' dir='ltr'><strong>et</strong></span> <span class='ocrx_word' id='word_1_630' title='bbox 541 4470 834 4522; x_wconf 88' lang='lat' dir='ltr'><strong>orationem</strong></span> <span class='ocrx_word' id='word_1_631' title='bbox 876 4480 1087 4519; x_wconf 85' lang='lat' dir='ltr'><strong>ornare.</strong></span> <span class='ocrx_word' id='word_1_632' title='bbox 1131 4465 1235 4517; x_wconf 75' lang='lat' dir='ltr'><strong>Vos</strong></span> <span class='ocrx_word' id='word_1_633' title='bbox 1271 4475 1446 4518; x_wconf 88' lang='lat' dir='ltr'><strong>autem</strong></span> <span class='ocrx_word' id='word_1_634' title='bbox 1490 4465 1748 4517; x_wconf 89' lang='lat' dir='ltr'><strong>interumn</strong></span> <span class='ocrx_word' id='word_1_635' title='bbox 1787 4476 2020 4517; x_wconf 82' lang='lat' dir='ltr'><strong>vestrum</strong></span> 
     </span>
    </p>
   </div>
   <div class='ocr_carea' id='block_1_88' title="bbox 459 4535 2022 4604">
    <p class='ocr_par' dir='ltr' id='par_1_88' title="bbox 459 4535 2022 4604">
     <span class='ocr_line' id='line_1_90' title="bbox 459 4535 2022 4604; baseline -0.003 -10"><span class='ocrx_word' id='word_1_636' title='bbox 459 4540 728 4594; x_wconf 89' lang='lat' dir='ltr'><strong>hominem</strong></span> <span class='ocrx_word' id='word_1_637' title='bbox 755 4545 809 4590; x_wconf 88' lang='lat' dir='ltr'><strong>et</strong></span> <span class='ocrx_word' id='word_1_638' title='bbox 831 4551 924 4589; x_wconf 90' lang='lat' dir='ltr'><strong>cor</strong></span> <span class='ocrx_word' id='word_1_639' title='bbox 955 4537 1038 4587; x_wconf 91' lang='lat' dir='ltr'><strong>hic</strong></span> <span class='ocrx_word' id='word_1_640' title='bbox 1062 4535 1306 4588; x_wconf 79' lang='lat' dir='ltr'><strong>exhibete</strong></span> <span class='ocrx_word' id='word_1_641' title='bbox 1335 4535 1691 4602; x_wconf 81' lang='lat' dir='ltr'><strong>purissimum,</strong></span> <span class='ocrx_word' id='word_1_642' title='bbox 1721 4545 1774 4586; x_wconf 92' lang='lat' dir='ltr'><strong>ut</strong></span> <span class='ocrx_word' id='word_1_643' title='bbox 1799 4535 2022 4604; x_wconf 84' lang='lat' dir='ltr'><strong>quisque</strong></span> 
     </span>
    </p>
   </div>
   <div class='ocr_carea' id='block_1_89' title="bbox 457 4605 2022 4670">
    <p class='ocr_par' dir='ltr' id='par_1_89' title="bbox 457 4605 2022 4670">
     <span class='ocr_line' id='line_1_91' title="bbox 457 4605 2022 4670; baseline -0.002 -7"><span class='ocrx_word' id='word_1_644' title='bbox 457 4620 691 4664; x_wconf 90' lang='lat' dir='ltr'><strong>vestrum</strong></span> <span class='ocrx_word' id='word_1_645' title='bbox 723 4623 826 4660; x_wconf 90' lang='lat' dir='ltr'><strong>non</strong></span> <span class='ocrx_word' id='word_1_646' title='bbox 865 4605 1021 4659; x_wconf 90' lang='lat' dir='ltr'><strong>modo</strong></span> <span class='ocrx_word' id='word_1_647' title='bbox 1057 4605 1197 4659; x_wconf 89' lang='lat' dir='ltr'><strong>dicta</strong></span> <span class='ocrx_word' id='word_1_648' title='bbox 1226 4605 1421 4670; x_wconf 88' lang='lat' dir='ltr'><strong>audiat,</strong></span> <span class='ocrx_word' id='word_1_649' title='bbox 1454 4605 1545 4659; x_wconf 88' lang='lat' dir='ltr'><strong>sed</strong></span> <span class='ocrx_word' id='word_1_650' title='bbox 1573 4618 1625 4660; x_wconf 92' lang='lat' dir='ltr'><strong>et</strong></span> <span class='ocrx_word' id='word_1_651' title='bbox 1651 4606 1824 4659; x_wconf 87' lang='lat' dir='ltr'><strong>videat</strong></span> <span class='ocrx_word' id='word_1_652' title='bbox 1851 4616 1901 4658; x_wconf 93' lang='lat' dir='ltr'><strong>et</strong></span> <span class='ocrx_word' id='word_1_653' title='bbox 1929 4623 2022 4660; x_wconf 89' lang='lat' dir='ltr'><strong>cu-</strong></span> 
     </span>
    </p>
   </div>
   <div class='ocr_carea' id='block_1_90' title="bbox 452 4676 2020 4750">
    <p class='ocr_par' dir='ltr' id='par_1_90' title="bbox 452 4676 2020 4750">
     <span class='ocr_line' id='line_1_92' title="bbox 452 4676 2020 4750; baseline -0.003 -16"><span class='ocrx_word' id='word_1_654' title='bbox 452 4683 647 4750; x_wconf 85' lang='lat' dir='ltr'><strong>jusque</strong></span> <span class='ocrx_word' id='word_1_655' title='bbox 688 4679 765 4734; x_wconf 87' lang='lat' dir='ltr'><strong>rei</strong></span> <span class='ocrx_word' id='word_1_656' title='bbox 795 4677 899 4731; x_wconf 90' lang='lat' dir='ltr'><strong>vim</strong></span> <span class='ocrx_word' id='word_1_657' title='bbox 940 4676 1158 4750; x_wconf 88' lang='lat' dir='ltr'><strong>ediscat.</strong></span> <span class='ocrx_word' id='word_1_658' title='bbox 1202 4676 1372 4750; x_wconf 63' lang='lat' dir='ltr'><strong>lfrima</strong></span> <span class='ocrx_word' id='word_1_659' title='bbox 1412 4692 1537 4746; x_wconf 89' lang='lat' dir='ltr'><strong>ergo</strong></span> <span class='ocrx_word' id='word_1_660' title='bbox 1576 4692 1668 4750; x_wconf 86' lang='lat' dir='ltr'><strong>res</strong></span> <span class='ocrx_word' id='word_1_661' title='bbox 1695 4687 1776 4729; x_wconf 86' lang='lat' dir='ltr'><strong>est</strong></span> <span class='ocrx_word' id='word_1_662' title='bbox 1815 4676 2020 4750; x_wconf 71' lang='lat' dir='ltr'><strong>fidesin</strong></span> 
     </span>
    </p>
   </div>
   <div class='ocr_carea' id='block_1_91' title="bbox 458 4745 2021 4814">
    <p class='ocr_par' dir='ltr' id='par_1_91' title="bbox 458 4745 2021 4814">
     <span class='ocr_line' id='line_1_93' title="bbox 458 4745 2021 4814; baseline -0.005 -9"><span class='ocrx_word' id='word_1_663' title='bbox 458 4745 650 4814; x_wconf 79' lang='lat' dir='ltr'><strong>Deum,</strong></span> <span class='ocrx_word' id='word_1_664' title='bbox 680 4764 766 4804; x_wconf 92' lang='lat' dir='ltr'><strong>res</strong></span> <span class='ocrx_word' id='word_1_665' title='bbox 794 4746 1359 4814; x_wconf 88' lang='lat' dir='ltr'><strong>incomprehensibilis,</strong></span> <span class='ocrx_word' id='word_1_666' title='bbox 1387 4745 1505 4814; x_wconf 70' lang='lat' dir='ltr'><strong>quae</strong></span> <span class='ocrx_word' id='word_1_667' title='bbox 1535 4748 1672 4813; x_wconf 75' lang='lat' dir='ltr'><strong>tangi</strong></span> <span class='ocrx_word' id='word_1_668' title='bbox 1705 4745 1904 4813; x_wconf 88' lang='lat' dir='ltr'><strong>nequit,</strong></span> <span class='ocrx_word' id='word_1_669' title='bbox 1940 4748 2021 4798; x_wconf 92' lang='lat' dir='ltr'><strong>in-</strong></span> 
     </span>
    </p>
   </div>
   <div class='ocr_carea' id='block_1_92' title="bbox 459 4815 2022 4889">
    <p class='ocr_par' dir='ltr' id='par_1_92' title="bbox 459 4815 2022 4889">
     <span class='ocr_line' id='line_1_94' title="bbox 459 4815 2022 4889; baseline -0.003 -16"><span class='ocrx_word' id='word_1_670' title='bbox 459 4822 681 4876; x_wconf 84' lang='lat' dir='ltr'><strong>visibilis</strong></span> <span class='ocrx_word' id='word_1_671' title='bbox 701 4861 715 4884; x_wconf 89' lang='lat'><strong>,</strong></span> <span class='ocrx_word' id='word_1_672' title='bbox 742 4835 858 4889; x_wconf 72' lang='lat' dir='ltr'><strong>qua:</strong></span> <span class='ocrx_word' id='word_1_673' title='bbox 885 4817 1200 4889; x_wconf 71' lang='lat' dir='ltr'><strong>reprehendi</strong></span> <span class='ocrx_word' id='word_1_674' title='bbox 1232 4818 1447 4889; x_wconf 83' lang='lat' dir='ltr'><strong>nequit,</strong></span> <span class='ocrx_word' id='word_1_675' title='bbox 1475 4833 1590 4889; x_wconf 64' lang='lat' dir='ltr'><strong>qua;</strong></span> <span class='ocrx_word' id='word_1_676' title='bbox 1617 4815 2022 4889; x_wconf 83' lang='lat' dir='ltr'><strong>sileutio_hono-</strong></span> 
     </span>
    </p>
   </div>
   <div class='ocr_carea' id='block_1_93' title="bbox 460 4885 2024 4953">
    <p class='ocr_par' dir='ltr' id='par_1_93' title="bbox 460 4885 2024 4953">
     <span class='ocr_line' id='line_1_95' title="bbox 460 4885 2024 4953; baseline -0.006 -6"><span class='ocrx_word' id='word_1_677' title='bbox 460 4903 606 4947; x_wconf 88' lang='lat' dir='ltr'><strong>ratur</strong></span> <span class='ocrx_word' id='word_1_678' title='bbox 655 4902 709 4945; x_wconf 89' lang='lat' dir='ltr'><strong>et</strong></span> <span class='ocrx_word' id='word_1_679' title='bbox 751 4885 1017 4943; x_wconf 77' lang='lat' dir='ltr'><strong>adorator.</strong></span> <span class='ocrx_word' id='word_1_680' title='bbox 1043 4885 1197 4940; x_wconf 83' lang='lat' dir='ltr'><strong>Fides</strong></span> <span class='ocrx_word' id='word_1_681' title='bbox 1238 4903 1265 4937; x_wconf 70' lang='grc' dir='ltr'>ει</span> <span class='ocrx_word' id='word_1_682' title='bbox 1308 4887 1462 4940; x_wconf 81' lang='lat' dir='ltr'><strong>Patre</strong></span> <span class='ocrx_word' id='word_1_683' title='bbox 1487 4887 1684 4953; x_wconf 83' lang='lat' dir='ltr'><strong>incipit,</strong></span> <span class='ocrx_word' id='word_1_684' title='bbox 1717 4902 1808 4950; x_wconf 87' lang='lat' dir='ltr'><strong>per</strong></span> <span class='ocrx_word' id='word_1_685' title='bbox 1836 4885 2024 4938; x_wconf 88' lang='lat' dir='ltr'><strong>Filium</strong></span> 
     </span>
    </p>
   </div>
   <div class='ocr_carea' id='block_1_94' title="bbox 461 4956 2020 5028">
    <p class='ocr_par' dir='ltr' id='par_1_94' title="bbox 461 4956 2020 5028">
     <span class='ocr_line' id='line_1_96' title="bbox 461 4956 2020 5028; baseline -0.004 -15"><span class='ocrx_word' id='word_1_686' title='bbox 461 4965 625 5024; x_wconf 88' lang='lat' dir='ltr'><strong>venit,</strong></span> <span class='ocrx_word' id='word_1_687' title='bbox 654 4963 710 5015; x_wconf 92' lang='lat' dir='ltr'><strong>in</strong></span> <span class='ocrx_word' id='word_1_688' title='bbox 736 4960 932 5028; x_wconf 88' lang='lat' dir='ltr'><strong>Spiritu</strong></span> <span class='ocrx_word' id='word_1_689' title='bbox 961 4957 1414 5028; x_wconf 81' lang='lat' dir='ltr'><strong>sanctoimpletur</strong></span> <span class='ocrx_word' id='word_1_690' title='bbox 1439 4973 1450 5007; x_wconf 90' lang='lat'><strong>:</strong></span> <span class='ocrx_word' id='word_1_691' title='bbox 1480 4957 1608 5028; x_wconf 76' lang='lat' dir='ltr'><strong>fides</strong></span> <span class='ocrx_word' id='word_1_692' title='bbox 1632 4956 1787 5028; x_wconf 74' lang='lat' dir='ltr'><strong>sedes</strong></span> <span class='ocrx_word' id='word_1_693' title='bbox 1812 4957 2020 5028; x_wconf 77' lang='lat' dir='ltr'><strong>anim-e,</strong></span> 
     </span>
    </p>
   </div>
   <div class='ocr_carea' id='block_1_95' title="bbox 461 5025 2027 5090">
    <p class='ocr_par' dir='ltr' id='par_1_95' title="bbox 461 5025 2027 5090">
     <span class='ocr_line' id='line_1_97' title="bbox 461 5025 2027 5090; baseline -0.004 -4"><span class='ocrx_word' id='word_1_694' title='bbox 461 5025 857 5086; x_wconf 78' lang='lat' dir='ltr'><strong>fundamentum</strong></span> <span class='ocrx_word' id='word_1_695' title='bbox 887 5029 1027 5090; x_wconf 67' lang='lat' dir='ltr'><strong>vitae,</strong></span> <span class='ocrx_word' id='word_1_696' title='bbox 1056 5027 1205 5080; x_wconf 82' lang='lat' dir='ltr'><strong>radix</strong></span> <span class='ocrx_word' id='word_1_697' title='bbox 1238 5025 1552 5079; x_wconf 80' lang='lat' dir='ltr'><strong>immortalis</strong></span> <span class='ocrx_word' id='word_1_698' title='bbox 1580 5045 1590 5076; x_wconf 89' lang='lat'>:</span> <span class='ocrx_word' id='word_1_699' title='bbox 1620 5025 1738 5078; x_wconf 75' lang='lat' dir='ltr'><strong>ﬁdei</strong></span> <span class='ocrx_word' id='word_1_700' title='bbox 1772 5027 1916 5080; x_wconf 79' lang='lat' dir='ltr'><strong>radix</strong></span> <span class='ocrx_word' id='word_1_701' title='bbox 1950 5030 2027 5079; x_wconf 88' lang='lat' dir='ltr'><strong>vi-</strong></span> 
     </span>
    </p>
   </div>
   <div class='ocr_carea' id='block_1_96' title="bbox 463 5097 2026 5163">
    <p class='ocr_par' dir='ltr' id='par_1_96' title="bbox 463 5097 2026 5163">
     <span class='ocr_line' id='line_1_98' title="bbox 463 5097 2026 5163; baseline -0.001 -10"><span class='ocrx_word' id='word_1_702' title='bbox 463 5117 592 5155; x_wconf 85' lang='lat' dir='ltr'><strong>vens</strong></span> <span class='ocrx_word' id='word_1_703' title='bbox 620 5112 701 5156; x_wconf 91' lang='lat' dir='ltr'><strong>est</strong></span> <span class='ocrx_word' id='word_1_704' title='bbox 729 5102 903 5163; x_wconf 84' lang='lat' dir='ltr'><strong>Pater,</strong></span> <span class='ocrx_word' id='word_1_705' title='bbox 933 5113 1109 5152; x_wconf 90' lang='lat' dir='ltr'><strong>ramus</strong></span> <span class='ocrx_word' id='word_1_706' title='bbox 1141 5098 1584 5151; x_wconf 74' lang='lat' dir='ltr'><strong>immarcescibilis</strong></span> <span class='ocrx_word' id='word_1_707' title='bbox 1616 5097 1800 5159; x_wconf 84' lang='lat' dir='ltr'><strong>Filius,</strong></span> <span class='ocrx_word' id='word_1_708' title='bbox 1829 5098 2026 5151; x_wconf 84' lang='lat' dir='ltr'><strong>fruetus</strong></span> 
     </span>
    </p>
   </div>
   <div class='ocr_carea' id='block_1_97' title="bbox 466 5167 2027 5239">
    <p class='ocr_par' dir='ltr' id='par_1_97' title="bbox 466 5167 2027 5239">
     <span class='ocr_line' id='line_1_99' title="bbox 466 5167 2027 5239; baseline -0.002 -16"><span class='ocrx_word' id='word_1_709' title='bbox 466 5172 777 5225; x_wconf 87' lang='lat' dir='ltr'><strong>immortalis</strong></span> <span class='ocrx_word' id='word_1_710' title='bbox 819 5172 1044 5239; x_wconf 71' lang='lat' dir='ltr'><strong>Spiritus</strong></span> <span class='ocrx_word' id='word_1_711' title='bbox 1092 5178 1304 5222; x_wconf 78' lang='lat' dir='ltr'><strong>Sanctus</strong></span> <span class='ocrx_word' id='word_1_712' title='bbox 1334 5185 1346 5217; x_wconf 73' lang='grc' dir='ltr'><strong><em>τ</em></strong></span> <span class='ocrx_word' id='word_1_713' title='bbox 1376 5168 1604 5239; x_wconf 80' lang='lat' dir='ltr'><strong>Trinitas</strong></span> <span class='ocrx_word' id='word_1_714' title='bbox 1647 5167 1909 5239; x_wconf 68' lang='lat' dir='ltr'><strong>simplest,</strong></span> <span class='ocrx_word' id='word_1_715' title='bbox 1943 5167 2027 5220; x_wconf 89' lang='lat' dir='ltr'><strong>in-</strong></span> 
     </span>
    </p>
   </div>
   <div class='ocr_carea' id='block_1_98' title="bbox 462 5237 2027 5308">
    <p class='ocr_par' dir='ltr' id='par_1_98' title="bbox 462 5237 2027 5308">
     <span class='ocr_line' id='line_1_100' title="bbox 462 5237 2027 5308; baseline -0.003 -13"><span class='ocrx_word' id='word_1_716' title='bbox 462 5242 781 5308; x_wconf 77' lang='lat' dir='ltr'><strong>composita,</strong></span> <span class='ocrx_word' id='word_1_717' title='bbox 813 5237 1116 5302; x_wconf 25' lang='lat' dir='ltr'><strong>iu‘etlabilis,</strong></span> <span class='ocrx_word' id='word_1_718' title='bbox 1152 5238 1540 5300; x_wconf 88' lang='lat' dir='ltr'><strong>inenarrabilis,</strong></span> <span class='ocrx_word' id='word_1_719' title='bbox 1575 5237 2027 5308; x_wconf 12' lang='lat' dir='ltr'><strong>indivisibilisrse-</strong></span> 
     </span>
    </p>
   </div>
   <div class='ocr_carea' id='block_1_99' title="bbox 463 5307 2027 5373">
    <p class='ocr_par' dir='ltr' id='par_1_99' title="bbox 463 5307 2027 5373">
     <span class='ocr_line' id='line_1_101' title="bbox 463 5307 2027 5373; baseline -0.003 -9"><span class='ocrx_word' id='word_1_720' title='bbox 463 5307 691 5365; x_wconf 84' lang='lat' dir='ltr'><strong>cundum</strong></span> <span class='ocrx_word' id='word_1_721' title='bbox 727 5325 1042 5368; x_wconf 88' lang='lat' dir='ltr'><strong>consensum</strong></span> <span class='ocrx_word' id='word_1_722' title='bbox 1065 5349 1079 5373; x_wconf 97' lang='lat'><strong>,</strong></span> <span class='ocrx_word' id='word_1_723' title='bbox 1109 5308 1398 5362; x_wconf 84' lang='lat' dir='ltr'><strong>secundum</strong></span> <span class='ocrx_word' id='word_1_724' title='bbox 1424 5309 1673 5361; x_wconf 86' lang='lat' dir='ltr'><strong>virtutem</strong></span> <span class='ocrx_word' id='word_1_725' title='bbox 1691 5349 1705 5370; x_wconf 95' lang='lat'><strong>,</strong></span> <span class='ocrx_word' id='word_1_726' title='bbox 1736 5307 2027 5362; x_wconf 87' lang='lat' dir='ltr'><strong>secundmn</strong></span> 
     </span>
    </p>
   </div>
   <div class='ocr_carea' id='block_1_100' title="bbox 463 5378 2027 5451">
    <p class='ocr_par' dir='ltr' id='par_1_100' title="bbox 463 5378 2027 5451">
     <span class='ocr_line' id='line_1_102' title="bbox 463 5378 2027 5451; baseline -0.003 -16"><span class='ocrx_word' id='word_1_727' title='bbox 463 5380 716 5451; x_wconf 86' lang='lat' dir='ltr'><strong>operaudi</strong></span> <span class='ocrx_word' id='word_1_728' title='bbox 737 5381 869 5451; x_wconf 84' lang='lat' dir='ltr'><strong>vim,</strong></span> <span class='ocrx_word' id='word_1_729' title='bbox 899 5378 1534 5451; x_wconf 79' lang='lat' dir='ltr'><strong>secundumdiviuitatem</strong></span> <span class='ocrx_word' id='word_1_730' title='bbox 1553 5419 1568 5443; x_wconf 93' lang='lat'><strong>,</strong></span> <span class='ocrx_word' id='word_1_731' title='bbox 1597 5380 1883 5451; x_wconf 77' lang='lat' dir='ltr'><strong>secundum</strong></span> <span class='ocrx_word' id='word_1_732' title='bbox 1913 5395 2027 5431; x_wconf 87' lang='lat' dir='ltr'><strong>tua-</strong></span> 
     </span>
    </p>
   </div>
   <div class='ocr_carea' id='block_1_101' title="bbox 465 5449 2029 5519">
    <p class='ocr_par' dir='ltr' id='par_1_101' title="bbox 465 5449 2029 5519">
     <span class='ocr_line' id='line_1_103' title="bbox 465 5449 2029 5519; baseline -0.004 -14"><span class='ocrx_word' id='word_1_733' title='bbox 465 5449 790 5519; x_wconf 75' lang='lat' dir='ltr'><strong>guitudiuem</strong></span> <span class='ocrx_word' id='word_1_734' title='bbox 809 5491 823 5512; x_wconf 95' lang='lat'><strong>,</strong></span> <span class='ocrx_word' id='word_1_735' title='bbox 855 5449 908 5500; x_wconf 90' lang='lat' dir='ltr'><strong>iu</strong></span> <span class='ocrx_word' id='word_1_736' title='bbox 939 5449 1311 5519; x_wconf 81' lang='lat' dir='ltr'><strong>hypostasibus</strong></span> <span class='ocrx_word' id='word_1_737' title='bbox 1337 5459 1392 5503; x_wconf 90' lang='lat' dir='ltr'><strong>et</strong></span> <span class='ocrx_word' id='word_1_738' title='bbox 1421 5449 1717 5501; x_wconf 78' lang='lat' dir='ltr'><strong>nominibus</strong></span> <span class='ocrx_word' id='word_1_739' title='bbox 1745 5450 1992 5502; x_wconf 85' lang='lat' dir='ltr'><strong>distincta</strong></span> <span class='ocrx_word' id='word_1_740' title='bbox 2015 5497 2029 5513; x_wconf 66' lang='grc'><strong><em>,</em></strong></span> 
     </span>
    </p>
   </div>
   <div class='ocr_carea' id='block_1_102' title="bbox 466 5518 2031 5585">
    <p class='ocr_par' dir='ltr' id='par_1_102' title="bbox 466 5518 2031 5585">
     <span class='ocr_line' id='line_1_104' title="bbox 466 5518 2031 5585; baseline -0.003 -9"><span class='ocrx_word' id='word_1_741' title='bbox 466 5518 517 5576; x_wconf 87' lang='lat' dir='ltr'><strong>in</strong></span> <span class='ocrx_word' id='word_1_742' title='bbox 560 5523 715 5576; x_wconf 88' lang='lat' dir='ltr'><strong>rebus</strong></span> <span class='ocrx_word' id='word_1_743' title='bbox 742 5529 795 5573; x_wconf 86' lang='lat' dir='ltr'><strong>et</strong></span> <span class='ocrx_word' id='word_1_744' title='bbox 825 5518 1167 5585; x_wconf 83' lang='lat' dir='ltr'><strong>poteStatibus</strong></span> <span class='ocrx_word' id='word_1_745' title='bbox 1197 5521 1339 5572; x_wconf 89' lang='lat' dir='ltr'><strong>unita</strong></span> <span class='ocrx_word' id='word_1_746' title='bbox 1372 5538 1385 5572; x_wconf 90' lang='lat'>:</span> <span class='ocrx_word' id='word_1_747' title='bbox 1419 5519 1652 5573; x_wconf 82' lang='lat' dir='ltr'><strong>Trinitas</strong></span> <span class='ocrx_word' id='word_1_748' title='bbox 1685 5529 1809 5572; x_wconf 91' lang='lat' dir='ltr'><strong>ante</strong></span> <span class='ocrx_word' id='word_1_749' title='bbox 1837 5526 2031 5572; x_wconf 83' lang='lat' dir='ltr'><strong>s:ecuta</strong></span> 
     </span>
    </p>
   </div>
   <div class='ocr_carea' id='block_1_103' title="bbox 464 5586 2031 5657">
    <p class='ocr_par' dir='ltr' id='par_1_103' title="bbox 464 5586 2031 5657">
     <span class='ocr_line' id='line_1_105' title="bbox 464 5586 2031 5657; baseline -0.004 -11"><span class='ocrx_word' id='word_1_750' title='bbox 464 5595 722 5657; x_wconf 72' lang='lat' dir='ltr'><strong>existens,</strong></span> <span class='ocrx_word' id='word_1_751' title='bbox 749 5604 850 5644; x_wconf 92' lang='lat' dir='ltr'><strong>non</strong></span> <span class='ocrx_word' id='word_1_752' title='bbox 880 5602 907 5638; x_wconf 86' lang='lat' dir='ltr'><strong>a</strong></span> <span class='ocrx_word' id='word_1_753' title='bbox 939 5586 1196 5655; x_wconf 87' lang='lat' dir='ltr'><strong>principio</strong></span> <span class='ocrx_word' id='word_1_754' title='bbox 1223 5590 1384 5657; x_wconf 77' lang='lat' dir='ltr'><strong>C(Bplt</strong></span> <span class='ocrx_word' id='word_1_755' title='bbox 1407 5605 1546 5651; x_wconf 88' lang='lat' dir='ltr'><strong>esse,</strong></span> <span class='ocrx_word' id='word_1_756' title='bbox 1576 5590 1668 5643; x_wconf 89' lang='lat' dir='ltr'><strong>sed</strong></span> <span class='ocrx_word' id='word_1_757' title='bbox 1694 5591 1808 5642; x_wconf 91' lang='lat' dir='ltr'><strong>sine</strong></span> <span class='ocrx_word' id='word_1_758' title='bbox 1838 5590 2031 5656; x_wconf 78' lang='lat' dir='ltr'><strong>princi-</strong></span> 
     </span>
    </p>
   </div>
   <div class='ocr_carea' id='block_1_104' title="bbox 468 5657 2032 5730">
    <p class='ocr_par' dir='ltr' id='par_1_104' title="bbox 468 5657 2032 5730">
     <span class='ocr_line' id='line_1_106' title="bbox 468 5657 2032 5730; baseline -0.003 -11"><span class='ocrx_word' id='word_1_759' title='bbox 468 5666 572 5728; x_wconf 80' lang='lat' dir='ltr'><strong>pio,</strong></span> <span class='ocrx_word' id='word_1_760' title='bbox 597 5667 710 5718; x_wconf 85' lang='lat' dir='ltr'><strong>sine</strong></span> <span class='ocrx_word' id='word_1_761' title='bbox 739 5672 994 5730; x_wconf 85' lang='lat' dir='ltr'><strong>tempore,</strong></span> <span class='ocrx_word' id='word_1_762' title='bbox 1025 5657 1139 5712; x_wconf 84' lang='lat' dir='ltr'><strong>sine</strong></span> <span class='ocrx_word' id='word_1_763' title='bbox 1165 5661 1333 5714; x_wconf 90' lang='lat' dir='ltr'><strong>senio:</strong></span> <span class='ocrx_word' id='word_1_764' title='bbox 1364 5660 1692 5726; x_wconf 76' lang='lat' dir='ltr'><strong>immortalis,</strong></span> <span class='ocrx_word' id='word_1_765' title='bbox 1726 5658 2032 5715; x_wconf 81' lang='lat' dir='ltr'><strong>intermina-</strong></span> 
     </span>
    </p>
   </div>
   <div class='ocr_carea' id='block_1_105' title="bbox 2115 2612 2345 2622">
    <p class='ocr_par' dir='ltr' id='par_1_105' title="bbox 2115 2612 2345 2622">
     <span class='ocr_line' id='line_1_107' title="bbox 2115 2612 2345 2622; baseline 0.009 -2"><span class='ocrx_word' id='word_1_766' title='bbox 2115 2612 2345 2622; x_wconf 64' lang='grc' dir='ltr'><strong>..ο-...-</strong></span> 
     </span>
    </p>
   </div>
   <div class='ocr_carea' id='block_1_106' title="bbox 2118 2709 3673 2773">
    <p class='ocr_par' dir='ltr' id='par_1_106' title="bbox 2118 2709 3673 2773">
     <span class='ocr_line' id='line_1_108' title="bbox 2118 2709 3673 2773; baseline 0 -11"><span class='ocrx_word' id='word_1_767' title='bbox 2118 2709 2236 2762; x_wconf 88' lang='lat' dir='ltr'><strong>bilis</strong></span> <span class='ocrx_word' id='word_1_768' title='bbox 2278 2727 2289 2761; x_wconf 93' lang='lat'>:</span> <span class='ocrx_word' id='word_1_769' title='bbox 2331 2723 2434 2762; x_wconf 93' lang='lat' dir='ltr'><strong>non</strong></span> <span class='ocrx_word' id='word_1_770' title='bbox 2475 2718 2623 2761; x_wconf 79' lang='lat' dir='ltr'><strong>aucta</strong></span> <span class='ocrx_word' id='word_1_771' title='bbox 2652 2751 2664 2764; x_wconf 90' lang='lat'><strong>.</strong></span> <span class='ocrx_word' id='word_1_772' title='bbox 2696 2724 2792 2763; x_wconf 90' lang='lat' dir='ltr'><strong>nee</strong></span> <span class='ocrx_word' id='word_1_773' title='bbox 2818 2724 3065 2771; x_wconf 72' lang='lat' dir='ltr'><strong>ci-ssans&#39;,</strong></span> <span class='ocrx_word' id='word_1_774' title='bbox 3097 2725 3192 2763; x_wconf 89' lang='lat' dir='ltr'><strong>nec</strong></span> <span class='ocrx_word' id='word_1_775' title='bbox 3231 2727 3518 2765; x_wconf 84' lang='lat' dir='ltr'><strong>senescens</strong></span> <span class='ocrx_word' id='word_1_776' title='bbox 3539 2753 3554 2773; x_wconf 88' lang='lat'><strong>,</strong></span> <span class='ocrx_word' id='word_1_777' title='bbox 3587 2713 3673 2762; x_wconf 77' lang='lat' dir='ltr'><strong>st-.I</strong></span> 
     </span>
    </p>
   </div>
   <div class='ocr_carea' id='block_1_107' title="bbox 2119 2779 3677 2842">
    <p class='ocr_par' dir='ltr' id='par_1_107' title="bbox 2119 2779 3677 2842">
     <span class='ocr_line' id='line_1_109' title="bbox 2119 2779 3677 2842; baseline 0.002 -11"><span class='ocrx_word' id='word_1_778' title='bbox 2119 2779 2424 2832; x_wconf 88' lang='lat' dir='ltr'><strong>indissoluta</strong></span> <span class='ocrx_word' id='word_1_779' title='bbox 2473 2798 2485 2833; x_wconf 86' lang='lat'><strong>:</strong></span> <span class='ocrx_word' id='word_1_780' title='bbox 2527 2779 2769 2833; x_wconf 89' lang='lat' dir='ltr'><strong>similiter</strong></span> <span class='ocrx_word' id='word_1_781' title='bbox 2812 2779 3037 2833; x_wconf 91' lang='lat' dir='ltr'><strong>Trinitas</strong></span> <span class='ocrx_word' id='word_1_782' title='bbox 3067 2782 3368 2842; x_wconf 80' lang='lat' dir='ltr'><strong>exsistens,</strong></span> <span class='ocrx_word' id='word_1_783' title='bbox 3394 2798 3498 2842; x_wconf 82' lang='lat' dir='ltr'><strong>non</strong></span> <span class='ocrx_word' id='word_1_784' title='bbox 3543 2795 3677 2834; x_wconf 90' lang='lat' dir='ltr'><strong>nunc</strong></span> 
     </span>
    </p>
   </div>
   <div class='ocr_carea' id='block_1_108' title="bbox 2119 2800 3676 2920">
    <p class='ocr_par' dir='ltr' id='par_1_108' title="bbox 2119 2800 3676 2920">
     <span class='ocr_line' id='line_1_110' title="bbox 2119 2800 3676 2842; baseline 0.002 -11"><span class='ocrx_word' id='word_1_785' title='bbox 2119 2800 2424 2832; x_wconf 73' lang='lat' dir='ltr'><strong>lllUlSSlllllla</strong></span> <span class='ocrx_word' id='word_1_786' title='bbox 2473 2800 2485 2833; x_wconf 76' lang='grc' dir='ltr'>ζ</span> <span class='ocrx_word' id='word_1_787' title='bbox 2527 2800 2769 2833; x_wconf 65' lang='grc' dir='ltr'>διηηιιιυι·</span> <span class='ocrx_word' id='word_1_788' title='bbox 2821 2800 3037 2833; x_wconf 72' lang='grc' dir='ltr'>ιιΊιιιιςιδ</span> <span class='ocrx_word' id='word_1_789' title='bbox 3067 2800 3368 2842; x_wconf 59' lang='grc' dir='ltr'><strong>(ἀκειδιοιις,</strong></span> <span class='ocrx_word' id='word_1_790' title='bbox 3394 2800 3464 2836; x_wconf 81' lang='grc'><strong>110</strong></span> <span class='ocrx_word' id='word_1_791' title='bbox 3543 2800 3676 2834; x_wconf 88' lang='lat' dir='ltr'><strong>nunc</strong></span> 
     </span>
     <span class='ocr_line' id='line_1_111' title="bbox 2119 2800 3676 2920; baseline 0.001 -18"><span class='ocrx_word' id='word_1_792' title='bbox 2119 2851 2327 2903; x_wconf 80' lang='lat' dir='ltr'><strong>inventa</strong></span> <span class='ocrx_word' id='word_1_793' title='bbox 2357 2857 2410 2902; x_wconf 88' lang='lat' dir='ltr'><strong>et</strong></span> <span class='ocrx_word' id='word_1_794' title='bbox 2437 2849 2650 2902; x_wconf 85' lang='lat' dir='ltr'><strong>adorata</strong></span> <span class='ocrx_word' id='word_1_795' title='bbox 2676 2890 2688 2912; x_wconf 87' lang='lat'><strong>,</strong></span> <span class='ocrx_word' id='word_1_796' title='bbox 2721 2849 2814 2903; x_wconf 91' lang='lat' dir='ltr'><strong>sed</strong></span> <span class='ocrx_word' id='word_1_797' title='bbox 2843 2867 2872 2903; x_wconf 88' lang='lat' dir='ltr'><strong>a</strong></span> <span class='ocrx_word' id='word_1_798' title='bbox 2902 2851 3107 2903; x_wconf 76' lang='lat' dir='ltr'><strong>sa~culis</strong></span> <span class='ocrx_word' id='word_1_799' title='bbox 3148 2853 3196 2904; x_wconf 92' lang='lat' dir='ltr'><strong>in</strong></span> <span class='ocrx_word' id='word_1_800' title='bbox 3226 2853 3358 2905; x_wconf 84' lang='lat' dir='ltr'><strong>ca-lo</strong></span> <span class='ocrx_word' id='word_1_801' title='bbox 3389 2800 3676 2920; x_wconf 46' lang='lat' dir='ltr'><strong>ahﬂtngelis</strong></span> 
     </span>
    </p>
   </div>
   <div class='ocr_carea' id='block_1_109' title="bbox 2117 2920 3676 2991">
    <p class='ocr_par' dir='ltr' id='par_1_109' title="bbox 2117 2920 3676 2991">
     <span class='ocr_line' id='line_1_112' title="bbox 2117 2920 3676 2991; baseline 0.001 -19"><span class='ocrx_word' id='word_1_802' title='bbox 2117 2920 2333 2991; x_wconf 83' lang='lat' dir='ltr'><strong>adorata</strong></span> <span class='ocrx_word' id='word_1_803' title='bbox 2355 2961 2369 2983; x_wconf 98' lang='lat'><strong>,</strong></span> <span class='ocrx_word' id='word_1_804' title='bbox 2401 2935 2427 2991; x_wconf 65' lang='grc' dir='ltr'>ξι</span> <span class='ocrx_word' id='word_1_805' title='bbox 2461 2920 2692 2988; x_wconf 89' lang='lat' dir='ltr'><strong>patribus</strong></span> <span class='ocrx_word' id='word_1_806' title='bbox 2722 2920 2772 2972; x_wconf 93' lang='lat' dir='ltr'><strong>in</strong></span> <span class='ocrx_word' id='word_1_807' title='bbox 2805 2929 2940 2973; x_wconf 90' lang='lat' dir='ltr'><strong>terra</strong></span> <span class='ocrx_word' id='word_1_808' title='bbox 2981 2921 3267 2989; x_wconf 81' lang='lat' dir='ltr'><strong>gloriﬁcata</strong></span> <span class='ocrx_word' id='word_1_809' title='bbox 3295 2962 3310 2984; x_wconf 89' lang='lat'><strong>,</strong></span> <span class='ocrx_word' id='word_1_810' title='bbox 3343 2938 3372 2975; x_wconf 88' lang='lat' dir='ltr'><strong>a</strong></span> <span class='ocrx_word' id='word_1_811' title='bbox 3415 2924 3676 2991; x_wconf 81' lang='lat' dir='ltr'><strong>prepbetis</strong></span> 
     </span>
    </p>
   </div>
   <div class='ocr_carea' id='block_1_110' title="bbox 2118 2989 3676 3060">
    <p class='ocr_par' dir='ltr' id='par_1_110' title="bbox 2118 2989 3676 3060">
     <span class='ocr_line' id='line_1_113' title="bbox 2118 2989 3676 3060; baseline 0.002 -19"><span class='ocrx_word' id='word_1_812' title='bbox 2118 2989 2291 3043; x_wconf 89' lang='lat' dir='ltr'><strong>habita</strong></span> <span class='ocrx_word' id='word_1_813' title='bbox 2323 2991 2372 3044; x_wconf 92' lang='lat' dir='ltr'><strong>in</strong></span> <span class='ocrx_word' id='word_1_814' title='bbox 2401 2989 2624 3055; x_wconf 89' lang='lat' dir='ltr'><strong>honore,</strong></span> <span class='ocrx_word' id='word_1_815' title='bbox 2650 2991 2716 3043; x_wconf 87' lang='lat' dir='ltr'><strong>ab</strong></span> <span class='ocrx_word' id='word_1_816' title='bbox 2742 2991 2994 3057; x_wconf 89' lang='lat' dir='ltr'><strong>apostolis</strong></span> <span class='ocrx_word' id='word_1_817' title='bbox 3026 2991 3326 3060; x_wconf 66' lang='lat' dir='ltr'><strong>praedicata,</strong></span> <span class='ocrx_word' id='word_1_818' title='bbox 3352 2989 3429 3045; x_wconf 83' lang='lat' dir='ltr'><strong>ab</strong></span> <span class='ocrx_word' id='word_1_819' title='bbox 3447 2992 3676 3046; x_wconf 74' lang='lat' dir='ltr'><strong>Ecclesia</strong></span> 
     </span>
    </p>
   </div>
   <div class='ocr_carea' id='block_1_111' title="bbox 2118 3061 3675 3129">
    <p class='ocr_par' dir='ltr' id='par_1_111' title="bbox 2118 3061 3675 3129">
     <span class='ocr_line' id='line_1_114' title="bbox 2118 3061 3675 3129; baseline 0.001 -17"><span class='ocrx_word' id='word_1_820' title='bbox 2118 3062 2181 3113; x_wconf 89' lang='lat' dir='ltr'><strong>ad</strong></span> <span class='ocrx_word' id='word_1_821' title='bbox 2217 3061 2314 3114; x_wconf 88' lang='lat' dir='ltr'><strong>hoc</strong></span> <span class='ocrx_word' id='word_1_822' title='bbox 2343 3076 2508 3128; x_wconf 88' lang='lat' dir='ltr'><strong>usque</strong></span> <span class='ocrx_word' id='word_1_823' title='bbox 2538 3071 2739 3128; x_wconf 90' lang='lat' dir='ltr'><strong>tempus</strong></span> <span class='ocrx_word' id='word_1_824' title='bbox 2768 3061 3046 3114; x_wconf 89' lang='lat' dir='ltr'><strong>celebrata.</strong></span> <span class='ocrx_word' id='word_1_825' title='bbox 3085 3061 3401 3129; x_wconf 76' lang='lat' dir='ltr'><strong>Incipiamus</strong></span> <span class='ocrx_word' id='word_1_826' title='bbox 3422 3105 3436 3127; x_wconf 83' lang='lat'><strong>,</strong></span> <span class='ocrx_word' id='word_1_827' title='bbox 3466 3063 3633 3117; x_wconf 82' lang='lat' dir='ltr'><strong>dilecti</strong></span> <span class='ocrx_word' id='word_1_828' title='bbox 3658 3102 3675 3125; x_wconf 93' lang='lat'><strong>,</strong></span> 
     </span>
    </p>
   </div>
   <div class='ocr_carea' id='block_1_112' title="bbox 2118 3131 3678 3198">
    <p class='ocr_par' dir='ltr' id='par_1_112' title="bbox 2118 3131 3678 3198">
     <span class='ocr_line' id='line_1_115' title="bbox 2118 3131 3678 3198; baseline 0.001 -16"><span class='ocrx_word' id='word_1_829' title='bbox 2118 3147 2145 3182; x_wconf 89' lang='lat' dir='ltr'><strong>a</strong></span> <span class='ocrx_word' id='word_1_830' title='bbox 2174 3133 2320 3186; x_wconf 57' lang='lat' dir='ltr'><strong>carlis</strong></span> <span class='ocrx_word' id='word_1_831' title='bbox 2347 3148 2358 3183; x_wconf 93' lang='lat'>:</span> <span class='ocrx_word' id='word_1_832' title='bbox 2392 3131 2699 3198; x_wconf 87' lang='lat' dir='ltr'><strong>incipiamus</strong></span> <span class='ocrx_word' id='word_1_833' title='bbox 2727 3131 3007 3186; x_wconf 89' lang='lat' dir='ltr'><strong>ostendere</strong></span> <span class='ocrx_word' id='word_1_834' title='bbox 3028 3131 3300 3186; x_wconf 86' lang='lat' dir='ltr'><strong>Trinitatis</strong></span> <span class='ocrx_word' id='word_1_835' title='bbox 3329 3150 3488 3186; x_wconf 87' lang='lat' dir='ltr'><strong>unam</strong></span> <span class='ocrx_word' id='word_1_836' title='bbox 3515 3132 3678 3186; x_wconf 84' lang='lat' dir='ltr'><strong>domi-</strong></span> 
     </span>
    </p>
   </div>
   <div class='ocr_carea' id='block_1_113' title="bbox 2121 3201 3680 3271">
    <p class='ocr_par' dir='ltr' id='par_1_113' title="bbox 2121 3201 3680 3271">
     <span class='ocr_line' id='line_1_116' title="bbox 2121 3201 3680 3271; baseline 0.001 -17"><span class='ocrx_word' id='word_1_837' title='bbox 2121 3202 2408 3264; x_wconf 87' lang='lat' dir='ltr'><strong>nationem,</strong></span> <span class='ocrx_word' id='word_1_838' title='bbox 2439 3201 2798 3271; x_wconf 85' lang='lat' dir='ltr'><strong>adorationem</strong></span> <span class='ocrx_word' id='word_1_839' title='bbox 2825 3243 2840 3267; x_wconf 94' lang='lat'><strong>,</strong></span> <span class='ocrx_word' id='word_1_840' title='bbox 2871 3201 3304 3270; x_wconf 82' lang='lat' dir='ltr'><strong>magnitudinem.</strong></span> <span class='ocrx_word' id='word_1_841' title='bbox 3335 3204 3443 3258; x_wconf 91' lang='lat' dir='ltr'><strong>Ter</strong></span> <span class='ocrx_word' id='word_1_842' title='bbox 3471 3201 3680 3271; x_wconf 86' lang='lat' dir='ltr'><strong>superni</strong></span> 
     </span>
    </p>
   </div>
   <div class='ocr_carea' id='block_1_114' title="bbox 2120 3270 3686 3341">
    <p class='ocr_par' dir='ltr' id='par_1_114' title="bbox 2120 3270 3686 3341">
     <span class='ocr_line' id='line_1_117' title="bbox 2120 3270 3686 3341; baseline 0.001 -18"><span class='ocrx_word' id='word_1_843' title='bbox 2120 3273 2311 3340; x_wconf 88' lang='lat' dir='ltr'><strong>angeli,</strong></span> <span class='ocrx_word' id='word_1_844' title='bbox 2341 3279 2649 3341; x_wconf 76' lang='lat' dir='ltr'><strong>potestates,</strong></span> <span class='ocrx_word' id='word_1_845' title='bbox 2678 3270 2960 3325; x_wconf 90' lang='lat' dir='ltr'><strong>Cherubim</strong></span> <span class='ocrx_word' id='word_1_846' title='bbox 2987 3283 3040 3326; x_wconf 93' lang='lat' dir='ltr'><strong>et</strong></span> <span class='ocrx_word' id='word_1_847' title='bbox 3065 3273 3338 3340; x_wconf 86' lang='lat' dir='ltr'><strong>Seraphim</strong></span> <span class='ocrx_word' id='word_1_848' title='bbox 3373 3273 3522 3334; x_wconf 91' lang='lat' dir='ltr'><strong>illud,</strong></span> <span class='ocrx_word' id='word_1_849' title='bbox 3541 3270 3686 3327; x_wconf 63' lang='grc' dir='ltr'><strong>δαη-</strong></span> 
     </span>
    </p>
   </div>
   <div class='ocr_carea' id='block_1_115' title="bbox 2119 3342 3678 3407">
    <p class='ocr_par' dir='ltr' id='par_1_115' title="bbox 2119 3342 3678 3407">
     <span class='ocr_line' id='line_1_118' title="bbox 2119 3342 3678 3407; baseline 0.002 -13"><span class='ocrx_word' id='word_1_850' title='bbox 2119 3351 2227 3394; x_wconf 81' lang='lat' dir='ltr'><strong>ctus</strong></span> <span class='ocrx_word' id='word_1_851' title='bbox 2253 3384 2266 3406; x_wconf 90' lang='lat'><strong>,</strong></span> <span class='ocrx_word' id='word_1_852' title='bbox 2302 3343 2516 3396; x_wconf 80' lang='lat' dir='ltr'><strong>Sanctus</strong></span> <span class='ocrx_word' id='word_1_853' title='bbox 2541 3383 2555 3404; x_wconf 97' lang='lat'><strong>,</strong></span> <span class='ocrx_word' id='word_1_854' title='bbox 2589 3342 2838 3405; x_wconf 81' lang='lat' dir='ltr'><strong>Sanctus,</strong></span> <span class='ocrx_word' id='word_1_855' title='bbox 2869 3343 3164 3396; x_wconf 87' lang='lat' dir='ltr'><strong>incessabili</strong></span> <span class='ocrx_word' id='word_1_856' title='bbox 3190 3359 3283 3397; x_wconf 90' lang='lat' dir='ltr'><strong>ore</strong></span> <span class='ocrx_word' id='word_1_857' title='bbox 3315 3344 3678 3407; x_wconf 87' lang='lat' dir='ltr'><strong>modulantes.</strong></span> 
     </span>
    </p>
   </div>
   <div class='ocr_carea' id='block_1_116' title="bbox 2123 3412 3682 3482">
    <p class='ocr_par' dir='ltr' id='par_1_116' title="bbox 2123 3412 3682 3482">
     <span class='ocr_line' id='line_1_119' title="bbox 2123 3412 3682 3482; baseline 0.001 -16"><span class='ocrx_word' id='word_1_858' title='bbox 2123 3413 2175 3466; x_wconf 89' lang='lat' dir='ltr'><strong>in</strong></span> <span class='ocrx_word' id='word_1_859' title='bbox 2205 3429 2357 3466; x_wconf 90' lang='lat' dir='ltr'><strong>unam</strong></span> <span class='ocrx_word' id='word_1_860' title='bbox 2385 3412 2792 3465; x_wconf 88' lang='lat' dir='ltr'><strong>dominationem</strong></span> <span class='ocrx_word' id='word_1_861' title='bbox 2815 3413 3078 3467; x_wconf 77' lang='lat' dir='ltr'><strong>extollunt</strong></span> <span class='ocrx_word' id='word_1_862' title='bbox 3099 3414 3341 3481; x_wconf 86' lang='lat' dir='ltr'><strong>gloriam.</strong></span> <span class='ocrx_word' id='word_1_863' title='bbox 3371 3415 3506 3468; x_wconf 86' lang='lat' dir='ltr'><strong>Tres</strong></span> <span class='ocrx_word' id='word_1_864' title='bbox 3531 3429 3682 3482; x_wconf 85' lang='lat' dir='ltr'><strong>ange-</strong></span> 
     </span>
    </p>
   </div>
   <div class='ocr_carea' id='block_1_117' title="bbox 2124 3483 3680 3551">
    <p class='ocr_par' dir='ltr' id='par_1_117' title="bbox 2124 3483 3680 3551">
     <span class='ocr_line' id='line_1_120' title="bbox 2124 3483 3680 3551; baseline 0 -15"><span class='ocrx_word' id='word_1_865' title='bbox 2124 3485 2201 3536; x_wconf 90' lang='lat' dir='ltr'><strong>los</strong></span> <span class='ocrx_word' id='word_1_866' title='bbox 2217 3483 2478 3535; x_wconf 84' lang='lat' dir='ltr'><strong>Abraham</strong></span> <span class='ocrx_word' id='word_1_867' title='bbox 2495 3483 2790 3550; x_wconf 85' lang='lat' dir='ltr'><strong>patriarcha</strong></span> <span class='ocrx_word' id='word_1_868' title='bbox 2811 3484 2907 3536; x_wconf 88' lang='lat' dir='ltr'><strong>sub</strong></span> <span class='ocrx_word' id='word_1_869' title='bbox 2935 3499 3136 3551; x_wconf 90' lang='lat' dir='ltr'><strong>quercu</strong></span> <span class='ocrx_word' id='word_1_870' title='bbox 3169 3484 3402 3538; x_wconf 77' lang='lat' dir='ltr'><strong>illambre</strong></span> <span class='ocrx_word' id='word_1_871' title='bbox 3433 3486 3485 3538; x_wconf 92' lang='lat' dir='ltr'><strong>in</strong></span> <span class='ocrx_word' id='word_1_872' title='bbox 3515 3486 3680 3538; x_wconf 86' lang='lat' dir='ltr'><strong>taber-</strong></span> 
     </span>
    </p>
   </div>
   <div class='ocr_carea' id='block_1_118' title="bbox 2125 3553 3680 3623">
    <p class='ocr_par' dir='ltr' id='par_1_118' title="bbox 2125 3553 3680 3623">
     <span class='ocr_line' id='line_1_121' title="bbox 2125 3553 3680 3623; baseline 0.001 -17"><span class='ocrx_word' id='word_1_873' title='bbox 2125 3555 2310 3606; x_wconf 85' lang='lat' dir='ltr'><strong>naculo</strong></span> <span class='ocrx_word' id='word_1_874' title='bbox 2333 3568 2558 3606; x_wconf 88' lang='lat' dir='ltr'><strong>cernens</strong></span> <span class='ocrx_word' id='word_1_875' title='bbox 2583 3593 2598 3616; x_wconf 92' lang='lat'><strong>,</strong></span> <span class='ocrx_word' id='word_1_876' title='bbox 2631 3570 2784 3606; x_wconf 88' lang='lat' dir='ltr'><strong>uuam</strong></span> <span class='ocrx_word' id='word_1_877' title='bbox 2809 3553 3223 3608; x_wconf 82' lang='lat' dir='ltr'><strong>dominationem</strong></span> <span class='ocrx_word' id='word_1_878' title='bbox 3251 3565 3304 3608; x_wconf 90' lang='lat' dir='ltr'><strong>et</strong></span> <span class='ocrx_word' id='word_1_879' title='bbox 3330 3556 3680 3623; x_wconf 66' lang='lat' dir='ltr'><strong>aequalitatem</strong></span> 
     </span>
    </p>
   </div>
   <div class='ocr_carea' id='block_1_119' title="bbox 2125 3623 3681 3694">
    <p class='ocr_par' dir='ltr' id='par_1_119' title="bbox 2125 3623 3681 3694">
     <span class='ocr_line' id='line_1_122' title="bbox 2125 3623 3681 3694; baseline 0.001 -20"><span class='ocrx_word' id='word_1_880' title='bbox 2125 3625 2428 3691; x_wconf 84' lang='lat' dir='ltr'><strong>angelorum</strong></span> <span class='ocrx_word' id='word_1_881' title='bbox 2460 3623 2701 3677; x_wconf 89' lang='lat' dir='ltr'><strong>Triuitati</strong></span> <span class='ocrx_word' id='word_1_882' title='bbox 2731 3625 2986 3676; x_wconf 90' lang='lat' dir='ltr'><strong>attribuit.</strong></span> <span class='ocrx_word' id='word_1_883' title='bbox 3016 3624 3147 3678; x_wconf 88' lang='lat' dir='ltr'><strong>Tres</strong></span> <span class='ocrx_word' id='word_1_884' title='bbox 3177 3640 3300 3678; x_wconf 87' lang='lat' dir='ltr'><strong>vero</strong></span> <span class='ocrx_word' id='word_1_885' title='bbox 3325 3636 3452 3678; x_wconf 82' lang='lat' dir='ltr'><strong>situt</strong></span> <span class='ocrx_word' id='word_1_886' title='bbox 3476 3627 3642 3694; x_wconf 81' lang='lat' dir='ltr'><strong>angeli</strong></span> <span class='ocrx_word' id='word_1_887' title='bbox 3667 3641 3681 3686; x_wconf 70' lang='grc' dir='ltr'>ς</span> 
     </span>
    </p>
   </div>
   <div class='ocr_carea' id='block_1_120' title="bbox 2123 3694 3683 3754">
    <p class='ocr_par' dir='ltr' id='par_1_120' title="bbox 2123 3694 3683 3754">
     <span class='ocr_line' id='line_1_123' title="bbox 2123 3694 3683 3754; baseline -0.001 -6"><span class='ocrx_word' id='word_1_888' title='bbox 2123 3706 2177 3748; x_wconf 91' lang='lat' dir='ltr'><strong>et</strong></span> <span class='ocrx_word' id='word_1_889' title='bbox 2215 3710 2438 3754; x_wconf 77' lang='lat' dir='ltr'><strong>quercus</strong></span> <span class='ocrx_word' id='word_1_890' title='bbox 2477 3703 2530 3747; x_wconf 92' lang='lat' dir='ltr'><strong>et</strong></span> <span class='ocrx_word' id='word_1_891' title='bbox 2575 3695 2970 3747; x_wconf 85' lang='lat' dir='ltr'><strong>tabernaculum</strong></span> <span class='ocrx_word' id='word_1_892' title='bbox 3019 3705 3071 3747; x_wconf 92' lang='lat' dir='ltr'><strong>et</strong></span> <span class='ocrx_word' id='word_1_893' title='bbox 3115 3694 3418 3751; x_wconf 74' lang='lat' dir='ltr'><strong>Abraham:</strong></span> <span class='ocrx_word' id='word_1_894' title='bbox 3467 3706 3520 3750; x_wconf 89' lang='lat' dir='ltr'><strong>et</strong></span> <span class='ocrx_word' id='word_1_895' title='bbox 3560 3710 3683 3748; x_wconf 76' lang='lat' dir='ltr'><strong>crux</strong></span> 
     </span>
    </p>
   </div>
   <div class='ocr_carea' id='block_1_121' title="bbox 2124 3764 3687 3833">
    <p class='ocr_par' dir='ltr' id='par_1_121' title="bbox 2124 3764 3687 3833">
     <span class='ocr_line' id='line_1_124' title="bbox 2124 3764 3687 3833; baseline 0.001 -17"><span class='ocrx_word' id='word_1_896' title='bbox 2124 3775 2176 3817; x_wconf 87' lang='lat' dir='ltr'><strong>et</strong></span> <span class='ocrx_word' id='word_1_897' title='bbox 2219 3765 2451 3818; x_wconf 84' lang='lat' dir='ltr'><strong>Ecclesia</strong></span> <span class='ocrx_word' id='word_1_898' title='bbox 2495 3772 2550 3817; x_wconf 90' lang='lat' dir='ltr'><strong>et</strong></span> <span class='ocrx_word' id='word_1_899' title='bbox 2593 3779 2770 3818; x_wconf 88' lang='lat' dir='ltr'><strong>semen</strong></span> <span class='ocrx_word' id='word_1_900' title='bbox 2815 3766 3105 3818; x_wconf 91' lang='lat' dir='ltr'><strong>hominum.</strong></span> <span class='ocrx_word' id='word_1_901' title='bbox 3147 3764 3260 3833; x_wconf 89' lang='lat' dir='ltr'><strong>Ipse</strong></span> <span class='ocrx_word' id='word_1_902' title='bbox 3304 3766 3570 3819; x_wconf 69' lang='lat' dir='ltr'><strong>Abraham</strong></span> <span class='ocrx_word' id='word_1_903' title='bbox 3607 3768 3687 3818; x_wconf 74' lang='lat' dir='ltr'><strong>vi:</strong></span> 
     </span>
    </p>
   </div>
   <div class='ocr_carea' id='block_1_122' title="bbox 2127 3834 3687 3901">
    <p class='ocr_par' dir='ltr' id='par_1_122' title="bbox 2127 3834 3687 3901">
     <span class='ocr_line' id='line_1_125' title="bbox 2127 3834 3687 3901; baseline 0.001 -15"><span class='ocrx_word' id='word_1_904' title='bbox 2127 3835 2282 3888; x_wconf 85' lang='lat' dir='ltr'><strong>trium</strong></span> <span class='ocrx_word' id='word_1_905' title='bbox 2313 3834 2514 3888; x_wconf 88' lang='lat' dir='ltr'><strong>dierum</strong></span> <span class='ocrx_word' id='word_1_906' title='bbox 2557 3835 2684 3901; x_wconf 88' lang='lat' dir='ltr'><strong>ivit,</strong></span> <span class='ocrx_word' id='word_1_907' title='bbox 2713 3847 2771 3888; x_wconf 91' lang='lat' dir='ltr'><strong>ut</strong></span> <span class='ocrx_word' id='word_1_908' title='bbox 2810 3837 2969 3888; x_wconf 88' lang='lat' dir='ltr'><strong>lilium</strong></span> <span class='ocrx_word' id='word_1_909' title='bbox 2999 3850 3148 3888; x_wconf 91' lang='lat' dir='ltr'><strong>suum</strong></span> <span class='ocrx_word' id='word_1_910' title='bbox 3185 3837 3326 3890; x_wconf 86' lang='lat' dir='ltr'><strong>Isaac</strong></span> <span class='ocrx_word' id='word_1_911' title='bbox 3355 3837 3407 3889; x_wconf 91' lang='lat' dir='ltr'><strong>in</strong></span> <span class='ocrx_word' id='word_1_912' title='bbox 3440 3837 3687 3890; x_wconf 81' lang='lat' dir='ltr'><strong>holocau—</strong></span> 
     </span>
    </p>
   </div>
   <div class='ocr_carea' id='block_1_123' title="bbox 2124 3903 3690 3960">
    <p class='ocr_par' dir='ltr' id='par_1_123' title="bbox 2124 3903 3690 3960">
     <span class='ocr_line' id='line_1_126' title="bbox 2124 3903 3690 3960; baseline 0.003 -4"><span class='ocrx_word' id='word_1_913' title='bbox 2124 3915 2260 3956; x_wconf 87' lang='lat' dir='ltr'><strong>stum</strong></span> <span class='ocrx_word' id='word_1_914' title='bbox 2304 3905 2411 3958; x_wconf 86' lang='lat' dir='ltr'><strong>Deo</strong></span> <span class='ocrx_word' id='word_1_915' title='bbox 2441 3903 2674 3958; x_wconf 67' lang='lat' dir='ltr'><strong>offerret.</strong></span> <span class='ocrx_word' id='word_1_916' title='bbox 2706 3905 2885 3960; x_wconf 88' lang='lat' dir='ltr'><strong>Trium</strong></span> <span class='ocrx_word' id='word_1_917' title='bbox 2931 3907 3132 3960; x_wconf 88' lang='lat' dir='ltr'><strong>dierum</strong></span> <span class='ocrx_word' id='word_1_918' title='bbox 3179 3907 3280 3959; x_wconf 87' lang='lat' dir='ltr'><strong>iter</strong></span> <span class='ocrx_word' id='word_1_919' title='bbox 3324 3917 3410 3960; x_wconf 89' lang='lat' dir='ltr'><strong>est</strong></span> <span class='ocrx_word' id='word_1_920' title='bbox 3448 3919 3508 3960; x_wconf 90' lang='lat' dir='ltr'><strong>ut</strong></span> <span class='ocrx_word' id='word_1_921' title='bbox 3549 3907 3690 3960; x_wconf 87' lang='lat' dir='ltr'><strong>Isaac</strong></span> 
     </span>
    </p>
   </div>
   <div class='ocr_carea' id='block_1_124' title="bbox 2124 3974 3687 4045">
    <p class='ocr_par' dir='ltr' id='par_1_124' title="bbox 2124 3974 3687 4045">
     <span class='ocr_line' id='line_1_127' title="bbox 2124 3974 3687 4045; baseline 0.002 -21"><span class='ocrx_word' id='word_1_922' title='bbox 2124 3974 2409 4037; x_wconf 69' lang='lat' dir='ltr'><strong>offeratur;</strong></span> <span class='ocrx_word' id='word_1_923' title='bbox 2457 3976 2611 4028; x_wconf 90' lang='lat' dir='ltr'><strong>trium</strong></span> <span class='ocrx_word' id='word_1_924' title='bbox 2640 3975 2842 4029; x_wconf 88' lang='lat' dir='ltr'><strong>dierum</strong></span> <span class='ocrx_word' id='word_1_925' title='bbox 2883 3985 2966 4030; x_wconf 90' lang='lat' dir='ltr'><strong>est</strong></span> <span class='ocrx_word' id='word_1_926' title='bbox 3007 3978 3180 4044; x_wconf 87' lang='lat' dir='ltr'><strong>passio</strong></span> <span class='ocrx_word' id='word_1_927' title='bbox 3209 3975 3408 4030; x_wconf 82' lang='lat' dir='ltr'><strong>ChriSti</strong></span> <span class='ocrx_word' id='word_1_928' title='bbox 3449 3993 3543 4045; x_wconf 84' lang='lat' dir='ltr'><strong>per</strong></span> <span class='ocrx_word' id='word_1_929' title='bbox 3566 3992 3687 4029; x_wconf 91' lang='lat' dir='ltr'><strong>eru-</strong></span> 
     </span>
    </p>
   </div>
   <div class='ocr_carea' id='block_1_125' title="bbox 2125 4045 3682 4116">
    <p class='ocr_par' dir='ltr' id='par_1_125' title="bbox 2125 4045 3682 4116">
     <span class='ocr_line' id='line_1_128' title="bbox 2125 4045 3682 4116; baseline 0.004 -24"><span class='ocrx_word' id='word_1_930' title='bbox 2125 4061 2260 4116; x_wconf 70' lang='lat' dir='ltr'><strong>cum.</strong></span> <span class='ocrx_word' id='word_1_931' title='bbox 2310 4045 2459 4112; x_wconf 84' lang='lat' dir='ltr'><strong>Quod</strong></span> <span class='ocrx_word' id='word_1_932' title='bbox 2504 4054 2679 4098; x_wconf 86' lang='lat' dir='ltr'><strong>autem</strong></span> <span class='ocrx_word' id='word_1_933' title='bbox 2725 4047 2918 4099; x_wconf 83' lang='lat' dir='ltr'><strong>Christi</strong></span> <span class='ocrx_word' id='word_1_934' title='bbox 2969 4048 3275 4116; x_wconf 81' lang='lat' dir='ltr'><strong>mysterium</strong></span> <span class='ocrx_word' id='word_1_935' title='bbox 3328 4049 3590 4101; x_wconf 77' lang='lat' dir='ltr'><strong>Abraham</strong></span> <span class='ocrx_word' id='word_1_936' title='bbox 3633 4048 3682 4099; x_wconf 90' lang='lat' dir='ltr'><strong>in</strong></span> 
     </span>
    </p>
   </div>
   <div class='ocr_carea' id='block_1_126' title="bbox 2128 4115 3675 4183">
    <p class='ocr_par' dir='ltr' id='par_1_126' title="bbox 2128 4115 3675 4183">
     <span class='ocr_line' id='line_1_129' title="bbox 2128 4115 3675 4183; baseline 0.001 -17"><span class='ocrx_word' id='word_1_937' title='bbox 2128 4115 2305 4169; x_wconf 87' lang='lat' dir='ltr'><strong>lsaaeo</strong></span> <span class='ocrx_word' id='word_1_938' title='bbox 2359 4117 2758 4183; x_wconf 79' lang='lat' dir='ltr'><strong>specularetur,</strong></span> <span class='ocrx_word' id='word_1_939' title='bbox 2813 4115 3122 4170; x_wconf 82' lang='lat' dir='ltr'><strong>testificatur</strong></span> <span class='ocrx_word' id='word_1_940' title='bbox 3171 4117 3420 4172; x_wconf 78' lang='lat' dir='ltr'><strong>ChriStus</strong></span> <span class='ocrx_word' id='word_1_941' title='bbox 3465 4120 3675 4172; x_wconf 86' lang='lat' dir='ltr'><strong>dicens:</strong></span> 
     </span>
    </p>
   </div>
   <div class='ocr_carea' id='block_1_127' title="bbox 2129 4185 3669 4254">
    <p class='ocr_par' dir='ltr' id='par_1_127' title="bbox 2129 4185 3669 4254">
     <span class='ocr_line' id='line_1_130' title="bbox 2129 4185 3669 4254; baseline -0.001 -16"><span class='ocrx_word' id='word_1_942' title='bbox 2129 4185 2377 4238; x_wconf 83' lang='lat' dir='ltr'><strong>Abraham</strong></span> <span class='ocrx_word' id='word_1_943' title='bbox 2405 4196 2542 4254; x_wconf 84' lang='lat' dir='ltr'><strong>pater</strong></span> <span class='ocrx_word' id='word_1_944' title='bbox 2572 4197 2726 4239; x_wconf 84' lang='lat' dir='ltr'><strong>vester</strong></span> <span class='ocrx_word' id='word_1_945' title='bbox 2751 4188 3011 4239; x_wconf 67' lang='lat' dir='ltr'><strong>exsultavit</strong></span> <span class='ocrx_word' id='word_1_946' title='bbox 3040 4197 3092 4239; x_wconf 88' lang='lat' dir='ltr'><strong>ut</strong></span> <span class='ocrx_word' id='word_1_947' title='bbox 3123 4188 3305 4240; x_wconf 80' lang='lat' dir='ltr'><strong>videret</strong></span> <span class='ocrx_word' id='word_1_948' title='bbox 3333 4190 3466 4241; x_wconf 81' lang='lat' dir='ltr'><strong>diem</strong></span> <span class='ocrx_word' id='word_1_949' title='bbox 3489 4202 3669 4240; x_wconf 73' lang='lat' dir='ltr'><strong>uicani:</strong></span> 
     </span>
    </p>
   </div>
   <div class='ocr_carea' id='block_1_128' title="bbox 2125 4255 3674 4327">
    <p class='ocr_par' dir='ltr' id='par_1_128' title="bbox 2125 4255 3674 4327">
     <span class='ocr_line' id='line_1_131' title="bbox 2125 4255 3674 4327; baseline 0.001 -19"><span class='ocrx_word' id='word_1_950' title='bbox 2125 4266 2170 4308; x_wconf 87' lang='lat' dir='ltr'><strong>et</strong></span> <span class='ocrx_word' id='word_1_951' title='bbox 2210 4257 2331 4308; x_wconf 89' lang='lat' dir='ltr'><strong>vidit</strong></span> <span class='ocrx_word' id='word_1_952' title='bbox 2369 4265 2412 4327; x_wconf 79' lang='lat' dir='ltr'><strong>et</strong></span> <span class='ocrx_word' id='word_1_953' title='bbox 2443 4257 2638 4325; x_wconf 78' lang='lat' dir='ltr'><strong>gavisus</strong></span> <span class='ocrx_word' id='word_1_954' title='bbox 2677 4265 2747 4309; x_wconf 82' lang='lat' dir='ltr'><strong>est</strong></span> <span class='ocrx_word' id='word_1_955' title='bbox 2773 4255 2964 4326; x_wconf 86' lang='lat' dir='ltr'><strong>(Joan.</strong></span> <span class='ocrx_word' id='word_1_956' title='bbox 2996 4257 3048 4310; x_wconf 91' lang='lat'><strong>8.</strong></span> <span class='ocrx_word' id='word_1_957' title='bbox 3078 4258 3144 4311; x_wconf 84' lang='lat'><strong>56</strong></span> <span class='ocrx_word' id='word_1_958' title='bbox 3171 4262 3208 4327; x_wconf 91' lang='grc'><strong>).</strong></span> <span class='ocrx_word' id='word_1_959' title='bbox 3264 4258 3460 4312; x_wconf 87' lang='lat' dir='ltr'><strong>Tribus</strong></span> <span class='ocrx_word' id='word_1_960' title='bbox 3501 4258 3674 4310; x_wconf 83' lang='lat' dir='ltr'><strong>diebus</strong></span> 
     </span>
    </p>
   </div>
   <div class='ocr_carea' id='block_1_129' title="bbox 2125 4325 3681 4396">
    <p class='ocr_par' dir='ltr' id='par_1_129' title="bbox 2125 4325 3681 4396">
     <span class='ocr_line' id='line_1_132' title="bbox 2125 4325 3681 4396; baseline 0.001 -17"><span class='ocrx_word' id='word_1_961' title='bbox 2125 4327 2331 4396; x_wconf 80' lang='lat' dir='ltr'><strong>Moyses</strong></span> <span class='ocrx_word' id='word_1_962' title='bbox 2364 4325 2468 4396; x_wconf 73' lang='lat' dir='ltr'><strong>iter</strong></span> <span class='ocrx_word' id='word_1_963' title='bbox 2501 4326 2627 4393; x_wconf 88' lang='lat' dir='ltr'><strong>agit,</strong></span> <span class='ocrx_word' id='word_1_964' title='bbox 2671 4336 2726 4379; x_wconf 92' lang='lat' dir='ltr'><strong>ut</strong></span> <span class='ocrx_word' id='word_1_965' title='bbox 2760 4325 2995 4380; x_wconf 87' lang='lat' dir='ltr'><strong>immolet</strong></span> <span class='ocrx_word' id='word_1_966' title='bbox 3033 4325 3178 4392; x_wconf 60' lang='lat' dir='ltr'><strong>Deo,</strong></span> <span class='ocrx_word' id='word_1_967' title='bbox 3215 4329 3343 4382; x_wconf 89' lang='lat' dir='ltr'><strong>dicit</strong></span> <span class='ocrx_word' id='word_1_968' title='bbox 3379 4330 3514 4384; x_wconf 85' lang='lat' dir='ltr'><strong>enim</strong></span> <span class='ocrx_word' id='word_1_969' title='bbox 3544 4327 3681 4381; x_wconf 78' lang='lat' dir='ltr'><strong>Pha-</strong></span> 
     </span>
    </p>
   </div>
   <div class='ocr_carea' id='block_1_130' title="bbox 2126 4394 3688 4467">
    <p class='ocr_par' dir='ltr' id='par_1_130' title="bbox 2126 4394 3688 4467">
     <span class='ocr_line' id='line_1_133' title="bbox 2126 4394 3688 4467; baseline 0.002 -21"><span class='ocrx_word' id='word_1_970' title='bbox 2126 4394 2273 4467; x_wconf 80' lang='lat' dir='ltr'><strong>raoni</strong></span> <span class='ocrx_word' id='word_1_971' title='bbox 2313 4415 2325 4448; x_wconf 93' lang='lat'><strong>:</strong></span> <span class='ocrx_word' id='word_1_972' title='bbox 2363 4394 2508 4467; x_wconf 58' lang='lat' dir='ltr'><strong>Vinia</strong></span> <span class='ocrx_word' id='word_1_973' title='bbox 2551 4399 2700 4448; x_wconf 85' lang='lat' dir='ltr'><strong>trium</strong></span> <span class='ocrx_word' id='word_1_974' title='bbox 2736 4397 2931 4467; x_wconf 81' lang='lat' dir='ltr'><strong>dierum</strong></span> <span class='ocrx_word' id='word_1_975' title='bbox 2974 4397 3152 4451; x_wconf 84' lang='lat' dir='ltr'><strong>ibimus</strong></span> <span class='ocrx_word' id='word_1_976' title='bbox 3194 4399 3261 4452; x_wconf 86' lang='lat' dir='ltr'><strong>ad</strong></span> <span class='ocrx_word' id='word_1_977' title='bbox 3303 4401 3688 4467; x_wconf 78' lang='lat' dir='ltr'><strong>sacriﬁcandum</strong></span> 
     </span>
    </p>
   </div>
   <div class='ocr_carea' id='block_1_131' title="bbox 2129 4463 3695 4538">
    <p class='ocr_par' dir='ltr' id='par_1_131' title="bbox 2129 4463 3695 4538">
     <span class='ocr_line' id='line_1_134' title="bbox 2129 4463 3695 4538; baseline 0.001 -18"><span class='ocrx_word' id='word_1_978' title='bbox 2129 4466 2343 4520; x_wconf 85' lang='lat' dir='ltr'><strong>Domino</strong></span> <span class='ocrx_word' id='word_1_979' title='bbox 2382 4463 2488 4519; x_wconf 86' lang='lat' dir='ltr'><strong>Deo</strong></span> <span class='ocrx_word' id='word_1_980' title='bbox 2528 4477 2695 4520; x_wconf 82' lang='lat' dir='ltr'><strong>nostro</strong></span> <span class='ocrx_word' id='word_1_981' title='bbox 2723 4466 2931 4538; x_wconf 78' lang='lat' dir='ltr'><strong>(Exod.</strong></span> <span class='ocrx_word' id='word_1_982' title='bbox 2977 4469 3028 4522; x_wconf 82' lang='grc'><strong>5.</strong></span> <span class='ocrx_word' id='word_1_983' title='bbox 3075 4468 3206 4538; x_wconf 79' lang='grc'><strong>18).</strong></span> <span class='ocrx_word' id='word_1_984' title='bbox 3246 4470 3380 4523; x_wconf 83' lang='lat' dir='ltr'><strong>Tres</strong></span> <span class='ocrx_word' id='word_1_985' title='bbox 3424 4463 3695 4523; x_wconf 80' lang='lat' dir='ltr'><strong>mensuras</strong></span> 
     </span>
    </p>
   </div>
   <div class='ocr_carea' id='block_1_132' title="bbox 2125 4537 3691 4608">
    <p class='ocr_par' dir='ltr' id='par_1_132' title="bbox 2125 4537 3691 4608">
     <span class='ocr_line' id='line_1_135' title="bbox 2125 4537 3691 4608; baseline 0 -17"><span class='ocrx_word' id='word_1_986' title='bbox 2125 4539 2310 4591; x_wconf 75' lang='lat' dir='ltr'><strong>simila:</strong></span> <span class='ocrx_word' id='word_1_987' title='bbox 2338 4538 2466 4590; x_wconf 84' lang='lat' dir='ltr'><strong>Sara</strong></span> <span class='ocrx_word' id='word_1_988' title='bbox 2494 4537 2775 4607; x_wconf 86' lang='lat' dir='ltr'><strong>accipiens,</strong></span> <span class='ocrx_word' id='word_1_989' title='bbox 2807 4537 3175 4592; x_wconf 82' lang='lat' dir='ltr'><strong>subcineritios</strong></span> <span class='ocrx_word' id='word_1_990' title='bbox 3205 4555 3369 4608; x_wconf 89' lang='lat' dir='ltr'><strong>panes</strong></span> <span class='ocrx_word' id='word_1_991' title='bbox 3397 4539 3523 4593; x_wconf 85' lang='lat' dir='ltr'><strong>fecit</strong></span> <span class='ocrx_word' id='word_1_992' title='bbox 3548 4558 3561 4591; x_wconf 93' lang='lat'>:</span> <span class='ocrx_word' id='word_1_993' title='bbox 3589 4551 3691 4592; x_wconf 88' lang='lat' dir='ltr'><strong>tres</strong></span> 
     </span>
    </p>
   </div>
   <div class='ocr_carea' id='block_1_133' title="bbox 2125 4608 3695 4678">
    <p class='ocr_par' dir='ltr' id='par_1_133' title="bbox 2125 4608 3695 4678">
     <span class='ocr_line' id='line_1_136' title="bbox 2125 4608 3695 4678; baseline 0 -16"><span class='ocrx_word' id='word_1_994' title='bbox 2125 4608 2618 4678; x_wconf 46' lang='lat' dir='ltr'><strong>tnensurgsimihe</strong></span> <span class='ocrx_word' id='word_1_995' title='bbox 2657 4618 2703 4660; x_wconf 83' lang='lat' dir='ltr'><strong>et</strong></span> <span class='ocrx_word' id='word_1_996' title='bbox 2746 4608 2872 4662; x_wconf 89' lang='lat' dir='ltr'><strong>Sara</strong></span> <span class='ocrx_word' id='word_1_997' title='bbox 2915 4619 2968 4662; x_wconf 93' lang='lat' dir='ltr'><strong>et</strong></span> <span class='ocrx_word' id='word_1_998' title='bbox 3005 4609 3328 4663; x_wconf 86' lang='lat' dir='ltr'><strong>subcineritii</strong></span> <span class='ocrx_word' id='word_1_999' title='bbox 3375 4624 3539 4678; x_wconf 86' lang='lat' dir='ltr'><strong>panes</strong></span> <span class='ocrx_word' id='word_1_1000' title='bbox 3577 4620 3695 4662; x_wconf 89' lang='lat' dir='ltr'><strong>sunt</strong></span> 
     </span>
    </p>
   </div>
   <div class='ocr_carea' id='block_1_134' title="bbox 2129 4677 3695 4747">
    <p class='ocr_par' dir='ltr' id='par_1_134' title="bbox 2129 4677 3695 4747">
     <span class='ocr_line' id='line_1_137' title="bbox 2129 4677 3695 4747; baseline 0 -15"><span class='ocrx_word' id='word_1_1001' title='bbox 2129 4679 2316 4747; x_wconf 83' lang='lat' dir='ltr'><strong>triplex</strong></span> <span class='ocrx_word' id='word_1_1002' title='bbox 2353 4677 2480 4730; x_wconf 81' lang='lat' dir='ltr'><strong>fides</strong></span> <span class='ocrx_word' id='word_1_1003' title='bbox 2505 4719 2519 4742; x_wconf 93' lang='lat'><strong>,</strong></span> <span class='ocrx_word' id='word_1_1004' title='bbox 2551 4688 2603 4732; x_wconf 90' lang='lat' dir='ltr'><strong>et</strong></span> <span class='ocrx_word' id='word_1_1005' title='bbox 2637 4678 2867 4732; x_wconf 87' lang='lat' dir='ltr'><strong>Ecclesia</strong></span> <span class='ocrx_word' id='word_1_1006' title='bbox 2898 4679 2949 4732; x_wconf 90' lang='lat' dir='ltr'><strong>in</strong></span> <span class='ocrx_word' id='word_1_1007' title='bbox 2980 4680 3288 4734; x_wconf 86' lang='lat' dir='ltr'><strong>abscondito</strong></span> <span class='ocrx_word' id='word_1_1008' title='bbox 3313 4677 3495 4733; x_wconf 83' lang='lat' dir='ltr'><strong>cordis</strong></span> <span class='ocrx_word' id='word_1_1009' title='bbox 3524 4680 3695 4734; x_wconf 80' lang='lat' dir='ltr'><strong>homi-</strong></span> 
     </span>
    </p>
   </div>
   <div class='ocr_carea' id='block_1_135' title="bbox 2127 4748 3696 4819">
    <p class='ocr_par' dir='ltr' id='par_1_135' title="bbox 2127 4748 3696 4819">
     <span class='ocr_line' id='line_1_138' title="bbox 2127 4748 3696 4819; baseline 0.001 -18"><span class='ocrx_word' id='word_1_1010' title='bbox 2127 4764 2251 4801; x_wconf 90' lang='lat' dir='ltr'><strong>num</strong></span> <span class='ocrx_word' id='word_1_1011' title='bbox 2300 4757 2528 4819; x_wconf 87' lang='lat' dir='ltr'><strong>servata.</strong></span> <span class='ocrx_word' id='word_1_1012' title='bbox 2577 4748 2707 4802; x_wconf 91' lang='lat' dir='ltr'><strong>Tres</strong></span> <span class='ocrx_word' id='word_1_1013' title='bbox 2745 4750 2917 4819; x_wconf 88' lang='lat' dir='ltr'><strong>virgas</strong></span> <span class='ocrx_word' id='word_1_1014' title='bbox 2953 4749 3118 4803; x_wconf 86' lang='lat' dir='ltr'><strong>Jaeob</strong></span> <span class='ocrx_word' id='word_1_1015' title='bbox 3158 4756 3208 4802; x_wconf 89' lang='lat' dir='ltr'><strong>in</strong></span> <span class='ocrx_word' id='word_1_1016' title='bbox 3249 4765 3437 4819; x_wconf 85' lang='lat' dir='ltr'><strong>aquam</strong></span> <span class='ocrx_word' id='word_1_1017' title='bbox 3481 4752 3696 4819; x_wconf 83' lang='lat' dir='ltr'><strong>injecit,</strong></span> 
     </span>
    </p>
   </div>
   <div class='ocr_carea' id='block_1_136' title="bbox 2127 4818 3697 4890">
    <p class='ocr_par' dir='ltr' id='par_1_136' title="bbox 2127 4818 3697 4890">
     <span class='ocr_line' id='line_1_139' title="bbox 2127 4818 3697 4890; baseline 0.001 -19"><span class='ocrx_word' id='word_1_1018' title='bbox 2127 4819 2314 4890; x_wconf 82' lang='lat' dir='ltr'><strong>ovibus</strong></span> <span class='ocrx_word' id='word_1_1019' title='bbox 2341 4818 2535 4871; x_wconf 86' lang='lat' dir='ltr'><strong>Labaui</strong></span> <span class='ocrx_word' id='word_1_1020' title='bbox 2567 4827 2744 4890; x_wconf 68' lang='lat' dir='ltr'><strong>potum</strong></span> <span class='ocrx_word' id='word_1_1021' title='bbox 2773 4818 2918 4872; x_wconf 86' lang='lat' dir='ltr'><strong>dedit</strong></span> <span class='ocrx_word' id='word_1_1022' title='bbox 2946 4837 2958 4871; x_wconf 91' lang='lat'><strong>:</strong></span> <span class='ocrx_word' id='word_1_1023' title='bbox 2987 4831 3094 4874; x_wconf 87' lang='lat' dir='ltr'><strong>tres</strong></span> <span class='ocrx_word' id='word_1_1024' title='bbox 3118 4818 3308 4890; x_wconf 58' lang='lat' dir='ltr'><strong>virgae,</strong></span> <span class='ocrx_word' id='word_1_1025' title='bbox 3333 4835 3471 4887; x_wconf 86' lang='lat' dir='ltr'><strong>aqua</strong></span> <span class='ocrx_word' id='word_1_1026' title='bbox 3496 4818 3551 4874; x_wconf 83' lang='lat' dir='ltr'><strong>et</strong></span> <span class='ocrx_word' id='word_1_1027' title='bbox 3573 4835 3697 4873; x_wconf 76' lang='lat' dir='ltr'><strong>oves</strong></span> 
     </span>
    </p>
   </div>
   <div class='ocr_carea' id='block_1_137' title="bbox 2127 4889 3700 4959">
    <p class='ocr_par' dir='ltr' id='par_1_137' title="bbox 2127 4889 3700 4959">
     <span class='ocr_line' id='line_1_140' title="bbox 2127 4889 3700 4959; baseline 0 -18"><span class='ocrx_word' id='word_1_1028' title='bbox 2127 4889 2372 4959; x_wconf 78' lang='lat' dir='ltr'><strong>bibentes</strong></span> <span class='ocrx_word' id='word_1_1029' title='bbox 2395 4929 2409 4950; x_wconf 91' lang='lat'><strong>,</strong></span> <span class='ocrx_word' id='word_1_1030' title='bbox 2430 4899 2564 4959; x_wconf 86' lang='lat' dir='ltr'><strong>sunt</strong></span> <span class='ocrx_word' id='word_1_1031' title='bbox 2595 4889 2843 4946; x_wconf 82' lang='lat' dir='ltr'><strong>Trinitas,</strong></span> <span class='ocrx_word' id='word_1_1032' title='bbox 2874 4890 3126 4956; x_wconf 87' lang='lat' dir='ltr'><strong>baptisma</strong></span> <span class='ocrx_word' id='word_1_1033' title='bbox 3159 4889 3214 4944; x_wconf 82' lang='lat' dir='ltr'><strong>et</strong></span> <span class='ocrx_word' id='word_1_1034' title='bbox 3253 4893 3478 4959; x_wconf 87' lang='lat' dir='ltr'><strong>populus</strong></span> <span class='ocrx_word' id='word_1_1035' title='bbox 3511 4891 3700 4945; x_wconf 85' lang='lat' dir='ltr'><strong>illumi—</strong></span> 
     </span>
    </p>
   </div>
   <div class='ocr_carea' id='block_1_138' title="bbox 2129 4957 3698 5018">
    <p class='ocr_par' dir='ltr' id='par_1_138' title="bbox 2129 4957 3698 5018">
     <span class='ocr_line' id='line_1_141' title="bbox 2129 4957 3698 5018; baseline 0 -7"><span class='ocrx_word' id='word_1_1036' title='bbox 2129 4969 2303 5013; x_wconf 90' lang='lat' dir='ltr'><strong>natus.</strong></span> <span class='ocrx_word' id='word_1_1037' title='bbox 2333 4957 2522 5012; x_wconf 88' lang='lat' dir='ltr'><strong>Tribus</strong></span> <span class='ocrx_word' id='word_1_1038' title='bbox 2549 4959 2733 5012; x_wconf 90' lang='lat' dir='ltr'><strong>diebus</strong></span> <span class='ocrx_word' id='word_1_1039' title='bbox 2758 4967 2810 5012; x_wconf 89' lang='lat' dir='ltr'><strong>et</strong></span> <span class='ocrx_word' id='word_1_1040' title='bbox 2839 4960 3003 5012; x_wconf 89' lang='lat' dir='ltr'><strong>tribus</strong></span> <span class='ocrx_word' id='word_1_1041' title='bbox 3031 4957 3272 5014; x_wconf 82' lang='lat' dir='ltr'><strong>noctibus</strong></span> <span class='ocrx_word' id='word_1_1042' title='bbox 3296 4957 3462 5018; x_wconf 80' lang='lat' dir='ltr'><strong>Jonas</strong></span> <span class='ocrx_word' id='word_1_1043' title='bbox 3503 4963 3553 5015; x_wconf 90' lang='lat' dir='ltr'><strong>in</strong></span> <span class='ocrx_word' id='word_1_1044' title='bbox 3584 4975 3698 5015; x_wconf 86' lang='lat' dir='ltr'><strong>cete</strong></span> 
     </span>
    </p>
   </div>
   <div class='ocr_carea' id='block_1_139' title="bbox 2127 5029 3701 5102">
    <p class='ocr_par' dir='ltr' id='par_1_139' title="bbox 2127 5029 3701 5102">
     <span class='ocr_line' id='line_1_142' title="bbox 2127 5029 3701 5102; baseline 0.001 -21"><span class='ocrx_word' id='word_1_1045' title='bbox 2127 5030 2225 5102; x_wconf 72' lang='lat' dir='ltr'><strong>fuit</strong></span> <span class='ocrx_word' id='word_1_1046' title='bbox 2254 5049 2268 5085; x_wconf 88' lang='lat'><strong>:</strong></span> <span class='ocrx_word' id='word_1_1047' title='bbox 2294 5040 2400 5082; x_wconf 90' lang='lat' dir='ltr'><strong>tres</strong></span> <span class='ocrx_word' id='word_1_1048' title='bbox 2441 5029 2552 5082; x_wconf 89' lang='lat' dir='ltr'><strong>dies</strong></span> <span class='ocrx_word' id='word_1_1049' title='bbox 2578 5039 2654 5102; x_wconf 65' lang='lat' dir='ltr'><strong>et</strong></span> <span class='ocrx_word' id='word_1_1050' title='bbox 2677 5039 2859 5102; x_wconf 73' lang='lat' dir='ltr'><strong>noctes</strong></span> <span class='ocrx_word' id='word_1_1051' title='bbox 2881 5070 2894 5093; x_wconf 92' lang='lat'><strong>,</strong></span> <span class='ocrx_word' id='word_1_1052' title='bbox 2927 5029 3086 5102; x_wconf 80' lang='lat' dir='ltr'><strong>Jonas</strong></span> <span class='ocrx_word' id='word_1_1053' title='bbox 3127 5039 3182 5084; x_wconf 92' lang='lat' dir='ltr'><strong>et</strong></span> <span class='ocrx_word' id='word_1_1054' title='bbox 3217 5041 3332 5084; x_wconf 87' lang='lat' dir='ltr'><strong>cete</strong></span> <span class='ocrx_word' id='word_1_1055' title='bbox 3355 5071 3371 5094; x_wconf 91' lang='lat'><strong>,</strong></span> <span class='ocrx_word' id='word_1_1056' title='bbox 3399 5033 3701 5102; x_wconf 75' lang='lat' dir='ltr'><strong>significant</strong></span> 
     </span>
    </p>
   </div>
   <div class='ocr_carea' id='block_1_140' title="bbox 2130 5097 3700 5169">
    <p class='ocr_par' dir='ltr' id='par_1_140' title="bbox 2130 5097 3700 5169">
     <span class='ocr_line' id='line_1_143' title="bbox 2130 5097 3700 5169; baseline 0.001 -19"><span class='ocrx_word' id='word_1_1057' title='bbox 2130 5099 2466 5168; x_wconf 67' lang='lat' dir='ltr'><strong>lltiigenittun</strong></span> <span class='ocrx_word' id='word_1_1058' title='bbox 2495 5102 2544 5151; x_wconf 92' lang='lat' dir='ltr'><strong>iu</strong></span> <span class='ocrx_word' id='word_1_1059' title='bbox 2577 5097 2777 5161; x_wconf 76' lang='lat' dir='ltr'><strong>inferis.</strong></span> <span class='ocrx_word' id='word_1_1060' title='bbox 2806 5100 2873 5152; x_wconf 87' lang='lat' dir='ltr'><strong>Et</strong></span> <span class='ocrx_word' id='word_1_1061' title='bbox 2901 5103 3037 5169; x_wconf 75' lang='lat' dir='ltr'><strong>quod</strong></span> <span class='ocrx_word' id='word_1_1062' title='bbox 3071 5100 3182 5154; x_wconf 56' lang='lat' dir='ltr'><strong>haec</strong></span> <span class='ocrx_word' id='word_1_1063' title='bbox 3213 5103 3280 5154; x_wconf 89' lang='lat' dir='ltr'><strong>ita</strong></span> <span class='ocrx_word' id='word_1_1064' title='bbox 3305 5103 3410 5154; x_wconf 87' lang='lat' dir='ltr'><strong>sint</strong></span> <span class='ocrx_word' id='word_1_1065' title='bbox 3434 5097 3586 5167; x_wconf 38' lang='lat' dir='ltr'><strong>{jam</strong></span> <span class='ocrx_word' id='word_1_1066' title='bbox 3617 5101 3700 5154; x_wconf 88' lang='lat' dir='ltr'><strong>di-</strong></span> 
     </span>
    </p>
   </div>
   <div class='ocr_carea' id='block_1_141' title="bbox 2129 5169 3703 5237">
    <p class='ocr_par' dir='ltr' id='par_1_141' title="bbox 2129 5169 3703 5237">
     <span class='ocr_line' id='line_1_144' title="bbox 2129 5169 3703 5237; baseline -0.002 -13"><span class='ocrx_word' id='word_1_1067' title='bbox 2129 5181 2281 5224; x_wconf 85' lang='lat' dir='ltr'><strong>catur</strong></span> <span class='ocrx_word' id='word_1_1068' title='bbox 2309 5188 2322 5222; x_wconf 90' lang='lat'><strong>:</strong></span> <span class='ocrx_word' id='word_1_1069' title='bbox 2353 5169 2498 5221; x_wconf 77' lang='lat' dir='ltr'><strong>Sicut</strong></span> <span class='ocrx_word' id='word_1_1070' title='bbox 2526 5170 2619 5237; x_wconf 79' lang='lat' dir='ltr'><strong>{ait</strong></span> <span class='ocrx_word' id='word_1_1071' title='bbox 2659 5169 2819 5223; x_wconf 72' lang='lat' dir='ltr'><strong>Jonas</strong></span> <span class='ocrx_word' id='word_1_1072' title='bbox 2860 5171 2908 5221; x_wconf 85' lang='lat' dir='ltr'><strong>in</strong></span> <span class='ocrx_word' id='word_1_1073' title='bbox 2955 5182 3117 5223; x_wconf 84' lang='lat' dir='ltr'><strong>ventre</strong></span> <span class='ocrx_word' id='word_1_1074' title='bbox 3157 5171 3250 5223; x_wconf 84' lang='lat' dir='ltr'><strong>ceti</strong></span> <span class='ocrx_word' id='word_1_1075' title='bbox 3280 5173 3432 5225; x_wconf 76' lang='lat' dir='ltr'><strong>tribus</strong></span> <span class='ocrx_word' id='word_1_1076' title='bbox 3458 5174 3631 5225; x_wconf 73' lang='lat' dir='ltr'><strong>diebus</strong></span> <span class='ocrx_word' id='word_1_1077' title='bbox 3656 5181 3703 5223; x_wconf 73' lang='lat' dir='ltr'><strong>et</strong></span> 
     </span>
    </p>
   </div>
   <div class='ocr_carea' id='block_1_142' title="bbox 2132 5238 3704 5295">
    <p class='ocr_par' dir='ltr' id='par_1_142' title="bbox 2132 5238 3704 5295">
     <span class='ocr_line' id='line_1_145' title="bbox 2132 5238 3704 5295; baseline 0.001 -3"><span class='ocrx_word' id='word_1_1078' title='bbox 2132 5243 2285 5293; x_wconf 81' lang='lat' dir='ltr'><strong>tribus</strong></span> <span class='ocrx_word' id='word_1_1079' title='bbox 2330 5241 2552 5292; x_wconf 82' lang='lat' dir='ltr'><strong>noctibus</strong></span> <span class='ocrx_word' id='word_1_1080' title='bbox 2577 5256 2594 5292; x_wconf 91' lang='lat'><strong><em>:</em></strong></span> <span class='ocrx_word' id='word_1_1081' title='bbox 2617 5242 2688 5293; x_wconf 78' lang='lat' dir='ltr'><strong>sic</strong></span> <span class='ocrx_word' id='word_1_1082' title='bbox 2729 5240 2822 5294; x_wconf 87' lang='lat' dir='ltr'><strong>erit</strong></span> <span class='ocrx_word' id='word_1_1083' title='bbox 2856 5238 3019 5293; x_wconf 79' lang='lat' dir='ltr'><strong>Filius</strong></span> <span class='ocrx_word' id='word_1_1084' title='bbox 3052 5241 3265 5295; x_wconf 81' lang='lat' dir='ltr'><strong>hominis</strong></span> <span class='ocrx_word' id='word_1_1085' title='bbox 3291 5243 3340 5293; x_wconf 86' lang='lat' dir='ltr'><strong>in</strong></span> <span class='ocrx_word' id='word_1_1086' title='bbox 3370 5243 3522 5295; x_wconf 85' lang='lat' dir='ltr'><strong>corde</strong></span> <span class='ocrx_word' id='word_1_1087' title='bbox 3559 5255 3704 5295; x_wconf 76' lang='lat' dir='ltr'><strong>teme</strong></span> 
     </span>
    </p>
   </div>
   <div class='ocr_carea' id='block_1_143' title="bbox 2133 5310 3703 5380">
    <p class='ocr_par' dir='ltr' id='par_1_143' title="bbox 2133 5310 3703 5380">
     <span class='ocr_line' id='line_1_146' title="bbox 2133 5310 3703 5380; baseline 0.003 -19"><span class='ocrx_word' id='word_1_1088' title='bbox 2133 5313 2284 5364; x_wconf 74' lang='lat' dir='ltr'><strong>tribus</strong></span> <span class='ocrx_word' id='word_1_1089' title='bbox 2312 5310 2483 5362; x_wconf 80' lang='lat' dir='ltr'><strong>diebus</strong></span> <span class='ocrx_word' id='word_1_1090' title='bbox 2513 5319 2558 5362; x_wconf 86' lang='lat' dir='ltr'><strong>et</strong></span> <span class='ocrx_word' id='word_1_1091' title='bbox 2585 5312 2740 5364; x_wconf 82' lang='lat' dir='ltr'><strong>tribus</strong></span> <span class='ocrx_word' id='word_1_1092' title='bbox 2765 5311 2985 5364; x_wconf 75' lang='lat' dir='ltr'><strong>noctibus</strong></span> <span class='ocrx_word' id='word_1_1093' title='bbox 3016 5310 3221 5380; x_wconf 82' lang='lat' dir='ltr'><strong>(Matth.</strong></span> <span class='ocrx_word' id='word_1_1094' title='bbox 3253 5311 3338 5366; x_wconf 70' lang='grc'><strong>12.</strong></span> <span class='ocrx_word' id='word_1_1095' title='bbox 3369 5312 3483 5380; x_wconf 68' lang='grc'><strong>40).</strong></span> <span class='ocrx_word' id='word_1_1096' title='bbox 3512 5313 3703 5366; x_wconf 79' lang='lat' dir='ltr'><strong>Tribus</strong></span> 
     </span>
    </p>
   </div>
   <div class='ocr_carea' id='block_1_144' title="bbox 2133 5380 3706 5451">
    <p class='ocr_par' dir='ltr' id='par_1_144' title="bbox 2133 5380 3706 5451">
     <span class='ocr_line' id='line_1_147' title="bbox 2133 5380 3706 5451; baseline 0.002 -20"><span class='ocrx_word' id='word_1_1097' title='bbox 2133 5381 2318 5433; x_wconf 89' lang='lat' dir='ltr'><strong>diebus</strong></span> <span class='ocrx_word' id='word_1_1098' title='bbox 2347 5380 2589 5451; x_wconf 75' lang='lat' dir='ltr'><strong>Ninivita:</strong></span> <span class='ocrx_word' id='word_1_1099' title='bbox 2628 5381 2930 5448; x_wconf 79' lang='lat' dir='ltr'><strong>jejuuarunt</strong></span> <span class='ocrx_word' id='word_1_1100' title='bbox 2960 5399 2973 5434; x_wconf 88' lang='lat'>:</span> <span class='ocrx_word' id='word_1_1101' title='bbox 3002 5393 3108 5435; x_wconf 87' lang='lat' dir='ltr'><strong>tres</strong></span> <span class='ocrx_word' id='word_1_1102' title='bbox 3136 5382 3249 5435; x_wconf 88' lang='lat' dir='ltr'><strong>dies</strong></span> <span class='ocrx_word' id='word_1_1103' title='bbox 3274 5391 3328 5436; x_wconf 90' lang='lat' dir='ltr'><strong>et</strong></span> <span class='ocrx_word' id='word_1_1104' title='bbox 3364 5383 3623 5449; x_wconf 85' lang='lat' dir='ltr'><strong>jejunium</strong></span> <span class='ocrx_word' id='word_1_1105' title='bbox 3653 5393 3706 5435; x_wconf 85' lang='lat' dir='ltr'><strong>et</strong></span> 
     </span>
    </p>
   </div>
   <div class='ocr_carea' id='block_1_145' title="bbox 2133 5451 3706 5516">
    <p class='ocr_par' dir='ltr' id='par_1_145' title="bbox 2133 5451 3706 5516">
     <span class='ocr_line' id='line_1_148' title="bbox 2133 5451 3706 5516; baseline 0.001 -14"><span class='ocrx_word' id='word_1_1106' title='bbox 2133 5451 2376 5503; x_wconf 78' lang='lat' dir='ltr'><strong>Ninivita:</strong></span> <span class='ocrx_word' id='word_1_1107' title='bbox 2401 5451 2642 5504; x_wconf 87' lang='lat' dir='ltr'><strong>viventes</strong></span> <span class='ocrx_word' id='word_1_1108' title='bbox 2668 5462 2788 5504; x_wconf 92' lang='lat' dir='ltr'><strong>sunt</strong></span> <span class='ocrx_word' id='word_1_1109' title='bbox 2811 5451 3040 5504; x_wconf 88' lang='lat' dir='ltr'><strong>Trinitas</strong></span> <span class='ocrx_word' id='word_1_1110' title='bbox 3068 5453 3236 5505; x_wconf 88' lang='lat' dir='ltr'><strong>lucem</strong></span> <span class='ocrx_word' id='word_1_1111' title='bbox 3265 5451 3513 5516; x_wconf 60' lang='lat' dir='ltr'><strong>affert-ns,</strong></span> <span class='ocrx_word' id='word_1_1112' title='bbox 3541 5456 3706 5505; x_wconf 85' lang='lat' dir='ltr'><strong>absti-</strong></span> 
     </span>
    </p>
   </div>
   <div class='ocr_carea' id='block_1_146' title="bbox 2083 5521 3704 5592">
    <p class='ocr_par' dir='ltr' id='par_1_146' title="bbox 2083 5521 3704 5592">
     <span class='ocr_line' id='line_1_149' title="bbox 2083 5521 3704 5592; baseline 0.001 -19"><span class='ocrx_word' id='word_1_1113' title='bbox 2083 5542 2085 5545; x_wconf 93' lang='grc'>·</span> <span class='ocrx_word' id='word_1_1114' title='bbox 2134 5523 2313 5573; x_wconf 89' lang='lat' dir='ltr'><strong>nentia</strong></span> <span class='ocrx_word' id='word_1_1115' title='bbox 2339 5521 2552 5592; x_wconf 15' lang='lat' dir='ltr'><strong>armalis</strong></span> <span class='ocrx_word' id='word_1_1116' title='bbox 2576 5532 2627 5574; x_wconf 92' lang='lat' dir='ltr'><strong>et</strong></span> <span class='ocrx_word' id='word_1_1117' title='bbox 2657 5522 2832 5574; x_wconf 90' lang='lat' dir='ltr'><strong>mundi</strong></span> <span class='ocrx_word' id='word_1_1118' title='bbox 2862 5524 2984 5574; x_wconf 84' lang='lat' dir='ltr'><strong>vita.</strong></span> <span class='ocrx_word' id='word_1_1119' title='bbox 3015 5521 3118 5575; x_wconf 90' lang='lat' dir='ltr'><strong>Ter</strong></span> <span class='ocrx_word' id='word_1_1120' title='bbox 3158 5522 3297 5574; x_wconf 83' lang='lat' dir='ltr'><strong>Elias</strong></span> <span class='ocrx_word' id='word_1_1121' title='bbox 3326 5525 3586 5592; x_wconf 85' lang='lat' dir='ltr'><strong>propheta</strong></span> <span class='ocrx_word' id='word_1_1122' title='bbox 3617 5540 3704 5575; x_wconf 79' lang='lat' dir='ltr'><strong>su-</strong></span> 
     </span>
    </p>
   </div>
   <div class='ocr_carea' id='block_1_147' title="bbox 2140 5591 3698 5660">
    <p class='ocr_par' dir='ltr' id='par_1_147' title="bbox 2140 5591 3698 5660">
     <span class='ocr_line' id='line_1_150' title="bbox 2140 5591 3698 5660; baseline 0.001 -17"><span class='ocrx_word' id='word_1_1123' title='bbox 2140 5607 2231 5656; x_wconf 85' lang='lat' dir='ltr'><strong>per</strong></span> <span class='ocrx_word' id='word_1_1124' title='bbox 2251 5591 2451 5643; x_wconf 55' lang='lat' dir='ltr'><strong>assulas</strong></span> <span class='ocrx_word' id='word_1_1125' title='bbox 2471 5601 2523 5641; x_wconf 90' lang='lat' dir='ltr'><strong>et</strong></span> <span class='ocrx_word' id='word_1_1126' title='bbox 2548 5592 2780 5645; x_wconf 88' lang='lat' dir='ltr'><strong>membra</strong></span> <span class='ocrx_word' id='word_1_1127' title='bbox 2807 5593 2962 5644; x_wconf 91' lang='lat' dir='ltr'><strong>boum</strong></span> <span class='ocrx_word' id='word_1_1128' title='bbox 2990 5608 3175 5658; x_wconf 88' lang='lat' dir='ltr'><strong>aquam</strong></span> <span class='ocrx_word' id='word_1_1129' title='bbox 3200 5591 3504 5657; x_wconf 83' lang='lat' dir='ltr'><strong>infundens,</strong></span> <span class='ocrx_word' id='word_1_1130' title='bbox 3529 5595 3698 5660; x_wconf 79' lang='lat' dir='ltr'><strong>ignem</strong></span> 
     </span>
    </p>
   </div>
   <div class='ocr_carea' id='block_1_148' title="bbox 2137 5660 3697 5731">
    <p class='ocr_par' dir='ltr' id='par_1_148' title="bbox 2137 5660 3697 5731">
     <span class='ocr_line' id='line_1_151' title="bbox 2137 5660 3697 5731; baseline 0.004 -17"><span class='ocrx_word' id='word_1_1131' title='bbox 2137 5660 2204 5715; x_wconf 88' lang='lat' dir='ltr'><strong>de</strong></span> <span class='ocrx_word' id='word_1_1132' title='bbox 2231 5660 2360 5714; x_wconf 63' lang='lat' dir='ltr'><strong>Caelo</strong></span> <span class='ocrx_word' id='word_1_1133' title='bbox 2385 5675 2542 5729; x_wconf 89' lang='lat' dir='ltr'><strong>super</strong></span> <span class='ocrx_word' id='word_1_1134' title='bbox 2574 5663 2656 5715; x_wconf 90' lang='lat' dir='ltr'><strong>illa</strong></span> <span class='ocrx_word' id='word_1_1135' title='bbox 2687 5663 2898 5717; x_wconf 86' lang='lat' dir='ltr'><strong>demisit</strong></span> <span class='ocrx_word' id='word_1_1136' title='bbox 2923 5681 2934 5714; x_wconf 90' lang='lat'><strong>:</strong></span> <span class='ocrx_word' id='word_1_1137' title='bbox 2961 5662 3144 5730; x_wconf 72' lang='lat' dir='ltr'><strong>triplex</strong></span> <span class='ocrx_word' id='word_1_1138' title='bbox 3173 5678 3300 5716; x_wconf 82' lang='lat' dir='ltr'><strong>vero</strong></span> <span class='ocrx_word' id='word_1_1139' title='bbox 3329 5680 3460 5731; x_wconf 83' lang='lat' dir='ltr'><strong>aqua</strong></span> <span class='ocrx_word' id='word_1_1140' title='bbox 3493 5667 3697 5730; x_wconf 65' lang='lat' dir='ltr'><strong>assulis.</strong></span> 
     </span>
    </p>
   </div>
  </div>
