4098 6212
423 254 529 309 769

428 372 664 427 membra
691 370 843 427 bovis
866 381 920 427 et
947 372 1079 443 ignis
1102 372 1347 437 cmleStis,
1372 381 1495 425 sunt
1517 372 1704 442 triplex
1732 372 1992 441 baptisma

426 451 485 498 et
510 457 639 497 crux
667 449 720 496 et
758 442 991 496 membra
1022 442 1217 497 Christi
1249 455 1301 497 et
1338 444 1562 497 celestis
1590 443 1862 511 splendor.
1890 443 1994 497 Ter

428 514 482 567 in
511 513 605 577 die
629 512 832 578 Daniel,
861 514 1057 580 apertis
1084 514 1272 567 donms
1298 529 1407 566 sua:
1436 516 1698 577 fenestris,
1726 514 1791 566 ad
1820 514 1997 567 orien-

430 596 532 639 tcm
583 598 801 650 precans
824 624 839 648 ,
870 599 982 636 rem
1024 588 1241 652 petitam
1287 596 1601 652 asseqnutus
1625 594 1741 647 est;
1772 584 1996 639 docente

426 669 523 708 nos
568 654 824 723 mysterio
849 695 863 716 ,
894 667 1144 722 Oportcrc
1189 669 1284 707 nos
1325 656 1515 708 mentis
1554 655 1719 707 oculis
1757 657 1953 722 apertis
1980 694 1993 717 ,

428 724 565 777 Patri
597 734 649 775 ct
694 723 824 777 Filio
854 732 907 776 ct
945 724 1160 792 Spiritui
1194 734 1378 778 sancto
1406 725 1470 778 ad
1501 727 1759 779 orientem
1793 724 1993 793 suppli-

424 810 567 848 care.
598 794 729 849 Tres
777 794 921 862 pueri
963 794 1289 862 incorrupti,
1324 796 1375 849 in
1418 795 1683 848 fornacem
1724 795 1989 863 conjecti,

425 864 527 933 ipsi
558 864 768 933 quidem
800 863 927 918 nihil
958 865 1099 933 passi
1128 876 1246 917 sunt
1269 906 1282 929 ,
1318 866 1407 920 sed
1439 866 1717 918 Chalda'os
1742 867 1989 919 combus-

424 947 601 988 serunt
632 954 643 988 :
672 946 777 987 tres
810 936 956 1002 pueri
987 936 1296 1003 incorrupti,
1325 936 1504 989 fornax'
1534 946 1587 988 et
1612 936 1841 989 Cltaldmi
1869 946 1989 990 sunt

424 1005 654 1058 Trinitas
680 1006 978 1073 ineorrupta
1001 1047 1016 1071 ,
1044 1007 1297 1073 judicium
1324 1016 1376 1060 et
1402 1007 1687 1060 daunones.
1721 1005 1853 1060 Tres
1882 1008 1989 1061 vir-

425 1086 563 1129 tutes
604 1078 787 1130 beatus
832 1076 1021 1129 Paulus
1063 1078 1310 1129 Ferie~ia3
1352 1077 1509 1130 tradit
1536 1077 1718 1129 dicens
1748 1094 1761 1129 :
1795 1076 1985 1142 Fides,

422 1164 554 1211 spes,
586 1148 766 1198 raritas
793 1147 809 1215 (
839 1147 886 1201 1.
914 1145 1031 1200 Cor.
1062 1148 1145 1201 15.
1180 1150 1282 1213 15)
1314 1166 1325 1201 :
1352 1148 1480 1199 fides
1510 1147 1559 1200 in
1592 1149 1796 1201 Patrem
1824 1189 1836 1211 ,
1867 1162 1987 1214 spes

422 1217 474 1270 in
508 1217 737 1287 Filium,
766 1229 818 1270 et
849 1217 1117 1285 plenitudo
1150 1218 1276 1285 legis
1306 1218 1493 1270 caritas
1523 1218 1695 1285 (Rom.
1731 1220 1816 1272 15.
1852 1220 1936 1287 10)
1969 1238 1981 1273 :

423 1303 541 1339 nam
586 1286 801 1340 Fructus
839 1287 1058 1355 Spiritus
1091 1298 1160 1341 est
1200 1290 1400 1342 caritas.
1440 1289 1543 1342 Ter
1572 1299 1622 1340 et
1652 1288 1763 1356 ipse
1794 1286 1985 1342 Paulus

422 1358 944 1428 rogabatDominum
976 1359 1179 1422 dicens,
1212 1358 1424 1425 Pr0pter
1451 1360 1584 1428 quod
1612 1370 1684 1412 ter
1712 1357 1983 1413 Dominum

421 1430 589 1497 rogavi
613 1427 686 1497 (2.
711 1428 825 1481 Cor.
852 1429 934 1481 12.
961 1428 1034 1495 8).
1061 1429 1125 1482 Ει
1148 1427 1509 1487 animadverte
1529 1429 1626 1483 viri
1650 1430 1871 1496 sapienti
1891 1448 1978 1495 llll,

421 1497 473 1568 in
519 1497 915 1568 simplicissimo
953 1500 1114 1553 verbo
1150 1501 1605 1566 Comprehensam.
1654 1500 1763 1553 Non
1806 1501 1940 1554 dixit
1965 1543 1979 1563 ,

420 1567 599 1622 Tertio
629 1567 920 1622 Dominum
964 1570 1180 1639 rogavi,
1208 1572 1298 1624 sed
1324 1612 1337 1635 ,
1368 1570 1483 1624 Ter.
1518 1572 1674 1625 Pater
1696 1612 1711 1635 ,
1740 1571 1903 1625 Filius
1930 1581 1984 1625 ct.

418 1639 646 1711 Spiritus
675 1650 887 1711 sanctus
906 1681 920 1703 ,
954 1650 1059 1695 tres
1102 1641 1412 1711 hypostases
1436 1683 1449 1704 ,
1478 1659 1575 1696 una
1603 1652 1776 1696 autern
1804 1642 1980 1696 domi-

419 1709 580 1782 natio.
614 1710 678 1763 Et
704 1710 800 1763 Ter
816 1753 840 1782 ,ν
864 1710 1062 1782 inquit,
1096 1709 1245 1782 vti-gis
1271 1730 1427 1765 cassus
1451 1730 1557 1765 sum
1586 1711 1744 1779 (Ibid.
1774 1730 1819 1765 υ.
1848 1712 1974 1781 25);

417 1779 468 1833 id
496 1790 595 1844 est,
628 1791 733 1833 tres
758 1779 968 1849 quidem
998 1779 1305 1852 byposiases
1333 1784 1606 1836 confessus
1631 1798 1746 1834 sum
1770 1824 1783 1843 ,
1814 1779 1975 1837 semel

415 1860 591 1922 autem
632 1853 787 1905 fidem
823 1852 1094 1905 Trinitatis
1132 1853 1302 1922 lapide
1338 1852 1685 1906 confessionis
1718 1852 1782 1905 ad
1816 1868 1974 1905 unum

416 1920 604 1974 anima:
627 1932 936 1976 concentum
966 1920 1195 1977 firmavi;
1216 1924 1277 1976 Et
1308 1922 1418 1987 Ter,
1443 1924 1631 1991 inquit,
1656 1922 1976 1992 naufragim

416 1993 631 2062 pertuli;
670 1992 720 2045 id
750 2002 863 2053 est,
892 1992 1229 2045 .liulaicorum
1259 2009 1390 2045 onus
1429 2004 1758 2062 peccatorum
1793 1994 1842 2044 in
1874 2008 1972 2045 no-

414 2061 555 2114 mine
586 2062 754 2116 Patris
780 2072 832 2115 et
862 2062 979 2115 Filii
1018 2074 1069 2115 et
1105 2063 1331 2131 Spiritus
1361 2061 1526 2116 sancti
1556 2063 1606 2115 in
1636 2062 1777 2115 fonte
1806 2062 1975 2129 bapti-

412 2132 596 2184 smatis
623 2133 868 2186 denu-rsi.
915 2134 972 2186 Tt
987 2133 1035 2186 ia
1064 2144 1172 2185 sata
1216 2134 1392 2187 lin-inte
1414 2174 1430 2198 ,
1457 2144 1508 2187 et
1539 2132 1684 2202 regni
1720 2132 1971 2185 ctelorum

410 2201 703 2272 similitudo
742 2204 898 2256 allata
924 2244 939 2265 ,
980 2204 1168 2256 mulier
1202 2221 1318 2272 qua:
1348 2204 1584 2269 accepit,
1607 2201 1667 2257 iet
1708 2204 1968 2272 modicum

408 2271 725 2325 fermentum
753 2274 1024 2325 abscondit
1054 2290 1114 2325 ac
1154 2283 1311 2325 totam
1340 2289 1566 2326 massam
1596 2271 1927 2325 fermentavit
1953 2289 1966 2325 :

411 2343 506 2393 tria
540 2359 664 2394 vero
691 2355 800 2395 sala
832 2343 1033 2402 farinae,
1068 2344 1327 2397 modicum
1358 2343 1668 2397 fermentum
1700 2354 1751 2395 et
1783 2343 1970 2394 mulier

410 2414 751 2477 fermentans,
779 2414 1032 2477 sapientia
1062 2415 1148 2467 Dei
1178 2425 1278 2477 est,
1306 2430 1421 2483 qua:
1450 2429 1541 2482 per
1559 2429 1751 2482 corpus
1772 2412 1968 2467 Christi

408 2492 570 2535 tntatu
601 2483 879 2536 humanam
911 2497 1146 2538 naturam
1181 2485 1231 2537 in
1260 2484 1530 2538 Trinitatis
1560 2486 1712 2538 fidem
1743 2499 1967 2538 Conver-

407 2552 489 2627 tit.
536 2550 625 2627 llis
666 2554 910 2608 onmilms
942 2556 1208 2627 mysteriis
1244 2556 1392 2625 quasi
1432 2555 1658 2623 sigillum
1697 2570 1966 2627 apponens

410 2623 659 2677 Dominus
706 2638 914 2687 noster,
959 2623 1011 2680 iii
1057 2629 1222 2679 trilms
1262 2623 1690 2681 immersionihus
1728 2625 1965 2693 Corporis

408 2709 567 2746 unum
594 2696 844 2765 baptisma
869 2698 1137 2765 discipulis
1160 2698 1269 2753 sitis
1292 2697 1522 2763 tradidit,
1542 2699 1722 2751 dicens
1744 2714 1754 2749 :
1776 2696 1963 2749 Euutes

405 2766 573 2837 docete
592 2784 758 2819 omnes
782 2779 970 2837 gentes,
992 2769 1298 2833 baptizatttes
1318 2785 1401 2820 eos
1430 2770 1478 2819 in
1502 2771 1699 2820 nomine
1723 2765 1891 2819 Patris
1916 2778 1962 2820 et

406 2834 529 2887 Filii
558 2847 601 2910 et
644 2834 865 2905 Spiritus
910 2841 1106 2905 sancti(
1138 2840 1319 2892 Matth.
1347 2838 1436 2892 28.
1472 2841 1536 2894 19
1560 2843 1598 2910 ).
1632 2840 1795 2893 Unam
1842 2854 1962 2894 esse

403 2909 760 2973 Operationem
809 2910 959 2964 facile
1015 2911 1496 2965 demonstrabimus
1544 2928 1554 2961 :
1605 2926 1721 2962 cum
1783 2921 1956 2963 autem

404 2991 558 3029 nnain
609 2996 726 3033 esse
756 2984 1115 3048 operationem
1165 2983 1333 3035 Patris
1376 2992 1428 3036 et
1471 2981 1586 3034 Filii
1631 2992 1683 3032 et
1730 2979 1957 3047 Spiritus

401 3049 567 3101 sancti
599 3050 1009 3115 demonstretur,
1038 3068 1255 3106 necesse
1287 3064 1365 3106 cst
1386 3053 1603 3105 otnnino
1634 3067 1786 3103 tmaut
1812 3053 1955 3103 credi

401 3119 741 3173 Suhstantiam
771 3140 783 3174 :
815 3138 1037 3192 quorum
1062 3123 1199 3176 enim
1223 3125 1458 3191 operatio
1478 3139 1598 3187 una,
1624 3138 1723 3174 una
1751 3136 1957 3190 quoque

401 3199 481 3242 est
524 3193 833 3246 substantia.
898 3193 1213 3262 Incipiamus
1264 3211 1391 3261 ergo
1437 3194 1615 3247 dicere
1667 3194 1732 3245 de
1776 3194 1953 3246 nmtuli

400 3266 702 3329 creatione,
735 3265 801 3318 de
827 3263 1131 3331 adoptione,
1167 3265 1235 3319 de
1266 3266 1538 3327 Libertate,
1580 3264 1647 3316 de
1676 3264 1806 3316 cath
1827 3304 1840 3325 ,
1890 3265 1955 3318 de

401 3340 553 3403 terra:
574 3336 946 3386 constitutione
966 3374 980 3395 ,
1009 3344 1164 3403 atque
1190 3351 1293 3387 uno
1320 3336 1478 3387 verbo
1506 3336 1571 3389 de
1600 3336 1740 3387 omni
1772 3350 1951 3402 opere,

397 3402 569 3475 deque
599 3406 714 3456 aliis
753 3407 997 3457 omnibus
1022 3402 1089 3457 ad
1117 3407 1233 3458 vita:
1264 3418 1456 3457 nostra-
1487 3422 1635 3457 usum
1684 3409 1954 3475 pertinen-

399 3473 539 3544 tibus
573 3492 585 3527 :
615 3490 677 3528 ac
701 3478 888 3544 quibus
916 3478 1279 3529 occasionibus
1308 3491 1382 3528 ea:
1408 3490 1438 3528 a
1468 3475 1619 3527 Patre
1647 3473 1699 3528 ei
1740 3475 1872 3527 Filio
1902 3485 1955 3529 et

398 3542 594 3611 Spiritu
624 3542 806 3599 sancto
834 3547 1075 3613 perfecta:
1105 3550 1229 3600 sint.
1260 3550 1297 3598 A
1330 3548 1511 3614 prunis
1540 3547 1871 3613 incipiamus,
1901 3556 1955 3599 et

396 3616 459 3665 ad
506 3618 733 3670 secmula
786 3618 1093 3678 veniamus;
1147 3627 1199 3669 et
1240 3619 1317 3671 sic
1363 3618 1611 3683 deinceps
1659 3618 1951 3670 orationem

398 3695 634 3738 nostram
672 3703 1069 3755 persequamur.
1098 3688 1297 3740 Ca-lnm
1329 3689 1449 3740 fecit
1494 3687 1646 3739 Pater
1685 3704 1787 3738 non
1837 3704 1951 3741 sine

401 3756 573 3807 Verbo
620 3757 940 3822 etSpiritu:
986 3774 1103 3809 nam
1166 3756 1323 3809 Verbo
1359 3758 1557 3809 Domini
1608 3758 1717 3809 (α’ιί
1766 3758 1952 3824 ﬁrmati

394 3836 508 3897 sunt
533 3865 547 3885 ,
589 3838 633 3878 et
659 3828 838 3894 spiritu
883 3830 983 3879 oris
1011 3830 1116 3897 ejus
1160 3845 1319 3881 omnis
1358 3831 1510 3879 virtus
1560 3844 1728 3879 eorum
1760 3836 1774 3893 (
1805 3827 1948 3881 I'sal.

394 3894 483 3949 5‘2.
536 3896 625 3967 6).
672 3897 856 3949 Totum
900 3894 1078 3950 orbein
1112 3899 1329 3964 replevit
1376 3900 1549 3959 Pater,
1594 3910 1647 3949 ιιι
1699 3899 1947 3965 scriptum

394 3976 476 4019 est
506 3981 517 4018 :
550 3968 737 4020 Ca'lum
763 3979 809 4021 et
835 3979 1016 4021 terram
1056 3986 1145 4037 ego
1171 3970 1370 4036 intpleo,
1395 3970 1512 4021 dicit
1544 3968 1786 4020 Dominus
1817 3967 1947 4037 (Jer.

392 4037 480 4093 25.
511 4039 623 4108 24).
660 4039 898 4107 lleplevit
938 4050 993 4094 et
1039 4040 1199 4092 Filius
1229 4058 1241 4093 :
1277 4058 1394 4093 nam
1448 4040 1631 4093 Omnia
1673 4055 1759 4108 per
1788 4040 1950 4108 ipsum

392 4113 527 4181 facta
552 4120 684 4170 sunt.
717 4122 760 4163 et
786 4113 891 4165 sine
918 4111 1026 4175 ipso
1056 4118 1239 4179 factum
1287 4122 1356 4162 est
1400 4111 1525 4163 nihil
1568 4109 1745 4181 (Jomt.
1780 4111 1825 4163 1.
1856 4110 1946 4181 5).

392 4180 525 4234 Audi
564 4182 883 4249 Sapientiam
915 4182 1174 4236 dicentem
1204 4182 1270 4234 de
1294 4182 1486 4248 Spiritu
1523 4200 1534 4234 :
1584 4181 1808 4285 Spiritus
1843 4180 1947 4232 Do-

392 4254 513 4285 nni“;
534 4255 736 4285 νοηΙοηὶι
759 4254 921 4285 ..ιιιιηηι
955 4253 1084 4285 [Qun
1138 4254 1156 4285 Ι
1218 4253 1268 4285 ’τὶ
1320 4254 1451 4285 ΙὶιιιιΙ
1479 4269 1601 4285 νηιηι
1623 4256 1632 4268 ⁸
1668 4253 1947 4285 ¹“Ι¹·ιὶ-ι1111⁵ιιᾼ

390 4254 513 4303 mini
534 4255 736 4320 replet-it
758 4254 923 4305 urbem
954 4253 1105 4322 (δαν.
1138 4254 1187 4305 1.
1218 4253 1289 4322 7).
1320 4254 1452 4319 Quid
1479 4269 1601 4305 vero
1623 4253 1644 4303 ?
1668 4253 1951 4304 Creatura-

393 4335 506 4372 rum
548 4322 773 4373 maxima
801 4323 980 4381 homo,
1013 4339 1114 4375 non
1144 4340 1171 4375 ιι
1202 4323 1354 4376 l‘atre
1398 4324 1511 4375 solo
1540 4322 1671 4375 facta
1697 4332 1780 4374 est
1800 4364 1813 4384 ,
1854 4322 1947 4375 sed

391 4399 710 4459 (Imperante
731 4392 881 4451 Filio,
900 4394 1197 4459 complente
1225 4396 1418 4455 Spiritu
1449 4403 1672 4446 saneto:
1707 4409 1825 4444 nam
1852 4395 1945 4459 ait,

393 4454 662 4511 Faciamus
687 4461 933 4513 hominem
969 4454 1036 4513 ad
1072 4454 1334 4530 imaginem
1360 4473 1404 4513 et
1447 4463 1819 4515 similitudinem
1860 4454 1951 4516 no;

388 4544 545 4583 stram
568 4530 716 4599 (Gen.
743 4534 791 4583 1.
814 4532 925 4597 26).
951 4532 1245 4595 Faciamus,
1276 4548 1399 4593 non,
1427 4533 1632 4585 Faciant
1660 4548 1778 4599 ego,
1819 4550 1944 4596 non,

390 4601 575 4655 Facias
606 4611 680 4663 tu,
712 4618 836 4666 non,
871 4601 1047 4655 Faciat
1079 4601 1197 4664 ille;
1230 4602 1343 4662 sed,
1379 4600 1663 4654 Faciamus.
1707 4602 1760 4653 Si
1805 4604 1945 4655 enim

388 4673 632 4738 dixisset,
662 4672 765 4728 Fac
796 4684 867 4735 tu,
897 4672 1295 4725 snlnninistrutn
1339 4671 1699 4725 declarasset:
1732 4674 1947 4738 tequali-

392 4753 551 4798 tatem
579 4759 704 4797 vero
749 4746 1155 4802 demonstrans.
1200 4743 1302 4806 ait,
1355 4741 1626 4794 Faciamus
1674 4743 1943 4795 hominem.

388 4816 698 4868 liottmtanis
749 4818 1047 4877 sententia,
1100 4828 1382 4867 commune
1434 4828 1606 4883 opus,
1666 4828 1947 4868 commune

390 4886 718 4953 figmentum.
761 4886 911 4954 Quod
946 4894 1121 4938 autem
1156 4884 1308 4937 Pater
1344 4894 1398 4937 et
1425 4884 1585 4937 Filius
1623 4893 1677 4935 et
1722 4883 1946 4954 Spiritus

388 4968 604 5011 sanctus
635 4953 818 5013 fecerit
844 4957 1131 5016 hominem,
1164 4955 1321 5007 David
1350 4955 1475 5007 mihi
1507 4959 1811 5007 testiﬁcatur
1841 4953 1946 5007 Deo

389 5027 570 5081 dicens
602 5047 615 5083 :
658 5029 841 5082 .llauus
868 5039 964 5080 tute
992 5031 1212 5095 fecerunt
1252 5041 1328 5077 me
1369 5036 1414 5077 et
1445 5026 1812 5092 plasmaeerunt
1870 5040 1947 5077 me

392 5096 565 5163 (Psal.
602 5102 721 5153 1l8.
756 5101 880 5158 73).
916 5097 1026 5151 Non
1061 5106 1113 5149 tu
1146 5113 1228 5149 me
1268 5097 1416 5149 solus
1446 5097 1611 5149 fecisti
1647 5110 1661 5148 :
1694 5110 1796 5147 non
1830 5111 1943 5148 ma-

392 5184 490 5222 nus
520 5180 602 5222 tua
633 5173 743 5224 Sola
775 5173 895 5223 fecit
923 5184 1025 5232 me,
1057 5184 1174 5236 qua:
1200 5179 1280 5220 est
1308 5166 1620 5233 linigenitns
1651 5176 1789 5217 tuus.
1832 5165 1921 5217 illa

392 5255 485 5290 nus
506 5251 602 5293 tua:
632 5247 850 5309 fecerunt
877 5255 987 5301 me;
1035 5240 1083 5291 id
1113 5248 1213 5302 est,
1248 5237 1474 5309 Verbum
1507 5248 1557 5289 ct
1597 5236 1853 5309 Spiritus:
1873 5239 1947 5309 At:

464 5306 683 5374 diceret,
711 5314 863 5365 Verbi
891 5309 1101 5377 quidem
1128 5310 1381 5385 sapientia
1412 5308 1655 5385 formavit
1682 5324 1784 5365 me.

392 5379 523 5451 ritus
547 5398 671 5434 vero
703 5383 1041 5451 intelligentia
1070 5381 1191 5451 fecit
1215 5396 1317 5443 me,
1352 5390 1400 5431 te
1425 5381 1742 5445 complente.
1784 5379 1945 5429 Simi-

392 5449 510 5502 liter
536 5462 587 5505 et
627 5452 725 5506 Job
756 5456 861 5507 Deo
879 5449 1008 5505 dicit
1038 5467 1051 5503 :
1085 5450 1267 5504 Manus
1289 5462 1385 5501 tua:
1411 5454 1745 5519 formaverunt
1774 5462 1869 5511 me,
1900 5457 1948 5500 et

395 5522 618 5591 fecerunt
644 5542 718 5577 me
746 5524 884 5593 (Job.
920 5524 1001 5575 10.
1030 5522 1109 5590 8).
1134 5521 1336 5593 Namet
1362 5520 1547 5593 cadum
1579 5533 1630 5572 et
1652 5522 1946 5593 vindica}-

391 5587 560 5663 lorum
594 5611 685 5662 per
713 5587 881 5663 ipsum
922 5595 1052 5648 facta
1071 5587 1203 5645 sunt
1225 5632 1240 5658 ,
1268 5591 1463 5643 Davidc
1507 5590 1711 5643 dicente
1737 5606 1749 5639 :
1779 5587 1946 5663 Γενρο

392 5659 606 5717 Domini
619 5659 745 5718 cwii'
756 5666 943 5729 [innati
971 5673 1103 5729 sunt,
1132 5673 1175 5716 et
1203 5663 1507 5729 spirituoris
1528 5678 1635 5729 ejus
1656 5659 1815 5712 omnis
1844 5660 1945 5710 vir-

397 5746 471 5788 tus
501 5751 672 5788 eorum
703 5737 719 5791 l
739 5734 880 5791 Psal.
908 5736 996 5792 52.
1030 5736 1134 5803 6);
1176 5732 1228 5786 in
1258 5732 1507 5805 propinata
1554 5741 1726 5785 autem
1761 5730 1891 5785 Osca
1926 5745 1940 5782 :

1860 257 1947 312 DE
1987 256 2161 312 FIDE.

3566 267 3669 323 770

2102 372 2259 448 (_.'ujus
2284 390 2461 448 atauus
2482 386 2771 448 creaverunt
2794 376 3065 448 egercitum
3086 380 3217 432 cteli.
3244 377 3373 433 Nam
3395 379 3478 433 hic
3498 379 3629 448 signi
3643 409 3663 420 -

2101 442 2223 497 ficat
2268 458 2363 513 per
2409 444 2661 513 Spiritum
2711 456 2762 499 et
2814 446 3042 501 Verbum
3079 448 3362 502 exercitum
3414 442 3663 505 caloiutn

2099 523 2333 567 creatum
2392 516 2582 589 fuisse.
2624 515 3204 589 Faciamus'Itominem
3263 522 3331 571 ad
3393 521 3663 589 imaginem

2100 595 2360 656 nostram;
2402 600 2528 651 non,
2559 586 2636 638 Ad
2669 586 2929 656 imagines
2949 599 3190 651 nostras;
3238 590 3351 652 sed,
3395 586 3662 647 Faciamus

2098 654 2346 730 imminent
2368 658 2433 730 ad
2453 658 2716 730 imaginem
2739 654 2957 710 nostram
2982 675 3000 711 .'
3022 660 3171 725 illud,
3195 661 3459 729 faciamus,
3487 664 3661 730 plura-

2098 725 2251 788 liter;
2278 726 2428 788 illttd,
2456 727 2524 777 ad
2549 727 2811 796 imaginem
2841 741 3083 793 nostram,
3111 725 3463 798 singulariter.
3487 725 3563 785 Et
3591 750 3659 787 ne

2098 799 2213 868 guis
2236 799 2590 863 suspicaretur
2612 798 2875 850 hominem
2904 800 2968 851 ad
2994 801 3268 868 imaginem
3295 801 3461 853 Patris
3488 805 3655 858 solam

2096 864 2288 942 laetum
2317 868 2497 942 fuisse,
2523 869 2723 942 addidit
2766 869 2891 942 illud
2914 910 2927 929 ,
2956 864 3195 924 nostram.
3232 872 3296 924 Et
3328 873 3447 925 ideo
3468 915 3480 935 ,
3531 876 3653 942 quia

2097 935 2181 1010 illa
2214 938 2386 1010 imago
2418 940 2723 1007 primigenia
2771 939 2953 991 Adami
2979 980 2992 1001 ,
3046 956 3136 1008 per
3182 935 3653 1010 transgressionem

2096 1006 2304 1081 inimica
2350 1009 2481 1081 facta
2509 1050 2522 1072 ,
2572 1006 2707 1074 Opus
2736 1009 2959 1081 habebat
2989 1006 3413 1065 renovationevet
3459 1029 3652 1081 purga-

2094 1076 2257 1142 tione,
2292 1094 2393 1131 nou
2424 1080 2477 1131 in
2509 1081 2721 1133 nomine
2750 1079 2919 1133 Patris
2948 1082 3111 1134 solius
3141 1084 3189 1135 in
3216 1076 3529 1150 baptismate
3558 1076 3649 1139 rc-

2091 1158 2391 1221 generatur,
2413 1150 2503 1203 scd
2526 1159 2577 1221 et
2603 1150 2716 1202 Filii
2739 1161 2790 1203 et
2808 1150 3031 1217 Spiritus
3045 1154 3209 1205 sancti
3236 1172 3248 1206 :
3272 1155 3391 1221 quia
3414 1154 3479 1206 ab
3502 1156 3651 1210 initio

2091 1218 2166 1270 sic
2196 1220 2360 1273 factus
2386 1229 2506 1293 est.
2542 1220 2674 1273 Vere
2722 1221 2876 1293 igitur
2914 1222 3154 1290 obsignat
3191 1218 3348 1277 Pater
3391 1226 3439 1276 in
3480 1224 3650 1293 bapti-

2089 1300 2276 1364 s_mate,
2304 1299 2358 1343 ιιι
2386 1290 2576 1343 Paulus
2597 1293 2668 1344 ait
2694 1308 2707 1344 :
2736 1292 2833 1355 Qui
2854 1302 3017 1344 autem
3042 1296 3158 1363 fecit
3181 1312 3270 1347 nos
3290 1295 3355 1346 ad
3375 1294 3466 1345 hoc
3482 1290 3647 1364 ipsum

2088 1356 2244 1436 Deus,
2278 1370 2321 1413 et
2348 1364 2490 1413 unxit
2519 1378 2618 1436 nos
2635 1373 2679 1436 et
2708 1364 2919 1436 signavit
2947 1356 3051 1415 nos.
3069 1364 3289 1436 (“2.__Cor.
3326 1370 3374 1421 1.
3408 1356 3638 1436 21.’22).

2087 1428 2269 1501 Signat
2296 1442 2471 1485 autent
2499 1440 2551 1485 et
2586 1428 2812 1501 Spiritus
2839 1443 3051 1486 sanctus
3077 1428 3096 1485 ἐ
3131 1433 3304 1487 Nolite
3349 1438 3478 1487 enim
3517 1428 3641 1490 con-

2087 1500 2283 1553 tristare
2316 1502 2561 1571 Spiritum
2586 1514 2830 1561 sanctum,
2863 1504 2913 1555 in
2950 1520 3046 1571 quo
3070 1507 3251 1571 signati
3278 1507 3391 1557 estis
3417 1507 3468 1557 in
3508 1508 3639 1560 diem

2086 1572 2436 1643 redemptionis
2464 1571 2676 1643 (Ep/tes.
2715 1574 2767 1625 4.
2792 1574 2903 1641 50).
2934 1574 3133 1642 Signati
3156 1587 3329 1629 autem
3352 1592 3379 1628 a
3410 1576 3563 1632 Patre
3588 1591 3641 1634 et

2085 1640 2281 1706 Spiritu
2312 1640 2494 1695 sancto
2521 1640 2570 1697 in
2599 1645 2846 1696 cordibus
2868 1640 3066 1697 nostris
3086 1687 3100 1709 ,
3132 1662 3232 1699 non
3263 1651 3311 1699 in
3342 1649 3469 1701 duas
3501 1651 3636 1702 ima-

2082 1711 2231 1777 gines
2263 1714 2718 1776 transformamur,
2742 1714 2833 1767 sed
2866 1715 2915 1766 in
2944 1731 3098 1767 unam
3129 1715 3241 1768 Filii
3270 1718 3401 1782 ejus.
3438 1719 3508 1771 lix
3554 1721 3635 1772 his

2082 1790 2255 1851 autem
2277 1784 2540 1851 colligitur
2567 1784 2714 1846 illud,
2747 1785 2798 1835 in
2824 1800 2993 1847 unam,
3024 1800 3141 1839 esse
3167 1788 3336 1839 Patris
3362 1798 3412 1841 et
3440 1788 3555 1842 Filii
3583 1802 3638 1845 et

2080 1847 2309 1922 Spiritus
2334 1847 2523 1907 sancti.
2554 1854 2751 1922 Signati
2785 1856 2833 1905 itt
2878 1855 3127 1908 cordibus
3164 1860 3390 1920 llOSll‘lS,
3420 1862 3635 1912 Coniur-

2080 1934 2192 1993 mes
2217 1921 2658 1993 Filioﬂeflit-imur,
2687 1935 2740 1977 et
2783 1926 2951 1993 imago
2980 1925 3099 1988 Dei,
3134 1936 3190 1979 ut
3213 1927 3403 1980 clamat
3443 1929 3636 1984 Paulus

2078 1987 2262 2069 dicens
2274 2010 2307 2069 ἑ
2347 1987 3129 2069 Virquidetn‘nonuiebiftvelari,
3163 2014 3277 2069 cum
3294 2000 3356 2049 sit
3391 2000 3555 2069 imago
3588 2012 3635 2054 et

2075 2059 2238 2127 gloria
2264 2061 2359 2135 Dei
2398 2059 2479 2133 (1.
2505 2064 2622 2117 Cor.
2657 2065 2739 2135 11.
2775 2066 2846 2129 '7).
2878 2065 3041 2117 Multo
3066 2069 3229 2135 magis
3256 2059 3632 2134 Spiritusvsan-

2076 2138 2192 2202 ctus
2225 2141 2308 2202 est
2344 2134 2517 2202 imago
2547 2134 2656 2185 Dei.
2692 2134 2904 2200 Magnus
2942 2137 3097 2187 etiam
3134 2147 3217 2188 est
3247 2137 3438 2198 Filius.
3471 2139 3632 2194 inter-

2075 2198 2339 2255 minabilis
2383 2198 2476 2255 est'
2515 2203 2739 2271 Spiritus
2778 2198 2997 2257 vsanctus
3040 2223 3053 2258 :
3112 2205 3327 2275 Magnus
3382 2206 3631 2263 Dominus

2073 2280 2257 2343 noster,
2284 2282 2328 2321 et
2362 2287 2541 2341 magna
2572 2276 2724 2325 virtus
2752 2276 2860 2342 ejus
2913 2280 3073 2343 (nam
3114 2276 3353 2329 Christus
3404 2280 3491 2331 Dei
3526 2284 3631 2333 vir-

2074 2339 2199 2418 ilis),
2220 2352 2260 2394 et
2291 2339 2552 2418 sapientia:
2572 2344 2681 2414 ejus
2706 2339 2803 2418 non
2830 2355 2897 2397 est
2921 2339 3159 2418 numerus
3185 2345 3349 2413 (I’sal.
3388 2350 3507 2405 146.
3536 2353 3624 2418 5).

2071 2407 2127 2485 id
2157 2407 2257 2485 est,
2288 2410 2518 2485 Spiritus
2545 2407 2755 2466 sanctus
2787 2415 2897 2477 Dei,
2922 2416 3146 2482 Spiritus
3173 2407 3253 2469 est
3280 2420 3548 2485 sapientia:
3573 2407 3627 2474 et

2070 2479 2388 2537 intellectus.
2420 2483 2527 2537 Pax
2565 2500 2772 2554 quoque
2809 2496 2887 2538 est
2936 2479 3090 2539 Pater
3133 2504 3145 2538 :
3192 2479 3628 2544 Ecce-declarabo

2067 2567 2220 2619 super
2262 2569 2376 2606 eam
2409 2556 2565 2630 guasi
2609 2557 2792 2630 ﬂuvius
2821 2628 2828 2630 g
2842 2557 2978 2630 pacis
3018 2556 3185 2630 (Isai.
3213 2559 3301 2613 66.
3350 2559 3467 2630 12).
3517 2562 3625 2617 Pax

2068 2636 2275 2699 quoque
2299 2634 2381 2678 est
2407 2625 2591 2686 Filius,
2628 2635 2681 2677 ut
2708 2627 2897 2699 Paulus
2917 2628 2989 2699 ait
3019 2625 3033 2682 ἐ
3067 2627 3186 2695 Ipse
3215 2642 3283 2681 est
3305 2646 3407 2699 pax
3426 2625 3620 2691 nostra.

2065 2695 2156 2769 qui
2176 2695 2293 2769 [coit
2315 2704 2523 2763 utraque
2545 2712 2710 2769 animi
2732 2696 2940 2765 (Ep/tes.
2960 2698 3011 2749 2.
3045 2700 3151 2767 14).
3182 2700 3281 2752 I‘ax
3305 2695 3522 2769 quoque
3541 2714 3625 2757 est

2067 2764 2295 2840 Spiritus
2338 2775 2610 2840 sattct_t_ts_:
2663 2764 3372 2840 Fructus_autemSpiritus.
3432 2764 3618 2840 inquit,

2064 2836 2264 2907 caritas,
2303 2852 2409 2906 pax
2448 2835 2657 2905 (Ep/tes.
2690 2838 2741 2891 5.
2769 2838 2845 2904 9).
2877 2837 3015 2890 Fons
3036 2850 3116 2891 est
3145 2841 3299 2893 Pater
3329 2859 3341 2893 :
3370 2835 3619 2907 Quoniam

2063 2906 2203 2976 apud
2223 2916 2271 2959 te
2288 2918 2364 2960 est
2401 2908 2514 2976 fons
2536 2911 2646 2961 vita!
2673 2909 2841 2976 (Psal.
2874 2909 2962 2963 55.
2996 2912 3081 2975 10)
3116 2929 3127 2963 ;
3162 2913 3277 2962 lous
3304 2906 3573 2965 estl’ilius
3603 2934 3616 2965 :

2065 2974 2704 3054 {laeuimdereliqueruut,
2733 2984 2918 3048 [autem
2944 2996 3085 3047 aqua:
3106 2981 3226 3054 vita!
3246 2981 3374 3047 (Jer.
3514 2985 3619 3054 15).

2062 3046 2171 3117 δὶδί
2194 3060 2339 3102 esset
2362 3046 2741 3116 fonsSpiritus
2764 3046 2992 3111 Sanctus,
3024 3068 3126 3104 llotl
3154 3052 3373 3105 dixisset
3402 3046 3615 3117 Paulus,

2062 3115 2129 3169 Et
2155 3135 2325 3172 omnes
2358 3121 2409 3172 in
2438 3115 2607 3173 eodem
2636 3121 2833 3187 Spiritu
2878 3121 3114 3187 baptizati
3142 3139 3313 3175 sumus
3354 3125 3368 3188 (
3393 3125 3443 3177 1.
3496 3115 3615 3179 Cor.

2062 3187 2147 3241 12.
2181 3191 2292 3259 15).
2326 3190 2595 3259 Liquidins
2621 3203 2794 3244 autem
2822 3207 2886 3244 ex
2912 3193 3113 3245 Domini
3144 3194 3314 3245 verbis
3345 3187 3614 3259 etliscitur,

2060 3260 2313 3327 Spiritum
2356 3263 2484 3315 fonti
2533 3262 2695 3316 fuisse
2741 3272 3122 3327 comparatum.
3156 3262 3385 3316 Veniens
3427 3265 3618 3333 quippe

2058 3332 2211 3387 Jesns
2238 3334 2498 3385 clamabat
2524 3350 2535 3385 :
2565 3334 2623 3385 Si
2654 3333 2764 3398 quis
2809 3333 2948 3396 sitit,
2976 3336 3137 3385 veniat
3163 3338 3227 3383 ad
3264 3350 3339 3385 me
3361 3373 3377 3398 ,
3414 3347 3456 3385 et
3486 3332 3617 3387 bibat

2057 3419 2259 3471 aquam,
2291 3415 2363 3465 et,
2395 3404 2537 3456 Sicut
2580 3404 2706 3456 dixit
2745 3403 3010 3472 Scriptura
3033 3444 3047 3467 ,
3094 3406 3304 3470 ﬂumina
3356 3407 3417 3455 de
3454 3416 3618 3458 ventre

2057 3477 2164 3544 ejus
2193 3474 2348 3541 ﬂuent
2373 3490 2517 3542 aqua:
2552 3475 2689 3527 victe.
2724 3472 2835 3526 Hoc
2870 3486 3032 3527 autem
3059 3473 3249 3544 dicebat
3291 3474 3353 3526 de
3394 3475 3613 3543 Spiritu,

2056 3543 2200 3617 quem
2225 3546 2474 3617 accepturi
2503 3555 2640 3617 erant
2666 3546 3004 3617 credentesjn
3048 3561 3160 3617 eum
3181 3546 3196 3610 (
3220 3543 3375 3617 Joan.
3408 3545 3457 3597 7.
3476 3547 3553 3617 Δ57
3585 3575 3611 3585 -

2058 3616 2185 3682 '59).
2237 3614 2349 3670 Lux
2399 3624 2479 3669 est
2529 3616 2704 3679 Pater,
2740 3615 2870 3680 Quia
2911 3614 3044 3667 Deus
3072 3615 3160 3666 lux
3198 3625 3270 3666 est
3317 3616 3407 3683 (1.
3457 3614 3612 3668 Joan.

2057 3688 2109 3741 1.
2139 3688 2195 3753 5)
2230 3706 2242 3741 :
2274 3690 2357 3740 lux
2386 3686 2583 3749 Filius;
2635 3702 2776 3747 nam,
2810 3684 2919 3753 Ego
2957 3702 3065 3738 sum
3096 3686 3183 3736 luat
3212 3686 3384 3736 mundi
3416 3684 3609 3751 (Joan.

2056 3759 2110 3812 8.
2155 3758 2277 3823 12);
2315 3760 2398 3811 lux
2430 3768 2483 3810 et
2510 3754 2733 3824 Spiritus
2764 3772 2777 3807 :
2828 3772 2931 3807 non
2958 3757 3097 3807 enim
3128 3757 3349 3808 dixisset
3380 3755 3570 3809 Paulus
3594 3798 3611 3820 ,

2058 3828 2302 3895 Spiritum
2331 3829 2481 3879 nolite
2506 3827 2901 3894 exstinguere“.
2926 3824 3096 3877 Tltess.
3130 3826 3182 3879 5.
3222 3826 3331 3889 19).
3364 3824 3464 3877 Sed
3491 3829 3611 3894 quia

2057 3900 2156 3951 hoc
2183 3910 2239 3951 ut
2278 3900 2327 3951 vi
2355 3898 2597 3949 eductum
2628 3896 2839 3965 quidam
2869 3896 3079 3958 habent,
3112 3895 3271 3965 David
3303 3898 3508 3964 proprie
3534 3898 3614 3948 dt-

2055 3979 2141 4022 cat
2173 3986 2184 4021 :
2220 3968 2283 4021 In
2318 3970 2503 4021 lumine
2528 3978 2612 4019 tuo
2648 3964 2923 4018 videbimus
2953 3967 3118 4018 lumen
3164 3964 3335 4031 (Psul.
3366 3968 3452 4019 35.
3497 3968 3609 4033 10),

2056 4056 2243 4106 nempe
2272 4040 2520 4107 Spiritum
2545 4046 2804 4090 sanctum.
2838 4036 3046 4107 Liberet
3073 4035 3227 4107 Pater
3256 4036 3524 4088 redactum
3559 4039 3608 4090 in

2054 4106 2359 4165 servitutem
2387 4108 2585 4175 peccati
2619 4126 2631 4160 :
2665 4108 2847 4159 liberat
2879 4106 3078 4167 Filius;
3110 4106 3316 4158 dicebat
3354 4106 3492 4158 enim
3518 4107 3611 4160 Ju-

2054 4180 2181 4235 d:cis
2204 4221 2218 4244 ,
2253 4181 2313 4235 Si
2338 4196 2454 4247 ergo
2482 4195 2564 4232 vos
2609 4177 2656 4230 F
2658 4179 2775 4230 ilius
2803 4177 3112 4247 liberaverit_,
3151 4192 3261 4228 vere
3298 4178 3436 4247 liberi
3474 4178 3611 4230 eritis

2055 4252 2229 4315 (Joan.
2262 4252 2313 4305 8.
2343 4245 2432 4315 '56)
2466 4267 2478 4303 :
2525 4250 2714 4302 liberat
2749 4248 2977 4316 Spiritus
3010 4262 3022 4298 :
3069 4245 3165 4299 Ubi
3220 4249 3350 4298 enim
3390 4246 3611 4316 Spiritus

2053 4323 2277 4384 Domini,
2312 4322 2377 4373 ibi
2406 4318 2604 4372 libertas
2625 4318 2701 4384 (2.
2724 4318 2840 4371 Cor.
2866 4319 2915 4370 5.
2943 4317 3028 4386 17)
3059 4334 3071 4370 :
3106 4319 3188 4370 lex
3219 4317 3444 4384 Spiritus
3474 4318 3608 4369 libe-

2052 4406 2134 4446 rat
2156 4413 2168 4447 :
2197 4392 2303 4448 Lex
2322 4408 2433 4445 vero
2464 4390 2684 4457 Spiritus
2706 4389 2924 4441 liberavit
2950 4398 2997 4439 te
3017 4405 3047 4438 a
3074 4389 3302 4440 servitute
3325 4388 3607 4457 corruptio-

2052 4467 2127 4516 nis
2157 4464 2331 4532 (Rom.
2363 4462 2415 4515 8.
2446 4460 2527 4529 2).
2557 4461 2732 4514 Bonus
2760 4470 2840 4511 est
2870 4459 3023 4511 Pater
3052 4476 3063 4510 :
3095 4460 3261 4532 bonus
3300 4458 3497 4532 Filius:
3528 4458 3609 4510 Αη

2053 4529 2226 4585 oculus
2256 4544 2387 4593 tuus,
2440 4532 2628 4597 inquit,
2660 4546 2867 4599 nequam
2897 4540 2967 4581 est
2990 4570 3004 4591 ,
3046 4530 3162 4597 quia
3196 4545 3284 4596 ego
3312 4529 3468 4581 bonus
3497 4545 3608 4580 sum

2082 4602 2262 4655 Matth.
2312 4602 2403 4655 20.
2439 4600 2568 4668 15)?
2598 4601 2764 4653 iunius
2793 4600 2948 4654 etiam
2976 4611 3056 4652 est
3083 4600 3307 4668 Spiritus
3345 4608 3557 4668 sanctus
3591 4617 3603 4651 :

2054 4666 2279 4747 Spiritus
2305 4682 2417 4747 tuus
2435 4666 2590 4747 bonus
2610 4672 2813 4747 dedufet
2838 4686 2916 4721 me
2940 4670 2992 4720 in
3020 4666 3202 4747 terram
3223 4679 3414 4747 rectam
3434 4666 3602 4747 (Psal.

2052 4738 2175 4796 142.
2211 4743 2320 4807 10).
2354 4740 2449 4793 Ubi
2483 4741 2595 4791 vult
2624 4750 2704 4792 est
2730 4739 2914 4799 Pater;
2948 4738 3141 4791 nemini
3171 4739 3309 4790 enim
3337 4738 3608 4804 subjectus

2051 4823 2162 4866 est:
2199 4814 2285 4865 ubi
2316 4809 2732 4869 vultestFilius;
2768 4808 2901 4860 liber
2922 4809 3115 4876 quippe
3135 4817 3254 4861 est:
3283 4808 3368 4861 tibi
3390 4810 3497 4860 vult
3524 4818 3607 4861 est

2051 4884 2279 4952 Spiritus
2299 4892 2510 4935 sanctus
2536 4898 2549 4943 ;
2574 4896 2692 4952 nam
2714 4878 2933 4952 Spiritus
2949 4879 3028 4929 ubi
3052 4879 3153 4930 vult
3170 4878 3346 4952 spirat,
3370 4889 3416 4952 et
3438 4894 3606 4952 vocem

2051 4946 2159 5013 eius
2176 4954 2320 5005 audis
2336 4968 2353 5015 ,°
2369 4952 2455 5003 sed
2472 4951 2629 5003 nescis
2642 4946 2771 5001 unde
2790 4950 2970 5012 veniat,
2988 4958 3071 5000 aut
3088 4964 3183 5019 quo
3196 4948 3343 5019 vadat
3358 4946 3532 5019 (Joan.
3549 4951 3603 5003 5.

2050 5026 2125 5079 ὃ).
2151 5023 2335 5078 Omnia
2356 5021 2589 5076 continet
2606 5021 2778 5084 Pater,
2805 5018 3227 5071 otnniaeontinet
3244 5018 3604 5079 Filius,omnia

2049 5100 2285 5149 continet
2305 5093 2533 5161 Spiritus
2548 5101 2787 5148 sanctus;
2816 5088 2975 5142 David
2997 5089 3138 5142 enim
3161 5089 3287 5161 dicit
3312 5107 3323 5141 :
3347 5090 3457 5156 Quo
3478 5090 3555 5142 ibo
3573 5107 3605 5142 a

2048 5167 2229 5233 spiritu
2258 5158 2372 5227 tuo,
2402 5174 2447 5216 et
2477 5179 2573 5231 quo
2599 5179 2629 5212 a
2658 5162 2785 5230 facie
2818 5170 2903 5233 tua
2926 5160 3126 5233 fugiam
3157 5158 3327 5233 (ἕζεαι.
3359 5162 3479 5233 1-58.
3510 5162 3607 5233 7)?

2049 5228 2394 5302 Onmipotens
2421 5228 2500 5287 est
2533 5228 2706 5294 Pater,
2752 5240 2810 5283 ut
2836 5228 2966 5302 dicit
2989 5229 3090 5302 Job
3117 5247 3130 5282 :
3176 5228 3347 5302 Novi,_
3368 5228 3599 5302 Domine,

2048 5310 2180 5377 quod
2202 5300 2390 5377 pronmia
2413 5373 2423 5377 _
2446 5304 2625 5372 possis,
2658 5302 2878 5377 vti/dique
2915 5300 2999 5351 tibi
3037 5301 3100 5377 sit
3125 5300 3428 5377 impossibile
3454 5300 3601 5369 (Job.

2049 5370 2135 5431 32.
2164 5374 2241 5446 2).
2273 5370 2616 5446 Omnipotens
2641 5370 2947 5446 estdFilins,‘
2966 5380 3020 5423 ut
3051 5371 3125 5446 ait
3156 5371 3231 5424 illi
3259 5372 3346 5446 qui
3376 5371 3458 5446 vix
3486 5388 3607 5424 cre-

2052 5441 2209 5501 debat
2257 5446 2307 5499 in
2364 5441 2644 5510 l‘lvangetio
2673 5460 2686 5497 :
2719 5441 2947 5494 (Iredenti
2990 5444 3158 5493 omnia
3196 5443 3451 5511 possibilia
3490 5454 3607 5493 sunt

2051 5517 2242 5585 (Marc.
2274 5518 2328 5570 9.
2359 5516 2468 5579 22).
2501 5513 2857 5585 Omnipotens
2887 5522 2940 5585 et
2968 5512 3194 5580 Spiritus
3223 5524 3437 5585 sanctus
3464 5529 3476 5562 :
3519 5520 3605 5585 est

2050 5581 2212 5644 enim.
2244 5586 2433 5653 inquit,
2461 5586 2548 5637 Dei
2580 5582 2999 5653 virtusSpiritus
3017 5594 3248 5653 sanctus.
3279 5581 3503 5653 Spiritus
3527 5582 3606 5633 iu-

2052 5649 2368 5727 telligentize.
2400 5666 2631 5727 sanctus.
2654 5649 3020 5716 multifortms,
3064 5652 3263 5716 tenuis,
3309 5650 3458 5727 facile
3488 5667 3604 5727 tuo-

2051 5719 2191 5795 bilis',
2220 5730 2413 5791 clarus,
2435 5724 2763 5796 perspicuus,
2786 5734 3005 5785 IiiiUSva,
3028 5733 3232 5787 acutus,
3257 5736 3363 5775 non
3384 5719 3605 5793 impedi-
