4066 6218
463 283 555 334 7³⁷1

460 401 566 456 tus,
599 386 889 452 beneﬁcus,
918 389 1192 444 hominum
1236 401 1440 448 amans,
1473 385 1675 446 ﬁrmus,
1708 391 1852 456 tutus
1863 425 1882 456 _,
1916 398 2021 439 non

456 453 746 520 sollicitus,
792 461 1160 528 omnipotens,
1212 459 1388 528 omnia
1434 456 1782 528 perspiciens.
1834 453 2017 528 Neque

460 531 618 584 modo
659 530 835 584 omnia
873 524 1197 598 perspiciens
1240 538 1322 584 est
1364 524 1608 598 Spiritus
1635 535 1886 598 sanctus,
1921 524 2016 580 sed

458 601 616 655 etiam
651 594 894 654 homines
921 594 1218 667 episcopos,
1253 601 1364 652 sive
1389 595 1762 666 perspicientes
1791 594 1932 667 facit,
1950 604 2020 667 ut

459 671 768 725 testiﬁcatur
791 671 914 723 mihi
948 664 1140 724 Paulus
1166 670 1219 722 in
1258 664 1476 724 Actibus
1503 669 1684 720 dicens
1717 684 1730 718 :
1773 664 2024 718 Attendite

458 742 592 794 vobis
623 751 666 793 et
691 742 920 794 universo
947 741 1104 811 gregi.
1135 743 1186 792 in
1211 757 1307 811 quo
1329 755 1413 811 vos
1441 737 1662 811 Spiritus
1693 745 1892 811 sanctus
1924 753 2017 803 po-

456 813 554 866 suit
595 811 852 879 episcopos
884 823 900 879 (
930 805 1156 865 ᾸτιΪῖΟ.
1185 810 1254 864 28
1287 813 1322 878 ).
1349 807 1488 879 Misit
1515 808 1796 875 prophetas
1843 805 2018 869 Pater,

460 882 602 935 misit
626 877 916 950 prophetas
943 881 1125 942 Filius,
1155 881 1296 933 misit
1325 890 1379 932 et
1408 877 1638 950 Spiritus
1673 884 1915 950 sanctus,
1967 885 2022 929 ut

459 967 596 1005 unus
617 947 680 1005 ex
724 947 995 1022 prophetis
1041 952 1166 1004 dicit
1197 950 1398 1022 Isaias;
1452 947 1520 1022 Et
1567 963 1699 1022 {tunc
1751 947 2016 1022 Dominus,

460 1022 705 1075 Dominus
725 1017 866 1075 'inisit
896 1038 990 1082 me.
1025 1032 1070 1074 et
1099 1022 1319 1088 Spiritus
1343 1021 1471 1088 ejus.
1498 1019 1534 1071 Α
1569 1017 1702 1071 Filio
1725 1018 2023 1088 missisunt

458 1093 686 1162 apostoli
716 1110 728 1146 :
759 1091 887 1145 Ecce
914 1108 1002 1162 ego
1027 1093 1166 1162 mitto
1194 1107 1285 1162 vos
1301 1087 1427 1142 sicut
1452 1104 1562 1141 oves
1600 1089 1652 1140 in
1682 1088 1850 1162 medio
1872 1087 2020 1162 lupo-

460 1156 570 1216 rum
612 1161 820 1230 (Matth.
868 1156 960 1216 1οἶ
986 1160 1110 1233 l6):
1145 1161 1297 1233 missi
1339 1174 1548 1233 quoque
1579 1167 1712 1233 sunt
1739 1174 1767 1210 a
1819 1156 2019 1233 Spiritu

457 1227 664 1295 Sancto,
684 1233 821 1286 sicut
847 1233 895 1285 in
921 1227 1172 1285 Actibus:
1199 1231 1300 1297 Qui
1316 1227 1431 1300 ergo
1451 1227 1589 1281 missi
1614 1237 1754 1300 erant
1771 1244 1806 1300 a
1823 1227 2022 1300 Spiritu

459 1315 652 1367 sancto,
673 1303 1032 1356 descenderunt
1061 1303 1340 1355 Seleuciam
1361 1297 1493 1370 (Act.
1519 1301 1602 1354 15.
1624 1297 1706 1370 κά).
1733 1298 2022 1370 Advocavil.

459 1373 615 1426 Pater
631 1375 918 1441 apostolos,
942 1373 1216 1426 advocavit
1239 1367 1403 1426 Filius
1433 1367 1719 1441 apostolos,
1738 1367 2022 1441 similiter-

457 1459 559 1511 que
588 1438 814 1510 Spiritus
847 1453 1056 1496 sanctus
1086 1441 1358 1496 advocavit
1381 1440 1648 1511 apostolos
1679 1438 2020 1511 :_ll_linis_trau-

459 1507 588 1566 tibus
608 1507 710 1566 illis
732 1513 966 1565 Domino.
992 1512 1355 1580 Quibusnam?
1385 1507 1671 1580 Apostolis.
1699 1507 1829 1580 Dicit
1853 1509 2021 1576 Spiri-

457 1594 535 1636 tus
551 1594 772 1637 sanctus:
789 1578 1058 1654 Segregaie
1074 1584 1194 1635 mihi
1215 1578 1497 1654 Barnabam
1519 1591 1564 1634 et
1579 1578 1802 1634 Paulum
1819 1580 1870 1631 in
1893 1596 2019 1647 apns

456 1655 523 1706 ad
539 1656 670 1722 quod
684 1657 848 1707 vocavi
862 1653 945 1707 eos
967 1653 1014 1723 (Ι
1021 1655 1121 1706 bid.
1142 1671 1187 1706 v.
1207 1653 1284 1723 9.).
1305 1653 1587 1721 Segregate
1600 1667 1726 1723 vos,
1747 1659 2019 1723 segregate

458 1719 584 1778 mihi
614 1725 903 1778 Barnaham
930 1719 982 1777 et
1005 1719 1253 1777 Paulum;
1273 1719 1491 1791 Loquor
1507 1736 1562 1774 ut
1581 1719 1828 1791 dominus
1851 1736 1865 1783 ;
1891 1721 2017 1774 ohe-

457 1795 568 1848 dite
598 1807 651 1848 ut
682 1795 840 1848 servi.
865 1793 1223 1861 Jejuuantibus
1243 1790 1405 1845 autem
1429 1792 1531 1844 illis
1555 1802 1600 1844 et
1624 1790 2017 1861 ministrantibus

456 1861 691 1919 Domino.
744 1860 1013 1918 Attende:
1057 1862 1123 1916 Et
1168 1864 1580 1916 ministrantibus.
1623 1860 1716 1914 Ubi
1766 1871 1886 1913 sunt
1927 1862 2015 1929 qui

455 1935 639 1987 dicunt
661 1933 912 2001 Spiritum
940 1946 1176 1988 sanctum
1205 1949 1322 1988 esse
1344 1931 1675 1986 ministrum?
1701 1929 1756 1983 Si
1778 1929 2016 1983 minister

453 2014 536 2057 est
565 2005 789 2072 Spiritus
810 2015 1040 2069 sanctus,
1071 2021 1205 2056 unus
1227 2013 1309 2057 est
1329 2004 1633 2071 angelorum
1668 2002 1751 2054 vel
1798 2011 2014 2072 saneto-

460 2089 576 2128 rum
606 2070 963 2143 apostolorum
994 2093 1008 2128 :
1040 2075 1128 2142 qui
1160 2073 1282 2127 facit
1305 2070 1445 2126 enim
1467 2073 1680 2143 angelos
1707 2085 1830 2143 suos
1847 2070 2012 2143 spiri-

455 2154 560 2208 tus,
585 2140 653 2198 ρι’
668 2147 938 2198 ministros
963 2140 1089 2198 suos
1116 2145 1378 2198 ﬂammam
1411 2140 1738 2212 ignislPsal.
1772 2140 1892 2212 105.
1931 2143 2011 2210 4).

453 2223 522 2267 At
549 2231 650 2269 non
686 2217 924 2269 minister
951 2226 1032 2270 est
1057 2213 1285 2284 Spiritus
1308 2210 1541 2276 saucius,
1570 2212 1663 2284 Sed
1687 2210 2016 2284 ministratur

457 2285 529 2338 illi
557 2305 570 2339 ;
601 2285 1006 2339 Ministrantibus
1043 2281 1208 2338 autem
1234 2285 1354 2344 illis,
1400 2284 1585 2350 ittquit,
1629 2282 1754 2336 dixit
1792 2281 2015 2351 Spiritus

451 2368 693 2409 sanctus:
738 2357 1008 2425 Segregute
1049 2356 1186 2408 milii.
1237 2355 1340 2425 Sed
1380 2364 1462 2425 est
1506 2353 1710 2406 Domini
1741 2365 1864 2425 vos,
1912 2351 2013 2425 Se-_

451 2436 654 2496 gregale
694 2421 824 2479 milii
840 2421 1128 2480 Bamabani
1175 2435 1220 2477 et
1258 2424 1476 2477 Paulum
1501 2425 1724 2496 inuopuis
1769 2424 1836 2496 ad
1878 2421 2013 2486 quod

451 2490 620 2548 vocavi
681 2513 783 2550 eos.
829 2497 977 2552 Nunc
1032 2513 1126 2552 vos
1174 2505 1446 2564 segregate
1503 2492 1629 2564 mihi
1691 2490 1908 2546 Paulum
1960 2502 2013 2544 et

452 2566 746 2621 Barualiam
789 2585 803 2622 :
850 2583 947 2636 ego
973 2569 1110 2622 enim
1157 2563 1422 2634 seg’regavi
1449 2577 1542 2617 eos
1585 2563 1653 2617 ab
1695 2570 1844 2614 utero
1897 2575 2011 2614 ma-

454 2640 546 2690 tris
573 2652 775 2690 eorum.
833 2637 897 2690 Et
941 2637 1063 2705 quia
1102 2653 1130 2690 a
1175 2637 1371 2704 Spiritu
1415 2642 1597 2705 sancto
1639 2640 2013 2705 vocatus__erat

452 2706 646 2762 Paulus
673 2749 686 2772 ,
732 2709 800 2761 ab
827 2701 1080 2778 apostolis
1112 2701 1529 2778 segri-gatusest
1563 2703 1618 2757 in
1658 2701 2009 2770 evangelium,

450 2786 508 2830 ut
538 2779 624 2832 ille
669 2780 721 2832 in
745 2776 909 2847 prinia
941 2779 1170 2846 Epistola
1201 2777 1330 2830 dicit
1361 2795 1372 2829 :
1406 2776 1611 2847 Servus,
1641 2783 1844 2847 vocatus
1883 2787 2008 2847 apo:

449 2851 625 2920 stolus.
655 2840 939 2920 segregatus
966 2840 1018 2903 in
1047 2849 1359 2920 evangelium
1398 2845 1492 2920 Dei
1513 2845 1687 2920 (licus.
1719 2845 1768 2896 l.
1906 2841 2010 2920 _Sed

449 2918 499 2971 id
525 2937 684 2984 nunc,
708 2911 908 2985 dilecti,
937 2911 1302 2990 excogita'runt
1327 2917 1382 2981 ii,
1408 2918 1496 2986 qui
1513 2911 2015 2990 Δὒιίιεριμετεμηἰεέρςὶίιιιιι

449 2981 712 3056 operam:
742 3007 862 3044 cum
891 2981 1212 3060 oportuisset
1233 2981 1448 3056 operam
1491 2987 1621 3060 dare
1644 2981 1841 3060 divinae
1868 2981 2010 3060 ὃςςί-

452 3050 638 3126 liturae,
681 3072 733 3115 et
761 3050 1048 3132 agnoscere
1087 3050 1362 3115 Domiti-um
1394 3068 1446 3132 et
1471 3057 1667 3132 dictum
1697 3053 1872 3132 illud“:
1900 3050 2013 3132 Xa-

447 3123 556 3203 cate
579 3123 634 3184 et
653 3123 827 3196 videte:
873 3133 1111 3203 quoniam
1140 3149 1228 3200 ego
1253 3148 1363 3185 sum
1392 3127 1528 3203 Deus
1561 3125 1729 3203 (ἕξεσι.
1779 3123 1866 3179 45.
1894 3123 2006 3203 ll).

447 3199 596 3271 Nunc
615 3203 777 3256 aliam
821 3199 1183 3270 blasphematn
1219 3202 1560 3271 quaestionem
1607 3199 2015 3271 invenerunt,et

450 3269 775 3342 interrogant
798 3289 893 3326 nos
925 3265 950 3326 ε’
971 3265 1312 3328 ἹΙινοιιυιιιίιθ
1339 3271 1497 3324 habet
1527 3266 1721 3323 Pater?
1764 3265 2012 3335 Respon-

1939 268 2202 324 SPURIA.

3581 277 3669 331 772

2126 383 2339 450 demus,
2360 383 2531 456 Etiam
2551 403 2564 438 :
2589 385 2837 442 Dominus
2855 402 3006 456 super
3025 387 3259 441 thronum
3278 398 3669 446 sanctumsuum.

2129 456 2366 510 Habetne
2417 455 2662 511 thronum
2717 457 2882 512 Filius
2901 455 2928 511 ἵ
2952 457 3358 527 Respondemus
3386 499 3402 522 ,
3451 458 3612 515 Etiam
3657 482 3670 516 :

2124 529 2376 594 scriptum
2399 534 2481 580 est
2505 529 2642 581 enim
2673 527 2739 582 de
2768 527 2904 582 Filio
2935 546 2947 582 :
2995 527 3224 581 Thronus
3266 537 3399 590 tuus,
3447 527 3608 595 Deus,
3627 535 3673 586 in

2127 597 2367 649 saeculum
2393 599 2582 652 seaculi.
2609 598 2711 652 Sed
2740 615 2858 651 cum
2890 599 3040 652 audis
3089 599 3336 652 thronum
3367 599 3461 653 Dei
3487 641 3501 662 ,
3546 601 3592 654 id
3623 616 3673 656 nt

2133 666 2298 719 Deum
2351 667 2505 720 decet
2534 668 2871 741 cogitandum
2901 681 3019 741 est;
3065 670 3337 741 thronum,
3369 685 3563 741 nempe
3584 688 3657 741 po-

2128 744 2397 801 testatem,
2425 753 2664 805 regnum,
2701 739 3114 794 dominationem
3145 755 3158 792 :
3191 739 3342 792 nobis
3369 738 3515 794 enim
3542 738 3670 797 scri-

2127 816 2279 873 ptura
2311 817 2367 878 ut
2393 807 2690 878 hominibus
2716 809 2966 877 loquitur.
2993 808 3092 864 Ubi
3122 809 3260 862 enim
3293 811 3547 878 scriptum
3573 826 3667 876 est,

2125 880 2288 930 etiam
2339 877 2594 945 Spiritum
2638 893 2878 934 sanetum
2928 879 3122 934 habere
3174 882 3461 941 thronum,
3518 892 3570 936 ut
3613 899 3668 939 ex

2129 946 2319 1002 throno
2371 947 2724 1017 a-qualitatem
2776 950 2990 1004 honoris
3034 950 3404 1018 intelligentes,
3447 951 3669 1006 domina-

2129 1021 2324 1072 tionem
2355 1019 2740 1074 concedamus?
2783 1021 2940 1074 Certe
2971 1020 3058 1074 tali
3099 1021 3374 1088 qua-stioni
3427 1036 3519 1089 par
3541 1035 3667 1078 esset

2129 1103 2354 1162 nosnon
2376 1089 2720 1162 respondere.
2744 1089 2798 1162 Si
2825 1091 2964 1144 enim
2979 1092 3115 1144 servi
3147 1100 3378 1162 exterriri
3409 1093 3538 1156 nati,
3559 1109 3668 1162 apo-

2128 1159 2275 1229 stoli,
2295 1162 2525 1228 inquam,
2545 1160 2686 1229 digni
2704 1161 2863 1214 habiti
2884 1172 3005 1214 sunt
3020 1163 3106 1229 qui
3125 1161 3174 1214 in
3196 1161 3397 1214 tlirouis
3416 1159 3666 1218 sederent:

2128 1227 2261 1300 Ecce
2283 1227 2374 1300 vos
2408 1227 2670 1300 duodecim
2699 1231 2928 1285 sedebitis
2951 1227 3099 1300 super
3138 1232 3361 1294 thronos,
3410 1233 3668 1296 iudicantes

2126 1299 2386 1373 duodecim
2416 1299 2570 1352 tribus
2597 1299 2762 1373 Israel
2789 1303 2805 1369 (
2814 1299 3110 1356 Matt/1.19.
3139 1301 3231 1370 28)
3259 1319 3272 1366 ;
3309 1305 3486 1373 inulto
3520 1305 3666 1373 magis

2125 1367 2351 1440 Spiritus
2371 1379 2604 1424 sanctus.
2632 1372 2709 1424 Ad
2751 1367 2862 1425 hinc
2905 1367 3226 1438 interrogant
3258 1389 3271 1424 :
3307 1371 3526 1426 Ubinam
3560 1367 3664 1440 Spi-

2129 1439 2262 1511 titus
2289 1441 2454 1511 saneti
2477 1443 2682 1511 gloria?
2708 1443 3032 1510 gloriﬁcatur
3059 1442 3230 1500 Pater.
3255 1443 3578 1511 gloriﬁcatur
3595 1439 3669 1498 Fi-

2123 1508 2266 1582 lius:
2302 1508 2510 1582 ubinam
2560 1508 2787 1582 Spiritus
2833 1513 3071 1566 sanctus?
3111 1508 3357 1582 quzeriint
3394 1513 3665 1568 increduli.

2127 1579 2309 1632 Dicant
2351 1580 2550 1642 lideles,
2586 1591 2640 1634 et
2686 1581 2844 1636 Isaias
2885 1579 3192 1636 testiﬁcetur
3224 1600 3237 1633 :
3275 1581 3389 1635 Vidi
3415 1583 3668 1637 Dominum

2124 1650 2388 1724 sedentem
2417 1667 2566 1724 super
2609 1653 2793 1704 solium
2826 1652 3070 1724 excelsum
3098 1651 3262 1724 (Isai.
3293 1658 3346 1708 6.
3371 1655 3397 1709 1
3424 1685 3449 1694 -
3467 1654 3501 1708 ὅ
3531 1656 3581 1722 );
3611 1656 3670 1709 de

2125 1720 2322 1791 Spiritu
2375 1719 2702 1789 loqbitur,ut
2733 1723 2888 1790 paulo
2939 1733 3054 1791 post
3101 1719 3583 1784 ilemonstrabitur:
3627 1736 3668 1779 et

2123 1790 2360 1863 eleuatum
2382 1806 2401 1842 :
2428 1800 2475 1843 et
2523 1791 2669 1858 plena
2711 1802 2816 1845 erat
2843 1790 3021 1846 domus
3064 1793 3226 1863 gloria
3253 1796 3376 1863 ejus.
3427 1793 3494 1847 Et
3524 1795 3668 1849 Sera-

2123 1861 2266 1933 pbim
2291 1863 2488 1933 stabant
2512 1865 2562 1912 in
2583 1864 2799 1933 circuitu
2819 1865 2927 1933 ejus
2954 1880 2972 1917 :
3002 1861 3089 1916 sea:
3117 1866 3212 1917 alte
3234 1861 3320 1918 uiti
3339 1907 3354 1927 ,
3382 1874 3428 1918 et
3469 1883 3556 1919 sca:
3581 1868 3668 1920 ala:

2121 1930 2286 1982 alteri.
2312 1928 2380 1982 Et
2409 1931 2689 1985 clamabant
2716 1948 2735 1985 :
2773 1928 3008 1996 Sa'uctus,
3042 1935 3269 1997 Sanctus,
3313 1935 3536 1989 Sanctus
3565 1937 3664 1989 Do-

2121 2000 2284 2076 minus
2306 2000 2552 2076 Sabaoth,
2580 2003 2784 2076 plenum
2809 2012 2877 2057 est
2903 2005 3079 2076 cazluut
3104 2016 3149 2057 et
3185 2015 3308 2076 terra
3332 2006 3510 2076 gloria
3535 2008 3661 2076 ejus.

2122 2069 2218 2144 llic
2237 2071 2468 2144 attende,
2496 2069 2824 2144 etgthronum
2849 2084 2902 2127 et
2923 2075 3144 2144 gloriam
3173 2075 3301 2129 vide.
3325 2069 3387 2128 Et
3409 2069 3660 2128 dixitDe-

2121 2141 2376 2214 miuus_ad
2413 2158 2506 2204 me,
2545 2142 2702 2214 Quem
2732 2141 2946 2208 mittam;
2987 2156 3035 2199 et
3071 2147 3182 2212 quis
3208 2146 3285 2198 ibit
3311 2147 3373 2198 ad
3420 2147 3653 2214 populum

2122 2210 2253 2263 hunc
2275 2210 2575 2265 .ludaeorum
2599 2213 2622 2265 ?
2650 2214 2714 2266 Et
2743 2214 2871 2268 dicet
2900 2216 3020 2279 illis,
3052 2210 3239 2268 Audita
3261 2210 3458 2268 audietis
3485 2210 3529 2268 et
3555 2233 3649 2270 non

2122 2281 2402 2355 intelligetis
2431 2298 2449 2355 ξ
2489 2283 2820 2337 iucrassatum
2841 2286 2972 2338 enim
2997 2296 3066 2339 est
3095 2303 3184 2338 cor
3230 2287 3397 2355 populi
3425 2286 3588 2355 hujus,
3618 2299 3659 2338 et

2119 2351 2335 2424 paribus
2370 2354 2472 2424 suis
2526 2356 2741 2422 graviter
2781 2356 3011 2422 audiunt,
3058 2365 3163 2410 etc.
3221 2351 3403 2424 (Ibid.
3428 2351 3667 2424 δ’ὁ-ιθ)

2119 2418 2278 2495 Venit
2306 2421 2502 2495 Paulus
2526 2418 2649 2490 post
2697 2426 2888 2480 multas
2926 2418 3186 2481 annorum
3219 2418 3464 2495 periodos
3506 2442 3534 2478 a
3562 2418 3672 2480 data

2121 2491 2395 2559 prophetia
2432 2510 2444 2544 :
2475 2493 2694 2547 Romam
2727 2497 2884 2554 venit.
2918 2511 3036 2550 cum
3061 2491 3261 2552 Judaeis
3311 2497 3546 2551 edisserit
3570 2538 3584 2557 ,
3621 2506 3674 2550 ut

2122 2561 2240 2613 illos
2269 2563 2480 2616 inducat
2508 2565 2557 2616 in
2578 2564 2849 2635 Unigemti
2878 2566 3030 2621 ﬁdem
3059 2585 3071 2619 :
3108 2568 3181 2620 illi
3214 2583 3340 2622 vero
3369 2567 3673 2621 avertebau~

2121 2638 2228 2707 tur,
2253 2643 2303 2686 et
2337 2649 2438 2686 non
2456 2634 2773 2707 credebant.
2816 2636 2964 2692 Tunc
2992 2649 3253 2692 memorat
3282 2639 3420 2691 hanc
3459 2637 3673 2707 prophe-

2121 2702 2554 2776 tiam,_qn:ejani
2587 2707 2922 2772 implebalnr.
2953 2709 3014 2762 Et
3038 2708 3160 2776 quid
3188 2708 3319 2761 dicit
3353 2702 3498 2761 illis':
3551 2702 3675 2761 Bene

2119 2771 2251 2852 dixit
2272 2771 2339 2826 de,
2362 2771 2493 2852 vobis
2519 2771 2741 2852 Spiritus
2763 2789 2963 2852 sanctus
2995 2771 3088 2852 per.
3107 2778 3300 2852 Isaiam
3341 2780 3673 2852 prophetam”:

2119 2843 2574 2918 {ludituhaudietis
2599 2887 2612 2911 ,
2663 2857 2708 2900 et
2761 2864 2859 2900 non
2915 2843 3219 2918 intelligetis,
3251 2843 3358 2902 etc.
3393 2843 3546 2918 (Act.
3589 2848 3670 2901 28.

2116 2911 2207 2966 ‘25.
2262 2913 2393 2985 26).
2428 2915 2563 2969 Ecce
2589 2933 2743 2985 quem
2773 2918 2930 2972 Isaias
2969 2911 3096 2973 dicti
3129 2911 3411 2972 Dominum
3454 2919 3676 2973 Sabaoth

2119 2998 2281 3059 super
2304 2984 2559 3059 thronum
2573 2984 2847 3059 excelsum
2875 2990 3080 3050 sedere,
3109 3001 3164 3044 et
3194 2989 3262 3042 ab
3286 2990 3488 3059 angelis
3530 2990 3678 3059 glori-

2120 3053 2286 3130 licari,
2317 3055 2508 3130 l'aulus
2531 3056 2658 3110 dicit
2677 3058 2927 3130 Spiritum
2945 3070 3183 3114 sanctum
3213 3053 3514 3128 esse.'Quis
3533 3053 3677 3130 post-

2118 3139 2180 3176 ea
2210 3126 2279 3196 ita
2321 3127 2514 3182 stultus
2551 3133 2652 3181 erit
2697 3139 2751 3182 ut
2781 3129 3014 3194 dubitet,
3038 3141 3092 3184 et
3134 3126 3427 3196 Dominum
3445 3139 3498 3184 et
3524 3126 3678 3184 Deum

2119 3203 2169 3246 et
2189 3194 2457 3270 Spiritum
2485 3212 2603 3252 esse
2629 3199 2948 3253 colendum?
2975 3202 3060 3255 cui
3087 3201 3251 3270 gloria
3279 3194 3332 3254 in
3360 3203 3554 3255 Sine-ala
3579 3216 3681 3256 sa-

2118 3266 2377 3320 eulorum.
2409 3270 2599 3322 Amen.

1939 3464 2021 3506 DE
2063 3463 2194 3507 SPE.

1715 3611 2428 3650 WWWU‘

519 3760 716 3815 Omnes
770 3760 1010 3815 homines
1055 3771 1236 3814 natura
1289 3759 1530 3814 industrii
1573 3768 1715 3823 sunt,
1761 3757 1899 3828 quod
1945 3772 2009 3811 cx

453 3842 635 3885 natura
664 3847 756 3885 sua
797 3833 996 3899 judicio
1021 3843 1070 3887 et
1103 3840 1278 3885 mente
1325 3833 1576 3898 polleant.
1623 3831 1824 3898 Singuli
1867 3829 2009 3883 enim

451 3903 514 3955 ad
545 3905 935 3971 agriculturam.
966 3905 1240 3956 viatoriam
1275 3902 1356 3956 vel
1396 3911 1563 3955 artem
1609 3902 2007 3971 aliquamqua-

452 3974 570 4027 dam
591 3970 685 4037 'spe
703 3974 814 4026 l'ulti
838 3989 895 4027 se
911 3975 1126 4027 dedunt.
1147 3971 1331 4027 Cuncti
1354 3973 1494 4026 enim
1519 3971 1743 4030 labores.
1767 3970 2009 4033 sudores,

453 4044 678 4112 pericula
707 4055 756 4097 et
787 4059 1050 4098 :erumnas
1077 4045 1322 4098 alacriter
1350 4043 1576 4096 subeunt
1605 4042 1673 4095 ob
1716 4040 2010 4094 futurorum

457 4117 712 4168 bonorum
743 4119 1210 4180 exspectationem.
1245 4115 1482 4182 Agricola
1514 4128 1793 4166 nervorum
1819 4113 2014 4165 tensio-

453 4203 549 4246 ne,
602 4187 957 4239 membrorum
1016 4193 1071 4238 et
1115 4185 1256 4238 dorsi
1315 4186 1701 4246 incurvatione,
1759 4182 2014 4236 ambabus

455 4256 699 4309 manibus
725 4265 882 4308 conlo
911 4266 962 4308 et
991 4266 1170 4308 aratro
1199 4257 1434 4314 armatis,
1471 4254 1657 4307 hiemis
1689 4253 1870 4320 frigus,
1904 4253 2013 4319 gle-

452 4325 530 4379 ba)
557 4336 611 4378 et
652 4327 921 4392 Spiuarum
970 4324 1188 4392 injurias
1233 4325 1458 4378 libenter
1489 4324 1694 4387 suﬂ'ert,
1746 4324 2012 4375 l'ructuum

456 4397 852 4463 exspectatione
895 4396 1100 4448 labores
1148 4395 1398 4447 allevans.
1449 4393 1631 4446 Viator
1663 4395 1711 4446 in
1761 4392 1938 4446 arduis
1961 4401 2016 4446 et

455 4466 736 4534 prun-nptis
765 4465 1060 4527 itineribus,
1093 4465 1228 4518 duro
1257 4465 1372 4517 snlo
1403 4463 1610 4532 plantas
1641 4463 1888 4524 laedente,
1921 4479 2014 4515 su-

455 4540 585 4589 dore
611 4551 640 4588 a
669 4539 862 4589 vertice
909 4536 974 4587 ad
1021 4551 1219 4603 ungues
1261 4550 1425 4602 usque
1478 4534 1700 4588 ubertim
1742 4543 2010 4594 manante.

456 4618 664 4659 aestum.
684 4606 845 4664 sitim.
868 4605 1057 4658 laniem
1087 4619 1299 4660 strenue
1334 4605 1538 4669 tolerat,
1571 4605 1700 4658 lucri
1731 4620 1794 4657 ex
1828 4603 2015 4657 itinere

456 4676 620 4730 futuri
653 4691 745 4744 spe
778 4676 958 4730 fultus.
1007 4677 1190 4730 Medici
1235 4691 1444 4744 quoque
1485 4677 1533 4728 in
1565 4675 1872 4729 tumentium
1901 4674 2016 4727 vul-

457 4763 641 4802 nerum
673 4748 910 4801 sectione
957 4746 1198 4801 fauorem
1245 4750 1523 4811 sustinent,
1570 4747 1767 4798 ventris
1795 4759 2018 4798 evacua-

455 4820 626 4872 tioues
649 4817 1030 4886 humorumqne
1052 4817 1338 4871 cll'usiones
1361 4834 1514 4870 manu
1539 4818 1884 4886 excipientes,
1911 4831 2014 4868 non

457 4890 741 4958 refugiunt,
774 4900 988 4957 prapter
1016 4890 1342 4942 inlirmormn
1374 4889 1726 4958 curationem,
1773 4895 2014 4958 etispem

461 4964 650 5026 ampla:
683 4961 942 5013 mercedis
969 4959 1036 5011 ab
1064 4960 1124 5012 iis
1152 4961 1238 5026 qui
1269 4959 1432 5011 curati
1462 4957 1652 5010 fuerint
1677 4957 1775 5010 sibi
1803 4957 2012 5010 oblatae.

455 5029 634 5082 Nonne
665 5028 876 5099 quoque
908 5029 1094 5083 relicui
1129 5040 1284 5092 terra,
1317 5031 1510 5082 salsum
1532 5045 1676 5082 mare
1710 5036 1760 5081 et
1790 5027 2016 5099 cmrulea

457 5101 612 5152 dorsa
651 5101 936 5164 suleautes,
986 5101 1195 5154 adversi
1241 5102 1379 5152 venti
1409 5100 1512 5151 vim
1538 5109 1694 5167 atque
1740 5098 2016 5150 tumultum

458 5171 740 5232 sustinent,
763 5173 1039 5223 rudentum
1064 5170 1380 5237 multiplices
1401 5170 1759 5231 extensiones,
1782 5168 2016 5221 velorum

399 5244 410 5258 ’
456 5250 510 5291 et
539 5250 890 5293 antennarum
917 5241 1167 5307 stridulos
1196 5240 1593 5307 horrendosque
1617 5254 1797 5300 sonos,
1829 5239 2016 5290 imma—

459 5311 708 5379 niumque
745 5311 993 5362 lluetutnn
1024 5304 1260 5365 terrores
1302 5311 1430 5379 ipsis
1473 5304 1640 5363 oculis
1670 5311 2015 5376 excipientes,

456 5395 549 5448 Spe
577 5378 706 5450 lucri
734 5394 852 5432 cum
882 5381 1052 5434 salute
1080 5383 1212 5450 parti
1247 5378 1494 5434 tolerant.
1525 5381 1584 5433 lli
1613 5396 1798 5432 omnes
1827 5379 2019 5448 aliique

460 5459 637 5521 plures
669 5449 876 5504 labores
906 5460 958 5503 et
984 5449 1214 5521 pericula
1247 5453 1442 5517 ferum,
1467 5451 1535 5504 ob
1561 5466 1708 5518 Spem
1741 5451 1861 5502 boni
1893 5466 2019 5517 pau-

463 5528 510 5575 lo
542 5533 656 5589 post
686 5522 998 5576 obventuri.-
1026 5523 1188 5574 Multo
1229 5524 1394 5592 magis
1419 5522 1727 5592 religiosum
1763 5521 2020 5592 Christia-

458 5607 643 5644 norum
673 5606 859 5660 genus,
887 5594 1121 5644 virorum
1149 5593 1268 5646 dico
1292 5591 1354 5646 ac
1384 5594 1665 5646 mulierum
1711 5591 1849 5660 (non
1877 5591 2016 5644 enim

461 5679 573 5714 nias
602 5671 801 5716 tinnitu
832 5662 970 5731 apud
1002 5663 1167 5716 Deum
1198 5664 1408 5723 militat,
1438 5663 1528 5715 sed
1559 5666 1716 5715 etiam
1768 5660 1958 5714 femina
1976 5661 2013 5730 ),

457 5747 562 5786 non
586 5733 774 5789 robore
803 5736 1063 5804 corporis,
1091 5732 1183 5787 sed
1205 5734 1362 5786 animi
1394 5733 1696 5788 fortitudine
1720 5747 2014 5802 persequu-

2124 3758 2316 3832 tiones,
2347 3758 2562 3832 famem,
2591 3759 2872 3832 jejunium,
2903 3763 3128 3832 vigilias,
3159 3762 3303 3816 humi
3330 3765 3687 3828 cubationeui,

2121 3830 2356 3898 aliasque
2401 3829 2782 3884 inenarrabiles
2828 3829 3096 3887 aerumnas
3121 3835 3277 3887 ambo
3306 3851 3471 3888 sexus
3499 3836 3691 3889 alacri-

2121 3908 2200 3973 ter
2232 3899 2429 3964 l‘erunt,
2459 3902 2528 3954 ob
2553 3900 2907 3956 immortalem
2939 3913 2993 3957 et
3015 3903 3223 3958 beatam
3258 3906 3308 3958 in
3341 3907 3489 3960 caelis
3517 3921 3688 3973 spem.

2121 3968 2494 4045 Unusquisque
2522 3986 2660 4045 ergo
2699 3981 2802 4045 stet
2837 3975 2888 4026 in
2941 3975 3155 4042 prOprio
3196 3990 3383 4043 Opere,
3416 3987 3470 4029 et
3497 3968 3561 4028 in'
3592 3991 3695 4045 spe

2122 4043 2390 4114 lirmetur:
2423 4043 2674 4110 agricola,
2708 4043 2758 4095 in
2789 4045 3116 4114 spiritualem
3146 4060 3332 4113 agrum
3382 4046 3534 4112 iniice
3591 4043 3690 4098 do-

2119 4111 2306 4165 ctrina:
2353 4123 2607 4184 aratrum,
2665 4115 2714 4165 in
2763 4111 2885 4168 eum
2933 4116 3123 4169 mentis
3178 4111 3356 4169 locum
3392 4117 3476 4169 ubi
3514 4117 3686 4184 excipi

2122 4183 2310 4250 possit.
2368 4183 2566 4236 Deinde
2593 4198 2712 4235 cum
2743 4184 2948 4248 injectis
2979 4185 3351 4238 haereticorum
3381 4183 3672 4244 seminibus,

2120 4267 2338 4324 germen
2367 4253 2525 4306 etiam
2555 4253 2723 4307 evelle
2751 4253 3089 4308 Judaicornm
3117 4263 3168 4308 et
3197 4257 3558 4324 gentilitiorum
3586 4270 3676 4308 so-

2125 4323 2470 4392 phismatum,
2501 4331 2556 4376 ut
2595 4334 2880 4393 exmirgata
2916 4325 3110 4390 anima,
3158 4323 3310 4379 sacra
3344 4328 3456 4380 fidei
3481 4326 3684 4379 semina

2121 4392 2348 4459 injicias,
2382 4407 2588 4463 lieenon
2621 4396 2734 4463 spei
2761 4392 3170 4450 exsultationem
3215 4406 3271 4450 et
3299 4398 3532 4450 caritatis
3558 4412 3690 4450 sua-

2120 4464 2380 4536 vita‘tgem.‘
2403 4461 2516 4536 Non
2546 4461 2705 4517 modo
2733 4467 2872 4518 enim
2923 4465 3169 4520 Jeremize
3196 4466 3343 4520 dedit
3375 4478 3702 4536 potestatem

2121 4532 2384 4587 evellendi
2417 4535 2595 4602 pejora
2626 4546 2678 4587 et
2705 4536 2970 4603 plantandi
3002 4538 3241 4601 meliora,
3273 4532 3556 4591 scd-etiam
3582 4539 3700 4600 tibi,

2120 4619 2238 4655 cum
2272 4601 2437 4658 dixit:
2472 4603 2597 4657 Ecce
2619 4601 2734 4658 dedi
2761 4601 2906 4658 verba
2933 4624 3041 4659 mea
3071 4607 3122 4659 in
3148 4624 3236 4660 ore
3263 4618 3347 4659 tuo
3376 4623 3396 4660 :
3427 4624 3541 4660 ecce
3582 4623 3711 4660 cou-

2120 4674 2266 4727 stitui
2295 4685 2341 4727 te
2368 4675 2531 4747 hodie,
2553 4691 2705 4743 super
2743 4687 2908 4746 gentes
2944 4687 2992 4729 et
3015 4694 3190 4747 regna,
3223 4688 3275 4729 ut
3305 4679 3490 4747 evellas
3516 4689 3566 4731 et
3613 4679 3716 4730 de-

2125 4756 2291 4816 struas
2319 4754 2393 4816 et,
2411 4745 2612 4813 perdas,
2645 4755 2688 4798 et
2716 4745 2987 4813 recedi/ices
3025 4745 3087 4800 εί
3114 4749 3308 4816 plantes
3340 4746 3393 4816 (J
3403 4765 3473 4801 er.
3497 4750 3553 4801 1.
3589 4748 3713 4816 10).

2127 4815 2308 4869 Evelle
2333 4815 2488 4888 igitur
2527 4827 2762 4888 agrestes
2803 4817 3034 4871 lascivia:
3065 4815 3338 4888 m0tus,et
3364 4820 3549 4888 planta
3581 4815 3725 4872 san-

2124 4897 2236 4939 etas
2265 4886 2522 4958 castitatis
2552 4887 2889 4958 imitationes,
2933 4888 3144 4942 destrue
3171 4886 3382 4958 maligni
3415 4889 3728 4957 plantatio-

2125 4972 2269 5029 nem,
2293 4967 2344 5029 et
2371 4957 2545 5029 planta
2570 4957 2762 5011 Christi
2789 4957 3086 5012 institutum
3111 4959 3265 5012 vitze:
3292 4957 3459 5028 perde
3485 4959 3729 5029 fugien-

2123 5027 2218 5098 das
2247 5027 2612 5098 disciplinas,
2670 5038 2724 5082 et
2772 5029 2919 5096 erige
2972 5029 3165 5098 probas
3221 5027 3723 5095 senteiitiaszui

2122 5097 2354 5168 aediﬁcas
2379 5097 2530 5150 dirue
2557 5113 2640 5161 ea,
2671 5114 2786 5167 qua:
2815 5100 2952 5152 male
2974 5097 3076 5168 per
3105 5099 3299 5153 diaboli
3329 5100 3610 5154 machinas
3650 5102 3726 5154 in

2123 5168 2316 5220 animis
2347 5167 2619 5239 hominum
2649 5177 2846 5222 structa
2880 5167 3087 5223 Inerant
3125 5172 3442 5239 Spectacula,
3477 5181 3534 5224 et
3565 5170 3733 5223 aedi-

2125 5239 2221 5291 lica
2280 5237 2545 5308 templum
2589 5238 2702 5303 Dei,
2763 5255 3004 5308 poneque
3054 5237 3450 5296 fundamentum
3503 5241 3738 5295 Filium

2125 5308 2395 5380 Christum
2415 5307 2638 5380 lapidem
2661 5307 2987 5379 angularem,
3012 5324 3171 5380 supra
3192 5327 3346 5380 quem
3368 5321 3734 5365 construun-

2125 5388 2210 5432 tur
2259 5378 2478 5449 pulchra
2520 5377 2752 5445 justitim'
2795 5395 2975 5448 opera.
3045 5377 3170 5436 limo
3212 5377 3443 5446 “faciens,
3489 5383 3744 5436 etiamsi

2123 5449 2397 5521 afﬂigaris,
2430 5463 2744 5516 persevera;
2774 5451 2982 5504 etiamsi
3016 5455 3483 5521 persequutiouem
3517 5454 3733 5520 patia-

2124 5521 2216 5584 ris,
2240 5516 2316 5593 ite
2348 5516 2604 5593 [aliscas;_
2645 5521 2851 5593 etiamsi
2903 5516 3128 5583 esurias,
3181 5516 3248 5577 ne
3293 5516 3553 5593 refugias,
3610 5524 3748 5576 sed

2125 5592 2300 5645 omnia
2347 5588 2741 5663 fortiterleras,
2789 5592 2858 5645 ob
2895 5606 3011 5644 eam
3059 5607 3215 5662 quam
3257 5588 3442 5663 speras
3469 5593 3749 5663 paradisi

2129 5663 2475 5734 vol-,iptatem.
2529 5660 2711 5714 Viator
2754 5677 2813 5716 es
2860 5660 3151 5717 secundum
3206 5660 3352 5718 illum
3399 5660 3490 5734 qui
3539 5665 3702 5718 dicit
3731 5682 3752 5718 :

2130 5729 2326 5801 Perfice
2354 5747 2554 5801 gressus
2585 5749 2715 5787 unos
2743 5735 2792 5787 in
2820 5737 3007 5792 semitis
3036 5738 3153 5806 tuis,
3189 5747 3240 5789 ut
3274 5753 3372 5790 nou
3403 5729 3758 5791 incocuntur
