4066 6218
549 289 654 342 775

546 403 727 454 dilexit
773 401 1044 466 mundum,
1107 409 1159 452 ut
1192 395 1383 455 Filium
1433 417 1578 453 suum
1621 398 1924 468 unigenitum
1968 399 2111 452 daret

547 471 730 538 tJoan.
764 473 818 527 ’5.
846 473 932 538 16)
962 475 1012 525 in
1040 471 1289 527 numdum
1323 487 1416 540 pro
1440 471 1593 524 nobis
1619 488 1632 524 :
1659 471 1850 524 caritas
1880 469 2110 538 pericula

547 541 601 594 in
631 550 771 596 terra
798 553 849 596 et
875 545 925 596 in
949 559 1077 596 mari
1101 541 1239 599 ferre
1257 543 1437 597 docuit
1461 562 1475 597 :
1505 542 1695 595 caritas
1718 550 1975 610 martyres
1997 555 2116 609 per-

551 611 680 671 ﬁcit,
703 615 984 673 beatilicztt.
1007 621 1227 668 coronat
1247 631 1260 665 τ
1283 614 1475 666 caritas
1496 613 1791 680 proximum
1811 621 1865 664 ut
1886 612 2112 678 seipsam

550 683 787 751 respicit,
815 694 867 737 et
890 699 1008 749 qua:
1031 685 1238 752 propria
1260 692 1400 745 sunt,
1426 684 1667 735 omnibus
1691 683 1989 734 communia
2011 681 2117 734 exi-

550 754 732 805 stimat
764 769 778 808 :
812 755 1004 808 caritas
1049 755 1270 823 proximi
1302 763 1587 823 egestatem
1621 761 1675 804 ut
1705 753 1801 805 sibi
1849 752 2114 820 propriam

553 825 736 876 statuit
765 842 778 878 :
812 825 1005 877 caritas
1031 839 1267 878 mensam
1297 824 1541 876 ottinibus
1579 837 1910 876 communem
1939 832 2114 889 parat,

554 894 773 964 pauperi
802 905 854 948 et
880 895 1052 959 diviti,
1084 895 1306 964 sapienti
1333 905 1383 948 et
1413 893 1623 946 idiotae:
1659 897 1850 964 caritas
1871 893 2120 944 amaritu-

553 963 678 1018 dine
712 966 915 1027 plenam
939 963 1168 1018 animam
1191 967 1447 1019 suavitate
1468 965 1657 1031 replet,
1682 963 1927 1016 alllii-tam
1947 973 2116 1028 curat,

555 1033 884 1089 lmmiliatam
927 1047 1133 1090 recreat
1162 1054 1176 1090 :
1209 1039 1400 1090 caritas
1448 1034 1926 1102 inexstingnibilem
1956 1034 2120 1100 virgi-

555 1104 740 1159 nitatis
777 1107 1041 1160 lucernam
1060 1107 1384 1167 circumfert,
1412 1114 1465 1158 et
1498 1119 1622 1158 suos
1643 1106 1851 1158 curiose
1881 1105 2117 1172 inquirit,

555 1176 748 1228 caritas
775 1177 923 1243 regni
949 1187 1124 1243 portas
1142 1179 1333 1245 aperit,
1363 1187 1418 1230 et
1443 1178 1790 1244 virginitatem
1815 1183 2119 1228 coronatam

557 1246 794 1317 inducit,
832 1264 926 1300 nec
957 1247 1199 1314 prohibet
1225 1250 1349 1317 quin
1381 1247 1440 1310 ii,
1471 1248 1556 1315 qui
1590 1247 1640 1299 in
1669 1245 1962 1298 honorabili
1990 1261 2121 1298 con-

553 1316 702 1384 jugio
725 1321 988 1379 vixerunt,
1010 1316 1274 1371 introeant
1298 1337 1310 1372 2
1339 1319 1530 1372 caritas
1547 1317 1932 1387 eleemosyuam
1957 1324 2120 1381 amat,

559 1396 613 1438 et
645 1387 707 1440 iis
732 1390 819 1457 qui
854 1388 994 1440 illam
1023 1389 1205 1442 Colunt
1231 1404 1458 1443 coronas
1498 1403 1628 1440 auro
1658 1387 1998 1456 splendentes
2027 1400 2120 1453 pa-

556 1466 638 1508 rat
664 1473 676 1507 :
710 1458 899 1511 caritas
926 1460 1226 1526 superbiam
1257 1475 1357 1512 non
1389 1460 1551 1522 novit,
1577 1459 1801 1511 humiles
1823 1465 1995 1510 autem
2020 1457 2125 1524 glo-

557 1527 632 1578 ria
660 1527 821 1581 allicit
850 1545 862 1580 :
896 1531 1090 1582 caritas
1124 1530 1397 1583 maledicta
1439 1530 1594 1597 fugit,
1645 1537 1698 1582 et
1729 1527 2125 1586 benediCtioues

561 1598 898 1664 amplectitur
931 1621 944 1654 :
977 1601 1169 1654 caritas
1212 1601 1353 1654 viros
1397 1609 1450 1653 et
1497 1600 1744 1653 qulieres
1789 1598 2124 1651 matrimonio

559 1669 872 1738 conjunctos
902 1671 1194 1726 c0ncordes
1221 1687 1340 1726 esse
1382 1670 1602 1738 suadet,
1644 1670 1878 1740 separari
1907 1684 2032 1724 vero
2057 1668 2124 1723 ab

2032 277 2302 335 Sl‘L’RlA.
3413 240 3425 250 .
3648 291 3730 344 Τῖῦ

2219 397 2441 475 invicem
2471 413 2757 470 numquam
2788 397 3027 475 concedit
3051 398 3291 475 :ucaritas
3316 389 3630 475 praecipitat
3654 422 3732 475 pa.

2218 479 2326 525 tres
2353 471 2487 524 ﬁlios
2511 481 2704 533 ament,
2737 480 2792 525 et
2820 470 2909 524 lilii
2943 470 3177 538 patribus
3203 472 3440 524 serviant
3464 482 3521 526 ut
3545 470 3734 534 dominis

2217 543 2327 595 suis
2350 558 2363 592 :
2391 542 2582 596 caritas
2605 543 2760 596 heros
2786 541 3109 617 hortaturut
3134 541 3502 617 misericordes
3525 545 3614 598 sint
3634 563 3731 617 erga

2217 626 2429 673 servos,
2463 623 2515 666 et
2538 628 2719 666 servos
2745 621 2800 665 ut
2827 613 2942 665 sine
2967 610 3090 663 dolo
3118 615 3346 665 serviant
3375 611 3552 666 heris:
3579 610 3734 672 caritas

2219 680 2359 734 foras
2391 683 2544 734 mittit
2571 685 2831 744 timorem,
2855 694 2907 735 et
2936 682 3177 736 lidut‘iam
3199 698 3321 749 erga
3350 683 3514 735 Deum
3541 684 3583 736 in
3606 690 3732 741 Corde

2218 753 2491 806 constituit
2520 769 2533 805 :
2570 771 2687 806 nam
2722 752 2952 823 Perfecta
2983 754 3196 814 caritas.
3232 753 3432 818 inquit,
3467 754 3595 819 foras
3619 760 3734 811 mitur

2220 824 2444 875 timerent
2479 823 2551 893 (l.
2579 824 2730 876 Joan.
2763 825 2815 878 4.
2849 824 2936 889 l8)
2963 839 2976 875 :
3007 823 3196 876 caritas
3226 823 3361 876 hanc
3388 823 3540 875 nobis
3569 837 3726 888 patrum

2219 909 2470 946 coronam
2500 895 2712 958 nexuit,
2742 904 2793 946 et
2823 895 3041 960 stirpem
3071 895 3182 961 Spei
3214 909 3427 946 suavem
3459 904 3515 946 et
3548 894 3733 950 fructuo-

2221 980 2332 1016 satn
2364 967 2590 1018 lirmavit
2617 967 2665 1018 in
2696 965 2846 1017 nobis
2873 981 2887 1020 :
2915 965 3105 1017 caritas
3131 979 3342 1032 gregem
3371 964 3421 1015 in
3449 966 3633 1019 caulam
3656 969 3731 1022 Ec-

2221 1035 2394 1087 clesia»
2425 1036 2652 1101 inducit,
2686 1036 3009 1102 viridemque
3034 1035 3175 1088 illam
3207 1033 3428 1102 paradisi
3464 1036 3728 1104 voluptatem

2226 1106 2403 1158 tribuit
2437 1123 2448 1157 :
2481 1107 2675 1160 caritas
2717 1108 2949 1160 omnium
2992 1117 3224 1159 nostrum
3267 1105 3507 1158 auditum
3545 1123 3670 1161 unum
3693 1123 3733 1163 et

2226 1175 2604 1230 benevolentiae
2638 1177 2848 1244 plenum
2888 1175 3151 1240 reddidit,
3194 1187 3246 1228 et
3278 1177 3622 1240 concinnavit,
3655 1180 3732 1232 lin-

2223 1263 2376 1316 guam
2409 1259 2639 1300 nostram
2669 1247 2904 1300 dilatavit
2929 1265 2940 1299 :
2973 1248 3162 1299 caritas
3183 1262 3374 1310 Corpus
3395 1247 3592 1306 educat,
3615 1251 3732 1315 spiri-

2227 1328 2332 1371 tum
2371 1317 2530 1380 fovet,
2565 1320 2794 1370 auitnzun
2819 1317 3090 1371 candidam
3119 1318 3287 1370 reddit
3313 1332 3328 1369 ι
3359 1319 3554 1369 caritas
3574 1331 3733 1372 ascen.

2226 1403 2340 1441 rum
2387 1388 2596 1442 labores
2626 1388 2966 1442 honorabiles
3008 1387 3212 1449 reddit,
3259 1397 3312 1440 et
3355 1385 3474 1440 Filii
3519 1391 3638 1442 sinus
3670 1389 3733 1442 bis

2225 1461 2485 1526 gratiOSos
2513 1461 2683 1526 aperit
2711 1477 2724 1513 :
2755 1459 2804 1513 iu
2842 1473 2974 1528 quos
3014 1472 3109 1513 nos
3137 1473 3348 1526 quoque
3377 1469 3435 1511 ut
3475 1459 3730 1524 recipiamul

2225 1530 2471 1599 dignetur
2517 1530 2750 1586 omnium
2803 1531 3055 1584 Dominus
3102 1528 3154 1582 in
3209 1529 3400 1583 smcula
3450 1530 3731 1584 saeculorum.

2227 1604 2420 1656 Anien.

3949 5777 3955 6067 τ
