4054 6466
635 400 699 458 tt
1539 398 1767 458 ptum.
1811 400 2062 471 51mm
2100 401 2170 457 lN
2208 403 2236 457 Α

2281 401 2393 458 ΖΤΑ
2431 400 2967 458 Αροετοιοιιυω.
3813 400 3882 456 12

636 516 892 584 Ccnesin)
925 515 1026 589 τῆς
1051 516 1111 572 ἑν
1137 518 1259 582 ταῖς
1288 518 1530 591 Πράεεσι
1559 522 1832 593 φράσεως,
1864 524 1956 578 ἐπὶ
1978 526 2039 579 τὸ
2067 543 2237 581 ταπειί

2281 526 2451 597 Ξτερον
2483 525 2900 597 ἀπενηνεγμένη
2940 542 2955 579 :
2994 522 3139 594 quod
3176 531 3385 594 aperte,
3407 532 3470 580 ut
3502 522 3637 579 mihi
3664 521 3882 594 quidem

634 612 868 681 videtur,
908 614 950 670 si
983 615 1049 670 de
1076 614 1223 669 hisce
1248 616 1502 687 accipias,
1545 633 1704 673 secus
1740 629 1843 675 est.
1867 621 2045 690 Atque
2071 622 2189 677 haec
2219 621 2332 687 fere
2357 630 2505 689 sunt,
2536 636 2658 691 qua:
2697 617 2753 673 in
2793 634 2913 675 eam
2943 626 3155 689 partem
3184 618 3502 675 allerantur.
3537 618 3671 685 Quae
3699 630 3882 674 tamen

630 704 813 760 omnia
838 721 957 761 eam
990 707 1099 761 vim
1128 722 1240 762 non
1270 706 1491 773 habent,
1524 718 1582 764 ut
1617 710 1750 766 mihi
1780 710 1863 768 vel
1891 714 2159 768 tantillum
2198 712 2563 784 persuadeant
2604 712 2829 781 γνήσιον
2858 711 3005 765 hunc
3034 711 3249 777 foetum,
3299 710 3402 766 etsi
3437 710 3619 765 minus
3653 710 3883 766 fortasse

629 796 849 867 ὡραῖον,
895 813 926 852 a
976 800 1184 870 γνησίῳ
1228 810 1379 870 patre
1429 801 1759 871 abjudicare.
1815 804 1893 858 Ac
1947 804 2145 875 primo,
2203 814 2447 860 ramenta
2494 805 2742 875 quaedam
2801 805 3005 874 passim
3053 812 3341 873 apparent,
3385 817 3507 872 qua
3559 802 3777 857 nonnisi
3811 803 3882 858 ab

627 903 795 944 aurea
819 888 905 942 illa
940 904 1079 945 vena
1107 905 1329 945 manare
1355 899 1670 961 potuerunt.
1702 893 1771 947 At
1810 893 1977 948 multa
2003 903 2152 960 sunt,
2180 893 2379 965 inquis,
2404 892 2679 964 plumbea.
2706 892 3051 961 Respondeo,
3086 891 3383 961 proclivius
3411 906 3533 946 esse
3570 891 3882 962 χρυωρῤή-

638 996 760 1050 μονι
784 989 973 1035 nostro
996 981 1190 1037 alicubi
1226 982 1376 1037 humi
1400 998 1608 1053 repere,
1636 983 1879 1055 adeoque
1898 985 2101 1055 jacere,
2139 1000 2299 1055 quam
2325 984 2413 1039 alii
2440 984 2506 1039 ad
2531 984 2653 1054 ejus
2680 982 3025 1038 altitudinem
3054 996 3341 1052 assurgere
3374 999 3387 1034 :
3425 990 3483 1034 ut
3512 991 3735 1051 propter
3777 982 3879 1037 ali-

626 1090 731 1143 qua
760 1067 1155 1133 admirabiliter
1184 1079 1385 1148 scripta
1414 1078 1594 1133 malim
1616 1078 2060 1151 Chrysostomum
2086 1079 2385 1135 inscribere
2403 1088 2703 1143 auctorem,
2734 1093 2898 1149 quam
2931 1078 3096 1132 alium
3143 1085 3367 1147 propter
3395 1077 3655 1130 nonnulla
3688 1076 3870 1131 humi-

626 1168 751 1225 lius.
786 1168 989 1225 Deinde
1015 1172 1138 1241 quis
1169 1174 1360 1239 nescit,
1391 1189 1500 1228 non
1526 1173 1746 1228 eosdem
1780 1189 1902 1229 esse
1946 1189 2137 1228 omnes
2167 1174 2317 1229 omni
2356 1174 2640 1245 tempore?
2662 1172 2834 1229 Aliter
2861 1171 3183 1241 eloquentia:
3208 1171 3411 1224 Latinae
3448 1169 3703 1239 princeps
3735 1169 3882 1228 dixit.

624 1260 1043 1327 adolescentior,
1074 1261 1229 1316 aliter
1249 1263 1362 1333 jam
1393 1263 1715 1319 consularis.
1747 1264 1816 1319 Et
1842 1264 1914 1318 de
1942 1265 2327 1335 Chrysostomo
2358 1275 2544 1320 nostro
2573 1264 2853 1320 verissime
2897 1264 3147 1326 Photius,
3197 1261 3374 1331 ipsum
3418 1261 3747 1325 Antiochiae,
3791 1274 3883 1314 se-

622 1359 832 1405 motum
855 1365 885 1404 a
910 1352 1142 1421 publicis
1164 1352 1327 1416 curis,
1362 1353 1533 1408 multo
1560 1355 1869 1409 accuratius
1896 1354 2242 1424 limatiusque
2265 1354 2572 1424 scripsisse.
2611 1369 2773 1423 quant
2806 1354 3060 1407 eumdem
3086 1350 3563 1422 Constantinopoli
3613 1353 3878 1423 ἀρχιερα-

622 1442 847 1497 τεύοντα
880 1462 893 1495 :
921 1442 976 1496 in
1006 1444 1148 1512 quod
1178 1454 1391 1515 tempus
1421 1445 1555 1509 haec,
1583 1460 1702 1515 qua:
1731 1446 1786 1499 in
1808 1446 2060 1500 manibus
2086 1446 2370 1509 habemus,
2406 1445 2659 1501 incidisse
2700 1445 2823 1499 luce
2853 1444 3054 1499 clarius
3077 1451 3181 1497 est.
3238 1443 3313 1498 De
3344 1459 3577 1498 numero
3610 1440 3881 1498 Photiano

621 1533 951 1603 respondeo,
985 1534 1127 1589 idem
1155 1536 1317 1605 objici
1346 1551 1505 1607 posse
1529 1537 1599 1591 de
1633 1537 1884 1593 Homiliis
1915 1539 1971 1592 in
1993 1537 2249 1602 Genesin,
2282 1552 2405 1606 quas
2443 1537 2561 1591 sine
2590 1536 2758 1591 dubio
2778 1550 3051 1606 germanae
3085 1542 3235 1602 sunt,
3273 1543 3329 1591 et
3363 1551 3474 1590 non
3510 1536 3695 1605 plures
3731 1532 3879 1589 Pho-

618 1624 696 1679 tio
721 1641 826 1680 una
856 1634 912 1681 et
946 1628 1241 1705 sexaginta,
1281 1643 1402 1682 cum
1435 1638 1614 1683 tamen
1644 1644 1837 1685 omnes
1861 1629 2030 1684 nostri
2066 1628 2292 1685 Codices
2318 1638 2527 1699 septem
2553 1638 2609 1683 et
2636 1628 2913 1698 sexaginta
2941 1629 3252 1698 praeferant,
3286 1635 3347 1680 ut
3395 1628 3481 1682 vel
3511 1627 3763 1681 Pbotium
3792 1628 3881 1683 hic

616 1725 673 1773 et
702 1718 776 1773 ibi
798 1718 1059 1773 memoria
1077 1720 1285 1788 lapsum
1314 1734 1433 1775 esse
1458 1735 1683 1776 necesse
1711 1719 1800 1786 sit,
1835 1719 1921 1776 vel
1956 1720 2011 1775 in
2046 1718 2274 1775 Codices
2297 1720 2552 1775 incidisse
2583 1720 2764 1774 minus
2790 1720 3054 1791 integros,
3088 1720 3172 1775 vel
3192 1719 3489 1774 oscitantes
3511 1718 3762 1773 librarios
3790 1718 3887 1775 hic

617 1829 717 1883 pro
750 1821 824 1869 νιν
864 1812 1008 1869 facili
1046 1816 1199 1885 lapsu
1235 1815 1523 1885 scripsisse
1550 1823 1615 1872 v'.
1641 1815 1751 1871 Has
1774 1816 1922 1871 enim
1951 1831 2093 1879 esse,
2119 1831 2255 1885 quas
2281 1816 2391 1885 jam
2422 1815 2675 1869 manibus
2710 1815 2959 1876 terimus,
2994 1830 3103 1869 non
3135 1814 3269 1869 alias
3309 1814 3365 1867 in
3397 1815 3530 1868 Acta
3566 1813 3817 1868 homilias
3847 1829 3878 1868 a

613 1908 812 1965 Photio
836 1909 1082 1980 intelligi,
1116 1910 1278 1964 verba
1303 1910 1473 1980 ipsius
1496 1923 1686 1980 aperte
1712 1910 1993 1966 declarant
2030 1909 2126 1964 ταί
2160 1908 2214 1977 γὲ

2296 1910 2377 1971 είς
2408 1908 2508 1972 τὰς
2536 1908 2774 1979 Πράξεις
2806 1908 3015 1976 ὁμιλίαι
3037 1909 3372 1979 πεντήκοντα
3402 1908 3501 1978 μέν
3531 1908 3660 1967 sict,
3691 1907 3877 1978 σχεδὸν

608 2000 669 2053 δὲ
702 2001 772 2054 δι’
800 2000 923 2057 ὅλου
956 2000 1104 2071 αὐτῷ
1133 2000 1228 2054 τοῦ
1249 2001 1497 2055 ἐνιαυτοῦ
1524 2002 1857 2073 ἐρρήθησαν.
1886 2002 1967 2083 Οῆ
1990 2000 2099 2070 γὰρ
2134 2000 2257 2052 καθ’
2286 1999 2501 2070 ἡμέραν
2524 1999 2752 2061 ταύτας,
2778 1998 2916 2051 ἀλλὰ
2942 1999 3035 2051 καὶ
3064 1998 3205 2070 ὑπὲρ
3235 1998 3397 2052 πέντε
3451 1997 3657 2069 (malim
3684 2000 3834 2070 τρεῖς
3859 2015 3873 2055 :

611 2092 854 2163 respexit
873 2093 1018 2147 enim
1052 2092 1119 2147 ad
1147 2091 1329 2146 locum
1361 2092 1416 2145 in
1448 2092 1598 2146 hom.
1622 2090 2033 2163 quadragesima
2054 2098 2212 2160 quart

2411 2089 2560 2160 τριῶν
2596 2088 2855 2152 πολλάκις
2885 2088 3113 2159 ἡμερῶν
3147 2087 3179 2158 ἡ
3208 2088 3349 2141 ἑπτὰ
3379 2088 3537 2141 τοῦτο
3571 2086 3876 2157 ποιοῦντες)

608 2186 705 2239 καὶ
735 2184 877 2257 ὑπὲρ
911 2183 1072 2249 ἑπτὰ,
1102 2184 1196 2237 καὶ
1224 2183 1398 2237 πλείω
1433 2182 1581 2255 (fort.
1611 2184 1830 2246 πλείους
1880 2201 1895 2237 :
1938 2198 2068 2237 nam
2095 2182 2165 2238 de
2205 2204 2209 2231 ε

2442 2182 2704 2251 loquitur)
2736 2180 3062 2251 καθωμίλειο
3094 2180 3161 2245 ἃς
3192 2181 3352 2251 δῆλον
3383 2182 3546 2245 αὐτὸς
3584 2185 3753 2247 ποιεί,
3792 2184 3875 2237 ὅτι

607 2274 1017 2349 ἀρχιερατεύων
1040 2274 1179 2328 κατὰ
1202 2275 1261 2329 τὸ
1289 2274 1472 2345 τρίφν
1499 2274 1618 2339 ἔτος
1650 2273 1920 2346 ὡμίλησε.
1948 2275 2144 2339 Locus,
2172 2290 2208 2329 at

2411 2291 2429 2329 ι
2475 2275 2714 2345 respexit
2762 2273 3009 2341 Photius,
3057 2284 3141 2330 est
3181 2275 3238 2329 in
3269 2276 3417 2330 hom.
3458 2276 3875 2347 quadragesima

605 2381 823 2453 quarta,
852 2387 975 2443 pag.
1008 2370 1133 2437 856,
1165 2370 1262 2425 lin.
1292 2372 1361 2426 59
1387 2370 1465 2443 [p.
1491 2372 1597 2427 555
1616 2371 1703 2437 Ι).,
1729 2371 1943 2436 Montf.,
1971 2372 2076 2425 col.
2113 2370 2237 2435 5l2,
2269 2372 2368 2425 lin.
2394 2371 2465 2425 55
2488 2371 2577 2425 ed.
2609 2368 2787 2441 nov.],
2812 2370 2906 2425 ubi
2930 2379 3146 2440 arrepta
3170 2370 3455 2425 occasione
3484 2386 3550 2425 ex
3572 2370 3722 2425 Pauli
3750 2386 3878 2427 ver-

602 2464 710 2524 ‘bis,
742 2460 1193 2533 μνημονεύοντες,
1223 2461 1304 2513 ὅτι
1329 2460 1570 2533 τριετίαν
1591 2461 1762 2515 νύκτα
1791 2461 1885 2514 καὶ
1907 2461 2121 2531 ἡμέραν
2154 2461 2203 2513 et‘

2286 2460 2637 2531 ἐπαυσάμην,
2671 2461 2930 2513 Actorum
2968 2459 3071 2524 20,
3113 2458 3203 2524 51,
3239 2459 3660 2530 Chrysostomus
3691 2459 3761 2515 de
3791 2476 3873 2541 se,

600 2551 717 2604 ἶὸοὺ
746 2552 812 2625 τῇ
844 2549 1025 2618 χάριτι
1056 2547 1149 2601 τοῦ
1180 2547 1317 2601 Θεοῦ
1344 2548 1439 2601 καὶ
1476 2549 1639 2618 ἡμεῖς
1659 2549 1845 2602 λοιπὸν
1877 2549 2120 2618 τριετίαν
2151 2548 2201 2617 ἔ)

2275 2566 2372 2603 ιεν.
2412 2548 2589 2617 Atque
2626 2558 2688 2603 ut
2710 2564 2821 2603 non
2852 2550 3019 2603 alium
3065 2565 3187 2603 esse
3212 2550 3375 2619 hujus
3415 2550 3537 2604 libri
3571 2560 3876 2612 auctorem.

602 2655 764 2711 quam
786 2639 1050 2695 Joannem
1072 2649 1343 2706 nostrum,
1368 2641 1626 2709 liquidius
1652 2650 1931 2711 appareat,
1964 2642 2082 2697 haec
2109 2656 2278 2711 pauca
2305 2642 2570 2712 adjecisse
2599 2657 2710 2696 non
2739 2642 2839 2697 abs
2866 2658 2925 2697 re
2951 2641 3133 2697 fuerit.
3161 2640 3363 2695 Omitto
3390 2642 3587 2696 multas
3616 2643 3877 2713 loquendi

602 2734 868 2789 formulas
889 2733 1020 2789 huic
1044 2746 1233 2790 nostro
1260 2735 1581 2805 peculiares,
1608 2734 2155 2805 interrogatiunculas
2174 2774 2190 2801 ,
2221 2734 2596 2806 dialogismos,
2627 2734 2993 2805 digressiones
3020 2735 3251 2788 morales
3271 2774 3285 2798 ,
3328 2733 3473 2803 leges
3505 2746 3693 2788 contra
3719 2736 3878 2804 jura-

600 2837 789 2885 menta
818 2829 973 2893 latas,
1005 2827 1156 2883 Sixto
1183 2828 1409 2884 Senensi
1433 2837 1597 2899 atque
1618 2830 1721 2899 ipsi
1748 2829 1974 2884 Erasmo
1999 2838 2205 2884 notata.
2230 2830 2385 2895 Quod
2416 2830 2470 2883 in
2507 2831 2654 2884 hom.
2680 2830 2855 2900 prima
2886 2830 3163 2884 invehitur
3193 2830 3247 2883 in
3272 2844 3386 2893 eos,
3420 2831 3513 2900 qui
3542 2831 3877 2901 baptismum

598 2925 848 2994 rejiciunt
893 2940 1063 2995 usque
1092 2923 1159 2978 ad
1182 2931 1451 2979 extremas
1481 2924 1792 2986 ἁναπνοάς’
1831 2924 1976 2993 quod
2004 2925 2056 2977 in
2102 2924 2253 2979 hom.
2285 2924 2558 2995 trigesima
2596 2925 2767 2995 legem
2795 2926 2981 2979 statuit
3008 2925 3061 2979 in
3089 2939 3203 2990 eos,
3236 2926 3327 2994 qui
3360 2926 3616 2996 episcopo
3651 2928 3878 2983 concio-

598 3018 753 3072 nanti
787 3017 1009 3085 plausus
1040 3016 1188 3071 cient
1216 3033 1229 3069 :
1262 3017 1403 3085 quod
1439 3026 1625 3071 contra
1645 3017 1925 3071 Platonem
1942 3016 2363 3086 etphllosophos
2382 3017 2540 3071 toties
2556 3032 2620 3071 ac
2642 3025 2750 3070 tam
2766 3018 3121 3072 vehementer
3135 3018 3395 3086 disputat,
3418 3033 3486 3070 an
3512 3033 3619 3071 non
3637 3019 3770 3073 satis
3791 3020 3880 3073 in—

596 3112 1077 3182 dicantantiquum
1117 3127 1239 3167 esse
1269 3112 1612 3182 scriptorem,
1655 3112 1747 3181 qui
1781 3112 1835 3165 in
1866 3112 1998 3166 vitia
2044 3112 2228 3165 multis
2269 3111 2381 3180 jam
2434 3112 2558 3166 inde
2596 3112 2810 3167 saeculis
2849 3112 3128 3181 antiquata
3158 3121 3267 3165 tam
3300 3112 3499 3167 acriter
3528 3112 3875 3170 invehatur?

596 3205 735 3273 Quid
765 3207 907 3279 quod
938 3207 1123 3261 homil.
1154 3206 1457 3269 undecima,
1491 3205 1699 3276 ἡκουσά
1730 3223 1861 3259 ποτε
1888 3207 2141 3277 πατέρων
2182 3224 2197 3257 ’1

2265 3222 2289 3258 ν
2323 3206 2626 3277 ἡμετέρων,
2664 3206 2859 3276 inquit,
2891 3206 3182 3275 λεγόντων,
3212 3209 3293 3261 ὅτι
3331 3208 3473 3261 κατὰ
3500 3207 3589 3259 τὸν
3617 3207 3866 3279 διωγμὸν

590 3298 685 3352 τὸν
718 3299 949 3360 παλαιὸν
987 3294 1056 3369 ἦν
1101 3299 1228 3353 ἰδεῖν
1260 3298 1430 3361 ὅντως
1460 3299 1825 3368 Χριστιανοὺς
1864 3298 2093 3367 ἄνδρας,
2137 3306 2191 3352 et

2279 3298 2359 3353 Ex
2384 3299 2583 3367 quibus
2607 3308 2833 3368 apparet
2863 3298 3025 3369 hujus
3053 3299 3173 3353 libri
3203 3307 3479 3353 auctorem
3505 3300 3686 3354 statim
3726 3310 3858 3371 post

600 3405 844 3461 tempora
867 3391 1263 3463 persecutionis
1288 3391 1507 3456 vixisse,
1537 3393 1629 3460 qui
1659 3392 1774 3445 ha‘c
1800 3406 1829 3445 a
1853 3390 2101 3460 patribus
2131 3390 2245 3445 suis
2268 3390 2457 3445 audire
2488 3392 2744 3459 potuerit.
2775 3389 2912 3455 Quid
2941 3374 3083 3458 quod
3116 3390 3303 3443 homil.
3336 3391 3593 3461 vigesima
3630 3393 3874 3447 secunda

595 3488 811 3557 legitur,
854 3488 1073 3557 σπεῖρα,
1104 3485 1133 3537 ὃ
1174 3484 1446 3555 καλοῦμεν
1481 3484 1576 3537 νῦν
1606 3484 1919 3556 νούμερονῖ
1961 3493 2016 3539 et
2045 3484 2191 3555 quod

2271 3484 2410 3539 omil.
2437 3483 2851 3553 quadragesima
2885 3493 3058 3538 sexta.
3090 3483 3118 3535 ὃ
3150 3487 3281 3555 παρ’
3305 3486 3438 3554 ἡμῖν
3484 3485 3699 3553 λέγουσι
3727 3487 3872 3541 κατὰ

592 3581 691 3652 τὴν
723 3578 1037 3647 Ῥωμαϊκὴν
1076 3575 1387 3645 συνήθειαν,
1437 3576 1496 3627 ὲν
1525 3577 1640 3639 τοῖς
1684 3578 1888 3644 σίγνοις
1931 3577 2095 3629 αὑτὸν
2140 3576 2193 3646 ἐι

2277 3577 2369 3642 ιλε,
2415 3590 2597 3630 nonne
2628 3574 2760 3629 satis
2789 3576 2904 3629 haec
2943 3590 3041 3644 per
3075 3591 3133 3631 se
3182 3577 3560 3646 antiquitatem
3594 3578 3878 3646 produnt?

593 3674 698 3729 Sed
737 3673 868 3742 quid
919 3671 1257 3740 conjecturas
1295 3679 1607 3732 consector,
1639 3686 1762 3725 cum
1811 3670 1927 3741 ipse
1971 3677 2160 3741 aperte
2208 3670 2355 3727 hom.
2410 3671 2822 3741 quadragesima
2866 3672 3040 3741 prima
3084 3677 3604 3739 contemporaneum
3642 3686 3701 3724 se
3741 3686 3867 3740 pro~

596 3769 813 3823 fiteatur
842 3765 1098 3821 Juliano?
1125 3767 1299 3821 Locus
1324 3774 1407 3821 est
1436 3780 1557 3835 pag.
1590 3764 1715 3830 859,
1749 3767 1779 3819 7
1811 3764 1888 3836 [p.
1918 3766 2014 3818 3H
2047 3774 2185 3819 extr.

2275 3765 2429 3831 ontf.,
2463 3766 2567 3819 col.
2608 3766 2735 3829 291,
2764 3766 2859 3819 lin.
2894 3765 2965 3821 52
2992 3764 3080 3820 ed.
3124 3764 3276 3836 nov.]
3308 3780 3321 3815 :
3356 3765 3463 3817 ίδοὺ
3499 3764 3609 3835 γὰρ
3639 3766 3876 3820 ἐπὶτῶν

593 3865 801 3936 καιρῶν
834 3866 941 3918 τῶν
969 3864 1254 3935 ἡμετέρων
1282 3862 1351 3915 τὰ
1386 3862 1528 3914 κατὰ
1558 3863 1647 3913 τὸν
1678 3842 1950 3933 μακάριον
1980 3860 2229 3913 Βαϐύλαν
2256 3862 2468 3929 γέγονε,
2494 3862 2563 3914 τὰ
2594 3860 2737 3917 κατὰ
2766 3860 2834 3911 τὰ
2867 3860 3237 3930 Ἰεροσόλυμα,
3272 3860 3341 3913 τὰ
3376 3861 3517 3913 κατὰ
3548 3860 3645 3929 τὴν
3673 3862 3874 3915 καθαί-

597 3975 746 4028 ρεσιν
773 3958 878 4012 τῶν
915 3958 1108 4028 ίερῶνῖ
1136 3972 1366 4027 quorum
1401 3956 1509 4011 duo
1534 3954 1713 4025 priora
1744 3956 1846 4010 sub
1871 3954 2091 4010 Iuliano
2130 3956 2496 4028 contigerunt,
2538 3956 2757 4009 tertium
2788 3955 2892 4009 sub
2923 3954 3251 4009 Theodosio.
3274 3953 3392 4008 Jam
3418 3954 3547 4008 illud
3580 3955 3727 4009 hom.
3763 3958 3865 4009 tri-

592 4052 796 4125 gesima
823 4058 1013 4105 octava
1052 4049 1119 4104 de
1168 4049 1304 4103 libro
1334 4048 1543 4119 magico
1578 4048 1801 4103 invento
1831 4048 1887 4102 in
1927 4048 2180 4111 flumine,
2211 4064 2333 4102 cum
2376 4048 2556 4101 adhuc
2592 4047 2879 4117 μειράκιον
2901 4055 3047 4100 esset
3077 4046 3517 4117 Chrysostomus,
3565 4046 3873 4103 Cardinalis

590 4140 856 4195 Baronius
879 4148 1046 4204 recte,
1075 4145 1134 4193 tit
1167 4138 1379 4207 opinor,
1412 4137 1479 4192 ad
1508 4145 1751 4207 tempora
1774 4137 2014 4193 Valentis
2048 4138 2235 4193 refert.
2268 4135 2346 4191 Ex
2379 4136 2465 4193 his
2502 4137 2671 4207 liquet
2723 4138 3043 4206 scriptorem
3085 4137 3253 4192 fuisse
3290 4146 3595 4203 temporum
3647 4140 3870 4193 illorum

591 4235 872 4304 aequalem.
921 4233 1028 4289 Sed
1082 4243 1136 4288 et
1186 4234 1500 4303 episcopum
1550 4230 1717 4286 fuisse
1760 4232 1891 4286 satis
1922 4231 2211 4286 constabit.
2254 4228 2414 4286 lfom.
2473 4231 2631 4284 tertia
2663 4230 2903 4300 loquitur
2929 4231 2997 4285 de
3036 4233 3237 4301 seipso,
3278 4242 3338 4287 ut
3375 4233 3652 4302 episcopo.
3688 4235 3789 4288 llo:

592 4342 736 4381 nona
791 4336 977 4396 aperte
1028 4326 1265 4395 seipsum
1327 4326 1642 4395 episcopum
1692 4332 1871 4386 vocat,
1928 4323 2066 4377 ἀλλὰ
2105 4323 2193 4388 σὺ,

2257 4324 2411 4393 ιησὶν,
2463 4320 2648 4391 ἄρχων
2700 4320 2752 4375 εἴ
2798 4321 2894 4375 καὶ
2942 4322 3258 4386 ἐπίσκοπος.
3307 4323 3507 4378 Homil.
3548 4334 3739 4381 octava
3786 4327 3858 4382 de

595 4419 776 4489 seipso
824 4419 1079 4488 loquitur,
1116 4428 1174 4473 ut
1198 4419 1454 4489 episcOpo
1483 4422 1537 4474 in
1588 4420 1808 4475 cititatc
1856 4418 2215 4489 βασιλευούσῃ
2248 4415 2413 4488 (quod
2440 4430 2641 4469 nomen
2669 4426 3030 4485 praeterquam
3055 4414 3241 4470 Romae
3278 4425 3333 4470 et
3364 4415 3862 4489 Constantinopoli,

590 4511 725 4566 nulli
748 4510 836 4564 alii
862 4512 1219 4566 conveniebat
1245 4512 1449 4566 civitati
1502 4511 1837 4584 (suspiciose
1858 4510 2103 4581 quaedam
2142 4524 2191 4562 as

2258 4522 2436 4579 :rgens
2472 4508 2539 4563 de
2571 4522 2669 4562 sua
2718 4508 3056 4578 expulsione,
3082 4507 3211 4577 περὶ
3236 4506 3336 4576 τῆς
3366 4507 3559 4559 ἑαυτοῦ
3588 4509 3859 4579 καθαιρὲ-

592 4603 973 4672 σεωςτίιυειιὶε
1016 4613 1142 4657 sunt
1196 4621 1315 4675 pag.
1362 4606 1487 4669 655,
1535 4606 1607 4660 24
1648 4604 1797 4677 [pag.
1845 4604 1936 4667 68,
1990 4603 2055 4669 A,
2094 4602 2193 4657 Mor

2257 4603 2307 4666 il,
2340 4603 2443 4657 col.
2477 4604 2567 4669 74,
2600 4603 2697 4656 lin.
2726 4602 2797 4655 ἓξ
2833 4617 2960 4655 nov.
2994 4600 3110 4672 ed.]
3142 4619 3155 4654 :
3187 4600 3221 4672 ἡ
3251 4600 3513 4654 καθέλετέ
3552 4618 3621 4671 με.
3645 4601 3858 4673 ταύτης

589 4696 689 4766 τῆς
718 4696 916 4766 ἀρχῆς,
947 4695 980 4763 ἢ
1015 4694 1247 4765 μένοντὰ
1282 4713 1350 4766 με
1383 4697 1455 4768 μὴ
1489 4694 1842 4767 περιόἁλλετε
1874 4694 2157 4757 κινδύνοις.

2279 4696 2471 4765 pagina
2504 4703 2787 4763 sequente,
2818 4693 2915 4747 lin.
2947 4694 3010 4747 12
3041 4691 3185 4763 [pag.
3213 4693 3301 4757 69,
3328 4693 3393 4753 A,
3427 4692 3528 4747 col.
3575 4692 3661 4757 76,
3692 4692 3789 4746 lin.
3831 4694 3867 4748 5

591 4789 678 4842 ed.
710 4786 863 4857 nov.)
896 4804 909 4839 :
941 4787 1046 4850 ἕως
1079 4787 1145 4841 ἂν
1166 4790 1224 4840 ὲν
1249 4786 1326 4857 τῷ
1350 4788 1523 4858 Θρόνῳ
1546 4788 1865 4858 καθέζωμαι
1894 4787 2090 4855 τούτῳ,
2114 4786 2268 4840 οὐδὲν
2297 4788 2520 4857 προήσω
2560 4786 2668 4838 τῶν
2697 4786 2863 4838 αὑτοῦ
2890 4785 3291 4854 δικαιωμάτων.
3332 4787 3433 4837 'Av
3465 4786 3531 4856 μέ
3556 4803 3643 4849 τις
3670 4804 3861 4839 κατα-

592 4876 813 4946 6ι6άσῃ,
844 4875 1027 4928 λοιπὸν
1053 4876 1341 4939 ἀνεύθυνός
1362 4879 1496 4947 εἰμι.
1534 4878 1600 4930 Et
1631 4878 1818 4933 homil.
1844 4876 2126 4931 undecima
2156 4877 2193 4931 Ι(

2250 4876 2414 4937 uitur,
2442 4885 2503 4929 ut
2527 4877 2577 4930 in
2607 4877 2844 4941 civitate,
2877 4892 2996 4946 quae
3025 4886 3222 4947 praeter
3252 4877 3468 4932 Iudaeos
3504 4885 3559 4931 et
3591 4877 3851 4947 gentiles,

591 4966 1025 5022 Christianorum
1063 4967 1257 5021 habeat
1298 4969 1419 5037 plus
1459 4984 1621 5037 quam
1650 4979 1869 5024 centum
1902 4970 2089 5023 millia.
2124 4968 2280 5023 Horn.
2317 4969 2735 5038 qualragesima
2769 4969 3030 5033 secunda,
3065 4985 3119 5038 ι),
3157 4970 3259 5024 848
3288 4972 3325 5025 l.
3358 4971 3424 5023 12
3479 4967 3573 5041 [p.
3614 4969 3747 5034 524,
3795 4971 3862 5036 Β,

592 5059 695 5113 col.
738 5060 863 5117 502.
903 5059 1002 5112 lin.
1030 5059 1099 5114 29
1127 5068 1182 5113 et
1207 5057 1358 5130 nov.]
1393 5078 1405 5112 :
1452 5058 1581 5112 Ἰδοὺ
1610 5060 1770 5130 ἡλίκη
1798 5061 1954 5123 πόλις
1984 5062 2113 5129 ὑμῖν
2138 5061 2193 5113 ὲα

2237 5078 2285 5113 ιν
2311 5061 2343 5130 ἡ
2376 5078 2413 5131 μ
2461 5061 2585 5130 ςάλη
2613 5059 2775 5129 αὓτη.
2804 5061 2871 5114 Et
2901 5061 3045 5129 quod
3075 5076 3364 5131 nusquam,
3400 5068 3461 5114 ut
3488 5060 3703 5129 opinor,
3727 5062 3838 5117 alib

594 5155 649 5208 in
672 5155 793 5223 ejus
822 5154 1077 5223 operibus
1114 5156 1382 5224 reperitur
1403 5193 1416 5217 ,
1450 5154 1637 5209 homil.
1688 5156 2133 5226 quinquagesima
2163 5173 2195 5211 s

2263 5158 2420 5222 unda,
2470 5172 2592 5227 pag.
2623 5154 2748 5221 90:2,
2786 5157 2820 5209 l.
2851 5157 2919 5211 40
2966 5155 3039 5227 [ρ.
3080 5158 3203 5221 595,
3246 5158 3313 5221 D,
3343 5157 3447 5212 col.
3487 5156 3612 5225 565,
3647 5158 3747 5212 lin.
3788 5162 3864 5216 ιι

593 5244 683 5299 ed.
718 5242 881 5315 nov.]
921 5259 1116 5299 nomen
1160 5261 1317 5299 suum
1380 5246 1583 5301 directe
1621 5248 1772 5317 ponit
1815 5270 1826 5302 :
1867 5249 1996 5317 Εἰμὶ
2026 5249 2120 5301 τοῦ
2185 5266 2194 5317 ι

2267 5250 2456 5318 καρίου
2520 5249 2619 5317 μὲν
2643 5247 2854 5299 ἐκείνου
2910 5248 3216 5318 (Ἰωάννου)
3275 5250 3583 5318 ὁμώνυμος,
3634 5250 3695 5302 ού
3749 5250 3864 5321 μὴν

596 5335 933 5406 συνώνυμος.
975 5338 1088 5389 Οὐκ
1126 5339 1240 5409 είμὶ
1281 5339 1553 5409 Ἰωάννης,
1589 5338 1724 5393 ἀλλὰ
1765 5338 2056 5409 καλοῦμαι.
2087 5339 2191 5393 Pos

2259 5356 2367 5394 amo
2393 5340 2659 5394 accedunt
2688 5348 2743 5394 et
2788 5348 3033 5394 veterum
3077 5341 3403 5409 scriptorum
3433 5341 3500 5394 de
3540 5342 3701 5410 hujus
3729 5342 3860 5397 libri

598 5441 819 5486 auctore
842 5433 1171 5489 testimonia.
1219 5434 1293 5487 De
1338 5434 1528 5488 Photio
1562 5450 1721 5504 supra
1754 5436 2008 5489 diximus.
2068 5437 2451 5501 Damascenus,
2496 5435 2591 5489 lib.
2637 5436 2689 5497 5,
2732 5449 2851 5504 cap.
2893 5435 2980 5499 15,
3035 5435 3108 5487 Dc
3151 5434 3256 5487 ﬁde
3301 5434 3622 5499 orthodoxa,
3672 5436 3860 5490 locum

600 5520 731 5575 citat
771 5536 836 5574 ex
868 5523 1104 5576 secunda
1136 5523 1324 5576 homil.
1358 5524 1412 5576 in
1438 5524 1569 5578 Acta
1612 5541 1623 5575 :
1656 5525 1747 5594 qui
1786 5534 1967 5579 tamen
1997 5526 2232 5580 auctoris
2282 5541 2350 5578 an
2396 5525 2601 5578 librarii
2638 5524 2811 5593 lapsu,
2839 5541 2949 5578 non
2980 5525 3032 5577 in
3063 5525 3298 5579 secunda
3330 5526 3601 5595 reperitur
3636 5525 3857 5589 homil.,

600 5612 696 5666 sed
724 5612 777 5665 in
814 5612 1009 5681 prima,
1046 5631 1164 5685 pag.
1195 5614 1318 5679 6’10,
1363 5614 1396 5667 1.
1426 5616 1512 5669 18.
1547 5616 1747 5669 Deinde
1776 5614 2101 5671 Catenarum
2138 5618 2424 5685 scriptores
2447 5659 2461 5683 ,
2495 5618 2554 5670 Ni
2586 5624 2731 5680 etas,
2765 5615 3154 5680 UEcumenius,
3181 5626 3285 5670 etc.
3317 5632 3427 5668 non
3455 5631 3516 5669 et:
3544 5616 3662 5669 aliis
3688 5631 3860 5685 quam

600 5717 667 5756 ex
701 5704 802 5756 hoc
830 5701 991 5757 horto
1015 5703 1347 5773 depromptis
1376 5703 1611 5758 flosculis
1637 5720 1762 5760 suas
1797 5714 2125 5761 contexuere
2172 5707 2398 5767 corollas
2432 5722 2442 5755 :
2489 5717 2546 5760 ut
2571 5722 2683 5773 ,ειη
2716 5707 2941 5761 stultum
2980 5704 3049 5759 sit
3079 5705 3355 5776 deinceps,
3379 5713 3440 5760 ut
3468 5706 3603 5760 mihi
3632 5707 3858 5777 quidem

603 5792 837 5861 videtur,
890 5795 956 5851 de
1009 5794 1168 5865 hujus
1210 5796 1329 5853 libri
1383 5805 1602 5851 auctore
1638 5796 1905 5851 dubitare.
