4054 6398
537 315 608 372 15

527 427 782 498 gellaudi,
816 422 958 494 quod
1003 417 1358 475 intolerabilia
1405 415 1633 484 passuri,
1665 420 1720 466 et
1750 411 1833 463 his
1869 404 2118 462 omnibus

527 509 833 589 superiores
860 513 1023 569 futuri
1048 518 1256 574 essent,
1288 506 1430 578 quod
1458 507 1584 560 item
1613 499 1947 570 evangelium
1976 511 2116 563 pra:-

527 610 811 665 dicandtun
836 607 974 661 foret
997 606 1049 660 in
1073 606 1321 658 universo
1339 597 1566 654 mundo:
1593 595 1728 658 haec,
1750 594 1985 661 inquam,
2001 602 2120 641 om-

531 701 615 753 nia
639 699 1043 753 accuratissime
1077 694 1341 766 completa
1379 690 1431 743 in
1472 689 1574 742 hoc
1596 686 1734 745 libro
1748 696 1973 737 cernere
1998 687 2115 740 est;

527 807 738 848 necnon
769 790 852 843 his
883 789 1030 856 plura
1057 800 1177 854 qua:
1207 797 1330 837 cttm
1368 777 1646 846 discipulis
1674 787 1894 828 versans
1940 766 2116 828 Domi-

531 897 630 934 nus
673 879 899 937 dixerat,
929 875 1254 942 Videbisque
1303 872 1391 925 hic
1430 866 1703 938 apostolos
1743 878 1842 918 ceu
1873 860 2118 914 volucres

521 987 623 1041 per
655 982 848 1024 terram
878 978 932 1021 et
958 969 1124 1020 maria
1153 965 1538 1024 discurrentes,
1570 958 1798 1026 illosque.
1826 952 1953 1005 olim
1977 950 2119 1004 timi.

529 1064 624 1116 dos
653 1071 707 1114 et
748 1059 930 1122 rudes,
966 1059 1020 1116 in
1051 1057 1186 1110 alios
1229 1054 1476 1112 homines
1506 1058 1725 1118 repente
1755 1054 2005 1108 mutatos,
2037 1041 2118 1097 di-

526 1155 774 1206 vitiarum
826 1157 1247 1218 contemptores,
1294 1144 1500 1215 gloria,
1531 1142 1632 1204 ira,
1678 1134 2114 1205 concupiscentia

523 1244 840 1311 cauet-isque
867 1241 1116 1296 omnibus
1164 1237 1470 1306 superiores
1495 1234 1749 1288 elfeclos:
1781 1229 2001 1283 multam
2035 1225 2113 1278 ti-

524 1337 676 1389 dehis
724 1335 863 1388 inter
911 1334 1054 1398 ipsos
1091 1325 1458 1390 concordiam,
1501 1323 1698 1377 nullam
1739 1317 2016 1378 invidiam,
2058 1322 2116 1367 ut

524 1430 674 1482 olim.
706 1425 906 1478 nullam
930 1423 1000 1476 ob
1033 1423 1292 1487 primatus
1321 1416 1650 1473 desiderium
1679 1410 2110 1472 contentionem;

521 1520 615 1572 sed
660 1534 871 1570 onmem
916 1517 966 1566 in
997 1513 1102 1566 illis
1131 1513 1381 1565 virtutem
1408 1509 1694 1578 diligenter
1723 1505 1942 1567 cultam,
1972 1501 2112 1555 cari-

528 1619 799 1675 tatemque
826 1606 1023 1658 eximie
1051 1603 1378 1672 fulgentem:
1405 1600 1474 1654 de
1500 1612 1602 1669 qua
1631 1596 1798 1650 multa
1823 1593 1952 1663 ipsis
1980 1606 2117 1662 pra:-

525 1711 762 1769 ceperat,
780 1700 996 1752 dicens:
1019 1696 1043 1748 l
1053 1715 1083 1748 ιι
1108 1697 1200 1748 hoc
1221 1701 1519 1764 cognoscent
1538 1707 1710 1745 omnes
1725 1689 1861 1758 quod
1877 1686 2115 1754 discipuli

524 1794 623 1844 mei
647 1793 776 1855 silis,
807 1792 852 1844 si
878 1790 1157 1843 dilexeritis
1184 1789 1395 1840 invicem
1423 1784 1605 1854 (Joan.
1639 1783 1725 1836 15.
1757 1782 1869 1849 55).
1895 1779 2032 1845 Quin
2061 1786 2117 1832 et

521 1888 766 1953 dogma'a
786 1883 1029 1953 mundam
1057 1882 1108 1935 in
1139 1880 1241 1934 hoc
1271 1879 1410 1933 libro
1437 1878 1674 1945 reperire
1701 1875 1844 1933 licet,
1863 1887 1982 1942 quae
2009 1868 2113 1923 nisi

524 1991 754 2045 scriptus
784 1976 873 2029 ille
910 1976 1116 2036 luisset,
1146 1973 1279 2026 nulli
1313 1973 1382 2024 ita
1410 1971 1688 2038 perspicua
1715 1975 1770 2020 et
1795 1966 1951 2034 plana
1984 1962 2114 2016 fuis-

524 2080 642 2121 sent
676 2085 687 2118 :
721 2082 827 2119 uno
871 2068 1033 2119 etiam
1080 2065 1153 2132 id,
1198 2063 1340 2134 quod
1373 2071 1454 2116 est
1493 2061 1679 2114 salutis
1707 2068 1903 2112 nostra:
1931 2062 2111 2124 caput,

523 2169 631 2213 tam
685 2158 977 2212 scundnm
1036 2158 1199 2210 vitam
1254 2165 1310 2210 et
1365 2169 1566 2219 mores,
1608 2166 1767 2220 quam
1819 2147 2112 2203 secundum

521 2256 791 2319 dogmata,
816 2249 1084 2302 occultum
1114 2248 1510 2313 obscurumque
1539 2250 1701 2297 esset.
1731 2240 1958 2294 Maxima
1989 2252 2112 2306 pars

523 2353 698 2396 autem
726 2341 865 2406 libri,
893 2339 1036 2392 Pauli
1063 2348 1210 2408 gesta
1239 2351 1383 2399 sunt,
1407 2335 1496 2404 qui
1526 2334 1644 2404 plus
1683 2331 1932 2414 omnibus
1962 2329 2110 2384 labo-

527 2434 681 2485 ravit.
715 2430 880 2499 Cujus
921 2430 996 2483 rei
1028 2445 1187 2483 causa
1219 2436 1323 2493 est,
1347 2426 1489 2496 quod
1514 2426 1558 2479 is
1587 2425 1676 2493 qui
1730 2423 1873 2476 hunc
1919 2421 2110 2475 librum

526 2524 760 2591 scripsit,
796 2523 982 2575 beatus
1031 2519 1225 2582 Lucas,
1260 2518 1377 2586 ejus
1403 2525 1548 2570 esset
1595 2513 1927 2583 discipulus:
1961 2511 2113 2580 cujus

525 2614 771 2666 virtutem
800 2621 906 2664 tum
930 2628 994 2665 ex
1025 2611 1146 2663 aliis
1173 2608 1353 2666 multis
1373 2622 1595 2661 cernere
1621 2613 1721 2670 est,
1748 2613 1860 2664 tum
1883 2604 2113 2658 maxime

523 2703 663 2777 quod
693 2703 896 2756 doctori
925 2717 1023 2754 suo
1065 2700 1434 2753 indesinenter
1482 2697 1718 2750 haeserit.
1766 2695 1948 2764 Itaque
1988 2709 2111 2749 cum

529 2799 717 2848 llemas
738 2805 791 2848 et
811 2794 1172 2864 Hermogenes
1194 2792 1372 2860 ipsum
1393 2789 1758 2858 reliquissent,
1783 2789 2026 2857 alterque
2056 2787 2111 2852 in

527 2887 821 2950 Galatiam,
855 2889 993 2938 alter
1019 2885 1071 2936 in
1115 2883 1433 2937 Dalmatiam
1460 2881 1703 2943 abiisset,
1731 2878 1854 2933 audi
1881 2877 2007 2948 quid
2045 2876 2112 2938 de

526 2979 618 3031 illo
649 2978 789 3030 dicat
823 2995 835 3029 :
867 2974 1034 3029 Lucas
1066 2975 1206 3029 solus
1233 2990 1428 3028 mecum
1456 2980 1529 3026 est
1559 2971 1635 3042 (2.
1662 2971 1793 3025 Tim.
1821 2970 1876 3025 4.
1909 2970 2030 3039 11);
2061 2977 2115 3023 et

526 3071 823 3125 Corinthiis
851 3069 1094 3122 scribens
1119 3067 1187 3122 de
1220 3066 1311 3119 illo
1330 3065 1407 3119 ait
1435 3083 1448 3118 :
1481 3062 1642 3132 Cujus
1664 3064 1777 3117 laus
1800 3073 1873 3116 est
1893 3063 1946 3115 in
1968 3078 2116 3116 evan-

526 3162 658 3230 gelio
680 3177 770 3228 per
794 3175 964 3214 omnes
1006 3157 1260 3213 Ecclesia:
1289 3157 1363 3226 (2.
1392 3155 1510 3209 Cor.
1542 3157 1595 3212 8.
1631 3155 1739 3224 18).
1771 3156 1838 3209 Ει
1871 3169 1991 3206 cum
2033 3153 2115 3207 di-

526 3251 597 3304 cit
626 3271 637 3304 :
680 3248 824 3304 Visus
845 3258 918 3303 est
945 3248 1146 3318 Cap/iw,
1179 3246 1361 3301 deinde
1384 3245 1647 3299 duodecim
1669 3245 1845 3306 ‘;cum
1860 3243 1936 3296 ait
1962 3257 2110 3304 vero,

529 3342 823 3396 Secundum
869 3340 1182 3410 evangelium
1224 3338 1360 3408 quod
1408 3336 1671 3404 accepistis
1723 3334 1798 3404 (ι.
1848 3333 1967 3389 Cor.
2024 3334 2110 3389 15.

533 3435 588 3489 5.
643 3433 742 3504 1);
795 3431 863 3486 de
907 3432 1065 3486 Luca:
1117 3429 1409 3499 Evangelio
1457 3428 1730 3497 loquitur:
1787 3427 1860 3480 ita
1901 3435 1958 3480 ut
2007 3441 2114 3480 non

530 3523 881 3586 abcrraveril,
909 3524 954 3578 si
981 3523 1099 3592 quis
1130 3521 1229 3594 ipsi
1259 3520 1360 3575 hoc
1403 3535 1539 3589 opus
1584 3518 1948 3590 adscripserit.
1979 3515 2114 3572 Cum

530 3616 634 3686 ipsi
655 3615 796 3677 dico,
826 3613 1045 3671 Christo
1068 3613 1209 3667 dico.
1235 3611 1464 3686 Quodsi
1492 3610 1611 3680 quis
1633 3610 1829 3671 dixerit
1849 3627 1861 3662 :
1879 3609 1986 3664 Cur
2009 3625 2116 3664 non

531 3710 709 3762 omnia
739 3706 954 3774 scripsit
979 3711 1066 3773 qui
1099 3720 1266 3773 usque
1292 3703 1358 3757 ad
1408 3704 1566 3757 linem
1593 3717 1716 3759 cum
1746 3703 1863 3772 ipso
1903 3717 2118 3772 semper

532 3801 738 3859 fuerit?
767 3797 1232 3870 respondebimus,
1263 3797 1377 3852 luet:
1416 3796 1546 3849 satis
1586 3793 1752 3849 fuisse
1782 3794 1867 3859 iis,
1890 3794 1978 3864 qui
2005 3795 2118 3848 ani-

533 3910 680 3951 mum
727 3890 984 3946 adhibere
1021 3889 1252 3954 vellent;
1307 3887 1534 3957 illosque
1581 3886 1646 3940 iis
1697 3900 1911 3954 semper
1964 3887 2116 3941 incu-

533 3985 734 4045 buisse,
758 4000 875 4052 quie
904 3981 1071 4050 magis
1098 3989 1369 4050 urgerent,
1391 3994 1565 4048 neque
1593 3977 1697 4036 illis
1726 3987 1929 4032 tantum
1956 3978 2120 4035 fuisse

533 4073 1096 4136 scrihendistudium;
1146 4073 1339 4125 multas
1367 4073 1562 4141 quippe
1606 4085 1712 4126 non
1749 4071 1977 4140 scriptas
2008 4081 2118 4125 tra-

537 4165 770 4218 ditiones
803 4163 1086 4218 dederunt.

608 4255 709 4309 Cur
735 4252 918 4308 Christi
950 4254 1183 4307 divinitas
1214 4255 1266 4307 in
1293 4253 1429 4308 Actis
1459 4270 1558 4307 non
1598 4255 1669 4308 ita
1696 4265 1870 4326 aperte
1896 4255 2120 4309 enuntie-

540 4343 931 4402 tur.—0mnia
974 4346 1151 4414 itaque
1183 4345 1284 4398 hoc
1328 4345 1379 4398 in
1423 4345 1560 4399 libro
1580 4345 1936 4400 admiratione
1963 4345 2120 4415 digna

537 4450 682 4499 sunt,
710 4437 940 4492 maxime
963 4452 1088 4491 vero
1111 4437 1196 4492 illa
1224 4438 1508 4491 verborum
1537 4438 1811 4500 demissio,
1834 4453 1963 4507 qua,
1999 4452 2123 4506 sug-

539 4540 758 4599 gerente
798 4530 998 4598 Spiritu
1029 4539 1236 4594 sancto,
1270 4529 1337 4584 de
1377 4530 1674 4584 ceconomia
1721 4529 1998 4598 loquentes
2044 4531 2125 4585 usi

542 4633 667 4677 sunt
690 4622 936 4691 apostoli.
967 4622 1089 4676 Ideo
1115 4637 1236 4676 cum
1278 4631 1354 4676 tot
1388 4632 1638 4692 tantaque
1662 4621 1728 4676 de
1753 4620 1970 4677 Christo
2001 4639 2127 4677 nar—

544 4722 684 4778 rent,
713 4728 878 4782 pauca
926 4712 993 4768 de
1038 4713 1316 4767 divinitate
1345 4713 1462 4782 ejus
1486 4713 1756 4778 dixerunt,
1785 4713 1945 4785 longe
1976 4713 2124 4781 plura

539 4819 671 4858 vero
699 4803 765 4857 de
794 4803 1145 4867 humanitate,
1180 4803 1246 4857 de
1293 4805 1561 4872 passione.
1590 4804 1658 4860 de
1707 4806 2122 4866 resurrectione.

543 4898 610 4952 de
633 4897 970 4950 ascensione.
1001 4895 1131 4949 Nam
1166 4894 1267 4953 ltoc
1296 4896 1507 4950 interim
1533 4897 1896 4965 quaerebatur,
1928 4908 1985 4951 ut
2011 4912 2130 4951 cre-

546 4996 765 5042 deretur
795 4986 966 5054 ipsum
1016 4987 1377 5046 resurrexisse
1403 4995 1456 5040 et
1503 4987 1811 5041 ascendisse
1859 4988 1911 5040 in
1943 4988 2126 5042 cazlos.

544 5077 1006 5144 Quemadmodum
1038 5079 1196 5153 igitur
1219 5078 1336 5147 ipse
1359 5076 1602 5133 Christus
1631 5078 1684 5131 in
1731 5078 1915 5146 primis
1945 5089 2130 5134 osten~

546 5167 675 5223 dere
702 5168 941 5231 curabat,
972 5183 1032 5222 se
1076 5183 1106 5223 a
1148 5168 1308 5225 Patre
1333 5169 1545 5226 venisse
1578 5185 1591 5221 :
1624 5169 1694 5221 ita
1721 5177 1774 5222 et
1803 5167 1892 5222 hic
1923 5179 2126 5235 narrat,

545 5258 716 5327 ipsum
747 5259 1127 5326 resurrexisse,
1154 5269 1486 5328 assumptum
1538 5260 1726 5325 fuisse,
1766 5270 1820 5316 et
1863 5260 1929 5314 ad
1982 5261 2129 5316 illum

548 5352 796 5417 rediisse,
819 5366 848 5404 a
871 5368 974 5421 quo
999 5361 1240 5414 venerat.
1264 5352 1376 5408 Nisi
1406 5353 1546 5405 cnim
1577 5352 1679 5407 hoc
1701 5355 1848 5423 prius
1867 5355 2130 5410 creditum

542 5444 762 5507 fuisset;
794 5442 1067 5512 multoque
1089 5444 1255 5514 magis
1277 5451 1559 5512 postquam
1587 5454 1926 5499 accesserunt
1953 5461 2134 5501 resur-

611 5592 629 5622 ⁸
661 5601 732 5641 sic
752 5606 926 5641 omnes
950 5593 1070 5641 Editl
1099 5600 1151 5641 et
1182 5601 1287 5643 uss.
1308 5595 1370 5642 At
1395 5594 1442 5642 in
1467 5602 1594 5644 Novo
1617 5603 1928 5646 Testamento
1954 5597 2127 5650 Graeco

544 5655 726 5769 Legitur
750 5671 825 5714 τάκ
840 5663 979 5714 tam,
1003 5662 1055 5703 et
1081 5656 1128 5705 in
1152 5655 1356 5720 Vulgata
1380 5655 1621 5719 undecim;
1648 5666 1699 5708 et
1724 5658 1826 5709 haec
1845 5672 1963 5712 vera
1986 5660 2134 5713 lectio

1252 303 1308 358 S.
1346 300 1630 358 JOANNIS
1666 288 2492 377 CIIRYSOSTOSHARCHIEP.
2533 285 3066 343 CONSTANTINOP.
3752 281 3820 336 16

2229 403 2396 456 rectio
2428 410 2480 456 et
2505 403 2823 469 assumptio,
2851 410 3018 456 totum
3044 398 3236 469 dogma
3260 397 3456 453 Judaais
3500 396 3822 453 incredibile

2225 495 2396 547 visum
2425 491 2632 547 fuisset.
2661 492 3002 562 Quapmpter
3025 492 3226 546 sensim
3254 501 3309 546 et
3345 489 3604 560 paulatim
3632 503 3728 544 eos
3748 491 3821 543 ad

2224 585 2531 640 sublimiora
2579 585 2747 638 ducit.
2777 583 3003 639 Athenis
3034 598 3162 638 vero
3218 584 3487 638 hominem
3518 597 3644 638 eum
3681 583 3820 637 sitn-

2224 679 2434 746 pliciter
2463 688 2618 732 vocat
2648 678 2866 741 Paulus,
2899 676 3032 731 nihil
3057 677 3290 746 amplius
3317 675 3523 732 addens
3551 674 3691 748 (Act.
3725 676 3821 731 17.

2222 771 2313 839 5|)
2337 789 2349 821 :
2372 780 2427 826 et
2451 772 2573 840 jure
2598 771 2838 841 quidem.
2886 770 3099 826 Etenim
3130 771 3173 824 si
3221 771 3395 840 ipsum
3423 770 3718 833 Christum,
3749 768 3826 825 de

2221 878 2316 917 sua
2342 878 2462 917 cum
2494 863 2650 918 Patre
2694 863 3000 931 mqualitate
3032 863 3364 932 loquentem,
3394 875 3539 929 szepe
3569 861 3821 929 lapidare

2224 962 2498 1008 tentarunt
2525 953 2706 1023 (Joan.
2741 953 2796 1009 8.
2825 953 2938 1023 59),
2971 954 3254 1023 ipsumque
3283 950 3652 1020 blasphemum
3692 950 3825 1004 ideo

2222 1047 2606 1114 vocarunt,vix
2629 1047 2775 1100 illum
2803 1060 3106 1100 sermonem
3134 1060 3163 1098 a
3195 1044 3551 1114 pimatoribus
3572 1043 3823 1118 accepis-

2221 1146 2360 1202 sent,
2386 1151 2508 1190 cum
2547 1137 2777 1190 maxime
2804 1151 2935 1190 crux
2960 1135 3345 1207 prwcessisset.

2288 1227 2340 1279 2.
2369 1226 2452 1280 οΕι
2491 1226 2618 1297 quid
2642 1227 2709 1281 de
2743 1226 2945 1281 Judaeis
2979 1227 3189 1297 loquar,
3216 1225 3431 1295 quando
3457 1226 3558 1296 ipsi
3600 1240 3823 1296 quoque

2218 1316 2501 1387 discipuli,
2537 1333 2659 1371 cum
2708 1316 3018 1372 sublimiora
3065 1317 3315 1371 audirent
3359 1316 3633 1386 dogmata,
3669 1331 3824 1385 sape

2220 1397 2414 1462 turbati
2444 1417 2497 1462 et
2536 1407 2724 1465 oli‘ensi
2773 1410 2947 1465 sunt?
2986 1408 3117 1463 Ideo
3161 1408 3412 1463 dicebat:
3444 1407 3611 1461 Multa
3656 1409 3822 1460 habeo

2218 1498 2355 1551 vobis
2395 1499 2576 1564 dicere,
2602 1499 2691 1552 sed
2717 1516 2817 1553 non
2859 1500 3064 1568 potestis
3091 1510 3297 1569 portare
3333 1501 3482 1553 modo
3510 1499 3527 1556 (
3550 1505 3690 1552 έυαη.
3722 1500 3817 1554 16.

2221 1591 2331 1661 12).
2353 1592 2408 1646 Si
2442 1592 2517 1645 illi
2547 1607 2653 1646 non
2690 1601 2956 1662 poterant,
2980 1593 3071 1663 qui
3100 1603 3248 1647 tanto
3277 1601 3519 1662 tempore
3544 1609 3666 1646 es"!
3696 1593 3821 1662 ipso

2220 1691 2392 1746 erant,
2424 1683 2512 1750 qui
2554 1691 2633 1737 tot
2673 1697 2992 1738 arcanorum
3019 1692 3299 1740 consortes
3326 1692 3500 1753 erant,
3530 1695 3583 1740 et
3614 1694 3692 1740 tot
3728 1685 3818 1739 vi-

2218 1774 2408 1827 derant
2433 1773 2687 1828 miracula
2715 1792 2727 1828 :
2762 1775 3033 1844 quomodo
3057 1774 3305 1830 homines
3331 1791 3521 1832 recens
3545 1777 3715 1831 avulsi
3747 1778 3820 1832 ab

2215 1865 2345 1929 aris,
2384 1864 2451 1916 ab
2491 1863 2674 1929 idolis,
2701 1880 2732 1918 a
2780 1865 3082 1931 sacrificiis,
3113 1882 3143 1918 a
3193 1865 3405 1932 felibus,
3452 1883 3482 1920 a
3527 1866 3820 1922 crocodilis

2223 1954 2241 2023 (
2258 1955 2343 2008 hic
2364 1955 2504 2009 enim
2528 1964 2648 2010 erat
2675 1956 2954 2026 gentilium
2985 1955 3231 2028 cultus);
3261 1957 3401 2026 quia
3425 1958 3637 2012 czeteris
3659 1958 3821 2012 malis

2221 2056 2345 2100 tunc
2391 2047 2618 2115 primum
2663 2045 2878 2102 abducti
2925 2048 3155 2114 fuerant,
3188 2047 3434 2102 sublimia
3464 2048 3644 2102 statim
3682 2047 3820 2118 dog-

2218 2149 2419 2192 matuin
2444 2139 2602 2193 verba
2627 2139 3007 2209 accepissent?
3035 2139 3305 2209 quomodo
3327 2141 3490 2194 etiam
3519 2139 3818 2206 Judri,qui

2215 2232 2455 2300 quotidie
2486 2231 2764 2286 discebant
2811 2241 2866 2285 et
2924 2231 3343 2286 instituebantur
3387 2246 3418 2284 a
3463 2231 3580 2301 lege
3611 2249 3624 2283 :
3653 2235 3812 2298 Audi,

2219 2320 2404 2386 Israel,
2434 2320 2680 2374 Dominus
2703 2320 2842 2374 Dens
2867 2332 3003 2385 tuus,
3023 2319 3276 2376 Dominus
3299 2337 3429 2376 unus
3450 2331 3541 2388 est,
3564 2330 3608 2373 et
3629 2332 3818 2390 pratici-

2213 2430 2328 2465 cunt
2370 2429 2471 2466 non
2509 2423 2583 2467 est
2621 2415 2753 2468 alius
2793 2413 2968 2484 (Deut.
3001 2414 3054 2468 6.
3084 2415 3180 2483 4);
3221 2414 3313 2484 qui
3353 2415 3525 2484 ipsum
3567 2415 3816 2470 viderant

2215 2503 2362 2557 cruci
2389 2503 2608 2558 al‘lixum
2637 2520 2652 2569 ;
2706 2505 2813 2558 imo
2839 2505 2929 2574 qui
2959 2505 3343 2560 cruciﬁxerant
3368 2517 3423 2559 et
3460 2507 3812 2575 sepelierant,

2217 2611 2391 2665 neque
2413 2595 2588 2664 ipsum
2629 2596 3006 2651 resuscitatum
3036 2596 3300 2663 viderant,
3330 2597 3610 2652 audientes
3655 2612 3814 2652 eum-

2216 2687 2337 2742 dem
2368 2688 2540 2753 ipsum
2565 2703 2685 2743 esse
2711 2689 2879 2743 Deum
2907 2699 2962 2743 et
2988 2689 3128 2743 Patri
3152 2691 3435 2760 aequalem,
3457 2705 3562 2744 non
3591 2691 3816 2746 omnino

2213 2781 2537 2843 resiliissent
2565 2796 2626 2836 ac
2657 2781 3044 2846 recessissent?
3072 2781 3302 2852 Ideoque
3327 2782 3581 2852 paulatim
3607 2791 3661 2837 et
3683 2797 3814 2837 sen-

2215 2872 2317 2929 sim
2350 2872 2469 2927 illos
2497 2874 2563 2928 ad
2596 2873 2799 2939 maiora
2827 2874 3052 2939 ducunt,
3086 2882 3138 2929 et
3167 2889 3288 2929 sese
3312 2873 3541 2928 multum
3572 2873 3702 2943 ipsis
3730 2883 3816 2927 at-

2219 2973 2540 3034 temperant.
2569 2965 2832 3021 Uberiore
2857 2982 2986 3022 vero
3006 2967 3238 3036 Spiritus
3265 2967 3437 3039 gratia
3463 2966 3732 3035 frmtntur,
3759 2976 3817 3026 et

2219 3055 2446 3121 majora,
2487 3071 2652 3126 quam
2692 3057 2940 3128 Christus
2978 3057 3141 3123 fecit,
3183 3059 3236 3114 in
3276 3059 3446 3128 ipsius
3483 3060 3701 3114 nomine
3740 3059 3817 3112 l’ac

2218 3147 2400 3212 ciunt;
2435 3155 2492 3200 ut
2523 3148 2774 3216 utrinque
2800 3148 2948 3217 ipsos
2975 3148 3121 3205 humi
3141 3149 3384 3217 jacentes
3412 3149 3642 3219 erigant,
3675 3159 3730 3204 et
3758 3159 3818 3206 ιιι

2219 3237 2599 3292 resurrectioni
2633 3238 2792 3293 fidem
2823 3238 3072 3294 habeant.
3108 3240 3206 3294 llic
3231 3241 3429 3311 quippe
3458 3241 3593 3296 uber
3622 3240 3676 3299 in
3708 3244 3819 3309 pri-

2217 3328 2320 3382 mis
2371 3336 2453 3384 est
2508 3331 2922 3385 resurrectionis
2981 3331 3406 3398 demonstratio,
3446 3347 3548 3402 qua
3586 3332 3816 3411 credita,

2219 3429 2409 3476 cmtera
2438 3421 2595 3478 facile
2634 3423 2949 3479 succedunt.
2975 3426 3366 3494 Argumentum
3391 3439 3518 3494 ergo
3538 3432 3594 3479 et
3621 3439 3820 3494 scopus

2220 3512 2378 3582 hujus
2400 3514 2538 3582 libri,
2573 3524 2632 3571 ut
2659 3517 2968 3571 summatim
2994 3515 3192 3580 dicam,
3221 3517 3310 3572 hic
3340 3517 3680 3585 potissimum
3711 3526 3816 3572 est.

2220 3603 2515 3660 Audiamus
2543 3607 2760 3662 demum
2802 3607 2913 3676 ipsa
2956 3609 3238 3676 prooemia.
3295 3605 3459 3679 (Cap.
3492 3604 3566 3675 1.)
3595 3607 3649 3661 1.
3694 3606 3821 3661 Pri-

2223 3713 2359 3749 munt
2385 3699 2585 3763 quidem
2629 3715 2909 3753 sermonem
2941 3701 3038 3768 [cci
3070 3701 3132 3754 de
3177 3699 3430 3764 omnibus,
3459 3716 3489 3753 ο
3515 3698 3821 3770 Theophila.

2221 3804 2335 3855 qua;
2361 3790 2507 3859 cwpit
2536 3789 2688 3845 Jesus
2717 3793 2882 3861 facere
2907 3801 2952 3845 et
2980 3792 3182 3846 docere.
3217 3792 3325 3848 Cur
3355 3793 3435 3846 illi
3467 3793 3823 3863 Evangeliunt

2222 3881 2275 3935 in
2304 3883 2618 3936 memoriam
2653 3885 2910 3939 revocat?
2941 3883 3008 3941 Ut
3034 3885 3432 3940 accurationem
3459 3899 3612 3939 suam
3639 3894 3827 3940 osten-

2221 3977 2335 4033 dat.
2371 3977 2502 4032 Nam
2533 3979 2683 4033 initio
2707 3979 2848 4035 illius
2874 3980 3054 4049 operis
3085 3980 3226 4035 dixit
3255 3997 3267 4033 :
3322 3979 3499 4036 Visum
3524 3989 3671 4055 estet
3698 3981 3826 4040 mihi

2224 4080 2492 4139 assequuto
2520 4071 2692 4123 omnia
2737 4088 2770 4123 a
2816 4073 3064 4142 principio
3104 4072 3394 4140 diligenter,
3421 4087 3485 4124 ea:
3527 4072 3704 4125 ordine
3735 4071 3827 4125 tibi

2223 4164 2440 4222 scribere
2474 4163 2625 4232 (Luc.
2648 4165 2701 4217 1.
2731 4164 2811 4230 '5).
2839 4164 3022 4234 Neque
3051 4179 3152 4218 suo
3177 4172 3463 4218 contentus
3486 4164 3822 4229 testimonio,

2228 4267 2394 4311 totum
2425 4256 2588 4311 refert
2615 4256 2680 4310 ad
2707 4257 3005 4326 apostolos,
3048 4256 3235 4312 dicens
3266 4273 3278 4309 :
3324 4257 3472 4311 Sicut
3506 4255 3829 4309 tradiderunt

2226 4349 2387 4414 nobis,
2416 4349 2502 4418 qui
2541 4347 2602 4403 ab
2652 4342 2797 4401 initio
2847 4349 2945 4415 ipsi
2984 4348 3240 4413 viderunt,
3274 4357 3320 4406 et
3355 4347 3574 4401 ministri
3621 4349 3830 4414 fuerunt

2229 4441 2496 4496 sermonis.
2531 4438 2736 4498 Idcirco
2766 4447 3047 4509 postquam
3078 4438 3315 4500 sermoni
3348 4437 3508 4492 fidem
3540 4437 3609 4492 ibi
3637 4439 3827 4492 conci-

2231 4531 2396 4597 liavit,
2426 4530 2512 4585 hic
2542 4531 2644 4584 alia
2681 4530 3094 4585 conﬁrmatione
3141 4545 3276 4597 opus
3331 4545 3437 4583 non
3491 4529 3672 4592 habet,
3703 4544 3830 4584 cum

2229 4621 2559 4689 Theophilus
2593 4622 2703 4690 jam
2734 4635 3041 4689 persuasus,
3084 4635 3148 4675 ac
3188 4637 3282 4689 per
3309 4621 3438 4674 illud
3465 4636 3600 4690 Optls
3639 4621 3709 4676 de
3734 4636 3831 4676 ac-

2231 4721 2412 4767 curata
2447 4713 2520 4766 rei
2551 4712 2775 4765 veritate
2801 4711 3075 4769 institutus
3098 4720 3260 4765 esset.
3300 4710 3510 4765 Etenim
3533 4712 3617 4765 cui
3645 4711 3832 4767 habita

2234 4803 2364 4856 fides
2391 4812 2475 4858 est
2514 4802 2770 4857 scribenti
2813 4818 2932 4872 qua:
2962 4802 3242 4867 audierat;
3296 4803 3464 4857 multo
3511 4801 3682 4872 magis
3714 4817 3836 4858 cre-

2233 4892 2438 4946 dendus
2465 4902 2567 4956 est,
2595 4908 2717 4949 eunt
2749 4907 2811 4946 ea
2839 4892 3042 4954 scribit,
3065 4909 3171 4946 non
3201 4908 3319 4962 quae
3347 4893 3416 4947 ab
3445 4893 3566 4947 aliis
3595 4894 3833 4963 accepit,

2234 4983 2326 5044 sed
2373 4999 2491 5053 qua:
2537 4983 2670 5039 vidit
2694 4992 2751 5039 et
2779 4984 3003 5039 audivit.
3032 4983 3163 5038 Nam
3196 4985 3240 5038 si
3267 5001 3328 5040 ea
3357 5001 3479 5054 qua:
3505 4986 3573 5040 de
3612 4985 3836 5041 Christo

2236 5074 2375 5128 dicta
2403 5083 2546 5139 sunt,
2578 5075 2770 5142 inquit,
2800 5086 3016 5144 accepta
3045 5075 3297 5140 habuisti,
3330 5078 3499 5132 multo
3531 5079 3699 5148 magis
3743 5094 3837 5134 ac-

2237 5167 2403 5235 cipies
2429 5182 2488 5221 ea
2517 5184 2637 5236 quae
2666 5167 2734 5221 de
2760 5169 3017 5236 apostolis
3042 5169 3284 5224 dicturus
3313 5184 3452 5224 sum.
3473 5171 3608 5238 Quid
3639 5173 3841 5244 igitur?

2239 5273 2304 5310 an
2330 5257 2548 5312 historia
2583 5269 2785 5317 tantum
2820 5259 2922 5314 hoc
2951 5275 3107 5330 Opus,
3135 5271 3187 5316 et
3217 5262 3419 5331 Spiritu
3448 5279 3675 5318 vacuum
3712 5268 3839 5331 est!

2241 5349 2605 5420 Nequaquam.
2639 5353 2757 5416 Quo
2788 5353 2983 5420 pacto?
3014 5353 3277 5419 Quoniam
3306 5369 3390 5419 ea,
3424 5371 3542 5424 qua:
3595 5357 3693 5426 ipsi
3728 5368 3840 5412 tra-

2241 5438 2488 5495 diderunt
2516 5443 2549 5495 ii
2574 5442 2661 5510 qui
2692 5441 2936 5496 viderant
2963 5452 3016 5497 et
3046 5445 3275 5498 ministri
3303 5447 3569 5501 sermonis
3599 5447 3836 5510 fuerant,

2241 5546 2306 5584 ex
2339 5530 2534 5600 Spiritu
2566 5543 2741 5586 erant.
2773 5533 2842 5587 Et
2871 5545 2966 5588 eur
2995 5550 3099 5587 non
3132 5534 3286 5600 dixit,
3319 5535 3469 5591 Sicut
3499 5537 3840 5594 tradiderunt

2243 5625 2417 5689 nobis,
2445 5627 2537 5694 qui
2569 5626 2770 5694 Spiritu
2799 5636 2989 5681 sancto
3024 5627 3228 5697 dignati
3274 5637 3448 5692 erant,
3495 5629 3612 5696 sed,
3647 5632 3745 5695 Qui
3775 5632 3837 5682 ab

2246 5717 2387 5771 initio
2414 5718 2685 5772 viderunt?
2722 5717 2855 5788 Quia
2886 5718 2986 5773 hoc
3013 5719 3242 5778 maxime
3266 5719 3421 5775 [idem
3458 5719 3599 5783 facit.
3625 5735 3746 5776 cum
3771 5721 3838 5775 ab
