4054 6416
217 335 282 391 Π
1262 321 1330 378 ΙΝ
1367 321 1551 378 ACTA
1595 320 2102 383 APOSTOLORUM
2143 325 2378 385 HOMIL.
2417 330 2457 384 l.
3486 345 3551 403 13

213 451 279 508 iis
305 447 440 520 ipsis
465 446 558 518 qui
589 444 838 500 viderunt
871 449 1164 506 narratur;
1220 437 1352 493 illud
1381 454 1511 495 vero
1560 454 1816 510 arrogan-

1933 443 2250 498 conciliarit.
2295 442 2380 501 Ad
2425 449 2895 506 mansuetudinem
2935 451 3286 524 hortabatur,
3325 459 3546 516 dicens:

213 545 341 600 tiam
374 549 432 598 et
459 538 656 596 fastum
693 551 802 608 prae
827 549 886 590 se
921 533 1132 590 tulisset
1160 531 1301 603 apud
1328 531 1666 602 insipientes.
1701 533 1824 587 Ideo
1931 531 2126 588 Discite
2144 549 2176 588 α
2193 552 2292 601 me,
2307 537 2428 607 quia
2450 540 2586 593 mitis
2613 557 2726 595 sum
2754 552 2802 596 et
2827 544 3034 599 humilis
3054 548 3209 601 corde
3231 548 3545 614 (Blattiutt.

208 637 450 693 Joannes
494 631 711 689 dicebat
743 649 759 684 :
789 627 900 699 Ego
924 626 1050 693 ridi,
1077 634 1126 680 et
1166 624 1514 678 testimonium
1563 623 1818 694 perhibui,

205 729 330 796 quia
351 727 435 780 hic
454 732 531 778 est
561 721 734 776 Filius
750 718 847 774 Dei
878 718 1058 790 (.Ioau.
1087 719 1138 773 1.
1168 714 1285 788 54).
1304 715 1555 771 Christus
1585 730 1715 770 vero
1740 715 1821 770 sic

203 817 503 887 alloquitur
526 813 879 870 Nicodemum
905 810 1081 864 adhuc
1102 807 1378 864 rudiorem
1407 825 1420 860 :
1455 807 1608 874 Quod
1631 806 1818 861 scimus

199 911 487 980 loquimur,
524 917 572 962 et
617 905 754 977 quod
802 903 1023 957 vidimus
1069 911 1337 967 testamur,
1381 908 1428 954 et
1474 898 1818 953 testimonium

198 1009 437 1055 nostrum
477 1013 625 1052 nemo
671 996 857 1065 accipit
892 992 1003 1064 (Id.
1038 994 1093 1049 5.
1120 991 1232 1064 11).
1266 994 1343 1046 Ac
1387 1005 1604 1045 rursum
1632 1005 1816 1045 osccn-

195 1094 338 1148 dens
384 1092 554 1147 multa
583 1104 649 1145 ex
692 1088 978 1144 oculorum
1027 1084 1341 1140 testimonio
1370 1082 1497 1146 dici,
1532 1081 1816 1152 discipulis

195 1186 412 1242 dicebat
429 1201 442 1238 :
459 1162 538 1236 “Et
556 1198 643 1236 vos
663 1179 1006 1249 testiﬁcamini
1027 1177 1206 1243 deme,
1227 1176 1347 1246 quia
1363 1174 1427 1228 ab
1446 1173 1594 1228 initio
1616 1190 1814 1227 mecum

191 1279 317 1333 estis
345 1275 458 1348 (Id.
488 1276 578 1332 15.
610 1273 728 1347 27).
761 1271 1005 1344 Apostoli
1049 1284 1263 1341 quoque
1307 1283 1453 1338 saepe
1481 1268 1552 1322 ita
1583 1266 1813 1336 lo‘quun—

193 1381 315 1426 tur:
350 1369 523 1426 Testes
552 1385 647 1424 nos
673 1378 721 1422 et
747 1366 975 1438 Spiritus
1021 1373 1258 1430 sanctus,
1299 1377 1449 1432 quem
1485 1359 1625 1414 dedit
1669 1359 1810 1414 Deus

187 1463 514 1519 credemibus
537 1463 592 1516 in
628 1476 682 1516 se
710 1459 848 1532 (Act.
877 1458 932 1512 2.
962 1454 1078 1528 52).
1123 1455 1315 1511 Postea
1347 1467 1475 1510 vero
1501 1453 1716 1518 Petrus,
1751 1462 1810 1507 ut

187 1554 580 1611 resurrectioni
616 1551 778 1607 tidem
821 1550 1006 1614 faciat,
1034 1547 1165 1602 dicit
1195 1564 1209 1600 :
1244 1545 1347 1611 Qui
1389 1545 1807 1598 manducavimus

185 1659 232 1701 et
259 1648 479 1702 bibimus
518 1660 635 1698 cum
671 1643 762 1696 illo
797 1640 960 1711 (Ibid.
990 1639 1080 1695 10.
1125 1637 1243 1709 41).
1273 1636 1508 1692 Facilius
1537 1637 1683 1690 enim
1712 1651 1805 1691 co-

185 1756 309 1796 rum
338 1738 726 1794 'testimonium
768 1732 1168 1796 admittebant,
1208 1730 1300 1801 qui
1337 1729 1537 1785 versati
1594 1727 1804 1782 fuerant

183 1850 310 1889 cum
347 1832 463 1897 illo,
496 1831 640 1902 quod
668 1828 848 1884 adhuc
878 1828 1039 1896 longe
1065 1825 1322 1880 abessent
1352 1838 1382 1878 a
1410 1823 1603 1878 notitia
1631 1821 1803 1892 Spiri-

183 1939 292 1982 tus.
318 1925 688 1994 Quamobrem
715 1921 953 1977 Joannes
981 1919 1034 1973 in
1073 1916 1366 1988 Evangelio
1392 1914 1606 1971 dicebat
1635 1929 1694 1970 se
1723 1914 1802 1968 vi-

177 2023 349 2087 disse,
383 2021 455 2076 de
481 2017 748 2088 sanguine
771 2025 828 2070 et
854 2028 997 2085 aqua
1043 2013 1293 2082 loquens,
1323 2008 1597 2065 oculatum
1645 2006 1798 2062 testi-

179 2114 427 2168 monium
450 2120 510 2166 ut
535 2109 830 2165 maximum
857 2119 1101 2178 ponens;
1131 2102 1343 2158 etiamsi
1369 2099 1545 2156 oculis
1564 2099 1796 2155 certiora
1821 2121 1824 2124 ~

176 2208 292 2266 sint
318 2220 382 2262 ea
412 2218 535 2274 qua:
578 2217 609 2256 a
640 2199 850 2271 Spiritu
891 2196 1342 2270 proﬁciscuntur;
1383 2191 1480 2247 sed
1518 2203 1626 2245 non
1653 2190 1795 2261 apud

176 2297 521 2355 incredulos.
550 2292 708 2362 Quod
743 2306 871 2347 vero
900 2289 1136 2361 Spiritus
1163 2285 1439 2359 particeps
1465 2283 1644 2340 Lucas
1673 2281 1793 2338 fue-

175 2394 270 2459 rit,
297 2407 365 2448 ex
414 2388 604 2445 multis
650 2385 998 2457 perspicuum
1025 2390 1142 2449 est;
1197 2391 1312 2436 tum
1339 2396 1408 2436 ex
1455 2378 1624 2449 signis
1671 2393 1793 2449 qure

175 2493 306 2539 tunc
335 2481 559 2542 fiebant.
592 2489 706 2535 tum
727 2477 869 2548 quod
903 2476 996 2531 illo
1039 2485 1285 2544 tempore
1312 2471 1539 2544 quilibet
1557 2469 1793 2542 Spiritus

168 2584 359 2632 essent
401 2573 734 2644 participes;
779 2579 891 2626 tum
931 2585 999 2626 ex
1043 2568 1192 2624 Pauli
1232 2565 1586 2623 testimonio:
1628 2563 1792 2635 Cujus

167 2668 288 2720 laus
327 2674 402 2719 est
439 2666 495 2719 in
534 2663 796 2734 evangelio
836 2661 914 2736 (2.
939 2660 1058 2716 Cor.
1083 2659 1138 2716 8.
1167 2660 1283 2730 i8),
1325 2658 1538 2728 inquit;
1584 2667 1694 2712 tum
1721 2671 1787 2711 ex

166 2757 539 2813 ordinationis
565 2755 813 2819 calculo;
863 2763 986 2824 post
1032 2751 1165 2808 illud
1195 2752 1340 2808 enim
1371 2749 1560 2806 addit:
1605 2749 1713 2805 Sed
1738 2760 1787 2804 et

165 2853 441 2906 ordinatus
466 2858 540 2904 est
568 2849 633 2903 ab
672 2847 918 2904 Ecclesia
941 2862 1110 2900 comes
1145 2843 1572 2916 peregrinationis
1597 2853 1788 2896 nostra:

162 2943 218 2996 in
245 2942 383 2996 hanc
407 2941 650 3012 gratiam,
677 2954 792 3011 qua:
808 2938 1128 2992 ministratur
1155 2952 1188 2989 a
1223 2932 1389 2989 nobis.

243 3034 301 3088 5.
333 3031 404 3087 Et
431 3031 555 3087 vide
580 3045 741 3101 quam
770 3029 843 3085 sit
872 3045 902 3083 a
939 3028 1080 3084 fastu
1108 3027 1338 3082 alienus.
1377 3023 1495 3079 Non
1526 3024 1671 3079 enim
1701 3022 1782 3078 di-

157 3125 259 3192 cit,
284 3123 522 3179 Primum
545 3122 905 3193 evangelium,
929 3117 1489 3192 quodqevangelizavi;
1515 3116 1632 3184 sed,
1662 3114 1783 3169 Pri-

159 3233 306 3271 mum
324 3230 609 3270 sermonem
638 3214 755 3287 feci,
790 3227 851 3269 se
879 3211 1138 3282 majorem
1169 3225 1291 3267 esse
1321 3218 1516 3282 putans
1540 3224 1777 3280 evange-

159 3308 219 3363 lii
247 3307 668 3379 appellationem
697 3322 712 3359 :
745 3305 956 3361 etiamsi
985 3304 1137 3359 illum
1164 3302 1290 3358 inde
1316 3302 1597 3373 apostolus
1629 3304 1778 3358 cele-

160 3400 307 3466 bret,
352 3399 540 3456 dicens
579 3416 595 3453 :
640 3398 800 3469 Cujus
839 3398 954 3452 laus
990 3406 1065 3451 est
1108 3398 1163 3451 in
1202 3397 1484 3468 evangelio.
1533 3394 1641 3451 Sed
1688 3395 1779 3452 ille

158 3494 411 3549 modeste
447 3493 528 3547 sic
557 3492 792 3563 loquitur
821 3509 835 3546 :
866 3489 1103 3545 Primum
1129 3490 1336 3562 quidem
1365 3505 1652 3545 sermonem
1680 3490 1780 3561 feci

159 3584 226 3637 de
255 3582 510 3649 omnibus,
543 3598 574 3636 o
603 3581 648 3636 Τ
649 3582 908 3652 heophile,
931 3598 1047 3652 qua:
1073 3584 1221 3651 coepit
1249 3581 1282 3634 J
1289 3598 1401 3636 esus
1426 3585 1597 3653 facere
1615 3591 1662 3635 et
1683 3581 1778 3635 do-

158 3691 308 3740 cere;
337 3688 444 3729 non
476 3673 815 3744 simpliciter,
847 3672 922 3728 De
947 3673 1219 3739 omnibus,
1246 3671 1340 3727 sed
1367 3688 1396 3726 a
1425 3673 1688 3744 principio
1707 3673 1774 3728 ad

158 3765 321 3821 linem
348 3778 519 3836 usque
550 3783 565 3820 :
596 3762 782 3835 Usque
808 3763 878 3818 ad
898 3762 1064 3830 diem,
1096 3764 1291 3835 inquit,
1323 3779 1430 3835 quo
1463 3775 1774 3835 assumptus

157 3869 264 3915 est.
297 3859 458 3930 Atqui
488 3857 725 3915 Joannes
747 3856 988 3913 declarat
1026 3871 1132 3911 non
1174 3870 1333 3927 posse
1369 3856 1548 3912 omnia
1587 3857 1770 3913 scribi.

161 3949 236 4006 llt
256 3949 403 4004 enim
434 3949 539 4004 hoc
561 3947 832 4015 ostendat,
857 3956 1138 4018 postquam
1161 3947 1406 4002 dixerat:
1433 3947 1560 4015 Qua:
1583 3950 1629 4003 si
1647 3950 1774 4003 seri.

157 4043 584 4114 bantursingula,
601 4057 693 4096 nec
713 4041 884 4111 ipsum
902 4039 1124 4094 arbitror
1139 4040 1389 4094 mundum
1411 4057 1558 4110 posse
1568 4058 1767 4109 capere,

157 4135 349 4210 adjicit
367 4177 384 4201 ,
415 4135 520 4191 Eos
543 4137 630 4202 qui
657 4135 914 4189 scribendi
948 4144 1069 4189 sunt
1103 4135 1260 4190 libros
1287 4133 1485 4206 (Joan.
1512 4135 1604 4192 21.
1633 4137 1706 4196 25
1725 4139 1768 4211 ).

156 4227 444 4296 Quomodo
473 4227 654 4299 igitur,
687 4226 920 4297 inquies,
959 4226 1048 4282 hic
1090 4225 1161 4282 de
1197 4227 1449 4284 omnibus
1489 4230 1773 4301 loquitur?

157 4325 228 4376 At
257 4335 367 4375 non
396 4319 552 4387 dixit,
580 4318 793 4385 Omnia,
825 4318 942 4384 sed,
975 4317 1056 4373 De
1078 4319 1351 4377 omnibus:
1381 4335 1444 4376 ac
1468 4322 1512 4377 si
1539 4324 1660 4394 quis
1684 4323 1772 4378 di-

157 4422 244 4468 cat
269 4412 580 4468 summatim
600 4421 654 4467 et
673 4412 728 4468 in
747 4427 975 4482 genere;
1005 4421 1100 4466 aut
1118 4411 1186 4469 de
1209 4413 1460 4470 omnibus
1484 4429 1603 4486 qua:
1623 4431 1773 4472 com-

157 4515 349 4575 petunt
367 4513 424 4560 et
451 4514 660 4575 urgent.
691 4504 894 4560 Deinde
917 4504 1153 4561 ostendit
1175 4521 1295 4577 qua:
1316 4505 1422 4561 sint
1449 4507 1537 4562 illa
1563 4509 1767 4576 omnia,

161 4598 293 4665 Qua:
318 4599 468 4668 capit
494 4597 646 4653 Jesus
673 4601 840 4669 facere
867 4607 916 4654 ct
943 4599 1160 4666 docere;
1203 4600 1462 4669 miracula
1493 4616 1688 4672 nempe
1715 4611 1771 4659 et

156 4692 462 4747 doctrinam
485 4691 852 4748 subindicans.
884 4691 1072 4764 Neque
1098 4691 1202 4748 hoc
1225 4702 1429 4748 tantum
1448 4736 1464 4762 ,
1493 4694 1591 4751 sed
1625 4697 1767 4766 quod

151 4786 320 4843 etiam
364 4783 610 4839 faciendo
649 4783 891 4841 doceret.
937 4785 1074 4841 Vide
1097 4795 1278 4843 autem
1306 4787 1452 4843 illius
1475 4788 1767 4861 benignum

155 4877 622 4948 apostolicumque
649 4879 885 4933 animum
907 4921 922 4946 ,
954 4880 1045 4950 qui
1074 4880 1158 4935 vel
1185 4880 1326 4936 illius
1349 4881 1580 4937 hominis
1605 4897 1767 4939 causa

156 4971 298 5025 hanc
325 4971 568 5040 suscepit
594 4980 902 5026 accuratam
928 4986 1149 5042 operam
1170 5013 1184 5036 ,
1222 4981 1280 5028 ut
1308 4982 1480 5028 totum
1519 4973 1765 5046 Evange-

156 5062 284 5116 Iium
324 5062 607 5117 scriberet.
654 5058 723 5118 Ut
763 5062 980 5131 habeas,
1012 5064 1202 5136 inquit,
1244 5082 1440 5133 eorum,
1480 5066 1545 5121 de
1586 5068 1767 5138 quibus

153 5153 382 5207 eruditus
407 5169 482 5221 es,
513 5169 804 5208 sermonum
829 5156 1094 5209 ceritatem
1123 5155 1272 5228 (Luc.
1311 5158 1361 5212 1.
1394 5156 1473 5230 4).
1507 5158 1768 5215 Audierat

153 5245 296 5298 enim
325 5243 601 5301 Christum
631 5245 901 5302 dicentem
929 5267 942 5303 :
971 5246 1093 5302 Non
1117 5258 1189 5302 est
1215 5250 1448 5304 voluntas
1471 5249 1644 5304 Patris
1665 5253 1766 5306 mei

153 5345 205 5388 ut
232 5345 406 5404 pereat
431 5352 566 5388 unus
594 5352 658 5393 ea:
685 5337 766 5391 his
793 5338 992 5407 pusillis
1022 5337 1252 5411 (Matth.
1282 5340 1370 5395 18.
1401 5341 1469 5396 14
1492 5340 1530 5411 ).
1570 5340 1639 5396 Et
1667 5358 1765 5398 cur

154 5440 259 5480 non
280 5441 449 5481 unum
478 5427 673 5482 librum
697 5427 824 5484 fecit
852 5429 942 5483 uni
972 5428 1276 5498 Theophila
1302 5431 1641 5498 mittendum,
1666 5434 1763 5489 sed

153 5517 203 5571 in
241 5517 350 5573 duo
386 5518 614 5589 partitus
640 5527 726 5575 est
748 5521 1098 5591 argumenta?
1138 5521 1539 5594 Perspicuitatis
1562 5540 1722 5581 causa
1743 5569 1759 5594 ,

152 5622 205 5665 et
241 5617 301 5665 ut
343 5611 804 5668 intermissionem
851 5612 1005 5669 daret
1042 5613 1271 5670 auditori
1307 5634 1320 5667 :
1351 5616 1589 5688 alioquin
1631 5635 1761 5674 vero

153 5701 398 5759 distincta
421 5713 551 5758 sunt
570 5703 850 5760 amborum
873 5715 1211 5777 argumenta.
1235 5707 1560 5766 Consideres
1576 5695 1756 5767 autem

153 5798 304 5855 velim
324 5839 344 5869 ,
372 5797 650 5880 quomodo
675 5799 924 5857 Christus
955 5816 1049 5874 per
1076 5818 1237 5875 opera
1268 5803 1426 5860 dictis
1454 5806 1566 5862 suis
1598 5805 1754 5864 tidem

1926 621 2044 692 29).
2077 623 2314 680 Docebat
2333 639 2725 699 paupertatem,
2753 642 2808 688 et
2832 633 2976 689 illam
3005 651 3100 705 per
3125 653 3295 708 opera
3315 642 3547 700 exhibe-

1928 716 2056 771 bat:
2089 733 2213 773 nam
2247 718 2421 776 Filius
2445 723 2668 779 hominis
2694 742 2796 779 non
2819 727 2968 782 habet
2998 730 3082 784 ubi
3103 741 3257 802 caput
3281 751 3433 789 suum
3461 754 3547 792 re-

1925 807 2079 862 clinet
2108 809 2234 879 (1d.
2263 811 2318 868 8.
2345 812 2457 883 20)
2484 855 2499 879 ,
2531 815 2720 887 inquit.
2753 817 2982 874 Juhebat
3033 837 3246 878 rursum
3291 825 3546 885 inimicos

1924 899 2170 970 diligere.
2205 902 2320 959 Hoc
2351 905 2403 959 in
2435 921 2597 963 cruce
2618 907 2802 964 docuit
2825 926 2948 966 cum
2976 927 3074 983 pro
3100 916 3543 989 cruciﬁgentibus

1924 1001 2174 1060 precatus
2203 1003 2306 1048 est.
2340 994 2584 1062 Dicebat,
2620 997 2828 1054 Valenti
2852 1010 3016 1056 tecum
3038 1005 3092 1058 in
3113 1004 3310 1073 judicio
3329 1020 3544 1066 conten-

1921 1083 2041 1138 dere
2067 1093 2115 1139 et
2141 1087 2367 1141 tunicam
2395 1099 2538 1143 tuam
2562 1089 2764 1160 tollere,
2787 1093 2986 1149 dimitte
3010 1095 3057 1149 ei
3078 1105 3125 1151 et
3151 1098 3367 1166 pallium
3395 1100 3417 1172 (
3449 1100 3537 1155 Id.

1919 1178 1973 1233 5.
2002 1177 2111 1248 40)
2140 1196 2154 1233 :
2188 1179 2305 1250 ipse
2330 1196 2462 1237 vero
2492 1197 2600 1238 non
2631 1184 2806 1240 solum
2843 1187 3196 1254 vestimenta,
3236 1189 3333 1246 sed
3372 1195 3536 1248 etiam

1916 1271 2232 1340 sanguinem
2261 1285 2418 1328 suum
2448 1274 2618 1330 dedit.
2654 1276 2745 1332 Sic
2774 1278 2938 1334 etiam
2965 1277 3262 1351 discipulos
3291 1299 3423 1340 suos
3453 1287 3535 1338 fa—

1915 1376 2041 1417 cere
2059 1362 2241 1433 jussit.
2274 1365 2615 1438 Quapropter
2643 1368 2854 1425 dicebat
2898 1371 3092 1426 Paulus
3127 1389 3141 1427 :
3169 1373 3317 1429 Sicut
3339 1376 3536 1431 habetis

1913 1457 2135 1522 formam
2163 1466 2389 1510 nostram
2418 1457 2682 1531 (Philipp.
2715 1461 2769 1516 '5.
2795 1460 2908 1535 17).
2940 1461 3086 1518 Nihil
3113 1465 3258 1520 enim
3285 1465 3532 1538 frigidius

1911 1546 2154 1614 doctore,
2180 1550 2268 1619 qui
2292 1549 2472 1606 verbis
2489 1559 2694 1607 tantum
2717 1552 3163 1625 philosophatur:
3186 1572 3364 1628 neque
3382 1560 3530 1615 enim

1914 1639 2017 1695 hoc
2040 1640 2281 1697 doctoris
2307 1651 2427 1712 est,
2457 1644 2552 1699 sed
2576 1644 2895 1716 hypocrita.
2924 1645 3132 1705 idcirco
3157 1651 3384 1721 apostoli
3413 1654 3528 1723 pri-

1912 1753 2059 1792 mum
2082 1739 2362 1809 exemplo,
2392 1741 2520 1796 hinc
2536 1742 2719 1798 verbis
2744 1743 3043 1811 docebant;
3076 1746 3188 1801 imo
3215 1761 3323 1802 non
3347 1748 3529 1804 verbis

1908 1843 2045 1900 opus
2075 1829 2368 1897 habebant,
2396 1834 2653 1904 operibus
2673 1836 2806 1905 ipsis
2825 1837 3203 1894 clamantibus.
3225 1837 3413 1911 Neque
3432 1840 3527 1894 ab-
3579 1873 3608 1882 —

1909 1923 2168 1976 erraverit
2198 1923 2246 1978 si
2276 1923 2398 1994 quis
2429 1926 2737 1995 passionem
2763 1926 2884 1998 ejus
2910 1929 3178 1985 actionem
3210 1931 3484 1987 vocaverit
3509 1951 3523 1987 :

1905 2013 2162 2082 patiendo
2188 2029 2418 2086 namque
2440 2032 2693 2088 magnum
2722 2019 2849 2074 illud
2875 2020 3227 2091 mirabileque
3246 2018 3384 2093 opus
3404 2023 3550 2080 edi-'

1903 2103 1998 2169 dit,
2045 2118 2155 2174 quo
2193 2114 2425 2161 mortem
2468 2109 2653 2176 solvit,
2695 2123 2761 2166 ac
2808 2110 3015 2182 reliqua
3057 2113 3240 2168 omnia
3288 2115 3518 2186 peregit.

1901 2193 1956 2246 2.
1991 2194 2163 2266 Usque
2183 2198 2235 2250 in
2254 2198 2410 2265 diem,
2431 2215 2534 2269 qua
2557 2202 2860 2270 praecipiens
2880 2204 3128 2273 apostolis
3148 2221 3239 2274 per
3263 2204 3522 2276 Spiritum

1899 2296 2153 2356 sanctum,
2171 2305 2300 2358 quos
2326 2290 2497 2362 elegit,
2529 2303 2825 2364 assumptus
2851 2303 2945 2350 est.
2973 2294 3082 2351 Per
3108 2294 3364 2369 Spiritum
3387 2314 3518 2369 prc—

1897 2380 2116 2451 cipiens,
2147 2379 2200 2436 id
2231 2392 2336 2449 est,
2365 2383 2666 2453 spiritualia
2697 2386 2841 2456 apud
2862 2386 3018 2457 ipsos
3045 2386 3279 2458 loquens
3309 2405 3518 2462 praece-

1900 2482 2011 2542 pta,
2044 2473 2284 2545 nihilque
2316 2475 2633 2532 humanum.
2666 2477 2764 2534 Vel
2793 2478 2898 2536 hoc
2925 2495 3057 2552 ergo
3077 2481 3404 2547 dicendum:
3433 2485 3517 2542 vel

1897 2564 2039 2636 quod
2067 2580 2167 2637 per
2190 2564 2614 2639 Spiritumipsis
2642 2572 2988 2642 praeceperit.
3019 2571 3206 2640 Vides,
3239 2577 3516 2647 quomodo

1894 2657 2072 2714 adhuc
2096 2660 2164 2715 de
2185 2657 2402 2718 Christo
2425 2661 2703 2719 humiliter
2731 2663 3004 2735 loquatur,
3027 2673 3087 2721 ut
3103 2675 3162 2724 et
3184 2666 3303 2739 ipse
3328 2669 3398 2724 de
3425 2685 3515 2726 se—

1894 2748 2011 2819 ipso
2036 2750 2389 2822 loquebatur,
2423 2751 2651 2810 dicens:
2676 2754 2739 2810 Si
2777 2766 2950 2811 autem
2981 2773 3070 2829 ego
3099 2759 3153 2812 in
3183 2757 3390 2830 Spiritu
3418 2759 3513 2816 Dei

1892 2841 2040 2912 ejicio
2067 2841 2324 2897 dcentonia
2352 2843 2566 2917 (Matth.
2590 2845 2678 2902 12.
2713 2845 2851 2920 28)?
2879 2847 3098 2906 Etenim
3128 2850 3362 2922 Spiritus
3385 2867 3514 2908 san-

1890 2943 2010 2988 ctus
2034 2933 2087 2988 in
2114 2934 2205 3015 illo
2231 2938 2432 3007 templo
2457 2938 2800 3008 operabatur.
2835 2939 2974 3009 Quid
3003 2952 3183 2998 autem
3213 2945 3510 3015 prtecepit?

1890 3023 2088 3080 Euntes
2117 3009 2291 3082 docete
2319 3045 2494 3084 omnes
2519 3039 2694 3100 gentes
2714 3072 2728 3096 ,
2760 3031 3078 3102 baptizantes
3105 3051 3191 3091 eos
3213 3009 3269 3090 in
3301 3009 3512 3093 nomine

1890 3114 2067 3171 Patris
2097 3126 2145 3172 et
2175 3117 2304 3172 Filii
2332 3128 2380 3174 et
2411 3119 2643 3187 Spiritus
2671 3123 2872 3188 sancti;
2910 3126 3147 3180 docentes
3180 3141 3267 3181 eos
3305 3143 3509 3187 servare

1887 3209 2061 3263 omnia
2089 3225 2416 3283 quacumque
2445 3213 2689 3268 mandavi
2717 3214 2856 3269 vobis
2889 3215 2907 3286 (
2937 3215 3025 3269 Id.
3071 3217 3166 3273 28.
3225 3218 3315 3275 19.
3358 3219 3433 3277 20
3463 3222 3505 3292 ).

1883 3299 2072 3372 Magna
2120 3301 2239 3358 laus
2277 3305 2684 3374 apostolorum,
2716 3322 2838 3362 cum
2880 3308 3003 3363 talia
3052 3310 3183 3381 ipsis
3211 3313 3506 3370 commissa

1884 3391 2027 3457 sint,
2061 3393 2317 3448 nimirum
2357 3395 2521 3450 totius
2558 3397 2706 3452 orbis
2749 3398 2930 3466 salus;
2978 3416 3104 3456 eum
3142 3401 3308 3460 etiam
3337 3405 3503 3462 verba

1883 3485 2083 3556 Spiritu
2112 3487 2271 3558 plena
2309 3497 2492 3543 essent
2526 3508 2538 3542 :
2569 3489 2622 3543 id
2662 3490 2806 3559 quod
2851 3490 3202 3550 subindicans
3243 3495 3500 3563 dicebat,

1884 3573 1989 3629 Per
2030 3577 2286 3646 Spiritum
2325 3588 2599 3644 sanctum;
2641 3579 2692 3635 id
2737 3589 2822 3636 est
2845 3620 2860 3648 ,
2889 3580 3069 3638 Verba
3095 3599 3219 3656 qua:
3244 3585 3503 3658 loquutus

1882 3682 2001 3723 sum
2031 3669 2204 3746 vobis,
2233 3671 2465 3741 Spiritus
2495 3683 2642 3729 sunt.
2675 3673 2790 3730 lloc
2819 3690 2983 3745 porro
3009 3677 3163 3745 dicit,
3196 3688 3256 3735 ut
3283 3683 3499 3738 audito-

1882 3776 1996 3817 rem
2039 3761 2106 3816 ad
2146 3764 2642 3829 concupiscentiam
2688 3765 2865 3823 trahat
2912 3769 3157 3826 discendi
3202 3784 3496 3846 praacepta,

1879 3853 2249 3924 apostolisque
2279 3853 2440 3910 iidem
2471 3857 2726 3913 conciliet
2751 3877 2764 3912 :
2795 3859 3062 3930 siquidem
3089 3877 3153 3919 ea
3173 3905 3191 3931 ,
3223 3879 3346 3935 qua:
3371 3877 3502 3923 sunt

1880 3941 2133 4013 Spiritus,
2166 3945 2440 4017 loquuturi
2489 3957 2650 4018 sunt,
2693 3965 2906 4006 necnon
2955 3967 3226 4026 praecepta
3269 3956 3496 4016 Christi.

1877 4034 2015 4092 Cum
2048 4038 2418 4111 praecepisset,
2457 4039 2649 4112 inquit,
2690 4042 2999 4112 Assumptus
3034 4054 3130 4101 est.
3177 4045 3296 4103 Non
3335 4049 3493 4119 dixit,

1879 4129 2175 4196 Ascendit;
2217 4130 2342 4201 quia
2371 4129 2440 4188 de
2467 4132 2561 4187 illo
2592 4141 2652 4188 ut
2675 4133 2744 4190 de
2774 4133 2995 4192 homine
3023 4137 3198 4195 adhuc
3236 4139 3494 4212 loquitur.

1878 4221 2010 4279 Post
2048 4226 2502 4284 resurrectionem
2540 4244 2759 4302 quoque
2800 4230 3031 4290 fortasse
3069 4235 3364 4308 discipulos
3397 4240 3499 4297 do-

1877 4315 2018 4381 cuit;
2050 4316 2147 4372 sed
2173 4315 2276 4373 hoc
2305 4325 2478 4375 totum
2508 4329 2723 4392 tempus
2747 4337 2910 4379 nemo
2938 4325 3094 4383 nobis
3125 4339 3378 4387 accurate
3403 4347 3497 4388 ex-

1876 4406 2115 4478 plicavit.
2148 4409 2350 4466 Verum
2380 4410 2509 4469 huic
2535 4413 2611 4468 rei
2653 4415 2824 4486 magis
2861 4415 3184 4474 immoratur
3217 4421 3458 4479 Joannes
3478 4465 3493 4490 ,

1875 4514 2038 4571 quam
2065 4502 2248 4558 czeteri
2274 4544 2290 4572 ,
2321 4513 2380 4558 ut
2410 4499 2498 4560 hic
2525 4520 2770 4576 quoque;
2801 4507 2896 4563 sed
2926 4509 3107 4567 nullus
3135 4513 3317 4568 omnia
3345 4514 3497 4571 clare

1876 4593 2149 4649 recensuit
2179 4611 2194 4649 :
2244 4595 2312 4652 ad
2340 4596 2484 4652 aliud
2516 4598 2714 4668 quippe
2745 4598 3096 4657 festinabant.
3146 4602 3277 4660 [lace
3327 4621 3497 4675 porro

1876 4685 2163 4742 didicimus
2194 4704 2293 4760 per
2314 4690 2611 4761 apostolos,
2639 4692 2729 4762 qui
2752 4707 2816 4749 ea
2838 4709 2959 4764 quas
2981 4695 3268 4752 audierant
3289 4699 3493 4755 retule-

1877 4790 2022 4838 runt.
2034 4783 2087 4839 5.
2099 4783 2294 4850 Quibus
2309 4795 2356 4839 et
2378 4786 2596 4856 praebuit
2612 4788 2838 4858 seipsum
2855 4790 3042 4846 vivum.
3061 4789 3340 4864 Loquutus
3365 4803 3494 4852 ante

1873 4876 1942 4932 de
1967 4879 2361 4949 assumptione,
2380 4880 2491 4950 jam
2519 4882 2588 4937 de
2615 4884 3014 4941 resurrectione
3029 4886 3158 4957 agit.
3181 4886 3318 4956 Quia
3341 4889 3489 4944 enim

1874 4968 2106 5038 dixerat,
2128 4971 2438 5044 Assumptus
2467 4985 2577 5041 est,
2613 4991 2684 5032 ne
2721 4985 2941 5047 putares
2971 4979 3124 5035 illum
3152 4979 3220 5036 ab
3246 4981 3366 5037 aliis
3395 4997 3488 5038 as-

1873 5072 2147 5133 sumptum
2175 5065 2366 5134 l'uisse,
2392 5067 2692 5138 subjunxit,
2725 5069 2922 5138 Quibus
2946 5082 2992 5126 et
3021 5072 3238 5144 prtebuit
3265 5078 3488 5146 seipsum

1871 5155 2063 5209 vivum.
2095 5155 2230 5212 Nam
2258 5159 2305 5215 si
2337 5159 2389 5214 in
2413 5161 2608 5233 majori
2639 5178 2700 5218 re
2724 5162 2965 5233 seipsum
2996 5165 3279 5233 exhibuit,
3315 5169 3488 5224 multo

1872 5249 2044 5320 magis
2070 5249 2123 5303 in
2149 5250 2364 5306 minori.

1943 5344 1998 5398 4.
2034 5343 2221 5400 Viden'
2248 5347 2521 5417 quomodo
2543 5350 2850 5406 clanculum
2873 5351 2991 5409 haec
3012 5369 3206 5426 magna
3234 5355 3489 5414 dissemi-

1871 5445 1964 5494 net
1983 5437 2267 5510 dogmata?
2289 5438 2396 5497 Per
2416 5441 2524 5505 dies
2544 5444 2887 5516 quadraginta
2907 5462 3164 5516 apparens
3184 5449 3276 5503 eis.
3299 5449 3488 5522 Neque

1870 5532 2037 5598 enim,
2063 5542 2120 5588 ut
2145 5543 2271 5590 ante
2296 5537 2785 5603 resurrectionem,
2815 5554 3033 5610 semper
3052 5557 3178 5598 cum
3207 5543 3315 5599 illis
3345 5554 3482 5600 erat.

1870 5622 2107 5680 Observa
2130 5635 2309 5683 autem
2333 5644 2438 5683 non
2461 5629 2665 5686 dixisse
2686 5631 2857 5701 illum,
2877 5633 3243 5706 Quadraginta
3269 5635 3482 5703 diebus,

1870 5717 1984 5782 sed,
2018 5718 2123 5775 Per
2149 5720 2258 5775 dies
2284 5723 2650 5794 quadraginta.
2680 5725 3017 5782 Adveniebat
3042 5729 3186 5785 enim
3210 5771 3226 5797 ,
3257 5739 3316 5786 et
3339 5745 3476 5787 avo-

1870 5807 2015 5867 labat
2045 5827 2278 5869 rursum.
2312 5815 2528 5884 Quare?
2559 5819 2786 5877 Animos
2815 5820 3035 5876 illorum
3060 5821 3128 5878 ad
3153 5821 3347 5880 altiora
3377 5829 3480 5885 du-
