4054 6398
555 341 622 396 l9
1260 331 1317 389 S.
1354 329 1631 388 JOANNIS
1666 321 2135 382 CllRYSOSTOMl
2164 318 2480 376 ARCIIIEP.
2512 319 3043 378 CONSTANTINOP.
3777 320 3859 374 20

553 453 706 509 ccbnt
728 494 743 518 ,
787 467 887 507 nec
926 450 1134 505 sinebat
1165 449 1285 504 illos
1316 446 1535 518 perinde
1563 459 1686 513 erga
1723 458 1782 497 se
1810 441 1950 495 affici
1977 449 2136 508 atque

552 553 730 599 antea.
761 543 871 599 Nec
891 543 1006 598 sine
1031 556 1190 597 causa
1221 540 1320 595 hoc
1347 539 1551 608 agebat,
1586 536 1679 590 sed
1707 543 1990 602 utrumque
2020 530 2140 583 dili-

552 644 741 704 genter
786 648 1115 703 prarparans,
1150 641 1206 685 ut
1248 627 1570 684 resurrectio
1609 624 1936 680 crederetur,
1983 631 2037 674 et
2083 627 2142 671 ut

558 726 730 793 major
773 725 888 794 ipse
932 731 1209 793 putaretur
1247 734 1365 774 esse
1388 760 1403 782 ,
1436 732 1595 787 quam
1627 717 1807 768 homo.
1839 710 1998 780 Atqui
2028 710 2143 761 haec

556 826 708 871 erant
743 816 881 870 inter
918 829 979 869 se
1017 812 1304 868 contraria.
1333 809 1404 865 Ut
1431 810 1574 864 enim
1606 804 1926 860 resurrectio
1953 799 2142 855 crede—

559 918 724 970 retur,
753 905 981 959 humana
1008 902 1172 957 multa
1200 901 1313 955 fieri
1344 899 1652 969 oportebat;
1684 906 1742 950 ut
1766 897 1992 949 alterum
2018 904 2146 945 vero

563 999 867 1052 ﬁrmaretur
889 1037 904 1061 ,
933 1012 1038 1050 non
1069 995 1217 1049 item.
1251 995 1501 1047 Attamen
1528 1000 1812 1058 utrumque
1842 994 2146 1056 opportuno

562 1099 802 1157 tempore
843 1086 1038 1141 factum
1074 1095 1172 1140 est.
1225 1084 1336 1139 Cur
1380 1093 1556 1136 autem
1600 1097 1705 1135 non
1746 1079 2013 1141 omnibus,
2051 1074 2146 1130 sed

559 1179 818 1250 apostolis
846 1188 1047 1233 tantum
1077 1177 1355 1247 apparuit?
1383 1175 1516 1250 Quia
1545 1173 1723 1227 multis
1751 1171 1800 1225 id
1830 1169 2145 1239 phantasma

564 1271 734 1324 visum
762 1269 966 1333 fuisset,
989 1269 1082 1339 qui
1108 1282 1362 1322 arcanum
1386 1264 1625 1335 mysterii
1649 1277 1758 1316 non
1783 1266 2064 1315 noverant.
2090 1255 2147 1311 Si

561 1360 707 1415 enim
741 1359 838 1430 ipsi
871 1356 1117 1426 discipuli
1146 1372 1251 1410 non
1280 1355 1570 1409 credebant
1595 1351 1744 1405 initio
1773 1359 1829 1404 et
1859 1349 2149 1403 turbaban-

563 1463 670 1519 tur,
700 1460 946 1520 tactnque
982 1464 1168 1503 manus
1208 1463 1342 1516 opus
1385 1446 1669 1508 habebant,
1711 1457 1918 1497 necnon
1961 1455 2146 1495 mensa

560 1540 848 1606 communi,
871 1539 1137 1608 quomodo
1165 1538 1349 1607 vulgus
1378 1536 1628 1590 affectum
1657 1533 1879 1588 fuisset?
1906 1533 2150 1600 Quapro-

567 1642 683 1703 pter
711 1648 777 1687 ex
809 1630 1077 1685 miraculis
1099 1628 1449 1683 indubitatam
1469 1625 1643 1681 reddit
1665 1621 2148 1686 resurrectionem;

567 1727 638 1779 ita
673 1733 728 1778 ut
754 1741 857 1777 non
890 1723 994 1777 illis
1016 1731 1216 1776 tantum
1246 1732 1369 1775 tunc
1400 1719 1656 1789 temporis
1683 1715 2024 1780 hominibus,
2056 1716 2152 1769 sed

567 1815 814 1867 onmibus
858 1821 1037 1880 postea
1077 1821 1222 1864 certa
1270 1810 1406 1864 foret
1451 1809 1793 1863 resurrectio.
1825 1804 1978 1872 Quod
2008 1805 2151 1858 enim

568 1906 620 1959 in
658 1904 763 1958 illis
803 1903 1093 1958 effecerunt
1129 1909 1416 1972 conspecta
1462 1901 1634 1970 signa,
1682 1899 1784 1954 hoc
1832 1898 1884 1952 in
1926 1896 2155 1966 posteris

570 2000 818 2053 omnibus
843 2013 937 2066 per
969 1998 1127 2050 tidem
1158 1996 1394 2049 futurum
1425 2004 1559 2048 erat.
1591 1992 1716 2046 ldeo
1747 1991 1871 2044 hinc
1901 1989 2153 2044 incredu-

571 2093 653 2146 los
697 2089 1021 2161 argumentis
1073 2087 1396 2157 itnpetimus.
1449 2085 1506 2141 Si
1555 2100 1662 2138 non
1705 2082 2017 2146 resurrexit,
2059 2079 2156 2134 sed

575 2192 816 2237 mortuus
845 2188 1044 2246 manet,
1074 2179 1345 2249 quomodo
1373 2178 1424 2231 in
1451 2176 1666 2231 nomine
1690 2175 1805 2243 ejus
1825 2171 2052 2243 apostoli
2080 2172 2156 2226 si-

574 2289 674 2343 gna
696 2272 971 2327 fecerunt?
998 2273 1067 2325 At
1089 2285 1193 2324 non
1217 2269 1394 2324 fecere
1416 2265 1709 2322 miracula?
1735 2263 2159 2334 Quomodoergo

574 2378 704 2434 gens
749 2371 928 2418 nostra
963 2361 1235 2416 constitit?
1278 2360 1392 2414 Non
1431 2358 1574 2414 enim
1610 2358 1736 2413 huic
1773 2357 1984 2411 veritati
2011 2357 2156 2410 obsi-

577 2463 721 2508 stent
760 2469 932 2520 neque
975 2451 1283 2521 pugnabunt
1323 2460 1504 2504 contra
1537 2465 1622 2513 ea,
1655 2463 1773 2518 qua:
1803 2447 1902 2502 sub
1929 2462 2158 2516 conspe-

579 2553 720 2598 ctum
746 2542 961 2596 eadunt.
995 2541 1175 2611 Itaque
1203 2541 1418 2610 quando
1446 2540 1626 2593 dicunt
1653 2580 1668 2605 ,
1698 2555 1804 2592 non
1837 2541 1968 2592 facta
1999 2537 2164 2593 fuisse

582 2635 868 2698 miracula,
920 2642 1047 2686 tunc
1090 2631 1258 2701 magis
1299 2645 1419 2686 sese
1463 2629 1813 2684 confundunt.
1866 2629 1979 2684 lloc
2020 2630 2162 2684 enim

584 2727 869 2780 maximum
916 2733 1056 2778 esset
1099 2724 1434 2787 miraculum,
1475 2723 1520 2776 si
1560 2723 1675 2775 sine
1713 2721 1982 2776 miraculis
2023 2729 2164 2775 tatus

583 2820 727 2873 orbis
752 2817 1091 2882 accurrisset,
1123 2833 1149 2868 a
1177 2817 1456 2869 duodecim
1483 2815 1801 2884 pauperibus
1822 2822 1876 2868 et
1899 2813 2164 2868 illiteratis

586 2911 891 2964 hominibus
917 2917 1121 2978 captus.
1150 2907 1332 2978 Neque
1359 2909 1499 2961 enim
1530 2906 1766 2976 pecuniis
1790 2946 1805 2967 .
1838 2921 1944 2959 non
1975 2904 2167 2959 verbo-

589 3019 704 3057 rum
732 3001 989 3072 sapientia
1011 3043 1023 3064 ,
1066 3016 1171 3054 non
1198 3002 1305 3055 alio
1333 3000 1491 3054 simili
1523 3000 1682 3054 modo
1702 2999 1993 3068 piscatores
2023 2999 2167 3052 vice-

588 3103 743 3157 runt;
793 3103 847 3147 ut
882 3093 966 3146 vel
1006 3092 1155 3146 inviti
1185 3095 1540 3146 confiteantur
1573 3091 1806 3145 divinam
1836 3092 1887 3144 iu
1923 3091 2026 3144 illis
2051 3105 2170 3145 esse

591 3184 838 3237 virtutem
865 3199 878 3237 :
912 3198 1086 3251 neque
1117 3183 1260 3236 enim
1305 3183 1549 3236 humana:
1581 3181 1722 3236 vires
1754 3182 1877 3235 talia
1919 3195 2168 3250 umquam

590 3275 770 3329 facere
796 3274 1081 3343 potuerint.
1110 3272 1236 3326 Ideo
1263 3272 1352 3327 ille
1376 3271 1722 3342 quadraginta
1761 3270 1949 3326 diebus
1978 3271 2172 3326 mansit

593 3375 713 3435 post
741 3364 1222 3428 resurrectionem;
1251 3371 1359 3417 tam
1387 3363 1544 3431 longo
1581 3371 1900 3430 conspectus
1930 3361 2010 3416 sui
2045 3375 2170 3432 Spa-

596 3456 670 3509 tio
696 3456 770 3509 rei
801 3454 1074 3508 veritatem
1104 3452 1462 3522 comprobans
1487 3492 1502 3518 ,
1535 3467 1601 3505 ne
1630 3451 1682 3505 id
1707 3451 1848 3522 quod
1877 3449 2170 3517 videbatur,

595 3547 906 3618 phantasma
933 3560 1054 3600 esse
1085 3551 1350 3614 putarent.
1380 3542 1565 3612 Neque
1592 3542 1676 3596 his
1700 3549 2003 3604 contentus,
2024 3557 2174 3595 meno

593 3656 708 3695 sam
739 3639 898 3693 etiam
928 3636 1162 3703 addidit,
1193 3636 1242 3690 id
1274 3635 1414 3706 quod
1441 3635 1599 3691 etiam
1637 3645 1818 3706 postea
1846 3633 1994 3690 dicit.
2023 3636 2075 3690 4.
2107 3635 2175 3689 Et

596 3746 890 3786 conuescens
917 3745 1031 3782 cum
1056 3728 1178 3782 illis.
1221 3727 1333 3782 Hoc
1368 3737 1546 3782 autem
1581 3728 1678 3797 ipsi
1710 3727 1935 3797 apostoli
1963 3742 2178 3796 semper

598 3824 651 3878 in
689 3820 1095 3877 resurrectionis
1130 3826 1501 3890 argumentum
1542 3826 1882 3888 sumpserunt
1915 3817 2173 3886 dicentes,

602 3916 704 3982 Qui
743 3913 1156 3966 manducavimus
1184 3921 1230 3966 et
1259 3910 1472 3963 bibimus
1497 3925 1611 3964 cum
1633 3909 1723 3962 illo
1753 3908 1774 3980 (
1796 3909 1905 3962 Act.
1934 3909 2020 3974 i0,
2043 3910 2106 3964 41
2132 3913 2176 3979 ).

599 4005 736 4073 Quid
777 4015 954 4059 autem
985 4016 1249 4072 apparens
1276 4000 1494 4064 fecerit,
1525 4015 1620 4069 per
1643 4000 1918 4069 sequentia
1945 4000 2182 4054 ostendit

600 4099 783 4151 dicens
811 4113 824 4149 :
855 4097 1118 4164 Apporens
1143 4092 1266 4158 illis,
1298 4102 1342 4145 et
1365 4093 1570 4160 loquens
1600 4091 1662 4143 de
1682 4107 1838 4160 regno
1865 4088 1962 4143 Dei
1979 4091 2016 4142 ί.
2046 4090 2182 4158 Quia

603 4203 730 4242 vero
754 4186 944 4253 dejecti
974 4185 1166 4238 animis
1193 4192 1365 4248 erant,
1387 4191 1443 4237 et
1471 4182 1663 4236 turbati
1691 4182 1760 4237 ob
1788 4196 1871 4246 ea,
1899 4197 2018 4251 quae
2043 4180 2180 4236 faela

603 4276 814 4330 fuerant
835 4314 850 4339 ,
884 4283 1042 4344 atque
1066 4273 1132 4327 ad
1163 4287 1350 4342 magna
1377 4272 1630 4340 deinceps
1658 4271 1849 4326 exituri
1881 4280 2033 4326 erant
2056 4287 2180 4327 cer-

605 4368 800 4422 tamina
825 4407 839 4430 ,
881 4381 1127 4421 sermone
1160 4366 1301 4420 circa
1331 4365 1503 4419 futura
1531 4363 1713 4418 habito
1743 4378 1993 4419 recreans
2022 4363 2145 4419 illos
2165 4403 2180 4428 ,

605 4458 854 4526 Prwcepit
877 4456 939 4510 ab
957 4453 1292 4525 lerosolymis
1311 4471 1372 4507 ne
1389 4454 1716 4516 discederent,
1735 4453 1822 4510 sed
1843 4461 2184 4523 exspectarent

606 4548 983 4618 promissionem
1024 4543 1218 4599 Putris.
1259 4543 1439 4598 Primo
1488 4543 1540 4597 in
1582 4542 1853 4597 Galilaeam
1892 4541 2186 4597 deduxerat

605 4655 699 4694 eos
723 4637 896 4691 adhuc
914 4636 1266 4691 formidantes
1290 4647 1340 4689 et
1370 4643 1678 4697 trementes,
1706 4642 1765 4687 ut
1788 4647 1910 4687 cum
1941 4632 2185 4688 libertate

605 4730 744 4784 dicta
777 4727 1037 4782 audirent.
1072 4726 1270 4781 Deinde
1296 4741 1417 4781 cum
1444 4725 1735 4787 audissent.
1782 4733 1835 4780 et
1877 4725 1930 4780 in
1967 4724 2051 4779 his
2091 4741 2186 4794 per

607 4818 954 4890 quadraginta
985 4817 1099 4872 dies
1128 4823 1310 4871 essent
1337 4818 1550 4881 versati,
1576 4815 1827 4884 Prcecepit
1851 4817 1922 4868 eis
1948 4816 2011 4869 ab
2038 4815 2186 4870 Jero-

605 4910 815 4981 solymis
839 4926 900 4962 ne
919 4909 1244 4963 discederent.
1276 4907 1483 4975 Quare?
1512 4907 1657 4962 Sicut
1685 4908 1880 4960 milites
1902 4908 1955 4960 in
1978 4907 2186 4975 agmina

609 5006 904 5072 irrupturos
945 5017 1102 5057 nemo
1148 5002 1272 5056 sinit
1317 5001 1485 5065 exire,
1526 4999 1699 5054 donec
1732 4997 1922 5052 armati
1967 4997 2182 5064 fuerint,

610 5108 784 5163 neque
814 5108 980 5162 equos
1010 5107 1076 5146 ex
1104 5107 1320 5147 carcere
1347 5092 1583 5154 exsilire,
1615 5090 1921 5160 priusquam
1951 5089 2188 5158 aurigam

610 5189 748 5241 nacti
790 5188 932 5241 sint:
962 5187 1040 5240 sic
1083 5201 1254 5255 neque
1297 5186 1414 5240 illos
1454 5195 1578 5239 ante
1618 5185 1905 5238 adventum
1955 5181 2189 5250 Spiritus

611 5278 781 5333 sancti
809 5278 860 5331 in
887 5278 999 5332 acie
1029 5292 1341 5346 comparere
1370 5277 1642 5345 permisit,
1678 5290 1743 5328 ne
1772 5273 1931 5328 facile
1951 5287 1980 5326 a
2008 5271 2189 5327 multis

612 5380 960 5441 caperentur.
986 5370 1170 5439 Neque
1200 5377 1481 5439 prepterea
1511 5377 1734 5433 tantum,
1765 5367 1858 5421 sed
1886 5366 2009 5435 quia
2036 5365 2188 5419 multi

613 5471 770 5519 erant
813 5462 920 5516 illic
959 5462 1234 5516 credituri.
1267 5460 1347 5514 Ad
1377 5459 1491 5513 haec
1517 5474 1673 5522 vero,
1703 5474 1770 5513 ne
1796 5456 2011 5528 quidam
2039 5456 2188 5511 dice-

614 5567 733 5614 rent
759 5557 922 5627 ipsos,
953 5554 1128 5609 missis
1153 5554 1293 5608 notis
1319 5565 1372 5608 et
1400 5553 1786 5609 contribulibus
1823 5553 1936 5607 suis
1956 5592 1969 5616 ,
1998 5550 2065 5606 ad
2091 5566 2190 5606 ex-

679 5709 696 5740 '
730 5707 865 5756 Alius
896 5707 1019 5770 legit
1036 5719 1071 5770 _:
1114 5704 1235 5770 Quid
1256 5710 1417 5770 autem
1439 5702 1605 5764 fecerit
1629 5717 1714 5764 per
1737 5702 2062 5770 quadraginta
2083 5701 2187 5754 dies

615 5779 854 5832 apparens
882 5765 1006 5822 eis'?
1028 5765 1305 5834 loquebatur
1329 5765 1391 5816 de
1413 5778 1556 5830 regno
1580 5774 1686 5816 Da.

2243 447 2461 492 traneos
2505 440 2879 495 ostentationis
2922 454 3082 494 causa
3129 439 3419 510 migrasse;
3463 439 3667 495 idcirco
3705 441 3857 509 apud

2248 546 2343 586 cos
2373 532 2517 600 ipsos
2576 531 2666 600 qui
2697 531 2882 586 Jesum
2919 532 3273 599 occiderant,
3304 533 3453 603 signa
3485 535 3731 602 prazbent
3759 549 3856 587 re-

2247 621 2614 687 surrectionis,
2639 622 2779 691 apud
2808 638 2923 688 eos,
2949 623 3187 693 inquam,
3217 624 3306 694 qui
3329 626 3731 691 crucitixerant,
3755 625 3858 693 qui

2250 713 2569 780 sepelierunt
2596 753 2612 780 ,
2645 713 2698 766 in
2731 713 2841 782 ipsa
2866 713 3000 768 urbe
3030 714 3117 768 ubi
3147 713 3354 769 facinus
3396 716 3616 784 impium
3661 723 3861 784 patra-

2255 814 2364 859 tum
2399 804 2601 871 fuerat;
2637 806 2705 860 ita
2738 817 2796 859 ut
2830 807 3071 862 extranei
3100 822 3290 862 omnes
3318 807 3442 862 hinc
3469 810 3860 864 obmutescere

2251 905 2590 965 cogerentur.
2620 895 2754 951 Cum
2779 898 2922 952 enim
2949 898 3002 963 ii,
3028 899 3116 967 qui
3144 897 3538 962 cruciﬁxerant,
3565 898 3707 953 inter
3731 914 3864 952 cre-

2253 988 2444 1044 dentes
2476 998 2878 1057 comparerent;
2913 989 3038 1043 hinc
3065 998 3213 1044 certe
3241 998 3296 1044 et
3321 989 3497 1044 cruris
3522 998 3576 1044 et
3607 999 3714 1044 tam
3748 988 3864 1043 ini-

2253 1079 2342 1147 qui
2371 1077 2624 1134 facinoris
2653 1089 2858 1134 certum
2891 1079 3143 1134 iudicium
3163 1121 3180 1146 ,
3208 1088 3263 1134 et
3288 1079 3699 1134 resurrectionis
3731 1095 3863 1134 ma-

2252 1185 2413 1239 gnum
2444 1167 2741 1223 ducebatur
2775 1180 3167 1239 argumentum.
3222 1170 3427 1226 Deinde
3466 1185 3534 1225 ne
3579 1170 3857 1235 dicerent,

2252 1261 2533 1328 Quomodo
2569 1275 2698 1331 ergo
2726 1263 3022 1331 poterimus
3049 1262 3189 1317 inter
3219 1271 3327 1316 tam
3364 1263 3562 1321 multos
3600 1261 3862 1316 homines

2252 1355 2486 1410 nefarios
2513 1363 2567 1409 et
2594 1353 2890 1409 homicidas
2915 1354 3134 1424 degere,
3169 1368 3268 1408 nos
3289 1355 3377 1424 qui
3412 1355 3482 1409 ita
3511 1355 3665 1424 pauci
3692 1363 3750 1408 et
3777 1355 3866 1408 vi-

2253 1447 2332 1503 les
2357 1447 2577 1502 sumus?
2609 1447 2731 1502 vide
2769 1447 3038 1516 quomodo
3081 1446 3220 1502 hanc
3257 1447 3558 1517 angustiam
3600 1446 3868 1516 expediat

2254 1547 2309 1594 et
2341 1525 2515 1593 solvat
2559 1537 2747 1593 dicens
2775 1555 2789 1590 :
2818 1537 2925 1592 Sed
2949 1549 3296 1608 exspectarent
3321 1539 3705 1612 promissionem
3741 1538 3860 1594 Pa-

2258 1631 2368 1696 tris,
2399 1645 2553 1700 quam
2583 1629 2798 1684 audistis
2824 1646 2858 1687 a
2880 1645 2977 1683 me.
3008 1629 3077 1684 Et
3099 1631 3465 1700 quandonam,
3495 1630 3725 1700 inquies,
3752 1645 3862 1684 au-

2258 1723 2508 1777 dierunt?
2534 1722 2666 1780 Cum
2698 1724 2901 1781 diceret
2929 1742 2943 1777 :
2967 1723 3192 1793 Expedit
3231 1726 3370 1780 vobis
3417 1735 3469 1778 ut
3511 1741 3602 1795 ego
3642 1725 3857 1779 vadum.

2259 1811 2320 1866 Si
2370 1815 2504 1866 enim
2557 1831 2658 1867 non
2703 1815 2910 1879 abiero,
2961 1813 3260 1870 Pararletus
3306 1831 3407 1868 non
3454 1815 3611 1868 veniet
3660 1816 3727 1868 ad
3771 1831 3867 1870 vos

2259 1899 2458 1972 (Joan.
2496 1902 2584 1957 16.
2626 1903 2727 1972 7);
2772 1912 2827 1958 et
2869 1919 3080 1958 rursum
3103 1945 3115 1966 .
3152 1903 3264 1976 Ego
3295 1905 3482 1975 rogabo
3515 1903 3763 1969 Patrem,
3807 1913 3863 1958 et

2261 1991 2419 2044 alium
2468 1989 2790 2046 Paracletum
2835 1995 2995 2048 mittet
3038 1994 3172 2047 vobis
3197 2035 3210 2060 ,
3255 2004 3311 2048 ut
3358 2004 3557 2048 maneat
3599 1994 3864 2050 vobiscum

2263 2083 2390 2155 (Id.
2419 2085 2506 2140 tt.
2540 2084 2672 2156 l6).

2333 2180 2386 2235 5.
2439 2179 2503 2233 Et
2543 2193 2640 2233 cur
2667 2193 2775 2234 non
2815 2179 3028 2235 Christo
3076 2190 3374 2249 praesente,
3415 2181 3498 2236 vel
3527 2196 3633 2236 non
3675 2183 3865 2238 statim

2261 2279 2384 2341 post
2428 2271 2544 2338 ejus
2587 2269 2919 2337 discessum,
2950 2269 3165 2326 advenit
3191 2269 3444 2340 Spiritus,
3487 2272 3580 2328 sed
3609 2273 3869 2329 Christus

2262 2361 2665 2432 quadragesima
2687 2361 2774 2417 die
2797 2362 3060 2426 ascendit,
3092 2361 3324 2431 Spiritus
3349 2377 3476 2417 vero
3496 2363 3714 2418 advenit
3734 2379 3866 2418 cum

2265 2455 2627 2523 compieretur
2648 2455 2764 2508 dies
2792 2454 3178 2509 Pentecostes?
3217 2455 3315 2521 Ac,
3335 2455 3380 2511 si
3417 2454 3652 2510 nondum
3697 2456 3870 2512 δεινὼ

2267 2555 2420 2600 uerat
2454 2545 2561 2612 ille,
2601 2545 2870 2614 quomodo
2898 2545 3142 2600 Christus
3161 2545 3373 2600 dicebat
3395 2561 3411 2599 :
3437 2547 3664 2613 Accipite
3685 2547 3868 2617 Spiri-

2269 2647 2374 2690 tum
2402 2647 2632 2691 sanctum
2662 2638 2681 2708 (
2711 2637 2797 2691 Id.
2827 2639 2915 2693 20.
2943 2639 3014 2693 22
3039 2637 3099 2707 )?
3127 2638 3193 2693 Ut
3230 2639 3352 2693 illos
3393 2655 3620 2709 capaces
3664 2640 3868 2696 redde-

2269 2738 2354 2784 ret
2366 2740 2524 2800 atque
2541 2731 2763 2785 idoneos
2781 2730 3092 2800 accipiendo
3109 2731 3352 2800 Spiritui.
3373 2731 3428 2787 Si
3447 2733 3589 2786 enim
3611 2734 3868 2803 angelum

2269 2822 2480 2876 visurus
2529 2821 2747 2887 Daniel,
2798 2822 3187 2876 dissolvebatur
3233 2823 3392 2890 (Dan.
3438 2823 3491 2878 8.
3536 2822 3661 2892 l7),
3695 2825 3871 2879 multo

2271 2914 2441 2982 magis
2472 2913 2525 2967 hi
2557 2913 2608 2968 id
2635 2914 2842 2982 passuri
2872 2923 3046 2978 erant,
3079 2922 3280 2968 tantam
3303 2916 3571 2985 accepturi
3607 2919 3866 2986 gratiam.

2273 3003 2372 3058 Vel
2394 3003 2494 3057 hoc
2521 3004 2804 3058 dicendum
2831 3014 2950 3070 est,
2976 3006 3061 3059 vel
3088 3006 3230 3075 quod
3261 3022 3374 3061 rem
3410 3007 3641 3061 futuram
3674 3017 3732 3062 ut
3753 3008 3870 3076 jam

2274 3093 2466 3149 factam
2499 3094 2740 3161 diceret;
2777 3105 2833 3149 ut
2871 3111 2990 3150 cum
3034 3096 3106 3150 ait
3135 3114 3146 3148 :
3177 3095 3380 3150 Calcate
3417 3113 3573 3167 supra
3609 3107 3872 3166 serpentes

2275 3197 2321 3239 et
2362 3187 2654 3255 scorpiones
2676 3227 2691 3252 ,
2736 3196 2782 3239 et
2811 3203 2967 3258 supra
3005 3203 3204 3240 omnem
3243 3190 3471 3242 virtutem
3499 3188 3691 3242 inimici
3713 3186 3872 3256 (Luc.

2275 3277 2365 3332 10.
2397 3278 2507 3348 l9).
2541 3278 2646 3332 Cur
2674 3287 2853 3332 autem
2903 3293 3009 3332 non
3050 3286 3176 3332 tunc
3201 3279 3380 3332 statim
3407 3279 3662 3335 advenit?
3689 3277 3873 3349 Opor-

2277 3370 2422 3426 lebat
2442 3386 2535 3425 eos
2563 3372 2640 3425 rei
2669 3369 2938 3425 desiderio
2969 3370 3162 3437 teneri,
3187 3379 3349 3439 atque
3377 3371 3445 3425 ita
3470 3371 3696 3440 gratiam
3727 3371 3876 3426 acci-

2278 3475 2426 3530 pere.
2457 3460 2582 3514 ldeo
2617 3471 2894 3530 postquam
2938 3459 3032 3514 ille
3059 3459 3410 3525 discesserat,
3441 3459 3673 3528 Spiritus
3699 3459 3876 3515 adve-

2278 3555 2376 3610 nit.
2416 3553 2472 3609 Si
2499 3554 2591 3608 illo
2619 3562 2883 3622 prmsente
2909 3552 3178 3617 venisset,
3205 3565 3312 3606 non
3338 3551 3390 3606 in
3420 3560 3565 3606 tanta
3591 3561 3878 3620 exspecta-

2281 3644 2428 3698 tione
2456 3642 2702 3697 fuissent.
2734 3641 2937 3696 ldcirco
2957 3655 3135 3710 neque
3156 3641 3336 3694 statim
3355 3649 3476 3710 post
3495 3640 3873 3695 ascensionem

2281 3735 2398 3804 ejus
2428 3732 2676 3796 advenit,
2706 3730 2802 3786 sed
2849 3739 2970 3801 post
3007 3740 3131 3786 octo
3158 3730 3244 3786 vel
3274 3745 3471 3786 novem
3517 3729 3653 3786 dies.
3700 3731 3777 3785 lta
3817 3741 3878 3787 et

2282 3843 2382 3883 nos
2421 3836 2531 3881 tum
2575 3825 2809 3881 maxime
2834 3825 3131 3880 excitamur
3157 3838 3282 3893 erga
3309 3824 3502 3890 Deum,
3539 3838 3660 3878 cum
3693 3823 3748 3878 in
3777 3839 3878 3879 ne-

2282 3918 2534 3974 cessitate
2577 3915 2859 3971 constituti
2914 3929 3120 3969 sumus.
3174 3914 3407 3984 Ideoque
3453 3913 3691 3969 Joannes
3743 3923 3878 3970 tunc

2284 4008 2446 4063 mittit
2472 4006 2761 4074 discipulos
2786 4019 2912 4059 suos
2947 4004 3012 4058 ad
3053 4003 3345 4070 Christum,
3377 4003 3592 4074 quando
3617 4005 3710 4058 illo
3734 4019 3878 4074 opus

2286 4099 2520 4155 habituri
2539 4105 2713 4162 erant,
2733 4095 2937 4151 Joanne
2955 4095 3006 4150 in
3023 4109 3240 4151 carcere
3259 4095 3503 4166 degente.
3522 4093 3771 4165 Alioquin
3790 4111 3879 4151 ve-

2285 4206 2349 4246 ro
2369 4189 2648 4261 oportebat
2679 4189 2733 4243 in
2763 4187 2894 4250 caelo
2922 4201 3235 4255 comparere
3264 4195 3507 4240 naturam
3529 4193 3794 4250 nostram,
3819 4194 3879 4240 et

2286 4268 2575 4353 perfectam
2604 4279 3093 4336 reconciliationem
3124 4277 3237 4332 fieri
3256 4319 3271 4344 ,
3304 4291 3369 4331 ac
3400 4286 3509 4331 tum
3537 4276 3723 4331 venire
3749 4275 3880 4345 Spi-

2287 4378 2448 4432 ritum
2474 4416 2489 4440 ,
2517 4388 2814 4445 puramque
2842 4371 3040 4441 percipi
3067 4369 3415 4438 voluptatem.
3447 4367 3576 4426 Nam
3606 4368 3651 4423 si
3674 4367 3880 4437 Spiritu

2288 4475 2574 4539 praesente,
2603 4465 2862 4519 Dominus
2890 4462 3130 4526 abiisset,
3159 4460 3246 4515 ille
3273 4475 3404 4514 vero
3431 4458 3736 4525 mansisset,
3767 4471 3879 4512 non

2290 4568 2436 4614 tanta
2460 4557 2647 4612 fuisset
2671 4553 2967 4611 consolatio
2991 4569 3006 4618 ;
3036 4551 3251 4608 Christo
3276 4551 3419 4606 enim
3448 4548 3734 4605 admodum
3766 4548 3882 4604 ha:-

2288 4659 2474 4707 rentes
2492 4690 2507 4715 ,
2539 4649 2608 4704 ab
2635 4648 2724 4703 illo
2753 4661 2895 4718 aegre
2923 4644 3114 4700 divulsi
3142 4643 3388 4725 fuissent.
3421 4642 3570 4700 Unde
3594 4651 3650 4698 et
3681 4655 3883 4697 conso-

2290 4745 2407 4799 lans
2436 4743 2557 4798 illos
2581 4739 2794 4796 dicebat
2822 4757 2836 4793 :
2864 4737 3087 4809 Expedit
3123 4737 3259 4791 vobis
3290 4748 3345 4790 ut
3367 4752 3458 4807 ego
3486 4736 3668 4790 vadam
3689 4731 3878 4802 (Joan.

2292 4835 2380 4891 16.
2426 4835 2506 4904 7).
2557 4832 2681 4887 ldeo
2739 4828 3048 4884 missionem
3092 4827 3322 4897 Spiritus
3369 4841 3467 4896 per
3510 4825 3714 4894 aliquot
3761 4824 3883 4880 dies

2292 4926 2492 4992 diﬂ‘ert,
2521 4936 2580 4979 ut
2601 4921 2925 4992 aliquamdiu
2952 4918 3127 4975 mtesti
3148 4959 3164 4986 ,
3192 4926 3275 4984 et,
3304 4926 3363 4972 ut
3391 4916 3531 4980 dixi,
3564 4917 3616 4971 in
3645 4915 3885 4971 necessi-

2294 5028 2403 5073 tate
2447 5013 2745 5080 constituti,
2786 5013 2944 5083 plena
2987 5020 3041 5065 et
3082 5025 3211 5080 pura
3256 5009 3560 5063 fruerentur
3582 5006 3880 5075 voluptate.

2293 5109 2349 5166 Si
2377 5121 2504 5163 vero
2529 5106 2705 5160 minor
2739 5109 2883 5158 esset
2921 5099 3060 5155 Filio
3084 5098 3336 5170 Spiritus,
3368 5113 3474 5152 non
3505 5096 3693 5152 fuisset
3722 5095 3884 5151 sufﬁ-

2295 5198 2440 5253 ciens
2483 5193 2780 5250 consolatio
2816 5189 3128 5260 :quomodo
3167 5191 3310 5244 enim
3352 5187 3610 5251 dixisset,
3659 5185 3886 5255 Expedit

2296 5287 2467 5342 vobis?
2498 5285 2622 5340 ldeo
2645 5283 2817 5351 major
2843 5281 2915 5335 illi
2941 5279 3184 5335 doctrina
3211 5287 3481 5334 reservata
3507 5285 3610 5341 est,
3636 5291 3702 5329 ne
3731 5275 3883 5330 illum

2298 5381 2559 5434 minorem
2604 5381 2871 5444 putarent.
2915 5370 3235 5426 Consideres
3275 5368 3430 5423 velim
3478 5377 3733 5437 quantam
3774 5367 3884 5422 illis

2298 5470 2672 5525 necessitatem
2705 5464 3020 5533 imposuerit
3062 5459 3311 5516 manendi
3354 5459 3723 5529 .lcrosolymis,
3757 5472 3880 5511 cum

2299 5563 2636 5635 promisisset
2659 5573 2718 5613 se
2750 5557 2857 5612 illic
2883 5556 3139 5626 Spiritum
3185 5553 3532 5624 praebiturum
3578 5564 3717 5606 esse.
3750 5549 3884 5603 Nam

2300 5674 2367 5713 ne
2407 5669 2620 5710 rursum
2661 5659 2781 5722 post
2825 5647 3244 5717 assumptionem
3277 5645 3442 5716 ipsius
3484 5643 3749 5712 fugerent,
3783 5639 3884 5693 hac

2299 5745 2698 5820 exspectatione
2722 5785 2737 5810 ,
2766 5758 2865 5799 ceu
2893 5740 3103 5796 vinculo
3126 5780 3140 5807 ,
3183 5740 3304 5796 illos
3338 5751 3522 5793 omnes
3551 5734 3621 5790 ibi
3665 5731 3879 5788 retinet.
