4054 6456
175 387 245 441 ιν
695 353 706 358 ’
1186 384 1254 442 IN
1292 383 1477 442 ACTA
1512 377 1793 439 APOSTO‘.

1898 375 2037 434 RUM
2076 374 2321 432 HOMIL.
2363 375 2406 431 ι.
3413 362 3488 417 20

173 514 285 566 πιρ
315 496 418 554 καὶ
448 494 783 569 ιμπροσθεν.
809 493 924 566 Οὐχ
946 494 1135 562 ἀπλῶς
1158 499 1215 552 δὲ
1240 499 1401 554 τοῦτο
1433 497 1630 561 ἐποίει,
1657 497 1774 551 ἀλλ’

177 581 418 655 ἐκάτερα
451 581 593 654 μετά
622 579 911 650 ἀκριϐείας
961 583 1416 648 κατασκευάζων,
1460 582 1558 637 καὶ
1593 581 1656 635 τὸ
1685 597 1777 634 πι-

176 665 475 734 στευθῆναι
502 662 607 735 τὴν
645 663 966 727 ἀνάστασιν,
1002 666 1095 717 καὶ
1129 665 1190 719 τὸ
1232 666 1463 737 μείζονα
1493 665 1662 720 αὐτὸν
1686 681 1777 718 νο-

178 747 447 821 μισθῆναι
479 744 670 800 λοιπὸν
706 745 741 816 ἡ
769 745 914 800 κατά
962 746 1273 820 ἄνθρωπον.
1316 750 1580 818 Καίτοιγε
1606 748 1782 803 ταῦτα

174 831 397 886 ἐναντία
410 825 500 902 ἦν.
535 827 708 899 ’Υπὲρ
738 829 837 900 μὶν
863 829 973 900 7&9
999 829 1097 884 τοῦ
1132 831 1494 903 πιστευθῆναι
1514 832 1616 902 τὴν
1641 831 1781 886 ἀνά-

173 930 371 969 στασιν
403 910 576 966 πολλά
629 923 658 953 ι
707 910 1029 983 ἀνθρώπινα
1076 912 1184 968 εδει
1225 914 1510 984 γενέσθαι·
1557 913 1699 987 ὐπέρ
1723 913 1783 968 δὲ

173 996 437 1066 θατέρου,
492 993 829 1049 τούναντίον.
885 994 1028 1049 ’Δλλ⁹
1056 996 1209 1067 δμως
1260 997 1550 1068 ἀμφότερα
1588 997 1782 1066 γέγονε

175 1081 322 1152 μετά
347 1077 445 1133 τοῦ
485 1079 866 1150 προσήκοντος
897 1078 1118 1152 καιροῦ.
1159 1081 1320 1146 Τίνος
1348 1080 1406 1135 δέ
1444 1080 1632 1134 ἐνεκεν
1661 1079 1785 1150 οὐχί

173 1166 371 1228 πᾶσιν,
393 1161 530 1217 ἀλλά
554 1164 670 1226 τοῖς
689 1160 1012 1226 ἀποστόλοις
1037 1163 1244 1233 ιφάνη;
1278 1165 1404 1218 ὀτι
1429 1163 1728 1234 φάντασμα
1753 1163 1782 1203 δ

171 1246 243 1300 ἀν
274 1245 458 1310 έδοξεν
501 1238 645 1298 εἶναι
676 1246 790 1308 τοῖς
823 1243 1058 1310 πολλοῖς,
1094 1246 1196 1300 οὐκ
1234 1247 1403 1301 εἰδόσι
1435 1247 1499 1301 τὸ
1533 1247 1784 1318 ἀπόρρη-

169 1346 265 1383 τον
292 1327 390 1383 τοῦ
419 1327 742 1400 μυστηρίου.
771 1326 835 1382 Εἰ
863 1329 974 1401 γὰρ
993 1329 1090 1384 καὶ
1103 1332 1259 1386 αὐτοὶ
1281 1332 1331 1384 οἰ
1355 1331 1596 1402 μαθηταί
1619 1331 1781 1401 ἡπίσ-

169 1429 302 1467 τουν
327 1413 428 1482 τὴν
450 1411 626 1483 ἀρχὴν
663 1413 758 1465 καὶ
790 1411 872 1485 [7]
902 1411 1277 1483 ἐθορυϐοῦντο,
1311 1415 1408 1470 καὶ
1434 1415 1587 1486 ἁφῆς
1619 1414 1776 1484 ἐδεή-

175 1495 356 1566 θησαν
379 1495 478 1564 τῆς
531 1494 620 1548 διά
649 1494 854 1566 χειρὸς,
881 1496 977 1549 καί
997 1497 1300 1568 τραπέζης,
1328 1498 1380 1552 τί
1403 1497 1531 1562 τοὺς
1553 1496 1784 1560 πολλοὺς

169 1578 330 1640 εἰκὸς
363 1577 556 1631 παθεῖν
591 1572 661 1648 ἦν
685 1595 700 1645 ;
751 1577 853 1631 Διά
877 1595 960 1632 τοι
1001 1579 1161 1633 τοῦτο
1187 1584 1252 1634 ἐκ
1276 1581 1386 1634 τῶν
1409 1581 1656 1652 σημείων
1685 1582 1783 1635 ἀν-

168 1659 481 1732 αμφίσολον
510 1663 660 1713 ποιεῖ
677 1659 776 1730 τῆς
804 1660 1157 1726 ἀναστάσεως
1179 1662 1279 1735 τὴν
1308 1664 1613 1731 ἀπόδειξιν,
1638 1662 1783 1717 ὥστε

172 1742 257 1815 μὴ
295 1745 410 1806 τοῖς
442 1742 564 1795 τότε
601 1741 786 1812 μόνον,
819 1743 958 1797 ἀλλά
987 1747 1082 1798 καὶ
1113 1747 1249 1799 πᾶσι
1279 1745 1394 1810 τοῖς
1437 1746 1577 1818 μετά
1604 1747 1784 1800 ταῦτα

171 1826 424 1899 φανερὰν
453 1825 706 1895 γενέσθαι
734 1825 834 1897 τήν
861 1828 1181 1883 ἀνάστασιν.
1204 1829 1385 1902 Ὅπερ
1409 1831 1520 1903 γὰρ
1553 1831 1784 1896 ἐκείνοις

171 1913 240 1965 ικ
271 1909 376 1980 τῆς
415 1908 592 1979 ὅψεως
638 1909 750 1962 τῶν
790 1910 1055 1980 σημείων,
1104 1911 1266 1966 τοῦτο
1302 1913 1368 1967 ἐκ
1410 1914 1512 1985 τῆς
1547 1911 1784 1977 πίστεως

172 1995 347 2049 πᾶσιν
379 1991 610 2063 ὕστερον
642 1989 870 2062 [μέλλεν
903 1992 1143 2048 έσεσθαι.
1193 1996 1293 2050 Διά
1339 2012 1424 2050 τοι
1473 1995 1636 2049 τοῦτο
1687 1993 1785 2050 καὶ

168 2078 305 2140 τούς
349 2074 618 2138 ἀπίστους
660 2074 914 2128 ἐντεῦθεν
953 2075 1407 2148 συλλογιζόμεθα.
1437 2079 1502 2132 Εἰ
1534 2079 1645 2149 γάρ
1683 2079 1786 2132 οὐκ

171 2160 403 2229 ἀνέστη,
440 2157 579 2213 ἀλλά
616 2157 774 2228 μένει
806 2159 1024 2230 νεκρὸς,
1059 2160 1180 2224 πῶς
1228 2161 1288 2215 ἐν
1314 2161 1392 2232 τῷ
1422 2162 1652 2234 ὀνόματι
1681 2162 1785 2216 αὐο

170 2242 272 2298 τοῦ
302 2244 352 2297 οἰ
393 2241 692 2296 ἀπόστολοι
725 2244 929 2311 σημεῖα
960 2242 1259 2314 ἐποίησαν;
1301 2244 1444 2298 Ἀλλ’
1471 2247 1574 2299 οὐκ
1606 2245 1789 2318 ἐποίη-

174 2341 279 2381 σαν
313 2327 553 2396 σημεῖα;
599 2323 726 2387 Πῶς
757 2319 854 2378 οὖν
897 2325 1128 2397 συνέστη
1164 2326 1225 2380 τὸ
1272 2326 1428 2391 έθνος
1481 2328 1542 2381 τὸ
1580 2329 1786 2400 ἡμέτε-

175 2426 314 2482 ρον;
345 2409 422 2462 Οὐ
463 2407 577 2479 7&9
605 2408 676 2478 δὴ
698 2410 794 2462 καί
824 2408 964 2479 πρὸς
1002 2409 1163 2464 τοῦτο
1190 2411 1630 2482 ἀντιστήσονται,
1664 2412 1788 2466 οὐδὲ

169 2494 292 2556 τοῖς
322 2489 632 2562 δρωμένοις
665 2491 1030 2562 μαχήσονται.
1059 2492 1226 2546 Ὥστε
1276 2494 1408 2548 ὅταν
1457 2494 1661 2565 λέγωσι
1711 2495 1788 2567 μὴ

172 2572 438 2646 γενέσθαι
490 2576 718 2644 σημεῖα,
756 2573 1022 2644 μειζόνως
1057 2574 1290 2640 έαυτούς
1338 2578 1785 2647 καταισχύνουσι.

174 2656 354 2713 τοῦτο
376 2656 487 2728 7&9
519 2657 779 2728 μέγιστον
819 2659 1072 2728 σημεῖον,
1102 2659 1165 2712 τὸ
1193 2662 1368 2732 χωρὶς
1411 2662 1660 2732 σημείων
1685 2663 1790 2734 τὴν

173 2739 513 2810 οἰκουμένην
553 2740 933 2812 προσδραμεῖν
964 2740 1211 2809 ἃπασαν,
1242 2743 1348 2796 ὐπὸ
1392 2743 1604 2798 δώδεκα
1651 2761 1792 2797 πτω-

176 2823 298 2896 χῶν
346 2823 443 2878 καὶ
478 2824 866 2896 ἀγραμμάτων
893 2824 1201 2897 ἀνθρώπων
1247 2827 1615 2882 ἀλιευθεῖσαν.
1655 2829 1793 2883 Οὐδέ

176 2907 294 2979 7&9
329 2906 549 2977 πλούτῳ
579 2909 905 2979 χρημάτων,
934 2909 994 2962 οὐ
1048 2911 1212 2980 σοφίᾳ
1263 2909 1463 2979 λόγων,
1495 2912 1600 2966 οὐκ
1647 2911 1794 2984 ἄλλῳ

177 2993 292 3046 τινὶ
335 2990 566 3062 τοιούτῳ
596 2993 982 3064 περιεγένοντο
1009 2994 1060 3046 οἰ
1093 2994 1285 3059 ἁλιεῖς·
1318 2994 1462 3048 ὥστε
1496 2997 1593 3050 καὶ
1632 2995 1795 3050 ἀκον-

178 3091 278 3138 τες
326 3075 732 3146 ὁμολογήσουσι
783 3075 936 3130 θείαν
984 3072 1126 3130 εἶναι
1181 3077 1241 3129 ἐν
1295 3079 1484 3142 αὐτοῖς
1535 3078 1791 3149 δύναμιν,

179 3159 474 3231 ἀμήχανον
506 3158 617 3232 γὰρ
649 3159 1002 3230 ἀνθρωπίνην
1040 3161 1194 3232 ἰσχὺν
1219 3161 1517 3233 δυνηθῆναι
1554 3162 1797 3217 τοσαῦτά

180 3258 343 3296 ποτε.
381 3243 482 3296 Διά
503 3259 587 3296 τοι
612 3242 773 3296 τοῦτο
798 3245 893 3297 καὶ
934 3244 1098 3308 αὐτὸς
1129 3246 1545 3318 τεσσαράκοντα
1578 3246 1795 3318 ἡμέρας

182 3325 375 3396 έμεινε
433 3327 573 3397 μετά
619 3325 721 3398 τὴν
763 3327 1081 3392 ἀνάστασιν,
1127 3327 1350 3399 ἔλεγχον
1385 3316 1566 3392 διδοὺς
1603 3316 1796 3402 ἐντῷ

186 3409 395 3483 μακρῷ
440 3411 621 3482 χρόνῳ
655 3412 756 3480 τῆς
800 3411 978 3481 ὅψεως
1013 3413 1114 3482 τῆς
1151 3413 1381 3476 οἰκείας,
1426 3413 1514 3466 ἵνα
1552 3414 1628 3486 μὴ
1657 3415 1794 3484 φάν-

183 3509 381 3564 τασμα
409 3488 548 3548 εἶναι
589 3495 856 3564 νομίσωσι
891 3496 953 3548 τὸ
985 3495 1286 3568 ὁρώμενον.
1323 3497 1434 3550 Καὶ
1474 3497 1597 3550 οὐδὲ
1621 3497 1798 3569 τούτῳ

185 3576 464 3649 ἠρκέσθη,
497 3577 638 3630 ἀλλά
667 3578 765 3631 καὶ
802 3578 1085 3649 τράπεζαν
1116 3579 1453 3650 προσετίθει.
1479 3580 1660 3650 Ὅπερ
1705 3577 1797 3634 οὖν

186 3660 288 3714 καὶ
310 3657 518 3728 προῖὼν
547 3658 720 3727 λέγει·
746 3661 855 3716 Καὶ
886 3659 1362 3730 συναλιζόμενος
1392 3661 1799 3728 αὐτοῖς.Τοῦτο

185 3737 247 3796 δὶ
279 3740 373 3796 ἀεὶ
400 3740 496 3794 καὶ
545 3741 701 3795 αὐτοί
729 3744 776 3794 οἰ
812 3742 1103 3796 ἀπόστολοι
1153 3749 1456 3815 τεκμήριον
1515 3745 1800 3799 ἐποιοῦντο

186 3825 295 3896 τῆς
363 3823 722 3888 ἀναστάσεως
800 3825 1090 3894 λέγοντες·
1154 3828 1390 3893 Οῗτινες
1450 3828 1800 3897 συνεφάγο-

181 3923 309 3979 μεν
339 3906 442 3959 καί
474 3908 848 3975 συνεπίομεν
898 3906 1080 3972 αὐτῷ.
1111 3907 1178 3960 Τί
1220 3909 1278 3962 δὲ
1334 3909 1430 3962 καὶ
1475 3910 1800 3980 φαινόμενος

189 3991 393 4053 ἐποίει,
434 3989 502 4043 δι’
538 3983 613 4042 ὧν
657 3991 906 4061 ἐπήγαγε
936 3990 1175 4044 δείκνυσι
1204 3991 1402 4060 λέγων·
1439 3993 1800 4063 Ὁπτανόμε-

187 4091 304 4140 νος
332 4071 562 4136 αὐτοῖς,
609 4072 709 4126 καί
754 4072 956 4143 λέγων
988 4073 1062 4126 τὰ
1093 4074 1228 4142 περὶ
1256 4072 1368 4143 τῆς
1410 4085 1432 4114 ο
1468 4076 1802 4144 βασιλείας

190 4155 303 4210 τοῦ
338 4154 510 4210 Θεοῦ.
549 4155 703 4208 Ἐπεὶ
760 4154 818 4208 δὲ
875 4155 970 4209 καὶ
997 4154 1025 4194 ἀ
1062 4159 1442 4227 πεπονηκότες
1483 4154 1648 4230 ἦσαν,
1703 4161 1799 4214 καὶ

189 4238 599 4309 τεταραγμένοι
622 4239 736 4300 τοῖς
761 4237 864 4308 ήδη
889 4239 1309 4310 γεγενημένοις,
1338 4241 1436 4295 καὶ
1464 4242 1603 4312 πρὸς
1635 4244 1800 4314 μεγά-

189 4322 324 4384 λους
351 4319 579 4392 έμελλον
612 4319 799 4374 λοιπὸν
831 4320 1037 4388 ἐξιέναι
1073 4323 1318 4391 ἀγῶνας,
1362 4326 1478 4388 τοῖς
1520 4327 1651 4397 περὶ
1690 4326 1800 4381 τῶν

195 4406 511 4478 μελλόντων
552 4406 754 4469 αὐτοὺς
803 4403 1194 4477 ἀνακτώμενος
1228 4406 1430 4477 λόγοις,
1472 4410 1803 4482 Παρήγγει-

189 4494 310 4546 λεν
339 4488 460 4544 ἀπὸ
490 4489 921 4558 Ἰεροσολύμων
942 4489 1028 4560 μὴ
1056 4490 1429 4559 χωρίζεσθαι,
1455 4493 1621 4548 ἀλλὰ
1643 4508 1804 4564 περι-

187 4574 406 4646 μένειν
439 4573 555 4640 τὴν
588 4572 961 4642 ἐπαγγελίαν
987 4573 1095 4627 τοῦ
1133 4577 1389 4643 Πατρός.
1439 4577 1664 4647 Πρῶτον
1699 4580 1804 4634 αὐ-

193 4657 326 4722 τούς
355 4657 438 4719 εἰς
475 4658 576 4727 τὴν
608 4654 904 4710 Γαλιλαίαν
951 4656 1218 4728 ἐξήγαγε,
1253 4659 1566 4727 δεδοικότας
1595 4662 1677 4717 ῑτι
1707 4664 1804 4718 καὶ

194 4739 532 4813 τρέμοντας,
561 4739 650 4792 ἶνα
700 4739 839 4809 μετά
875 4739 1061 4804 ἀδείας
1098 4740 1378 4797 ἀκούσωσι
1429 4745 1538 4799 τῶν
1568 4746 1803 4818 λεγομέη

194 4841 328 4878 νων.
355 4818 513 4885 Εἶτα,
548 4821 738 4892 ἐπειδὴ
788 4823 1054 4894 ἥκουσαν,
1098 4826 1195 4878 καὶ
1233 4829 1646 4898 τεσσαράκοντα
1681 4847 1804 4884 συν-

192 4909 484 4980 διέτριψαν
512 4907 749 4978 ἡμέρας,
783 4908 1157 4979 Παρήγτειλε
1191 4912 1276 4982 μὴ
1319 4915 1439 4970 ἀπὸ
1475 4917 1806 4985 Ἰεροσολύ-

191 5008 330 5063 μων
361 4990 741 5060 χωρίζεσθαι.
771 4991 836 5044 Τί
867 4991 1104 5063 δήπστε;
1138 4997 1411 5070 Καθάπερ
1445 5001 1598 5064 τινάς
1637 5018 1806 5072 στρα-

195 5075 403 5139 τιώτας
429 5073 728 5145 μέλλοντας
761 5076 842 5140 εἰς
868 5075 1075 5148 πλῆθος
1105 5080 1426 5150 ἐμπίπτειν,
1451 5083 1629 5148 οὐδεὶς
1648 5085 1807 5156 ἀφίη-

199 5175 284 5213 σιν
318 5158 596 5241 ἐξελθεῖν,
769 5158 834 5213 ἂν
866 5161 1222 5217 όπλίσωνται·
1274 5165 1396 5220 οὐδὲ
1432 5167 1633 5232 ἵππους
1666 5187 1805 5241 προ-

201 5241 381 5314 πηδᾷν
422 5242 525 5312 τῆς
578 5240 849 5311 βαλϐῖδος,
887 5243 992 5308 ἕως
1039 5244 1106 5298 ἂν
1135 5247 1228 5300 τὸν
1255 5248 1478 5320 ἡνίοχον
1525 5240 1801 5306 λάὅωσιν·

199 5321 346 5377 οὕτω
375 5324 442 5393 δὴ
475 5325 572 5376 καὶ
596 5323 795 5388 αὐτοὺς
821 5325 928 5396 πρὸ
960 5327 1062 5396 τῆς
1093 5328 1187 5382 τοῦ
1217 5331 1537 5402 Πνεύματος
1570 5334 1804 5389 καθόδου

203 5407 446 5476 φανῆναι
501 5408 596 5459 ἐπὶ
642 5407 740 5477 τῆς
775 5405 1138 5478 παρατάξεως
1178 5414 1280 5467 οὐκ
1326 5415 1498 5485 ἠφίει,
1542 5417 1685 5470 ὥστε
1732 5418 1806 5490 μὴ

202 5491 463 5558 γενέσθαι
494 5489 860 5562 εὐχειρώτους
917 5495 1013 5548 καὶ
1065 5497 1379 5569 ἀλωσίμους
1419 5504 1532 5566 τοῖς
1567 5489 1803 5568 πολλοῖς.

204 5577 277 5630 υύ
308 5575 396 5630 διὰ
429 5577 589 5630 τοῦτο
635 5577 692 5630 δὲ
726 5578 910 5648 μόνον,
938 5581 1075 5636 ἀλλά
1119 5583 1214 5636 καὶ
1243 5586 1430 5659 ἐπειδὴ
1457 5588 1641 5643 πολλοὶ
1665 5586 1806 5661 ἦσαν

265 5775 296 5807 ³
323 5774 478 5851 ‘Ungs
501 5774 611 5849 COd_.
634 5775 928 5851 νᾶγιάστασιν,
962 5782 1044 5851 καὶ
1063 5784 1121 5851 τὸ
1143 5787 1335 5851 μείζονα
1366 5788 1512 5838 αὐτόν
1529 5795 1809 5851 νομισθῆναι

337 5809 478 5826 vuum
501 5809 611 5849 ww:
634 5809 765 5848 :"v-v
779 5809 928 5838 ww",
965 5809 1044 5830 um
1064 5809 1121 5832 τυ
1143 5809 1335 5846 μειςονα
1366 5809 1512 5838 αυτον
1529 5809 1583 5839 νο
1624 5809 1809 5851 ισυηναι

206 5837 371 5887 λοιπὸν
411 5840 442 5896 ἢ
478 5839 1100 5918 ξαξῗζξῖθρ-ιθπξγιπολλά-
1136 5849 1194 5918 _h
1222 5850 1395 5900 Morel.
1424 5854 1561 5918 §nlus
1587 5809 1655 5902 ἵτι
1695 5857 1811 5918 φάν·

211 5916 388 5980 ξασμλξ
482 5901 507 5929 ⁶
537 5897 686 5980 Διξυξ
701 5897 768 5980 {Vri
817 5897 1056 5978 δὲέπόίει
1080 5910 1182 5980 ὶτὰς
1223 5897 1810 5980 έεέσάῥάάόῖἓαῆμὲᾆάς

213 5959 557 6037 Mm“
582 5959 836 6037 Διελέῖεῖε
863 5963 1026 6037 φθιτοῖς
1042 5970 1102 6018 τὰ
1128 5959 1233 6037 πὲρι
1260 5959 1398 6033 ab."
1412 5959 1808 6037 ’δ’ῡίιῑηίἵςὶῖῐῆ

213 6025 306 6072 ui.
343 6020 473 6072 Infra
495 6021 665 6071 λοιπόν
694 6020 841 6072 deest
863 6023 910 6072 in
929 6020 1228 6089 qui'busdarlh’
1248 6020 1364 6086 ιὴέἐζ

1881 495 1933 547 οἰ
1967 492 2256 564 μέλλοντες
2279 488 2560 544 πιστεύειν
2587 488 2797 544 αὐτόθι.
2827 489 2941 545 Καὶ
2974 486 3114 560 πρὸς
3136 484 3352 548 τούτοις
3379 485 3490 539 πάο

1883 576 1991 642 λιν,
2014 575 2103 630 ἵνα
2135 575 2212 646 μὴ
2236 573 2442 644 λέγωσί
2470 589 2639 638 τινες,
2659 573 2742 626 ὅτι
2765 572 2895 638 τοὺς
2915 571 3232 644 γνωρίμους
3261 567 3496 637 ἀφέντες

1890 659 2046 732 παρά
2075 662 2192 722 τοῖς
2227 658 2401 725 ξένοις
2423 653 2590 729 ἦλθον
2613 657 2927 728 κομπάσαι,
2949 656 3146 710 τούτου
3175 654 3338 724 χάριν
3361 653 3496 724 παρ’

1886 745 2075 807 αὐτοῖς
2103 744 2219 805 τοῖς
2247 739 2615 812 πεφονευκόσι
2654 741 2960 812 παρέχουσι
2991 737 3064 792 τά
3086 738 3368 808 τεκμήρια
3395 735 3498 806 τῆς

1883 826 2256 888 ἀναστάσεως.
2291 824 2426 894 παρ’
2452 823 2640 887 αὐτοῖς
2669 825 2782 887 τοῖς
2812 819 3216 893 ἐσταυρωκόσι,
3248 821 3362 882 τοῖς
3401 817 3498 873 θά-

1882 907 2072 978 ψασιν,
2126 906 2208 980 [8]
2258 908 2318 960 ἐν
2369 907 2508 978 αὐτῇ
2543 908 2612 977 τῇ
2664 905 2819 960 πόλει
2854 905 2914 959 ἐν
3053 901 3115 956 τὸ
3149 901 3386 973 πρᾶγμα
3433 899 3499 954 τό

1883 992 2208 1064 παράνομον
2239 989 2542 1061 ἐτολμήθη,
2571 989 2716 1044 ὥστε
2748 990 2844 1044 καὶ
2885 988 3014 1052 τοὺς
3051 984 3254 1053 έξωθευ
3281 987 3500 1038 ἐπιστοο

1886 1075 2149 1146 μισθῆναι
2173 1072 2444 1136 ἅπαντας.
2467 1073 2640 1126 Ὅταν
2676 1073 2787 1144 7&9
2822 1073 2874 1126 οἰ
2899 1067 3321 1143 ἐσταυρωκότες
3341 1065 3497 1121 αὐτοὶ

1884 1157 2190 1228 φαίνωνται
2245 1157 2343 1211 καὶ
2403 1155 2862 1219 πεπιστευκότες,
2914 1152 3162 1224 εὔδηλον,
3206 1152 3290 1204 ὅτι
3331 1149 3428 1204 καὶ
3469 1150 3500 1202 ό

1887 1240 2126 1312 σταυρὸς
2157 1239 2371 1294 καὶτοῦ
2394 1239 2752 1311 τολμήματος
2775 1238 3052 1292 ἐδείκνυτο
3086 1239 3120 1308 ἡ
3151 1235 3496 1307 παρανομία,

1882 1325 1978 1379 καὶ
2007 1325 2108 1395 τῆς
2136 1322 2494 1387 ἀναστάσεως
2526 1322 2700 1394 πολλή
2729 1325 2763 1393 ἡ
2801 1321 3100 1388 ἀπόδειξις.
3135 1314 3270 1374 Εἶτα
3301 1319 3390 1372 ἴνα
3422 1317 3500 1390 μὴ

1883 1409 2106 1478 λέγωσι,
2130 1407 2258 1472 Πῶς
2287 1403 2381 1461 οὖν
2411 1406 2758 1479 δυνησόμεθα
2796 1407 3002 1478 μεταξὺ
3032 1403 3342 1476 ἀνθρώπων
3370 1419 3501 1474 μια-

1885 1491 1997 1563 ρῶν
2031 1493 2127 1545 καὶ
2159 1489 2488 1560 φονούντων,
2535 1491 2629 1543 καὶ
2674 1489 2947 1544 τοσούτων
2967 1487 3162 1552 όντων,
3186 1485 3365 1554 ὀλίγοι
3394 1485 3495 1539 καὶ

1885 1577 2126 1639 εὐτελεῖς
2170 1575 2324 1638 ὄντες
2357 1574 2565 1644 μένειν,
2607 1574 2732 1645 δρα,
2783 1572 2901 1636 πῶς
2944 1571 3065 1625 λύει
3098 1569 3199 1641 τὴν
3229 1567 3498 1638 ἀγωνίαν,

1883 1659 2075 1714 εἰπών·
2114 1659 2303 1713 Ἀλλά
2331 1657 2675 1727 περιμένειν
2701 1655 2821 1724 τὴν
2847 1653 3220 1726 ἐπαγγελίαν
3245 1650 3354 1706 τοῦ
3380 1653 3503 1705 Πα-

1883 1742 2045 1810 τρός,
2083 1739 2166 1809 ἣν
2195 1739 2505 1809 ἠκούσατέ
2535 1759 2678 1810 μου.
2715 1741 2828 1795 Καὶ
2854 1741 2985 1794 πότε
3015 1740 3277 1810 ἡκουσαν,
3311 1735 3500 1806 φησίν;

1887 1826 2019 1878 Ὅτε
2049 1824 2226 1894 ἔλεγε
2266 1823 2565 1894 Συμφέρει
2602 1823 2749 1894 ὑμῖν
2775 1825 2879 1878 ἵνα
2907 1823 3026 1893 ἐγὼ
3063 1823 3331 1878 ἀπέλθω.
3363 1819 3506 1874 Ἐὰν

1888 1910 1999 1981 γὰρ
2027 1908 2144 1978 ἐγὼ
2168 1907 2257 1979 μὴ
2293 1908 2560 1971 ἀπέλθω,
2603 1911 2638 1962 ὀ
2686 1907 3083 1976 Παράκλητος
3109 1908 3222 1960 οὐκ
3252 1905 3505 1958 ἐλεύσε-

1884 2011 1982 2048 ται
2012 1993 2167 2064 πρὸς
2197 1991 2379 2064 ὑμᾶς·
2412 1993 2507 2046 καὶ
2535 1991 2721 2056 πάλιν,
2760 1989 3075 2060 Ἐρωτήσω
3104 1989 3213 2043 τὸν
3242 1987 3502 2056 Πατέρα.

1885 2079 1985 2133 καί
2021 2079 2226 2133 ἄλλον
2258 2076 2668 2146 Παρακλητον
2717 2075 2945 2146 πέμψει
2995 2073 3162 2145 ὑμῖν,
3201 2073 3305 2128 ἵνα
3345 2069 3504 2143 μένῃ

1960 2241 2023 2298 ε’.
2038 2310 2040 2312 ν
2053 2241 2165 2296 Καὶ
2189 2240 2336 2306 τίνος
2355 2241 2545 2295 ἕνεκεν
2567 2240 2691 2312 οὐχί
2712 2239 2982 2314 παρόντος
3005 2237 3173 2294 αὐτοῦ
3194 2237 3318 2292 οὐδέ
3339 2237 3508 2292 ἀπελο

1891 2323 2078 2389 θόντος
2103 2324 2309 2387 εὐθέως
2331 2323 2698 2396 παρεγένετο,
2726 2322 2844 2377 ἀλλ’
2875 2321 3042 2385 αὐτὸς
3081 2321 3182 2391 μέν
3204 2323 3272 2391 τῇ
3289 2337 3507 2374 τεσσα-

1893 2409 2139 2480 ρακοστῇ
2167 2408 2355 2480 ἡμέρᾳ
2385 2406 2612 2478 ἀνῆλθε,
2640 2407 2701 2460 τὸ
2730 2406 2787 2460 δέ
2809 2405 3041 2477 Πνεῦμα
3069 2406 3410 2476 παρεγένετο
3447 2405 3508 2458 ἐν

1890 2493 1970 2565 τῷ
2013 2491 2478 2564 συμπληροῦσθαι
2527 2493 2630 2564 τὴν
2679 2492 2896 2562 ἡμέραν
2940 2490 3046 2560 τῆς
3097 2490 3506 2561 πεντηκοστῆςς

1892 2577 2004 2632 Καὶ
2033 2578 2172 2641 πῶς,
2229 2577 2280 2629 εἰ
2327 2575 2561 2647 μηδέπω
2610 2576 3005 2647 παρεγεγόνει,
3057 2573 3235 2644 ἔλεγε,
3280 2575 3510 2629 Λάϐετε

1891 2660 2140 2730 Πνεῦμα
2171 2660 2346 2730 ἅγιον
2364 2675 2384 2724 ;
2413 2661 2532 2713 Ἵνα
2564 2659 2854 2722 δεκτικοὺς
2901 2658 3104 2723 αὐτοὺς
3149 2658 3380 2731 ποιήσῃ,
3412 2657 3510 2711 καὶ

1893 2742 2209 2814 ἀρκοῦντας
2242 2741 2380 2813 πρὸς
2407 2743 2507 2812 τὴν
2532 2742 2829 2812 ὑποδοχήν.
2862 2741 2928 2795 Εἰ
2970 2743 3080 2813 γάρ
3113 2740 3350 2809 ἄγγελον
3383 2739 3512 2811 μέλ-

1892 2825 2002 2879 λων
2045 2827 2178 2897 ὁρᾷν
2219 2827 2248 2879 ό
2293 2824 2495 2896 Δανιὴλ
2540 2824 2772 2895 παρίετο
2810 2836 2859 2889 ο,
2897 2823 3083 2895 πολλῷ
3126 2823 3330 2894 μᾶλλον
3361 2819 3512 2876 οῦτοι

1897 2907 2184 2979 μέλλοντες
2242 2909 2515 2979 τοσαύτην
2561 2908 2816 2979 δέχεσθαι
2865 2909 3048 2980 χάριν.
3082 2909 3154 2960 Ἢ
3210 2906 3372 2960 τοῦτο
3417 2902 3514 2961 οὖν

1895 2991 2046 3045 ἐστιν
2074 2993 2278 3053 εἰπεῖν,
2309 2991 2341 3061 ἡ
2369 2992 2452 3044 ὅτι
2473 2991 2547 3044 -τδ
2585 2991 2783 3062 μέλλον
2808 2991 3034 3046 ἔσεσθαι
3058 2990 3134 3054 ὡς
3157 2990 3261 3061 ήδη
3290 3003 3516 3058 γεγενη.

1899 3075 2061 3147 μένον
2093 3076 2342 3148 εἴρηκεν,
2387 3075 2583 3147 ὥσπερ
2630 3076 2763 3129 ὅταν
2803 3075 2964 3147 λέγῃ,
3019 3073 3264 3128 Πιττεῒτε
3307 3072 3520 3126 ἐπάνω

1897 3160 2096 3229 ὄφεων
2121 3159 2221 3213 καί
2255 3160 2592 3226 σκορπίων,
2620 3158 2720 3211 καί
2741 3158 2842 3212 ὲπί
2869 3157 3080 3212 πᾶσαν
3104 3157 3223 3223 τὴν
3251 3155 3516 3222 δύναμιν

1897 3243 2006 3298 τοῦ
2035 3243 2278 3314 ἐχθροῦ.
2314 3243 2473 3306 Τίνος
2495 3239 2552 3295 δέ
2581 3241 2772 3295 ἐνεκεν
2800 3241 2902 3295 οὐκ
2926 3241 3094 3304 εὐθὺς
3115 3241 3238 3294 τότε
3266 3255 3514 3312 παρεγε-

1897 3325 2078 3395 γόνει;
2113 3325 2201 3378 Ἐν
2230 3323 2500 3395 ἐπιθυμία
2540 3325 2740 3389 αὐτοὺς
2774 3325 2883 3378 έδει
2924 3323 3182 3392 ⁴γενέσθαι
3213 3321 3310 3376 τοῦ
3341 3323 3518 3394 πράγ-

1901 3425 2094 3479 ματος,
2123 3406 2219 3460 καὶ¹
2251 3407 2397 3461 οὕτω
2429 3407 2688 3473 δέξασθαι
2723 3407 2822 3479 τὴν
2862 3407 3045 3479 χάριν.
3089 3407 3190 3459 Διά
3235 3404 3394 3459 τοῦτο
3423 3405 3515 3460 ὅτε

1899 3492 2064 3554 αὐτὸς
2088 3491 2315 3560 ἀπέπτη
2351 3489 2399 3554 τ,
2430 3491 2554 3544 τότε
2583 3494 2762 3546 ἐκεῖνο
2794 3487 2983 3562 ἦλθεν.
3014 3492 3078 3544 Εἰ
3107 3490 3166 3544 δὲ
3197 3485 3354 3560 ἦλθε,
3380 3506 3519 3561 παρ-

1900 3575 2052 3637 όντος
2081 3575 2272 3636 αὐτοῦ,
2305 3575 2407 3627 οὐκ
2434 3574 2502 3628 ἂν
2545 3575 2603 3628 ἐν
2629 3573 2870 3646 τοσαύτῃ
2904 3575 3159 3643 ἐγένοντο
3189 3574 3514 3646 προσδοκίᾳ.

1902 3656 2003 3711 Διά
2034 3657 2198 3711 τοῦτο
2229 3657 2354 3710 οὐδέ
2383 3656 2592 3722 εὐθέως
2631 3657 2953 3721 ἀνελθόντος
2997 3657 3169 3711 αὐτοῦ
3206 3658 3515 3728 παραγίνε-

1903 3757 2015 3803 ται,
2048 3739 2188 3794 ἀλλά
2237 3740 2380 3811 μετά
2417 3741 2565 3794 ὀκτὼ
2620 3741 2654 3812 ἢ
2713 3739 2874 3794 ἐννέα
2917 3742 3152 3812 ἡμέρας.
3210 3740 3370 3795 Οὕτω
3420 3741 3520 3796 καὶ

1903 3825 2066 3894 ἡμεῖς
2116 3825 2256 3895 πρὸς
2299 3822 2401 3876 τὸν
2450 3823 2587 3878 Θεὸν
2637 3824 2762 3876 τότε
2812 3823 3051 3894 μάλιστα
3105 3824 3513 3895 διεγειρόμεθα,

1902 3907 2032 3961 ὅταν
2067 3909 2125 3960 ἐν
2160 3907 2323 3978 χρείᾳ
2358 3907 2745 3978 καταστῶμεν.
2780 3907 2882 3961 Διά
2925 3908 3086 3962 τοῦτο
3132 3911 3224 3963 καὶ
3259 3911 3518 3980 Ἰωάννης

1903 3989 2026 4043 τότε
2065 3989 2305 4060 μάλιστα
2346 3994 2560 4060 πέμπει
2605 3991 2736 4053 τούς
2772 3990 3025 4061 μαθητάς
3069 3992 3202 4064 πρὸς
3249 3994 3344 4047 τὸν
3379 3994 3519 4064 Χρι-

1907 4072 2052 4134 στὸν.
2077 4073 2164 4126 ὅτε
2189 4072 2420 4141 ἔμελλον
2441 4076 2500 4127 ἐν
2522 4074 2686 4145 χρείᾳ
2706 4071 2847 4128 εἶναι
2873 4075 2967 4128 τοῦ
3003 4075 3204 4147 Ἰησοῦ,
3223 4076 3284 4129 τὸ
3309 4077 3521 4148 δεσμω-

1903 4156 2093 4226 τήριον
2122 4154 2405 4220 οἰκοῦντος
2431 4157 2672 4211 ἐκείνου.
2699 4157 2914 4221 ’Δλλως
2958 4159 3039 4224 δὲ,
3071 4159 3180 4213 έδει
3215 4160 3274 4212 ἐν
3299 4159 3520 4231 οὐρανῷ

1905 4239 2142 4311 φανῆναι
2174 4240 2274 4312 τὴν
2305 4239 2590 4312 ἡμετέραν
2641 4241 2828 4311 φύσιν,
2866 4243 2963 4296 καὶ
3009 4243 3112 4308 τὰς
3163 4243 3520 4313 καταλλαγὰς

1904 4322 2160 4391 γενέσθαι
2191 4323 2636 4397 ἀπηρτισμένας,
2670 4325 2765 4378 καὶ
2801 4326 2925 4380 τότε
2955 4326 3133 4382 ἐλθεῖν
3162 4328 3226 4381 τὺ
3266 4327 3518 4399 Πνεῦμα,

1905 4405 2005 4459 καὶ
2037 4406 2291 4478 καθαρὰν
2316 4407 2576 4475 γενέσθαι
2614 4407 2717 4478 τήν
2756 4408 2976 4480 ἡδονὴν.
3013 4411 3077 4464 Εἰ
3105 4411 3214 4482 7&9
3249 4411 3521 4482 παρόντος

1906 4489 2098 4558 αὐτοῦ,
2130 4493 2159 4544 ό
2189 4491 2289 4561 μὲν
2316 4491 2587 4562 ἀπῆλθεν.
2621 4493 2652 4546 ό
2685 4493 2745 4547 δέ
2780 4493 3027 4563 έμεινεν,
3052 4495 3154 4549 οὐκ
3189 4495 3256 4549 ἂν
3295 4492 3364 4566 ἦν
3393 4513 3521 4550 τοσ-

1905 4573 2047 4629 αῦτα
2089 4574 2162 4630 τά
2215 4575 2317 4645 τῆς
2365 4576 2746 4646 παραμυθίας·
2785 4577 2881 4632 καὶ
2921 4579 3032 4649 7&9
3089 4579 3297 4650 σφόδρα
3349 4578 3520 4634 αὐτοῦ

1904 4658 2381 4724 δυσαποσπάστως
2409 4657 2576 4731 εἶχον.
2605 4662 2699 4714 Διὸ
2715 4663 2811 4716 καὶ
2837 4663 2994 4730 έλεγε
3014 4663 3523 4735 παραμυθούμενος

1905 4741 2126 4806 αὐτούς·
2151 4741 2451 4812 Συμφέρει
2479 4742 2627 4813 ὑμῖν
2658 4745 2762 4798 ἵνα
2790 4744 2907 4815 ἐγὼ
2933 4746 3198 4800 ἀπέλθω.
3227 4747 3327 4800 Διά
3359 4747 3523 4802 τοῦτο

1906 4827 2004 4880 καὶ
2033 4826 2250 4898 ἡμέρας
2295 4826 2562 4897 ἀναμένει
2595 4827 2698 4891 τάς
2739 4827 2969 4898 μεταξὺ,
3019 4830 3106 4883 ἶνα
3157 4831 3361 4909 μικρὸν
3389 4831 3524 4885 ἀθυ-

1910 4910 2208 4979 μήσαντες,
2257 4909 2353 4962 καὶ
2401 4911 2461 4963 ἐν
2513 4911 2694 4983 χρείᾳ,
2742 4912 2882 4983 ὅπερ
2930 4913 3091 4985 έφην,
3121 4915 3519 4982 καταστάντες,

1905 4991 2201 5063 ὁλόκληρον
2236 4994 2332 5044 καὶ
2383 4993 2635 5065 καθαρὰν
2687 4994 3092 5064 καρπώσωνται
3148 4996 3249 5068 τὴν
3298 4996 3518 5069 ἡδονήν.

1907 5077 1969 5129 Εἰ
1995 5077 2052 5129 δὲ
2080 5076 2301 5129 ἔλαττον
2326 5072 2393 5146 ἦν
2420 5077 2480 5131 τδ
2502 5077 2753 5148 Πνεῦμα,
2781 5079 2882 5131 οὐκ
2901 5076 2972 5151 ἧν
2999 5079 3252 5150 ἀρκοῦσα
3277 5082 3308 5152 ἡ
3338 5097 3522 5152 παρα·-

1911 5161 2099 5231 μυθία.
2157 5160 2284 5224 Πῶς
2335 5161 2393 5214 δέ
2443 5162 2539 5215 καὶ
2585 5162 2763 5231 ἔλεγε,
2825 5163 3123 5232 Συμφέρει
3182 5165 3357 5232 ὑμῖν;
3417 5165 3520 5220 Διά

1906 5245 2067 5298 τοῦτο
2098 5243 2166 5297 τὰ
2205 5245 2430 5312 μείζονα
2475 5244 2626 5316 αὐτῷ
2667 5248 2972 5318 τετήρηται
3016 5250 3113 5317 τῆς
3143 5247 3518 5314 διδασκαλίας,

1910 5329 1998 5382 ἵνα
2038 5329 2113 5399 μὴ
2144 5327 2368 5382 ἔλαττον
2393 5329 2525 5382 αὐτὸ
2557 5329 2846 5399 νομίσωσι.
2875 5330 3077 5384 Σκόπει
3109 5332 3167 5384 δὲ
3197 5332 3391 5402 ἡλίκην
3424 5334 3524 5385 αὐ-

1908 5414 2021 5475 τοῖς
2069 5413 2318 5482 ἀνάγκην
2367 5414 2643 5484 ἐπέθηκεν
2684 5416 2742 5468 ἐν
2779 5415 3179 5487 Ἰεροσολύμοις
3225 5413 3386 5479 εἶναι,
3442 5419 3529 5490 τῷ

1911 5497 2247 5567 ὑποσχέσθαι
2273 5499 2390 5551 ἐκεῖ
2412 5498 2473 5552 τὸ
2508 5500 2735 5569 Πνεῦμα
2765 5500 3122 5572 παρέχεσθαι.
3157 5501 3277 5555 Ἵνα
3304 5502 3415 5573 7&9
3445 5501 3524 5574 μὴ

1911 5581 2075 5634 πάλιν
2104 5579 2182 5652 [9]
2217 5581 2358 5651 μετά
2381 5583 2483 5653 τὴν
2506 5584 2775 5655 ἀνάληψιν
2801 5584 2970 5638 αὐτοῦ
3001 5585 3243 5654 φύγωσι,
3263 5589 3328 5656 τῇ
3361 5602 3523 5657 προσ-

1909 5665 2067 5736 δοκίᾳ
2113 5665 2289 5736 ταύτῃ
2344 5665 2600 5740 καθάπερ
2647 5669 2754 5723 τινὶ
2788 5669 2976 5741 δεσμῷ
3029 5672 3250 5740 κατέχει
3311 5672 3522 5735 πάντας

1911 5751 2112 5812 αὐτοὺς
2143 5751 2345 5804 ἐκεῖσε.
2400 5751 2585 5804 Εἰπὼν
2613 5751 2694 5813 δὲ,
2731 5754 3080 5823 Περιμένειν
3123 5754 3238 5822 τὴν
3270 5755 3524 5825 ἐπαγγε-

1911 5836 2054 5888 λίαν
2088 5833 2197 5887 τοῦ
2237 5835 2490 5901 Πατρός,
2551 5834 2632 5903 ἢν
2665 5837 2974 5904 ἠκούσατέ
3017 5856 3160 5907 μου,
3198 5840 3519 5909 ἐπήγαγεν·

1980 5989 2002 6017 ε
2029 5975 2205 6025 Morel.
2232 5977 2450 6040 παρίετο,
2491 5975 2646 6040 savii.
2672 5977 2903 6026 διελύετο.
2961 5979 3184 6040 Utraque
3221 5980 3374 6028 lcclio
3397 5991 3522 6040 qua-

1914 6038 2059 6087 drare
2101 6037 2315 6100 potest
2363 6037 2382 6076 ἲ
2433 6038 2587 6089 Savil.
2634 6044 2682 6089 in
2716 6053 2871 6103 marg.
2909 6037 3114 6097 ἀπέστη.
