4054 6440
151 410 214 465 ΩΙ
1187 397 1251 453 ΙΝ
1291 394 1473 453 ACTA
1513 388 1747 450 APOST‘

1854 385 2047 445 )RUM.
2093 390 2326 448 IIOMIL.
2370 390 2410 446 Ι.
3401 395 3474 450 22

156 527 452 595 Postquam
474 529 655 576 autem
685 517 819 574 dixit
843 534 855 569 :
885 512 954 570 Ut
981 521 1333 580 exspectarent
1369 507 1758 579 promissione»:

152 600 349 681 Patris,
375 629 528 687 quam
553 610 767 666 audistis
795 626 828 661 a
854 623 935 662 me
952 648 966 673 ,
999 605 1185 661 subdit
1218 623 1232 658 :
1262 603 1316 659 5.
1362 601 1495 668 Quia
1522 600 1754 653 Joannes

147 705 353 771 quidem
391 703 666 772 baptizavit
715 717 870 770 aqua,
921 715 1008 752 uos
1055 709 1225 751 autem
1271 692 1654 765 baptizabimini
1701 691 1753 743 in

148 797 352 868 Spiritu
395 806 572 852 sancto
611 811 714 847 non
751 801 862 861 post
890 791 1076 844 multos
1103 789 1195 842 hos
1224 787 1352 840 dies.
1378 783 1631 840 Ostendit
1657 781 1753 835 de-

146 904 319 953 mum,
343 896 599 957 quantum
625 882 839 938 intersit
861 882 1123 936 Joannem
1153 880 1294 933 inter
1317 887 1369 932 et
1401 877 1572 946 ipsum
1599 889 1614 938 ;
1640 873 1752 940 jam

144 995 253 1034 non
302 977 619 1033 adumbrate
666 983 725 1029 ut
764 985 922 1030 antea
959 992 971 1026 :
1015 987 1139 1026 nam
1180 971 1412 1026 obscure
1457 965 1751 1022 admodum

140 1071 401 1140 loquutus
441 1067 619 1124 fuerat
639 1108 655 1131 ,
687 1065 914 1140 quando
956 1063 1130 1120 dixit:
1164 1062 1264 1127 Qui
1293 1070 1459 1113 autem
1487 1059 1655 1111 minor
1679 1064 1754 1109 est

139 1162 193 1215 iu
220 1178 380 1231 regno
407 1161 667 1224 calorum,
698 1159 865 1228 major
892 1166 965 1210 est
1008 1156 1098 1210 illo
1130 1152 1341 1223 (Matth.
1374 1151 1461 1205 11.
1489 1147 1578 1218 Η)
1615 1165 1627 1200 :
1655 1145 1748 1202 sed

141 1269 286 1309 nunc
317 1252 652 1307 manifestius
686 1268 700 1304 ι
726 1249 957 1303 Joannes
985 1291 998 1313 ,
1029 1247 1239 1316 inquit,
1274 1241 1545 1314 baptizavit
1571 1233 1704 1309 aqua
1729 1279 1744 1304 ,

137 1361 226 1399 ros
255 1356 431 1400 autent
469 1342 851 1415 baptizabimini
889 1342 940 1394 in
984 1340 1185 1408 Spiritu
1226 1346 1423 1391 sancto.
1469 1333 1587 1389 Non
1632 1333 1745 1401 jam

138 1438 313 1491 utitur
338 1437 678 1499 testimonio;
701 1435 794 1488 sed
827 1446 1115 1502 personam
1149 1438 1353 1483 tantum
1380 1432 1664 1488 memorat,
1693 1426 1745 1478 in

137 1529 460 1582 memoriam
508 1539 768 1582 revocans
814 1540 899 1588 ea,
947 1539 1067 1593 qua:
1112 1522 1258 1592 prius
1299 1521 1530 1583 dixerat,
1576 1516 1746 1586 signi-

138 1622 373 1689 licatque
407 1620 552 1688 ipsos
577 1618 687 1687 jam
713 1617 950 1685 majores
979 1629 1101 1670 esse
1132 1613 1339 1668 Joanne
1363 1629 1378 1675 ;
1402 1609 1667 1681 siquidem
1693 1609 1744 1661 in

133 1712 340 1781 Spiritu
370 1720 426 1766 et
451 1711 548 1780 ipsi
583 1708 899 1780 baptizatnri
942 1714 1116 1762 erant.
1164 1705 1280 1759 Non
1322 1703 1477 1768 dixit,
1513 1701 1620 1755 Vos
1646 1717 1746 1770 ego

135 1803 353 1873 baptizo
376 1803 430 1857 in
460 1802 665 1873 Spiritu
695 1810 903 1866 sancto,
929 1800 1047 1865 sed,
1077 1795 1474 1868 Baptizabimini
1499 1810 1517 1847 :
1543 1793 1745 1848 docens

135 1910 234 1948 nos
275 1894 658 1948 humilitatem.
689 1892 824 1947 Nam
851 1908 916 1946 ex
965 1891 1275 1945 tesumonio
1315 1887 1540 1943 Joannis
1567 1885 1744 1956 palam

133 1994 252 2040 erat
291 1987 468 2055 ipsum
511 1986 904 2054 baptizaturum
939 1998 1097 2048 csse;
1134 1983 1270 2037 dixit
1298 1983 1442 2036 enim
1486 1997 1500 2033 :
1536 1977 1635 2033 Ille
1659 1993 1745 2032 eos

133 2080 412 2147 baptizabit
437 2081 491 2132 in
529 2079 728 2150 Spiritu
757 2088 932 2134 sancto
957 2089 1004 2132 et
1029 2080 1144 2149 igne
1170 2078 1320 2149 (Luc.
1347 2078 1402 2132 5.
1433 2076 1524 2141 i6)
1557 2095 1571 2130 :
1598 2075 1746 2130 ideo-

133 2185 236 2239 que
265 2170 417 2224 illum
450 2187 616 2226 unum
645 2173 984 2225 memoravit.
1017 2170 1308 2240 Evangelia
1339 2171 1498 2240 igitur
1520 2167 1743 2221 historia

133 2275 254 2313 sunt
289 2276 504 2325 eorum,
544 2278 666 2332 qua:
708 2261 952 2318 Christus
990 2261 1116 2318 fecit
1155 2271 1210 2317 et
1245 2260 1420 2317 dixit:
1451 2263 1583 2315 Acta
1613 2274 1744 2314 vero

132 2368 318 2406 eorum
368 2369 489 2423 qua:
531 2354 668 2408 alius
710 2354 1019 2410 Paracletus
1044 2353 1178 2408 dixit
1203 2362 1258 2408 et
1287 2353 1431 2406 fecit.
1459 2351 1556 2407 ille
1591 2366 1745 2404 nam-

131 2460 231 2513 que
254 2445 372 2514 jam
401 2445 532 2499 olim
559 2446 726 2500 multa
755 2445 1079 2515 operabatur
1103 2487 1118 2512 ,
1144 2444 1284 2498 sicut
1313 2444 1475 2498 etiam
1497 2441 1744 2496 Christus

133 2552 273 2592 nunc
318 2548 601 2607 operatur,
631 2547 686 2592 et
706 2538 833 2593 olim
861 2553 1076 2609 quoque
1101 2538 1462 2608 operabatur;
1492 2536 1588 2592 sed
1619 2545 1746 2592 tunc

131 2644 226 2698 per
254 2630 544 2698 templum,
579 2645 720 2684 nunc
750 2645 846 2700 per
874 2631 1167 2698 apostolos.
1202 2628 1270 2682 Et
1294 2639 1417 2682 tunc
1439 2626 1657 2698 quidem
1689 2627 1742 2680 in

129 2720 432 2789 virgineum
463 2729 673 2776 uterum
702 2723 868 2785 venit,
897 2732 952 2776 et
984 2721 1244 2790 templum
1272 2720 1559 2784 formavit;
1601 2733 1744 2774 nunc

129 2821 306 2864 autem
359 2811 411 2864 iu
456 2813 664 2866 animas
711 2813 856 2866 venit
883 2814 1204 2881 apostolicos
1239 2832 1250 2866 :
1287 2823 1414 2866 tunc
1463 2811 1515 2866 in
1562 2811 1744 2880 specie

129 2903 419 2968 columbae,
474 2918 618 2957 nunc
665 2905 716 2956 in
760 2905 942 2973 specie
987 2904 1145 2974 ignis.
1178 2904 1401 2971 Quare?
1444 2902 1559 2957 illic
1590 2917 1745 2957 man-

129 2995 475 3049 suetudinem
507 2995 817 3060 exhibebat,
850 2996 936 3048 hic
964 3011 1095 3050 vero
1124 2996 1342 3050 ultionis
1369 2995 1738 3049 severitatem.

130 3087 405 3142 Judicium
453 3097 632 3142 autem
661 3097 966 3158 opportune
990 3098 1401 3142 commemorat.
1437 3087 1568 3142 Cum
1597 3087 1742 3141 enim

133 3191 351 3249 peccata
384 3180 740 3236 condonanda
768 3192 942 3247 erant,
983 3182 1147 3234 multa
1179 3195 1316 3250 opus
1341 3190 1458 3235 erat
1487 3195 1743 3235 mansue-

131 3273 320 3328 tudine
354 3291 370 3328 :
399 3275 524 3343 quia
574 3289 700 3328 vero
747 3273 949 3328 donum
997 3275 1315 3344 consequuti
1373 3291 1584 3342 sumus,
1631 3275 1742 3342 jam

132 3377 346 3434 tempus
402 3377 486 3421 est
537 3366 724 3436 judieii
779 3377 834 3421 et
880 3369 1162 3423 examinis.
1225 3369 1508 3434 Quomodo
1564 3379 1743 3424 autem

132 3459 296 3525 dicit,
328 3458 762 3528 Baptizabimini,
793 3476 916 3514 cum
971 3477 1106 3531 aqua
1161 3477 1268 3515 non
1323 3471 1468 3517 esset
1520 3462 1572 3515 in
1627 3476 1742 3517 ca:-

136 3553 376 3608 naculo?
423 3553 558 3621 Quia
599 3553 830 3622 Spiritus
861 3564 978 3618 est,
1008 3569 1105 3624 per
1149 3569 1310 3624 quem
1367 3570 1504 3625 aqua
1556 3569 1748 3624 opera-

136 3645 744 3714 turzqucmadmodum
782 3645 1034 3701 Christus
1073 3656 1264 3701 unctus
1307 3648 1477 3703 fuisse
1525 3647 1744 3713 dicitur,

134 3737 261 3793 licet
314 3752 610 3806 numquam
662 3737 783 3792 oleo
832 3749 1026 3793 unctus
1079 3739 1280 3806 fuerit,
1332 3739 1430 3794 sed
1485 3739 1746 3809 Spiritum

134 3831 433 3900 acceperit.
466 3829 716 3900 Alioquin
747 3846 876 3886 vero
922 3832 1066 3901 ipsos
1111 3847 1247 3902 aqua
1291 3832 1589 3900 baptizatos
1617 3833 1749 3888 fuis-

134 3939 193 3977 se
239 3922 482 3990 reperire
530 3931 645 3984 est,
680 3931 735 3976 et
783 3925 836 3976 in
890 3923 1120 3977 diversis
1175 3924 1528 3992 temporibus.
1587 3925 1744 3994 Apud

137 4030 234 4069 nos
265 4016 412 4071 enim
446 4024 729 4084 utrumque
756 4030 865 4069 uno
893 4015 1192 4083 eodemque
1220 4015 1279 4069 lit
1309 4026 1552 4087 tempore
1572 4059 1587 4082 ,
1620 4028 1746 4073 tunc

136 4117 318 4162 autem
358 4107 588 4161 diversis
637 4107 990 4175 temporibus.
1036 4108 1195 4162 Initio
1227 4125 1458 4178 namque
1485 4124 1513 4162 a
1539 4109 1748 4180 Joanne

138 4201 394 4270 haptizati
422 4209 586 4265 sunt;
627 4213 727 4253 nec
759 4200 954 4253 mirum
983 4209 1085 4254 est.
1118 4199 1250 4254 Nam
1278 4201 1322 4254 si
1352 4202 1668 4257 meretrices
1694 4211 1749 4258 et

138 4293 411 4364 publimni
457 4292 525 4347 ad
570 4292 697 4347 illud
729 4292 991 4362 baptisma
1037 4305 1336 4360 venerunt;
1379 4295 1549 4350 multo
1578 4295 1749 4366 magis

140 4388 209 4451 ii,
240 4386 332 4456 qui
367 4398 552 4456 postea
584 4400 614 4440 a
642 4385 844 4455 Spiritu
875 4386 1179 4455 baptizandi
1211 4397 1385 4440 crant.
1418 4386 1644 4451 Deinde,
1677 4403 1746 4442 ne

138 4478 418 4543 dicerent,
447 4492 562 4532 rem
591 4475 645 4531 in
684 4476 966 4546 promissis
995 4491 1212 4547 semper
1240 4492 1359 4532 esse
1386 4476 1407 4549 (
1428 4493 1551 4533 nam
1583 4478 1748 4532 multa

139 4571 238 4624 hac
262 4569 332 4625 de
361 4584 420 4624 re
449 4569 590 4624 dicta
622 4568 911 4639 fuerant);
945 4585 1078 4625 neve
1106 4579 1356 4640 putarent
1380 4572 1750 4642 Operationem

140 4677 260 4718 esse
285 4664 405 4717 sine
434 4677 494 4717 re
522 4662 720 4733 aliqua,
751 4662 873 4717 illos
898 4661 967 4716 ab
988 4661 1090 4717 hac
1120 4663 1427 4733 suspicione
1450 4663 1747 4731 abducens,

139 4758 214 4810 ait
242 4773 257 4809 :
289 4754 415 4810 Non
445 4766 556 4824 post
582 4757 770 4810 multos
796 4760 888 4811 hos
913 4758 1042 4811 dies.
1081 4756 1268 4828 Neque
1297 4759 1554 4815 indicavit
1583 4775 1751 4830 quan-

140 4846 209 4902 do
232 4889 249 4914 ,
295 4856 356 4901 ut
398 4861 615 4916 semper
644 4846 958 4918 vigilarent;
989 4850 1085 4904 sed
1122 4849 1273 4904 brevi
1315 4851 1551 4906 futurum
1577 4851 1748 4918 dixit,

141 4955 209 4996 ne
236 4939 425 4995 animo
450 4939 775 5005 deticerent;
807 4957 906 4997 nec
935 4942 1143 4997 addidit
1168 4945 1412 5015 quando,
1443 4957 1499 5000 ut
1533 4961 1752 5017 semper

141 5032 334 5104 vigiles
357 5043 562 5087 essent.
606 5031 794 5103 Neque
823 5033 924 5090 hoc
950 5041 1158 5090 tantum
1187 5037 1348 5091 modo
1389 5039 1508 5092 illos
1537 5039 1603 5094 ad
1633 5054 1752 5096 cre—

141 5127 382 5183 dendum
432 5127 658 5192 inducit,
699 5130 906 5184 scilicet
944 5146 1038 5201 per
1082 5131 1403 5187 brevitatem
1451 5135 1747 5204 temporis;

141 5219 234 5274 scd
261 5221 426 5274 etiam
447 5234 569 5275 cum
593 5220 743 5286 dicit,
769 5220 1168 5278 Promissioth
1189 5241 1344 5295 quam
1361 5226 1574 5280 audistis
1589 5243 1620 5279 a
1638 5243 1750 5292 me;

146 5312 194 5365 id
224 5321 311 5368 est
337 5331 351 5367 :
377 5311 494 5367 Non
525 5329 667 5368 nunc
692 5314 844 5370 vobis
870 5324 1073 5372 tantum
1098 5317 1231 5384 dixi,
1257 5317 1352 5372 sed
1369 5319 1478 5387 jam
1504 5319 1747 5387 promisi,

143 5419 262 5473 qua:
307 5406 529 5460 omnino
578 5403 816 5461 facturus
853 5423 995 5464 sum.
1040 5409 1180 5477 Quid
1224 5425 1353 5481 ergo
1403 5411 1618 5465 miraris
1645 5454 1659 5478 ,
1705 5412 1751 5466 si

142 5497 282 5552 diem
330 5501 812 5557 consummationis
855 5517 960 5557 non
1005 5503 1180 5570 dicat,
1213 5506 1302 5576 qui
1345 5505 1488 5560 hunc
1515 5506 1748 5560 vicinum

144 5590 284 5646 diem
314 5591 489 5646 noluit
520 5593 802 5649 indicare?
833 5595 997 5667 quue
1017 5593 1147 5667 jure‘
1165 5598 1383 5665 merito,
1412 5609 1469 5653 ut
1493 5600 1744 5654 nimirum

147 5685 511 5753 exspectando
538 5686 820 5756 vigilarent
845 5703 907 5742 ac
929 5689 1142 5744 solliciti
1171 5700 1371 5746 essent.

218 5777 273 5832 6.
302 5774 420 5831 Non
453 5785 634 5848 potest
660 5782 802 5834 enim
824 5822 840 5846 ,
880 5795 987 5836 non
1032 5791 1245 5851 potest,
1290 5783 1506 5853 inquam
1529 5823 1544 5848 ,
1580 5784 1751 5853 gratia

154 5865 251 5923 frui
289 5871 378 5941 qui
426 5885 535 5928 non
579 5871 779 5944 vigilat.
823 5876 1022 5931 Annon
1052 5875 1198 5932 vides
1222 5916 1237 5941 ,
1267 5875 1393 5948 quid
1433 5876 1576 5933 dicat
1607 5877 1752 5932 tilias

1866 500 2171 574 discipulo?
2218 505 2281 560 Si
2327 507 2515 561 videris
2560 522 2642 560 me
2680 523 2796 561 cum
2843 524 3097 575 assumar,
3137 511 3232 564 erit
3275 510 3368 567 tibi
3401 514 3475 566 sic

1869 595 1955 664 (4.
1987 596 2118 667 Reg.
2150 595 2202 650 9..
2240 596 2348 669 10)
2377 615 2388 650 :
2420 596 2470 651 id
2499 606 2604 665 est,
2633 595 2919 670 Continget
2947 600 3042 674 tibi
3074 599 3177 656 hoc
3203 600 3345 672 quod
3377 616 3472 674 po-

1861 687 2051 742 stulas.
2077 688 2326 745 Clu-istos
2354 705 2570 762 quoque
2595 692 2804 747 solebat
2828 694 3214 749 accedentibus
3243 695 3427 752 dicere
3452 738 3467 762 ,

1861 778 2078 834 Credis?
2107 778 2324 836 Etenim
2351 781 2452 836 nisi
2493 782 2572 838 rei
2603 783 2745 839 datm
2772 785 3066 840 admodum
3113 786 3428 841 hmserimus
3452 827 3470 855 ,

1858 869 2180 925 beneﬁcium
2233 888 2340 928 non
2384 873 2542 930 valde
2589 877 2907 932 sentiemus.
2954 877 3044 934 Sic
3083 888 3137 933 et
3168 879 3335 934 Paulo
3363 896 3471 935 nou

1855 965 2037 1020 statim
2065 965 2190 1020 data
2241 977 2322 1022 est
2348 969 2556 1038 gratia,
2603 969 2698 1024 sed
2746 969 2978 1026 triduum
3028 972 3334 1028 intercessit
3363 989 3472 1045 quo

1854 1071 2032 1113 cmcus
2059 1068 2177 1112 erat
2201 1101 2217 1125 ,
2246 1069 2408 1130 atque
2439 1059 2652 1116 interim
2685 1070 2831 1117 metu
2863 1064 3190 1134 purgabatur
3226 1074 3283 1120 et
3329 1082 3463 1134 prte-

1856 1150 2167 1219 parabatur.
2201 1151 2668 1219 Quemadmodum
2714 1154 2858 1210 enim
2903 1158 2993 1225 qui
3039 1171 3330 1227 purpuram
3367 1159 3468 1214 tin-

1851 1251 2004 1310 gunt,
2035 1242 2182 1312 prius
2209 1243 2528 1314 quihusdam
2557 1245 2681 1300 aliis
2720 1259 3027 1316 prreparant
3057 1247 3130 1312 id,
3174 1248 3317 1319 quod
3366 1249 3469 1303 tin-

1852 1343 2061 1389 cturam
2083 1346 2434 1406 accepturum
2464 1345 2548 1392 est
2571 1379 2584 1400 ,
2614 1354 2683 1393 ne
2710 1337 2810 1394 llos
2836 1339 3100 1394 evanidus
3131 1341 3199 1396 sit
3229 1360 3243 1397 :
3274 1342 3343 1395 ita
3377 1342 3466 1397 hic

1851 1441 2067 1496 quoque
2098 1428 2244 1483 Deus
2273 1429 2422 1497 prius
2462 1429 2750 1484 sollicitam
2783 1432 3017 1486 animam
3051 1444 3320 1502 pru‘parat
3345 1474 3360 1500 ,
3413 1444 3468 1488 et

1853 1529 1981 1574 tunc
2028 1520 2256 1590 gratiam
2305 1520 2559 1576 infundit.
2603 1521 2811 1578 idcirco
2850 1539 2958 1577 non
2991 1526 3170 1579 statim
3204 1525 3463 1595 Spiritum

1824 1679 1826 1688 λ
1851 1612 2017 1674 misit,
2042 1612 2137 1667 sed
2161 1614 2213 1669 in
2246 1614 2586 1671 Pentecoste.

1925 1701 2029 1758 Cur
2071 1703 2353 1775 baptismus
2396 1716 2622 1776 tempore
2667 1706 3020 1780 Cltrysostomi
3061 1709 3115 1763 in
3167 1708 3469 1766 Pentecoste

1849 1810 1952 1848 non
1990 1795 2220 1852 daretur.
2259 1827 2332 1837 —
2373 1798 2528 1867 Quod
2575 1799 2620 1853 si
2652 1801 2773 1870 quis
2814 1800 3013 1856 dixerit
3042 1821 3054 1856 :
3084 1800 3194 1856 Cur
3223 1817 3322 1856 nos
3353 1818 3461 1857 nou

1849 1886 1954 1944 hoc
1999 1896 2244 1960 tempore
2292 1891 2672 1961 baptizamus?
2703 1893 3177 1963 respondebimus,
3232 1896 3463 1966 gratiam

1847 1981 2096 2037 eamdem
2126 1992 2255 2040 tunc
2282 1983 2446 2039 fuisse
2473 2001 2598 2055 qua:
2631 2001 2774 2041 nunc
2799 1995 2913 2050 est;
2943 1986 3035 2041 sed
3065 1998 3300 2042 mentem
3332 1986 3465 2041 sub-

1849 2073 2118 2129 limiorem
2163 2091 2305 2131 nunc
2349 2091 2495 2141 esse,
2525 2077 2666 2148 quod
2696 2078 2906 2148 jejunio
2934 2089 3290 2148 prmparetur.
3325 2078 3466 2133 Pen-

1851 2176 2088 2222 tecostcs
2133 2185 2263 2223 vero
2312 2179 2528 2238 tempus
2571 2169 2733 2224 habet
2775 2171 3006 2241 aliquam
3051 2172 3312 2226 rationem
3358 2188 3464 2226 non

1848 2258 2106 2328 ineptam.
2157 2261 2416 2326 Qumnam
2467 2261 2555 2316 illa
2603 2263 2726 2317 est?
2771 2261 3229 2318 Existimaverunt
3279 2275 3463 2334 patres

1847 2353 2041 2414 nostri,
2073 2353 2338 2421 baptisma
2372 2369 2493 2408 esse
2532 2353 2744 2409 frenum
2776 2355 3030 2409 idoneum
3075 2356 3232 2410 mala:
3262 2371 3465 2410 concu-

1847 2445 2154 2515 piscentizn,
2205 2463 2563 2518 magnamque
2590 2449 2894 2504 doctrinam
2932 2449 3249 2512 continere,
3293 2458 3350 2503 ut
3378 2449 3461 2503 vel

1849 2548 2092 2606 tempore
2136 2537 2452 2593 deliciarum
2499 2550 2862 2611 temperantes
2904 2541 3097 2596 simus.
3151 2543 3230 2596 Ac
3260 2541 3304 2595 si
3335 2556 3465 2612 ergo

1846 2647 1967 2686 cum
2016 2632 2229 2687 Christo
2269 2635 2584 2702 epulemur,
2628 2651 2830 2689 mensa:
2871 2632 3000 2704 ejns'
3035 2644 3340 2699 consortes,
3395 2649 3464 2688 ne

1846 2723 1972 2793 quid
2022 2731 2225 2778 temere
2267 2724 2545 2787 faciamus,
2589 2724 2683 2780 sed
2732 2726 2785 2779 in
2829 2725 3082 2795 jejuniis,
3115 2725 3364 2796 precibus
3410 2733 3464 2779 et

1847 2818 2202 2884 temperantia
2235 2817 2402 2869 multa
2434 2815 2712 2885 degamus.
2746 2816 2880 2871 Nam
2908 2819 2952 2872 si
2993 2818 3070 2883 is,
3112 2817 3201 2887 qui
3235 2818 3463 2872 smcnla-

1847 2922 1962 2961 rem
1992 2907 2282 2978 quamdam
2317 2906 2693 2975 praefecturam
2726 2907 2969 2962 aditurus
2999 2917 3116 2974 est,
3169 2907 3271 2963 sibi
3313 2919 3466 2978 parat

1847 2998 2104 3068 quidquid
2142 2998 2208 3051 ad
2257 2999 2418 3052 vitam
2453 2999 2722 3067 pertinet;
2755 3008 2811 3053 et
2837 3005 2895 3052 ut
2921 2997 3238 3068 dignitatem
3279 3014 3466 3066 quam-

1847 3094 1970 3147 dam
2002 3105 2324 3162 assequuntur
2344 3134 2359 3159 ,
2393 3093 2650 3161 pecunias
2691 3091 2989 3161 impendit,
3020 3101 3231 3162 tempus
3269 3107 3468 3148 consu-

1849 3187 1967 3251 mit,
1999 3194 2050 3240 et
2095 3195 2386 3240 sexcentos
2428 3183 2576 3239 subit
2619 3184 2869 3251 labores;
2901 3201 3014 3254 quo
3041 3201 3141 3240 nos
3171 3185 3316 3256 digni
3352 3185 3468 3240 fue-

1849 3277 2020 3330 rimus
2078 3276 2344 3346 supplicio
2397 3277 2490 3345 qui
2545 3291 2666 3331 cum
2721 3285 2869 3330 tanta
2927 3276 3176 3331 socordia
3234 3291 3464 3347 regnum

1848 3371 2103 3425 cmlorum
2137 3369 2371 3431 adimus,
2407 3385 2584 3440 neque
2611 3377 2900 3437 antequam
2929 3383 3286 3439 assequamur
3317 3368 3469 3423 solli-

1848 3463 1962 3527 citi,
1994 3471 2049 3515 et
2094 3469 2215 3531 post
2258 3470 2541 3530 acceptum
2571 3461 2788 3531 ignavi?
2821 3461 2948 3515 ldeo
2993 3461 3138 3517 cnim
3184 3471 3465 3532 postquam

1849 3544 2180 3627 accdpimus,
2231 3570 2426 3626 segnes
2453 3571 2662 3620 sumus,
2707 3557 2830 3624 quia
2874 3563 3166 3625 antequam
3196 3557 3471 3624 accipere-

1851 3665 2004 3712 mus,
2039 3666 2147 3704 non
2183 3647 2540 3719 vigilavimns.
2575 3649 2782 3704 Idcirco
2810 3648 2961 3704 multi
2991 3657 3276 3720 postquam
3314 3665 3470 3705 acce-

1850 3751 2085 3811 perunt,
2138 3741 2384 3810 protinus
2434 3740 2500 3794 ad
2547 3740 2786 3810 priorem
2833 3741 3101 3794 vomitum
3152 3741 3466 3806 redierunt,

1853 3833 2066 3902 pejores
2097 3840 2225 3886 sunt
2250 3831 2445 3895 eil‘ecti,
2478 3841 2533 3888 et
2558 3833 2777 3902 gravius
2806 3830 2910 3885 sibi
2940 3831 3266 3901 supplicium
3299 3841 3470 3887 attra-

1852 3933 2064 3990 xcrunt,
2096 3940 2126 3978 a
2163 3925 2438 3994 prioribus
2467 3925 2676 3980 liberati
2713 3924 2950 3993 peccatis
2983 3946 2994 3980 :
3038 3924 3274 3995 hincque
3299 3927 3470 3996 magis

1846 4016 2085 4084 judicem
2130 4015 2198 4070 ad
2242 4016 2377 4070 iram
2427 4017 2790 4082 concitarunt,
2837 4015 2981 4086 quod
3031 4031 3061 4069 a
3112 4024 3266 4071 tanto
3311 4018 3469 4072 soluti

1851 4108 2064 4172 morbo,
2115 4123 2183 4162 ne
2227 4107 2308 4162 sic
2351 4106 2571 4178 quidem
2620 4107 2990 4176 rcsipuerint;
3021 4106 3115 4160 sed
3153 4105 3284 4160 illud
3330 4108 3473 4176 passi

1852 4199 1984 4265 sint,
2027 4199 2170 4268 quod
2203 4199 2504 4271 paralytico
2550 4200 2915 4254 comminatus
2958 4209 3042 4254 est
3080 4199 3352 4263 Christus,
3387 4199 3473 4255 di-

1852 4305 1983 4348 cens
2023 4307 2037 4344 :
2076 4290 2209 4346 Ecce
2234 4307 2392 4346 sanus
2421 4294 2587 4362 factus
2627 4307 2712 4356 es;
2744 4291 2851 4345 noli
2879 4290 3104 4360 amplius
3131 4307 3372 4362 peccare,
3413 4307 3478 4344 ne

1852 4384 1978 4453 quid
1999 4384 2086 4436 tibi
2113 4385 2337 4438 deterius
2367 4383 2626 4452 contingat
2654 4382 2836 4455 (Joan.
2868 4385 2923 4438 5.
2954 4384 3045 4454 14)
3073 4402 3086 4436 :
3114 4383 3370 4455 quodque
3404 4383 3472 4439 de

1853 4476 2055 4531 Jndaais
2082 4476 2352 4546 prazdixit,
2383 4477 2677 4531 ostendens
2715 4477 2860 4546 ipsos
2887 4477 3083 4546 ingrati
3114 4477 3283 4532 animi
3309 4492 3473 4533 causa

1857 4568 2212 4624 intolerabilia
2247 4581 2500 4638 passuros
2520 4583 2642 4622 esse
2672 4585 2684 4621 :
2717 4567 2778 4623 Si
2822 4585 2922 4622 nou
2953 4569 3199 4623 venissent
3228 4580 3274 4621 et
3295 4570 3476 4638 loqun-

1856 4669 1937 4714 tus
1966 4661 2177 4730 fuissent
2203 4660 2294 4726 eis,
2324 4669 2584 4731 peccatum
2612 4677 2713 4714 non
2741 4656 2984 4715 haberent
3015 4659 3197 4731 (Joan.
3233 4659 3321 4715 15.
3351 4660 3464 4729 2‘2).

1856 4753 2043 4823 itaque
2076 4753 2301 4823 posthac
2325 4752 2486 4822 dupla
2516 4763 2570 4806 et
2608 4751 2910 4823 quadrupla
2934 4762 3062 4807 sunt
3089 4762 3331 4822 peccata.
3356 4753 3477 4821 Quo

1857 4845 2062 4916 pacto?
2091 4844 2227 4911 Quia
2256 4854 2383 4916 post
2409 4845 2664 4899 collatum
2694 4844 2956 4899 honorem
2983 4844 3178 4915 ingrati
3207 4861 3398 4899 SlllttllS
3423 4854 3478 4898 et

1856 4941 2108 5012 improbi.
2150 4939 2490 5010 Quapropter
2535 4937 2665 4991 nihil
2709 4937 2868 4991 nobis
2910 4937 3126 5007 proiicit
3155 4938 3472 5003 lavacrum,

1855 5045 1913 5090 ut
1957 5035 2140 5089 mitius
2187 5033 2492 5104 puniamur.
2540 5030 2925 5086 Animadverte
2959 5045 3158 5101 porro:
3201 5031 3253 5085 in
3292 5032 3476 5100 gravia

1858 5139 2075 5198 peccata
2107 5128 2228 5196 quis
2257 5127 2480 5191 incidit;
2510 5124 2592 5180 vel
2623 5123 2850 5189 aedem,
2883 5124 2974 5181 vel
3005 5124 3352 5188 adulterium,
3383 5124 3469 5177 vel

1858 5221 2002 5275 aliud
2045 5219 2323 5292 quidpiam
2355 5218 2598 5273 deterius
2624 5217 2840 5272 admisit
2875 5235 2887 5271 :
2923 5216 3038 5272 lucc
3069 5233 3167 5287 per
3197 5218 3472 5271 lavacrum

1857 5316 2086 5370 remissa
2132 5321 2278 5367 sunt.
2329 5311 2545 5366 Nullum
2591 5311 2792 5381 quippe
2821 5319 2904 5364 est
2930 5352 2943 5375 ,
2975 5311 3184 5364 nullum
3214 5322 3291 5363 est
3321 5319 3471 5365 certe

1861 5417 2164 5480 peccatum,
2195 5405 2340 5460 nulla
2368 5405 2634 5474 impietas,
2666 5420 2787 5472 quae
2818 5403 2946 5457 huic
2963 5402 3108 5457 dono
3135 5419 3241 5455 non
3267 5401 3423 5456 cedat
3455 5417 3471 5458 :

1857 5502 2035 5558 divina
2068 5501 2265 5570 quippe
2301 5509 2383 5552 est
2412 5496 2603 5567 gratia.
2635 5495 2872 5550 Rursum
2907 5495 3210 5550 mmehatus
3237 5507 3321 5549 cst
3351 5494 3472 5565 quis

1857 5603 1912 5648 et
1941 5592 2141 5647 occidit
2174 5609 2186 5644 :
2217 5589 2450 5660 primum
2482 5587 2700 5657 quidem
2734 5585 3058 5640 adulterium
3091 5587 3325 5640 solutum
3357 5592 3464 5650 est,

1859 5699 1912 5742 et
1953 5687 2130 5742 caedes
2172 5685 2496 5748 condonata,
2528 5697 2704 5752 neque
2731 5691 3018 5736 revocatur
3045 5702 3057 5734 :
3089 5680 3240 5734 Dona
3268 5681 3468 5753 quippe

1858 5781 1956 5836 Dei
1986 5790 2032 5836 et
2058 5780 2252 5835 vacatio
2283 5779 2393 5849 ejus
2423 5787 2540 5832 sunt
2570 5777 2677 5829 sine
2707 5775 3000 5845 pteititentia
3029 5773 3206 5843 (Rom.
3234 5774 3322 5827 ll.
3346 5771 3464 5842 ‘29).

1857 5877 1964 5934 Sed
2015 5892 2112 5950 pro
2160 5877 2244 5945 iis,
2293 5890 2412 5945 quae
2455 5879 2576 5942 post
2615 5869 2942 5942 baptismum
2984 5876 3291 5938 perpetrata
3323 5875 3456 5922 sunt
