4054 6436
599 388 671 446 as
1344 379 1399 438 s.
1439 373 1716 435 JOANNIS
1750 340 2226 431 cuuvsoSrout
2265 364 2584 424 ARCHIEP.
2623 364 3156 425 coas'rammor.
3814 358 3886 416 et

598 512 773 560 lautas
811 501 1000 556 damus
1027 510 1248 568 poenas,
1290 503 1517 565 quantas
1552 493 1598 550 si
1645 491 1735 546 illa
1780 495 2030 544 revocata
2071 497 2179 538 non

598 595 862 661 fuissent,
894 592 1003 647 imo
1031 591 1190 660 longe
1220 585 1474 658 majores.
1504 584 1622 641 Non
1645 584 1789 640 enim
1815 581 1925 652 jam
1953 578 2179 650 simplex

596 693 680 740 est
703 691 1001 755 peccatum,
1028 681 1122 737 sed
1150 680 1348 751 duplex
1371 687 1427 735 et
1450 677 1666 747 triplex.
1692 673 1847 742 Quod
1875 681 2055 728 autem
2085 667 2184 724 hoc

596 791 716 833 rum
737 775 909 845 major
927 775 997 830 sit
1019 772 1169 838 ultio,
1199 771 1323 827 audi
1344 769 1470 840 quid
1491 768 1636 825 dicat
1655 766 1852 823 Paulus
1881 782 1895 818 :
1926 779 1944 815 I
1975 762 2181 818 lrritam

597 866 717 937 quis
760 865 963 921 faciens
1012 865 1180 935 legem
1231 859 1450 934 Moysls,
1496 861 1615 917 sine
1657 859 1763 914 ulla
1812 853 2179 912 misericordia

598 959 805 1013 duobus
847 957 931 1012 vel
971 957 1143 1012 tribus
1189 955 1415 1010 testibus
1459 951 1689 1007 moritur
1721 967 1734 1004 :
1765 956 1967 1020 quanto
2011 945 2182 1015 magis

598 1049 797 1120 putatis
844 1047 1108 1103 deteriora
1156 1043 1350 1100 mereri
1399 1043 1656 1113 supplicia
1703 1040 1794 1111 qui
1841 1038 2036 1093 Filium
2085 1036 2180 1091 Dei

596 1141 1031 1200 conculcaverit,
1084 1147 1140 1192 et
1191 1136 1505 1206 sanguinem
1557 1130 1861 1188 testamenti
1917 1129 2178 1199 pollutum

599 1234 830 1296 duxerit,
858 1240 913 1286 et
939 1230 1148 1300 spiritui
1171 1229 1358 1301 gratiae
1381 1225 1759 1283 contumeliam
1787 1222 1973 1278 fecerit
1993 1220 2177 1287 (Hebr.

599 1320 964 1393 10.28.29)?
1001 1339 1021 1372 ι

666 1411 852 1466 Contra
901 1427 983 1466 eos
1035 1410 1122 1478 qui
1176 1407 1425 1479 baptisma
1479 1404 1801 1473 iii/ferebant.
1830 1401 2175 1457 —Fortasse

597 1503 796 1558 multos
826 1502 1152 1568 avertimus,
1181 1515 1250 1555 ne
1279 1513 1419 1554 nunc
1454 1497 1719 1566 accipiant
1759 1493 2044 1564 baptisma.
2075 1490 2182 1546 Ve-

598 1610 716 1649 rum
747 1609 850 1650 non
882 1595 996 1648 hare
1039 1593 1128 1646 illa
1166 1591 1234 1647 de
1261 1605 1423 1646 causa
1449 1589 1683 1643 diximus
1706 1627 1723 1653 ,
1751 1586 1846 1641 sed
1868 1594 1928 1638 nt
1951 1583 2041 1654 qui
2069 1583 2178 1653 jam

593 1695 936 1756 acceperunt,
961 1684 1014 1737 in
1042 1682 1206 1737 multa
1233 1689 1485 1736 maneant
1511 1676 1861 1748 temperantia
1905 1682 1959 1729 et
1991 1669 2180 1729 mode-

598 1777 723 1831 stia.
756 1779 828 1832 At
855 1784 1054 1839 metuo,
1079 1775 1220 1829 dicet
1242 1774 1452 1842 aliquis.
1482 1771 1538 1827 Si
1563 1780 1855 1832 metueres,
1879 1767 2180 1836 accepisses

596 1868 778 1938 utique
805 1877 859 1922 et
878 1880 1176 1921 servasses.
1210 1864 1428 1930 Verum,
1461 1862 1671 1932 inquies
1690 1902 1706 1926 ,
1736 1875 1798 1914 ea
1823 1859 1936 1928 ipsa
1961 1858 2028 1912 de
2054 1862 2182 1912 catt-

594 1971 652 2011 sa
681 1973 786 2011 non
814 1955 1022 2024 accipio
1040 1995 1054 2020 ,
1085 1953 1226 2024 quod
1259 1963 1511 2008 metuam.
1543 1954 1738 2006 Annon
1789 1948 1983 2002 metuis
2008 1947 2085 2001 sic
2107 1961 2175 2000 ex

597 2047 694 2101 bac
721 2047 828 2100 vita
856 2043 1160 2100 decedere?
1188 2042 1458 2108 Clemens,
1489 2041 1682 2110 inquit.
1711 2046 1794 2094 est
1825 2037 1985 2092 Deus.
2018 2033 2180 2104 igitur

597 2137 778 2206 accipe
803 2137 1065 2205 baptisma
1089 2151 1104 2186 :
1129 2133 1367 2189 clemens
1399 2131 1544 2186 enim
1568 2139 1653 2185 est
1679 2138 1733 2185 et
1767 2128 2075 2198 Opitulatur.
2101 2125 2178 2179 Tu

591 2245 721 2284 vero
743 2228 830 2283 ubi
861 2237 1132 2298 oporteret
1159 2225 1395 2281 studiose
1412 2239 1525 2278 rem
1552 2236 1731 2294 agere,
1752 2220 1896 2275 illam
1926 2233 2029 2273 non
2053 2227 2181 2286 pra:-

592 2319 768 2373 tendis
792 2318 1171 2380 clementiam;
1201 2315 1292 2369 ubi
1324 2327 1456 2368 vero
1484 2311 1703 2367 diiIerre
1744 2319 1933 2381 optas,
1955 2319 2083 2362 tunc
2111 2307 2179 2361 il-

593 2410 698 2463 lam
735 2410 1074 2464 clemeutiam
1115 2419 1405 2462 memoras.
1442 2405 1601 2474 Atqui
1644 2413 1769 2457 tunc
1798 2411 2014 2471 tempus
2038 2410 2180 2455 esset

591 2500 775 2556 utendi
796 2499 885 2554 illa
907 2498 1214 2561 clementia,
1243 2506 1404 2567 atque
1425 2495 1569 2550 illam
1597 2502 1710 2548 tum
1736 2493 1905 2563 magis
1926 2507 2181 2560 asseque-

596 2606 735 2656 mur,
767 2605 888 2644 cum
914 2604 977 2644 ea
1006 2605 1124 2658 quae
1157 2603 1324 2657 penes
1353 2601 1451 2641 nos
1479 2594 1604 2640 sunt
1630 2583 1932 2638 atl‘eremus.
1967 2577 2175 2637 Etcum

591 2682 657 2746 is,
685 2681 774 2749 qui
795 2679 974 2734 omnia
997 2681 1049 2734 in
1073 2680 1238 2734 Deum
1263 2677 1457 2746 rejicit,
1481 2685 1536 2731 et
1566 2683 1686 2744 post
1712 2673 1972 2743 baptisma
1995 2683 2180 2743 peccat

594 2780 776 2840 utpote
803 2771 984 2835 homo,
1019 2787 1114 2840 per
1140 2768 1508 2840 pmuitentiam
1539 2767 1694 2821 venia
1722 2766 2010 2821 donabitur
2043 2784 2055 2819 :
2088 2765 2178 2835 qui

588 2880 714 2918 vero
750 2865 818 2918 de
864 2864 954 2918 Dei
998 2862 1281 2918 clementia
1322 2861 1475 2932 quasi
1519 2870 1705 2931 argute
1744 2861 1890 2930 agit,
1921 2861 1963 2914 si
1994 2858 2178 2930 gratiae

589 2971 782 3026 expers
822 2955 944 3010 hinc
978 2955 1233 3017 decedat,
1265 2955 1559 3010 iuevitabili
1602 2954 1864 3023 supplicio
1893 2953 2172 3023 plectetur.

587 3049 695 3104 Cur
722 3058 898 3104 autem
943 3049 1059 3102 haec
1099 3048 1363 3102 adversus
1392 3048 1616 3101 salutem
1651 3053 1792 3099 tuam
1839 3044 2177 3114 prmtendis?

590 3142 924 3212 ltnpossibile
955 3141 1096 3195 enim
1127 3150 1227 3204 est,
1264 3140 1612 3210 impossibile,
1649 3151 1705 3193 ut
1735 3147 1887 3209 puto,
1908 3145 2008 3201 est,
2028 3153 2173 3204 eum,

583 3236 673 3304 qui
703 3234 792 3288 tali
822 3247 918 3304 spe
947 3233 1111 3287 fultus
1139 3232 1352 3297 diil‘ert,
1398 3238 1676 3286 strenuum
1704 3230 1828 3301 quid
1857 3240 1948 3283 aut
1975 3229 2174 3284 bonum

586 3327 818 3394 operari.
843 3325 921 3380 Tu
952 3340 1080 3379 vero
1114 3337 1212 3379 cur
1239 3333 1444 3379 tantum
1476 3333 1676 3378 metum
1708 3323 1970 3393 suscipis,
1999 3332 2054 3377 et
2089 3323 2172 3376 in—

583 3425 788 3469 certum
823 3416 1055 3470 futurum
1081 3415 1409 3486 praetendis?
1442 3431 1538 3471 cur
1568 3430 1672 3470 non
1706 3425 1904 3469 metum
1939 3416 2095 3496 illum
2120 3419 2172 3469 iu

585 3507 820 3560 laborem
843 3517 896 3560 et
920 3506 1252 3574 diligentiam
1282 3517 1475 3570 mutas,
1502 3517 1558 3559 ut
1590 3507 1664 3560 sis
1689 3521 1915 3575 magnus
1935 3515 1990 3559 et
2013 3508 2175 3559 mira-

584 3599 752 3654 bilis?
781 3611 957 3654 utrum
988 3600 1177 3654 melius
1201 3609 1304 3666 est,
1329 3601 1538 3664 timere,
1567 3614 1637 3654 an
1666 3599 1950 3654 laborare?
1972 3598 2028 3654 Si
2055 3599 2174 3668 quis

585 3699 634 3745 te
657 3693 947 3746 collocaret
971 3693 1201 3746 otiosum
1247 3692 1298 3746 in
1327 3691 1488 3745 domo
1513 3692 1681 3745 ruina:
1708 3692 1951 3761 proxima
1974 3732 1989 3756 ,
2021 3691 2171 3745 dicc-

584 3791 803 3852 retque,
847 3782 1114 3851 EXSpecta
1169 3785 1338 3838 donec
1374 3786 1702 3854 contignatio
1736 3784 1860 3852 jam"
1908 3784 2077 3852 putris
2121 3785 2173 3836 in

583 3885 744 3945 caput
776 3886 921 3929 tuum
951 3876 1105 3929 cadat
1128 3877 1272 3946 (nam
1295 3874 1432 3930 forte
1458 3875 1635 3940 cadet,
1663 3875 1799 3930 forte
1823 3889 1927 3929 non
1955 3874 2169 3946 cadet);

585 3967 667 4020 sin
699 3982 803 4020 non
833 3967 1024 4035 placet,
1047 3981 1295 4036 operare,
1319 3976 1374 4021 et
1402 3969 1451 4020 in
1474 3967 1667 4020 tutiore
1689 3965 1866 4019 habita
1895 3966 2129 4019 thalamo
2155 3983 2168 4018 :

582 4068 759 4112 utrum
790 4061 963 4128 potius
990 4059 1217 4126 eligeres
1238 4101 1253 4126 ,
1285 4059 1524 4114 otiumne
1553 4058 1683 4114 illud
1716 4059 1908 4114 timore
1932 4059 2168 4128 plenum,

577 4166 647 4205 au
691 4151 926 4206 laborem
956 4166 1050 4221 spe
1082 4150 1313 4206 fultum?
1339 4152 1412 4206 Ita
1441 4159 1496 4206 et
1545 4166 1687 4206 nunc
1717 4149 1896 4206 facito.
1929 4151 2059 4206 Nam
2093 4148 2174 4204 ina-

581 4253 789 4295 certum
834 4241 964 4295 illud
1012 4239 1246 4295 futurum
1272 4282 1288 4304 ,
1325 4251 1409 4295 est
1438 4243 1587 4311 quasi
1634 4242 1826 4296 domus
1867 4242 1918 4295 in
1960 4243 2171 4294 ruinam

586 4347 814 4403 vergens
842 4351 856 4397 ;
889 4333 977 4386 illa
1010 4347 1141 4388 vero
1167 4333 1413 4403 operatio
1431 4374 1446 4401 ,
1475 4334 1576 4388 etsi
1605 4333 1894 4399 laboriosa,
1916 4333 2174 4389 securita-

586 4432 690 4478 tem
721 4422 969 4492 spondet.

657 4515 709 4568 7.
751 4515 914 4569 Absit
955 4530 1082 4585 ergo
1121 4523 1179 4570 ut
1212 4515 1266 4571 in
1310 4523 1510 4570 tantam
1553 4513 1924 4571 necessitatem
1971 4513 2174 4568 incida~

584 4621 737 4687 mus,
770 4615 826 4660 ut
863 4617 984 4676 post
1031 4608 1303 4661 lavacrum
1335 4622 1636 4676 peccemus.
1681 4608 1931 4661 Attamen
1972 4606 2016 4660 si
2043 4605 2170 4674 quid

585 4697 761 4752 simile
789 4697 994 4752 accidat
1018 4738 1033 4764 ,
1072 4713 1139 4753 ne
1167 4698 1245 4752 sic
1270 4698 1489 4768 quidem
1518 4697 1890 4766 desperemus.
1922 4693 2173 4750 Clemens

587 4789 731 4844 enim
760 4798 842 4844 est
887 4791 1159 4855 Dominus,
1192 4792 1490 4858 multasque
1523 4789 1689 4860 .nobis
1716 4789 1861 4844 dedit
1900 4789 2171 4845 remissio-

583 4884 675 4937 nis
714 4890 896 4952 postea
937 4882 1286 4952 impetrandae
1324 4883 1459 4937 vias.
1493 4882 1759 4938 Caeterum
1801 4881 1940 4935 sicut
1984 4880 2056 4946 ii,
2083 4880 2174 4950 qui

589 4984 711 5045 post
740 4976 1011 5030 lavacrum
1037 4985 1279 5046 peccant,
1309 4977 1522 5046 gravius
1545 4975 1865 5043 puniuntur,
1902 4988 2059 5043 quam
2085 4988 2170 5026 cao

590 5063 896 5120 techumeni
931 5083 944 5118 :
975 5066 1051 5119 sic
1077 5066 1164 5136 qui
1197 5065 1374 5120 sciunt
1400 5065 1731 5136 pmoiteutize
1764 5077 1884 5118 esse
1912 5062 2170 5128 remedia,

593 5171 691 5210 nec
735 5156 798 5209 iis
829 5156 904 5209 uti
955 5157 1158 5222 volunt,
1191 5156 1437 5225 graviora
1483 5156 1765 5212 patientur.
1796 5153 2007 5220 Quanto
2032 5153 2174 5207 enim

593 5246 762 5316 major
792 5257 873 5300 est
903 5247 994 5299 Dei
1021 5247 1298 5301 clementia
1321 5289 1335 5312 ,
1358 5254 1508 5301 tanto
1536 5262 1701 5316 magis
1732 5246 2049 5314 supplicium
2082 5259 2175 5298 au-

593 5349 748 5408 getur
769 5382 783 5404 ,
816 5342 856 5393 si
891 5355 994 5394 non
1038 5341 1124 5394 illa
1153 5351 1212 5394 ut
1250 5349 1458 5410 oportet
1491 5350 1723 5394 utamur.
1761 5339 1899 5404 Quid
1936 5339 2068 5392 dicis
2095 5379 2109 5403 ,
2142 5353 2176 5391 ο

594 5429 799 5484 homo?
837 5429 1018 5484 Tantis
1059 5432 1249 5500 plenus
1287 5432 1437 5484 malis
1473 5445 1536 5485 ac
1577 5431 1882 5498 deploratus
1913 5471 1927 5495 ,
1970 5430 2175 5482 amicus

594 5530 814 5590 repente
848 5520 1014 5576 factus
1041 5538 1116 5585 es,
1143 5530 1198 5578 et
1225 5521 1290 5575 ad
1313 5523 1526 5576 culmen
1557 5523 1775 5575 honoris
1801 5531 2037 5585 evectus,
2069 5535 2175 5573 non

595 5627 658 5666 ex
685 5612 914 5681 propriis
949 5613 1247 5675 laboribus,
1280 5613 1374 5667 sed
1405 5629 1471 5667 ex
1501 5613 1641 5667 dono
1664 5613 1788 5675 Dei,
1814 5623 1867 5666 et
1896 5626 2081 5665 rursus
2108 5625 2176 5665 ao

599 5706 873 5773 pristinam
931 5721 1179 5760 reversus
1228 5722 1284 5761 es
1337 5705 1716 5775 turpitudinem
1748 5747 1760 5767 ,
1799 5704 2003 5758 etiamsi
2049 5702 2177 5756 hinc

597 5797 831 5867 graviter
856 5796 1176 5852 cruciandus
1209 5797 1320 5851 sis:
1362 5797 1450 5852 ille
1480 5811 1608 5852 vero
1664 5810 1835 5864 neque
1891 5795 1966 5849 sic
2019 5808 2176 5846 aver-

2288 495 2382 538 sus
2428 492 2552 548 est;
2580 482 2674 538 sed
2731 483 2878 538 mille
2928 484 3118 538 salutis
3161 495 3324 537 ansas
3372 479 3515 536 Deus
3554 480 3755 544 dedit,
3791 495 3888 551 per

2285 586 2421 642 quas
2473 575 2677 628 amicus
2726 574 2979 629 efllclaris
3025 592 3042 630 :
3095 582 3151 630 tu
3200 588 3332 629 vero
3392 587 3463 627 ne
3523 573 3603 627 sic
3661 571 3888 642 quidem

2287 663 2367 718 vis
2409 663 2646 720 laborem
2698 667 2994 736 suscipere.
3057 666 3126 721 Et
3176 679 3280 737 qua
3333 664 3546 720 tandem
3593 665 3754 719 venia
3804 664 3888 719 di-

2286 771 2421 828 gnus
2465 755 2616 812 eris?
2661 757 2932 826 quomodo
2958 772 3065 813 non
3093 759 3281 826 tejure
3304 756 3534 827 gentiles
3572 755 3886 822 derideant,

2285 857 2386 904 ceu
2416 849 2595 904 fucum
2637 850 2942 920 quempiam
2984 858 3187 904 temere
3218 850 3520 918 frustraque
3559 847 3835 902 viventem
3867 847 3890 899 2

2284 939 2419 995 Nam
2451 942 2496 995 si
2518 939 2694 1006 valet,
2716 941 2984 1012 inquiunt,
3012 938 3351 1009 philoSOpbia
3379 947 3558 993 vestra
3580 979 3596 1003 ,
3625 936 3758 1008 quid
3784 936 3887 992 sibi

2285 1031 2400 1087 vult
2429 1032 2516 1086 illa
2533 1043 2638 1087 nun
2663 1032 2989 1087 initiatorum
3012 1030 3295 1086 multitudo
3311 1032 3336 1084 ἰ
3362 1029 3626 1085 Praeclara
3642 1038 3796 1083 certe
3815 1035 3890 1082 at-

2285 1138 2391 1195 que
2414 1125 2710 1194 eXpetenda
2728 1125 3000 1196 mysteria.
3029 1124 3135 1180 Sed
3165 1123 3343 1178 nullus
3359 1129 3663 1194 exspectet,
3683 1130 3746 1176 ut
3763 1120 3888 1175 aui-

2285 1229 2426 1270 mam
2467 1231 2634 1286 agens
2670 1217 2942 1271 lavacrum
2972 1217 3217 1286 accipiat.
3263 1215 3378 1270 Non
3416 1216 3560 1270 enim
3592 1215 3886 1286 mysterio-

2284 1318 2403 1361 rum
2431 1313 2640 1374 tempus
2671 1306 2800 1362 illud
2825 1316 2929 1372 est,
2960 1307 3054 1362 sed
3078 1315 3520 1361 testamentorum
3547 1322 3562 1360 :
3593 1306 3890 1374 mysterio-

2284 1410 2402 1449 rum
2446 1403 2628 1452 autem
2659 1405 2869 1465 tempus
2897 1406 2982 1452 est
3019 1397 3222 1452 sanitas
3261 1397 3518 1451 mentium
3551 1437 3566 1462 ,
3599 1405 3656 1451 et
3682 1396 3884 1450 anima:

2286 1485 2659 1555 temperantia.
2696 1486 2790 1542 Dic
2817 1487 2962 1542 enim
2995 1486 3126 1540 mihi
3161 1506 3174 1540 ε
3207 1487 3250 1540 si
3285 1496 3603 1543 testamenta
3635 1501 3746 1541 non
3772 1486 3888 1541 vult

2285 1579 2407 1647 quis
2427 1578 2504 1632 sic
2533 1577 2758 1633 allectus
2781 1579 2962 1643 edere,
2995 1563 3090 1633 sed
3123 1587 3177 1634 et
3203 1579 3250 1634 si
3277 1578 3538 1645 ediderit,
3572 1595 3762 1634 ansam
3793 1579 3889 1634 dat

2286 1678 2471 1739 postea
2516 1670 2796 1740 litigandi;
2830 1671 3058 1742 ideoque
3094 1673 3182 1742 qui
3227 1682 3491 1727 tesmntur
3531 1673 3646 1728 haec
3677 1673 3887 1728 addunt

2285 1763 2446 1818 verba
2472 1780 2485 1818 :
2519 1763 2634 1833 Ego
2674 1766 2858 1821 vivens
2880 1806 2896 1831 ,
2940 1774 2995 1820 et
3031 1777 3210 1820 mente
3237 1767 3422 1822 valens
3449 1781 3567 1820 mea
3599 1765 3836 1835 dispono
3868 1784 3883 1821 :

2284 1853 2557 1922 quomodo
2583 1855 2647 1919 is,
2674 1855 2762 1925 qui
2790 1857 2870 1910 sui
2894 1870 3116 1926 compca
3142 1872 3246 1910 non
3274 1865 3377 1923 est,
3404 1857 3599 1926 poterit
3627 1867 3888 1913 accurate

2285 1949 2556 2019 mysteriis
2577 1948 2818 2004 initiari?
2848 1949 2906 2004 Si
2932 1950 3077 2003 enim
3110 1949 3178 2004 de
3206 1949 3552 2004 saacularibus
3582 1949 3745 2004 rebus
3775 1965 3884 2003 non

2284 2040 2467 2095 sinunt
2489 2050 2726 2097 externze
2750 2040 2898 2110 leges
2927 2042 3109 2096 testari
3132 2053 3255 2095 eum
3282 2081 3296 2104 ,
3321 2041 3410 2110 qui
3443 2041 3664 2096 omnino
3695 2049 3887 2095 mente

2286 2147 2393 2187 non
2417 2133 2592 2187 Valeat
2615 2173 2630 2198 ,
2667 2147 2790 2187 cum
2819 2141 2998 2187 tamen
3023 2132 3092 2188 de
3116 2132 3229 2188 suis
3254 2129 3604 2186 facultatibus
3629 2131 3888 2201 prtescri-

2287 2226 2473 2293 ptbrus
2502 2223 2573 2278 sit
2601 2240 2614 2276 :
2645 2222 2921 2293 quomodo
2949 2223 3018 2277 de
3043 2237 3212 2294 regno
3231 2223 3488 2278 caelorum
3518 2222 3692 2292 deque
3719 2237 3886 2278 arca-

2287 2315 2368 2369 nis
2395 2314 2502 2370 illis
2531 2314 2687 2370 bonis
2717 2315 2992 2370 institutus
3018 2316 3221 2384 poteris
3246 2315 3392 2370 clare
3420 2315 3597 2369 Omnia
3633 2315 3884 2383 discere,

2283 2421 2405 2460 eum
2429 2421 2576 2475 stepe
2602 2406 2673 2460 ob
2699 2407 2946 2461 morbum
2973 2415 3150 2462 mente
3175 2415 3364 2475 captus
3384 2408 3460 2462 sis
3479 2407 3505 2461 '!
3531 2406 3886 2477 quandonam

2281 2497 2444 2552 verba
2472 2496 2562 2551 illa
2593 2495 2808 2552 Christo
2837 2496 2985 2553 dices
3011 2539 3028 2562 ,
3059 2498 3418 2567 Consepultus
3447 2513 3571 2553 cum
3597 2499 3689 2552 illo
3711 2538 3726 2563 ,
3753 2513 3885 2554 cum

2279 2587 2390 2656 jam
2416 2587 2742 2657 migraturus
2765 2587 2839 2641 sis
2855 2588 2880 2638 τ
2904 2587 3037 2643 Nam
3059 2597 3114 2642 et
3141 2589 3397 2656 operibus
3425 2598 3481 2644 et
3505 2589 3684 2643 verbis
3715 2589 3889 2645 bene-

2283 2679 2516 2734 volentia
2548 2678 2619 2733 illi
2652 2678 2956 2734 exbibeuda
2983 2688 3085 2734 est.
3117 2679 3196 2734 Tu
3226 2692 3355 2736 vero
3383 2680 3602 2750 perinde
3633 2681 3790 2746 facis,
3821 2698 3888 2739 ac

2283 2769 2327 2821 si
2354 2768 2471 2838 quis
2497 2760 2733 2838 postulet
2760 2770 2989 2826 adscribi
3018 2771 3222 2825 militiae.
3242 2812 3257 2836 ,
3285 2787 3404 2827 cum
3427 2773 3539 2841 jam
3569 2771 3766 2826 bellum
3799 2783 3888 2829 est

2283 2862 2592 2916 solvendum
2628 2882 2654 2926 ς’
2683 2871 2777 2916 aut
2825 2863 2871 2917 si
2915 2861 3112 2919 athleta
3155 2870 3266 2918 tum
3305 2874 3483 2919 vestes
3521 2874 3727 2932 exuat,
3753 2881 3886 2922 cum

2281 2961 2615 3021 spectatores
2658 2962 2902 3024 surguut.
2936 2954 3069 3009 Nam
3099 2955 3218 3010 ideo
3258 2971 3408 3009 arma
3434 2957 3603 3010 sumis
3625 2997 3640 3021 ,
3671 2973 3779 3010 non
3825 2967 3888 3013 ut

2283 3043 2526 3110 protinus
2547 3043 2786 3114 aufugies
2811 3062 2825 3110 ;
2855 3047 2948 3100 sed
2979 3056 3036 3100 ut
3062 3047 3169 3100 illis
3210 3047 3500 3102 instructus
3523 3090 3536 3114 ,
3563 3057 3748 3102 contra
3780 3050 3884 3104 bo-

2282 3143 2419 3189 stem
2470 3144 2728 3206 tropaaum
2775 3138 2973 3207 erigas.
3024 3138 3192 3193 Nemo
3243 3149 3387 3207 putet
3441 3139 3880 3208 intempestivum

2282 3227 2426 3283 hunc
2474 3243 2778 3284 sermonem
2824 3245 2987 3297 esse,
3035 3231 3158 3301 quia
3211 3244 3315 3285 non
3362 3232 3416 3286 in
3457 3231 3884 3302 Quadragcsima

2283 3336 2425 3377 nunc
2452 3336 2639 3376 sumus
2667 3323 2766 3392 (a).
2803 3321 2926 3377 Ideo
2972 3339 3203 3392 namque
3243 3324 3542 3378 discrucior
3567 3364 3583 3388 ,
3633 3323 3775 3392 quod
3828 3325 3882 3379 in

2282 3414 2477 3468 talibus
2525 3416 2686 3470 rebus
2729 3425 2941 3486 tempus
2983 3417 3300 3471 observetis.
3349 3416 3556 3470 Etenim
3597 3416 3884 3470 eunuchus

2282 3507 2372 3561 ille
2397 3515 2451 3560 et
2479 3506 2739 3562 barbarus
2767 3508 2868 3561 iter
2898 3523 3062 3577 agens
3091 3548 3106 3572 ,
3140 3507 3313 3561 media
3347 3507 3399 3560 in
3428 3507 3510 3560 via
3536 3523 3657 3560 cum
3691 3517 3841 3561 esset
3864 3547 3880 3571 ,

2283 3609 2492 3668 tempus
2529 3615 2636 3653 non
2664 3601 2954 3670 exquisivit
2983 3600 3119 3668 (Act.
3152 3599 3205 3654 8.
3235 3597 3327 3670 27)
3361 3615 3376 3652 :
3411 3613 3511 3653 nec
3540 3607 3723 3652 custos
3753 3614 3883 3651 car-

2279 3693 2418 3747 ceris
2448 3693 2558 3756 ille,
2590 3693 2730 3747 inter
2755 3693 2962 3748 vinctos
2987 3735 3001 3758 ,
3033 3708 3154 3747 cum
3197 3692 3514 3762 magistrum
3543 3692 3748 3746 videret
3776 3692 3882 3746 lla-

2278 3783 2432 3852 gellis
2456 3798 2656 3838 caesum
2689 3794 2744 3839 et
2779 3785 3012 3839 vinctum
3039 3827 3054 3852 ,
3085 3794 3138 3838 et
3189 3785 3242 3838 in
3288 3797 3506 3838 carcere
3559 3798 3882 3839 mansurum

2283 3875 2302 3946 (
2334 3874 2419 3928 Id.
2455 3875 2542 3931 16.
2572 3875 2644 3931 29
2674 3875 2716 3946 ).
2745 3875 2842 3930 llic
2870 3886 3047 3929 autem
3081 3875 3354 3945 plerique,
3381 3874 3495 3928 'non
3525 3874 3578 3927 in
3609 3889 3835 3930 carcere
3861 3917 3877 3940 ,

2279 3983 2386 4022 non
2414 3967 2466 4021 in
2495 3968 2581 4022 via
2617 3968 2916 4034 constituti,
2945 3965 3199 4022 diil‘erunt
3224 4008 3238 4032 ,
3285 3967 3444 4035 idque
3473 3965 3539 4021 ad
3570 3975 3881 4022 extremum

2277 4074 2447 4128 usque
2482 4059 2604 4113 vita:
2635 4059 2878 4113 halitum.

2350 4153 2402 4206 8.
2444 4151 2710 4222 Baptis‘ma
2770 4165 2871 4206 non
2924 4147 3551 4218 differendum—Quod
3605 4150 3652 4204 si
3699 4150 3880 4206 adhuc

2278 4243 2504 4312 ambigis
2531 4259 2654 4296 num
2685 4243 2933 4297 Christus
2956 4244 3027 4296 sit
3053 4243 3214 4305 Deus,
3249 4242 3378 4296 foris
3423 4252 3584 4308 stato,
3617 4258 3717 4297 nec
3742 4244 3878 4299 divi-

2279 4349 2346 4387 na
2394 4333 2556 4388 verba
2607 4332 2814 4398 audias,
2861 4348 3033 4402 neque
3085 4333 3226 4387 inter
3253 4333 3669 4387 catechumenos
3697 4342 3751 4387 te
3778 4348 3879 4388 an-

2280 4438 2534 4479 numercs
2565 4439 2578 4478 :
2606 4424 2685 4478 sin
2711 4422 2938 4479 conlidis
2958 4465 2973 4489 ,
3004 4431 3058 4478 et
3085 4423 3185 4478 hoc
3217 4424 3384 4492 probe
3410 4423 3714 4492 cognoscis,
3747 4423 3877 4493 quid

2278 4517 2584 4573 cunctaris?
2614 4527 2709 4572 cur
2737 4514 2939 4586 refugis
2967 4524 3022 4572 et
3050 4517 3230 4587 segnis
3253 4517 3356 4570 es?
3387 4514 3610 4576 Vereor,
3643 4516 3876 4586 inquies,

2280 4628 2347 4665 ne
2376 4625 2616 4680 peccem.
2646 4607 2800 4674 Quod
2843 4620 2974 4663 vero
3003 4607 3240 4662 deterius
3269 4615 3353 4662 est
3381 4623 3484 4660 non
3515 4608 3720 4662 vereris
3755 4648 3771 4673 ,
3811 4623 3882 4664 ne

2280 4720 2400 4756 cum
2430 4703 2589 4758 tantis
2630 4701 2858 4756 sarcinis
2902 4701 2995 4754 illo
3028 4701 3232 4755 abeas?
3261 4699 3377 4754 Non
3410 4701 3552 4756 enim
3592 4716 3692 4772 par
3720 4702 3880 4772 culpa

2281 4803 2364 4849 est
2389 4794 2717 4864 propositam
2743 4792 2968 4863 gratiam
2997 4808 3104 4846 non
3129 4792 3344 4860 assequi
3370 4833 3386 4858 ,
3422 4803 3477 4846 et
3504 4808 3617 4846 rem
3653 4809 3880 4863 aggres-

2281 4901 2425 4951 sum,
2456 4884 2650 4940 frustra
2683 4893 2934 4938 conatum
2959 4898 3098 4938 esse.
3134 4883 3227 4937 Dic
3254 4882 3412 4946 mihi,
3439 4884 3486 4936 si
3513 4882 3884 4952 redarguaris,

2280 4995 2377 5035 eur
2406 4995 2510 5033 non
2554 4979 2849 5034 accesseris
2874 5019 2888 5042 ,
2914 4993 3011 5031 cur
3041 4992 3146 5030 non
3193 4986 3341 5030 recte
3391 4992 3502 5029 rem
3545 4977 3839 5045 perfeceris
3866 5019 3882 5042 ,

2283 5070 2407 5140 quid
2449 5070 2648 5124 dices?
2695 5067 2808 5123 Illic
2856 5067 3001 5122 enim
3061 5065 3200 5119 forte
3255 5065 3478 5136 illcgare
3527 5080 3711 5134 posses
3739 5080 3882 5120 onus

2285 5172 2674 5233 praceptorum
2702 5163 2718 5193 ¹
2743 5169 2798 5216 et
2821 5161 3066 5224 virtutis;
3093 5158 3178 5212 hic
3205 5173 3331 5212 vero
3360 5156 3488 5211 nihil
3518 5144 3710 5211 simile.
3744 5157 3883 5212 Gra-

2289 5258 2356 5309 tia
2383 5258 2523 5310 enim
2565 5264 2649 5310 est
2691 5255 2854 5324 gratis
2889 5252 3022 5306 dans
3070 5252 3391 5305 libertatem.
3447 5249 3643 5302 Verum
3677 5249 3838 5303 times
3864 5288 3886 5316 ,

2285 5366 2352 5405 ne
2381 5349 2612 5419 pecces?
2645 5348 2755 5403 Hoc
2789 5358 2905 5416 post
2947 5345 3204 5414 baptisma
3233 5342 3417 5397 dicito.
3451 5341 3599 5395 Tunc
3626 5340 3752 5395 time
3773 5382 3788 5404 ,
3825 5353 3887 5395 ut

2286 5458 2469 5498 serves
2514 5442 2817 5496 libertatem
2844 5481 2858 5504 ,
2901 5449 3074 5507 quam'
3105 5435 3394 5504 accepisti;
3440 5448 3544 5487 non
3572 5442 3628 5486 ut
3667 5441 3883 5487 tantum

2287 5537 2482 5589 donum
2514 5535 2679 5604 gratis
2725 5545 2831 5586 non
2874 5530 3126 5600 accipias.
3155 5527 3305 5581 Nunc
3333 5534 3513 5580 autem
3543 5533 3668 5579 ante
3697 5523 3883 5594 bapti-

2352 5675 2367 5704 ί
2405 5675 2541 5722 Alius
2564 5671 2704 5734 legit,
2732 5672 3009 5735 nﬂ'ertuum,
3031 5673 3530 5735 pro,_pr(rcep.t_optm.

2351 5737 2420 5796 (α)
2457 5737 2510 5784 In
2532 5727 2905 5793 Quavtlrage'sima
2929 5727 3112 5795 quippe
3127 5729 3190 5777 de
3211 5741 3309 5779 non
3331 5727 3606 5780 diiferemio
3630 5728 3886 5790 baptismo

2291 5800 2557 5847 concionari
2581 5797 2822 5847 solebant.
