4054 6406
1767 285 1790 314 ι

182 373 258 432 98
1186 368 1251 424 ΙΝ
1295 369 1478 424 ACTA
1518 364 1740 420 APOST

1850 363 2060 419 DRUM.
2095 363 2333 420 HOMIL.
2379 365 2419 418 1.
3398 368 3468 421 21

176 485 293 548 ζων
324 483 533 538 τούτων
575 486 681 542 τῶν
715 486 1127 554 ἁμαρτημάτων
1163 487 1194 554 ἡ
1239 486 1362 554 δίκη
1385 525 1399 549 ,
1444 485 1674 538 ἄκουσον
1717 479 1770 532 τί

173 583 347 637 φησιν
391 568 421 619 6
453 565 687 629 Παῦλος·
729 565 1048 632 Ἄθετήσας
1084 585 1174 633 τις
1213 568 1404 635 νόμον
1451 563 1768 627 Μωῠσέως,

169 648 362 715 χωρὶς
419 646 738 718 οίκτιρμῶν
780 647 878 700 ἐπὶ
928 648 1114 702 δυσὶν
1167 649 1204 716 ἣ
1267 649 1424 716 τρισί
1464 647 1770 717 μάρτυσιν

168 731 578 800 ἀποθνήσκει·
611 733 782 798 πόσῳ
812 731 1043 785 δοκεῖτε
1062 733 1340 808 χείρονος
1371 731 1768 797 ἀξιωθήσεται

168 814 457 881 τιμωρίας
504 817 538 867 ό
597 813 706 866 τὸν
760 811 896 866 Υιὸν
943 813 1052 868 τοῦ
1106 814 1255 868 Θεοῦ
1311 813 1764 878 καταπατήσας,

165 896 273 949 καί
306 896 378 949 τὸ
411 891 558 964 clpa
593 895 706 962 τῆς
754 895 1054 963 Διαθήκης
1105 895 1314 950 κοινὸν
1360 894 1765 964 ἡγησάμενος,

166 977 274 1030 καὶ
303 977 374 1031 τὸ
404 977 646 1047 πνεῦμα
686 979 797 1044 τῆς
838 979 1083 1048 χάριτος
1121 979 1482 1045 ὲνυϐρίσας;

239 1058 402 1128 Τάχα
435 1061 664 1123 πολλοὺς
703 1059 1096 1138 ἀπετρέψαμεν
1121 1058 1218 1112 νῦν
1247 1059 1432 1112 λαϐεῖν
1475 1062 1538 1112 τὸ
1572 1059 1765 1118 βάπτι-

164 1157 306 1212 σμα.
354 1143 495 1197 Ἀλλ’
516 1145 577 1196 οὐ
593 1144 682 1196 διά
702 1143 860 1196 τοῦτο
881 1142 1054 1196 ταῦτα
1082 1143 1406 1213 είρήκαμεν,
1428 1143 1650 1196 ἀλλ’ἵνα
1669 1143 1764 1195 λα-

158 1225 362 1288 ϐόντες
396 1225 653 1295 μείνωσιν
673 1228 731 1279 ἐν
765 1225 1089 1298 σωφροσύνῃ
1118 1227 1212 1280 καὶ
1259 1228 1531 1296 ἐπιεικείᾳ
1569 1227 1759 1298 πολλῇ.

171 1305 348 1360 Ἀλλά
368 1307 604 1371 δέδοικα,
634 1308 819 1379 φησίν.
869 1309 934 1362 Εί
985 1308 1297 1374 ἐδεδοίκεις,
1332 1309 1526 1373 ἔλαϐες
1574 1310 1643 1363 ἂν
1671 1312 1763 1364 καὶ

155 1388 466 1457 ἐφύλαεας,
513 1389 674 1443 Ἀλλά
708 1390 777 1444 δι’
807 1390 940 1445 αὐτὸ
966 1392 1064 1460 μέν
1091 1388 1186 1446 οὖν
1213 1392 1373 1446 τοῦτο
1395 1394 1454 1445 οὗ
1477 1391 1758 1463 λαμϐάνω,

155 1470 324 1539 φησὶ,
353 1471 445 1524 διά
477 1471 538 1524 τὸ
561 1471 864 1541 φοϐεῖσθαι.
904 1473 979 1527 Τὸ
1003 1474 1060 1527 δέ
1085 1473 1258 1538 οὕτως
1290 1474 1549 1528 ἀπελθεῖν
1585 1475 1646 1527 οὐ
1675 1473 1760 1527 δέ·

152 1551 386 1618 δοικας;
441 1553 831 1627 Φιλάνθρωπός
881 1555 1021 1618 ἐστι,
1067 1558 1253 1626 φησὶν,
1287 1559 1315 1609 6
1364 1557 1518 1620 Θεός.
1550 1555 1760 1610 Οὐκοῦν

151 1632 295 1687 λάϐε
321 1635 386 1688 τὸ
419 1636 708 1708 βάπτισμα
731 1656 745 1671 ο
776 1639 1164 1709 φιλάνθρωπος
1197 1640 1306 1708 γάρ
1338 1642 1456 1692 ἐστι
1487 1639 1583 1692 καὶ
1617 1638 1760 1710 βοη-

151 1714 264 1771 θεῖ.
294 1717 370 1771 Σὺ
403 1719 483 1783 δὲ,
513 1719 642 1774 ἔνθα
674 1721 773 1791 μὲν
795 1721 861 1774 ἂν
881 1720 978 1791 δέῃ
1010 1719 1326 1785 σπουδάσαι,
1372 1721 1434 1773 οὐ
1477 1721 1759 1793 προϐάλλῃ

148 1800 258 1870 τὴν
285 1801 702 1873 φιλανθρωπίαν
735 1804 976 1873 ταύτηνο
1011 1803 1140 1856 ἔνθα
1176 1803 1221 1855 δ’
1251 1805 1318 1857 ἀν
1352 1803 1515 1875 θέλῃς
1553 1805 1758 1858 ἀναϐα-

147 1881 374 1947 λέσθαι,
400 1887 522 1937 τότε
556 1887 726 1956 αὐτῆς
758 1886 1065 1958 μέμνησαι·
1107 1886 1282 1941 καίτοι
1317 1889 1436 1941 τότε
1464 1889 1656 1960 καιρὸν
1689 1889 1756 1944 ἂν

146 1963 272 2033 ἔχοι
299 1967 334 2035 ή
368 1967 752 2039 φιλανθρωπία
783 1968 945 2039 αὕτη,
974 1971 1069 2041 καὶ
1110 1969 1313 2040 μᾶλλον
1346 1971 1518 2041 αὐτῆς
1543 1974 1756 2026 ἐπιτευ-

144 2047 384 2116 ξόμεθα,
413 2049 543 2102 ὅταν
575 2050 669 2104 καὶ
709 2050 778 2104 τὰ
813 2051 946 2122 παρ’
978 2040 1188 2106 ἐάυτῶν
1229 2053 1650 2124 είσενέγκωμεν.
1697 2056 1754 2108 Ὀ

147 2131 258 2198 μὲν
284 2133 399 2204 γάρ
429 2135 490 2187 τὸ
516 2136 628 2189 πᾶν
658 2136 751 2188 ἐπὶ
774 2135 868 2188 τὸν
889 2135 1022 2190 Θεὸν
1053 2136 1240 2206 ῥίψας,
1265 2137 1360 2190 καὶ
1403 2137 1542 2203 μετά
1567 2137 1627 2186 τὸ
1655 2136 1752 2204 βά-

145 2232 372 2285 πτισμα
406 2218 743 2289 ἁμαρτάνων
782 2213 871 2270 οἵα
900 2217 1047 2280 εἰκὸς
1080 2218 1370 2288 ἄνθρωπον
1401 2217 1553 2281 ὄντα,
1593 2235 1750 2286 μεταο

141 2296 288 2350 νοῶν
322 2297 574 2361 τεύξεται
609 2293 1054 2368 φιλανθρωπίας
1085 2299 1191 2352 όδέ
1233 2299 1421 2371 ὥσπερ
1462 2300 1751 2370 σοφιζόμε-

139 2396 237 2443 νος
267 2379 364 2432 τοῦ
400 2379 535 2432 Θεοῦ
584 2381 684 2451 τὴν
736 2381 1171 2452 φιλανθρωπίαν,
1228 2382 1482 2436 ἀπελθὼν
1520 2384 1749 2456 ἄμοιρος

135 2460 248 2529 τῆς
271 2461 520 2531 χάριτος,
570 2463 948 2534 ἀπαραίτητον
975 2463 1089 2528 ἔξει
1121 2464 1220 2536 τὴν
1267 2467 1559 2536 τιμωρίαν.
1599 2469 1661 2519 Τί
1691 2468 1747 2520 δὲ

134 2542 376 2599 τοιαῦτα
393 2545 538 2599 κατά
554 2545 656 2615 τῆς
677 2547 908 2601 σεαυτοῦ
938 2549 1213 2620 σωτηρίας
1241 2550 1519 2622 προϐάλλῃ
1539 2569 1552 2615 ;
1571 2551 1632 2603 Ἀ
1640 2553 1743 2621 μή-

135 2644 309 2696 χανον
338 2628 468 2700 γὰρ,
493 2631 794 2698 ἀμήχανον,
823 2631 901 2694 ὡς
936 2632 1114 2699 ἔγωγε
1140 2628 1318 2701 οἶμαι,
1347 2635 1438 2687 τὸν
1465 2633 1746 2698 τοιαύταις

133 2709 364 2762 ἐλπίσιν
394 2710 834 2782 ἀναϐαλλόμενον
886 2715 1227 2785 ἐργάσασθαί
1277 2732 1330 2767 τι
1363 2717 1606 2782 γενναῖον
1649 2717 1744 2770 καὶ

132 2789 376 2858 ἀγαθόν.
410 2793 482 2846 Σὺ
510 2794 568 2848 δέ
593 2795 710 2848 ἀνθ’
740 2796 866 2850 ὅτου
891 2798 1143 2851 τοσοῦτον
1173 2797 1337 2867 φόϐον
1365 2799 1624 2870 ἀναδέχῃ,
1648 2799 1744 2854 καὶ

133 2873 197 2955 τὸ
225 2873 427 2945 ἄδηλον
458 2875 555 2930 τοῦ
593 2877 884 2948 μέλλοντος
917 2880 1198 2953 προϐάλλῃ
1227 2899 1241 2945 ;
1273 2882 1416 2936 διατί
1469 2883 1543 2955 μὴ
1573 2901 1742 2953 μετα-

131 2954 366 3020 ϐάλλεις
392 2957 486 3010 τὸν
513 2959 678 3028 φόϐον
705 2960 897 3015 τοῦτον
927 2964 1010 3026 είς
1037 2964 1200 3017 πόνον
1231 2966 1324 3018 καὶ
1367 2954 1603 3036 σπουδὴν
1628 3007 1641 3030 ,
1674 2967 1741 3018 ἵν’

129 3040 238 3112 ἔσῃ
271 3039 454 3110 μέγας
483 3043 578 3096 καὶ
609 3043 924 3116 θαυμαστός
949 3063 962 3111 ;
991 3047 1044 3099 τί
1074 3046 1305 3117 βέλτιον,
1339 3047 1652 3115 φοϐεῖσθαι,
1705 3051 1739 3118 ἢ

129 3127 362 3190 πονεῖν;
390 3125 462 3179 El
481 3127 565 3190 τίς
590 3144 649 3180 σε
683 3129 940 3182 ἐκάθισεν
963 3128 1184 3200 ἐνλοῖκῳ
1211 3132 1546 3199 πεπονηκότι
1579 3143 1604 3170 ει
1642 3132 1742 3202 ἀρ-

128 3208 366 3275 γοῦντα,
400 3210 592 3274 είπὼν,
625 3213 707 3264 ὅτι
739 3212 1023 3282 Προσδόκα
1072 3214 1166 3266 ἐπὶ
1207 3212 1306 3284 τὴν
1362 3212 1460 3284 σὴν
1497 3214 1739 3287 κεφαλήν

129 3291 428 3345 πεσεῖσθαι
465 3291 565 3364 τήν
609 3294 813 3365 ὀροφὴν
843 3295 1049 3366 σαθρὰν
1094 3290 1261 3350 οὖσαν
1293 3297 1455 3366 (ἴσως
1488 3298 1586 3367 μὲν
1621 3299 1729 3368 γάρ

126 3377 411 3442 πεσεῖται,
436 3375 568 3438 ἴσως
581 3376 638 3430 δέ
658 3378 720 3430 οὐ
744 3381 991 3434 πεσεῖται
1013 3379 1083 3451 δ)⁶
1107 3380 1234 3434 εἰδὲ
1266 3380 1341 3451 μὴ
1359 3380 1515 3434 τοῦτο
1541 3382 1736 3447 θέλεις,

124 3457 400 3526 ἐργάζου,
430 3460 526 3514 καὶ
557 3459 648 3513 τὸν
679 3461 1090 3534 ἀσφαλέστερον
1114 3463 1254 3517 οίκει
1280 3463 1524 3536 θάλαμον
1547 3481 1560 3494 ·
1585 3466 1640 3519 τί
1671 3467 1737 3521 ἂν

122 3541 278 3594 εἵλου
304 3541 526 3612 μᾶλλον,
553 3542 652 3614 τὴν
681 3543 884 3616 ἀργίαν
906 3543 1024 3618 [19.]
1043 3547 1260 3617 ἐκείνην
1281 3547 1420 3616 μετὰ
1433 3548 1526 3602 τοῦ
1542 3549 1732 3618 φόϐου,

123 3623 163 3693 ἢ
184 3623 290 3695 τὴν
306 3624 576 3695 ἐργασίαν
601 3626 810 3698 ταύτην
829 3627 971 3698 μετά
981 3627 1076 3681 τοῦ
1094 3629 1346 3702 θαρῤεῖν;
1366 3631 1574 3685 Οὐκοῦν
1593 3632 1736 3686 οὕτω

123 3709 225 3760 καὶ
243 3707 345 3760 νῦν
366 3709 531 3781 πρίει.
554 3709 628 3762 T6
658 3710 758 3780 μὲν
782 3710 894 3781 γὰρ
919 3711 1116 3782 ἄδηλον
1131 3713 1225 3766 τοῦ
1247 3715 1534 3784 μέλλοντος
1559 3715 1734 3770 καθά-

125 3806 238 3860 περ
277 3784 430 3852 οἶκός
461 3791 548 3855 τίς
577 3794 696 3845 ἐστι
725 3793 948 3864 σαθρὸς,
974 3795 1062 3847 ἀεὶ
1093 3796 1301 3849 πτῶσιν
1325 3798 1585 3852 ἀπειλῶν·
1620 3800 1656 3869 ή
1678 3799 1735 3852 δὲ

123 3873 370 3944 ἐργασία
396 3872 557 3945 αῦτη,
594 3877 627 3946 ή
657 3875 820 3929 πόνον
841 3877 1063 3947 ἔχουσα,
1086 3877 1149 3931 τὸ
1177 3879 1420 3947 ἀσφαλὲς
1441 3882 1728 3950 ἐγγυᾶται.

198 3957 268 4020 ς’.
292 3956 387 4026 Μὴ
411 3957 622 4024 γένοιτο
656 3959 756 4030 μὲν
781 3955 876 4013 οὖν
906 3961 1057 4031 ἡμᾶς
1078 3961 1342 4031 ἐμπεσεῖν
1365 3963 1446 4025 είς
1484 3965 1732 4036 ἀνάγκην

122 4040 421 4110 τοσαύτην,
443 4039 586 4094 ὥστε
618 4041 960 4114 ἁμαρτάνειν
979 4043 1120 4113 μετά
1148 4043 1210 4097 τὸ
1230 4042 1456 4110 λουτρόν
1474 4062 1488 4075 ·
1523 4046 1661 4118 πλὴν
1682 4051 1731 4101 εί

124 4123 222 4174 καὶ
243 4122 459 4189 γένοιτό
487 4141 541 4176 τι
568 4124 831 4189 τοιοῦτον,
878 4125 1017 4196 μηδέ
1044 4125 1220 4189 οὕτως
1240 4128 1586 4200 ἀπογνῶμεν.
1606 4131 1731 4183 Φιλ-

123 4204 419 4275 άνθρωπός
469 4206 620 4260 ἐστιν
669 4208 880 4271 όΘεὸς,
914 4210 1011 4262 καὶ
1059 4209 1260 4271 πολλὰς
1314 4211 1445 4280 ἡμῖν
1496 4212 1730 4265 δέδωκεν

119 4289 281 4348 ὁδοὺς
311 4287 562 4356 ἀφέσεως
593 4289 685 4342 καὶ
717 4289 858 4359 μετά
879 4290 1073 4344 ταῦτα.
1109 4291 1256 4360 Πλὴν
1284 4291 1473 4363 ῶσπερ
1503 4295 1554 4346 οί
1591 4297 1729 4366 μετά

119 4369 182 4422 τὸ
225 4369 456 4441 λουτρὸν
500 4372 928 4442 ἁμαρτάνοντες,
985 4373 1097 4426 τῶν
1127 4376 1550 4445 κατηχουμένων
1586 4380 1729 4432 κατά

118 4452 287 4506 τοῦτο
316 4453 516 4524 μᾶλλον
542 4455 884 4520 κολάζονται,
907 4456 1081 4521 οὕτως
1117 4459 1168 4511 oi
1198 4459 1424 4525 εἰδότες,
1459 4462 1542 4514 ὅτι
1564 4481 1728 4533 μετα-

120 4538 275 4601 νοίας
301 4537 422 4591 ἐστὶ
457 4538 748 4610 φάρμακα,
777 4543 872 4595 καὶ
905 4541 980 4612 μὴ
1021 4541 1269 4607 θέλοντες
1301 4543 1484 4608 αὐτοῖς
1525 4549 1728 4618 κεχρῆ-

121 4619 272 4682 σθαι,
313 4619 675 4690 χαλεπώτερα
694 4622 1115 4694 ὑποστήσονται.
1149 4625 1302 4697 ’Ὀσῳ
1344 4627 1451 4699 γὰρ
1497 4629 1564 4681 ἂν
1608 4633 1725 4682 ἐπι-

117 4703 368 4774 τείνηται
391 4706 425 4776 ή
460 4704 844 4774 φιλανθρωπία
873 4706 967 4759 τοῦ
1001 4707 1160 4770 Θεοῦ,
1183 4709 1425 4780 τοσούτῳ
1452 4713 1548 4766 καὶ
1569 4716 1601 4782 ἡ
1631 4715 1718 4767 κό-

117 4786 280 4850 λασις
305 4786 530 4854 αὔξεται
557 4789 780 4858 μᾶλλον,
813 4790 910 4844 ἐάν
946 4791 1021 4862 μὴ
1056 4795 1137 4856 εἰς
1164 4793 1282 4847 δέον
1316 4797 1382 4865 τῇ
1416 4795 1722 4868 φιλανθρω-

118 4871 221 4941 πίᾳ.
250 4871 613 4941 χρησώμεθα.
646 4873 710 4925 Τί
735 4873 935 4942 λέγεις,
958 4875 1213 4947 ἄνθρωπε
1239 4894 1252 4943 ;
1276 4878 1490 4942 Μεστὺς
1518 4879 1594 4932 ὢν
1620 4898 1720 4934 κα-

116 4953 234 5006 κῶν
296 4953 592 5018 τοσούτων,
657 4956 751 5008 καὶ
789 4957 1235 5029 ἀπεγνωσμένος,
1281 4960 1480 5032 ἀθρόον
1531 4963 1719 5030 ἐγένου

117 5036 298 5105 φίλος,
328 5038 422 5090 καὶ
462 5038 602 5109 πρὸς
639 5039 739 5110 τὴν
771 5041 1034 5096 ἀνωτάτω
1063 5043 1231 5114 τιμὴν
1259 5045 1586 5117 ἀνηνέχθης,
1619 5049 1720 5100 οὐκ

115 5122 175 5186 ἐξ
204 5122 427 5176 οίκείων
459 5124 658 5189 πόνων,
695 5124 812 5177 ἀλλ’
835 5127 900 5178 ἐκ
931 5127 1029 5198 τῆς
1063 5127 1159 5180 τοῦ
1190 5128 1328 5182 Θεοῦ
1359 5129 1590 5201 δωρεᾶς,
1625 5132 1718 5185 καὶ

118 5206 286 5259 πάλιν
313 5207 408 5259 ἐπὶ
427 5207 529 5276 τὴν
559 5208 837 5279 προτέραν
859 5210 1167 5281 ἐπανῆλθες
1187 5212 1603 5287 ἀσχημοσύνην,
1625 5217 1718 5270 καὶ

115 5290 232 5344 δέον
256 5288 595 5361 κολασθῆναι
629 5291 911 5362 χαλεπῶς,
948 5296 978 5348 6
1007 5294 1062 5349 δὲ
1082 5297 1205 5352 οὐδὲ
1234 5297 1409 5362 οὕτως
1435 5301 1716 5372 ἀπεστρά-

114 5392 212 5445 φη,
247 5374 364 5428 ἀλλ’
389 5374 561 5428 ἔδωκε
592 5375 792 5447 μυρίας
825 5379 1080 5449 ἀφορμάς
1104 5383 1399 5453 σωτηρίας,
1419 5385 1487 5438 δι’
1515 5380 1591 5440 ὧν
1616 5387 1716 5459 ἔσῃ

115 5459 290 5527 φίλος.
316 5459 430 5512 Kal
457 5461 487 5512 6
521 5459 621 5530 μὶν
650 5459 784 5524 Θεὸς
810 5462 1009 5525 ταῦτα,
1048 5466 1112 5519 σὺ
1150 5465 1207 5519 δὲ
1236 5469 1359 5522 οὐδὲ
1387 5470 1560 5534 οὕτως
1599 5472 1716 5526 ἐθέ-

113 5541 224 5605 λεις
248 5543 456 5596 πονεῖν.
483 5541 597 5596 Kal
619 5543 782 5607 mla;
810 5544 960 5610 ἄξιος
1002 5547 1103 5622 ἔσῃ
1136 5553 1473 5624 συγγνώμης
1496 5555 1712 5620 λοιπόν;

112 5626 228 5692 πῶς
255 5626 315 5680 δέ
336 5626 441 5680 οὐκ
470 5627 697 5692 εἰκότως
724 5628 988 5700 Ἔλληνές
1009 5649 1069 5684 σε
1090 5633 1434 5705 γελάσονται,
1464 5639 1713 5709 καθάπερ

173 5769 926 5864 τέυτειὸῼέινὶῆοῖέῃοσεσηπξτι,
946 5782 1430 5864 (ὲοωηειὶεμιηιεσεείορ
1465 5787 1710 5864 ηυαᾶιξιιε

117 5841 294 5934 totast.
338 5833 536 5898 [Paulo
566 5833 682 5913 auls;
714 5833 797 5886 καὶ
823 5833 927 5912 ⁹ῖσ-ιῇ
959 5833 1111 5891 Savil.
1154 5850 1209 5894 et
1237 5844 1288 5895 C.
1314 5846 1373 5894 ἶν’
1408 5833 1711 5914 ila-66.6.—

120 5971 132 5974 _
152 5896 334 5974 191:9?
354 5896 497 5974 jam;
539 5898 592 5945 δὲ
627 5915 684 5946 ου
704 5916 950 5962 πεσειται,
987 5916 1016 5952 e
1041 5905 1193 5955 Savn.
1217 5913 1271 5956 et
1292 5909 1434 5959 codd.
1479 5911 1710 5974 suppleta

115 5965 241 6010 sum.
264 5959 420 6010 Ἐοιτ.

416 6053 690 6120 Ρλτιιοι..
742 6060 858 6120 Gn.
919 6063 1044 6127 LX.

1880 478 2100 548 κηφῆνά
2136 496 2258 532 τινα
2282 480 2461 542 ζῶντα
2481 480 2605 549 είκῆ
2645 479 2739 533 καὶ
2778 481 2954 550 μάτην
2977 498 2991 544 ;
3018 482 3080 534 Εί
3101 482 3209 552 γὰρ
3242 482 3470 553 δυνατὴ,

1880 562 2064 629 φησιν,
2091 562 2124 630 ή
2156 564 2285 631 παρ’
2312 562 2467 634 ὑμῶν
2497 574 2518 602 ε
2546 562 2853 632 φιλοσοφία,
2878 563 3108 628 δείξατε,
3136 565 3187 616 τί
3220 564 3468 634 βούλεται

1880 641 1987 695 τῶν
2017 645 2282 714 ἀμυήτων
2307 645 2368 698 τὸ
2398 645 2601 714 πλῆθος
2624 662 2639 708 ;
2679 645 2838 698 Καλὰ
2858 645 2928 697 τά
2955 647 3229 715 μυστήρια
3260 649 3352 700 καὶ
3373 666 3470 701 ποθ

1883 725 2068 779 θεινά’
2104 727 2218 779 ἀλλ’
2249 727 2425 790 οὐδεὶς
2452 727 2821 800 ψυχορραγῶν
2852 727 3079 796 λουτρὸν
3120 727 3467 797 λαμϐανέτω.

1877 807 1952 858 Οὐ
1986 809 2095 879 γάρ
2124 810 2330 872 ἐκεῖνος
2361 808 2470 862 τῶν
2500 809 2818 880 μυστηρίων
2857 811 2885 862 6
2936 811 3150 881 καιρὸς,
3189 811 3325 865 ἀλλά
3358 815 3472 866 τῶν

1873 888 2149 961 διαθηκῶν
2171 908 2182 922 ·
2215 892 2530 962 μυστηρίων
2555 893 2613 945 δὲ
2638 894 2849 965 καιρὸς,
2887 892 3046 962 ὑγεία
3084 895 3294 960 φρενῶν
3321 938 3335 960 ,
3375 899 3470 951 καὶ

1876 974 2197 1045 σωφροσύνη
2232 975 2431 1045 ψυχῆς.
2460 975 2593 1029 Είπέ
2621 978 2732 1047 γάρ
2765 995 2875 1046 μοι.
2909 981 2957 1030 εἰ
2987 977 3252 1048 διαθήκας
3276 979 3376 1033 οὐκ
3401 980 3470 1034 ἀν

1871 1070 1956 1116 τις
1979 1054 2152 1108 ἕλοιτο
2181 1055 2324 1110 οὕτω
2351 1057 2696 1128 διακείμενος
2727 1060 2936 1129 γράψαι
2955 1077 2966 1089 ·
3006 1059 3108 1113 κᾶν
3142 1060 3327 1132 γράψῃ
3374 1063 3466 1128 δὲ,

1871 1135 2057 1189 δίδωσι
2082 1139 2195 1201 τοῖς
2224 1138 2365 1209 μετά
2392 1139 2569 1193 ταῦτα
2592 1140 2767 1211 λαϐὴν
2793 1142 2902 1210 (διὰ
2940 1143 3048 1213 γάρ
3078 1160 3158 1196 τοι
3182 1143 3343 1198 τοῦτο
3371 1147 3469 1200 καὶ

1874 1218 2238 1289 προτάττουσι
2262 1222 2419 1275 ταυτὶ
2442 1222 2511 1276 τά
2534 1223 2757 1294 ῥήματα
2785 1223 3056 1291 λέγοντες,
3082 1227 3164 1279 ὅτι
3209 1228 3349 1292 Ζῶν,
3370 1233 3467 1283 καὶ

1871 1303 2106 1370 φρονῶν,
2133 1304 2229 1357 καὶ
2262 1305 2522 1372 ὑγιαίνων
2547 1306 2874 1376 ἐπισκήπτω
2897 1307 3026 1377 περὶ
3046 1307 3156 1362 τῶν
3179 1311 3464 1381 ἐμαυτοῦ)ο

1869 1384 1988 1449 πῶς
2011 1385 2078 1440 ἀν
2108 1404 2194 1449 τις
2230 1387 2542 1458 ἐξεστηκὼς
2574 1387 2834 1457 δυνηθείη
2873 1390 3014 1458 μετά
3036 1390 3326 1462 ἀκριϐείας
3362 1411 3464 1462 μυ·

1871 1469 2318 1537 σταγωγεῖσθαις
2363 1469 2428 1524 El
2475 1471 2583 1542 γὰρ
2628 1469 2757 1541 περὶ
2808 1469 3080 1540 βιωτικῶν
3122 1475 3465 1544 πραγμάτων

1868 1549 2243 1621 βουλευομένῳ
2263 1554 2366 1606 οὐκ
2385 1553 2452 1607 ἀν
2477 1553 2836 1624 ἐπιτρέψαιεν
2857 1555 2906 1608 οἱ
2926 1553 3038 1608 τῶν
3074 1555 3276 1620 ἔξωθεν
3305 1558 3461 1629 νόμοι

1863 1628 1945 1698 τῷ
1971 1631 2048 1701 μὴ
2083 1633 2291 1702 σφόδρα
2323 1635 2621 1702 ὑγιαίνοντι
2644 1636 3045 1701 διατάττεσθαι,
3076 1638 3170 1691 καὶ
3209 1628 3383 1695 ταῦτα
3402 1643 3457 1695 ἐν

1862 1715 1976 1776 τοῖς
2001 1713 2169 1767 αὑτοῦ
2201 1714 2448 1784 μέλλοντι
2477 1718 2788 1788 νομοθετεῖν
2809 1737 2824 1750 ·
2869 1719 2990 1781 πῶς
3030 1723 3160 1791 περὶ
3186 1722 3458 1791 βασιλείας

1861 1799 2108 1871 οὐρανῶν
2137 1800 2452 1870 μανθάνων,
2474 1805 2570 1857 καὶ
2591 1804 2700 1857 τῶν
2721 1805 3052 1876 ἀπορρήτων
3084 1805 3310 1860 ἐκείνων
3331 1809 3460 1876 ἀγα-

1863 1881 1994 1948 θῶν,
2025 1883 2232 1955 δυνήσῃ
2259 1885 2444 1954 σαφῶς
2477 1885 2658 1940 πάντα
2691 1887 2904 1957 μαθεῖν,
2931 1886 3189 1951 πολλάκις
3237 1891 3331 1942 καὶ
3355 1907 3460 1942 πα-

1865 1966 2076 2038 ραπλήξ
2115 1968 2220 2021 ὑπὸ
2250 1971 2351 2040 τῆς
2380 1970 2697 2042 ἀρρωστίας
2737 1971 3073 2040 γενόμενος;
3121 1972 3250 2028 πότε
3289 1972 3347 2024 δὲ
3389 1973 3458 2026 τά

1861 2050 2085 2119 ῥήματα
2111 2053 2296 2104 ἐκεῖνα
2322 2052 2459 2122 πρὸς
2491 2053 2583 2106 τὸν
2613 2052 2852 2124 Χριστὸν
2881 2056 3048 2123 ἐρεῖς,
3077 2055 3459 2124 Συνθαπτόμεο

1859 2145 1951 2190 νος
1976 2130 2147 2199 αὐτῷ,
2188 2131 2398 2198 μέλλων
2438 2134 2762 2202 ἀποπηδᾷνς
2815 2135 2927 2185 Kal
2955 2133 3064 2204 γάρ
3093 2133 3188 2185 καὶ
3220 2135 3312 2186 διὰ
3349 2136 3459 2190 τῶν

1857 2207 2058 2278 ἔργων,
2084 2213 2180 2264 καὶ
2205 2212 2294 2266 διὰ
2324 2212 2435 2267 τῶν
2465 2213 2729 2285 ῥημάτων
2759 2215 3170 2270 ἐπιδείκνυσθαι
3201 2216 3308 2288 χρὴ
3358 2217 3458 2287 τὴν

1855 2291 2089 2348 εὔνοιαν.
2123 2296 2196 2348 Σὺ
2219 2296 2276 2349 δὲ
2303 2296 2501 2350 ταύτὸν
2541 2301 2749 2365 ποιεῖς,
2780 2293 2893 2352 οἷον
2917 2300 2984 2352 ἂν
3014 2299 3070 2352 εί
3089 2316 3175 2363 τις
3208 2301 3456 2370 ἀπογρά-

1857 2377 2049 2446 φεσθαι
2107 2379 2348 2450 βούλοιτο
2389 2380 2753 2453 στρατιώτης,
2790 2382 2886 2435 τοῦ
2941 2382 3183 2452 πολέμου
3231 2383 3456 2438 λύεσθαι

1858 2460 2141 2531 μέλλοντος
2162 2480 2177 2493 ·
2202 2463 2493 2535 ἤὰθλητὴς
2515 2465 2868 2530 ἀποδύεσθαι,
2889 2466 2984 2520 τοῦ
3009 2466 3241 2539 θεάτρου
3269 2468 3455 2523 λοιπὸν

1852 2543 2206 2608 ἀναστάντος.
2235 2546 2346 2598 Kal
2368 2546 2477 2615 γὰρ
2499 2548 2642 2602 ὅπλα
2670 2548 2759 2602 διά
2798 2549 2956 2602 τοῦτο
3001 2548 3320 2618 λαμϐάνεις,
3354 2552 3452 2620 οὺχ

1854 2625 1942 2678 ἴνα
1976 2626 2181 2690 εὐθέως
2233 2628 2618 2702 ἀποπηδήσῃς,
2666 2631 2785 2683 ἀλλ’
2824 2633 2912 2686 ἵνα
2961 2633 3144 2686 λαϐὼν
3179 2625 3322 2689 κατά
3355 2634 3452 2689 τοῦ

1851 2707 2098 2787 ἐναντίου
2131 2709 2394 2778 τρόπαιον
2421 2712 2648 2784 στήσῃς.
2677 2712 2885 2784 Μηδεὶς
2912 2714 3182 2784 νομιζέτω
3226 2715 3452 2787 ἄκαιρον

1850 2783 1993 2842 εἶναι
2028 2789 2120 2843 τὸν
2145 2792 2272 2860 περὶ
2304 2792 2512 2847 τούτων
2552 2794 2733 2863 λόγον,
2767 2796 2816 2848 εί
2855 2798 2928 2866 μή
2965 2783 3082 2849 ἐστι
3110 2783 3452 2868 τεσσαρακο-

1852 2873 1952 2946 στὴ
1976 2874 2092 2927 νῦν.
2125 2875 2226 2928 Διά
2253 2876 2363 2947 γάρ
2397 2877 2557 2930 τοῦτο
2584 2878 2853 2949 δάκνομαι
2880 2919 2895 2942 ,
2933 2880 3017 2933 ὅτι
3051 2879 3242 2952 καιρὸν
3272 2899 3452 2952 παρα-

1848 2961 2066 3027 τηρεῖτε
2095 2960 2152 3010 ἐν
2182 2962 2296 3020 τοῖς
2332 2959 2615 3023 τοιούτοις.
2658 2962 2923 3029 Καίτοιγε
2960 2965 2988 3015 ὀ
3036 2962 3295 3032 εὐνοῦχος
3330 2963 3447 3036 [15]

1847 3041 2076 3102 ἐκεῖνος,
2104 3043 2198 3094 καὶ
2232 3042 2508 3113 βάρϐαρος
2530 3042 2608 3095 ὢν
2637 3045 2730 3096 καὶ
2757 3044 3076 3113 ὁδοιπορῶν,
3102 3048 3198 3097 καὶ
3223 3049 3280 3099 ἐν
3306 3049 3450 3120 μέσῃ

1846 3121 2105 3194 λεωφόρῳ
2125 3122 2220 3187 ὢν,
2255 3125 2446 3195 καιρὸν
2485 3125 2584 3178 οὐκ
2619 3123 2888 3197 ἐζήτησεν
2911 3143 2924 3156 ·
2971 3126 3088 3180 ἀλλ’
3135 3128 3258 3180 οὐδὲ
3293 3131 3323 3182 6
3364 3130 3448 3183 δε-

1848 3206 2154 3275 σμοφύλαξ,
2195 3208 2487 3262 καὶταῦτα
2517 3209 2722 3280 μεταξὺ
2756 3209 3054 3280 δεσμωτῶν
3090 3211 3191 3276 ὼν,
3224 3214 3321 3266 καὶ
3355 3215 3449 3267 τὸν

1844 3289 2165 3344 διδάσκαλον
2207 3295 2700 3364 μεμαστιγωμένον
2724 3295 2816 3349 καὶ
2838 3295 3131 3366 δεδεμένον
3156 3299 3319 3367 ὁρῶν,
3353 3300 3449 3356 καὶ

1845 3372 1981 3437 τέως
2013 3375 2177 3428 αὐτὸν
2209 3376 2420 3447 μέλλων
2463 3378 2615 3432 ἔνδον
2647 3377 2813 3448 ἔχειν.
2860 3379 3127 3435 Ἐνταῦθα
3161 3382 3220 3435 δέ
3266 3385 3333 3437 οὐ
3359 3385 3448 3438 δε-

1851 3457 2168 3529 σμωτήριον
2197 3459 2497 3524 οἰκοῦντες,
2529 3461 2638 3514 οὐδ’
2669 3464 2728 3514 ἐν
2751 3463 2890 3525 ὁδοῖς
2915 3464 3445 3528 ϐντες,ἀναϐάλλον-

1841 3557 1934 3594 ται
1966 3543 2173 3609 πολλοὶ,
2210 3545 2304 3596 καί
2330 3543 2502 3597 ταῦτα
2535 3544 2688 3607 ὄντες
2708 3546 2846 3616 πρὸς
2885 3547 3124 3617 ἐσχάτας
3145 3551 3442 3615 ἀναπνοὰς.

1914 3623 1984 3696 η’.
2023 3626 2087 3679 El
2129 3626 2228 3696 μὲν
2251 3622 2344 3680 οὖν
2386 3626 2468 3679 ἔτι
2501 3628 2888 3697 ἀμφιϐάλλεις,
2939 3631 3022 3682 ὅτι
3055 3630 3186 3695 Θεός
3219 3636 3368 3687 ἐστιν
3417 3638 3446 3687 6

1842 3708 2099 3778 Χριστὸς,
2118 3707 2225 3773 ἔξω
2249 3710 2427 3780 στῆθι,
2454 3710 2547 3763 καὶ
2574 3710 2708 3780 μηδέ
2726 3711 2886 3764 θείων
2907 3711 3072 3766 ἄκουε
3089 3712 3282 3780 λόγων,
3305 3718 3442 3785 μηδὲ

1841 3793 1900 3844 ἐν
1929 3793 2042 3856 τοῖς
2071 3794 2500 3865 κατηχουμένοις
2525 3793 2750 3864 ἀρίθμει
2781 3796 2977 3848 σαυτόν
2999 3811 3012 3823 ·
3043 3797 3173 3849 είδέ
3197 3797 3441 3869 θαρρεῖς,

1842 3873 1936 3926 καὶ
1961 3870 2108 3937 οἶδας
2133 3875 2291 3928 τοῦτο
2324 3874 2535 3944 σαφῶς,
2573 3877 2627 3927 τί
2660 3875 2906 3944 μέλλεις;
2943 3878 2998 3930 τί
3031 3878 3088 3930 δὲ
3113 3879 3321 3952 ἀναδύῃ
3349 3885 3443 3935 καὶ

1839 3957 2056 4022 ὀκνεῖς;
2091 3957 2314 4011 Δέδοικα
2345 3959 2422 4030 μὴ
2446 3959 2700 4031 ἁμάρτω.
2739 3961 2894 4031 φησί.
2935 3962 3009 4016 Τὸ
3031 3963 3086 4015 δὲ
3123 3964 3441 4033 χαλεπώτε-

1843 4057 1933 4106 ρον
1960 4041 2020 4094 οὐ
2050 4041 2318 4105 δέδοικας,
2343 4043 2418 4113 μὴ
2447 4044 2587 4114 μετὰ
2619 4045 2856 4114 φορτίων
2892 4045 3168 4101 τοσούτων
3197 4047 3442 4120 ἀπέλθῃς

1839 4127 1986 4192 ἐκεῖ;
2012 4125 2148 4178 Οὐδὲ
2195 4127 2304 4197 γάρ
2335 4128 2483 4181 ἐστιν
2513 4129 2648 4192 τσον,
2686 4130 2910 4200 χάριτος
2943 4131 3314 4204 προκειμένης
3365 4135 3441 4204 μὴ

1836 4209 2042 4277 τυχεῖν,
2072 4208 2166 4261 καὶ
2185 4210 2489 4281 κατορθοῦν
2528 4212 2915 4282 ἐπιχειροῦντα
2950 4214 3264 4284 ἀποτυχεῖν.
3303 4216 3440 4270 Εἰπὲ

1834 4290 1897 4359 δή
1933 4309 2044 4362 μοι,
2081 4293 2148 4345 ἂν
2174 4294 2283 4361 γάρ
2316 4294 2558 4364 ἐγκαλῇ,
2588 4296 2752 4359 Τίνος
2790 4296 2977 4350 ἕνεκεν
3019 4299 3080 4351 οὐ
3107 4299 3436 4370 προσῆλθες.

1835 4374 1979 4438 τίνος
2002 4375 2188 4428 ἔνεκεν
2209 4377 2270 4428 οὐ
2305 4377 2698 4445 κατώρθωσας,
2724 4379 2780 4431 τί
2803 4380 2950 4450 ἐρεῖς
2974 4397 2989 4445 ;
3027 4381 3176 4434 Ἐκεῖ
3202 4382 3302 4452 μὲν
3327 4383 3438 4452 γάρ

1835 4456 1983 4537 τάχα,
2005 4458 2066 4511 τὸ
2102 4459 2361 4530 φορτικὸν
2397 4461 2541 4530 ἔχεις
2578 4464 2755 4516 εἰπεῖν
2805 4464 2902 4517 καὶ
2940 4464 3049 4518 τῶν
3076 4468 3439 4537 προσταγμά-

1833 4536 1988 4592 τωνά
2036 4542 2131 4594 καὶ
2168 4543 2268 4612 τῆς
2314 4543 2518 4613 ἀρετῆς
2543 4559 2557 4575 ο
2600 4543 2838 4600 ἐνταῦθα
2882 4546 2939 4599 δέ
2971 4536 3130 4601 οὒδέν
3169 4548 3432 4602 τοιοῦτον.

1834 4623 2009 4692 Χάρις
2033 4625 2141 4694 γάρ
2165 4626 2282 4676 ἐστι
2308 4625 2521 4694 δωρεὰν
2554 4627 2910 4698 παρεχομένη
2945 4628 3046 4700 τήν
3095 4629 3435 4702 ἐλευθερίαν.

1846 4705 2007 4760 Ἀλλά
2035 4705 2282 4770 δέδοικας
2316 4707 2390 4779 μὴ
2420 4709 2672 4783 ἁμάρτῃς
2701 4727 2716 4778 ;
2745 4709 2931 4765 Ταῦτα
2969 4712 3110 4782 μετά
3134 4714 3195 4767 τὸ
3235 4713 3434 4785 βάπτι-

1833 4806 1944 4858 σμα
1975 4788 2124 4854 λέγε.
2153 4790 2289 4842 Τότε
2309 4790 2400 4861 ἔχε
2428 4792 2520 4844 τὸν
2547 4793 2734 4860 φόϐον,
2756 4793 2901 4847 ὥστε
2925 4793 3160 4862 φυλάξαι
3181 4797 3282 4868 τὴν
3303 4803 3437 4869 παῤ-

1833 4870 2049 4940 ῥησίαν,
2073 4872 2141 4942 ήν
2171 4871 2380 4938 ἔλαϐες,
2408 4873 2505 4944 οὐχ
2532 4873 2676 4928 ῶστε
2703 4877 2777 4948 μὴ
2805 4876 2992 4930 λαϐεῖν
3013 4878 3225 4951 δωρεὰν
3255 4883 3433 4936 τοιαύι

1827 4971 1927 5024 την
1963 4965 2009 5009 ο.
2051 4954 2166 5007 Νῦν
2190 4954 2247 5008 δέ
2274 4955 2381 5026 πρὸ
2413 4958 2512 5028 μὲν
2532 4959 2626 5012 τοῦ
2661 4959 3043 5031 βαπτίσματος
3079 4963 3316 5036 εὐλαϐής
3340 4968 3427 5027 σὺ,

1830 5037 1970 5107 μετὰ
2015 5037 2073 5090 δὲ
2128 5038 2192 5091 τὺ
2239 5037 2527 5111 βάπτισμα
2570 5043 2835 5114 ῥᾴθυμος.
2885 5041 3048 5099 Ἀλλᾶ
3098 5047 3191 5100 τὸν
3239 5051 3427 5121 καιρὸν

1827 5121 2120 5205 ἀναμένεις
2164 5122 2268 5193 τῆς
2325 5128 2810 5198 τεσσαρακοστῆς;
2862 5129 3021 5193 Τίνος
3067 5129 3293 5198 ἔνεκεν;
3353 5135 3428 5205 μὴ

1826 5204 1936 5276 γὰρ
1964 5204 2077 5275 ἔχει
2101 5223 2155 5258 τι
2185 5207 2346 5260 πλέον
2375 5211 2584 5273 ἐκεῖνος
2612 5213 2640 5264 6
2664 5212 2882 5282 καιρός;
2929 5213 2992 5267 Οἱ
3019 5214 3152 5283 γοῦν
3189 5204 3425 5271 ἀπόστοέ

1825 5287 1907 5340 λοι
1953 5289 2056 5340 οὐκ
2103 5289 2162 5340 ἐν
2208 5289 2287 5360 τῷ
2333 5293 2531 5362 πάσχα
2565 5293 2988 5366 κατηξιώθησαν
3030 5298 3131 5368 τῆς
3180 5300 3422 5370 χάριτος,

1824 5371 1940 5423 ἀλλ’
1975 5371 2036 5424 ἐν
2067 5371 2241 5443 ἑτέρῳ
2270 5375 2449 5445 καιρῷ
2469 5393 2482 5406 θ
2511 5377 2604 5430 καὶ
2632 5379 2680 5430 οί
2710 5379 3003 5450 τρισχίλιοι
3029 5382 3123 5434 καὶ
3145 5384 3194 5436 οί
3233 5400 3429 5438 πενταο

1823 5455 2103 5525 κισχίλιοι,
2135 5458 2225 5509 ὅτε
2265 5457 2696 5530 ἐϐαπτίσθησαν,
2741 5463 2930 5533 πάσχα
2957 5465 3058 5519 οὐκ
3083 5460 3153 5536 ἦν
3191 5469 3383 5538 καιρός
3406 5486 3421 5500 ⁴

1823 5539 1917 5591 καὶ
1942 5541 1971 5592 6
2003 5539 2325 5610 Κορνήλιος,
2367 5543 2462 5596 καὶ
2492 5544 2520 5597 ό
2555 5545 2830 5616 εὐνοῦχος,
2859 5548 2953 5601 καὶ
2974 5548 3152 5620 ἔτεροι
3178 5550 3417 5614 πλείους.

1821 5621 1913 5693 Μή
1944 5622 2128 5675 τοίνυν
2147 5624 2339 5694 καιρὸν
2367 5625 2753 5698 ἀναμένωμεν,
2779 5632 2992 5702 μήποτε
3018 5631 3303 5701 μέλλοντες
3326 5636 3420 5688 καὶ

1820 5705 2249 5775 ἀναϐαλλόμενοι
2278 5708 2604 5780 ἀπέλθωμεν
2638 5715 2792 5767 κενοὶ
2807 5717 2902 5768 καὶ
2931 5715 3130 5787 ἔρημοι
3151 5717 3419 5771 τοσούτων

1884 5857 1907 5923 ξ
1930 5852 2084 5923 Sayil.
2112 5854 2572 5923 xap"69‘iv.__Mprel.
2602 5861 2713 5923 παρ’
2736 5863 2888 5921 ὑμῶν.
2980 5860 3009 5901 ⁸
3034 5862 3172 5912 Alius
3201 5863 3282 5911 καὶ
3318 5865 3418 5911 τῶν

1820 5915 2130 5986 παθημάτων,
2175 5915 2195 5986 _'
2221 5917 2244 5944 θ
2271 5915 2420 5986 S_avil.
2446 5919 2495 5966 in
2519 5915 2952 5983 ωοτε.’τοσαύιην,
2977 5937 3125 5986 quam
3148 5927 3260 5974 lculi
3281 5937 3414 5975 mem

1827 5986 2026 6027 secutus
2055 5979 2251 6027 videtur
2289 5980 2558 6040 Interpres.

3046 6081 3085 6140 2
