4054 6442
155 449 224 504 as
1158 435 1223 492 IN
1263 433 1443 490 ACTA
1485 393 2260 491 arosrotbnuuttontt.
2306 435 2367 490 ιι.
3365 422 3435 475 es

156 554 268 595 sms
296 539 418 610 pius
445 551 524 601 cs,
554 547 672 608 post
704 533 962 604 baptisma
994 529 1191 599 segnis.
1220 526 1326 580 Sed
1373 537 1580 593 tempus
1606 523 1744 591 Qua-

154 631 472 700 dragesimte
499 638 781 697 exspectas
802 627 833 694 Ἰ)⁴
860 625 974 692 Qua
1014 621 1082 677 de
1126 620 1330 676 causa?
1362 634 1485 671 num
1516 617 1743 686 amplius

151 719 276 786 quid
322 717 485 774 habet
520 719 650 773 illud
683 715 934 786 tempus?
972 712 1212 782 Aposmli
1261 724 1496 780 namque
1536 724 1640 763 non
1685 707 1737 761 in

152 807 412 862 Pascltate
458 807 626 878 gratia
674 804 874 876 dignati
911 813 1059 867 sunt,
1087 801 1182 856 sed
1208 801 1314 854 alio
1341 810 1619 868 tempore:
1649 796 1739 851 illa

149 900 251 953 tria
281 908 338 954 et
357 900 593 968 quinque
619 897 785 952 millia
810 911 915 951 non
937 896 989 949 in
1019 892 1280 948 Paschate
1304 891 1566 961 baptizata
1591 897 1735 953 sunt,

145 998 201 1042 ut
249 1004 426 1058 neque
469 988 749 1043 Cornelius
774 1029 789 1053 ,
831 987 1126 1050 eunuchus,
1151 995 1205 1040 et
1249 983 1340 1038 alii
1381 981 1613 1053 plurimi.
1661 982 1737 1038 Ne

145 1079 328 1147 itaque
356 1087 571 1146 tempus
595 1087 1000 1148 exspectemus,
1028 1084 1084 1130 ut
1112 1089 1181 1129 ne
1203 1082 1517 1132 cunctantes
1544 1081 1598 1128 et
1637 1070 1737 1126 dit-

143 1169 404 1234 lerentes,
435 1170 589 1224 vacui
624 1181 678 1226 et
701 1179 953 1241 expertes
983 1179 1248 1224 tantorum
1280 1168 1541 1223 bonorum
1575 1167 1734 1222 abea-

143 1273 284 1313 mus.
316 1258 584 1327 Quanttim
635 1261 830 1330 putatis
875 1275 964 1315 me
1000 1259 1312 1314 discruciat'i
1345 1299 1361 1323 ,
1407 1273 1527 1312 cum
1575 1257 1736 1313 audio

139 1350 452 1420 quempiam
483 1366 586 1406 non
630 1351 896 1405 initiatum
930 1350 1131 1405 obiisse
1153 1390 1166 1412 ,
1199 1359 1253 1404 et
1276 1349 1453 1418 cogito
1483 1348 1737 1402 intolera-

137 1442 264 1496 bilis
294 1442 386 1496 illa
415 1443 672 1512 supplicia
695 1441 1164 1509 incvitabilemque
1184 1439 1523 1494 cruciatum?
1549 1451 1734 1492 rursus

138 1545 300 1598 quam
332 1547 534 1602 angor,
559 1546 680 1586 cum
719 1532 855 1587 alios
885 1531 1039 1586 video
1064 1531 1130 1583 ad
1162 1537 1463 1584 extremum
1506 1528 1730 1582 halitum

135 1619 436 1688 deductos,
468 1637 574 1676 non
607 1632 780 1678 tamen
823 1621 1186 1692 resipiscere?
1233 1621 1357 1675 Ideo
1393 1620 1553 1674 multa
1603 1620 1731 1673 ﬁunt

139 1711 238 1764 hoc
267 1719 420 1765 tanto
440 1713 583 1767 dnuo
623 1713 853 1790 indigna.
888 1715 956 1768 At
994 1728 1116 1768 cum
1142 1720 1418 1783 op'irteret
1445 1711 1680 1782 gaudere
1708 1754 1723 1776 ,

136 1800 365 1854 choreas
391 1817 578 1872 agere.
610 1803 798 1868 lzutari,
825 1804 1090 1867 coronari,
1120 1818 1238 1856 cum
1268 1801 1529 1872 quispiam
1561 1801 1731 1855 initia-

139 1899 258 1955 tur;
289 1890 510 1960 quando
535 1893 718 1963 τινετοιί
748 1908 883 1947 uxor
907 1892 1076 1957 audit,
1106 1892 1156 1946 id
1183 1908 1211 1945 a
1238 1892 1449 1947 medico
1474 1901 1727 1946 statutum

137 1981 324 2047 fuisse,
351 1985 504 2053 quasi
536 1985 588 2038 in
621 1999 812 2054 magno
843 1983 1136 2039 infortunio
1165 1984 1407 2053 plangit,
1441 1991 1494 2037 ct
1527 1983 1730 2037 lamen-

136 2080 277 2124 tatur
300 2072 378 2142 (α)
407 2089 422 2126 :
452 2072 576 2127 hinc
597 2074 825 2143 gemitus
844 2083 898 2128 et
918 2074 1148 2143 ejulatus
1173 2087 1267 2143 per
1295 2080 1460 2125 totam
1486 2071 1726 2134 domum,

132 2178 194 2217 ac
236 2164 283 2218 si
331 2163 618 2219 damnatus
659 2166 921 2234 quispiam
961 2165 1029 2220 ad
1071 2180 1260 2219 necem
1287 2163 1590 2222 duceretur.
1637 2161 1728 2216 lllc

133 2268 350 2321 quoque
379 2263 506 2308 tunc
530 2255 700 2323 magis
729 2255 908 2320 dolet,
941 2263 995 2310 et
1020 2254 1062 2309 si
1086 2269 1116 2308 a
1147 2253 1337 2308 morbo
1366 2252 1724 2318 convalescat,

133 2342 347 2407 pravius
373 2344 643 2397 cruciatur
661 2383 676 2405 ,
705 2360 765 2398 ac
792 2346 836 2397 si
874 2359 1066 2415 magno
1085 2344 1310 2398 aﬂ‘ectus
1337 2351 1480 2397 esset
1505 2341 1724 2397 damno.

131 2430 261 2496 Quia
283 2433 430 2485 enim
454 2446 561 2486 nou
592 2444 706 2486 erat
733 2434 796 2486 ad
823 2433 1071 2488 virtutem
1093 2441 1428 2503 praeparatus
1448 2473 1463 2496 ,
1493 2433 1727 2502 segniter

129 2519 236 2588 agit
262 2519 524 2591 deinceps
547 2563 562 2587 ,
606 2531 660 2576 et
699 2524 988 2578 certamina
1039 2523 1249 2594 refugit.
1285 2523 1470 2578 \‘ideu’
1499 2531 1727 2593 quantas

133 2609 412 2665 machinas
440 2612 688 2666 diabolus
726 2622 987 2683 apparet,
1021 2624 1280 2684 quantum
1316 2613 1484 2668 risum
1512 2653 1526 2676 ,
1557 2627 1728 2683 quan-

131 2709 237 2753 tum
269 2700 608 2756 ludibrium?
637 2703 719 2759 Ab
748 2703 849 2758 hoc
879 2704 1060 2772 itaque
1107 2703 1342 2759 ludibrio
1387 2718 1486 2759 nos
1525 2702 1724 2758 subdu-

189 2827 264 2888 (ιι)
290 2835 429 2895 Tunc
451 2831 623 2895 utique
645 2830 806 2895 multi,
832 2845 955 2894 quos
977 2831 1269 2895 frequenter
1293 2840 1500 2895 carpunt
1507 2833 1724 2895 iChryso-

128 2895 336 2949 stemus,
361 2889 871 2955 Augustinusaliiqué
893 2889 1089 2953 Patres;
1113 2889 1402 2954 baptismum
1429 2889 1725 2955 diﬂ'erebaut

130 2961 286 3012 usque
310 2951 571 3016 adapertis
590 2951 862 3002 articulum.
896 2956 937 3003 si
959 2951 1152 3016 quando
1179 2951 1332 3016 igitur
1350 2954 1531 3004 medici
1555 2969 1724 3005 nione-

127 3010 646 3088 rt-ritJtericlitantem
681 3010 1001 3088 conjugatuui
1036 3010 1371 3088 baptizaudmn
1411 3028 1554 3088 esse,
1594 3029 1722 3088 uxor

125 3076 263 3139 quasi
313 3085 427 3120 mox
470 3076 704 3124 amissum
743 3076 929 3139 virum,
957 3076 1168 3139 eiulatus
1205 3089 1407 3139 magnos
1425 3077 1644 3139 edebat;
1666 3085 1724 3127 ut

127 3132 274 3179 etiam
321 3145 455 3182 nunc
489 3147 627 3198 saepe
665 3132 927 3198 contingit,
951 3132 1142 3200 quando
1167 3132 1723 3200 argro'eonl‘ereuda'est

127 3197 359 3242 extrema
382 3196 563 3242 unctio.

127 3197 359 3242 extrema
382 3196 563 3243 unctio.

127 3303 290 3314 ..ᾕ-

293 3309 1384 3322 --._——.———o———-———-—————.—_—

1848 540 2031 580 camus
2061 543 2074 581 :
2111 528 2348 582 vivamus
2374 536 2430 581 ttt
2459 526 2714 597 praecepit
2733 521 3000 579 Christus.
3033 521 3155 578 Ideo
3178 521 3442 592 baptisma

1861 616 1995 672 indit
2016 659 2031 683 ,
2064 633 2168 672 non
2200 630 2254 671 ttt
2281 620 2460 672 statim
2491 615 2845 672 abscedamus
2868 657 2884 680 ,
2913 613 3008 668 sed
3039 622 3097 668 ut
3125 623 3246 682 post
3274 613 3444 682 haptt-

1846 725 2021 764 smum
2045 712 2286 766 viventes
2299 709 2500 765 fructus
2521 707 2874 778 proferamus.
2891 705 3175 774 Quomodo
3196 706 3368 760 aheno
3380 709 3413 758 ti

1847 812 1902 856 et
1931 803 2114 858 exciso
2158 804 2338 868 dices,
2369 801 2696 858 Fructiﬁca?
2725 816 2831 858 non
2861 800 3078 866 audisti,
3108 799 3250 871 quod
3302 799 3436 852 Ιενη.

1846 905 1957 948 ctus
1985 894 2213 964 Spiritus
2252 897 2338 959 sit,
2365 895 2576 963 caritas,
2607 895 2873 966 gaudium,
2901 909 3007 966 pas:
3031 891 3175 963 (Gal.
3210 894 3261 948 5.
3294 892 3390 963 ξε)
3417 893 3440 944 ’ζ

1844 983 2125 1051 Quomodo
2173 984 2334 1054 igitur
2381 985 2649 1040 contraria
2693 982 3003 1040 eveniunt?
3047 981 3260 1038 Etenim
3308 999 3444 1035 uxor

1844 1072 2022 1127 adstat
2046 1073 2252 1144 lugens,
2277 1089 2399 1128 cum
2426 1074 2661 1144 gaudere
2684 1081 2992 1143 oporteret;
3023 1071 3176 1126 liberi
3206 1073 3441 1141 plorant.

1844 1178 1966 1219 cum
1995 1165 2249 1234 gratulari
2284 1181 2379 1236 par
2406 1173 2589 1221 esset:
2622 1165 2665 1219 is
2688 1165 2803 1235 ipse
2825 1164 2914 1234 qui
2935 1165 3080 1232 jacet
3107 1163 3437 1218 obtcnclira-

1844 1253 2694 1326 tus,tumultuacpcrturbationc
2726 1256 2917 1326 plenus
2943 1265 3056 1321 est,
3103 1270 3227 1310 cum
3272 1269 3439 1325 opor-

1845 1356 1981 1403 teret
2015 1346 2208 1402 festum
2235 1362 2437 1417 agere;
2471 1347 2522 1402 in
2555 1363 2790 1404 mterore
2819 1357 2980 1407 totus.
3011 1347 3154 1416 quod
3184 1346 3324 1402 ﬁlios
3345 1362 3441 1401 or-

1843 1437 1940 1492 bos
1989 1439 2289 1507 relinquat,
2324 1452 2545 1493 uxorem
2593 1437 2827 1502 viduam,
2879 1438 3097 1492 domum
3145 1437 3436 1493 desertam.

1838 1525 1978 1581 Num
2027 1529 2144 1589 sic,
2189 1542 2392 1597 qumso,
2423 1528 2701 1584 acceditur
2741 1528 2808 1582 ad
2846 1527 3144 1600 mysteria?
3183 1544 3310 1582 num
3363 1530 3442 1583 sic

1841 1619 2020 1674 aditur
2045 1634 2195 1673 sacra
2228 1621 2458 1674 mensa?
2487 1619 2724 1675 ltzcccinc
2749 1619 3014 1676 ferenda?
3043 1619 3098 1676 Si
3141 1620 3440 1690 Imperator

1841 1709 2020 1764 missis
2069 1709 2237 1764 literis
2264 1710 2474 1765 vinctus
2500 1712 2554 1765 in
2580 1726 2798 1768 carcere
2837 1712 3044 1771 solvat.
3073 1712 3327 1783 gaudium
3356 1723 3439 1766 est

1839 1817 1905 1858 ac
1947 1803 2130 1857 laetitia
2163 1821 2176 1856 :
2212 1803 2355 1858 Deus
2400 1812 2580 1860 autem
2630 1805 2798 1859 mittit
2842 1803 3103 1875 Spiritum
3152 1805 3219 1859 de
3247 1805 3395 1859 c:rlis
3422 1847 3435 1864 .

1839 1909 1947 1947 non
1993 1894 2234 1963 pecuniae
2264 1893 2554 1964 reliquias,
2585 1894 2680 1949 sed
2714 1896 2960 1950 universa
2991 1905 3206 1963 peccata
3236 1897 3439 1950 condo-

1839 2000 1993 2049 nans,
2019 1999 2314 2054 omnesque
2338 1984 2532 2055 lugetis
2557 1994 2613 2040 et
2639 1985 2987 2056 ingemiscitis
3008 1986 3031 2037 τ
3056 1986 3187 2052 Quae
3213 1995 3296 2040 est
3327 1986 3438 2040 hace

1840 2077 2174 2146 inmqualitas
2195 2077 2218 2130 ?
2237 2075 2484 2130 Nondum
2505 2075 2648 2131 enim
2672 2076 2811 2141 dico,
2840 2074 2982 2143 quod
3013 2076 3238 2129 mortuis
3260 2075 3436 2130 infusa

1836 2168 1905 2222 sit
1923 2182 2082 2236 aqua,
2115 2175 2169 2222 et
2197 2166 2339 2236 quod
2363 2174 2550 2221 sancta
2578 2168 2820 2237 projecta
2845 2167 2954 2220 sint
2981 2166 3034 2219 in
3059 2176 3258 2220 terram
3285 2183 3299 2218 :
3325 2182 3431 2220 non

1836 2258 1978 2313 cnim
2007 2272 2106 2312 nos
2138 2258 2189 2311 in
2217 2272 2378 2312 causa
2402 2272 2610 2319 sumus,
2639 2256 2734 2312 scd
2765 2258 2954 2327 ingrati
2975 2257 3216 2328 quidam.
3249 2257 3439 2312 Proin-

1834 2347 1903 2403 de
1932 2363 2065 2420 rogo
2090 2391 2105 2410 ,
2137 2357 2196 2402 ut
2234 2347 2486 2402 omnibus
2511 2348 2728 2402 omissis
2754 2349 3116 2418 nosmetipsos
3147 2359 3436 2403 converta-

1836 2454 1957 2494 mus
1980 2481 1996 2506 ,
2036 2449 2091 2495 et
2115 2455 2237 2494 cum
2265 2440 2410 2494 omni
2439 2439 2719 2495 alacritate
2739 2439 2813 2493 ad
2846 2439 3170 2508 baptismum
3212 2441 3437 2496 acceda-

1829 2547 1956 2587 mus
1978 2549 1992 2596 ;
2017 2542 2076 2586 ut
2096 2547 2217 2586 cum
2239 2533 2255 2564 ¹
2280 2531 2331 2586 in
2357 2531 2608 2602 praesenti
2629 2533 2737 2586 vita
2761 2547 3008 2602 magnam
3032 2531 3436 2588 cxhibucrimus

1837 2623 2177 2693 diligentiam
2198 2665 2212 2688 ,
2245 2622 2476 2677 futuram
2522 2637 2919 2693 consequamur
2957 2623 3243 2679 ﬁduciam:
3273 2639 3435 2694 quam

1835 2731 1932 2771 nos
1981 2729 2170 2770 omnes
2208 2715 2422 2785 assequi
2462 2716 2758 2786 contingat,
2789 2717 2961 2786 gratia
3007 2725 3062 2772 et
3106 2718 3435 2790 benignitate

1836 2807 2044 2863 Domini
2075 2807 2242 2861 nostri
2272 2807 2402 2862 Jesu
2429 2806 2653 2872 Christi,
2678 2807 2763 2862 cui
2790 2809 2961 2878 gloria
2991 2817 3046 2864 ct
3067 2808 3352 2880 imperium
3381 2811 3432 2864 iu

1832 2899 2024 2954 saecula
2070 2898 2412 2954 seculorum.
2447 2899 2640 2953 Amen.

1897 3078 1912 3106 ι
1948 3070 2087 3134 Alius
2108 3071 2362 3134 habet..."
2390 3077 2460 3134 ut,
2486 3072 2708 3134 euntibus
2743 3072 2951 3134 omissis,
2972 3073 3098 3125 illud
3123 3089 3352 3127 curemus
3373 3093 3433 3129 nc

1829 3141 1940 3185 tmte
1961 3131 2278 3200 ipitigtionem
2296 3145 2363 3183 ea:
2385 3133 2477 3183 hac
2500 3132 2604 3200 tritu
2618 3131 2950 3200 egrediantur,
2980 3136 3278 3200 b‘uptismttm
3297 3139 3427 3190 «ccio

1832 3209 1947 3258 pere
1968 3196 2243 3258 festi:sz
2267 3207 2376 3243 cum
2399 3194 2530 3244 omni
2553 3193 2808 3247 alacritate
2830 3209 2849 3258 ,'
2871 3204 2924 3248 ut
2939 3193 3071 3258 ctmt',
3107 3208 3211 3248 etc.

3375 3318 3415 3327 -ν

1517 3371 1863 3434 HOMILIA
1906 3371 1985 3433 ll.

121 3509 244 3561 Car.
284 3510 337 3562 l.
370 3524 417 3560 v.
453 3509 505 3563 6.
559 3508 725 3579 Igitur
775 3512 859 3580 qui
907 3523 1241 3566 convenerant
1267 3555 1281 3576 ,
1336 3515 1718 3582 interrogabant

187 3616 302 3653 eum
358 3599 578 3653 dicentes
606 3616 624 3654 :
648 3600 880 3668 Domine,
923 3603 966 3657 si
993 3601 1047 3656 in
1092 3611 1316 3672 tempore
1354 3605 1450 3657 hoc
1492 3604 1719 3657 restitues

185 3703 404 3754 regnum
427 3687 592 3742 Israel
614 3690 639 3742 ?

189 3777 239 3828 l.
285 3777 543 3846 Discipuli
567 3777 943 3850 interrogaturi
966 3781 1124 3835 simul
1139 3781 1360 3839 adeunt.
1403 3793 1460 3836 ut
1481 3783 1717 3836 multitu-

119 3864 256 3918 dinis
285 3866 592 3920 reverentia
617 3869 1022 3936 responsionem
1043 3871 1341 3926 obtineant.
1373 3871 1624 3927 Sciebant
1662 3873 1713 3927 id

120 3954 258 4022 quod
305 3970 480 4024 nuper
527 3956 754 4022 dixerat,
805 3957 973 4013 Nemo
1016 3962 1153 4014 novit
1185 3961 1366 4028 diem(
1389 3961 1576 4016 Matth.
1618 3961 1709 4017 21.

121 4043 259 4111 56),
293 4045 612 4114 repellentis
639 4046 824 4114 fuisse,
865 4064 1038 4120 neque
1067 4051 1380 4120 ignorantis,
1435 4052 1529 4108 sed
1555 4052 1710 4108 diﬁ‘e-

121 4136 282 4189 rentis
311 4137 724 4204 responsionem
752 4140 925 4195 :unde
948 4156 1132 4195 rursus
1147 4143 1428 4206 accedunt,
1459 4153 1513 4199 et
1544 4146 1709 4200 inter-

121 4237 326 4295 rogant.
376 4225 491 4280 Non
528 4235 707 4282 autem
745 4229 1186 4300 interrogassent,
1218 4234 1320 4289 nisi
1349 4234 1401 4289 id
1425 4249 1552 4290 vere
1582 4251 1705 4306 per-

117 4325 330 4372 suasum
352 4315 690 4375 habuissent.
712 4321 844 4386 Quia
869 4323 1010 4377 enim
1041 4324 1341 4392 audierant,
1374 4342 1432 4382 se
1452 4327 1704 4397 Spiritum

116 4417 358 4463 sanctum
380 4418 696 4478 accepturos
715 4427 836 4468 esse
867 4423 925 4468 ut
938 4414 1048 4483 jam
1070 4415 1214 4485 digni
1237 4417 1290 4472 id
1320 4419 1567 4473 volebant
1586 4420 1691 4475 edi-

117 4510 286 4564 scere,
304 4499 418 4569 jam
442 4503 611 4569 parati
636 4502 702 4557 ad
729 4504 1028 4560 libertatem
1045 4509 1410 4564 obtinendam.
1428 4510 1542 4566 Non
1560 4513 1701 4567 cnim

119 4587 363 4644 volebant
379 4604 440 4645 se
463 4590 516 4644 in
538 4594 775 4662 pericula
795 4595 1084 4665 conjicere,
1106 4597 1202 4653 sed
1224 4600 1396 4668 potius
1414 4602 1698 4672 respirare,

118 4689 178 4729 eo
204 4680 347 4748 quod
377 4696 486 4735 non
509 4684 696 4752 exigua
725 4697 926 4753 essent,
957 4705 1073 4758 quae
1091 4690 1199 4745 illis
1217 4693 1573 4762 contigerant,
1603 4696 1698 4752 Sed

117 4768 177 4822 dc
195 4772 454 4827 extremis
491 4775 771 4843 periclitati
799 4790 999 4835 essent.
1042 4780 1181 4836 Nihil
1221 4783 1380 4852 igitur
1408 4785 1475 4840 de
1500 4786 1698 4856 Spiritu

117 4857 337 4930 loquuti,
382 4865 463 4918 sic
511 4865 878 4940 interrogant:
911 4870 1149 4937 Domine,
1197 4876 1242 4928 si
1275 4878 1325 4928 in
1364 4881 1701 4948 temporehoc

113 4951 336 5007 restitues
359 4970 576 5025 regnum
601 4956 766 5014 Israel
786 4962 812 5015 .’
837 4960 954 5018 Non
985 4963 1254 5031 dixerunt,
1285 4967 1552 5034 Quando?
1580 4972 1692 5039 sed,

114 5041 187 5095 An
222 5059 367 5099 nunc
391 5046 415 5098 ?
464 5047 599 5102 adeo
620 5049 994 5109 desiderabant
1021 5057 1158 5110 diem
1186 5073 1529 5129 Cognoscere.
1573 5065 1698 5121 Ideo

113 5132 272 5187 multo
299 5148 420 5190 cum
444 5135 651 5194 honore
680 5142 897 5198 adeunt.
926 5145 1062 5202 Puto
1090 5157 1268 5204 autem
1298 5151 1417 5206 illos
1447 5169 1553 5207 non
1581 5157 1694 5210 cla-

112 5237 164 5276 re
200 5224 416 5282 novisse
445 5270 460 5294 ,
509 5231 778 5300 quodnam
819 5239 1111 5293 essetillud
1162 5257 1381 5312 regnum
1414 5263 1428 5298 :
1458 5250 1692 5305 nondum

111 5313 243 5404 enim
289 5314 525 5386 Spiritus
556 5321 674 5377 illos
701 5325 970 5380 docuerat.
1013 5328 1122 5384 Nec
1148 5332 1418 5401 dixerunt,
1469 5335 1692 5404 Quando

110 5401 216 5461 hare
235 5411 442 5464 erunt?
472 5413 565 5467 sed
587 5415 710 5485 quid
739 5417 762 5468 ?
801 5419 864 5473 Si
889 5420 941 5473 in
971 5431 1194 5492 tempore
1224 5426 1318 5480 hoc
1347 5401 1577 5485 restitues
1605 5449 1689 5487 re-

109 5511 253 5564 gnum
296 5499 468 5556 Israel
494 5504 520 5557 7
546 5515 728 5575 utpote
771 5511 912 5578 quod
958 5513 1070 5581 jam
1110 5517 1402 5573 exciderat.
1454 5521 1578 5578 Hzec
1617 5523 1688 5579 ita

107 5589 464 5661 sciscitantur,
504 5597 630 5666 quia
655 5614 780 5670 erga
811 5605 1080 5660 sensibilia
1109 5608 1284 5666 adhuc
1305 5611 1479 5668 all‘ecti
1506 5625 1682 5683 erant,

105 5683 193 5735 etsi
222 5700 326 5738 non
355 5694 615 5756 quantum
644 5700 795 5748 antea
828 5711 843 5749 :
873 5696 1108 5754 nondum
1149 5703 1290 5757 enim
1329 5705 1583 5762 meliores
1610 5707 1687 5762 fa-

106 5775 166 5826 eti
186 5788 352 5830 erant.
371 5778 459 5836 Sic
485 5781 702 5838 demum
734 5785 784 5840 hi
809 5788 1008 5858 majora
1028 5790 1094 5844 de
1118 5794 1204 5849 illo
1232 5797 1671 5867 imaginabautur.

1829 3513 1961 3582 Quia
2003 3513 2164 3584 igitur
2201 3515 2266 3568 ad
2311 3515 2501 3570 altiora
2535 3518 2771 3585 provecti
2805 3528 2978 3582 erant,
3034 3528 3090 3574 et
3115 3521 3230 3590 ipse
3258 3525 3428 3577 Sliiili-

1826 3605 1963 3657 mins
1989 3619 2083 3659 eos
2104 3604 2410 3679 alloquitur.
2434 3606 2551 3661 Non
2582 3609 2694 3677 jam
2722 3612 2864 3664 enim
2895 3611 2962 3664 ita
2991 3611 3121 3668 dicit
3147 3615 3251 3670 illis
3276 3633 3290 3672 :
3321 3616 3431 3670 Ne-

1823 3713 1916 3764 que
1946 3696 2117 3751 Filius
2145 3698 2277 3751 diem
2321 3700 2457 3754 novit
2489 3701 2507 3769 (
2535 3699 2702 3754 Marc.
2731 3703 2818 3756 i5.
2853 3703 2922 3758 3?.
2951 3703 2968 3774 )
2994 3721 3009 3770 ;
3040 3706 3135 3760 sed
3167 3709 3335 3777 quid?
3369 3712 3420 3762 7.

1826 3788 1946 3843 Non
1967 3798 2038 3844 est
2055 3799 2272 3844 vestrum
2295 3808 2439 3846 nosse
2475 3803 2703 3862 tempora
2724 3797 2800 3849 vel
2823 3809 3095 3862 momenta,
3124 3817 3240 3870 qua
3271 3802 3424 3858 Ραιιιτ

1820 3879 1988 3948 posuit
2027 3881 2079 3933 in
2118 3897 2213 3935 sua
2259 3891 2522 3948 potestate.
2557 3883 2756 3953 Majora
2791 3928 2807 3952 ,
2851 3886 3022 3956 inquit
3052 3930 3068 3952 ,
3117 3894 3420 3959 postulatis.

1757 4016 1764 4025 .
1821 3971 1977 4040 Atqui
2033 3971 2190 4041 longe
2239 3973 2474 4042 majora,
2521 3975 2730 4044 inquies
2762 4017 2779 4044 ,
2832 3978 2943 4046 jam
2990 3979 3308 4038 didicerant.
3353 3986 3419 4042 [lt

1816 4071 1994 4116 autem
2044 4062 2147 4118 hoc
2200 4077 2453 4121 accurate
2498 4065 2697 4131 discas,
2726 4070 3000 4140 perpende
3045 4089 3206 4144 quam
3251 4081 3418 4134 multa

1817 4165 2148 4208 recenseam.
2190 4152 2349 4221 Quid,
2381 4169 2583 4224 quteso.
2614 4157 2784 4226 majus
2814 4159 2902 4224 iis,
2926 4177 3048 4232 qua:
3077 4163 3419 4223 didicerant?

1815 4239 1916 4312 Ipsi
1950 4258 2140 4314 nempe
2163 4259 2282 4300 esse
2305 4247 2496 4300 Filium
2532 4249 2647 4314 Dei,
2677 4264 2797 4304 esse
2825 4250 2970 4306 Patri
2995 4253 3205 4314 honore
3232 4275 3414 4329 parem

1812 4333 2112 4390 didicerant
2165 4341 2182 4407 (
2212 4336 2373 4393 Joan.
2405 4341 2458 4395 5.
2497 4341 2578 4395 17.
2613 4341 2710 4413 19)
2740 4359 2754 4408 ;
2807 4348 3257 4406 resurrectionem
3301 4353 3418 4410 fore

1812 4439 1828 4495 (
1857 4426 2042 4480 Hau/2.
2069 4430 2150 4483 l7.
2177 4429 2240 4501 9)
2263 4471 2277 4492 .
2310 4432 2482 4499 ipsum
2504 4436 2882 4492 ascendentem
2901 4453 3176 4496 sessurum
3198 4444 3265 4499 ad
3285 4445 3413 4502 dex—

1812 4526 1976 4572 teram
2005 4519 2177 4575 Patris
2199 4525 2217 4590 (
2237 4520 2362 4575 Luc.
2389 4522 2480 4577 22.
2510 4524 2598 4580 69.
2653 4526 2816 4584 Marc.
2851 4530 2938 4586 16.
2973 4532 3101 4604 l9).
3129 4535 3261 4590 Rem
3286 4539 3410 4595 item

1810 4609 1978 4678 magis
2007 4612 2326 4679 stupendam
2354 4611 2675 4681 didicerant,
2713 4619 2855 4689 quod
2898 4636 3028 4678 caro
3055 4641 3290 4695 superne
3320 4645 3408 4683 sc-

1806 4698 1950 4766 deat,
1994 4710 2049 4756 et
2092 4702 2348 4759 adoretur
2373 4705 2441 4761 ab
2475 4711 2699 4777 angelis,
2749 4714 2889 4781 quod
2925 4716 3116 4772 iterum
3150 4732 3410 4780 venturus

1807 4790 2136 4859 sitjudicare
2152 4795 2407 4850 mundum
2429 4799 2739 4858 universum
2768 4804 2982 4868 (Matth.
3018 4810 3107 4864 16.
3137 4813 3228 4867 27.
3273 4816 3401 4870 ινιτ.

1804 4881 1897 4937 2i.
1930 4886 1998 4938 27
2027 4885 2044 4955 )
2076 4903 2088 4938 :
2123 4887 2442 4956 didicerant,
2486 4895 2628 4964 quod
2669 4897 2767 4965 ipsi
2806 4914 3020 4970 quoque
3049 4914 3175 4960 tunc
3205 4912 3406 4964 sessuri

1803 4989 1984 5067 essent
2007 4981 2219 5049 judices
2249 4982 2534 5041 duodecim
2569 4989 2804 5046 tribuum
2850 4993 3011 5050 lsracl
3042 4997 3059 5067 (
3088 4997 3277 5057 Matt/i2
3313 5003 3400 5057 19.

1800 5066 1908 5160 23)
1939 5087 1951 5122 :
1980 5072 2278 5129 didicerant
2297 5075 2514 5133 Judaaos
2534 5074 2830 5150 ejiciendos
2857 5101 2998 5154 esse,
3029 5066 3188 5160 atque
3215 5107 3400 5148 eorum

1801 5159 1921 5215 loco
1955 5163 2294 5232 ingressuras
2324 5179 2514 5238 gentos
2543 5171 2559 5240 (
2583 5171 2709 5225 Luc.
2738 5172 2828 5228 2L
2860 5175 2931 5231 24
2951 5177 2990 5249 ).
3043 5159 3259 5238 Discere
3287 5184 3401 5240 lure

1800 5251 1973 5306 futura
1999 5268 2141 5321 esse,
2173 5273 2422 5328 magnum
2456 5270 2560 5326 est;
2590 5262 2802 5320 discere
2819 5283 2947 5323 vero
2968 5311 2982 5335 ,
3024 5272 3257 5341 aliquem
3279 5291 3399 5333 csso

1797 5358 2162 5417 regnaturum,
2202 5362 2256 5408 et
2280 5358 2494 5426 quando
2525 5359 2583 5413 id
2619 5363 2851 5431 accidet,
2895 5382 3002 5421 non
3044 5370 3114 5424 ita
3141 5364 3394 5444 magnum

1930 5442 2124 5538 Didicit
2151 5446 2348 5503 Paulus
2379 5467 2500 5521 quae
2530 5469 2635 5508 nou
2668 5455 2866 5513 licebat
2895 5458 3098 5517 homini
3125 5442 3268 5532 loqui
3298 5470 3317 5538 (
3338 5470 3392 5524 2.

1795 5530 1912 5622 ρον.
1942 5535 2026 5588 l2.
2058 5537 2092 5590 4
2112 5536 2152 5607 ),
2175 5540 2354 5596 omnia
2383 5559 2502 5613 qua:
2525 5546 2784 5602 mundum
2815 5549 2955 5606 hunc
2977 5530 3390 5622 pratcessera‘nt.

1794 5620 1980 5716 _Utrum
2025 5626 2235 5687 discere
2265 5632 2539 5690 difﬁcilius
2564 5647 2646 5693 est
2670 5679 2685 5705 ,
2739 5620 3060 5716 principium
3081 5664 3147 5702 an
3177 5650 3338 5707 ﬁnem
3367 5655 3390 5709 ?

1791 5711 1999 5785 Liquet,
2032 5719 2182 5813 prius
2201 5737 2322 5779 esse
2349 5724 2644 5784 difﬁcilius.
2670 5732 2831 5802 Atqui
2860 5711 3151 5809 id-Moyscs
3176 5743 3385 5813 didicit,

1791 5816 1841 5859 et
1869 5810 2082 5878 quando
2110 5823 2163 5867 et
2191 5827 2396 5886 quanto
2427 5830 2552 5876 ante
2581 5833 2823 5894 tempore
2850 5826 3107 5896 declarat,
3135 5848 3255 5888 cum
3283 5810 3381 5892 an;
