4054 6406
725 399 792 454 ἵ]
1438 401 1494 455 S.
1534 400 1807 456 JOANNIS
1842 363 2314 455 CIIRYSOSTOMI
2361 396 2672 452 ARClIIEP.
2703 399 3229 457 CONSTANTINOP.
3920 402 3988 456 28

727 530 819 564 ιιυς
845 523 1136 567 enumerat.
1199 514 1308 570 Hoc
1347 523 1402 569 et
1455 515 1704 568 Salomon
1750 512 1990 575 sciebat;
2023 510 2142 563 ideo
2167 510 2239 560 ait
2273 525 2282 557 :

724 605 1128 660 (.‘ommemorabo
1145 623 1221 672 ea,
1241 621 1354 676 quae
1373 609 1576 678 fuerunt
1597 622 1628 658 a
1645 605 1828 658 sarculo
1846 602 2029 669 (Eccli.
2052 602 2113 655 5|
2129 639 2140 654 .
2179 601 2285 669 11).

723 695 870 760 Quod
897 710 1055 764 porro
1087 697 1339 752 Dominus
1368 712 1531 767 prope
1557 696 1655 761 sit,
1710 695 1763 748 hi
1793 703 1974 764 postea
2005 700 2284 754 noverunt,

723 794 778 837 ιιι
827 796 884 844 rt
942 786 1153 852 Paulus,
1188 789 1272 857 qui
1319 789 1480 842 dicit:
1508 785 1756 840 Dominus
1810 801 1966 852 prope
2011 793 2109 846 est,
2160 781 2289 834 nihil

728 877 933 930 :otliciti
977 880 1083 932 sitis
1132 879 1385 949 (Philipp.
1413 881 1469 934 4.
1495 880 1548 935 5.
1578 878 1675 948 6).
1719 877 1824 932 Sed
1870 886 1993 930 tunc
2037 888 2144 928 non
2185 887 2284 926 no-

725 979 940 1034 verant,
975 971 1181 1024 tametsi
1210 971 1355 1039 signa
1382 971 1490 1038 jam
1523 975 1855 1037 acceperant.
1913 965 2155 1020 Christus
2184 978 2283 1016 au-

720 1070 825 1112 tem
882 1069 938 1113 ut
987 1060 1157 1125 dixit,
1205 1060 1326 1114 Non
1377 1069 1489 1130 post
1539 1062 1718 1114 multos
1772 1059 1862 1112 hos
1909 1057 2013 1110 dies
2045 1097 2058 1120 ,
2101 1053 2284 1107 volens

719 1151 837 1202 illos
878 1150 1058 1218 vigiles
1103 1165 1242 1218 esse,
1287 1165 1387 1207 nec
1414 1151 1685 1206 evidenter
1711 1163 1821 1203 rem
1850 1147 2137 1203 declaravit
2171 1163 2182 1198 :
2213 1146 2282 1198 i:a

718 1249 772 1291 et
794 1255 931 1294 nunc
958 1239 1099 1295 facit.
1130 1241 1208 1295 llli
1248 1251 1422 1296 autem
1466 1242 1548 1296 hie
1579 1257 1681 1294 non
1705 1241 1771 1294 de
1802 1238 2275 1299 consummatione,

714 1330 808 1384 sed
843 1330 909 1384 de
932 1347 1095 1401 regno
1128 1333 1489 1402 interrogant;
1528 1333 1752 1402 ideoque
1783 1331 2030 1386 dicebant
2061 1344 2075 1382 :
2118 1327 2179 1382 Si
2225 1327 2279 1378 in

716 1432 938 1488 tempore
991 1424 1085 1476 hoc
1144 1425 1370 1477 restitues
1434 1440 1640 1493 regnum
1701 1421 1865 1475 Israel
1897 1420 1950 1474 ‘2
2002 1419 2094 1473 Ille
2152 1431 2279 1472 vero

720 1527 891 1579 neque
941 1512 988 1565 id
1034 1515 1113 1568 eis
1155 1514 1426 1568 revelavit.
1467 1515 1542 1568 De
1582 1516 1684 1567 line
1725 1522 1901 1567 autem
1942 1512 2164 1565 antehac
2199 1511 2278 1563 in-

712 1604 1082 1672 terrogabant;
1132 1605 1224 1660 sed
1269 1621 1373 1661 non
1415 1598 1855 1676 quemadmodum
1892 1604 2000 1659 illic
2040 1602 2277 1657 severius

712 1695 1018 1761 respondit,
1067 1695 1495 1757 ahducensillos,
1544 1712 1610 1751 ne
1640 1705 1883 1765 putarent
1910 1695 2275 1749 liberationem

712 1799 829 1839 esse
860 1787 1105 1852 vicinam,
1139 1795 1192 1839 et
1219 1787 1444 1855 conjecit
1475 1788 1588 1841 illos
1621 1789 1669 1841 in
1703 1786 1934 1856 pericula
1967 1802 1980 1837 :
2011 1785 2082 1840 ita
2112 1793 2164 1838 et
2191 1782 2278 1837 hic

713 1874 855 1936 facit,
909 1875 1002 1928 sed
1050 1878 1392 1930 mansuetius.
1423 1877 1499 1931 Ne
1522 1885 1764 1946 putarent
1785 1876 1924 1930 enim
1951 1874 2050 1929 sibi
2085 1881 2274 1927 contu-

714 1967 922 2021 meliam
963 1966 1177 2030 inferri,
1225 1982 1357 2023 neve
1385 1969 1665 2023 crederent
1706 1967 1818 2020 haec
1844 1966 2090 2020 obtentus
2131 1975 2269 2025 esse,

712 2058 830 2112 audi
860 2059 1124 2126 quomodo
1151 2060 1326 2113 statim
1351 2059 1454 2114 illis
1480 2059 1794 2128 polliceatur
1817 2071 1876 2111 se
1902 2054 2097 2124 aliquid
2121 2052 2275 2108 datu.

709 2165 845 2214 rum,
872 2149 939 2204 de
959 2165 1064 2219 quo
1078 2150 1394 2219 gauderent.
1421 2150 1657 2218 Sttbjecit
1685 2149 1840 2218 igitur
1880 2166 1892 2200 :
1918 2146 1970 2201 8.
2005 2144 2110 2200 Sed
2138 2145 2272 2197 acci-

707 2241 851 2307 pietis
876 2240 1106 2296 virtutem
1135 2241 1522 2309 supervenientis
1549 2241 1600 2293 in
1635 2255 1720 2292 vos
1747 2237 1972 2308 Spiritus
2013 2234 2194 2297 sancti,
2227 2244 2274 2286 et

705 2331 840 2381 eritis
861 2329 984 2381 milii
1009 2339 1154 2382 testes
1174 2331 1224 2382 in
1245 2329 1544 2394 Jerusalem,
1570 2339 1616 2381 et
1641 2328 1692 2380 in
1715 2327 1848 2381 omni
1874 2325 2080 2391 Judtea,
2107 2332 2152 2379 et
2173 2322 2274 2377 Sa-

706 2419 884 2484 maria,
922 2426 969 2472 et
995 2435 1149 2489 usque
1175 2420 1242 2470 ad
1272 2420 1502 2472 ultimum
1547 2428 1708 2471 (errat.
1756 2417 1952 2471 Deinde
1984 2430 2051 2469 ne
2089 2428 2271 2468 rursus

708 2510 876 2576 ipsum
893 2510 1299 2579 interrogarent,
1316 2509 1490 2564 statim
1505 2517 1804 2576 assumptus
1816 2504 2272 2572 est.Quemadmo—

705 2600 828 2652 dum
852 2600 1010 2668 igitur
1033 2600 1137 2653 illic
1151 2608 1292 2654 metu
1316 2601 1459 2668 ipsos
1480 2598 1868 2664 obtenebravit,
1887 2613 2006 2653 cum
2033 2598 2183 2663 dixit,
2211 2610 2269 2651 se

707 2691 911 2744 noscite
944 2710 955 2744 :
985 2691 1060 2744 sic
1089 2700 1142 2744 et
1173 2691 1269 2744 lioe
1292 2691 1407 2744 loco
1423 2691 1598 2744 statim
1629 2700 1952 2758 assumptus,
1975 2698 2033 2743 ut
2055 2688 2266 2743 dicitur.

706 2781 864 2836 Multo
894 2797 1119 2851 namque
1147 2783 1220 2835 rei
1245 2781 1508 2836 desiderio
1535 2784 1868 2848 tenebantur,
1902 2798 2072 2852 neque
2101 2784 2267 2838 desti-

707 2873 920 2935 tissent;
937 2886 997 2924 ac
1027 2887 1242 2926 necesse
1262 2871 1544 2926 admodum
1564 2881 1696 2937 erat,
1725 2888 1789 2927 ne
1810 2874 2007 2928 scirent
2032 2874 2100 2937 id,
2127 2873 2266 2942 quod

705 2963 839 3016 scire
863 2961 1164 3029 cupiebant.
1213 2962 1305 3016 Dic
1328 2962 1468 3016 enim
1492 2962 1642 3028 mibi,
1680 2963 1805 3032 quid
1835 2963 2010 3017 minus
2046 2964 2269 3018 credunt

703 3051 945 3116 gentiles,
974 3066 1039 3104 an
1061 3052 1284 3104 futuram
1312 3054 1840 3119 consummationem,
1873 3067 1939 3108 an
1965 3053 2104 3123 quod
2133 3055 2266 3108 Deus

706 3140 866 3192 homo
894 3139 1059 3194 factus
1085 3142 1171 3206 sit,
1201 3150 1255 3195 et
1283 3157 1346 3196 ex
1378 3141 1606 3212 Virginis
1631 3151 1781 3199 utero
1805 3143 2080 3213 prodierit,
2112 3153 2270 3213 atque

703 3250 822 3288 cum
853 3249 1010 3291 carne
1040 3233 1107 3287 ab
1137 3235 1438 3290 hominibus
1472 3237 1613 3290 visus
1658 3237 1726 3291 sit
1753 3237 1776 3289 ?
1817 3251 1995 3291 annon
2044 3235 2143 3290 hoc
2172 3252 2267 3307 po-

705 3329 990 3381 strentum?
1007 3330 1082 3384 lta
1096 3339 1240 3385 certe
1253 3330 1793 3390 dicturuscs.Verum
1806 3327 2069 3398 pudetme
2084 3327 2180 3380 bac
2199 3325 2268 3381 de

702 3430 758 3469 re
786 3429 929 3486 saepe
955 3417 1280 3486 loqui,qnasi
1308 3417 1375 3472 de
1404 3418 1614 3488 negotio
1638 3417 1889 3488 quopiam
1910 3416 2262 3472 indiderente.

707 3506 905 3559 Rursus
933 3521 997 3561 ne
1023 3506 1276 3572 dicerent,
1322 3505 1428 3562 Cur
1472 3523 1586 3564 rem
1621 3507 1947 3578 suspendis?
1999 3509 2095 3574 ait,
2141 3507 2267 3572 Quc

707 3595 860 3649 Pater
889 3603 1050 3665 posuit
1078 3599 1127 3651 in
1155 3614 1245 3652 sua
1264 3609 1525 3662 potestate.
1580 3601 1734 3669 Atqui
1763 3613 1865 3654 una
1901 3607 1985 3653 est
2012 3598 2184 3652 Patris
2213 3607 2266 3652 et

701 3688 819 3743 Filii
851 3699 1101 3756 potestas,
1132 3699 1188 3743 ut
1215 3705 1332 3744 cum
1362 3689 1492 3744 dicit
1521 3689 1700 3744 :Sicut
1715 3691 1844 3742 enim
1865 3688 2020 3742 Pater
2041 3699 2264 3742 mortuos

696 3780 900 3832 suscitat
924 3786 972 3832 et
991 3779 1218 3846 uiuificat,
1250 3781 1320 3832 ita
1338 3789 1383 3832 et
1405 3778 1568 3832 Filius
1587 3797 1708 3849 quos
1725 3781 1827 3832 vult
1846 3781 2060 3847 vivi/icat
2085 3780 2258 3850 (Joan.

793 3871 907 3941 2i).
954 3868 1008 3924 Si
1058 3885 1177 3924 cum
1225 3870 1433 3938 operari
1481 3878 1712 3938 oportet,
1758 3885 1876 3923 cum
1929 3870 2114 3923 eadem
2158 3872 2264 3939 agit

698 3971 953 4028 potestate
983 4001 998 4025 ,
1047 3977 1224 4016 annon
1289 3976 1410 4015 cum
1478 3961 1615 4015 scire
1667 3961 1936 4029 quidpiam
1991 3970 2245 4030 oportet,

695 4068 814 4106 cum
861 4051 1050 4107 eadem
1099 4053 1199 4106 scit
1248 4053 1553 4121 potestate?
1597 4053 1844 4106 Attamen
1897 4054 2048 4120 longe
2091 4052 2261 4122 majus

695 4156 775 4197 est
803 4151 1040 4198 mortuos
1067 4144 1342 4208 suscitare,
1383 4158 1539 4214 quam
1570 4143 1707 4198 scire
1735 4143 1874 4196 illam
1902 4143 2064 4198 diem.
2109 4144 2260 4211 Quod

698 4237 741 4288 si
771 4235 841 4296 id.
865 4233 1006 4303 quod
1027 4236 1197 4301 majus
1216 4243 1315 4298 est,
1343 4248 1462 4288 cum
1493 4243 1748 4303 potestate
1765 4233 1907 4300 facit,
1927 4248 2102 4288 annon
2125 4233 2260 4287 mulo

697 4335 751 4377 to
782 4325 947 4394 magis
975 4323 1132 4378 faciet
1156 4334 1208 4378 et
1229 4324 1496 4378 alterum?

763 4419 816 4471 9..
859 4417 1052 4471 Verum
1101 4425 1157 4470 ιιι
1206 4431 1314 4470 rem
1357 4417 1590 4481 discatis,
1619 4418 1861 4486 exemplo
1907 4417 2056 4472 vobis
2107 4418 2252 4472 illam

693 4511 994 4564 declarabo.
1023 4509 1172 4565 Sicut
1214 4523 1331 4562 cum
1362 4509 1611 4563 infantem
1649 4509 1890 4563 videmus
1921 4510 2212 4577 plorantem
2235 4550 2251 4576 ,

693 4617 756 4656 ac
780 4617 921 4669 sa'pe
943 4601 1207 4668 quidpiam
1236 4615 1264 4652 a
1295 4600 1445 4653 nobis
1469 4607 1731 4667 petentem
1755 4598 1856 4653 sibi
1881 4612 1985 4652 non
2007 4613 2254 4653 necessa-
2318 4663 2320 4665 ι

692 4694 849 4758 rium,
881 4691 933 4745 id
964 4693 1290 4745 occultamus
1315 4732 1328 4756 ,
1364 4706 1657 4760 vacuasque
1689 4691 1760 4745 illi
1800 4705 1988 4745 manus
2017 4691 2255 4746 ostendi-

691 4798 830 4847 mus,
878 4782 1152 4846 dicentes,
1209 4780 1346 4837 Ecce
1401 4798 1504 4837 non
1559 4781 1857 4838 habemus:
1921 4783 1989 4837 ita
2042 4792 2096 4837 et
2141 4783 2255 4854 ipse

689 4871 942 4940 apostolis
974 4872 1110 4926 fecit.
1141 4871 1332 4926 Verum
1360 4882 1417 4927 ut
1460 4874 1631 4928 infans
1672 4873 1759 4930 ille
1781 4914 1796 4939 ,
1827 4874 1873 4928 si
1901 4874 2029 4929 nihil
2073 4885 2256 4931 osten-

687 4964 893 5027 damus,
923 4964 1081 5018 instat
1112 4964 1392 5030 plorando,
1427 4981 1486 5019 se
1526 4965 1766 5020 delusum
1802 4966 2018 5030 videns,
2050 4983 2250 5036 nosque

686 5054 1010 5108 iliscedlmus
1053 5054 1291 5108 dicentes
1318 5071 1337 5104 τ
1370 5055 1532 5108 Vocat
1581 5069 1664 5109 me
1704 5055 1966 5124 quispiam
1990 5096 2004 5118 ,
2037 5068 2088 5108 et
2136 5058 2249 5124 ejus

685 5149 824 5218 quod
873 5151 1080 5218 petebat
1121 5151 1274 5213 loco,
1306 5149 1445 5203 aliud
1491 5149 1758 5219 quidpiam
1808 5149 1880 5202 illi
1929 5147 2156 5214 damus,
2193 5159 2250 5203 ιιι

685 5255 802 5294 eum
834 5255 862 5292 a
895 5239 982 5293 tali
1009 5239 1267 5293 desiderio
1296 5253 1579 5294 avocemus
1603 5280 1616 5304 ,
1645 5249 1699 5294 et
1724 5239 1998 5294 laudantes
2028 5239 2078 5291 id
2105 5239 2245 5308 quod

2398 508 2725 576 quaerebant,
2756 510 2942 565 iterum
2985 513 3114 567 dixit
3141 528 3200 568 se
3242 529 3347 570 non
3379 515 3597 572 habere.
3625 515 3828 571 Verum
3875 513 3986 584 jam

2401 612 2505 650 non
2539 599 2765 660 territat,
2800 601 2893 655 sed
2934 612 3210 672 postquam
3251 605 3481 658 oswndit
3509 605 3560 658 id
3584 605 3726 674 quod
3757 605 3984 662 fecerat.

2397 686 2550 742 aliert
2601 688 2927 756 probabilem
2967 707 3214 757 causam;
3252 687 3435 758 Pater,
3463 695 3665 763 inquit,
3710 695 3889 763 possit
3934 693 3984 745 in

2399 795 2487 831 sua
2502 788 2760 849 potestate.
2794 781 2929 848 Quid
2967 786 3130 854 ergo?
3157 799 3222 838 an
3255 799 3308 840 tu
3337 787 3510 842 nescis
3540 802 3623 851 ea,
3648 802 3769 856 qua:
3803 787 3984 841 Patris

2394 871 2551 922 sunt?
2578 885 2642 924 an
2673 872 2845 940 ipsum
2877 877 3036 938 nosti,
3067 887 3122 930 et
3148 893 3267 946 quae
3293 879 3409 945 ejus
3448 889 3572 932 sunt
3602 880 3860 949 ignoras?
3893 880 3982 931 Di-

2395 959 2514 1011 xisti
2546 977 2560 1012 :
2594 959 2757 1015 Nemo
2786 965 2920 1016 novit
2943 963 3150 1019 Patrem
3175 967 3274 1020 nisi
3305 966 3472 1020 Filius
3499 969 3518 1036 (
3547 968 3667 1024 Luc.
3700 969 3788 1023 ιο.
3819 968 3893 1024 93
3922 970 3939 1038 )
3965 988 3978 1033 ;

2393 1059 2466 1112 et,
2509 1052 2733 1118 Spiritus
2759 1056 2928 1107 omnia
2955 1065 3205 1110 scrutatur
3229 1099 3243 1121 ,
3277 1060 3426 1111 etiam
3457 1062 3713 1128 profunda
3740 1060 3844 1113 Dei
3874 1061 3893 1124 (
3935 1065 3978 1113 Ι.

2392 1139 2509 1192 Cor.
2538 1142 2589 1193 9..
2628 1143 2688 1197 lO
2717 1146 2734 1211 )
2759 1163 2770 1208 ;
2799 1154 2852 1198 et
2881 1158 2934 1198 ιιι
2961 1162 3029 1201 ne
3058 1147 3158 1201 hoc
3204 1149 3414 1216 quidem
3449 1150 3624 1205 nosti?
3650 1151 3824 1206 Absit.
3859 1151 3978 1204 Non

2392 1239 2447 1283 ut
2491 1231 2589 1287 lioc
2615 1235 2944 1303 suSpicemur
2969 1277 2985 1302 ,
3019 1239 3088 1291 ita
3121 1240 3368 1307 loquutus
3397 1251 3505 1302 est;
3537 1242 3630 1296 sed
3661 1256 3720 1296 se
3763 1244 3976 1297 nescire

2389 1320 2621 1383 simulat,
2678 1333 2737 1378 ut
2795 1326 2915 1380 illos
2975 1329 3043 1381 ab
3106 1329 3472 1400 intempestiva
3527 1333 3826 1401 qumstionc
3882 1335 3975 1385 ab-

2387 1410 2564 1465 ducat.
2599 1413 2713 1470 Non
2763 1419 2874 1471 ausi
2906 1430 3031 1473 sunt
3073 1436 3200 1491 ergo
3249 1425 3440 1477 iterum
3491 1426 3846 1494 interrogare,
3907 1441 3974 1479 ne

2387 1499 2672 1556 audirent:
2709 1502 2776 1557 Et
2818 1522 2905 1561 vos
2945 1509 3234 1579 insipientes
3278 1513 3393 1565 estis
3424 1511 3652 1583 (Matth.
3687 1515 3774 1569 15.
3815 1514 3884 1567 16
3909 1514 3973 1582 )?

2387 1587 2550 1644 Multo
2601 1594 2740 1648 enim
2793 1599 2961 1666 magis
3007 1599 3152 1653 illum
3203 1617 3342 1656 nunc
3400 1603 3746 1669 metuebant,
3804 1618 3970 1674 quam

2387 1689 2560 1734 antea.
2620 1682 2725 1736 Sed
2778 1689 3031 1758 accipietis
3099 1691 3329 1744 virtutem
3381 1696 3775 1763 supervenientis
3834 1695 3967 1763 Spi-

2387 1772 2512 1825 ritus
2561 1777 2724 1828 sancti
2772 1779 2826 1831 in
2874 1795 2958 1833 vos
2987 1780 3008 1852 (
3039 1780 3203 1835 Marc.
3237 1785 3288 1837 7.
3319 1785 3385 1838 18
3417 1789 3454 1854 ).
3505 1785 3969 1852 Quemadmodum

2385 1864 2525 1918 enim
2578 1866 2685 1922 illic
2739 1883 2846 1924 non
2899 1871 2965 1926 ad
3017 1873 3333 1945 interrogata
3392 1878 3665 1946 respondit
3718 1879 3964 1948 (doeto-

2383 1953 2456 2007 ris
2503 1957 2645 2010 enim
2691 1969 2808 2026 est,
2841 1976 2945 2015 non
2995 1964 3135 2032 quod
3191 1966 3302 2020 vult
3348 1967 3662 2037 discipulus,
3693 1969 3786 2024 sed
3821 1970 3965 2038 quod

2384 2043 2483 2112 ipsi
2515 2048 2744 2116 expedit,
2770 2051 2969 2109 docere
2992 2054 3010 2124 )
3036 2071 3050 2107 :
3081 2057 3152 2110 ita
3180 2066 3233 2112 et
3261 2074 3418 2121 nunc,
3448 2075 3566 2128 quas
3592 2061 3801 2116 discere
3829 2076 3965 2130 Opus

2383 2145 2498 2188 erat
2536 2139 2808 2207 prredicit,
2845 2158 2914 2198 ne
2967 2144 3286 2200 turbentur:
3317 2147 3541 2203 fortasse
3589 2151 3710 2220 quia
3763 2151 3962 2204 infirmi

2383 2237 2555 2283 erant.
2580 2229 2648 2286 Ut
2679 2241 2853 2288 autem
2883 2235 3128 2290 ﬁduciam
3160 2238 3326 2302 indat,
3359 2240 3594 2308 ipsorum
3625 2241 3835 2296 animos
3858 2242 3964 2296 eri-

2380 2319 2451 2386 git
2478 2361 2492 2384 ,
2516 2329 2570 2374 et
2597 2335 2823 2379 onerosa
2857 2329 3012 2381 texit.
3039 2329 3168 2394 Quia
3217 2331 3356 2383 enim
3389 2332 3545 2402 paulo
3577 2342 3694 2401 post
3723 2335 3847 2388 illos
3879 2349 3962 2388 rc-

2381 2407 2599 2463 licturus
2619 2422 2753 2477 erat,
2776 2414 2905 2469 nihil
2932 2417 3056 2484 ipsis
3082 2433 3330 2487 asperum
3356 2422 3670 2488 simpliciter
3695 2423 3958 2493 loquitur;

2379 2497 2473 2551 sed
2499 2500 2664 2569 quid?
2691 2502 2822 2556 Cum
2853 2505 3081 2561 admixta
3114 2508 3268 2564 laude
3297 2512 3515 2566 molesta
3548 2514 3751 2583 mitigat
3779 2531 3794 2580 ;
3828 2530 3893 2570 ac
3917 2516 3958 2567 si

2380 2587 2581 2645 diceret
2606 2607 2618 2642 :
2649 2592 2725 2646 Ne
2756 2595 3016 2664 timeatis;
3041 2613 3162 2653 nam
3207 2602 3476 2668 Accipietis
3515 2606 3746 2658 virtutem
3775 2622 3958 2659 suoer-

2381 2683 2617 2737 venientis
2657 2685 2880 2754 Spiritus
2918 2691 3077 2742 sancti
3103 2692 3154 2743 in
3182 2707 3284 2756 vos,
3313 2702 3359 2763 et
3389 2695 3525 2747 eritis
3565 2695 3688 2748 mihi
3731 2701 3880 2750 testes
3907 2699 3956 2748 in

2378 2771 2660 2828 Jerusalem
2685 2817 2698 2841 ,
2733 2788 2779 2831 et
2804 2780 2856 2832 in
2882 2782 3019 2834 omni
3040 2781 3224 2836 Judwa
3246 2825 3260 2846 ,
3286 2796 3330 2837 et
3357 2783 3612 2839 Samaria.
3637 2785 3769 2854 Quia
3814 2788 3954 2841 enim

2378 2863 2580 2919 dixerat
2607 2909 2621 2930 ,
2649 2867 2711 2921 In
2743 2871 2872 2922 viam
2898 2873 3120 2940 gentium
3164 2891 3226 2926 ne
3275 2875 3514 2938 abieritis,
3539 2886 3584 2930 et
3623 2879 3675 2929 in
3703 2879 3955 2931 civitatem

2377 2953 2815 3010 Samaritanorum
2858 2976 2918 3012 ne
2959 2964 3260 3017 intraveritis
3288 2965 3307 3033 (
3336 2964 3518 3018 Matt/3.
3555 2968 3638 3022 10.
3671 2968 3746 3034 5)
3774 2985 3788 3031 ;
3819 2983 3956 3022 nunc

2380 3060 2509 3100 vero
2535 3047 2646 3101 vult
2683 3063 2774 3103 eos
2807 3051 3093 3119 praedicare
3123 3056 3175 3108 in
3197 3057 3341 3109 omni
3367 3056 3548 3112 Judrea
3589 3069 3641 3113 et
3669 3057 3950 3122 Samaria;

2377 3154 2493 3206 qua:
2527 3150 2650 3195 tunc
2677 3158 2780 3198 non
2807 3145 3030 3212 dixerat,
3058 3148 3144 3204 hic
3181 3151 3416 3218 addidit,
3451 3151 3516 3206 Et
3544 3169 3697 3222 usque
3734 3155 3804 3207 ad
3829 3155 3951 3208 ulti-

2377 3246 2513 3283 mum
2544 3241 2707 3287 terra.
2743 3233 2826 3299 Et,
2875 3239 3015 3308 quod
3061 3242 3296 3295 omnium
3342 3243 3793 3298 terribilissimum
3839 3254 3951 3299 erat

2373 3323 2644 3392 loquutus,
2679 3340 2745 3379 ne
2775 3342 2960 3383 rursus
2988 3331 3134 3384 illum
3176 3333 3601 3402 interrogarent,
3631 3335 3684 3387 9.
3727 3333 3953 3388 Videnti-

2372 3411 2466 3466 bus
2510 3414 2612 3468 illis
2651 3417 2872 3471 elevatus
2909 3429 2981 3472 est
3004 3462 3017 3486 ,
3052 3430 3097 3474 et
3127 3421 3281 3476 nubes
3308 3425 3522 3493 suscepit
3550 3441 3661 3477 eum
3704 3426 3767 3477 ab
3792 3427 3948 3478 oculis

2375 3517 2566 3556 eorum.
2596 3505 2782 3561 Viden‘
2810 3523 2904 3564 eos
2945 3511 3263 3579 praedicasse
3300 3522 3353 3568 et
3385 3513 3688 3583 implevisse
3716 3530 3944 3585 evangc‘

2374 3596 2499 3650 linm
2522 3599 2545 3648 τ
2570 3597 2707 3654 Vere
2753 3615 2864 3655 rem
2898 3618 3139 3673 magnam
3172 3604 3317 3659 dedit
3367 3606 3488 3660 illis.
3525 3606 3618 3660 Ubi
3653 3607 3904 3662 timuistis
3929 3648 3942 3668 ,

2375 3688 2576 3757 inquit,
2608 3703 2801 3760 nempe
2828 3691 3173 3763 Jerosolyma:
3201 3736 3213 3759 ,
3249 3696 3316 3750 ibi
3351 3696 3522 3763 primo
3552 3697 3837 3765 prrdicate
3856 3740 3872 3764 ,
3896 3707 3943 3752 et

2373 3789 2555 3847 postea
2584 3795 2749 3850 usque
2787 3783 2851 3836 ad
2876 3783 3116 3838 ultimum
3151 3794 3325 3838 terrm.
3361 3785 3562 3840 Deinde
3588 3786 3653 3839 ad
3682 3787 3838 3842 fidem
3868 3788 3941 3840 fa-

2372 3868 2609 3923 ciendam
2640 3870 2721 3934 iis,
2746 3887 2863 3940 quae
2891 3872 3116 3939 dixerat,
3157 3874 3447 3928 Videntilms
3471 3877 3573 3931 illis
3603 3880 3819 3932 eleuatus
3847 3889 3937 3939 est,

2371 3961 2558 4026 inquit.
2587 3961 2699 4015 Non
2733 3962 2835 4017 illis
2874 3963 3174 4019 videntibus
3204 3967 3524 4030 resurrexit,
3556 3968 3681 4030 sed,
3711 3967 3828 4023 Illis
3869 3970 3940 4021 vi-
4012 3993 4013 4011 ι

2370 4053 2596 4105 dentibus
2622 4054 2842 4108 elevatus
2864 4063 2970 4118 est;
3001 4057 3119 4124 quia
3149 4071 3323 4125 neque
3368 4068 3611 4126 aspectus
3644 4059 3726 4114 liic
3765 4059 3936 4112 omnia
4009 4081 4011 4097 ί

2369 4145 2557 4210 potuit.
2585 4143 2714 4198 Nam
2768 4146 3172 4200 resurrectionis
3219 4147 3374 4201 finem
3423 4147 3702 4214 viderunt,
3733 4150 3936 4204 ἰιιίιὶοιιιι
4007 4139 4009 4185 i

2371 4251 2473 4288 non
2503 4237 2662 4299 item;
2696 4237 3073 4305 assumptionis
3121 4251 3249 4291 vero
3290 4238 3494 4291 initium
3543 4237 3807 4306 viderunt,
3834 4254 3933 4293 non

2369 4340 2495 4377 vero
2524 4325 2701 4378 finem.
2737 4325 2924 4380 Inutile
2968 4341 3195 4395 namque
3238 4327 3422 4380 fuisset
3467 4327 3519 4380 in
3549 4331 3935 4383 resurrecdone

2368 4416 2572 4470 initium
2608 4417 2808 4481 videre,
2840 4417 2954 4486 ipso
2985 4427 3248 4486 praesente
3274 4420 3363 4488 qui
3387 4418 3498 4472 haec
3527 4419 3854 4487 loqueretur,
3883 4426 3932 4471 et

2364 4511 2609 4581 sepulcro
2626 4511 2938 4566 testificante
2959 4511 3128 4580 ipsum
3155 4511 3225 4565 ibi
3243 4512 3351 4580 jam
3374 4525 3477 4565 non
3501 4525 3621 4565 esse
3654 4528 3666 4564 :
3700 4511 3793 4565 sed
3820 4523 3931 4580 qua:

2364 4602 2776 4672 assumptionem
2826 4612 3045 4670 sequuta
3094 4610 3237 4666 sunt,
3260 4601 3424 4656 verbo
3473 4600 3680 4654 discere
3723 4610 3930 4670 oporte-

2363 4691 2470 4746 bat.
2498 4691 2629 4758 Quia
2660 4691 2800 4745 enim
2831 4704 2936 4743 non
2971 4699 3215 4758 poterant
3242 4690 3381 4744 oculi
3406 4689 3470 4742 ad
3503 4699 3702 4745 tantam
3728 4691 3925 4759 pertin-
3989 4689 3997 4759 ί

2358 4796 2484 4851 gere
2509 4781 2899 4845 celsitudinem,
2930 4795 3026 4834 nec
3053 4779 3248 4834 docere
3276 4795 3342 4833 an
3368 4779 3418 4833 in
3450 4778 3662 4846 exulum,
3691 4795 3758 4834 an
3781 4778 3924 4850 quasi

2359 4875 2414 4928 io
2443 4871 2627 4926 caelum
2655 4871 2971 4934 ascenderit,
3004 4869 3272 4938 videquid
3301 4869 3494 4923 factum
3520 4871 3610 4924 sit.
3639 4869 3792 4935 Quod
3822 4870 3928 4939 ipse

2357 4963 2512 5019 Jesus
2555 4972 2733 5026 esset,
2783 4961 3024 5017 sciebant
3049 4975 3115 5015 ex
3142 4960 3204 5012 iis
3227 5001 3243 5025 ,
3274 4975 3390 5029 qua:
3416 4959 3482 5014 ad
3511 4959 3655 5029 ipsos
3685 4959 3924 5029 loquutus

2358 5058 2553 5119 fuerat;
2602 5054 2780 5124 procul
2809 5068 2936 5108 vero
2967 5053 3196 5120 positum
3228 5067 3331 5106 non
3371 5059 3614 5120 poterant
3640 5052 3808 5106 oculis
3835 5063 3922 5104 co-

2354 5162 2613 5218 gnoscere
2641 5164 2654 5209 ;
2687 5145 2825 5215 quod
2859 5155 3035 5200 autem
3082 5146 3131 5198 in
3176 5146 3363 5198 caelum
3395 5151 3672 5212 susceptus
3711 5152 3801 5208 stt,
3831 5139 3920 5212 ipsi

2358 5247 2538 5307 postea
2563 5237 2862 5291 docuerunt
2886 5236 3220 5306 angeli.Vide
3247 5234 3515 5304 quomodo
3540 5234 3810 5304 provisum
3839 5233 3917 5292 sit,

2357 5341 2412 5385 ut
2440 5345 2543 5384 non
2569 5329 2765 5399 Spiritu
2791 5330 2965 5382 omnia
2991 5370 3006 5393 ,
3033 5329 3126 5383 sed
3153 5327 3394 5397 quaedam
3427 5327 3595 5381 oculis
3636 5342 3918 5383 ccrneren-
3979 5341 3981 5407 ι

2357 5432 2456 5477 tur.
2488 5421 2596 5477 Cur
2620 5429 2796 5475 autem
2826 5421 2993 5475 nubes
3022 5418 3254 5487 suscepit
3279 5433 3398 5473 eum
3421 5417 3444 5469 ?
3471 5418 3582 5472 Hoc
3609 5433 3822 5489 quoque
3851 5417 3917 5472 si-
3977 5423 3979 5495 ι

2352 5529 2513 5582 gnum
2542 5520 2676 5574 erat,
2702 5512 2874 5580 ipsum
2897 5509 3203 5564 ascendisse
3233 5509 3284 5562 in
3310 5509 3521 5562 caelum.
3545 5507 3658 5563 Non
3687 5508 3842 5578 ignis,
3871 5513 3918 5558 nt
3973 5517 3977 5584 χ

2358 5605 2544 5669 Eliam,
2575 5617 2749 5672 neque
2772 5616 2957 5657 currus
2988 5602 3170 5670 igneus
3197 5599 3214 5667 (
3231 5601 3283 5654 4.
3316 5599 3444 5670 Reg.
3473 5598 3527 5652 ἓ.
3553 5599 3611 5653 11
3638 5598 3680 5667 ),
3708 5599 3801 5654 sed
3829 5612 3914 5652 nn-

2356 5697 2448 5749 bes
2479 5693 2712 5762 suscepit
2749 5707 2906 5757 eum;
2943 5690 3084 5762 quod
3113 5700 3228 5745 erat
3253 5691 3368 5746 caeli
3399 5689 3699 5762 symbolum
3723 5731 3739 5755 ,
3770 5702 3826 5745 ut
3855 5687 3914 5740 ait

2354 5783 2634 5854 propheta,
2674 5782 2772 5849 Qui
2800 5782 2964 5852 posuit
2989 5781 3042 5835 in
3090 5780 3219 5836 nube
3270 5793 3527 5837 ascensum
3572 5797 3714 5836 suum
3739 5780 3759 5853 (
3783 5778 3908 5835 Psal.

689 5332 873 5384 ιιειιιιιιε
900 5347 1006 5400 pra:
1039 5346 1095 5383 re
1142 5331 1378 5398 quaesita,
1406 5331 1580 5384 statim
1620 5345 1715 5384 nos
1759 5330 2100 5384 subducimus
2131 5348 2142 5384 :
2171 5332 2248 5386 sic

689 5427 809 5479 fecit
839 5424 1096 5480 Christus.
1122 5423 1196 5478 llli
1223 5424 1461 5491 accipere
1482 5425 1788 5492 quaerebant
1816 5439 1830 5487 ;
1861 5423 1945 5476 hic
1964 5437 2022 5476 se
2055 5422 2247 5478 habere

687 5518 916 5587 negavit.
961 5515 1203 5570 Attamen
1248 5513 1419 5582 primo
1464 5513 1756 5576 deterruit;
1803 5521 1856 5567 at
1896 5514 2014 5581 quia
2064 5525 2246 5568 "ursus

749 5678 765 5708 ⁸
801 5677 852 5726 1η
877 5673 1049 5725 savllio
1082 5675 1154 5723 sic
1180 5673 1396 5737 legitur;
1425 5670 1500 5720 Illi
1538 5673 1816 5737 autemnon
1853 5667 2242 5737 degtmtstmtma-

674 5745 800 5790 tione
826 5739 1135 5802 interrogant,
1162 5730 1294 5797 setae
1311 5734 1357 5784 si
1377 5733 1428 5783 in
1459 5740 1666 5795 tempore
1689 5730 1777 5780 hoc
1804 5730 2020 5780 restitues
2043 5742 2244 5794 regnum

676 5802 864 5857 Israel,l
883 5813 903 5840 ι
