4054 6456
137 388 201 446 29
1165 380 1226 438 ΙΝ
1265 380 1445 436 ACTA
1489 376 2259 435 APOS'IOLURUM.HOMIL.
2300 379 2364 436 ll.
3363 381 3432 440 50

137 507 257 564 103.
285 504 346 578 5)
415 517 740 576 quamquam
781 503 884 558 hoc
923 500 991 556 de
1020 499 1180 556 Patre
1221 500 1424 554 dictum
1467 505 1569 551 est.
1603 495 1726 550 Ideo

130 599 284 669 dicit,
307 598 366 654 in
407 596 575 664 nube,
605 595 888 652 declarans
915 592 967 648 id
1015 606 1136 647 esse
1163 591 1218 645 in
1252 589 1502 662 symbolo
1528 587 1725 642 divinas

132 688 388 759 potentia:
415 707 432 746 :
464 703 642 758 neque
682 685 826 740 enim
855 683 960 738 alia
988 683 1156 737 virtus
1188 681 1296 736 ulla
1344 680 1396 734 in
1423 678 1564 733 nube
1589 692 1720 732 con-

129 781 376 850 spicitur.
428 779 567 835 Audi
619 792 808 833 rursus
860 775 990 846 quid
1039 773 1177 828 alius
1224 772 1487 843 propheta
1532 769 1722 824 dicat:

129 873 384 927 Dontinus
400 871 537 926 sedet
561 885 714 939 super
734 868 914 922 nubem
944 866 1098 920 levem
1125 862 1278 934 (lsai.
1309 863 1398 918 l9.
1427 862 1504 931 l).

194 966 253 1021 3.
296 963 434 1018 Cum
458 976 590 1033 ergo
614 961 684 1016 de
707 976 768 1014 re
791 1001 807 1026 ,
839 971 999 1029 quam
1037 955 1399 1012 necessariam
1445 950 1722 1021 putabant,

127 1061 564 1128 interrogarent,
612 1067 842 1122 cumque
883 1049 1040 1105 dictis
1085 1044 1372 1103 admodum
1419 1043 1608 1099 intenti
1633 1055 1725 1096 es-

124 1159 242 1203 sent
263 1189 281 1214 ,
314 1155 371 1203 et
417 1145 670 1202 concitati
717 1157 816 1198 nec
857 1141 1217 1197 dormitantes
1240 1180 1257 1206 ,
1289 1138 1392 1193 hoc
1418 1135 1633 1191 accidit.
1667 1134 1725 1190 in

126 1247 313 1294 monte
362 1251 578 1310 quoque
634 1235 801 1289 nubes
853 1240 1071 1302 propter
1119 1232 1292 1300 ipsum
1334 1237 1472 1294 erat,
1513 1225 1726 1297 quando

125 1332 341 1403 Moyses
369 1331 644 1402 ingressus
685 1336 768 1382 est
821 1327 876 1381 in
921 1324 1204 1395 caliginem
1232 1325 1253 1394 (
1285 1322 1453 1377 Exod.
1480 1322 1568 1378 35.
1594 1321 1627 1376 9
1658 1321 1678 1391 )
1707 1335 1723 1387 ;

123 1423 218 1479 sed
243 1439 356 1480 non
383 1431 605 1494 prepter
631 1421 778 1475 illum
810 1419 981 1475 nubes
1007 1425 1144 1474 erat.
1175 1416 1271 1472 ille
1291 1429 1421 1472 vero
1459 1430 1567 1470 non
1592 1414 1726 1470 sim-

126 1514 344 1580 pliciter
369 1513 524 1574 dixit.
563 1511 730 1577 Vada,
760 1526 830 1566 ne
871 1525 1084 1566 rursum
1120 1508 1406 1573 dolerent;
1437 1507 1532 1563 sed
1569 1505 1724 1572 dixit,

127 1605 388 1674 Spiritum
439 1602 936 1676 mitto(Joau.16.
979 1603 1033 1659 5.
1086 1601 1117 1654 7
1147 1600 1193 1673 ).
1245 1598 1400 1668 Quod
1444 1607 1622 1655 autem
1672 1597 1725 1653 in

124 1697 318 1750 czelum
345 1694 554 1760 abiret,
589 1694 719 1765 ipsis
751 1692 922 1750 oculis
949 1691 1274 1747 didicerunt.
1301 1690 1493 1761 Papae,
1525 1696 1727 1760 quanto

125 1786 440 1856 spectaculo
485 1784 686 1856 dignati
732 1784 893 1839 sunt!
922 1782 1010 1837 i0.
1046 1781 1270 1852 Cumque
1290 1783 1626 1849 intuerentur,
1646 1780 1728 1836 in-

124 1881 262 1950 quit,
293 1882 350 1935 in
378 1879 560 1935 calum
599 1888 797 1935 euntem
823 1878 969 1933 illum
987 1919 1004 1945 ,
1030 1893 1142 1932 ecce
1168 1878 1270 1932 duo
1298 1877 1395 1932 viri
1422 1878 1727 1949 adstiterant

126 1973 227 2027 illis
250 1972 308 2026 in
330 1981 462 2026 veste
489 1971 604 2024 alba
626 2011 642 2036 ,
673 1970 761 2040 qui
779 1978 826 2025 et
855 1969 1092 2023 dixerunt
1134 1984 1153 2023 :
1197 1967 1303 2023 Viri
1331 1967 1536 2023 Galilei
1556 2009 1571 2033 ,
1604 1969 1728 2039 quid

125 2065 272 2118 statis
297 2063 602 2132 aspicientes
645 2063 697 2115 in
743 2059 923 2116 malum
941 2059 967 2113 ?
993 2059 1095 2113 llic
1119 2058 1295 2124 Jesus,
1325 2060 1411 2126 qui
1438 2072 1728 2130 assumptus

123 2167 196 2209 est
223 2172 258 2208 a
285 2156 430 2209 vobis
454 2154 508 2208 in
548 2153 746 2208 cretum.
781 2151 1273 2206 Demonstrantium
1303 2165 1453 2206 more
1497 2151 1729 2222 loquun-

127 2258 246 2304 tur:
277 2245 400 2312 Ilic,
419 2245 506 2314 qui
529 2251 820 2313 assumptus
847 2251 921 2297 est
944 2259 976 2296 a
998 2243 1136 2298 vobis
1154 2244 1209 2297 in
1229 2243 1430 2310 malum,
1453 2244 1527 2296 sic
1544 2243 1724 2309 veniet,

125 2335 552 2406 quenadmodum
602 2334 797 2388 uidistis
841 2349 958 2387 eum
1007 2346 1207 2388 euntem
1262 2334 1318 2387 in
1364 2333 1569 2390 caelum.
1619 2334 1725 2389 lte-

127 2443 242 2481 mm
293 2425 415 2480 lata
461 2426 672 2494 species
719 2433 822 2479 est.
878 2423 1066 2495 Angeli
1109 2425 1251 2480 enim
1293 2425 1509 2495 quidam
1554 2425 1730 2480 homi-

127 2532 251 2570 num
299 2515 485 2586 specie
532 2514 806 2569 adstantes
853 2513 1149 2569 dixerunt:
1195 2514 1302 2569 Viri
1339 2513 1560 2569 θαιξιωε.
1594 2514 1728 2571 Fide

126 2608 271 2678 digni
327 2619 476 2664 certe
527 2606 840 2661 videbantur
877 2619 999 2660 cum
1047 2606 1324 2674 dicerent,
1364 2605 1470 2660 Viri
1502 2605 1725 2662 Galilei.

130 2704 144 2731 ‘
174 2699 196 2772 [
226 2700 313 2756 Ad
362 2699 491 2771 quid
542 2699 688 2754 enim
783 2699 1009 2767 patriam
1059 2705 1490 2764 memorassent,
1524 2697 1626 2752 nisi
1672 2707 1730 2753 ut

130 2799 292 2856 tidem
319 2798 564 2854 facerent
585 2797 610 2851 τ
635 2795 656 2870 ]
685 2796 764 2851 Es
799 2797 982 2866 specie
1020 2809 1232 2866 quoque
1277 2795 1398 2849 illos
1422 2795 1487 2849 ad
1513 2811 1573 2850 se
1598 2809 1728 2850 con-

127 2893 444 2956 vertebant,
489 2891 826 2945 declarantes
870 2903 932 2944 se
975 2887 1045 2943 de
1086 2887 1234 2943 ca-lis
1278 2901 1400 2943 €330
1439 2889 1725 2957 profectos.

125 2987 233 3041 Cur
263 3000 376 3042 non
403 2985 519 3054 ipse
545 2978 791 3038 Christus
831 2983 948 3036 haec
995 2981 1128 3051 ipsis
1181 2980 1415 3051 loquitur
1438 3020 1453 3044 ,
1481 2979 1576 3034 sed
1625 2995 1726 3034 an-

127 3087 231 3158 geli
259 3087 284 3140 ?
311 3084 468 3141 Prius
497 3083 602 3138 illis
630 3080 810 3137 omnia
839 3079 1070 3146 dixerat,
1096 3077 1207 3148 jam
1232 3091 1360 3132 vero
1384 3091 1478 3145 per
1507 3075 1730 3146 angelos

128 3179 233 3234 illis
279 3179 334 3232 in
367 3174 683 3232 memoriam
734 3179 951 3228 revocat
987 3185 1051 3227 ea
1077 3211 1094 3236 ,
1123 3185 1242 3240 qua:
1287 3168 1588 3223 audierant.
1618 3167 1730 3223 Nec

127 3270 406 3335 dixerunt,
430 3267 601 3335 Quem
625 3263 830 3320 vidistis
871 3271 1231 3333 assumptum,
1262 3259 1356 3315 sed
1382 3301 1398 3327 ,
1430 3259 1650 3314 Euntem
1674 3261 1728 3314 in

126 3365 351 3426 ccultant;
377 3370 436 3416 ut
463 3358 776 3416 ostendatur
799 3358 1217 3427 assumptionem
1250 3354 1418 3422 illam,
1449 3349 1728 3409 ascensio-

126 3469 251 3508 nem
280 3451 452 3507 fuisse
496 3467 510 3504 :
553 3449 732 3504 carnis
761 3457 943 3502 autem
969 3456 1050 3500 est
1081 3445 1304 3501 assumi.
1336 3445 1461 3500 ideo
1495 3444 1681 3500 dicunt
1711 3465 1725 3500 :

132 3546 230 3612 Qui
259 3551 555 3608 assumptus
585 3550 659 3596 est
678 3556 712 3594 a
736 3539 892 3599 vobis.
916 3539 989 3593 sic
1023 3539 1181 3592 ueniet
1209 3553 1227 3591 :
1255 3551 1359 3591 non
1391 3577 1407 3603 ,
1451 3536 1689 3592 Mittelur
1710 3577 1726 3603 ,

129 3637 244 3702 sed,
287 3635 486 3690 Veniet.
515 3633 630 3701 Qua
660 3633 714 3686 in
752 3647 810 3687 re
836 3646 966 3701 ergo
994 3630 1169 3684 minor
1193 3638 1276 3684 est
1303 3627 1512 3684 Filius?
1557 3627 1729 3683 Nubes

127 3727 354 3797 suscepit
383 3740 517 3779 eunt.
558 3721 752 3787 Recte;
780 3721 894 3792 ipse
937 3719 1080 3774 enim
1106 3717 1348 3774 ascendit
1392 3717 1446 3772 in
1489 3718 1684 3771 nubem
1712 3737 1724 3770 :

129 3816 387 3886 quoniam
419 3811 522 3879 Qui
541 3811 787 3873 ascendit,
814 3812 925 3879 ipse
948 3819 1023 3864 est
1040 3810 1126 3879 qui
1149 3809 1406 3863 descendit
1430 3807 1647 3879 (Ephes.
1669 3809 1724 3864 4.

130 3909 243 3978 10).
277 3903 696 3968 Animadverte,
731 3901 1000 3971 quomodo
1029 3901 1130 3954 alia
1163 3899 1458 3956 secundum
1488 3899 1727 3970 discipu-

130 4001 306 4055 lorum
355 4005 590 4052 mentem
621 3994 865 4049 dicantur
889 4033 905 4058 ,
945 3991 1048 4046 alia
1089 3992 1382 4046 secundum
1413 3989 1727 4060 dignitatem

135 4091 245 4145 Dei.
266 4086 670 4154 Sublimiorque
697 4083 913 4138 demum
946 4080 1085 4136 facta
1111 4091 1194 4136 est
1220 4095 1373 4135 mens
1399 4079 1694 4138 videntium
1713 4071 1744 4134 τ’

131 4196 192 4235 ac
216 4177 444 4235 secundi
472 4175 732 4231 adventus
761 4187 868 4228 non
899 4187 1115 4242 parvam
1148 4171 1254 4226 illis
1282 4171 1430 4226 dedit
1453 4161 1727 4240 notitiam;

132 4271 258 4326 illud
285 4270 454 4333 enim,
484 4266 576 4322 Sic
617 4266 795 4331 ueniet,
825 4263 929 4318 hoc
957 4261 1220 4332 signiﬁcat
1254 4279 1268 4317 :
1295 4277 1416 4316 cum
1461 4277 1688 4332 corpore
1712 4304 1726 4326 ,

133 4365 305 4433 inquit
335 4381 350 4415 :
383 4359 512 4415 illud
539 4360 680 4414 enim
728 4356 916 4411 audire
954 4355 1248 4424 optabant;
1281 4365 1332 4409 et
1359 4355 1501 4424 quod
1536 4356 1727 4410 iterum

133 4455 274 4510 nube
299 4461 488 4508 vectus
516 4449 582 4503 ad
625 4449 881 4518 judicium
931 4457 1190 4502 venturus
1245 4445 1334 4500 sit.
1375 4445 1439 4498 Et
1467 4463 1582 4501 ecce
1607 4491 1620 4511 ,
1651 4447 1732 4502 in-

133 4547 265 4614 quit,
300 4545 406 4598 duo
433 4543 526 4595 viri
553 4541 874 4594 adstiterant.
919 4538 1026 4593 Cur
1053 4538 1188 4593 dixit
1213 4579 1227 4600 ,
1267 4537 1374 4591 Viri
1398 4538 1422 4590 ?
1450 4538 1584 4606 Quia
1614 4554 1732 4607 pcr-

133 4639 326 4692 tcctam
361 4633 599 4687 virorum
631 4631 858 4686 formam
887 4628 1348 4699 repraesentabant
1372 4670 1386 4692 ,
1421 4643 1487 4683 ne
1514 4629 1587 4682 illi
1631 4629 1728 4682 ob-

133 4733 527 4797 stupescerent.
555 4722 656 4788 Qui
676 4733 723 4776 et
747 4723 1004 4785 dixerunt,
1033 4719 1171 4787 Quid
1189 4721 1333 4775 statis
1355 4721 1655 4790 aspicientes
1676 4722 1728 4774 in

133 4818 359 4874 (altrm?
386 4814 557 4871 Simul
611 4813 995 4868 blandientium
1018 4813 1038 4843 ³
1071 4811 1250 4866 -verba
1300 4821 1453 4865 erant
1476 4852 1491 4877 ,
1520 4821 1576 4866 et
1623 4829 1729 4868 non

135 4921 315 4964 tamen
364 4907 655 4962 sinentium
705 4905 812 4960 cito
857 4913 1172 4973 exspectare
1216 4903 1445 4959 reditum
1490 4903 1628 4973 ejus.
1666 4904 1733 4960 lli

132 5001 274 5070 quod
304 4997 480 5068 majus
507 5005 590 5051 est
615 4995 818 5064 dicunt,
859 4995 1001 5065 quod
1039 5010 1167 5048 vero
1217 4995 1394 5049 minus
1425 5011 1533 5048 non
1566 4997 1727 5050 item:

137 5093 312 5161 ipsum
341 5091 422 5146 sic
447 5097 732 5143 venturum
757 5128 770 5153 ,
803 5097 851 5141 et
885 5101 950 5141 ex
997 5086 1132 5139 ca-lo
1161 5086 1582 5155 exspectandum
1609 5102 1731 5142 esse

139 5187 353 5251 dicunt;
385 5181 724 5253 quandonam
756 5195 921 5246 vero,
963 5179 1012 5234 id
1057 5188 1254 5234 tacent.
1287 5181 1368 5235 Ab
1418 5181 1507 5234 illo
1551 5190 1729 5236 autem

201 5415 217 5444 ι
255 5411 340 5467 qui
366 5405 602 5457 clauditur
625 5405 815 5454 uncinis
852 5405 988 5453 locus
1030 5404 1103 5453 sic
1126 5403 1333 5452 habetur
1372 5405 1420 5451 in
1464 5404 1666 5452 Graeco:
1689 5419 1733 5454 rt

139 5488 204 5536 παρ
219 5482 295 5524 Ξδνι
313 5481 405 5520 τοὺς
674 5474 834 5528 πατρίδι
856 5479 992 5526 μιθιῑν,
1019 5480 1253 5536 sieo-ito
1276 5471 1320 5536 ἦν
1339 5492 1351 5521 ;
1374 5479 1579 5536 quorum
1618 5478 1732 5536 88η-

140 5527 224 5584 sus
248 5544 326 5585 est
361 5546 375 5578 :
405 5528 526 5591 Quid
550 5527 680 5577 enim
701 5527 893 5591 necesse
925 5534 1030 5576 erat
1054 5529 1070 5586 (
1096 5527 1364 5591 discipulus
1394 5527 1446 5591 ),_
1471 5527 1555 5589 qui
1599 5534 1730 5591 certe

143 5548 224 5584 sus
248 5544 326 5585 est
361 5546 375 5578 :
405 5541 526 5591 orna
550 5541 680 5577 enim
701 5541 893 5577 necesse
925 5541 1030 5576 erat
1054 5541 1070 5586 ι
1096 5541 1364 5638 αιδυὲξωιῑδ
1394 5541 1446 5596 ),_
1471 5541 1555 5589 qut
1599 5541 1730 5596 certe

143 5597 354 5657 putrium
376 5602 515 5657 suam
563 5597 752 5648 norant,
778 5588 909 5639 illius
932 5601 1104 5638 nomen
1129 5603 1192 5638 tm
1233 5601 1323 5647 ire,
1353 5601 1447 5638 nisi
1475 5595 1524 5637 ut
1544 5588 1730 5653 angelis

142 5651 398 5708 crederent
426 5651 451 5703 ?

203 5722 222 5751 ³
270 5717 324 5767 in
347 5725 514 5764 Graeco
537 5712 715 5775 legitur
739 5725 1014 5775 ulmus-nm.
1038 5711 1182 5775 Alius
1196 5711 1382 5774 legisse
1403 5711 1594 5759 videtur
1612 5725 1727 5760 sala-

144 5794 284 5834 ξενων,
307 5779 388 5839 qui
416 5778 563 5826 vertit
596 5772 948 5839 cttsligtuttium.
985 5782 1146 5839 ἔρδω-ει
1175 5772 1451 5839 Ιυιεῐὶιιςυξιι
1475 5777 1702 5839 sequenti

146 5844 230 5888 lius
252 5834 410 5902 magis
431 5834 946 5888 consentire'videtur.
982 5835 1064 5883 illa
1093 5843 1252 5884 tamen
1279 5834 1368 5885 alia
1396 5837 1510 5884 ferri
1539 5843 1720 5896 posset.

1834 498 2143 565 spectaculo
2169 505 2443 567 evocatos,
2471 497 2631 555 dictis
2677 501 2790 555 suis
2829 509 3064 557 attentos
3094 501 3345 564 reddunt,
3374 520 3430 556 ttt

1833 605 1902 645 ne
1931 591 2184 660 quoniam
2212 591 2496 647 Dominum
2517 591 2630 663 jam
2660 593 2845 649 videre
2875 609 2983 650 non
3013 603 3261 663 poterant
3288 637 3304 660 .
3333 613 3431 666 pu-

1835 687 2009 735 tarent
2069 682 2242 751 ipsum
2295 696 2401 738 non
2453 684 2806 748 ascendisse;
2854 693 3020 756 utque
3071 686 3191 743 illos
3249 689 3432 745 verbis

1832 773 1946 827 suis
2015 775 2426 844 pra‘munirenl.
2500 773 2634 830 Nam
2685 778 2730 830 si
2776 778 2923 846 prius
2973 777 3268 848 dicebant,
3314 781 3428 848 Quo

1834 864 1977 919 vadis
2011 863 2207 935 (Joan.
2238 867 2326 921 13.
2353 865 2422 923 36
2443 865 2507 948 η
2557 867 2729 923 multo
2757 870 2927 939 magis
2955 885 3100 926 nunc
3137 871 3424 940 dixissent,

1836 953 1981 1009 Num
2033 957 2086 1009 in
2145 958 2512 1026 temporehoc
2553 959 2787 1014 restitues
2842 976 3055 1031 regnum
3104 960 3318 1016 Israel?
3357 963 3435 1019 Ita

1834 1045 1974 1100 illius
2004 1048 2470 1102 mansuetudinem
2493 1059 2777 1116 noverant,
2796 1059 2856 1106 ut
2877 1061 2999 1121 post
3021 1053 3326 1122 passionem
3345 1054 3433 1108 in.

1836 1147 2168 1209 tcrrogarent
2194 1139 2363 1203 illum,
2397 1139 2541 1195 Num
2567 1142 2802 1197 restitues
2831 1144 2859 1197 ?
2887 1146 3049 1214 Atqui
3079 1145 3230 1216 prius
3275 1147 3426 1203 dixe-

1833 1240 1916 1286 rat
1946 1231 2070 1297 illis,
2099 1232 2335 1287 Audituri
2361 1234 2478 1289 estis
2498 1236 2630 1290 bella
2665 1245 2714 1291 et
2739 1237 3005 1305 opiniones
3029 1237 3274 1294 bellorum
3300 1256 3320 1295 :
3344 1247 3435 1296 sed

1833 1321 2058 1376 nondum
2084 1323 2205 1392 ﬁnis
2234 1322 2446 1395 (Harc.
2473 1325 2562 1381 l5.
2590 1327 2624 1383 7
2646 1324 2690 1397 ),
2720 1342 2898 1399 neque
2939 1327 3276 1402 Jerosolyma
3309 1341 3436 1387 tunc

1833 1414 2093 1483 capietur.
2118 1414 2271 1470 Nunc
2307 1425 2488 1473 autem
2530 1417 2601 1474 de
2643 1433 2813 1491 regno
2838 1420 3204 1491 interrogant,
3231 1439 3336 1478 non
3368 1425 3434 1479 de

1833 1508 2318 1564 consummatione.
2349 1509 2601 1581 Alioquin
2632 1527 2764 1568 vero
2807 1524 2930 1582 post
2973 1519 3432 1573 resurrectionem

1835 1612 1941 1653 non
1998 1599 2185 1685 longos
2235 1615 2358 1655 cum
2417 1601 2523 1658 illis
2579 1618 2859 1661 sermones
2910 1604 3092 1662 habet.
3141 1606 3306 1677 Igitur
3357 1610 3435 1666 illi

1834 1690 1980 1746 velut
2029 1691 2399 1749 celebritatem
2454 1703 2778 1764 sperantes,
2834 1707 3239 1768 percontantur.
3311 1700 3432 1770 Ipse

1835 1795 1964 1836 vero
2005 1797 2112 1837 non
2163 1782 2402 1839 declarat
2450 1799 2517 1839 an
2561 1787 2910 1843 restituturus
2957 1789 3027 1842 sit
3077 1805 3266 1845 necne.
3302 1791 3435 1860 Qua:

1833 1875 2127 1931 necessitas
2154 1876 2320 1942 enim,
2351 1888 2407 1933 ut
2436 1877 2514 1933 illi
2541 1878 2647 1934 hoc
2685 1880 3000 1938 discerent?
3036 1882 3160 1938 Ideo
3187 1883 3289 1941 hoc
3322 1901 3438 1943 me-

1835 1974 2046 2023 tuentes
2092 1967 2169 2023 illi
2212 1984 2320 2024 non
2366 1972 2504 2025 ultra
2546 1970 2734 2027 dicunt
2768 1991 2782 2026 :
2818 1973 2971 2040 Quod
3012 1976 3216 2044 signum
3239 1976 3435 2032 adven-

1833 2067 1913 2112 tus
1941 2059 2033 2125 tui,
2065 2070 2110 2114 et
2139 2062 2587 2116 consummationis
2615 2065 2789 2117 saeculi
2821 2063 3034 2136 (Matth.
3067 2065 3156 2122 24.
3186 2067 3286 2138 6)?
3314 2068 3434 2133 sed,

1838 2145 1888 2200 Ν
1895 2165 1980 2201 um
2029 2149 2260 2204 restitues
2286 2166 2502 2222 regnum
2527 2149 2741 2207 Israel?
2783 2153 3176 2213 Existimabam
3202 2159 3346 2214 enim
3383 2159 3437 2216 id

1829 2239 1938 2309 jam
1968 2240 2181 2297 adesse.
2213 2242 2332 2312 Ipse
2361 2257 2492 2298 vero
2523 2246 2574 2298 in
2604 2244 2874 2314 parabolis
2897 2248 3210 2304 ostenderat
3239 2249 3290 2305 id
3329 2267 3438 2306 non

1833 2347 2001 2402 prope
2027 2346 2152 2388 esse
2179 2349 2192 2385 :
2224 2341 2280 2388 et
2303 2333 2414 2402 jam
2441 2333 2530 2390 ubi
2553 2335 2973 2407 interrogarunt,
3004 2339 3317 2410 respondet,
3340 2341 3440 2395 Ac-

1833 2424 2029 2495 cipietis
2068 2425 2300 2480 uirtutem
2332 2427 2732 2496 superaenientis
2760 2425 2997 2498 'Spiritus
3041 2431 3208 2485 sancti
3245 2433 3300 2485 in
3330 2447 3438 2490 vos.

1833 2514 2218 2571 Animadverte
2244 2516 2385 2585 quod
2407 2517 2630 2585 dixerit,
2652 2516 3089 2588 Supet't’euienlis,
3110 2537 3238 2588 non,
3259 2522 3440 2588 Missi;

1835 2615 1892 2660 ut
1917 2621 2101 2677 parem
2141 2605 2404 2664 honorem
2435 2609 2767 2666 ostenderet.
2798 2611 3081 2679 Quomodo
3119 2629 3250 2685 ergo
3271 2658 3285 2683 ,
3319 2616 3439 2686 Spi-

1837 2700 1970 2755 ritus
1996 2701 2169 2757 sancti
2199 2702 2415 2764 inimice
2436 2744 2453 2771 ,
2483 2702 2653 2758 audes
2694 2703 2842 2759 illum
2871 2705 3054 2762 dicere
3093 2712 3442 2764 creaturam?

1835 2789 1902 2846 Et
1928 2793 2066 2846 eritis
2092 2793 2218 2847 mihi
2243 2803 2410 2849 testes.
2442 2794 2877 2866 Assumptionem
2899 2797 3257 2855 subindicavit
3284 2819 3296 2854 :
3331 2802 3442 2856 imo

1836 2884 2012 2953 potius
2043 2884 2097 2940 id
2121 2926 2137 2952 ,
2169 2885 2313 2956 quod
2353 2887 2466 2955 jam
2496 2887 2823 2956 audierant,
2852 2888 2904 2944 in
2937 2901 3173 2946 mentem
3201 2904 3438 2948 revocat.

1803 2974 1951 3030 ‘Jutn
1980 2985 2261 3034 ostensum
2287 2986 2371 3033 est
2401 2978 2574 3048 ipsum
2607 2979 2660 3035 in
2691 2981 2856 3036 caelos
2899 2985 3231 3042 ascendisse.
3268 2986 3443 3043 Nubes

1834 3075 1881 3120 et
1907 3067 2074 3139 caligo
2113 3069 2207 3122 sub
2232 3068 2445 3138 pedibus
2473 3071 2589 3142 ejus
2618 3071 2636 3140 (
2675 3069 2820 3127 Psal.
2854 3073 2942 3129 96.
2973 3074 3008 3128 2
3030 3074 3073 3146 ),
3110 3077 3302 3146 inquit,
3334 3096 3442 3152 quo

1835 3160 2170 3231 signiﬁcatur
2199 3162 2333 3217 illud
2358 3180 2372 3217 :
2408 3162 2587 3217 Nubes
2616 3167 2838 3234 suscepit
2862 3182 2974 3220 eum
3005 3210 3020 3234 ,
3048 3185 3244 3239 nempe
3281 3172 3444 3226 exulo-

1836 3267 1954 3307 rum
2023 3254 2307 3308 Dominum
2358 3271 2373 3308 :
2421 3269 2604 3325 regem
2660 3271 2892 3326 namque
2949 3257 3187 3315 declarat
3252 3277 3444 3319 currus

1835 3347 2016 3413 regius
2061 3361 2074 3399 :
2122 3347 2202 3401 sic
2260 3346 2335 3400 illi
2391 3347 2596 3402 missus
2648 3355 2732 3402 est
2771 3364 2963 3404 currus
3015 3352 3216 3421 regius,
3261 3362 3320 3409 ut
3375 3373 3443 3410 ne

1835 3435 1961 3504 quid
1994 3435 2149 3491 triste
2177 3435 2513 3506 loqueretur,
2557 3451 2691 3491 neve
2731 3437 2780 3491 id
2823 3439 2928 3493 illis
2964 3443 3267 3510 accideret,
3300 3447 3440 3515 quod

1835 3525 2474 3597 Elismo,qui,assumpto
2501 3528 2780 3598 magistro,
2821 3531 3053 3586 tunicam
3083 3532 3298 3589 discidit
3348 3534 3437 3608 (4.

1837 3621 1963 3691 Reg.
1996 3619 2051 3673 2.
2088 3620 2200 3689 19.).
2231 3620 2370 3688 Quid
2394 3635 2520 3676 vero
2539 3621 2728 3676 dicunt
2753 3624 2967 3694 angeli?
3017 3623 3117 3679 llic
3146 3627 3316 3693 Iesus,
3354 3635 3440 3699 qui

1834 3726 2122 3782 assumptus
2149 3722 2221 3766 est
2249 3729 2282 3765 a
2309 3714 2446 3767 vobis
2469 3714 2523 3769 in
2554 3713 2734 3768 cwlum
2761 3716 2835 3769 sic
2862 3716 3023 3772 veniet
3041 3734 3062 3782 ;
3081 3727 3155 3782 et,
3188 3718 3320 3773 Ecce
3340 3721 3443 3775 duo

1835 3805 1927 3857 viri
1950 3803 2251 3857 adstiterant
2272 3803 2393 3857 illis.
2423 3803 2553 3860 Jure
2577 3805 2817 3874 quidem.
2847 3805 2982 3861 Nam
3008 3812 3060 3862 in
3092 3825 3187 3864 ore
3213 3811 3440 3866 duorum

1837 3897 2052 3951 testium
2081 3895 2242 3950 stabit
2271 3910 2433 3950 omne
2459 3897 2681 3952 verbum
2714 3898 2731 3968 (
2759 3896 2908 3951 Deut.
2939 3899 3028 3953 l7.
3057 3899 3135 3970 ὕ).
3168 3901 3234 3955 Ει
3266 3902 3318 3956 hi
3346 3917 3441 3958 ea-

1834 3990 1957 4045 dem
1990 3990 2101 4058 ipsa
2132 3989 2444 4058 loquuntur.
2478 3987 2545 4054 In
2580 3999 2732 4055 veste,
2767 3989 2976 4060 inquit,
3005 3991 3143 4045 alba.
3174 3993 3445 4061 Quemad-

1836 4082 2052 4138 modum
2076 4083 2188 4151 jam
2217 4090 2342 4135 ante
2371 4081 2436 4135 ad
2479 4091 2887 4136 monumentmn
2918 4084 3168 4154 angelum
3198 4086 3444 4141 viderant

1837 4176 1888 4229 in
1913 4174 2150 4229 vestibus
2179 4172 2392 4243 l'ulgidis
2417 4215 2432 4238 ,
2461 4173 2550 4242 qui
2591 4173 2836 4243 prtrdixit
2869 4175 2973 4230 illis
3003 4176 3128 4246 quid
3180 4177 3233 4231 in
3260 4178 3442 4233 animo

1835 4275 2112 4322 versarent
2137 4264 2155 4336 (
2189 4263 2377 4318 Matth.
2407 4263 2496 4321 28.
2525 4265 2615 4320 25.
2648 4266 2699 4320 4.
2733 4267 2767 4322 5
2794 4269 2811 4335 )
2838 4285 2850 4321 :
2879 4267 2956 4323 sic
2982 4276 3038 4322 et
3061 4270 3444 4340 assmnptionis

1835 4360 1950 4428 ejus
1985 4373 2161 4428 praeco
2190 4359 2414 4427 angelus
2443 4369 2547 4413 est.
2577 4359 2730 4426 Quod
2780 4361 2941 4414 etiam
2989 4360 3266 4431 propheta:
3296 4377 3442 4433 sa'pc

1837 4453 2215 4522 pxmdixerant,
2232 4462 2356 4508 utet
2378 4467 2441 4507 ea
2463 4467 2581 4522 qua:
2603 4454 3057 4508 resurrectionem
3081 4456 3416 4524 spectabant‘

1908 4547 1962 4602 ι.
1997 4545 2206 4616 Ubique
2235 4546 2406 4616 angeli
2433 4546 2601 4600 nuntii
2627 4556 2794 4599 sunt:
2829 4546 2906 4601 sic
2947 4546 2998 4601 in
3033 4548 3233 4615 natali,
3265 4549 3344 4603 sic
3374 4551 3439 4604 ad

1839 4640 2057 4694 Mariam
2080 4681 2094 4704 ,
2127 4639 2206 4694 sic
2234 4641 2284 4692 in
2331 4639 2761 4705 resurrectione,
2788 4640 3120 4710 perindeque
3148 4642 3199 4695 in
3227 4657 3440 4696 assmu-

1840 4733 2019 4803 ptione
2043 4751 2055 4786 :
2079 4733 2186 4786 imo
2213 4732 2372 4787 etiam
2406 4733 2457 4786 in
2487 4732 2727 4788 secundo
2747 4733 2978 4788 adventu
3009 4733 3182 4804 angeli
3209 4749 3438 4803 praecur‘

1839 4837 2020 4880 rentes
2050 4824 2393 4879 videbuntur.
2419 4822 2550 4878 Cum
2581 4823 2846 4879 dixissent
2881 4834 3059 4879 autem
3079 4867 3094 4892 ,
3128 4823 3229 4878 llic
3246 4823 3401 4878 Jesus
3427 4869 3440 4890 ,

1837 4919 1922 4987 qui
1950 4928 2240 4987 assumptus
2265 4926 2339 4970 est
2361 4933 2391 4971 a
2421 4917 2578 4983 vobis,
2611 4932 2678 4972 ne
2702 4926 3111 4972 consternarent
3132 4918 3275 4986 illos,
3299 4919 3444 4990 adji-

1839 5011 2002 5074 ciunt,
2037 5010 2127 5065 Sic
2153 5011 2332 5064 veniet.
2359 5010 2578 5064 Paulum
2601 5011 2933 5080 mspirarnnt
2956 5011 3236 5068 audientes
3268 5015 3443 5083 ipsum

1839 5104 2135 5160 rediturmn
2156 5117 2296 5165 esse,
2318 5114 2368 5157 et
2386 5103 2463 5157 sic
2483 5101 2803 5165 rediturum,
2828 5118 2925 5157 nec
2947 5104 3279 5160 inaccessum
3305 5105 3441 5162 fore.

1841 5195 1970 5251 Illud
2003 5209 2149 5253 vero.
2185 5195 2227 5246 Α
2259 5195 2426 5257 vobis,
2460 5209 2565 5248 non
2597 5194 2714 5248 sine
2743 5208 2900 5248 causa
2933 5195 3176 5260 additur;
3205 5197 3297 5252 sed
3325 5199 3440 5266 ejus

1838 5304 1958 5358 erga
1992 5288 2110 5342 illos
2138 5303 2378 5342 amorem
2420 5287 2689 5351 declarat,
2723 5297 2774 5340 et
2814 5287 3134 5342 electionem
3167 5290 3402 5356 ipsorum
3425 5332 3438 5359 ,

1840 5380 2118 5448 innuitqne
2149 5394 2253 5432 non
2284 5378 2591 5432 relicturum
2621 5391 2741 5431 esse
2761 5393 2855 5431 eos
2877 5394 3011 5444 quos
3032 5379 3213 5450 elegit.
3248 5381 3446 5436 Resur—

1839 5471 2093 5526 reetionis
2111 5485 2240 5539 ergo
2255 5485 2366 5523 suae
2387 5470 2498 5538 ipse
2514 5470 2666 5523 testis
2685 5467 2783 5523 fuit
2801 5469 2932 5541 (imo
2952 5484 3159 5533 eorum,
3182 5487 3300 5539 qum
3319 5483 3442 5529 ante

1905 5652 1920 5681 ι
1957 5651 2099 5698 Alius
2132 5651 2203 5698 sic
2241 5650 2426 5713 habet;
2453 5651 2598 5713 Quod,
2623 5658 2786 5713 autem
2818 5651 3070 5713 propheta:
3093 5652 3228 5701 illaut
3253 5668 3439 5704 assmu-

1838 5711 2045 5775 ptionem
2069 5724 2162 5760 non
2182 5709 2504 5775 prafdirerint
2529 5710 2651 5761 nihil
2676 5709 2957 5762 mirandum
2986 5726 3002 5761 :
3028 5727 3438 5774 supervacaneum

1839 5773 1966 5823 enim
2001 5781 2105 5822 erat
2152 5776 2212 5838 tle
2249 5773 2334 5820 illa
2372 5775 2623 5830 speciatim
2667 5775 2799 5835 loqui
2825 5811 2838 5833 ,
2883 5773 3278 5837 quandoquidem
3333 5779 3438 5838 lpstt

1843 5845 1884 5884 ct
1913 5836 2202 5886 resurrectio
2229 5848 2323 5885 una
2342 5845 2383 5886 cl
2403 5839 2574 5886 rudem
2599 5838 2880 5900 cogitatione
2907 5836 3401 5899 comprehenduntur.
