4054 6400
619 382 682 437 3!
1388 370 1443 423 S.
1483 364 1753 422 J‘OANNIS
1790 352 2256 416 CllltYSOSTOMI
2299 349 2611 403 ARtllllEP.
2653 342 3177 402 CONSTANTINOP.
3813 333 3880 386 5?

617 503 853 564 partum,
889 499 1045 558 atque
1069 485 1228 541 etiam
1258 491 1377 552 post.
1417 490 1619 549 partum
1658 474 2025 541 contigerunt,
2059 466 2186 522 illud

619 556 847 636 inaaime
873 556 1170 633 mirandum
1191 612 1210 637 ,
1237 570 1375 640 quod
1404 570 1634 636 seipsum
1665 559 2018 618 suscitaverit.
2056 556 2185 610 Nam

615 673 689 726 ait
714 693 728 726 ;
757 669 947 725 Solvite
970 666 1208 735 templum
1249 663 1341 714 hoc
1360 701 1374 724 ,
1403 669 1449 713 el
1482 657 1535 710 in
1573 657 1728 707 tribu:
1754 651 1928 704 diebus
1962 648 2183 701 excitabo

616 763 747 818 illud
801 761 979 830 (Joan.
1015 760 1069 812 2.
1105 757 1234 824 19);
1270 754 1502 806 futurum
1545 756 1720 802 autem
1767 742 2049 797 adventum
2089 752 2184 790 an—

615 854 719 924 geli
751 854 819 909 ita
849 851 1101 914 indicant,
1132 847 1220 902 Sit:
1245 844 1422 898 venia.
1445 840 1501 895 Si
1530 839 1647 907 quis
1667 849 1793 904 ergo
1820 831 2083 887 Christum
2106 829 2184 879 vi-

618 919 745 1003 dero
775 948 948 1015 cupit:
977 946 1021 998 si
1047 941 1164 1012 quis
1192 941 1337 994 dolet
1363 937 1502 1008 quod
1535 935 1679 990 illum
1713 944 1815 984 non
1844 924 2034 980 viderit
2058 937 2086 1015 εΔ
2105 919 2187 1015 his

618 1012 855 1102 auditis,
869 1031 1231 1088 admirandam
1257 1030 1417 1084 vitam
1442 1025 1720 1085 exhibeat,
1759 1030 1815 1076 et
1849 1019 1929 1072 sic
1948 1012 2183 1075 videbit,

620 1144 720 1185 nec
737 1125 1007 1183 abcrrabit
1034 1140 1062 1178 a
1089 1138 1271 1192 scopo.
1301 1120 1433 1175 Nam
1464 1132 1583 1172 cum
1613 1114 1812 1183 majore
1836 1118 2088 1163 venturus
2108 1111 2189 1158 est

616 1219 816 1289 gloria;
845 1215 939 1272 sed
966 1215 1044 1272 sic
1071 1230 1191 1270 cum
1217 1213 1374 1276 nube,
1406 1209 1484 1264 sic
1504 1222 1623 1262 cum
1652 1215 1873 1272 corpore
1903 1219 1916 1254 :
1945 1211 2007 1251 ac
2034 1196 2187 1262 longe

619 1284 914 1362 mirabilius
954 1307 1056 1360 erit
1079 1305 1156 1358 sic
1195 1303 1363 1372 ipsum
1397 1297 1579 1352 videre
1604 1295 1670 1349 de
1699 1293 1830 1346 cailo
1854 1284 2184 1343 descenden-

617 1408 761 1464 tem,
806 1411 961 1466 quam
1003 1410 1030 1447 a
1073 1405 1210 1448 terra
1253 1390 1650 1445 ascendentem.
1691 1381 1986 1437 Venturum
2033 1374 2187 1443 igitur

617 1491 865 1545 dixerunt
890 1506 901 1539 :
931 1502 1031 1555 qua
1063 1500 1189 1539 vero
1212 1483 1278 1538 de
1303 1495 1458 1536 causa
1490 1487 1743 1531 venturus
1772 1474 1838 1525 sit
1860 1514 1872 1531 ,
1907 1484 2010 1522 non
2037 1465 2184 1519 addi-

618 1582 830 1636 derunt.
869 1579 977 1633 Hoc
1006 1575 1448 1631 resurrectionem
1488 1567 1788 1624 confirmat.
1821 1562 1875 1616 Si
1905 1560 2042 1614 enim
2068 1570 2186 1610 cutn

617 1685 837 1740 corpore
861 1675 1162 1736 assumptus
1178 1646 1268 1718 est
1287 1705 1300 1728 ,
1326 1661 1490 1716 multo
1514 1658 1682 1726 magis
1708 1671 1825 1709 cum
1852 1663 2072 1719 corpore
2105 1661 2188 1700 re-

619 1760 865 1815 surrexit.
896 1758 1117 1812 Ubinam
1158 1763 1280 1809 sunt
1308 1753 1377 1816 ii,
1407 1750 1495 1820 qui
1524 1743 1898 1803 resurrectioni
1933 1755 2036 1794 non
2067 1752 2186 1792 cre-

617 1851 780 1904 dunt?
808 1850 896 1919 qui
920 1856 1045 1902 sunt
1071 1846 1173 1908 illi,
1206 1845 1291 1898 dic
1319 1843 1446 1896 mihi
1467 1881 1480 1905 ,
1513 1839 1738 1909 gentiles
1778 1850 1843 1888 an
1870 1827 2189 1886 Christiani?

618 1942 677 1997 ω
720 1951 864 1996 certe
915 1938 1129 2002 nescio;
1178 1937 1284 1990 imo
1333 1932 1504 2002 potius
1551 1930 1716 2000 probe
1763 1927 1903 1980 novi.
1953 1921 2188 1978 Gentiles

618 2033 813 2101 quippe
836 2039 993 2092 sunt,
1039 2026 1130 2096 qui
1171 2023 1423 2079 creationi
1458 2035 1566 2075 non
1594 2016 1832 2072 credunt.
1866 2009 2190 2067 Eorumdem

617 2098 763 2175 enim
789 2128 892 2184 est,
923 2134 1027 2172 non
1057 2113 1348 2170 concedere
1366 2154 1379 2177 ,
1410 2112 1571 2165 Deum
1613 2121 1766 2177 posse
1789 2102 1986 2173 aliquid
2013 2115 2077 2155 ex
2107 2098 2189 2152 ni-

619 2210 733 2265 hilo
765 2222 968 2274 creare,
1000 2215 1055 2262 et
1074 2219 1286 2275 negare,
1319 2204 1486 2273 ipsum
1510 2214 1665 2269 posse
1685 2212 1747 2251 ea
1768 2195 2045 2256 suscitare,
2071 2204 2190 2259 qua:

620 2299 824 2368 sepulta
855 2307 998 2351 sunt.
1024 2294 1221 2349 Deinde
1243 2293 1443 2362 pudore
1469 2288 1662 2352 affecti,
1693 2284 1831 2355 quod
1861 2298 1966 2336 non
1994 2293 2191 2348 cogno-

618 2397 771 2442 scant
797 2387 1044 2439 virtutem
1075 2384 1191 2448 Dei,
1225 2396 1291 2436 ne
1318 2380 1438 2434 ideo
1463 2380 1794 2440 incusentur,
1824 2373 2006 2428 dicunt
2031 2389 2044 2424 :
2073 2370 2187 2424 Non

621 2478 741 2533 ideo
767 2478 866 2532 hoc
891 2476 1132 2541 dicimus,
1155 2473 1248 2528 sed
1272 2472 1412 2542 quod
1434 2485 1658 2540 corpore
1685 2482 1788 2522 non
1815 2467 1884 2520 sit
1905 2479 2054 2534 opus.
2083 2463 2190 2531 Ap-

623 2567 791 2635 posite
819 2565 1044 2627 dieatnr,
1097 2564 1296 2618 Stultus
1339 2560 1493 2615 stulta
1538 2560 1764 2626 loquetur
1790 2555 1809 2626 (
1833 2554 1955 2608 lsai.
1985 2552 2072 2607 52.
2099 2551 2188 2620 6).

619 2656 738 2713 Non
756 2672 850 2712 vos
879 2657 1060 2726 pudet,
1093 2655 1201 2708 Deo
1228 2660 1538 2723 potestatem
1569 2646 1778 2701 auferre
1805 2644 2000 2714 aliquid
2021 2660 2084 2698 ex
2114 2643 2167 2697 ni

619 2750 731 2804 hilo
755 2748 1006 2803 creandi?
1030 2746 1086 2801 Si
1106 2761 1171 2800 ex
1197 2739 1653 2812 prmexistentibus
1672 2749 1839 2803 creat,
1863 2737 1915 2791 in
1937 2751 2043 2806 quo
2066 2749 2192 2805 ergo

619 2842 796 2896 differt
812 2842 880 2895 ab
906 2837 1238 2894 hominibus?

691 2934 875 2987 Contra
905 2930 1213 2984 Manicheam
1237 2927 1315 2981 hic
1340 2926 1566 2996 pluribus
1586 2928 1784 2995 agit.—
1801 2922 1907 2980 Sed
1932 2921 2090 2986 unde,
2114 2921 2190 2973 in-

623 3025 830 3094 quiuul,
862 3021 1038 3077 mala?
1070 3024 1150 3075 An
1178 3020 1296 3090 quia
1323 3020 1535 3089 ignoras
1563 3018 1720 3082 unde,
1751 3016 1890 3069 aliud
1918 3014 2080 3069 debes
2110 3013 2191 3066 in—

623 3116 821 3170 ducere
865 3114 1058 3168 malum
1106 3114 1157 3166 in
1204 3111 1507 3180 cognitione
1553 3107 1848 3163 malorum?
1892 3107 2003 3160 Duo
2052 3103 2193 3158 enim

622 3205 748 3260 hinc
781 3203 1008 3257 absurda
1036 3209 1356 3271 sequuntur;
1389 3199 1612 3253 alterum
1645 3196 1784 3266 quod
1811 3195 1888 3249 sic
1924 3194 2067 3264 loqui
2096 3207 2194 3246 au-

622 3295 752 3350 deas
783 3316 797 3350 :
829 3309 947 3349 nam
978 3295 1022 3346 si
1067 3305 1228 3361 negas
1257 3291 1420 3344 Deum
1449 3305 1512 3344 ex
1551 3287 1716 3343 nihilo
1759 3301 1974 3348 creare,
2027 3283 2194 3336 multo

621 3385 790 3454 magis
828 3382 1094 3453 ignorabis
1121 3380 1260 3434 unde
1285 3380 1420 3434 mala
1452 3379 1592 3433 sint:
1627 3378 1851 3431 alterum
1880 3389 2025 3439 vero,
2055 3371 2194 3442 quod

623 3475 700 3530 sic
728 3474 1010 3542 ingenitam
1040 3471 1290 3525 malitiam
1316 3469 1458 3523 dicas
1486 3467 1581 3539 (a).
1606 3466 1786 3535 Cogita
1814 3481 1970 3534 quam
2001 3479 2197 3534 opero-

625 3581 741 3620 sum
772 3566 858 3631 sit,
885 3564 1078 3619 fontem
1109 3563 1368 3617 malorum
1399 3561 1654 3630 reperire,
1688 3559 1830 3612 hunc
1850 3559 2111 3629 ignorare,
2143 3566 2198 3612 et

626 3658 852 3712 alterum
884 3655 1005 3709 huic
1029 3652 1241 3707 addere.
1277 3649 1467 3717 Quaere
1497 3650 1634 3704 unde
1661 3649 1794 3702 mala
1823 3649 2069 3713 veniant,
2100 3660 2198 3702 nec

627 3743 962 3814 blasphemcs
989 3752 1168 3798 contra
1200 3741 1382 3795 Deum.
1416 3738 1692 3808 Quomodo
1732 3737 2075 3807 blaspheme?
2115 3735 2195 3789 in-

627 3835 816 3905 quies?
857 3832 991 3900 Quid
1017 3831 1186 3886 dicis?
1225 3847 1330 3884 non
1361 3828 1698 3898 blasphemas
1717 3869 1732 3893 ,
1760 3827 1970 3896 quando
1999 3825 2196 3880 malum

627 3926 835 3982 inducis
859 3924 1185 3996 ingenitum?
1212 3937 1332 3978 cum
1362 3922 1437 3977 illi
1459 3929 1771 3991 potestatem
1798 3920 1982 3974 tribuis
2009 3919 2200 3973 divinae

627 4035 842 4090 parem,
877 4018 1122 4071 virtutem
1148 4016 1404 4070 malorum
1436 4011 1731 4083 aequalem?
1771 4013 2059 4081 lngenitum
2085 4027 2200 4066 ma-

630 4110 762 4163 lum.
797 4106 930 4161 Vide
958 4105 1084 4177 quid
1111 4105 1303 4162 Paulus
1331 4105 1472 4160 dicat
1497 4124 1507 4154 :
1541 4103 1822 4158 lnvisibilia
1849 4105 1979 4156 enim
2008 4104 2200 4172 ipsius,

633 4217 666 4252 ιι
693 4210 923 4252 creatura
952 4199 1146 4260 mundi,
1177 4214 1262 4267 per
1283 4214 1339 4251 ea
1369 4213 1479 4266 qua:
1504 4199 1637 4269 facta
1662 4205 1776 4249 sunt
1804 4195 2056 4249 intellecta
2085 4211 2205 4247 con-

633 4292 914 4361 spiciuntur
943 4291 961 4358 (
985 4290 1131 4344 Rom.
1166 4291 1216 4343 l.
1245 4289 1355 4358 20).
1384 4288 1539 4344 Certe
1564 4289 1805 4344 diabolus
1833 4298 2052 4358 utraque
2077 4287 2206 4343 dicit

638 4399 758 4438 esse
788 4397 853 4437 ex
883 4381 1099 4436 materia
1121 4422 1136 4446 ,
1167 4391 1221 4434 ut
1253 4380 1394 4434 nulla
1423 4395 1487 4434 ex
1524 4396 1580 4435 re
1608 4381 1769 4434 Deum
1800 4394 2200 4449 cognoscamus.

637 4475 772 4542 Quid
802 4474 944 4528 enim
963 4514 977 4537 ,
1006 4487 1208 4541 quaeso,
1234 4471 1497 4525 difﬁcilius
1521 4481 1639 4534 est,
1686 4470 1734 4523 id
1763 4471 1901 4540 quod
1930 4481 2110 4524 natura
2137 4471 2206 4523 sit

637 4566 834 4620 malum
862 4564 1039 4618 facere
1067 4563 1292 4618 bonum‘
1322 4579 1335 4622 ;
1369 4563 1410 4615 si
1443 4572 1615 4616 tamen
1655 4561 1816 4614 ullum
1860 4570 1940 4615 est
1985 4563 2207 4631 (loquor

640 4661 783 4714 enim
822 4658 1108 4713 secundum
1140 4664 1370 4709 vestram
1411 4655 1713 4722 Opinionem
1742 4672 1754 4707 :
1787 4662 1970 4707 natura
2012 4655 2207 4722 quippe

641 4749 775 4806 nihil
805 4755 979 4817 potest
1004 4747 1113 4800 fieri
1148 4745 1342 4798 malum
1362 4785 1376 4810 ,
1409 4743 1547 4812 quod
1576 4743 1728 4797 bouis
1765 4743 1833 4796 sit
1861 4740 2205 4812 adiumento),

640 4857 708 4894 an
739 4852 922 4892 creare
948 4851 1014 4891 ex
1051 4851 1155 4889 non
1195 4833 1555 4888 exstantibus?
1584 4832 1717 4898 Quid
1757 4839 1838 4886 est
1869 4831 2072 4885 facilius
2101 4836 2118 4899 (
2143 4831 2208 4884 de

641 4930 894 5000 qualitate
916 4925 1148 4995 loquor),
1172 4938 1236 4977 an
1261 4925 1561 4992 qualitatem
1583 4937 1700 4991 quae
1723 4937 1823 4974 non
1846 4922 1916 4974 sit
1937 4921 2206 4984 inducere,

643 5031 734 5074 aut
762 5034 881 5088 qum
910 5016 976 5070 sit
1005 5017 1052 5069 in
1082 5013 1405 5068 contrarium
1433 5010 1674 5065 mutare?
1702 5010 1825 5078 quid
1859 5010 2084 5074 facilius,
2118 5011 2210 5063 do-

705 5155 722 5184 ¹
760 5151 815 5199 In
839 5163 934 5197 uno
955 5148 1125 5197 Codice
1150 5146 1354 5208 legitur,
1380 5144 1434 5194 id
1467 5143 1592 5208 quod
1627 5148 1803 5208 natura
1845 5148 1906 5208 sit
1940 5141 2118 5190 malum
2140 5144 2212 5208 [(17

646 5204 1486 5295 (ere‘malunt._Ouininq'asseptior
1511 5204 1715 5295 Romae}
1757 5206 2048 5295 cqnjeclut‘ltn
2091 5205 2209 5295 τιμά

646 5282 861 5295 ......
903 5285 980 5295 η...
1095 5282 1117 5295 η
1204 5280 1329 5295 nm...
1368 5279 1444 5295 ...η
1503 5280 1518 5295 .
1580 5279 1671 5295 mm
1736 5279 1797 5295 ην.
1825 5279 1910 5295 ..νη
1955 5279 1990 5295 ι.
2035 5277 2109 5295 mn

644 5273 881 5338 savilium,
901 5273 982 5338 qui
1009 5275 1143 5331 putat
1182 5267 1445 5328 legendum
1465 5303 1478 5326 ,
1503 5266 1554 5315 id
1579 5265 1705 5328 quod
1736 5265 1911 5314 natura
1952 5265 2011 5313 δὶι
2035 5265 2212 5312 ’τισι-ειη

644 5332 1005 5399 (negationem.

708 5395 781 5456 (a)
798 5392 914 5442 Haec
937 5400 1039 5456 erat
1059 5389 1420 5456 Manichaeorum
1443 5389 1620 5456 opinio,
1644 5389 1725 5449 qui
1749 5386 1989 5456 malitiam,
2009 5400 2097 5433 seu
2117 5401 2212 5431 ma-

644 5449 775 5515 Ιυῐίι,⁷
794 5467 885 5502 non
911 5453 1055 5511 nasci,
1080 5455 1166 5500 sed
1196 5463 1393 5515 semper
1418 5449 1933 5515 exstitisseputabant.
1961 5455 2137 5494 Bonum
2164 5457 2214 5496 et

647 5511 826 5566 malum
866 5515 1010 5563 deum
1053 5525 1165 5561 esse
1208 5511 1522 5566 asserebant,
1558 5511 1639 5570 qui
1678 5512 1806 5557 inter
1837 5522 1892 5557 se
1921 5517 2210 5570 lugnarent.

650 5577 782 5635 Quod
808 5577 986 5626 erroris
1010 5580 1271 5635 monstrum
1302 5580 1421 5620 ante
1455 5569 1626 5635 CbriSti
1657 5571 1914 5635 adventum
1934 5569 2069 5635 apud
2095 5583 2216 5635 gen-

646 5631 762 5688 tiles
782 5638 830 5686 in
855 5635 1060 5698 Aigypw
1081 5633 1271 5698 fuerat,
1306 5647 1399 5693 qua
1439 5633 1503 5679 de
1536 5646 1592 5698 re
1623 5631 1897 5698 Plutarchus
1934 5631 1982 5677 in
2009 5631 2131 5698 libro
2153 5631 2214 5679 de

652 5699 777 5807 lsidle
803 5707 853 5747 et
869 5691 1070 5749 Osirile.
1103 5694 1227 5742 Infra
1245 5691 1437 5757 quoque
1462 5697 1626 5741 centra
1649 5693 1931 5741 Manicharos
1951 5699 2048 5752 agit
2070 5691 2213 5755 Chry-

650 5775 729 5810 ωδ
750 5772 898 5810 emus.

2296 478 2438 516 mum
2469 476 2584 530 qua:
2612 474 2718 514 non
2756 458 2823 511 sit
2849 466 3056 512 struere
3076 497 3090 520 ,
3127 469 3194 508 an
3221 452 3485 507 desertam
3524 461 3840 505 restaurare

2293 553 2512 606 Planum
2544 558 2626 603 cst
2665 548 2793 602 illud
2821 561 2939 602 esse
2980 547 3201 599 facilius.
3246 544 3382 612 Ergo
3411 542 3511 596 hoc
3542 541 3883 611 impossibile

2291 653 2403 706 est;
2428 643 2566 696 sicut
2590 650 2769 695 autem
2795 640 2895 693 hoc
2924 639 3034 692 fieri
3066 639 3266 706 nequit,
3298 639 3366 691 ita
3390 646 3440 690 et
3469 636 3596 689 illud
3618 633 3884 704 impossi-

2295 735 2396 787 bile
2423 743 2533 796 est,
2558 745 2748 798 nempe
2775 731 2828 783 in
2854 729 3176 782 contrarium
3207 726 3416 795 operari

2361 827 2413 880 5.
2449 824 2544 878 Dic
2573 823 2721 887 mihi,
2749 820 2875 890 quid
2906 819 3168 873 difficilius
3195 826 3309 882 est,
3345 825 3664 886 unguentum
3694 814 3887 868 contio

2291 928 2432 980 eet-e,
2458 926 2550 970 aut
2576 915 2687 969 luto
2713 913 2817 966 vim
2846 911 3060 976 inferre,
3090 919 3142 963 ut
3165 923 3365 978 eaquae
3389 917 3713 977 unguentum
3745 920 3884 975 ope-

2294 1009 2475 1064 retur?
2507 1008 2716 1073 Utrum,
2745 1018 2943 1074 qumso,
2987 1017 3170 1057 eorum
3201 999 3405 1053 facilius
3438 997 3557 1054 est?
3583 996 3883 1067 (quando-

2292 1101 2504 1170 quidem
2538 1099 2700 1152 Deum
2729 1094 3021 1152 ratiociniis
3060 1091 3256 1146 nostris
3298 1090 3644 1158 subjicimus;
3674 1097 3732 1143 at
3765 1103 3882 1141 non

2294 1205 2410 1254 nos,
2443 1189 2611 1251 absit;
2641 1187 2734 1241 sed
2759 1199 2856 1242 vos
2882 1185 2933 1238 id
2958 1183 3153 1253 facitis)
3182 1181 3367 1235 oculos
3395 1178 3655 1242 formare,
3689 1193 3763 1232 an
3796 1177 3884 1231 fa-

2291 1297 2445 1344 cere,
2477 1288 2535 1333 ut
2564 1293 2734 1333 caecus
2762 1292 2982 1330 manens
3009 1287 3182 1328 ctccus
3215 1271 3424 1336 videat,
3456 1279 3510 1324 et
3534 1269 3744 1324 acutius
3792 1268 3883 1321 vi-

2292 1375 2449 1428 dente
2469 1413 2481 1434 ,
2510 1371 2744 1426 cmcitate
2779 1368 2844 1423 ad
2875 1368 3049 1422 visum
3093 1373 3290 1428 utatur,
3335 1363 3591 1417 surditate
3617 1361 3682 1415 ad
3710 1359 3882 1414 audi-

2297 1467 2442 1518 tum?
2472 1464 2690 1517 Videtur
2735 1458 2862 1516 milii
2908 1461 3055 1530 prius
3099 1456 3225 1512 illud
3275 1455 3502 1512 facilius.
3546 1452 3698 1520 Quod
3739 1466 3884 1519 ergo

2291 1556 2557 1610 difficilius
2578 1564 2688 1613 est,
2724 1555 2830 1608 Deo
2855 1551 3128 1615 concedis,
3158 1549 3298 1618 quod
3339 1549 3542 1602 facilius
3570 1562 3676 1600 non
3700 1547 3838 1601 item
3859 1534 3894 1598 ’ξ’

2294 1647 2397 1702 Sed
2427 1645 2552 1716 quid
2582 1644 2632 1698 in
2662 1645 2742 1698 his
2771 1642 2992 1696 insisto?
3019 1641 3188 1696 Etiam
3216 1639 3418 1692 animas
3448 1639 3630 1693 dicunt
3650 1651 3714 1690 ex
3744 1636 3884 1690 sub-

2293 1738 2482 1790 stantia
2509 1736 2604 1790 Dei
2634 1748 2769 1788 esse.
2801 1737 2867 1786 At
2893 1732 3010 1786 vide
3030 1739 3220 1801 quanta
3251 1729 3405 1797 impia
3433 1737 3486 1783 et
3514 1729 3669 1782 stulta
3694 1730 3884 1796 profe-

2295 1839 2428 1883 rant.
2462 1830 2590 1882 Dum
2617 1827 2841 1897 probare
2867 1828 3126 1890 nituntur,
3157 1824 3292 1876 mala
3323 1838 3385 1875 ex
3417 1822 3523 1875 Deo
3552 1835 3692 1882 esse,
3725 1819 3884 1872 aliud

2294 1921 2462 1989 magis
2498 1919 2714 1986 impium
2755 1916 3046 1970 inducunt:
3077 1929 3198 1967 nam
3231 1913 3316 1966 illa
3361 1912 3459 1980 ipsi
3489 1919 3882 1977 contempora-

2295 2028 2431 2075 nea,
2491 2024 2589 2064 nec
2643 2010 2805 2063 Dctnn
2861 2007 2961 2061 illis
3009 2005 3365 2074 antiquiorem
3420 2017 3541 2056 esse
3593 2011 3876 2063 statuunt,

2296 2112 2493 2157 tantam
2537 2102 2640 2155 illis
2680 2100 3080 2169 praerogativam
3116 2096 3245 2150 dare
3272 2110 3376 2148 non
3407 2093 3580 2148 veriti.
3619 2089 3884 2147 Secundo

2295 2196 2454 2248 etiam
2482 2193 2733 2247 malitiam
2761 2197 3003 2245 statuunt
3032 2187 3406 2242 immortalem.
3435 2183 3586 2251 Quod
3613 2183 3755 2238 enim
3790 2183 3885 2236 in-

2292 2286 2527 2356 genitum
2558 2293 2658 2348 est,
2680 2297 2964 2351 numquam
2995 2281 3195 2334 interit.
3223 2278 3424 2332 Videtis
3444 2275 3837 2344 blasphemiam
3860 2275 3885 2327 ’ἲ

2242 2393 2247 2398 '
2294 2378 2474 2448 Itaque
2499 2390 2716 2430 necesse
2742 2384 2856 2440 est,
2889 2383 2978 2427 aut
3018 2371 3150 2425 nihil
3178 2387 3204 2422 a
3233 2370 3342 2424 Deo
3369 2383 3515 2434 esse;
3548 2377 3640 2421 aut
3680 2368 3724 2420 si
3757 2367 3885 2422 haec

2293 2484 2399 2523 non
2423 2476 2565 2530 sunt,
2591 2482 2658 2521 ne
2691 2467 2853 2519 Deum
2883 2463 3094 2532 quidem
3117 2475 3254 2516 esse.
3289 2460 3488 2524 Tertio,
3515 2458 3697 2526 utjam
3723 2457 3838 2510 dixi
3863 2497 3879 2519 ,

2294 2560 2420 2614 hinc
2450 2559 2525 2614 illi
2547 2573 2726 2613 secum
2758 2563 3021 2625 pugnant,
3050 2561 3105 2606 et
3140 2551 3396 2621 majorem
3436 2549 3526 2602 Dei
3558 2550 3608 2602 in
3642 2562 3702 2602 se
3731 2547 3880 2600 indi-

2295 2652 2595 2724 gnationem
2630 2657 2932 2719 provocant.
2963 2645 3194 2712 Quarto,
3227 2642 3365 2711 quod
3395 2641 3517 2695 huic
3561 2654 3665 2693 non
3692 2639 3882 2692 subsi-

2297 2744 2452 2799 stenti
2485 2739 2716 2796 materia:
2737 2747 2935 2794 tantam
2960 2736 3063 2789 vim
3087 2735 3336 2789 tribuant.
3360 2733 3576 2800 Quinto,
3599 2730 3740 2802 quod
3769 2746 3884 2784 ma-

2296 2836 2459 2888 litiam
2491 2833 2740 2887 bonitatis
2785 2829 2876 2884 Dei
2922 2843 3132 2882 causam
3165 2827 3326 2880 fuisse
3365 2825 3575 2890 dicant,
3624 2822 3884 2893 quodque

2295 2926 2409 2980 sine
2437 2925 2531 2977 hac
2554 2964 2567 2985 ,
2601 2923 2780 2984 aiunt,
2823 2920 2990 2974 bonus
3026 2917 3114 2972 ille
3142 2931 3247 2970 non
3288 2924 3429 2969 esset
3465 2915 3650 2967 bonus.
3683 2902 3877 2977 Sexto,

2297 3016 2436 3086 quod
2465 3015 2602 3067 viam
2627 3012 2776 3065 nobis
2805 3010 3129 3079 [met-ludant
3157 3006 3495 3077 perveniendi
3525 3005 3590 3059 ad
3613 3007 3884 3074 cognitio-

2299 3124 2419 3162 nem
2451 3107 2564 3161 Dei.
2590 3105 2847 3174 Scptimo,
2869 3103 3007 3173 quod
3031 3102 3195 3156 Deum
3218 3100 3281 3154 ad
3308 3099 3550 3153 homines
3584 3098 3880 3164 deducant,

2300 3199 2405 3252 imo
2432 3197 2496 3251 ad
2527 3197 2732 3266 plantas
2753 3205 2806 3248 et
2826 3195 2985 3262 ligna.
3015 3192 3223 3246 Etenim
3242 3190 3284 3242 si
3305 3191 3477 3242 anima
3495 3197 3674 3242 nostra
3695 3204 3760 3242 ex
3782 3188 3882 3242 Dei

2299 3290 2590 3346 substantia
2612 3298 2713 3351 est,
2735 3286 3025 3353 eademque
3047 3282 3220 3337 anima
3238 3280 3498 3349 demigrat
3518 3281 3568 3333 in
3595 3279 3736 3331 varia
3755 3293 3883 3331 cor-

2306 3397 2462 3451 pora,
2498 3382 2548 3433 in
2587 3375 2992 3437 cucumeres,‘in
3023 3386 3275 3443 peponas,
3311 3372 3361 3425 in
3389 3384 3548 3439 cepas
3577 3387 3590 3421 :
3621 3383 3750 3437 ergo
3781 3368 3881 3422 Dei

2303 3476 2500 3543 pariter
2516 3471 2807 3525 substantia
2829 3471 2879 3522 in
2901 3479 3212 3522 cucumeres
3229 3465 3358 3518 abit.
3375 3463 3488 3517 lam
3513 3463 3554 3515 si
3581 3461 3886 3516 dixerimus

2299 3564 2550 3634 Spiritum
2571 3569 2809 3618 sanctum
2827 3559 3134 3614 efformasse
3161 3557 3412 3624 templum
3432 3555 3482 3608 in
3511 3552 3747 3623 Virgine,
3780 3568 3885 3607 nos

2299 3641 2375 3710 illi
2394 3654 2634 3709 derident
2652 3671 2662 3705 :
2680 3653 2723 3707 si
2745 3651 3003 3712 dicamus,
3019 3649 3285 3702 habitasse
3306 3647 3358 3700 in
3377 3645 3637 3715 spirituali
3655 3646 3880 3714 templo,

2305 3761 2489 3802 rursus
2509 3746 2749 3800 irrident.
2774 3743 2886 3798 Nec
2908 3741 3069 3812 pudet
3090 3741 3208 3794 illos
3230 3738 3322 3792 Dei
3344 3739 3694 3793 substantiam
3717 3739 3771 3792 in
3791 3754 3889 3793 cu-

2303 3853 2566 3901 cmneres,
2589 3837 2639 3889 in
2664 3847 2914 3904 peponas,
2938 3833 2989 3886 in
3013 3845 3245 3897 muscas,
3270 3830 3500 3884 bruchos
3517 3837 3572 3884 et
3587 3830 3771 3883 asinos
3789 3829 3888 3885 de-

2305 3929 2518 3993 ducere,
2552 3942 2685 3980 nova
2715 3923 3025 3980 idololatriae
3047 3922 3222 3992 specie
3245 3931 3470 3990 reperta.
3499 3925 3567 3975 At
3595 3935 3696 3974 non
3724 3935 3884 3991 cepa,

2307 4021 2493 4090 inquit,
2515 4021 2565 4073 in
2589 4019 2698 4073 Deo
2722 4027 2832 4080 est;
2859 4014 2953 4070 sed
2979 4015 3117 4069 Deus
3136 4014 3190 4067 in
3213 4028 3371 4082 cepa:
3391 4026 3564 4081 neque
3584 4012 3726 4065 enim
3752 4027 3885 4081 cepa

2310 4112 2448 4164 Deus
2465 4110 2641 4164 fuerit.
2657 4109 2764 4163 Cur
2785 4105 2981 4176 refugis
2995 4105 3086 4159 Dei
3099 4104 3536 4174 demigrationem
3556 4104 3605 4156 in
3619 4118 3848 4172 corpora
3865 4105 3889 4156 ’ἒ

2310 4203 2501 4272 Turpis
2524 4216 2607 4255 res
2633 4207 2734 4264 est,
2765 4201 2950 4268 inquit.
2974 4195 3135 4250 Multo
3161 4205 3305 4249 certe
3332 4194 3534 4262 turpius
3563 4194 3662 4246 hoc
3689 4203 3792 4248 est.
3819 4197 3890 4247 At

2311 4310 2415 4348 non
2450 4291 2618 4360 turpis
2658 4305 2743 4345 res
2786 4297 2886 4342 est.
2915 4284 3229 4356 Quomodo?
3258 4283 3697 4352 Quandoquidem
3741 4283 3787 4336 si
3835 4285 3888 4336 in

2310 4384 2462 4438 nobis
2487 4381 2593 4444 ﬁat,
2622 4395 2748 4434 vere
2774 4387 2923 4446 turpe
2943 4386 3042 4432 est.
3070 4374 3337 4429 Videtisne
3361 4375 3538 4427 faecem
3564 4371 3892 4441 impietatis?

2311 4477 2417 4532 Sed
2446 4491 2539 4529 cur
2567 4474 2749 4527 nolunt
2774 4486 2972 4539 corpus
3015 4467 3330 4536 resurgere?
3374 4463 3506 4531 Quid
3540 4464 3626 4518 hic
3667 4464 3894 4518 dicent?

2313 4567 2443 4633 Quia
2467 4578 2659 4632 cerpus
2685 4562 2818 4615 mala
2842 4575 2926 4615 res
2948 4557 3063 4614 est?
3091 4559 3154 4610 Et
3177 4556 3462 4625 quomodo,
3492 4568 3688 4623 quaeso,
3719 4554 3891 4608 Deum

2314 4657 2490 4712 nosti?
2521 4656 2659 4709 ttude
2685 4669 2858 4707 rerum
2887 4649 3122 4703 notitiam
3154 4646 3352 4700 habes?
3378 4646 3493 4711 Quo
3533 4655 3686 4714 pacto
3715 4644 3893 4713 philo.

2315 4748 2512 4817 sophus
2542 4754 2617 4800 est
2650 4739 3031 4812 philosophus,
3065 4739 3108 4791 si
3146 4737 3271 4790 nihil
3311 4737 3470 4790 efficit
3507 4735 3738 4804 corpus?
3784 4735 3894 4790 De-

2315 4848 2461 4892 strue
2501 4850 2716 4897 sensus,
2760 4842 2813 4886 et
2851 4830 2996 4885 disce
3035 4827 3226 4895 aliquid
3265 4841 3446 4881 eorum
3478 4841 3597 4895 qua:
3637 4825 3775 4879 scire
3812 4836 3898 4880 est

2316 4944 2468 4997 Opus.
2494 4925 2626 4992 Quid
2649 4933 2823 4978 autem
2850 4919 3185 4988 insipientius
3207 4927 3346 4972 esset
3367 4917 3564 4979 anima,
3590 4917 3634 4969 si
3650 4915 3718 4970 ab
3740 4916 3898 4970 initio

2317 5034 2504 5075 sensus
2545 5019 2764 5073 haberet
2796 5014 3041 5069 vitiatos?
3080 5012 3210 5066 Nam
3258 5013 3302 5066 si
3346 5025 3446 5064 una
3477 5011 3719 5080 corporis
3745 5024 3900 5080 parte

2321 5113 2530 5175 vitiata,
2564 5123 2754 5175 nempe
2788 5105 3028 5170 cerebro,
3059 5113 3166 5157 tota
3207 5104 3318 5172 ipsa
3349 5101 3591 5168 lteditur;
3621 5103 3664 5155 si
3697 5111 3897 5156 cretera

2318 5215 2528 5270 quoque
2558 5200 2830 5261 vitientur,
2874 5197 2925 5248 in
2971 5210 3074 5264 quo
3116 5194 3260 5247 utilis
3299 5192 3438 5246 erit?
3483 5191 3716 5247 Ostende
3763 5192 3896 5247 mihi

2320 5293 2549 5346 animam
2578 5291 2690 5343 sine
2715 5301 2957 5356 corpore.
2983 5288 3168 5339 Annon
3198 5285 3348 5339 audis
3376 5283 3610 5339 medicos
3633 5285 3897 5352 dicentes,

2323 5383 2534 5435 Morbus
2563 5380 2904 5433 vehementer
2930 5375 3178 5428 obscurat
3203 5375 3473 5428 animam?
3497 5374 3782 5444 Quousque
3805 5389 3900 5429 vos

2322 5475 2651 5542 strangulare
2691 5468 2984 5524 differetis?
3015 5469 3178 5532 Num,
3213 5482 3394 5536 qua-so
3415 5509 3431 5537 ,
3472 5484 3668 5537 corpus
3691 5483 3756 5520 ex
3784 5482 3900 5521 ma-

2326 5568 2455 5622 teria
2483 5564 2599 5617 est?
2629 5563 2791 5615 Recte
2817 5561 3050 5630 quidem.
3078 5559 3216 5626 Ergo
3240 5560 3408 5627 ipsum
3434 5561 3611 5613 odisse
3628 5559 3895 5628 oportuit:

2325 5675 2418 5712 cur
2431 5672 2556 5725 ergo
2578 5656 2746 5723 ipsum
2769 5655 2887 5717 alis,
2907 5668 3002 5706 cur
3020 5651 3198 5705 foves?
3219 5652 3290 5720 (a)
3311 5651 3473 5723 [Ergo
3495 5654 3717 5722 teipsum
3741 5653 3908 5711 inter-

2394 5751 2464 5811 (α)
2500 5756 2610 5806 Quae
2633 5748 2819 5796 uncinis
2845 5745 3133 5796 clauduntur
3149 5744 3326 5793 desunt
3352 5745 3397 5792 in
3423 5747 3705 5807 quibusdam
3728 5754 3816 5797 uss
3836 5788 3848 5801 .
