4054 6414
207 375 288 433 53
1260 367 1323 424 IN
1363 366 1542 423 ACTA
1585 363 2361 432 APOSTOLORUMJIOMIL.
2400 365 2487 422 ιιι.
3453 369 3524 427 δι

216 496 386 551 licere
432 487 741 565 debuistil]
783 489 925 559 Ergo
970 496 1025 542 te
1075 483 1147 540 ab
1184 483 1286 539 hoc
1323 496 1540 538 carcere
1590 481 1820 537 liberare

215 585 498 655 oportuit?
522 583 773 654 Alioquin
800 595 927 636 vero
955 579 1097 633 Deus
1123 593 1229 630 non
1260 585 1434 645 potest
1462 574 1679 628 vincere
1706 587 1810 627 ma-

213 675 435 740 teriam,
464 673 567 730 nisi
597 688 721 727 cum
745 671 835 726 illa
863 669 1169 724 misceatur.
1203 665 1318 720 Non
1356 672 1533 735 potest
1561 662 1706 717 enim
1742 663 1814 715 illi

214 765 537 834 percipere.
563 761 744 816 donec
777 775 897 814 cum
929 757 1016 812 illa
1048 755 1240 818 fuerit,
1269 769 1332 809 ac
1360 768 1456 824 per
1484 762 1650 808 totam
1695 766 1815 818 per-

211 856 402 910 vadat.
428 852 473 909 0
493 851 948 908 imbecillitatem!
975 849 1088 903 Rex
1110 844 1424 914 imperando
1447 842 1574 897 facit
1597 841 1811 906 omnia;

210 946 360 999 Dens
388 959 518 998 vero
544 943 702 997 malis
729 957 834 996 non
866 938 1129 1008 imperat?
1160 936 1216 991 In
1243 949 1475 998 summa,
1505 932 1610 987 nisi
1639 940 1812 985 matc-

206 1035 295 1089 ria
337 1035 458 1090 boni
490 1033 787 1102 cuiuspiam
835 1037 981 1085 esset
1019 1028 1321 1096 particeps,
1367 1023 1662 1078 subsistere
1705 1035 1810 1074 non

203 1137 417 1196 posset.
461 1124 656 1179 Malitia
697 1125 839 1177 enim
879 1119 1176 1175 subsistere
1213 1115 1432 1187 nequit,
1478 1112 1584 1172 nisi
1627 1112 1810 1166 virtuti

200 1217 615 1271 admisceatur:
666 1212 890 1282 proinde
933 1209 1036 1265 nisi
1074 1207 1260 1264 fuisset
1305 1204 1541 1260 admixta
1587 1202 1807 1266 virtuti,

196 1307 416 1377 jamdiu
449 1306 699 1375 periisset
724 1321 737 1356 :
770 1318 890 1358 nam
922 1301 1035 1356 hter
1057 1308 1139 1357 est
1162 1299 1423 1352 malorum
1445 1294 1703 1350 conditio.
1729 1293 1810 1349 Sit

199 1398 474 1467 quispiam
504 1395 762 1455 lascivius,
805 1393 894 1463 qui
938 1393 1018 1447 sui
1061 1392 1328 1458 impotens
1354 1386 1579 1442 omnino
1605 1386 1710 1452 sit,
1736 1401 1806 1439 an

199 1491 356 1544 vivet
384 1489 568 1544 decem
595 1486 751 1542 dies?
781 1485 863 1540 Sit
885 1485 1022 1539 latro
1049 1481 1344 1554 quispiam,
1376 1479 1468 1550 qui
1495 1477 1642 1532 nulla
1671 1477 1805 1532 reli-

198 1591 370 1638 nente
395 1581 720 1636 conscientia
748 1579 800 1633 in
821 1590 1010 1632 omnes
1033 1574 1304 1644 etiamque
1332 1573 1384 1626 in
1407 1568 1806 1625 consceleratos

194 1682 501 1742 grassetur,
536 1686 662 1725 num
693 1668 880 1724 vixerit
899 1666 1161 1722 omnino?
1191 1664 1271 1718 Sit
1295 1661 1489 1731 aliquis
1515 1659 1600 1714 fur
1629 1659 1804 1729 impu-

193 1767 357 1820 dens.
387 1764 476 1833 qui
509 1764 625 1818 sine
655 1761 851 1816 rubore
880 1760 1053 1828 palam
1080 1756 1304 1820 furetur,
1333 1769 1459 1808 num
1487 1750 1580 1806 diu
1612 1764 1802 1820 super-

192 1867 313 1910 stes
340 1853 479 1909 erit'l
504 1853 762 1908 Malorum
789 1859 973 1904 natura
997 1848 1118 1902 talis
1145 1854 1247 1909 cst,
1279 1853 1338 1898 ut
1361 1843 1462 1898 nisi
1485 1840 1612 1897 beni
1640 1840 1800 1912 quid-

193 1946 342 2015 piam
371 1944 623 2007 habeant.
651 1953 797 1999 stare
826 1957 930 1996 non
956 1940 1198 2011 possint:
1229 1939 1308 1992 sic
1333 1936 1420 1990 illa
1452 1935 1612 1999 Deus,
1637 1941 1694 1988 ut
1722 1931 1798 1986 illi

189 2039 413 2104 dicunt,
445 2035 742 2091 constituit.
768 2033 850 2090 Sit
874 2032 1062 2087 civitas
1090 2028 1458 2098 improborum
1490 2024 1794 2089 hominum,

189 2143 260 2180 an
299 2127 464 2182 stabit
505 2125 794 2197 umquam?
837 2125 993 2179 Stent
1025 2121 1189 2186 mali,
1222 2135 1327 2173 non
1368 2123 1556 2172 contra
1585 2113 1791 2178 bonos,

1082 2254 1232 2262 ~--._
1259 2255 1307 2259 φ.
1369 2253 1550 2260 -ω--θ

186 2483 322 2538 CAP.
377 2483 427 2536 Ι.
469 2497 521 2535 v.
554 2481 644 2535 19..
673 2477 718 2534 Τ
721 2495 818 2532 unt:
861 2478 1046 2531 reret-si
1083 2494 1128 2541 a_.
1153 2476 1300 2527 ostoli
1352 2469 1725 2539 Jerosolymum
1760 2481 1792 2515 α

262 2581 435 2627 monte
487 2571 578 2642 qui
601 2579 804 2624 uocatur
833 2568 1039 2633 Oliveti,
1082 2566 1258 2635 quiest
1291 2567 1437 2630 iuxta
1477 2561 1787 2623 Jerusalem,

261 2663 460 2719 sabbati
504 2663 695 2717 habens
731 2663 845 2715 iter.

264 2760 317 2812 l.
354 2755 520 2822 Tunc,
564 2755 755 2825 inquit,
797 2753 981 2807 reversi
1022 2762 1158 2806 sunt.
1190 2750 1362 2817 Tune,
1405 2745 1792 2818 quandonam?

188 2850 483 2917 Postquam
543 2845 631 2901 illa
672 2844 982 2904 audierant.
1037 2860 1141 2898 non
1177 2845 1320 2897 enim
1368 2843 1476 2895 alio
1526 2839 1688 2894 modo
1739 2840 1790 2892 id

187 2939 601 3002 sustinuissent,
656 2937 757 2991 nisi
809 2937 948 2991 alter
998 2935 1261 2988 adventus
1327 2933 1431 2987 illis
1490 2933 1789 3002 promissus

189 3029 402 3084 fuisset.
446 3028 672 3084 Videtur
713 3038 890 3084 autem
941 3027 1070 3082 mihi
1108 3025 1224 3081 lucc
1267 3026 1320 3079 in
1365 3023 1592 3080 sabbato
1639 3031 1788 3094 gesta

187 3122 380 3176 fuisse.
431 3119 644 3190 Alioqui
675 3134 782 3173 non
829 3118 1061 3188 spatium
1101 3116 1311 3171 itineris
1354 3116 1435 3170 sic
1462 3113 1785 3178 indicasset,

185 3216 234 3267 Α
263 3222 432 3267 monte
469 3213 558 3283 qui
583 3212 770 3266 dicitur
816 3211 1018 3277 Oliveti,
1047 3210 1137 3281 qui
1161 3219 1238 3262 est
1268 3208 1426 3277 jua'ta
1462 3205 1782 3269 Jerusalem,

185 3307 384 3359 sabbati
415 3303 603 3358 habens
630 3305 765 3368 iter;
798 3302 898 3357 nisi
949 3301 1318 3371 prmscriptum
1366 3297 1558 3355 fuisset
1579 3296 1788 3352 itineris

183 3405 444 3472 spatium,
499 3401 641 3469 quod
697 3400 875 3470 peragi
928 3405 1110 3468 posset
1162 3397 1213 3450 in
1273 3395 1364 3450 die
1411 3393 1637 3449 sabbati.
1697 3393 1784 3446 l5.

191 3494 258 3548 Et
296 3511 414 3547 cum
457 3494 764 3557 introissent,
822 3493 875 3543 in
926 3489 1240 3543 caenaculum
1295 3486 1654 3550 ascenderunt,
1705 3483 1789 3536 ubi

185 3596 337 3643 erant
373 3593 740 3655 permanentes.
779 3583 918 3651 Ergo
947 3591 1067 3650 post
1097 3578 1544 3634 resurrectionem
1571 3574 1789 3630 Jcroso«

190 3679 353 3750 lymis
380 3676 686 3730 manebant.
725 3672 928 3738 Petrus,
957 3682 1003 3725 et
1029 3671 1270 3734 Jacobus,
1300 3679 1348 3722 et
1387 3667 1632 3721 Joannes.
1669 3665 1786 3720 Non

182 3772 297 3838 jam
326 3769 415 3822 hic
443 3767 591 3822 solus
616 3781 740 3820 cum
766 3764 932 3818 fratre
959 3772 1299 3822 numeratur;
1346 3758 1439 3812 sed
1464 3769 1518 3812 et
1544 3754 1790 3811 Andreas

186 3877 310 3915 eum
346 3859 545 3922 Petro;
579 3866 625 3910 et
653 3856 903 3919 Andreas,
926 3852 1199 3922 Philippus
1229 3861 1275 3904 et
1308 3848 1549 3912 Thomas,
1577 3846 1791 3901 Barthoo

188 3953 404 4006 lomwus
434 3959 481 4003 et
513 3948 804 4010 Matt/tants,
840 3945 1063 3999 Jacobus
1093 3943 1312 4012 Alphwi,
1344 3950 1391 3994 et
1422 3939 1604 3994 Simon
1646 3937 1790 3991 Zelo-

189 4055 263 4097 tes
306 4052 354 4096 et
400 4039 571 4094 Judas
623 4039 824 4093 Jacobi.
890 4037 1054 4091 Recte
1100 4034 1395 4104 discipulos
1446 4032 1782 4088 memoravit.

186 4135 326 4201 Quia
371 4133 515 4188 enim
553 4130 691 4184 alios
737 4128 988 4200 prodidit,
1023 4126 1156 4181 alius
1183 4125 1433 4195 negavit‘
1456 4164 1470 4189 ,
1503 4123 1642 4176 alius
1677 4136 1784 4176 non

187 4225 460 4288 credidit;
513 4222 750 4276 declarat
796 4235 1005 4283 omnes,
1058 4233 1167 4273 uno
1219 4225 1445 4286 excepto
1492 4216 1784 4284 proditore,

187 4319 373 4375 salvos
435 4315 622 4371 fuisse.
679 4314 769 4369 14.
845 4311 917 4366 lli
978 4328 1150 4366 omnes
1209 4319 1354 4363 erant
1413 4319 1786 4378 perswerautcs

188 4408 501 4464 unanimiter
527 4406 581 4459 in
607 4406 834 4458 oratione
856 4413 904 4457 et
943 4402 1295 4472 deprecatione
1331 4417 1447 4454 cum
1470 4401 1779 4453 mulieribus.

186 4502 377 4557 Recte.
422 4497 668 4566 Magnum
705 4496 847 4550 enim
890 4497 1060 4549 oratio
1099 4495 1262 4548 telum
1303 4502 1387 4548 est
1429 4493 1481 4547 in
1529 4493 1783 4546 tentatio-

189 4593 372 4657 nibus,
401 4598 457 4645 et
476 4587 545 4644 ad
568 4588 670 4643 hoc
692 4603 722 4641 a
754 4586 1007 4657 Magistro
1032 4601 1132 4639 suo
1151 4585 1282 4638 satis
1303 4583 1510 4638 fuerant
1535 4583 1781 4637 instituti.

190 4684 444 4756 Alioquin
471 4698 598 4739 vero
620 4696 857 4752 praesens
888 4681 1111 4735 tentatio
1150 4677 1218 4734 ad
1245 4677 1348 4733 hoc
1388 4677 1510 4732 illos
1530 4676 1781 4732 ducebat.

189 4780 430 4850 Ideoque
455 4770 760 4832 ascendunt
788 4772 840 4825 in
878 4770 1246 4827 cmunculum:
1299 4768 1588 4823 admodum
1641 4769 1783 4823 enim

188 4867 453 4922 timebant
475 4862 716 4919 Judzeos.
759 4862 882 4915 Cum
907 4860 1222 4915 mulieribus.
1266 4859 1384 4915 .lam
1408 4861 1550 4914 enim
1574 4861 1785 4916 dixerat

187 4960 311 5014 illas
361 4956 547 5012 Jesum
597 4965 850 5024 sequutus
902 4952 1092 5008 fuisse.
1145 4951 1213 5006 Et
1245 4951 1417 5006 Maria
1446 4963 1607 5007 matre
1633 4952 1780 5016 Jesu,

185 5063 232 5106 et
268 5067 384 5105 eum
414 5048 656 5119 fratribus
684 5048 794 5116 ejus
823 5044 998 5113 (Jouu.
1034 5046 1114 5101 l9.
1146 5045 1259 5115 ‘26).
1305 5046 1584 5113 Quomodo
1604 5055 1782 5100 autem

188 5144 392 5196 dictum
423 5149 526 5203 est,
570 5138 890 5206 discipulum
924 5153 1040 5190 eam
1088 5147 1214 5191 tunc
1256 5137 1307 5190 in
1358 5137 1784 5205 snarecepisse?

189 5234 301 5287 Sed
359 5246 481 5285 cum
541 5237 920 5297 congregasset
971 5227 1088 5280 illos
1155 5225 1421 5287 Christus.
1478 5242 1602 5281 cum
1655 5227 1784 5296 ipsis

191 5329 390 5378 iterum
442 5322 526 5375 illa
581 5320 916 5374 versabatur.
975 5318 1035 5371 lit
1078 5335 1191 5372 cum
1238 5319 1483 5390 fratribus
1524 5320 1653 5387 ejus.
1711 5320 1783 5373 De

192 5416 258 5469 iis
309 5413 564 5484 loquitur,
607 5413 694 5480 qui
730 5415 873 5480 prius
924 5425 1028 5464 non
1067 5411 1358 5465 credebant
1399 5412 1449 5465 in
1495 5427 1636 5466 eum.
1692 5414 1779 5467 15.

191 5504 262 5558 Et
311 5505 363 5555 in
414 5504 588 5556 diebus
633 5503 753 5562 illis,
802 5519 1011 5571 surgens
1083 5500 1265 5555 Petrus
1317 5504 1369 5556 in
1415 5503 1579 5557 medio
1625 5504 1778 5558 disci-

193 5596 436 5667 pulorum
484 5597 632 5648 dixit.
684 5592 879 5661 Utpote
931 5595 1161 5658 fervens,
1197 5596 1280 5649 cui
1321 5611 1449 5665 grex
1495 5613 1523 5649 a
1567 5597 1783 5651 ‘Thristo

232 5755 273 5862 1'
315 5750 462 5814 llaec,
485 5753 610 5803 alius
648 5753 865 5815 negavit,
903 5752 1082 5801 desunt
1123 5754 1170 5802 in
1216 5754 1503 5814 quibusdam
1530 5753 1781 5817 exempla-

249 5827 342 5862 λιιι.

191 5826 342 5866 unus.

1567 2317 1910 2384 HOMILIA
1957 2321 2068 2382 lll.

1929 481 2025 536 sed
2056 490 2243 538 contra
2283 483 2521 554 seipsos,
2557 494 2704 542 certe
2730 495 2875 544 stare
2905 500 3198 560 nequeunt.
3233 490 3359 550 l'ere
3382 497 3540 551 stulti

1924 573 2051 644 facti
2076 583 2226 638 sunt,
2265 591 2381 629 cum
2420 575 2595 630 dicant
2618 594 2674 631 se
2696 594 2806 633 esse
2827 582 3081 650 sapientes
3116 583 3293 647 (Rom.
3325 586 3380 640 Ι.
3409 585 3523 656 2!),

1919 662 1974 716 Si
2017 679 2214 734 corpus
2245 666 2444 720 malum
2471 677 2588 732 est,
2631 668 2828 726 frustra
2856 671 2996 727 facta
3033 685 3161 730 sunt
3197 692 3379 732 omnia
3406 695 3528 750 qua

1917 756 2344 825 conSpiciuntur,
2375 775 2534 830 aqua,
2560 771 2699 817 terra
2725 805 2740 829 ,
2766 765 2870 832 sol,
2901 780 3016 822 acr.
3045 768 3178 824 Nam
3206 780 3261 824 et
3286 786 3382 826 aer
3403 786 3526 827 cor-

1920 859 2018 912 pus
2041 854 2125 900 est
2143 847 2183 913 ⁸,
2203 849 2413 904 etiamsi
2443 866 2550 906 non
2597 852 2823 908 densum
2841 863 2896 910 et
2934 857 3186 916 solidum.
3207 859 3521 931 Opportune

1915 950 2046 1006 ergo
2090 937 2346 994 dicatur:
2399 939 2756 998 Narraverunt
2804 947 2930 1000 mihi
2975 949 3137 1020 iniqui
3181 951 3524 1021 fabulationes

1915 1025 2091 1097 (Psal.
2122 1029 2246 1085 ll8.
2272 1030 2389 1101 85').
2425 1033 2624 1089 Verum
2650 1037 2767 1092 haec
2794 1053 2862 1094 ne
2891 1040 3206 1110 toleremus,
3237 1045 3334 1101 sed
3363 1061 3524 1102 aures

1913 1118 2115 1174 abillis
2149 1131 2481 1179 avertamus.
2530 1126 2626 1181 Est
2664 1129 2839 1195 enim,
2881 1141 2967 1188 est
3010 1134 3194 1205 utique
3231 1151 3520 1206 corporum

1913 1213 2260 1267 resurrectio.
2308 1213 2424 1269 lloc
2471 1215 2712 1272 declarat
2764 1223 3075 1290 sepulcrum
3123 1225 3519 1300 JerOsolymis,

1914 1317 2125 1358 necnon
2152 1304 2378 1376 lignum,
2401 1309 2486 1362 cui
2511 1308 2610 1364 fuit
2635 1312 2909 1383 alligatus,
2945 1326 3002 1370 ut
3031 1316 3254 1388 ﬂagellis
3280 1320 3520 1377 caedere-

2042 1391 2373 1484 liomedimus
2400 1399 2556 1477 enim,
2589 1401 2781 1473 inquit,
2809 1415 2857 1459 et
2878 1406 3094 1464 bibimus
3119 1426 3235 1463 cum
3258 1411 3350 1465 illo
3378 1410 3516 1484 (Act.

1912 1481 1999 1536 10.
2026 1483 2141 1554 41).
2166 1483 2470 1544 Credamus
2494 1505 2626 1561 ergo
2647 1497 3052 1565 resurrectioni,
3083 1510 3140 1556 et
3169 1518 3290 1572 qua:
3317 1481 3416 1559 hac
3435 1504 3521 1559 di-

1907 1587 2011 1662 gna
2043 1575 2152 1629 sint
2186 1593 2498 1646 operemur,
2535 1595 2594 1638 ut
2622 1584 2799 1642 futura
2831 1603 3230 1662 consequamur
3253 1595 3426 1662 bona,
3463 1598 3516 1652 in

1907 1661 2122 1719 Christo
2146 1665 2276 1724 JcSu
2304 1669 2537 1728 Domino
2562 1688 2768 1742 nostro,
2799 1661 3030 1747 quicum
3048 1682 3191 1739 Patri
3219 1695 3273 1740 et
3293 1661 3513 1756 Spiritui

1906 1765 2097 1811 saneto
2125 1759 2319 1828 gloria,
2353 1763 2638 1834 imperium
2659 1811 2674 1834 ,
2704 1768 2900 1839 honor,
2937 1790 3081 1830 nunc
3109 1787 3165 1832 et
3194 1792 3428 1849 semper,
3457 1791 3515 1836 et

1906 1846 1960 1900 in
1991 1849 2187 1906 Saecula
2209 1854 2554 1912 smculorum.
2590 1861 2786 1917 Amen.

1975 2000 2205 2080 Latere].
2232 2004 2441 2080 lcgjt....
2467 2023 2612 2075 aqua,
2652 2021 2819 2078 terra,
2844 2017 2933 2078 sol,
2969 2017 3129 2072 homo.
3155 2031 3276 2075 Nam
3297 2031 3344 2077 et
3365 2027 3508 2080 homo

1902 2070 2081 2122 corpus
2095 2070 2167 2114 est
2185 2077 2207 2126 ;
2228 2067 2376 2118 male.

2014 2249 3481 2292 Ἢ

1903 2470 2249 2528 concreditus
2277 2487 2413 2543 erat,
2445 2490 2610 2552 atque
2642 2495 2701 2541 ut
2727 2487 2941 2560 primus
2972 2493 3024 2546 in
3051 2493 3243 2561 choro,
3297 2501 3505 2569 primus

1899 2571 2115 2640 setnper
2149 2578 2458 2625 sermonem
2507 2574 2718 2630 orditur
2753 2577 2906 2649 (Erat
2947 2594 3119 2639 autent
3160 2588 3308 2643 turba
3343 2595 3509 2645 homi-

1899 2670 2023 2708 num
2075 2657 2231 2712 simul
2267 2659 2375 2730 fere
2418 2674 2619 2720 centum
2671 2669 2920 2740 viginti):
2969 2673 3058 2730 l6.
3130 2677 3239 2733 Viri
3298 2686 3504 2752 fratres,

1899 2748 2161 2843 oportebat
2216 2751 2425 2822 impleri
2483 2756 2810 2830 Scripturam
2857 2765 3012 2832 hanc,
3062 2785 3214 2838 quam
3267 2748 3510 2843 pra'dixit

1899 2836 2126 2936 Spiritus
2162 2853 2388 2899 sanctus.
2434 2847 2542 2902 Cur
2570 2866 2677 2904 non
2715 2854 2866 2909 solus
2895 2872 2924 2910 a
2966 2836 3184 2917 Chr-isto
3233 2836 3409 2936 petiit,
3445 2877 3506 2930 nt

1899 2929 1998 2985 sibi
2046 2930 2202 2987 daret
2228 2934 2463 3006 aliquem
2501 2939 2554 2993 in
2607 2941 2784 2998 locum
2830 2945 3022 3003 Judzn?
3063 2966 3162 3006 cur
3214 2929 3341 3010 iicm
3389 2929 3499 3014 non

1900 3036 1996 3088 per
2037 3025 2246 3094 seipsos
2281 3026 2606 3088 electionem
2638 3033 2885 3092 faciunt?
2926 3038 3043 3094 lam
3092 3043 3285 3101 Petrus
3323 3049 3507 3118 seipse

1898 3114 2092 3168 melior
2121 3116 2292 3175 factus
2318 3129 2456 3176 erat.
2493 3122 2582 3179 Sic
2613 3140 2744 3196 ergo
2771 3128 2838 3182 ad
2872 3130 3108 3198 priorem
3143 3114 3500 3205 quaestionem

1898 3213 2370 3279 respondendum:
2422 3234 2521 3274 cur
2559 3232 2739 3279 autem
2780 3241 2888 3281 non
2919 3228 3261 3299 simpliciter,
3293 3233 3388 3289 sed
3433 3251 3501 3290 ex

1896 3303 2230 3361 revelatione
2256 3307 2512 3366 choream
2545 3313 2758 3385 impleri
2792 3321 3138 3390 postularint,
3186 3325 3322 3381 duas
3370 3342 3502 3382 cau-

1896 3407 1986 3447 sas
2010 3394 2320 3454 sileremus.
2349 3401 2527 3457 Prima
2555 3413 2657 3470 est,
2693 3408 2838 3478 quod
2869 3411 2991 3467 aliis
3021 3413 3184 3469 rebus
3219 3415 3502 3474 incumbe-

1897 3497 2039 3553 rent;
2061 3492 2317 3559 secunda,
2340 3496 2484 3565 quod
2506 3497 2610 3554 hoc
2625 3502 2918 3557 maximum
2938 3515 3082 3562 esset
3100 3519 3500 3580 argumentum,

1895 3578 2169 3671 Christum
2214 3585 2321 3640 illis
2363 3587 2575 3645 adesSe.
2636 3588 2704 3648 Ut
2754 3594 2899 3648 enim
2942 3611 3184 3666 praesens
3232 3578 3495 3671 eligebat,

1898 3669 1967 3724 ita
2019 3681 2074 3726 et
2137 3674 2356 3730 absens.
2412 3677 2525 3734 Nec
2597 3696 2782 3751 parum
2831 3683 2884 3739 id
2937 3686 3006 3741 ad
3073 3669 3500 3750 consolationem

1895 3762 2227 3818 conferebat.
2276 3765 2415 3824 Vide
2455 3780 2637 3826 autem
2668 3776 2941 3844 quomodo
2969 3777 3162 3835 Petrus
3192 3785 3371 3838 omnia
3423 3802 3490 3841 ex

1894 3855 2169 3909 communi
2228 3861 2494 3914 sententia
2523 3859 2705 3927 faciat,
2746 3865 2990 3937 nihilque
3012 3884 3136 3925 cum
3164 3876 3492 3933 auctoritate

1895 3946 1978 4000 vel
2018 3961 2140 4001 cum
2207 3948 2457 4018 imperio.
2523 3951 2710 4024 Neque
2759 3957 3076 4028 simpliciter
3123 3963 3292 4020 dixit:
3356 3965 3503 4024 Loco

1894 4036 2046 4092 Jod:e
2082 4039 2223 4094 lnmc
2270 4042 2538 4112 eligimus;
2587 4045 2683 4102 sed
2716 4049 3004 4104 consplans
3036 4052 3158 4108 illos
3205 4070 3370 4126 super
3407 4074 3498 4123 eo,

1893 4129 2035 4198 quod
2085 4130 2375 4197 acciderat,
2411 4134 2532 4190 vide
2571 4139 2841 4207 quomodo
2869 4156 3176 4200 sermonem
3210 4155 3496 4218 temperet.

1893 4220 2078 4290 Neque
2098 4224 2241 4278 enim
2261 4225 2468 4282 facinus
2491 4229 2619 4284 illud
2637 4245 2853 4300 parvam
2879 4233 2984 4287 illis
3001 4239 3495 4295 consternationem

1893 4312 2169 4379 attulerat;
2202 4323 2255 4369 et
2280 4332 2349 4372 ne
2380 4319 2611 4375 mireris.
2644 4320 2776 4376 Nam
2805 4324 2849 4378 si
2886 4324 3014 4381 illud
3049 4326 3316 4398 hodieque
3339 4331 3492 4386 multi

1894 4414 2134 4470 versant,
2178 4406 2305 4476 quid
2359 4419 2487 4486 tunc
2540 4411 2647 4466 illis
2690 4415 2957 4471 accidisse
3005 4419 3349 4487 putandum?
3385 4420 3499 4476 Viri

1893 4501 2098 4566 fratres,
2152 4498 2344 4570 inquit.
2394 4501 2451 4558 Si
2500 4504 2757 4561 Dominus
2790 4507 2913 4563 illos
2957 4508 3154 4566 fratres
3181 4513 3496 4582 appellavit,

1894 4591 2062 4646 multo
2110 4593 2278 4663 magis
2329 4593 2447 4649 hic:
2500 4595 2622 4651 ideo
2672 4601 3030 4667 praesentibus
3087 4605 3362 4672 omnibus,
3419 4608 3498 4663 sic

1893 4686 2012 4740 illos
2038 4685 2252 4740 affatur.
2297 4687 2438 4744 Ecce
2484 4688 2738 4745 Ecclesiae
2765 4691 3080 4762 dignitatem
3111 4704 3165 4750 et
3193 4698 3496 4767 angelicum

1892 4789 2112 4841 statum.
2156 4779 2346 4836 Nullus
2396 4791 2513 4836 erat
2547 4781 2619 4838 ibi
2649 4783 2717 4839 ab
2755 4785 2873 4840 aliis
2917 4785 3182 4854 divulsus,
3217 4805 3323 4844 non
3357 4806 3494 4860 mas,

1891 4887 1998 4924 non
2029 4871 2248 4928 fetuina.
2307 4873 2464 4928 Tales
2492 4891 2635 4931 nunc
2678 4877 2840 4930 etiam
2898 4877 3167 4935 Ecclesias
3194 4894 3315 4936 esse
3347 4881 3492 4937 volo.

1889 4963 2058 5020 Nemo
2103 4965 2172 5020 ibi
2221 4968 2478 5022 saeculare
2521 4967 2794 5040 quidpiam
2831 4972 3094 5039 curabat;
3145 4975 3343 5029 nullus’
3374 4988 3493 5032 erat

1889 5056 1957 5111 de
2014 5074 2073 5112 re
2117 5057 2411 5113 domestica
2459 5060 2745 5115 sollicitus.
2797 5061 3028 5118 Tantum
3087 5063 3212 5120 boni
3261 5065 3493 5122 aderunt

1892 5151 2234 5215 tentationes,
2300 5161 2506 5207 tantum
2575 5170 2849 5209 :erummre
2899 5155 3129 5211 lucrum.
3209 5157 3493 5229 Oportebat

1890 5245 2092 5312 impleri
2163 5245 2486 5314 Scripturam
2536 5247 2685 5311 hanc,
2734 5263 2887 5312 quam
2949 5249 3186 5318 prodixit
3263 5250 3492 5318 Spiritus

1889 5347 2116 5391 sanctus.
2147 5338 2374 5408 Semper
2426 5339 2736 5394 consolatur
2784 5356 2880 5395 eos
2925 5357 2952 5394 a
2986 5342 3354 5412 prmdictione.
3401 5342 3492 5399 Sic

1890 5430 2050 5484 etiam
2102 5431 2347 5485 Christus
2394 5432 2594 5502 ubique
2625 5431 2769 5486 facit.
2834 5433 3146 5501 Eodemque
3195 5434 3358 5489 modo
3403 5437 3490 5490 hic

1890 5523 2126 5577 ostendit
2164 5523 2297 5577 nihil
2337 5524 2660 5592 stupendum
2692 5523 2974 5591 accidisse,
3032 5525 3125 5580 sed
3180 5528 3321 5595 quod
3374 5527 3488 5597 jam

1891 5615 2202 5686 praedictum
2251 5614 2445 5670 fuerat.
2495 5617 2788 5686 Oportebat.
2841 5617 3031 5687 inquit,
3085 5619 3287 5689 inrpleri
3345 5621 3490 5675 Scri-

1888 5721 2094 5777 pturam
2139 5707 2294 5773 hanc,
2322 5724 2475 5778 quant
2515 5709 2751 5777 prtedixit
2793 5706 3020 5777 Spiritus
3062 5721 3270 5764 sanctus
3317 5727 3402 5780 per
3431 5729 3488 5767 os

1896 5800 2076 5854 Dauid.
2110 5783 2224 5857 Non
2265 5809 2376 5854 att:
2410 5800 2575 5855 David
2608 5799 2762 5866 dixit,
2810 5799 2927 5866 sed,
2955 5800 3186 5870 Spiritus
3213 5818 3310 5887 pqr
3339 5820 3482 5860 eum.
