4054 6400
595 377 665 433 35
1261 367 1318 422 S.
1356 363 1638 421 JOANNIS
1671 355 2155 416 CHRYSOSTOMI
2195 361 2509 418 ARCllIEP.
2551 361 3080 418 CONSTANTINOP.
3775 370 3852 425 δι’,

596 489 719 544 vide
741 484 924 543 statim
951 483 1005 538 in
1048 481 1274 540 exordio
1314 481 1463 545 libri,
1495 494 1600 548 qua
1648 485 1833 529 utatur
1881 474 2152 528 doctrina.

594 578 788 634 Cernis
818 591 948 632 vero
978 589 1064 628 me
1097 589 1204 627 non
1237 572 1354 627 sine
1384 583 1548 625 causa
1585 569 1638 621 in
1665 565 1935 635 principio
1976 565 2159 633 aperis

593 669 822 742 dixisse,
859 667 1005 721 hunc
1037 665 1233 718 librmu
1261 675 1382 716 esse
1429 659 1667 729 Spiritus
1709 656 1885 713 sancti
1938 655 2146 709 institu-

594 770 730 814 tum.
755 760 929 826 Quam
957 757 1219 828 prwdixit,
1251 754 1447 823 inquit,
1485 751 1717 820 Spiritus
1743 758 1957 803 sanctus
1984 762 2075 812 per
2104 761 2160 799 os

595 850 786 904 Dauid.
814 852 1213 912 Animadverte,
1267 845 1545 916 quomodo
1573 844 1891 912 prephetam
1927 839 2032 894 sibi
2070 854 2162 894 ac-

592 930 919 995 commodet,
970 931 1244 998 ipsumque
1292 930 1344 982 in
1389 929 1618 982 medium
1668 926 1928 989 adducat;
1985 927 2160 979 sciens

592 1019 720 1087 ipsis
733 1020 857 1072 utile
876 1020 1008 1081 fore,
1028 1019 1166 1087 quod
1189 1018 1304 1074 hmc
1319 1033 1350 1072 a
1370 1018 1580 1082 Davide,
1598 1033 1701 1071 non
1724 1017 1792 1071 ab
1808 1017 1914 1070 alio
1927 1016 2160 1085 prophe-

593 1119 641 1161 ta
659 1108 796 1162 dicta
811 1111 935 1162 sint.
969 1107 1040 1161 De
1063 1108 1095 1160 J
1103 1110 1225 1174 uda,
1249 1109 1437 1178 inquit,
1452 1109 1536 1172 qui
1553 1110 1648 1178 fuit
1668 1109 1792 1162 dux.
1813 1107 1910 1161 Hic
1928 1121 2158 1176 perpen-

591 1195 659 1251 de
699 1197 798 1251 viri
842 1196 1248 1267 philosophiam.
1276 1198 1390 1252 Non
1442 1197 1816 1252 contumeliam
1856 1195 2004 1260 dicit,
2053 1210 2156 1248 non

590 1289 830 1352 insultat,
868 1304 967 1344 nec
1004 1299 1158 1344 vocat
1195 1291 1478 1344 scelestum
1515 1299 1602 1342 aut
1627 1287 2030 1348 exsecrandum;
2065 1286 2156 1340 sed

587 1395 702 1432 rem
722 1381 1030 1448 simpliciter
1049 1390 1246 1444 narrat,
1273 1395 1369 1434 nec
1389 1391 1537 1432 vocat
1557 1395 1674 1433 cum
1697 1379 2039 1446 proditorem;
2065 1378 2154 1434 sed

585 1471 637 1524 in
666 1472 799 1524 alios
820 1473 1018 1525 crimen
1045 1471 1324 1539 detorquet
1354 1480 1604 1538 quantum
1651 1478 1843 1536 potest.
1878 1471 1954 1522 Ac
1983 1484 2154 1537 neque

583 1560 700 1614 illos
721 1561 1063 1616 vehementer
1081 1563 1329 1630 exagitat.
1354 1562 1450 1627 Qui
1482 1562 1594 1624 fuit,
1617 1561 1802 1629 inquit.
1827 1560 1934 1613 dua:
1961 1576 2152 1626 eorum,

582 1650 665 1718 qui
695 1651 1170 1732 comprehenderunt
1195 1650 1389 1703 Jesum.
1417 1653 1493 1704 Ac
1525 1653 1826 1719 priusquam
1850 1650 2011 1715 dicat,
2064 1650 2161 1703 ubi

585 1741 682 1794 hoc
707 1742 1008 1809 prmdixerit
1040 1741 1222 1805 David,
1245 1750 1553 1808 narratquae
1576 1739 1957 1801 feceritJudas,
1996 1749 2054 1792 ut
2089 1755 2155 1792 ex

583 1829 929 1896 prmscntibus
971 1828 1144 1882 futura
1189 1830 1413 1894 indicet,
1464 1829 1812 1897 ostendatque
1849 1828 2019 1896 ipsum
2044 1829 2150 1894 jam

581 1932 764 1986 poenas
803 1917 1034 1972 dedisse.
1065 1919 1150 1971 17.
1194 1918 1294 1982 Qui
1331 1929 1714 1970 connumcratus
1743 1926 1849 1969 erat
1887 1919 1938 1969 in
1979 1917 2147 1980 nobis,

579 2017 621 2060 et
646 2009 846 2061 sortitus
871 2017 940 2060 est
962 2017 1142 2060 sortem
1164 2008 1422 2060 ministerii
1453 2009 1620 2076 hujus.
1644 2007 1734 2060 18.
1768 2005 1830 2058 Et
1854 2007 1932 2058 hic
1953 2005 2150 2074 quidem

584 2100 803 2166 possedit
830 2115 1005 2170 agrum
1032 2101 1093 2152 de
1120 2101 1342 2151 mercede
1366 2100 1660 2167 iniquitatis.
1691 2098 1942 2151 Moralem
1975 2096 2151 2150 reddit

580 2203 873 2243 sermonem
899 2228 914 2253 ,
946 2199 999 2242 et
1023 2189 1247 2242 latenter
1274 2188 1569 2242 subindieat
1596 2230 1608 2251 ,
1643 2204 1752 2241 rem
1784 2203 1902 2242 esse
1929 2187 1992 2240 ad
2024 2203 2145 2241 cor-

580 2280 867 2348 rcptiouem
924 2289 1122 2346 aptam.
1172 2278 1286 2332 Non
1351 2278 1480 2332 dicit
1525 2278 1771 2339 Judteos,
1832 2277 1923 2330 sed
1977 2279 2144 2345 ipsmn

579 2366 873 2433 possedisse
918 2381 1124 2434 agrum.
1170 2366 1299 2431 Quia
1349 2367 1491 2419 enim
1545 2366 1926 2419 imbecillorum
1979 2367 2141 2419 animi

573 2469 676 2508 non
709 2456 776 2508 ita
809 2453 986 2508 futura
1011 2463 1067 2507 ut
1098 2454 1374 2522 praesentia
1407 2455 1766 2522 perspiciunt,
1797 2453 1863 2506 de
1893 2456 2141 2521 praesenti

575 2541 776 2595 ultione
820 2543 1066 2610 loquitur.
1101 2542 1163 2594 Et
1195 2558 1465 2610 suspensus
1493 2545 1681 2610 crepuit
1726 2543 1936 2596 medius.
1983 2545 2144 2598 Recte

572 2646 677 2684 non
705 2630 757 2686 in
783 2639 1001 2700 peccato
1021 2671 1035 2694 ,
1063 2630 1154 2684 sed
1181 2631 1230 2683 in
1257 2631 1453 2684 ultione
1479 2631 1690 2684 insistit.
1722 2631 1788 2683 Et
1813 2632 1971 2696 effusa
1996 2642 2138 2696 sunt,

571 2719 775 2788 inquit,
808 2721 975 2772 omnia
1017 2720 1200 2772 viscera
1249 2720 1375 2788 ejus.
1410 2719 1522 2773 Hoc
1572 2721 1675 2774 illis
1723 2723 2141 2776 consolationem

566 2807 837 2862 aﬂ'crebat.
870 2807 957 2862 19.
997 2806 1058 2860 Et
1086 2817 1256 2860 notum
1307 2811 1496 2876 factum
1542 2817 1614 2861 est
1641 2809 1868 2861 omnibus
1909 2809 2162 2863 habitam.

576 2898 706 2951 tibus
736 2897 1054 2962 Jerusalem,
1110 2899 1180 2950 ita
1224 2907 1278 2950 ut
1317 2899 1657 2967 appellaretur
1697 2916 1815 2970 ager
1858 2899 1944 2952 ille
1968 2901 2140 2970 lingua

567 3002 739 3041 eorum
765 2988 1036 3039 Aceldama
1053 3028 1065 3050 ,
1098 2987 1190 3039 hoc
1214 2999 1315 3052 est,
1343 3004 1461 3056 ager
1489 2988 1769 3059 sanguinis.

636 3079 690 3131 9..
737 3077 904 3132 Judmi
945 3093 1070 3146 ergo
1111 3080 1210 3132 hoc
1252 3093 1441 3133 nomen
1484 3093 1610 3148 agro
1647 3081 1880 3144 dedere,
1924 3097 2030 3136 non
2071 3082 2143 3136 ob

569 3183 753 3238 agrum
802 3170 1005 3237 ipsum,
1046 3169 1138 3222 sed
1169 3169 1237 3223 ob
1264 3168 1452 3223 Judam
1489 3188 1499 3221 :
1535 3185 1654 3222 nam
1696 3171 1740 3224 is
1783 3185 1911 3238 agro
1948 3187 2140 3227 nomen

570 3259 778 3314 indidit.
812 3259 874 3312 Et
904 3268 1063 3312 testes
1092 3258 1246 3311 all'ert
1274 3259 1514 3313 inimicos
1543 3277 1554 3313 :
1587 3261 1635 3313 id
1676 3263 1818 3314 enim
1847 3263 2138 3330 significat,

568 3362 692 3402 cum
718 3348 881 3413 dicit,
925 3350 1066 3417 ipsos
1088 3349 1456 3417 appellavisse,
1496 3359 1551 3403 et
1589 3364 1706 3404 cum
1735 3350 1910 3416 addit,
1942 3351 2140 3422 Lingua

565 3455 758 3492 eorum.
790 3438 988 3494 Deinde
1011 3447 1129 3508 post
1152 3448 1421 3506 eventum,
1446 3441 1686 3508 apposite
1710 3440 2020 3510 prophetam
2047 3444 2140 3495 ad-

564 3527 709 3581 ducit
735 3528 914 3581 diccns
946 3545 958 3580 :
990 3526 1078 3583 20.
1111 3526 1371 3594 Scriptum
1398 3540 1468 3581 est
1496 3531 1626 3582 enim
1653 3529 1706 3582 in
1745 3530 1870 3583 libro
1906 3530 2139 3585 Psalmo-

564 3631 716 3670 rum:
751 3614 866 3668 Fiat
892 3617 1214 3669 commoratio
1256 3633 1426 3670 eorum
1465 3617 1691 3683 deserta,
1735 3629 1779 3671 et
1819 3635 1918 3672 non
1957 3622 2018 3674 sit
2053 3623 2139 3690 qui

564 3704 801 3757 inhabitet
825 3705 877 3757 in
899 3720 956 3757 ea
983 3703 1151 3775 (Psai.
1181 3705 1266 3760 68.
1296 3704 1410 3775 26).
1437 3705 1548 3760 Hoc
1571 3706 1636 3761 de
1661 3722 1790 3778 agro
1811 3710 1954 3764 etde
1979 3710 2138 3764 domo

567 3795 780 3850 dicitur.
814 3794 882 3848 Et
927 3795 1263 3865 episcopatum
1288 3797 1397 3864 ejus
1435 3799 1648 3865 accipiat
1677 3798 1840 3864 alter;
1883 3799 1981 3854 hoc
2025 3810 2132 3870 est,

566 3884 917 3953 principatum
939 3925 952 3947 ,
978 3883 1346 3936 sacerdotium.
1374 3883 1548 3952 Itaque
1569 3885 1684 3938 bare
1710 3902 1810 3940 non
1835 3904 1954 3942 meo
1982 3888 2132 3956 fiunt,

561 3971 654 4026 sed
681 3973 816 4038 ejus,
837 3972 923 4040 qui
948 3972 1059 4024 lucc
1076 3972 1335 4040 prazdixit,
1358 3974 1598 4028 consilio.
1622 3975 1696 4029 Ne
1714 3975 1978 4032 videretur
1993 3981 2133 4035 enim

567 4075 808 4129 magnam
837 4074 946 4114 rem
976 4061 1216 4130 aggredi,
1249 4071 1302 4117 et
1327 4063 1535 4131 qualem
1562 4061 1804 4118 Christus
1834 4066 1945 4134 ipse
1982 4067 2135 4122 fecis-

568 4157 672 4214 set,
702 4149 1007 4217 prophetam
1052 4159 1240 4204 testem
1266 4150 1498 4205 adhibet.
1525 4151 1616 4206 2l.
1651 4151 1858 4221 Oportet
1883 4171 2020 4226 ergo,
2049 4158 2132 4210 in-

569 4238 710 4306 quit,
739 4253 800 4291 ea:
821 4237 897 4290 his
921 4239 1058 4304 viris,
1085 4241 1168 4308 qui
1194 4242 1445 4293 nobiscum
1470 4251 1585 4294 sunt
1611 4245 1894 4313 congregati
1919 4247 1969 4298 in
1999 4249 2134 4300 omni

569 4335 807 4394 tempore.
840 4324 944 4380 Cur
972 4341 1090 4380 cum
1123 4328 1228 4381 illis
1255 4329 1354 4383 hoc
1378 4331 1769 4385 communicat?
1811 4333 1874 4388 Ut
1908 4351 1973 4390 ne
2002 4352 2132 4390 con-

563 4417 728 4469 tentio
759 4416 852 4468 hac
879 4416 943 4469 de
969 4432 1026 4470 re
1052 4418 1300 4482 oriretur,
1327 4428 1378 4471 et
1406 4435 1472 4472 ne
1493 4431 1677 4474 mutuo
1695 4423 1974 4492 litigareut.
2001 4426 2131 4480 Nam

559 4505 604 4557 si
652 4503 700 4556 id
747 4505 872 4571 ipsis
915 4506 1141 4569 accidit,
1187 4509 1352 4561 multo
1393 4510 1560 4578 magis
1599 4510 1705 4564 illis
1730 4513 2005 4567 accidisset
2033 4515 2130 4585 (a).

562 4593 672 4646 lloc
699 4607 824 4646 vero
851 4608 1062 4661 semper
1094 4595 1316 4650 devitat.
1351 4599 1472 4651 Ideo
1504 4603 1552 4652 in
1597 4602 1853 4670 principio
1886 4603 2091 4658 dicebat
2115 4649 2130 4672 ,

574 4681 681 4733 Viri
708 4686 904 4750 fratres,
949 4693 1138 4752 oportet
1180 4688 1358 4755 eligere
1394 4705 1454 4741 ea:
1483 4690 1639 4742 nobis.
1672 4692 1982 4746 lllultitudini
2011 4710 2133 4763 per-

569 4770 728 4823 mittit
749 4769 1024 4838 judicium,
1057 4775 1210 4828 simul
1235 4791 1346 4841 eos,
1378 4779 1465 4846 qui
1493 4779 1842 4848 eligebantur,
1872 4799 2130 4837 veneran-

562 4857 660 4912 dos
685 4858 932 4924 reddens,
964 4875 1129 4929 seque
1158 4864 1390 4918 liberans
1414 4867 1479 4920 ab
1505 4868 1719 4931 invidia,
1750 4886 1867 4939 qua:
1906 4874 2130 4926 suboriri

566 4957 793 5030 poterat.
822 4948 950 5003 Nam
983 4949 1095 5005 lucc
1133 4968 1319 5023 magna
1360 4971 1500 5025 saepe
1538 4959 1712 5012 solent
1751 4976 1936 5028 parere
1973 4965 2127 5017 mala.

564 5036 715 5102 Quod
743 5037 901 5106 igitur
931 5041 1006 5094 sic
1034 5041 1146 5094 lieri
1176 5053 1437 5111 Oporteat,
1486 5048 1797 5116 prophetam
1822 5052 2031 5107 adducit
2059 5063 2134 5107 te-

564 5135 734 5180 stem:
763 5141 826 5180 ex
858 5128 1049 5197 quibus
1071 5146 1196 5186 vero
1216 5134 1524 5189 electionem
1540 5136 1654 5190 ﬁeri
1678 5149 1938 5207 oporteat,
1967 5143 2130 5196 inter-

567 5226 800 5285 pretatur
830 5220 937 5288 ipse
973 5220 1172 5286 dicens,
1207 5223 1286 5276 Ex
1312 5227 1392 5291 iis,
1433 5228 1518 5294 qui
1557 5230 1809 5282 nobiscum
1849 5236 2132 5302 congregati

570 5316 706 5370 sunt,
733 5308 782 5358 in
809 5312 944 5362 omni
971 5321 1206 5379 tempore.
1232 5316 1285 5368 Si
1317 5318 1454 5370 cuitu
1477 5319 1729 5385 dixisset,
1756 5322 1949 5392 Dignos
1977 5339 2133 5393 opor-

571 5405 646 5447 tet
666 5395 869 5458 adesse.
893 5411 1114 5454 ceteros
1134 5402 1395 5458 aﬂccisset
1419 5413 1758 5464 contumelia.
1785 5412 1933 5467 Nunc
1958 5425 2130 5468 autem

568 5487 791 5553 tempori
836 5503 944 5540 rem
988 5493 1290 5558 conmisit;
1339 5511 1433 5548 uec.
1475 5498 1604 5551 dixit
1645 5500 1973 5569 simpliciter,
2035 5503 2135 5566 Qui

628 5596 700 5668 (ᾳ)
741 5595 792 5644 ld
815 5605 903 5668 _est
927 5602 996 5656 ,si
1018 5604 1244 5668 apostolis
1269 5607 1435 5653 accidit
1455 5615 1506 5654 ut
1527 5607 1589 5655 de
1616 5611 1819 5668 primatu
1860 5613 2129 5660 contende-

569 5666 679 5731 rent
693 5670 711 5731 γε
731 5658 1061 5731 multomagis
1076 5664 1292 5713 accidere
1318 5676 1506 5731 p0'erat
1523 5703 1535 5718 .
1563 5658 1716 5731 ut'qui
1743 5658 1969 5731 eligendi
1985 5658 2126 5723 erant

565 5721 610 5765 in
635 5717 790 5766 locum
811 5721 965 5781 Judaz,
984 5717 1112 5771 inter
1129 5736 1183 5772 se
1207 5717 1576 5776 contenderent.

2266 480 2551 547 congregati
2576 488 2709 542 sunt,
2737 478 2830 533 sed
2861 478 3088 544 addidit,
3120 477 3184 532 In
3213 480 3350 532 omni
3375 488 3614 550 tempore,
3636 497 3745 550 quo
3773 483 3859 535 in-

2260 569 2406 619 travit
2435 576 2480 619 et
2507 569 2655 620 exivit
2683 569 2815 622 inter
2839 585 2928 622 nos
2955 568 3204 622 Dominus
3225 568 3396 636 Iesus,
3423 569 3513 623 22.
3545 571 3798 638 incipiens
3827 588 3860 622 a

2260 656 2552 722 baptismate
2575 657 2807 722 Joannis,
2839 675 2990 727 usque
3024 660 3074 711 in
3101 659 3232 712 diem
3258 675 3355 726 qua
3382 671 3670 728 assumptus
3697 671 3777 714 est
3826 677 3860 712 a

2261 748 2419 808 nobis,
2451 757 2619 800 testem
2649 750 3023 802 resurrectionis
3051 751 3159 817 ejus
3185 751 3442 802 nobiscum
3467 749 3578 817 ﬁeri
3604 765 3766 802 unum
3789 766 3860 804 et:

2262 836 2388 892 istis.
2420 838 2498 891 Ad
2524 838 2650 908 quid
2676 839 2801 892 illud
2824 841 2846 891 ?
2874 838 2950 892 Ne
2974 839 3170 893 chorus
3195 854 3419 893 numero
3448 848 3723 894 truncatus
3755 854 3852 894 es-

2263 936 2362 980 set.
2389 927 2523 995 Quid
2547 929 2712 998 ergo?
2732 944 2798 982 an
2823 929 3036 982 Petrum
3069 930 3240 996 ipsum
3260 929 3457 998 eligere
3483 944 3588 983 non
3610 928 3814 985 licebat
3831 930 3859 982 τ

2264 1015 2480 1070 Lieebat
2508 1018 2724 1088 utique;
2754 1018 2849 1072 sed
2879 1033 2946 1072 ne
2971 1017 3240 1071 videretur
3279 1018 3341 1070 ad
3370 1018 3592 1086 gratiam
3625 1019 3811 1072 facere
3835 1059 3853 1084 ,

2262 1107 2510 1160 abstinet.
2555 1108 2800 1176 Alioquin
2847 1123 2974 1162 vero
3017 1107 3252 1161 nondum
3301 1107 3527 1176 Spiritus
3576 1110 3856 1179 particeps

2263 1205 2397 1249 erat.
2429 1196 2518 1251 25.
2548 1195 2615 1249 Et
2641 1205 2948 1261 statuerunt,
2981 1197 3182 1266 inquit,
3215 1197 3362 1261 duos,
3393 1197 3608 1266 Joseplt,
3649 1199 3738 1266 qui
3767 1213 3854 1250 vo-

2260 1288 2464 1341 cabatur
2488 1287 2754 1352 Barsabas,
2786 1291 2868 1356 qui
2898 1289 3278 1357 cognominatus
3304 1299 3376 1341 est
3403 1288 3601 1351 Justus,
3626 1299 3672 1341 ct
3713 1289 3854 1342 Mut-

2262 1380 2436 1430 tliiam.
2465 1378 2577 1431 Non
2619 1378 2730 1446 ipse
2771 1379 2891 1431 illos
2919 1378 3102 1431 statuit
3128 1417 3142 1441 ,
3186 1378 3278 1431 sed
3310 1392 3514 1430 omnes.
3546 1377 3847 1432 Consilium

2260 1485 2386 1523 vero
2412 1470 2522 1537 ipse
2549 1470 2786 1537 protulit,
2817 1468 3104 1522 ostendens
3133 1483 3238 1521 non
3264 1483 3417 1521 suum
3443 1481 3583 1533 esse,
3609 1467 3703 1522 sed
3726 1469 3848 1536 jam

2259 1563 2385 1614 olim
2418 1563 2468 1613 in
2501 1561 2771 1628 prephetia
2802 1561 2999 1615 efferri.
3033 1560 3218 1630 Itaque
3258 1561 3521 1631 interpres
3548 1560 3646 1614 fuit
3669 1603 3684 1626 ,
3731 1578 3846 1614 non

2261 1659 2566 1718 prxceptor.
2594 1648 2782 1719 Joseplt
2809 1653 2894 1720 qui
2929 1651 3196 1704 vocabatur
3231 1649 3502 1717 Barsabas,
3531 1651 3616 1719 qui
3643 1667 3844 1722 mgna-

2258 1742 2475 1793 minatus
2530 1751 2602 1794 est
2652 1742 2849 1794 Justus.
2899 1740 3056 1795 Forte
3099 1740 3238 1809 quod
3273 1742 3451 1809 plures
3492 1743 3846 1810 cognomines

2256 1841 2450 1892 essent,
2479 1841 2758 1898 utrumque
2787 1832 2961 1899 posuit
2984 1849 2996 1882 :
3022 1845 3142 1884 nam
3169 1831 3308 1884 inter
3330 1832 3597 1901 apostolos
3625 1848 3845 1901 quoque

2255 1921 2553 1986 complures
2577 1930 2731 1974 crant
2768 1922 3134 1988 cognomines,
3164 1921 3394 1975 Jacobus
3437 1921 3678 1976 Zcbcdmi
3698 1964 3712 1987 ,
3740 1923 3842 1976 Ja-

2254 2011 2418 2064 ctxbus
2446 2009 2647 2078 Alphaﬁ
2667 2052 2680 2073 ,
2714 2009 2896 2064 Simon
2930 2011 3116 2064 Petrus
3136 2051 3149 2073 ,
3178 2010 3359 2064 Simon
3389 2011 3603 2066 Zelotes
3625 2053 3638 2075 ,
3670 2012 3844 2068 Judas

2253 2100 2454 2163 Jacobi,
2484 2111 2536 2153 et
2563 2100 2724 2154 Judas
2754 2102 3048 2154 lscariotes.
3078 2102 3323 2170 Alioquin
3353 2117 3478 2155 vero
3508 2113 3708 2170 poterat
3747 2119 3840 2172 ap.

2255 2193 2463 2257 pellatio
2492 2207 2610 2246 esse
2635 2193 2718 2246 vel
2748 2207 2814 2246 ex
2845 2194 2966 2246 vita:
2990 2193 3301 2252 mutatione.
3330 2194 3409 2246 vel
3450 2209 3513 2246 ex
3546 2194 3710 2262 ipsius
3743 2211 3842 2246 vo-

2252 2284 2470 2337 luntate.
2509 2302 2526 2334 ι
2546 2285 2873 2349 Statuerunt,
2898 2303 2918 2336 ι
2943 2284 3128 2352 inquit,
3155 2302 3172 2334 t
3199 2283 3415 2352 Joscph,
3436 2285 3524 2354 qui
3549 2286 3842 2340 vocabatur

2249 2375 2506 2427 Bais-abas
2527 2417 2541 2440 ,
2570 2378 2657 2444 qui
2686 2375 3089 2443 cognominatus
3109 2383 3190 2428 est
3215 2375 3415 2441 Justus,
3449 2383 3502 2429 et
3528 2376 3832 2430 Matlltialn.

2245 2465 2335 2517 2i.
2367 2484 2384 2516 ι
2416 2465 2482 2519 Et
2503 2475 2719 2519 orantes
2739 2465 2988 2521 dixerunt
3014 2483 3027 2518 :
3053 2465 3152 2531 Tu,
3183 2465 3712 2534 Dominc,quicorda
3737 2483 3839 2518 no-

2247 2557 2314 2610 Sti
2351 2556 2583 2610 omnium
2608 2597 2624 2623 ,
2669 2556 2892 2611 ostende
2933 2571 3091 2625 quem
3135 2554 3360 2624 elegeris
3395 2570 3461 2608 ex
3509 2554 3589 2608 his
3620 2555 3837 2611 duobus

2248 2661 2440 2710 unum,
2470 2646 2560 2702 25.
2592 2648 2834 2715 accipere
2863 2656 3064 2701 sortem
3096 2646 3372 2700 miniszerii
3414 2645 3571 2713 hujus
3607 2655 3662 2701 et
3699 2661 3838 2714 apo--

2246 2736 2471 2790 stolatus
2491 2779 2503 2797 ,
2535 2736 2603 2790 de
2632 2753 2738 2805 quo
2766 2721 3145 2804 praevaricatus
3170 2745 3251 2789 cst
3269 2734 3433 2789 Judas
3452 2777 3466 2802 ,
3494 2745 3550 2789 ut
3577 2736 3746 2790 abiret
3773 2736 3832 2790 in

2245 2825 2418 2880 locum
2457 2841 2630 2879 suum.
2659 2845 2676 2877 ι
2713 2826 2874 2879 Recte
2903 2835 3203 2878 memorant
3233 2825 3373 2879 illius
3404 2834 3701 2893 peccatum,
3731 2826 3834 2881 de-

2243 2915 2504 2970 clarantes
2533 2930 2590 2969 se
2617 2924 2800 2968 testem
2828 2929 3090 2984 quaerere,
3117 2930 3220 2969 non
3244 2927 3496 2985 augentes
3518 2931 3830 2986 numerum,

2246 3004 2339 3059 sed
2373 3021 2474 3057 non
2513 3006 2750 3058 imminui
2787 3006 3044 3058 sinentes.
3075 3006 3164 3059 ‘26.
3203 3028 3222 3058 ι
3249 3007 3312 3060 Et
3351 3005 3611 3061 dederunt
3650 3015 3834 3062 sortes

2245 3095 2324 3147 eis
2369 3094 2635 3162 (nondum
2679 3093 2818 3147 enim
2865 3095 3092 3162 Spiritus
3128 3095 3282 3150 datus
3321 3097 3501 3165 erat),
3542 3106 3596 3150 et
3631 3097 3832 3152 cecidit

2247 3199 2365 3238 sors
2394 3199 2552 3250 Super
2577 3182 2868 3247 Malthiam,
2898 3193 2952 3236 et
2981 3194 3359 3238 annumeratus
3388 3195 3470 3240 est
3499 3201 3617 3239 cum
3647 3186 3826 3241 unde-

2243 3275 2344 3326 cim
2373 3274 2646 3341 apostolis.
2675 3273 2856 3338 Tunc,
2888 3275 3053 3342 inquit
3076 3315 3089 3338 ,
3133 3277 3328 3329 reversi
3376 3286 3497 3329 sunt
3545 3277 3826 3348 JerOSoly-

2243 3379 2381 3417 inani
2411 3379 2436 3415 a
2472 3364 2680 3427 monte,
2711 3365 2798 3432 qui
2828 3377 3043 3418 voratur
3070 3366 3257 3418 Uliveti
3283 3406 3299 3430 ,
3328 3369 3414 3435 qui
3447 3376 3528 3421 est
3551 3369 3701 3436 juxta
3729 3369 3825 3426 Je-

2244 3452 2598 3522 rosolymam,
2628 3454 2830 3507 sabbati
2868 3455 3070 3508 habens
3092 3457 3210 3509 iter.
3243 3475 3261 3507 ›
3289 3456 3399 3510 Hoc
3417 3458 3489 3509 ait
3508 3459 3828 3515 utinnueret

2244 3542 2384 3610 ipsos
2413 3557 2516 3596 non
2534 3543 2744 3613 longum
2773 3544 2871 3597 iter
2891 3546 3182 3615 suscipere,
3202 3561 3269 3600 ne
3296 3546 3419 3614 quid
3445 3549 3663 3602 terroris
3688 3551 3827 3604 acci-

2241 3637 2391 3693 deret
2422 3639 2766 3694 trementibus
2792 3638 2964 3692 adhuc
2987 3639 3113 3708 ipsis
3142 3648 3198 3693 ct
3222 3639 3594 3694 metuentibus.
3628 3641 3822 3695 Etcum

2241 3729 2540 3792 introissent,
2561 3729 2886 3783 ascenderunt
2908 3731 2957 3781 in
2979 3733 3309 3781 cwnacutum.
3345 3728 3456 3782 Non
3487 3730 3626 3784 enim
3651 3733 3821 3786 aude-

2242 3819 2369 3874 bant
2418 3821 2468 3874 in
2516 3821 2729 3875 civitate
2777 3835 3106 3889 comparere.
3158 3821 3223 3874 Et
3274 3829 3417 3876 recte
3461 3822 3821 3879 ascenderunt

2241 3912 2291 3965 in
2332 3914 2684 3976 cmnaculum,
2729 3923 2784 3964 ut
2828 3927 2932 3965 non
2980 3910 3133 3966 facile
3184 3921 3327 3966 esset
3372 3913 3517 3980 ipsos
3567 3927 3818 3981 compre-

2240 4003 2489 4057 hendere.
2525 4002 2590 4055 Et
2637 4013 2798 4067 erant,
2861 4005 3061 4071 inquit,
3101 4015 3467 4072 perseverantes
3511 4006 3821 4060 unanimiter

2238 4097 2290 4148 in
2323 4097 2564 4148 oratione.
2613 4095 2797 4148 Viden‘
2841 4111 2998 4163 quam
3029 4096 3210 4164 vigiles
3248 4105 3428 4149 essent
3476 4096 3528 4150 in
3573 4097 3818 4153 oratione

2240 4195 2666 4253 perseverantes,
2717 4184 2871 4252 idque
2903 4185 3221 4250 unanimiter
3255 4186 3400 4252 quasi
3445 4201 3548 4240 uno
3589 4187 3814 4242 eodem-

2237 4290 2338 4343 que
2384 4274 2600 4328 animo?
2639 4274 2762 4327 [hcc
2803 4273 2908 4328 duo
2957 4273 3024 4327 de
3069 4274 3173 4327 illis
3226 4275 3555 4328 testificatur.
3612 4276 3813 4346 Joseph

2239 4363 2463 4416 fortasse
2523 4372 2757 4417 mortuus
2803 4371 2917 4417 erat
2966 4363 3099 4433 (a).
3155 4362 3271 4416 Non
3328 4364 3505 4426 enim,
3563 4363 3817 4422 fratribus

2237 4456 2592 4518 credentibus,
2641 4455 2750 4522 ipse
2798 4469 2900 4506 non
2947 4453 3280 4519 credidisset,
3323 4454 3410 4522 qui
3457 4462 3582 4508 ante
3625 4469 3818 4510 omnes

2238 4545 2552 4599 crediderat.
2585 4544 2740 4598 Certe
2773 4559 2874 4596 non
2907 4543 3178 4595 videbatur
3218 4557 3438 4610 usquam
3479 4542 3564 4596 ille
3597 4543 3816 4598 Christo

2239 4645 2294 4687 ut
2323 4635 2520 4688 homini
2550 4634 2821 4687 attendere
2842 4675 2856 4698 ,
2899 4643 2954 4684 ut
2993 4633 3158 4686 Mater
3185 4632 3394 4686 diccbat
3413 4674 3426 4696 ,
3460 4631 3568 4702 Ego
3597 4642 3641 4685 et
3674 4643 3817 4702 pater

2239 4735 2349 4777 tuus
2375 4725 2595 4777 dolentes
2620 4725 2958 4789 quwrebamus
2983 4732 3029 4775 te
3055 4724 3073 4790 (
3089 4721 3212 4774 Luc.
3240 4722 3295 4774 ἓ.
3327 4723 3394 4776 48
3412 4722 3451 4791 ).
3483 4723 3663 4792 Itaque
3692 4735 3817 4778 autc

2238 4830 2421 4869 Omnes
2453 4816 2540 4868 ille
2568 4815 2846 4867 Dominum
2877 4823 3116 4868 noverat.
3149 4813 3424 4867 Fratribus
3448 4827 3573 4866 vero
3600 4812 3814 4866 dicebat

2238 4906 2517 4960 Christus:
2553 4902 2672 4956 Non
2700 4913 2853 4967 potest
2901 4902 3112 4954 mundus
3157 4917 3242 4955 vos
3284 4902 3448 4955 odisse
3473 4942 3487 4966 ,
3529 4917 3606 4952 me
3646 4910 3817 4954 autent

2237 4995 2341 5048 odit
2373 4992 2556 5063 (Joan.
2590 4994 2641 5044 ’7.
2674 4994 2762 5060 7).
2797 4991 2925 5045 Vide
2951 5001 3124 5044 autem
3151 4990 3331 5045 Jacobi
3364 4989 3696 5042 modestiam.
3724 4989 3818 5045 Ille

2237 5099 2467 5153 namque
2495 5082 2948 5151 Jerosolymorum
2988 5081 3351 5149 episcOpatum
3381 5079 3587 5147 accepit
3609 5119 3622 5139 ,
3653 5087 3708 5132 ct
3739 5089 3818 5131 ta-

2239 5187 2360 5228 men
2390 5171 2475 5225 hic
2502 5171 2633 5225 nihil
2655 5172 2908 5239 loquitur.
2937 5171 3174 5224 Aliorum
3199 5184 3408 5238 quoque
3434 5168 3814 5236 discipulorum

2239 5279 2496 5319 summam
2529 5263 2878 5317 humilitatem
2910 5262 3208 5325 considera,
3238 5276 3343 5330 quo
3373 5269 3524 5328 pacto
3553 5259 3624 5310 illi
3666 5259 3809 5311 thro-

2241 5371 2364 5409 num
2403 5353 2742 5419 concedunt,
2784 5343 2954 5422 neque
2988 5353 3096 5422 jam
3137 5360 3318 5404 mutuo
3357 5351 3670 5416 disceptant.
3723 5347 3814 5401 Illa

2239 5447 2380 5500 enim
2410 5446 2646 5500 Ecclesia
2687 5448 2836 5514 quasi
2880 5447 2929 5497 in
2974 5444 3118 5498 ca-Iis
3160 5442 3324 5511 posita
3367 5449 3516 5501 erat,
3559 5439 3816 5492 smcularc

2243 5539 2372 5593 nihil
2403 5540 2622 5604 habens,
2656 5554 2758 5592 non
2791 5537 3078 5606 parietibus
3102 5577 3114 5600 ,
3158 5551 3261 5589 non
3291 5535 3671 5591 marmoribus,
3719 5529 3814 5582 sed

2305 5686 2376 5733 tu;
2395 5673 2575 5733 Joseph
2595 5686 2796 5737 sponsus
2815 5675 2968 5722 Maria:
2991 5671 3175 5722 videtur
3196 5678 3412 5720 mortuus
3433 5667 3578 5718 fuisse
3603 5672 3712 5713 ante
3743 5680 3818 5712 ωδ-

2251 5748 2441 5784 ερυδιοιι
2449 5749 2538 5787 υιιι,
