4054 6396
603 405 670 456 57
897 429 910 443 ο
1281 401 1336 454 S.
1375 398 1657 455 JOANNIS
1693 393 2179 453 CIIRYSOSTOMI
2219 392 2536 449 ARCHIEP.
2581 391 3126 449 CONSTANTIAOP.
3780 387 3859 442 '58

668 515 735 582 γ’.
755 514 896 582 Αὕτη
923 513 1145 584 πρόνοια
1159 513 1495 566 διδασκάλου.
1515 514 1736 583 Πρῶτος
1751 505 1905 573 οὗτος
1921 511 2171 562 διδάσκα-

599 599 686 649 λον
725 595 1073 664 κατέστησεν.
1123 593 1236 648 Οὐκ
1275 591 1443 657 εἶπεν,
1493 595 1574 646 ὃτι
1617 589 2166 659 Ἀρκοῦμενήμεῖς·

600 677 742 730 οῦτω
773 679 950 745 πάσης
978 676 1281 740 κενοδοξίας
1316 677 1470 738 ἐκτὸς
1505 671 1573 745 ἦν
1595 717 1608 736 ,
1647 677 1740 727 καὶ
1769 673 1903 744 πρὸς
1932 675 1989 724 ἐν
2024 670 2169 739 ἐώρα

599 758 780 828 μόνον,
807 759 985 813 καίτοι
1035 759 1158 811 οὐδὲ
1205 758 1455 810 ίσότυπον
1489 758 1692 810 ἅπασιν
1728 752 1838 824 εἷχε
1873 754 1970 824 τὴν
2001 752 2170 805 κατά-

598 857 786 894 στασιν
841 840 954 894 ἀλλ’
974 841 1195 903 είκότως
1214 841 1383 893 ταῦτα
1403 839 1618 907 ἐγένετο
1631 839 1720 891 6:0
1743 841 1836 908 τὴν
1853 836 2052 907 ἀρετὴν
2077 833 2168 885 τοῦ

596 922 818 992 ἀνδρός·
844 923 939 975 καὶ
966 922 1046 974 6::
1077 922 1196 973 τότε
1236 922 1268 990 ἡ
1303 921 1593 973 ἐπιστασία
1623 916 1711 990 ἦν,
1744 921 1804 972 οὐ
1835 919 2002 988 τιμὴ,
2033 915 2168 968 ἀλλὰ

597 1008 822 1077 πρόνοια
862 997 985 1061 τῶν
1014 1006 1349 1076 ἀρχομένων.
1379 1004 1550 1059 Τοῦτο
1595 1003 1718 1058 οὔτε
1753 1005 1878 1066 τοὺς
1914 1001 2168 1072 αἱρουμέ-

596 1108 720 1154 νους
740 1091 909 1144 ἐποίει
935 1088 1252 1160 ἐπαίρεσθαι
1275 1103 1289 1118 ο
1315 1089 1408 1142 ἐπὶ
1427 1087 1533 1158 γὰρ
1552 1088 1826 1150 κινδύνους
1849 1086 2164 1139 ἐκαλοῦντο·

596 1171 715 1224 οὔτε
744 1172 868 1234 τοὺς
900 1170 974 1242 μὴ
1028 1170 1348 1241 αἱρεθέντας
1399 1169 1475 1242 ὡς
1518 1169 1923 1238 ἀτιμασθέντας
1959 1167 2163 1233 ἀλγεῖν.

608 1252 746 1304 Ἀλλ’
785 1239 912 1322 ούχὶή
944 1239 1039 1304 νῦν
1067 1239 1209 1304 οὕτω
1246 1239 1476 1318 γίνεταιξ
1505 1250 1622 1302 ἀλλ’
1650 1250 1796 1303 ἅπαν
1838 1248 2165 1301 τούναντίον.

595 1332 735 1404 Ὅρα
757 1333 887 1403 γὰρ,
925 1334 1118 1386 ἑκατὸν
1163 1335 1365 1387 είκοσιν
1404 1329 1566 1404 ἦσαν,
1613 1332 1707 1386 καὶ
1745 1332 1841 1384 ἕνα
1869 1333 2011 1384 αἰτεῖ
2061 1328 2166 1382 01:6

591 1417 789 1478 παντὸς
819 1415 912 1469 τοῦ
937 1415 1174 1486 πλήθους
1193 1432 1208 1444 ·
1254 1417 1496 1478 εἰκότως.
1526 1414 1748 1485 Πρῶτος
1786 1413 1878 1466 τοῦ
1917 1413 2167 1483 πράγμα-

590 1516 680 1561 τος
714 1499 980 1560 αὺθεντεῖ,
1023 1499 1119 1552 ἀτε
1149 1498 1307 1561 αὐτὸς
1351 1498 1558 1559 πάντας
1607 1495 1988 1568 ἐγχειρισθείς.
2024 1495 2166 1564 Πρὸς

589 1581 698 1651 γάρ
725 1581 907 1632 τοῦτον
935 1575 1086 1632 εἶπεν
1124 1581 1151 1632 6
1180 1578 1440 1648 Χριστός·
1470 1577 1582 1631 Καὶ
1606 1580 1686 1632 σύ
1712 1593 1856 1631 ποτε
1896 1575 2167 1644 ἐπιστρέ-

586 1665 730 1728 ψας,
768 1662 1059 1730 στήριξον
1094 1660 1236 1727 τοὺς
1273 1659 1576 1728 ἀδελφούς
1597 1674 1737 1715 σου.
1771 1661 1894 1713 ὐτι
1921 1663 2166 1724 Κατηρι-

586 1743 885 1812 θμημένος
912 1741 1010 1813 ἦν,
1048 1744 1201 1813 φησὶ,
1232 1741 1353 1796 σὺν
1382 1741 1547 1810 ἡμῖν.
1580 1741 1677 1794 Διά
1710 1742 1866 1795 τοῦτο
1897 1743 2163 1812 προσήκει

588 1824 772 1895 ἕτερον
795 1824 1216 1895 προϐάλλεσθαι,
1246 1823 1384 1876 ὥστε
1417 1824 1670 1895 μάρτυρα
1691 1823 1940 1892 γενέσθαι
1969 1824 2047 1884 εἰς
2074 1821 2164 1874 τὸν

587 1907 795 1958 ἐκείνου
816 1908 998 1959 τόπον.
1031 1908 1137 1957 Καὶ
1159 1907 1280 1976 ὅρα,
1303 1905 1420 1968 πῶς
1440 1905 1531 1958 τὸν
1558 1905 1874 1959 διδάσκαλον
1897 1908 2162 1984 μιμεῖται,

586 1985 858 2056 πανταχοῦ
893 1987 999 2039 ἀπὸ
1038 1986 1148 2039 τῶν
1181 1987 1220 2038 Γ
1226 1986 1415 2055 ραφῶν
1441 1985 1825 2056 διαλεγόμενος
1845 2024 1861 2048 ,
1890 1987 1984 2038 καὶ
2012 1985 2162 2036 οὐδὲν

587 2069 718 2137 περὶ
762 2068 856 2120 τοῦ
896 2067 1134 2138 Χριστοῦ
1183 2068 1358 2136 λέγων
1390 2067 1622 2130 οὐδέπω,
1663 2067 1743 2120 ὅτι
1774 2069 2002 2135 προεῖπε
2034 2065 2164 2117 πολ-

589 2152 746 2213 λάκις
775 2150 955 2213 αὑτός.
986 2151 1097 2203 K01
1127 2151 1186 2202 οὐ
1211 2150 1380 2218 λέγει,
1411 2149 1538 2202 ῑνθα
1555 2150 1654 2218 τῆς
1678 2149 1968 2220 προδοσίας
1995 2147 2160 2202 αὐτοῦ

591 2236 896 2304 μέμνηταισ
965 2227 1098 2295 οἷον.
1139 2235 1337 2300 Στόμα
1397 2231 1770 2300 ἀμαρτωλοῦ,
1818 2232 1920 2283 καί
1971 2231 2164 2299 στόμα

589 2316 796 2369 δολίου
839 2315 931 2368 ἐπ’
970 2314 1075 2383 ἐμὲ
1108 2314 1393 2383 ἠνοίχθη*
1442 2313 1558 2367 ἀλλ’
1601 2313 1730 2366 ἔνθα
1770 2314 1870 2382 τῆς
1893 2312 2163 2382 τιμωρίας

589 2398 755 2452 αὑτοῦ
795 2399 954 2467 μόνον
979 2397 1075 2467 τὴν
1119 2397 1337 2467 μνήμην
1369 2398 1663 2467 ἐποιήσατο
1683 2413 1696 2426 ·
1740 2395 1899 2448 τοῦτο
1928 2395 2032 2466 γάρ
2063 2396 2160 2446 αύ-

589 2485 716 2545 τοὺς
767 2481 904 2543 τέως
957 2480 1176 2548 ὠφέλει.
1225 2477 1394 2531 Τοῦτο
1448 2478 1682 2547 μάλιστα
1713 2478 1952 2530 δείκνυσι
2000 2477 2162 2529 πάλιν

594 2564 681 2618 τοῦ
718 2563 988 2616 Δεσπότου
1024 2561 1121 2631 τὴν
1161 2560 1591 2632 φιλανθρωπίαν.
1629 2560 1752 2612 Ὅτι
1792 2561 2163 2627 Κατηριθμη-

591 2644 767 2712 μένος
788 2640 886 2712 ἦν,
917 2644 1071 2711 φησὶ,
1099 2642 1220 2694 σὺν
1241 2640 1407 2709 ἡμῖν,
1440 2641 1536 2692 καί
1582 2639 1764 2707 ἔλαχε
1788 2640 1892 2691 τὸν
1935 2638 2164 2706 κλῆρον

592 2726 700 2794 τῆς
721 2724 1025 2790 διακονίας
1048 2724 1290 2790 ταύτης.
1325 2721 1538 2791 κλῆρον
1570 2721 1729 2775 αὑτὸν
1763 2720 2036 2790 πανταχοῦ
2074 2737 2166 2774 κα-

591 2812 689 2871 λεῖ,
716 2807 926 2868 δεικνὺς
957 2805 1056 2874 τῆς
1082 2803 1175 2856 τοῦ
1207 2803 1340 2855 Θεοῦ
1368 2804 1592 2872 χάριτος
1617 2803 1678 2854 :6
1704 2805 1811 2855 πᾶν
1837 2802 1916 2865 ὃν,
1948 2805 2041 2855 καὶ
2067 2804 2165 2870 τῆς

590 2889 836 2959 ἐκλογῆς,
876 2885 972 2939 καὶ
1024 2886 1455 2962 ἀναμιμνήσκων
1503 2885 1702 2946 αὐτοὺς
1743 2885 1853 2937 τῶν
1897 2886 2162 2950 παλαιῶν,

590 2969 702 3043 [27]
755 2972 835 3024 ὅτι
869 2971 898 3022 6
951 2968 1082 3031 Θεὸς
1136 2968 1297 3020 αὑτὸν
1331 2965 1699 3036 ἐκληρώσατο,
1746 2965 1998 3034 καθάπερ
2039 2969 2164 3029 τοὺς

592 3057 842 3119 Δευῒτας,
871 3054 966 3106 καὶ
995 3053 1315 3122 ἐνδιατρίϐει
1344 3062 1363 3082 ·
1379 3055 1489 3114 τοῖς
1510 3052 1638 3122 περὶ
1658 3052 1840 3115 αὑτοῦ,
1863 3055 1890 3104 6
1915 3053 2010 3121 τῆς
2035 3070 2165 3121 προ-

593 3139 772 3197 δοσίας
806 3134 994 3205 μισθὸς
1026 3133 1186 3196 αὐτὸς
1217 3135 1307 3184 καὶ
1333 3133 1433 3201 τῆς
1457 3133 1728 3203 τιμωρίας
1757 3135 1945 3200 γέγονε
1969 3135 2165 3202 κῆρυξ.

603 3218 929 3284 Ἐκτήσατο
968 3215 1096 3285 γάρ,
1145 3217 1295 3284 φησὶ,
1324 3217 1542 3282 χωρίον
1567 3215 1635 3267 ἐκ
1656 3216 1879 3284 μισθοῦ
1907 3215 2017 3283 τῆς
2045 3216 2167 3268 ἁδι-

592 3301 744 3364 κίας.
775 3299 917 3368 Ὅρα
958 3297 1068 3359 πῶς
1097 3296 1231 3348 Θεοῦ
1275 3297 1557 3366 οίκονομία
1596 3297 1654 3350 τὸ
1681 3298 1900 3364 γεγονὸς
1929 3295 2014 3365 ἦν.
2055 3297 2167 3365 Τῆς

592 3382 842 3447 ἀδικίας,
879 3379 1029 3448 φησί.
1056 3378 1253 3430 [101101
1274 3381 1327 3431 αἱ
1358 3378 1584 3444 ἀδικίαι,
1618 3379 1754 3432 ἀλλά
1791 3379 1990 3449 ταύτης
2018 3381 2165 3432 οὐδὲν

594 3463 917 3532 ἀδικώτερον
945 3461 1132 3528 γέγονέ
1157 3477 1304 3523 ποτε,
1335 3460 1474 3512 ὥστε
1503 3460 1714 3524 ἀδικίας
1740 3457 1807 3531 ἦν
1832 3462 1892 3513 τὸ
1914 3465 2163 3532 πρᾶγμα.

595 3547 728 3614 Οὐχὶ
761 3544 816 3596 δὲ
847 3545 1005 3613 μόνον
1037 3544 1149 3604 τοῖς
1186 3541 1420 3610 παροῦσι
1448 3540 1639 3609 γέγονε
1665 3542 1821 3611 δῆλον
1853 3545 1912 3594 :6
1941 3545 2165 3613 γενόμε-

597 3643 701 3691 νον,
731 3625 864 3677 ἀλλὰ
917 3623 1010 3675 καὶ
1059 3624 1193 3675 πᾶσι
1223 3625 1332 3684 τοῖς
1367 3622 1506 3692 μετά
1549 3623 1740 3689 ταῦτα,
1777 3623 1917 3677 ὥστε
1945 3626 2167 3687 ἄκοντες

594 3709 880 3778 ὠνόμασαν
902 3708 999 3758 οὒκ
1023 3705 1242 3768 εἰδότες,
1262 3705 1512 3775 καθάπερ
1539 3707 1634 3759 x01
1660 3709 1913 3776 Καϊάφας
1935 3710 2169 3779 προεφή-

595 3806 782 3843 τευσεν
829 3789 927 3840 οὐκ
969 3785 1142 3850 εἰδώς.
1187 3785 1247 3840 '0
1288 3787 1417 3849 Θεὸς
1447 3788 1644 3851 αὐτοὺς
1686 3786 1995 3858 ἠνάγκασεν
2026 3789 2168 3843 οὕτω

596 3871 822 3924 καλέσαι
880 3868 1156 3939 Ἐϐραϊστὶ
1196 3868 1522 3936 Ἀκελδαμά.
1563 3871 1695 3922 ’Λπὸ
1740 3871 1930 3923 τούτου
1977 3873 2068 3924 καὶ
2100 3871 2169 3924 τὰ

609 3954 881 4015 Ἰουδαίοις
907 3952 1116 4004 ἐπιέναι
1149 3951 1410 4021 μέλλοντα
1453 3952 1600 4004 κακά
1629 3952 1759 4022 δῆλα
1785 3949 1852 4024 ἦν
1873 3970 1886 3982 ⁸
1939 3955 2032 4006 καὶ
2056 3955 2164 4006 δεί-

597 4052 757 4088 κνυσι
807 4035 942 4096 τέως
986 4034 1083 4104 τὴν
1130 4035 1437 4105 πρόρρησιν
1476 4033 1796 4096 ἐξελθοῦσαν
1829 4038 1893 4087 ἐκ
1946 4037 2164 4108 μέρους,

597 4118 697 4186 τὴν
727 4118 756 4157 ιν
781 4118 1042 4184 λέγουσαν
1061 4135 1073 4146 ·
1103 4119 1304 4170 Καλὸν
1324 4113 1402 4187 ἦν
1428 4115 1604 4181 αὐτῷ,
1635 4119 1689 4170 εί
1721 4120 1831 4171 οὐκ
1876 4119 2164 4188 ἐγεννήθη

601 4198 965 4266 όᾶνθρωπος
1013 4198 1262 4264 ἐκεῖνος.
1316 4199 1427 4252 K01
1477 4202 1604 4268 περὶ
1643 4200 1750 4251 τῶν
1801 4199 2066 4254 Ἰουδαίων
2102 4203 2168 4253 τά

606 4281 745 4334 αύτά
793 4280 1021 4354 ἁρμόζει
1067 4282 1264 4349 λέγειν.
1314 4283 1374 4334 Εἰ
1404 4283 1508 4352 γὰρ
1558 4285 1587 4335 6
1620 4284 1908 4353 γενόμενος
1957 4285 2165 4354 ὁδηγὸς,

605 4362 782 4432 πολλῷ
820 4362 1015 4432 μᾶλλον
1069 4366 1160 4416 καὶ
1202 4358 1367 4417 οὗτοι.
1431 4363 1565 4416 Ἀλλ’
1593 4365 1741 4418 ούδέν
1773 4365 1972 4419 τούτων
2024 4368 2169 4436 λέγει

602 4446 760 4508 τέως.
788 4442 918 4498 Εἶτα
936 4446 1171 4508 δεικνὺς,
1190 4447 1272 4498 ὅτι
1295 4447 1420 4518 περὶ
1448 4446 1610 4498 αὑτοῦ
1633 4448 1854 4511 εἰκότως
1879 4449 1943 4502 ἂν
1962 4449 2168 4517 λέγοιτο

616 4529 936 4599 Ἀκελδαμά,
971 4530 1152 4595 ἐνάγει
1185 4541 1206 4567 ε
1239 4529 1329 4580 τὸν
1369 4531 1651 4599 προφήτην
1685 4531 1913 4598 λέγοντα
1936 4574 1947 4594 ,
1979 4537 2164 4601 Γενη-

606 4612 763 4679 θήτω
791 4615 829 4681 η
882 4614 1136 4676 ἔπαυλις
1181 4613 1364 4664 αὑτοῦ
1394 4612 1633 4680 ἕρημος.
1671 4615 1734 4665 Τί
1767 4616 1873 4686 γὰρ
1913 4619 2169 4686 ἐρημότε‹

606 4715 696 4768 ρον
732 4696 824 4749 τοῦ
866 4699 1036 4764 τάφον
1082 4694 1369 4762 γενέσθαι;
1403 4694 1563 4747 Ὥστε
1598 4699 1691 4749 καὶ
1718 4700 1940 4760 εἰκότως
1970 4699 2034 4751 ἂν
2069 4702 2166 4752 αύ-

604 4779 698 4832 τοῦ
730 4779 950 4847 κληθείη
971 4777 1033 4830 :6
1053 4778 1272 4847 χωρίον.
1308 4777 1364 4829 Ὀ
1387 4778 1492 4847 γάρ
1515 4778 1574 4830 τὸ
1595 4779 1810 4849 τίμημα
1831 4781 2167 4846 καταϐαλὼν,

608 4863 656 4914 εἰ
697 4863 790 4912 καὶ
828 4860 1003 4929 ἕτεροι
1049 4863 1096 4910 οί
1130 4858 1463 4929 ἠγορακότες
1502 4856 1641 4924 εἷεν,
1681 4862 1841 4924 αὐτὸς
1872 4862 1936 4915 ἆν
1965 4864 2049 4932 εἴη
2092 4864 2171 4916 δί-

608 4960 759 5004 καιος
795 4940 1102 5008 λογίζεσθαι
1141 4942 1327 5009 κύριος
1363 4943 1691 5011 ἐρημώσεως
1724 4946 1984 5014 μεγάλης.
2021 4948 2168 5018 Αῦτη

608 5028 640 5096 ἡ
666 5028 942 5096 ἐρήμωσις
964 5023 1244 5092 προοίμιον
1270 5023 1369 5091 τῆς
1399 5025 1714 5092 Ἰουὸαῖκῆς,
1743 5029 1796 5080 εἴ
1815 5030 1876 5095 γέ
1907 5049 1987 5092 τις
2021 5033 2173 5101 ἀκρι-

607 5109 717 5170 ϐῶς
738 5107 1030 5170 ἐξετάσειε.
1057 5107 1163 5160 K01
1195 5106 1304 5176 γὰρ
1327 5109 1519 5160 ἐκεῖνοι
1544 5109 1768 5173 ἑαυτοὺς
1795 5113 2001 5165 ἀνεῖλον
2030 5113 2171 5185 λιμῷ

606 5190 702 5242 καὶ
726 5189 948 5252 πολλοὺς
975 5189 1300 5242 ἀπέκτειναν
1319 5230 1330 5251 ,
1361 5190 1452 5242 καὶ
1486 5191 1652 5257 τάφος
1683 5192 1899 5260 γέγονεν
1927 5198 1956 5266 ἠ
1985 5197 2135 5259 πόλις
2154 5237 2169 5260 ,

607 5272 715 5325 τῶν
761 5270 946 5334 ξένων,
997 5272 1104 5324 τῶν
1136 5271 1514 5341 στρατιωτῶν·
1556 5275 1796 5339 ἐκείνους
1831 5277 1938 5350 γάρ
1967 5280 2071 5332 οὐδ’
2109 5280 2172 5334 ἂν

610 5354 796 5431 εῖασαν
831 5356 1084 5423 ταφῆναι,
1115 5355 1233 5406 οὐδὲ
1266 5354 1371 5426 γὰρ
1408 5356 1583 5426 ταφῆς
1620 5359 2047 5431 κατηξιώθησαν.
2082 5364 2179 5416 Δεῖ

611 5430 724 5490 οὖν
748 5433 864 5488 τῶν
885 5436 1302 5489 συνελθόντων
1320 5435 1486 5504 ἡμῖν,
1511 5440 1695 5508 φησὶν,
1719 5430 1972 5507 ἀνδρῶν.
2006 5444 2171 5515 Ὅρα,

611 5518 726 5580 πῶς
783 5518 1026 5586 βούλεται
1091 5517 1365 5581 αὐτόπτας
1429 5519 1624 5582 αὐτοὺς
1690 5518 1854 5576 εἶναι.
1916 5527 2173 5596 Καίτοιγε

610 5601 801 5669 ἔμελλε
825 5600 1151 5670 παρέσεσθαι
1174 5602 1234 5653 :6
1259 5600 1502 5670 Πνεῦμα*
1532 5603 1643 5655 ἀλλ’
1667 5607 1814 5674 ὅμως
1837 5607 2000 5678 πολλὴ
2022 5628 2175 5663 σπου·

608 5684 671 5754 δὴ
694 5693 759 5737 πε
770 5686 818 5753 91
848 5684 1034 5736 τούτου
1060 5680 1147 5753 ἦν.
1176 5685 1300 5738 Τῶν
1319 5688 1739 5740 συνελθόντων
1758 5690 1900 5758 ημῖν
1918 5693 2169 5762 ἀνδρῶν,

675 5867 700 5894 ³
729 5866 899 5937 κιο-τοί..
919 5868 1095 5937 καί-ὅτι
1115 5870 1423 5937 ἐνδιατρίϐειζ
1531 5871 1702 5937 Mprel.
1733 5875 1786 5922 ἐκ
1808 5876 1972 5937 μέρους
1995 5875 2170 5936 ἐκείνην

617 5928 718 5976 τήν.
791 5929 811 5956 ε
854 5926 930 5976 Sic
977 5928 1143 5977 Μαι-οἰ.
1176 5937 1223 5977 cl
1255 5926 1368 5981 mss.
1394 5931 1545 5985 Savil.
1570 5935 1746 5995 ἐποὶίει.

2267 511 2451 576 φησὶν,
2479 509 2550 561 ἐν
2573 511 2752 562 παντί
2785 511 2996 578 χρόνῳ,
3022 510 3090 561 ἐν
3112 502 3160 574 ᾧ
3179 507 3424 575 εἰσῆλθε
3449 505 3548 560 καὶ
3580 504 3859 572 ἐξῆλθεν

2277 589 2354 656 ‘9'
2387 589 2545 657 ἠμῆς
2583 595 2615 644 ό
2636 593 2848 660 Κύριος
2889 593 3136 658 Ἰησοῦς.
3178 591 3457 644 Δείκνυσιν
3485 588 3683 650 αὐτοὺς
3713 604 3858 640 συν-

2271 672 2554 740 ῳκηκότας
2592 673 2739 742 αὐτῷ
2780 675 2879 742 οὐχ
2924 673 3109 735 ἁπλῶς
3147 673 3222 735 ὡς
3254 671 3497 741 μαθητὰς
3543 669 3854 739 παρόντας-

2274 753 2414 820 Ἀρα
2440 753 2532 804 καὶ
2557 750 2616 816 ἐξ
2637 754 2810 823 ἀρχῆς
2832 756 2950 806 τότε
2986 754 3170 806 πολλοὶ
3199 751 3637 824 παρηκολούθουν
3666 749 3855 818 αὐτῷ.

2271 831 2409 901 Ὅρα
2449 833 2599 901 γοῦν,
2626 836 2743 895 πῶς
2764 842 2920 888 τοῦτο
2959 836 3106 903 δηλοῖ
3135 836 3184 898 ά,
3216 836 3342 887 ὅταν
3387 834 3552 904 λέγῃ·
3590 829 3711 886 'Hr
3758 828 3861 895 εἷς

2267 912 2335 965 ἐκ
2370 913 2488 965 τῶν
2514 915 2622 968 δύο
2652 916 2770 968 τῶν
2796 917 3188 970 ἀκουσάντων
3212 918 3371 982 παρὰ
3405 915 3706 975 Ἰωάννου,
3744 913 3858 965 καὶ

2268 995 2813 1065 ἀκολουθησάντων
2851 998 2932 1064 τῷ
2982 998 3204 1064 Ἰησοῦ.
3252 994 3348 1048 Ἐν
3385 997 3563 1048 παντί
3599 998 3813 1066 χρόνῳ
3841 1036 3856 1056 ,

2269 1078 2452 1146 φησὶν,
2474 1077 2544 1130 ἐν
2563 1071 2612 1143 ᾦ
2631 1078 2880 1147 εἰσῆλθε
2898 1080 2995 1132 καὶ
3018 1078 3275 1146 ἐξῆλθεν
3296 1078 3387 1146 ἐφ’
3401 1076 3558 1146 ἡμᾶς
3575 1082 3608 1129 ό
3623 1078 3859 1144 Κύριος

2280 1159 2536 1226 Ἰησοῦς,
2560 1163 2889 1230 ἀρξάμενος
2914 1163 3029 1216 ἀπὸ
3061 1162 3610 1229 τοῦοβαπτίσματος
3651 1160 3857 1214 Ἰωάν-

2264 1258 2398 1295 νου.
2419 1243 2635 1306 Καλῶς.
2670 1246 2749 1296 Τά
2782 1245 2893 1315 γάρ
2923 1245 3028 1315 πρὸ
3053 1245 3241 1298 τούτου
3274 1244 3447 1305 οὐδεὶς
3483 1243 3598 1312 ᾔδει
3624 1242 3850 1311 μαθὼν,

2265 1323 2401 1375 ἀλλά
2428 1325 2701 1394 Πνεύματι
2725 1327 3044 1395 ἐμάνθανον.
3074 1325 3227 1392 Ἕως
3245 1323 3356 1392 τῆς
3377 1327 3618 1393 ἡμέρας,
3649 1325 3851 1394 φησὶν.

2261 1400 2338 1475 ἧς
2392 1407 2702 1477 ἀνελήφθη
2752 1409 2850 1476 ἀφ’
2886 1405 3072 1476 ήμῶν,
3127 1407 3397 1476 μάρτυρα
3431 1406 3539 1474 τῆς
3581 1407 3855 1460 ἀναστά-

2263 1503 2418 1554 σεως
2452 1489 2637 1542 αὑτοῦ
2673 1489 2795 1542 σὺν
2830 1488 2975 1557 ἡμῖν
3002 1488 3278 1558 γενέσθαι
3297 1489 3404 1540 ἕνα
3437 1489 3678 1542 τούτων.
3723 1489 3852 1540 υὺκ

2264 1567 2384 1624 εἷπε
2403 1611 2418 1636 ,
2467 1571 2590 1624 Τῶν
2626 1571 2830 1624 ἄλλων
2855 1571 3127 1640 μάρτυρα
3147 1613 3161 1632 ,
3210 1570 3342 1623 0110
3363 1612 3378 1634 ,
3420 1570 3533 1636 Τῆς
3575 1569 3853 1622 ἀναστά-

2263 1669 2418 1720 σεως
2447 1653 2614 1724 μόνης
2646 1654 2918 1724 μάρτυρα.
2959 1654 3070 1707 K01
3102 1654 3210 1724 γὰρ
3252 1653 3690 1721 ἀξιοπιστότερος
3714 1645 3788 1720 ἦν
3818 1652 3852 1701 6

2262 1736 2558 1806 δυνάμενος
2602 1737 2798 1797 εἰπεῖν,
2842 1736 2925 1788 ὃτι
2971 1736 3205 1797 Ἐκεῖνος
3233 1736 3261 1786 6
3297 1733 3508 1804 φαγὼν,
3549 1735 3642 1786 καὶ
3673 1732 3846 1792 πιὼν,

2263 1821 2357 1873 καὶ
2394 1818 2723 1890 σταυρωθεὶς
2745 1858 2760 1882 ,
2797 1819 2958 1882 αὐτὸς
2996 1819 3215 1887 ἀνέστη.
3247 1818 3407 1870 Ὥστε
3446 1816 3567 1869 οὔτε
3598 1817 3704 1869 τῶν
3731 1816 3850 1885 πρὸ

2260 1901 2450 1954 τούτου
2481 1901 2722 1970 χρόνων,
2751 1899 2872 1952 οὔτε
2921 1901 3030 1952 τῶν
3073 1901 3210 1970 μετά
3239 1899 3410 1953 ταῦτα
3443 1901 3547 1953 ἔδει
3583 1900 3850 1969 μάρτυρα

2261 1979 2401 2036 εἶναι
2429 1987 2522 2036 καὶ
2563 1995 2586 2021 ε
2624 1983 2732 2034 τῶν
2775 1983 3035 2052 σημείων.
3087 1983 3159 2034 Τὸ
3189 1983 3296 2050 γάρ
3326 1983 3652 2052 ζητούμενον
3677 1981 3848 2033 τοῦτο

2259 2062 2348 2136 ἦν,
2379 2067 2414 2134 ἡ
2449 2065 2740 2129 ἀνάστ,ασις
2765 2081 2778 2094 ο
2820 2066 2940 2118 ἐπεὶ
2975 2067 3159 2117 ἐκεῖνα
3201 2066 3338 2135 δῆλα
3383 2062 3451 2136 ἦν
3481 2068 3574 2117 καὶ
3627 2065 3848 2133 ώμολο-

2262 2148 2496 2218 γημένα,
2549 2146 2687 2216 αὕτη
2728 2147 2786 2199 δὲ
2828 2147 3004 2217 λάθρα
3035 2149 3257 2215 γέγονε,
3285 2149 3381 2200 x01
3410 2148 3620 2211 τούτοις
3654 2151 3850 2216 μόνοις

2261 2226 2330 2301 ἦν
2360 2230 2518 2300 δήλη.
2545 2231 2655 2283 K01
2679 2230 2738 2281 οὐ
2770 2229 3036 2296 λέγουσιν,
3075 2230 3158 2284 ὅτι
3192 2231 3444 2298 ’Ἄγγελοι
3485 2227 3637 2282 εἷπον
3682 2230 3846 2300 ἡμῖν,

2262 2314 2374 2366 ἀλλ’
2405 2315 2487 2365 ὅτι
2527 2312 2880 2383 Ἑωράκαμεν
2923 2311 3037 2384 [28]
3070 2314 3248 2382 ἡμεῖς.
3273 2314 3442 2367 Πόθεν
3484 2313 3679 2382 δῆλονς
3749 2312 3848 2378 Ἐξ

2263 2391 2339 2448 ὦν
2369 2393 2913 2466 θαυματουργοῦμεν.
2938 2395 3036 2445 Διά
3061 2393 3215 2446 τοῦτο
3239 2394 3469 2463 μάλιστα
3491 2395 3610 2446 τότε
3639 2393 3850 2455 αὐτοὺς

2261 2476 2607 2541 ἀξιοπίστους
2652 2476 2759 2528 ἔδει
2807 2471 2966 2528 εἶναι.
3031 2477 3140 2530 Καὶ
3181 2477 3473 2543 ἔστησαν,
3517 2477 3678 2547 φησὶ,
3704 2477 3843 2530 δύο.

2263 2558 2416 2610 Διατί
2447 2559 2522 2629 μὴ
2550 2558 2812 2621 πολλούς;
2840 2557 2955 2611 Ἰνα
2989 2557 3064 2628 μὴ
3095 2557 3292 2628 μείζων
3313 2562 3345 2630 ὴ
3363 2559 3569 2629 ἀθυμία
3586 2560 3843 2629 γένηται,

2267 2641 2401 2709 μηδέ
2432 2642 2510 2702 είς
2542 2641 2766 2703 πολλοὺς
2789 2640 2849 2692 :6
2875 2643 3104 2711 πρᾶγμα
3141 2645 3393 2712 περιστῇ.
3428 2642 3538 2710 Οὐχ
3569 2641 3755 2702 ἁπλῶς
3781 2642 3846 2694 δὲ

2264 2721 2617 2790 προστίθησιν
2657 2723 2884 2785 ἐκεῖνον,
2925 2722 3059 2775 άλλά
3103 2722 3349 2786 δεικνὺς,
3393 2723 3474 2776 ὅτι
3515 2722 3776 2785 πολλάκις
3816 2726 3849 2775 ὀ

2266 2803 2419 2873 παρά
2446 2804 2754 2874 ἀνθρώποις
2779 2806 2978 2874 τίμιος,
3012 2803 3161 2868 παρά
3193 2804 3270 2872 τῷ
3294 2804 3411 2873 Θεῷ
3440 2804 3673 2856 ἐλάττων
3699 2807 3844 2856 ἐστί.

2265 2886 2374 2938 K01
2413 2890 2563 2956 κοινῇ
2588 2887 2643 2939 δέ
2681 2887 2878 2947 πάντες
2912 2885 3161 2954 εὔχονται
3185 2885 3464 2952 λέγοντεςο
3499 2886 3603 2951 Σὺ,
3637 2888 3846 2953 Κύριε.

2264 2966 2712 3035 καρδιογνῶστα
2756 2968 2997 3021 πάντων
3015 3008 3029 3031 ,
3058 2967 3396 3031 ἀνάδειξον.
3427 2970 3498 3021 Σὺ
3521 3009 3534 3030 ,
3563 2970 3693 3039 φησὶ
3714 3013 3727 3032 ,
3762 2971 3846 3038 μὴ

2263 3051 2445 3119 ἡμεῖς.
2487 3050 2771 3119 Εὑκαίρως
2807 3049 3240 3120 καρδιογνώστην
3271 3050 3557 3113 καλοῦσιν,
3593 3053 3700 3104 01:6
3729 3052 3847 3121 γὰρ

2264 3133 2454 3183 τούτου
2489 3132 2761 3201 αἱρεῖσθαι
2796 3134 2983 3202 ἐχρῆν,
3036 3133 3156 3201 οὐχὶ
3196 3133 3305 3185 τῶν
3353 3132 3549 3198 ἔξωθεν
3577 3132 3619 3187 ί.
3652 3133 3849 3196 Οὕτως

2268 3212 2568 3283 ἐθάρρουν,
2616 3215 2694 3264 ὅτι
2754 3216 2968 3276 πάντως
3007 3215 3105 3265 ἐνα
3147 3214 3228 3266 δεῖ
3270 3215 3544 3280 γενέσθαι.
3581 3217 3688 3267 K01
3738 3217 3848 3268 οὐκ

2267 3290 2452 3356 εἷπον,
2503 3290 2658 3346 ’Ἑκλε
2673 3297 2755 3359 ξαι
2778 3337 2792 3359 ,
2834 3296 3000 3357 0110,
3039 3297 3335 3360 Ἀνάδειξον
3367 3299 3457 3350 τὸν
3508 3298 3804 3364 ἐκλεγέντα
3829 3339 3846 3360 ,

2268 3377 2452 3445 φησὶν,
2493 3379 2602 3430 ’ον
2626 3379 2910 3443 ἐξελέξω·
2949 3379 3146 3441 εἰδότες
3196 3382 3372 3434 πάντα
3402 3381 3736 3451 προωρίσθαι
3761 3382 3848 3450 τῷ

2267 3461 2402 3531 Θεῷ.
2453 3463 2552 3516 Ἐκ
2578 3466 2803 3516 τούτων
2831 3463 2947 3516 τῶν
2974 3464 3082 3518 δύο
3119 3465 3226 3517 ἕνα
3246 3465 3456 3534 λαχεῖν
3482 3466 3587 3517 τὸν
3609 3464 3849 3531 κλῆρον

2266 3543 2377 3610 τῆς
2418 3544 2722 3610 διακονίας
2769 3548 2988 3612 ταύτης
3047 3549 3144 3599 καὶ
3192 3546 3560 3613 ἀποστολῆς.
3585 3543 3693 3600 Ἦν
3731 3547 3846 3616 γάρ

2267 3628 2361 3679 1:01
2391 3626 2522 3698 άλλη
2575 3627 2837 3681 διακονία.
2883 3629 2992 3682 Καὶ
3039 3630 3270 3683 ἔδωκαν
3315 3631 3518 3696 αὐτοῖς
3549 3633 3842 3697 κλήρους.

2270 3707 2436 3761 Οὔπω
2483 3709 2590 3779 γὰρ
2632 3711 2854 3771 ἑαυτοὺς
2912 3711 3094 3773 ἀξίους
3128 3721 3153 3757 8
3205 3712 3433 3781 ἡγοῦντο
3490 3713 3582 3780 ἀφ’
3629 3713 3844 3764 ἑαυτῶν

2266 3791 2620 3854 ἐκλέξασθαι’
2661 3791 2740 3844 6:6
2783 3793 2873 3844 καὶ
2917 3794 3128 3845 αἰτοῦσι
3164 3795 3253 3846 διά
3293 3811 3434 3857 τινος
3479 3795 3705 3865 σημείου
3735 3811 3844 3864 μα-

2267 3872 2399 3925 θεῖν.

2337 3955 2395 4006 δ’.
2444 3956 2650 4018 Ἀλλως
2682 3955 2760 4020 δέ,
2815 3958 2863 4008 εἰ
2893 3957 3022 4011 ἔνθα
3061 3958 3182 4012 οὔτε
3228 3960 3383 4031 εὐχὴ,
3414 3958 3538 4014 οὔτε
3565 3960 3840 4030 ἀξιόλογοι

2267 4039 2477 4109 ἄνδρες,
2501 4038 2701 4108 κλῆρος
2724 4040 2975 4092 τοσοῦτον
2996 4041 3196 4110 ἴσχυσε,
3221 4043 3305 4094 διὰ
3327 4043 3384 4094 :6
3411 4041 3470 4106 ἐξ
3496 4043 3661 4112 ὀρθῆς
3681 4047 3840 4112 γενέ-

2269 4123 2390 4174 σθαι
2426 4123 2649 4192 γνώμης
2699 4123 2790 4174 ἐπὶ
2819 4123 2911 4175 τοῦ
2953 4124 3124 4176 Ἰωνᾶ’
3159 4123 3339 4194 πολλῷ
3374 4126 3572 4194 μᾶλλον
3604 4128 3842 4180 ἐνταῦθα

2269 4205 2553 4274 ἐπλήρωσε
2585 4204 2672 4255 τὸν
2700 4206 2876 4272 χορὸν,
2908 4206 3173 4274 ἀπήρτισε
3204 4205 3301 4276 τὴν
3329 4208 3499 4272 τάξιν.
3530 4210 3639 4262 Καὶ
3666 4210 3694 4261 6
3720 4211 3843 4263 ἔτε.

2271 4303 2360 4354 ρος
2391 4287 2488 4338 οὐκ
2524 4285 2778 4354 ἤλγησεν
2840 4287 2899 4337 οὐ
2933 4287 3041 4357 γὰρ
3073 4287 3137 4340 ἂν
3183 4289 3504 4358 ἀπέκρυψαν
3547 4291 3616 4343 :0
3663 4295 3844 4348 οἰκεῖα

2269 4369 2624 4438 ἐλαττώματα
2655 4369 2703 4420 οἱ
2728 4367 3100 4421 ἀπόστολοι·οἴ
3134 4387 3196 4437 γε
3244 4374 3372 4442 περὶ
3401 4373 3578 4426 αὐτῶν
3610 4373 3720 4426 τῶν
3747 4393 3842 4427 κο-

2271 4452 2509 4522 ρυφαίων
2538 4453 2710 4503 εἰπεῖν
2739 4452 2837 4517 οὐκ
2864 4453 3183 4522 ἀπέσχοντο,
3212 4455 3292 4507 ὄτι
3318 4456 3700 4526 ἠγανάκτησαν
3743 4459 3843 4510 ἀλ-

2268 4535 2449 4604 λαχοῦ·
2483 4535 2690 4602 καὶούχ
2715 4533 2879 4599 ἅπαξ,
2905 4535 3038 4588 ἀλλὰ
3069 4540 3160 4590 καὶ
3188 4537 3268 4599 δὶς
3288 4541 3381 4590 x01
3408 4538 3839 4602 1:0110x:;.T06-

2269 4636 2390 4680 τους
2415 4614 2506 4670 οὖν
2547 4618 2640 4669 καί
2674 4619 2831 4687 ἡμεῖς
2869 4619 3252 4688 μιμησώμεθα.
3305 4623 3416 4676 Οὐκ
3449 4623 3528 4675 ἐτι
3579 4640 3668 4692 μοι
3699 4626 3840 4694 πρὸς

2269 4702 2474 4762 πάντας
2503 4703 2531 4752 6
2566 4699 2743 4768 λόγος,
2779 4699 2914 4751 ἀλλά
2960 4701 3096 4770 πρὸς
3125 4703 3249 4766 τοὺς
3294 4703 3469 4773 ἀρχῆς
3494 4707 3837 4774 ἐφιεμένους.

2271 4785 2331 4836 EE
2363 4783 2655 4846 πιστεύεις,
2684 4784 2765 4835 ὅτι
2790 4782 2926 4835 Θεοῦ
2950 4784 3098 4851 ἐστιν
3134 4783 3350 4854 ἐκλογὴ,
3417 4786 3490 4857 μὴ
3515 4789 3836 4855 ἀγανάκτει·

2269 4867 2460 4934 ἐκείνῳ
2481 4866 2587 4935 γάρ
2619 4866 2973 4933 ἀγανακτεῖς,
3007 4867 3096 4918 καὶ
3132 4865 3267 4936 πρὸς
3301 4869 3502 4920 ἐκεῖνον
3537 4870 3840 4941 παροξύνῃ·

2269 4949 2475 5010 ἐκεῖνός
2505 4952 2651 5000 ἐστιν
2690 4950 2717 4999 6
2744 4948 3120 5017 ἐκλεξάμενος.
3154 4949 3216 5000 Εί
3249 4949 3303 5001 δέ
3344 4951 3503 5012 αὐτὸς
3532 4952 3628 5020 μέν
3658 4952 3843 5015 ἐξελέ-

2273 5031 2415 5094 ξατο,
2443 5033 2506 5083 σὺ
2528 5031 2584 5084 δέ
2598 5033 2797 5101 τολμᾷς
2827 5032 3001 5102 τούτῳ
3054 5034 3408 5100 ἀγανακτεῖν,
3443 5034 3635 5086 ταύτὸν
3665 5039 3840 5100 ποιεῖς

2270 5113 2380 5168 οἷον
2410 5115 2608 5168 όΚάῐν.
2647 5115 2773 5166 Δέον
2804 5114 2910 5184 γὰρ
2955 5115 3334 5179 ἀποδέξασθαι,
3386 5117 3414 5168 6
3438 5116 3492 5169 δέ
3513 5117 3590 5169 ὃτι
3621 5134 3841 5186 προετι-

2275 5199 2420 5269 μήθη
2451 5201 2483 5268 ἡ
2509 5199 2670 5251 θυσία
2696 5198 2789 5249 τοῦ
2850 5199 3099 5267 ἀδελφοῦ,
3141 5199 3404 5270 ἐλυπήθη·
3468 5202 3837 5272 ἠγανάκτησε,

2272 5283 2387 5335 δέον
2409 5281 2796 5352 κατανυγῆναι.
2839 5280 2977 5349 Ἐγὼ
3008 5282 3062 5335 δὲ
3086 5283 3146 5333 οὐ
3187 5282 3342 5335 τοῦτο
3388 5284 3547 5352 λέγω,
3583 5285 3698 5336 ἀλλ’
3754 5287 3838 5338 ὅτι

2275 5365 2658 5435 συμφερόντως
2688 5360 2827 5416 οἶδεν
2853 5366 3151 5434 οἰκονομεῖν
3183 5366 3210 5417 6
3234 5367 3380 5429 Θεός.
3415 5367 3676 5429 Πολλάκις
3729 5369 3839 5440 γὰρ

2271 5447 2331 5499 :6
2364 5447 2462 5516 μὲν
2486 5442 2617 5516 ἦθος
2648 5447 3048 5516 ἐπιεικέστερος
3081 5449 3166 5512 σὺ,
3196 5449 3295 5500 οὑκ
3313 5450 3612 5519 ἐπιτήδειος
3627 5450 3703 5503 δέ.
3726 5453 3837 5503 1ιά-

2271 5529 2353 5582 λιν
2379 5531 2491 5581 ἔστι
2523 5531 2604 5580 001
2640 5528 2737 5598 μὲν
2771 5529 2883 5597 βίος
2915 5531 3152 5598 ἄληπτος
3168 5532 3256 5582 καὶ
3287 5526 3413 5601 ἦθος
3434 5533 3753 5602 ἐλευθέριον,
3780 5535 3835 5586 ἐν

2335 5632 2361 5670 (1
2386 5631 2562 5687 Verba,
2608 5633 2708 5686 πῶς
2748 5630 2890 5679 τοῦτο
2934 5632 3085 5689 δηλοῖ,
3130 5645 3188 5680 ex
3237 5647 3334 5681 uno
3375 5636 3481 5682 cod.
3505 5647 3834 5687 accesserunt.

2274 5696 2408 5758 Enn.
2482 5697 2502 5720 °
2529 5693 2700 5758 Morel.
2724 5693 2841 5758 εἶναι
2863 5694 3139 5758 μόνονριαί.Δ
3212 5693 3230 5731 τ
3259 5697 3387 5752 ΗτΡο,
3409 5697 3513 5758 οὐχὶ
3535 5699 3629 5744 τῶν
3653 5700 3834 5752 ἐξωθ-ν.

2271 5757 2451 5808 absunt
2505 5753 2563 5801 ab
2605 5754 2826 5802 omnibus
2850 5753 2962 5800 mss.
2993 5755 3197 5813 nostris;
3240 5757 3326 5804 sed
3353 5753 3594 5805 habéhlur
3615 5760 3664 5805 in
3687 5760 3840 5808 Sanl.

2275 5824 2321 5865 et
2359 5815 2529 5863 Mure].
2556 5819 2609 5862 et
2632 5815 2763 5862 bene
2785 5816 3038 5875 quadram.
3110 5819 3133 5854 ε
3171 5820 3388 5865 Sicunus
3410 5820 3515 5866 cod.
3542 5819 3704 5866 Monlf.
3728 5833 3837 5868 cum

2271 5877 2507 5987 gammol.
2532 5883 2584 5924 et
2606 5877 2792 5924 duobus
2816 5889 2928 5924 mss.
2950 5875 3150 5936 ἡγοῦντο
3174 5879 3287 5926 εἶναι
3308 5877 3392 5926 τοῦ
3417 5881 3493 5927 διά
3515 5897 3556 5928 τ.
3583 5896 3627 5927 0.
3659 5883 3835 5942 90953:,

2295 5953 2407 5986 ’.οι-τ.

2295 5953 2407 5986 ’.ιη-τ.
