4054 6446
207 428 280 480 57
1171 433 1238 490 IN
1278 431 1458 488 ACTA
1503 426 2278 488 AI’OSTOLORUMJIOMIL.
2323 427 2410 483 Ill.
3442 429 3508 484 38

202 570 392 612 eorum
434 555 524 625 qui
550 560 913 609 convenerant
943 549 1152 604 fervore
1191 546 1560 617 resplendens.
1604 543 1796 606 Erant.

202 645 413 716 inquit,
446 649 552 716 fere
573 653 774 700 centum
814 641 1008 711 viginti.
1050 639 1213 693 Forte
1248 639 1582 708 septuaginta
1608 680 1624 702 ,
1665 651 1801 707 quos

202 735 319 801 ipse
333 734 589 805 elegerat,
613 734 728 787 sive
747 731 836 785 alii
857 745 1069 800 quoque
1089 745 1151 784 ex
1168 728 1600 794 ferventioribus,
1614 730 1800 797 quales

198 836 357 881 crant
384 826 584 895 Joseph
614 833 671 881 et
697 822 942 878 Matthias
972 831 1068 877 :et
1092 822 1346 877 mulieres
1369 821 1550 876 multa:
1573 837 1692 892 quze
1714 835 1801 875 se-

196 917 504 985 quebantur
545 917 716 978 illum,
753 913 909 968 simul
941 911 1138 981 ubique
1163 911 1406 966 aderant.

268 1007 326 1060 ‘5.
361 1005 485 1060 llaec
507 1003 745 1059 doctoris
776 1001 1131 1074 providentia.
1161 1000 1370 1056 Primus
1401 1001 1487 1055 hic
1515 1000 1790 1054 doctorem

191 1095 493 1150 constituit.
526 1094 642 1150 Non
669 1094 823 1156 dixit.
857 1093 966 1147 Nos
1008 1092 1073 1146 ad
1119 1091 1417 1146 docendum
1457 1089 1794 1146 sufﬁcimus:

191 1186 267 1240 ita
317 1185 500 1255 procul
545 1194 661 1240 erat
705 1200 736 1239 a
784 1199 915 1237 vana
945 1182 1136 1252 gloria,
1179 1191 1234 1236 et
1276 1181 1342 1234 ad
1385 1197 1547 1235 unum
1592 1189 1795 1234 Lautum

189 1276 505 1344 spectabat,
550 1289 873 1346 quamquam
908 1289 1012 1328 non
1059 1273 1179 1342 pari
1208 1271 1380 1326 forma
1422 1272 1562 1340 apud
1606 1285 1796 1325 omnes

187 1369 315 1436 ejus
342 1370 554 1438 vigebat
587 1367 900 1421 auctoritas.
927 1365 1034 1420 Sed
1070 1366 1192 1434 jure
1223 1364 1336 1419 ha'c
1364 1363 1442 1418 sic
1473 1362 1796 1434 gerebantur

186 1459 262 1511 oh
293 1459 542 1512 virtutem
572 1457 706 1519 viri;
739 1464 794 1511 et
821 1456 962 1526 quod
991 1471 1133 1510 nunc
1155 1454 1470 1524 praefectura
1494 1468 1597 1509 non
1622 1454 1794 1508 honor

185 1555 356 1612 esset,
391 1547 483 1601 sed
517 1546 850 1615 providentia
895 1561 1021 1614 erga
1068 1544 1329 1599 subditos.
1375 1545 1445 1598 Ea
1474 1559 1559 1598 res
1584 1558 1690 1598 non
1717 1545 1791 1598 si-

189 1638 360 1691 nebat
386 1638 588 1694 Cli'ClOS
615 1637 829 1702 efferri;
862 1639 928 1691 ad
972 1639 1206 1706 pericula
1247 1638 1389 1692 enim
1417 1637 1790 1704 vocabantur;

189 1742 371 1796 neque
401 1742 495 1781 eos
525 1728 612 1795 qui
643 1729 800 1782 electi
832 1740 937 1782 neu
971 1728 1203 1791 fuerant,
1234 1736 1291 1781 ut
1320 1727 1668 1783 inhonoratos
1697 1729 1792 1783 do-

189 1817 328 1872 lere.
354 1820 424 1873 At
450 1833 590 1874 ituric
629 1834 735 1873 non
763 1827 833 1873 ita
863 1833 923 1873 se
949 1835 1036 1874 res
1067 1818 1248 1883 habet,
1277 1820 1370 1874 sed
1399 1827 1585 1873 contra
1613 1819 1792 1872 omni-

188 1922 283 1964 no.
323 1909 454 1964 Vide
482 1926 730 1980 namque,
759 1918 978 1966 centum
1006 1911 1188 1980 viginti
1217 1919 1391 1977 erant,
1418 1919 1472 1965 et
1500 1926 1662 1964 unum
1693 1925 1792 1980 po-

187 1999 357 2055 stulat
387 2000 455 2054 ab
479 2002 624 2056 omni
655 1999 1030 2065 multitudine;
1073 2009 1129 2056 et
1161 2001 1284 2069 jure
1315 1999 1551 2070 quidem.
1581 2000 1791 2055 Primus

186 2094 568 2149 auctoritatem
598 2093 759 2149 habet
785 2095 839 2148 iu
867 2094 1102 2165 negotio,
1136 2103 1197 2149 ut
1215 2095 1302 2150 cui
1327 2110 1516 2150 omnes
1536 2097 1792 2150 commis-

186 2184 234 2238 si
269 2182 519 2238 fuissent.
570 2185 703 2240 Huic
747 2186 888 2239 enim
930 2183 1176 2241 Christus
1206 2185 1416 2240 dixerat
1459 2205 1472 2239 :
1514 2185 1579 2238 Et
1610 2187 1789 2240 tuati-

183 2276 396 2343 quando
416 2291 704 2341 conversus,
735 2277 984 2345 conﬁrma
1016 2277 1203 2346 fratres
1229 2286 1342 2331 tuos
1373 2275 1524 2347 (Luc.
1553 2277 1644 2331 22.
1675 2278 1787 2349 32).

185 2367 348 2433 Quia,
384 2367 575 2437 inquit,
599 2367 1002 2423 Connumeratus
1030 2378 1136 2423 erat
1155 2370 1210 2422 in
1235 2369 1399 2436 nobis,
1432 2369 1552 2425 ideo
1575 2380 1789 2437 oportet

181 2457 354 2512 alium
384 2473 718 2528 proponere,
753 2459 844 2527 qui
877 2458 1023 2514 illius
1068 2460 1188 2514 loco
1236 2461 1305 2513 sit
1349 2462 1520 2515 testis.
1551 2461 1618 2514 Et
1641 2463 1785 2529 vide,

182 2549 460 2620 quomodo
508 2549 782 2604 doctorem
829 2564 984 2603 suum
1042 2551 1297 2616 imitatur,
1329 2552 1521 2621 ubique
1549 2567 1614 2606 ex
1643 2552 1787 2608 Seri-

184 2641 363 2710 pturis
390 2639 700 2705 disserens;
729 2655 827 2695 nec
848 2642 1131 2712 quidquam
1173 2642 1242 2697 de
1284 2643 1498 2698 Christo
1534 2645 1783 2714 loquens,

181 2729 327 2798 quod
359 2745 552 2800 nempe
578 2730 630 2784 id
659 2730 747 2785 ille
784 2746 927 2801 sarpe
954 2732 1306 2800 praedixisset.
1334 2732 1519 2803 Neque
1544 2733 1676 2788 dicit
1697 2735 1785 2790 ubi

180 2820 462 2890 Scriptura
491 2820 846 2890 proditionem
868 2822 985 2887 ejus
1009 2833 1302 2887 memoret;
1334 2839 1546 2894 nempe,
1574 2824 1645 2881 0s
1665 2843 1786 2896 pec-

181 2913 374 2966 catoris
403 2921 451 2966 et
476 2929 533 2967 os
563 2910 726 2965 dolosi
752 2929 904 2980 super
947 2928 1027 2965 me
1063 2930 1297 2974 apertum
1339 2924 1413 2968 est
1448 2914 1622 2987 (Psat.
1657 2917 1781 2973 108.

179 3003 264 3073 2);
295 3003 392 3058 sed
421 3003 508 3058 ubi
534 3012 738 3059 tantum
772 3005 911 3059 illius
931 3004 1174 3074 supplicii
1206 3007 1447 3060 meminit
1473 3025 1487 3062 :
1511 3007 1611 3062 hoc
1636 3010 1781 3063 enim

182 3095 401 3149 interim
445 3094 565 3151 illos
608 3095 747 3150 scire
776 3095 1016 3163 juvabat.
1060 3095 1192 3170 lllud
1237 3112 1367 3152 vero
1403 3098 1634 3153 maxime
1682 3099 1785 3154 Do-

183 3187 314 3240 mini
345 3187 725 3256 benignitatem
753 3187 1008 3242 declarat.
1040 3187 1326 3255 Quoniam,
1359 3189 1548 3258 inquit,
1575 3188 1782 3244 Connu-

179 3287 408 3330 meratus
434 3286 542 3329 erat
570 3277 623 3329 in
663 3276 822 3339 nobis,
853 3287 900 3330 et
926 3279 1136 3332 sortitus
1177 3287 1250 3331 est
1293 3288 1478 3332 sortem
1516 3279 1784 3335 ministerii

178 3370 362 3438 hujus.
391 3368 604 3424 Sortem
635 3369 830 3437 ubique
871 3382 1046 3435 vocat,
1081 3370 1372 3426 omendeus
1401 3379 1570 3425 totum
1594 3386 1624 3425 a
1653 3387 1780 3441 gra-

181 3464 251 3514 tia
281 3461 375 3515 Dei
417 3471 469 3514 et
515 3461 584 3516 ab
622 3460 741 3530 ejus
786 3461 1048 3516 electione
1090 3476 1211 3516 esse
1234 3504 1249 3528 ,
1279 3474 1330 3517 et
1359 3471 1538 3518 vetera
1568 3463 1698 3532 ipsis
1729 3467 1779 3519 in

179 3561 422 3605 mentem
451 3566 730 3616 revocans,
759 3552 899 3621 quod
933 3567 1125 3622 nempe
1149 3553 1291 3607 Deus
1317 3555 1445 3623 ipsis
1467 3565 1665 3610 sortem
1686 3556 1783 3612 de-

177 3644 344 3708 derit,
378 3654 439 3697 ut
466 3644 593 3697 olim
617 3643 835 3699 Levitis.
869 3645 934 3699 Et
957 3646 1274 3700 immoratur
1294 3646 1357 3701 iis
1383 3663 1504 3717 qua?
1530 3647 1782 3704 dicuntur

179 3735 252 3789 de
281 3733 441 3796 Juda,
467 3734 609 3803 quod
656 3749 848 3803 nempe
897 3736 1212 3804 proditionis
1258 3751 1487 3803 merces,
1534 3738 1780 3794 vindictae

181 3826 255 3880 sit
282 3839 482 3895 praeco.
516 3823 776 3888 Possedit,
808 3825 1000 3895 inquit,
1023 3842 1204 3896 agrum
1232 3826 1296 3880 de
1334 3829 1561 3882 mercede
1592 3829 1781 3900 iniqui-

179 3916 322 3969 tatis.
350 3915 483 3969 Vide
510 3915 780 3985 quomodo
809 3913 913 3970 hoc
948 3931 1013 3970 ex
1055 3915 1238 3971 divina
1265 3915 1672 3987 dispensatione
1700 3921 1777 3974 fa-

178 4012 326 4064 ctum
347 4008 524 4064 fuerit.
550 4007 865 4077 Iniquitatt's,
891 4010 1080 4078 inquit.
1107 4008 1285 4064 Multae
1305 4021 1430 4064 sunt
1448 4011 1776 4080 iniquitates,

181 4099 276 4155 sed
306 4100 408 4154 hac
434 4099 566 4153 nihil
591 4101 825 4169 iniquius
854 4115 1104 4170 umquam
1135 4099 1333 4156 factum
1352 4094 1451 4156 est.
1476 4101 1657 4172 ltaque
1680 4104 1790 4157 ini-

179 4193 403 4262 quitatis
433 4199 549 4246 emit
575 4193 866 4261 negotium.
911 4192 1020 4247 Nec
1062 4193 1418 4262 prmsentibus
1448 4204 1650 4249 tantum
1680 4211 1782 4250 no-

182 4293 295 4337 tum
328 4283 451 4350 fuit,
483 4282 578 4338 sed
608 4280 767 4338 etiam
802 4284 1030 4354 posteris
1057 4286 1307 4340 omnibus
1348 4303 1362 4338 :
1395 4286 1464 4340 ita
1497 4296 1554 4341 ut
1583 4288 1666 4344 vel
1697 4289 1781 4343 in-

180 4375 276 4429 viti
321 4383 378 4428 et
422 4374 574 4428 inscii
623 4374 795 4428 locum
846 4375 1206 4440 nominarent,
1247 4377 1696 4445 quemadmodum
1727 4389 1783 4434 et

180 4465 416 4534 Caiphas
454 4465 793 4536 prephetavit
837 4467 1057 4521 inscius.
1111 4467 1249 4521 Deus
1296 4470 1553 4537 compulit
1599 4485 1694 4525 eos
1725 4481 1782 4527 ut

185 4555 449 4611 llehraice
479 4571 673 4611 nomen
703 4557 896 4611 darent
921 4558 1228 4613 Aceldama.
1265 4558 1400 4613 llinc
1430 4560 1778 4617 declaraban-

184 4659 272 4701 tur
297 4648 436 4700 mala
465 4647 680 4701 Judzcos
711 4649 978 4703 invasura.
1023 4651 1198 4720 Atque
1224 4651 1458 4705 ostendit
1490 4651 1627 4708 hanc
1657 4669 1780 4723 pro-

186 4741 423 4812 phetiam
453 4755 518 4794 ex
549 4749 698 4809 parte
718 4744 1036 4812 completam
1067 4762 1078 4796 :
1107 4742 1306 4797 Bonum
1333 4754 1439 4798 erat
1462 4748 1527 4810 ei,
1559 4747 1604 4800 si
1630 4759 1780 4802 natus

183 4851 287 4888 non
310 4835 486 4904 fuisset
513 4834 665 4889 homo
683 4834 772 4889 itte
799 4833 1011 4903 (Matth.
1044 4837 1136 4890 26.
1166 4836 1281 4906 2t).
1314 4838 1387 4893 De
1411 4838 1613 4892 .ludzeis
1643 4856 1778 4908 quo-

182 4941 291 4997 que
319 4925 506 4981 eadem
532 4926 711 4980 dicere
741 4942 836 4995 par
866 4939 969 4981 ρει.
1003 4928 1209 4982 Etenim
1238 4930 1281 4982 si
1312 4930 1415 4983 dux
1444 4932 1631 5000 plexns
1661 4932 1777 4998 fuit,

185 5018 358 5071 multo
386 5017 555 5085 magis
603 5015 678 5070 hi.
733 5016 837 5072 Sed
887 5018 1080 5071 horum
1123 5018 1257 5073 nihil
1302 5021 1476 5075 adhuc
1521 5024 1777 5091 loquitur.

187 5107 394 5164 Deinde
421 5107 712 5163 ostendens
750 5109 815 5163 de
841 5109 959 5178 ipso
985 5109 1106 5177 jure
1140 5109 1243 5164 dici
1291 5111 1417 5164 illud
1466 5113 1778 5181 Aceldama,

185 5200 394 5255 inducit
429 5201 745 5270 prophetam
774 5201 1038 5257 dicentem
1070 5221 1084 5256 :
1117 5202 1238 5256 Fiat
1268 5205 1511 5259 habitatio
1548 5207 1657 5274 ejus
1686 5208 1778 5261 de-

185 5303 323 5346 serta
353 5291 521 5364 (Psat.
555 5293 646 5349 68.
686 5293 801 5362 26).
848 5292 986 5359 Quid
1012 5295 1155 5349 enim
1187 5294 1453 5351 desertius
1492 5300 1780 5368 sepulcro?

188 5384 316 5439 Ideo
345 5383 423 5437 sic
460 5383 581 5452 jure
605 5382 790 5439 debuit
831 5399 959 5455 ager
1001 5387 1200 5441 vocari.
1245 5387 1346 5453 Qui
1377 5388 1518 5442 enim
1549 5391 1780 5460 pretium

187 5475 512 5538 numeravit,
545 5476 753 5530 etiamsi
784 5477 870 5530 alii
912 5477 1164 5543 exuerint,
1210 5478 1298 5533 ille
1339 5480 1529 5533 merito
1568 5484 1777 5537 censeri

187 5567 349 5621 debet
377 5580 535 5620 causa
568 5581 687 5621 esse
718 5577 878 5622 tauuc
922 5569 1291 5623 desolatiouis.
1335 5570 1462 5626 [hec
1491 5587 1655 5642 porro
1679 5572 1776 5628 de-

186 5656 383 5713 soistio
426 5657 744 5727 principium
789 5667 870 5714 est
912 5659 1146 5714 iudaicae
1177 5661 1546 5728 desolationis,
1589 5665 1633 5718 si
1661 5666 1780 5734 quis

187 5747 472 5818 diligenter
499 5750 786 5818 expendat.
816 5750 946 5806 Nam
980 5760 1036 5806 et
1084 5753 1182 5822 ipsi
1227 5755 1433 5822 seipsos
1469 5755 1608 5810 fame
1631 5758 1780 5812 occi-

192 5844 407 5907 derunt,
436 5840 741 5912 multosque
768 5843 1175 5910 interemerunt,
1210 5856 1262 5900 et
1291 5846 1416 5901 urhs
1447 5847 1567 5918 ipsa
1594 5851 1776 5918 sepul-

1884 586 1887 588 .
1915 557 2066 596 rrum
2098 541 2190 595 fuit
2224 540 2494 611 hospitum
2521 549 2578 595 et
2604 539 2850 596 militum.
2882 541 3004 598 Illos
3030 558 3161 599 vero
3191 558 3260 601 ne
3289 545 3506 618 sepeliri

1911 632 2128 703 quidem
2156 632 2427 699 sinebant,
2454 641 2512 686 ut
2540 632 2812 702 sepultura
2855 634 3125 705 indignos.
3168 635 3379 708 Oportet
3413 641 3507 709 igi~

1909 733 2012 787 tur,
2041 724 2229 793 inquit,
2259 740 2321 778 ea:
2343 724 2424 777 his
2470 724 2590 777 viris
2625 725 2716 795 qui
2752 725 3012 780 nobiscum
3046 739 3166 782 sunt
3191 732 3504 801 congregati.

1909 813 2062 878 Vide,
2076 816 2346 884 quomodo
2373 815 2485 870 vult
2506 815 2624 870 illos
2642 823 2804 869 testes
2821 817 3062 872 oculatos
3085 817 3268 878 fuisse.
3292 821 3506 874 etiamsi

1904 905 2232 961 adventuros
2275 919 2420 961 esset
2467 906 2743 974 Spiritus:
2773 914 3006 962 attamen
3047 924 3296 978 magnam
3343 910 3505 981 hujus

1904 995 1981 1049 rei
2007 1010 2187 1050 curaui
2213 995 2577 1051 hahebat.-Es:
2595 997 2734 1060 viris,
2765 997 2953 1068 inquit,
2984 999 3073 1068 qui
3093 1000 3356 1054 nobiscum
3381 1013 3505 1056 sunt

1904 1089 2216 1157 congregati,
2246 1088 2298 1141 in
2327 1088 2465 1141 omni
2491 1097 2718 1156 tempore
2740 1104 2840 1156 quo
2867 1089 3072 1143 intravit
3109 1101 3158 1144 et
3185 1092 3337 1145 mittit
3372 1093 3504 1146 inter

1902 1193 1996 1230 nos
2015 1176 2261 1231 Dominus
2279 1176 2450 1233 Jesus.
2475 1178 2753 1249 Signiﬁcat
2778 1179 2923 1250 ipsos
2946 1179 3216 1238 habitasse
3235 1197 3357 1237 cum
3382 1184 3500 1250 illo,

1901 1280 2002 1321 nec
2027 1268 2339 1336 simpliciter
2362 1269 2524 1323 fuisse
2550 1268 2862 1338 discipulos.
2890 1270 3152 1327 Nimirum
3179 1288 3207 1326 a
3240 1274 3503 1343 principio

1901 1358 2054 1411 multi
2083 1359 2449 1427 sequebantur
2470 1374 2615 1414 eum.
2649 1360 2781 1415 Vide
2823 1361 2982 1431 igitur
3001 1363 3276 1432 quomodo
3309 1364 3452 1420 dicat
3486 1383 3498 1418 :

1899 1444 2030 1500 Erat
2058 1464 2193 1501 unus
2221 1464 2286 1503 ea:
2308 1449 2507 1504 duobus
2530 1451 2619 1518 qui
2637 1451 2908 1505 audierant
2927 1469 2959 1504 a
2985 1451 3210 1521 Joanne,
3233 1464 3280 1507 et
3300 1457 3502 1524 sequuti

1897 1546 2014 1609 sunt
2039 1536 2217 1592 Jesum
2243 1538 2421 1607 (Joan.
2457 1543 2510 1595 l.
2551 1541 2666 1610 40).
2709 1540 2778 1596 In
2829 1543 2968 1597 omni
3017 1553 3259 1615 tempore,
3305 1546 3494 1616 inquit,

1897 1643 1998 1696 quo
2029 1629 2234 1683 intrarit
2264 1641 2310 1683 et
2335 1633 2487 1686 exivit
2515 1633 2648 1686 inter
2673 1650 2765 1687 nos
2793 1631 3046 1689 Dominus
3071 1633 3226 1690 Iesus
3251 1638 3498 1707 incipiens

1894 1734 1929 1772 a
1955 1719 2256 1788 baptismate
2279 1721 2517 1777 Joannis.
2549 1723 2714 1778 Reme
2744 1724 2967 1790 etenim,
2997 1741 3118 1797 qua:
3159 1729 3307 1796 prius
3346 1740 3496 1800 gestu

1898 1808 2127 1876 fuerant,
2160 1827 2320 1867 nemo
2356 1823 2577 1873 noverat
2605 1813 2850 1877 edoctus,
2887 1816 2980 1870 sed
3008 1831 3038 1870 a
3065 1817 3267 1888 Spiritu
3294 1819 3497 1876 didice-

1896 1909 2044 1954 runt.
2075 1899 2246 1965 Usque
2263 1903 2316 1955 in
2337 1903 2492 1970 diem,
2515 1904 2706 1974 inquit,
2733 1921 2835 1975 qua
2859 1919 3152 1977 assumptus
3177 1919 3250 1965 est
3275 1928 3307 1964 a
3332 1914 3494 1980 nobis,

1895 1998 2070 2043 testem
2092 1993 2472 2047 resurrectionis
2499 1996 2608 2064 ejus
2649 1996 2906 2050 nobiscum
2940 1998 3052 2065 ﬁeri
3083 2015 3240 2053 unum
3276 2002 3494 2055 existis.

1895 2081 2010 2136 Non
2038 2082 2194 2148 dixit,
2224 2083 2554 2141 Carterorum
2601 2097 2792 2142 testem
2819 2103 2833 2153 ;
2866 2089 2984 2156 sed,
3037 2088 3232 2145 Testem
3265 2107 3494 2146 resurre-

1893 2173 2095 2239 ctionis,
2127 2182 2354 2228 tantum.
2398 2175 2532 2245 Nam
2567 2177 2916 2247 fidedignior
2942 2190 3059 2234 erat
3087 2181 3150 2243 is,
3185 2182 3275 2252 qui
3314 2182 3497 2240 dicere.

1895 2276 2141 2335 poterat:
2174 2267 2275 2335 Qui
2321 2268 2534 2332 edebat,
2577 2270 2822 2338 bibebat,
2866 2281 2919 2327 et
2966 2273 3256 2330 crucifixus
3294 2285 3396 2343 est,
3451 2278 3496 2332 is

1895 2357 2009 2425 ipse
2057 2359 2372 2413 resurrexit.
2430 2360 2617 2429 Itaque
2661 2376 2836 2431 neque
2878 2364 3158 2430 prmteriti,
3192 2380 3367 2435 neque
3409 2381 3500 2424 se-

1892 2448 2104 2514 quentis
2134 2450 2410 2519 temporis,
2445 2466 2620 2521 neque
2650 2453 2926 2522 signorum
2961 2461 3151 2508 testem
3184 2470 3306 2511 esse
3327 2473 3493 2528 opor-

1894 2539 2059 2607 tebat,
2089 2541 2184 2595 sed
2217 2544 2632 2598 resurrectionis
2665 2553 2894 2600 tantum.
2936 2545 3024 2599 Illa
3059 2563 3289 2618 namque
3317 2552 3494 2605 mani-

1893 2629 2025 2684 festa
2078 2638 2135 2686 et
2173 2631 2225 2684 in
2267 2631 2518 2686 confesso
2566 2643 2749 2697 erant;
2792 2637 3116 2690 resurrectio
3145 2645 3324 2693 autem
3355 2639 3492 2695 clam

1892 2722 2026 2776 facta
2059 2722 2253 2787 fuerat,
2285 2725 2474 2795 hisque
2503 2726 2677 2780 solum
2724 2737 2849 2780 nota
2876 2735 3015 2782 erat.
3044 2727 3228 2799 Neque
3257 2731 3442 2786 dicunt
3476 2751 3490 2787 :

1891 2814 2080 2882 Angeli
2120 2814 2373 2870 dixerunt
2404 2817 2588 2882 nobis;
2623 2817 2739 2878 sed.
2769 2817 2878 2873 Nos
2923 2816 3171 2875 vidimus.
3209 2820 3490 2879 Undenam

1889 2906 1940 2960 id
1974 2907 2316 2963 manifestum
2346 2909 2468 2963 est?
2499 2909 2576 2963 Ex
2615 2911 2888 2965 miraculis
2929 2927 3050 2981 qua:
3085 2910 3330 2967 facimus.
3367 2915 3493 2971 ideo

1891 3004 2016 3050 tunc
2049 2998 2383 3065 petissiunnn
2432 2999 2550 3054 illos
2609 2999 2713 3054 llde
2746 3001 2936 3071 dignos
2971 3016 3093 3058 esse
3125 3005 3382 3072 oportuit.
3428 3006 3492 3059 Et

1885 3097 2192 3154 statuerunt,
2230 3091 2423 3159 inquit,
2452 3092 2599 3144 duos.
2643 3090 2752 3146 Cur
2793 3108 2899 3147 non
2950 3093 3168 3163 plures?
3204 3095 3284 3151 No
3319 3098 3492 3166 major

1889 3179 2044 3236 ﬁeret
2069 3182 2372 3237 animorum
2405 3183 2758 3253 perturbatio,
2796 3201 2930 3241 neve
2961 3203 3048 3242 res
3077 3189 3129 3243 in
3162 3191 3360 3245 multos
3383 3207 3483 3247 ex-

1887 3273 2220 3329 tenderetur.
2252 3275 2362 3329 Nec
2391 3276 2511 3330 sine
2547 3290 2707 3331 causa
2742 3278 3019 3333 Matthiam
3066 3281 3271 3350 adjicit,
3308 3285 3403 3340 sed
3435 3297 3492 3342 ut

1885 3366 2134 3420 ostendat
2153 3381 2298 3431 eum,
2322 3367 2410 3437 qui
2436 3367 2577 3436 apud
2603 3367 2847 3423 homines
2871 3369 3200 3427 honorabilis
3221 3384 3324 3444 est,
3347 3379 3490 3447 apud

1887 3459 2054 3513 Deum
2105 3473 2228 3514 esse
2278 3457 2607 3514 inferiorem.
2648 3460 2718 3515 Et
2759 3462 2918 3516 simul
2967 3479 3158 3520 omnes
3203 3479 3491 3537 precantur

1886 3550 2148 3615 dicentes,
2182 3549 2281 3617 Tu,
2309 3551 2545 3616 Domine,
2573 3556 2661 3623 qui
2688 3555 2846 3607 corda
2870 3557 3001 3608 nosti
3033 3562 3283 3627 onmium,
3316 3572 3485 3617 osten-

1886 3640 1968 3692 de.
2012 3640 2130 3708 Tu,
2182 3655 2290 3695 non
2339 3656 2460 3695 nos.
2511 3640 2826 3712 Oppm’tuue
2864 3646 3110 3701 cordium
3157 3652 3488 3721 cognitorem

1885 3740 2081 3785 vocant
2111 3748 2125 3784 :
2154 3734 2224 3786 ab
2266 3732 2360 3786 illo
2405 3733 2549 3787 enim
2581 3735 2777 3790 electio
2814 3736 3052 3791 facienda
3084 3752 3219 3806 erat,
3267 3759 3371 3796 non
3420 3746 3490 3798 ah

1884 3824 2025 3878 aliis.
2078 3823 2168 3880 Sic
2214 3825 2556 3881 confidenter
2611 3827 2988 3897 loquebantur,
3039 3834 3163 3902 quia
3204 3838 3491 3906 oportebat

1885 3915 2107 3969 omnino
2151 3931 2320 3970 unum
2363 3917 2509 3987 eligi.
2568 3917 2754 3988 Neque
2809 3920 3082 3985 dixerunt,
3138 3925 3315 3996 Elige;
3367 3929 3483 3993 sed,

1885 4006 2121 4061 Ostende
2173 4008 2450 4082 electum,
2498 4008 2659 4075 Quem
2699 4011 2950 4080 elegeris,
2999 4014 3206 4083 inquit:
3252 4018 3488 4075 scientes

1886 4101 2067 4151 omnia
2085 4113 2112 4150 a
2142 4098 2250 4152 Deo
2280 4099 2608 4168 pr:rdelinita
2632 4117 2772 4157 esse.
2796 4101 2881 4156 Ea:
2903 4105 2981 4157 his
3003 4107 3198 4161 duobus
3221 4127 3380 4164 unum
3403 4129 3492 4165 ac-

1885 4189 2052 4259 cipere
2072 4199 2256 4244 sortem
2283 4192 2550 4246 ministerii
2577 4196 2730 4259 hujus
2751 4205 2796 4248 et
2824 4198 3156 4264 apostolatus.
3184 4200 3317 4255 Erat
3343 4207 3487 4258 enim

1886 4284 2048 4337 etiam
2082 4283 2227 4337 aliud
2265 4285 2648 4341 ministerium.
2678 4285 2743 4339 Et
2767 4287 3015 4341 dederunt
3040 4301 3199 4346 sortes
3229 4295 3319 4348 eis.
3341 4295 3490 4350 Nou-

1886 4373 2012 4428 dunt
2032 4375 2174 4428 enim
2194 4392 2252 4430 se
2273 4376 2466 4444 dignos
2488 4392 2608 4431 esse
2626 4379 2904 4446 putabant,
2922 4382 3011 4450 qtti
3033 4398 3099 4437 ex
3127 4399 3250 4440 sese
3277 4387 3375 4456 ipsi
3409 4390 3487 4442 fa-

1887 4477 2073 4522 cerent
2090 4469 2409 4523 electionem
2435 4486 2446 4521 :
2472 4468 2593 4524 ideo
2617 4471 2840 4541 cupiunt
2869 4473 3048 4543 aliquo
3072 4475 3225 4546 signo
3250 4479 3485 4534 edoceri.

1961 4561 2015 4613 4.
2049 4560 2297 4628 Alioquin
2331 4576 2480 4625 vero,
2512 4562 2556 4614 si
2600 4563 2685 4615 ubi
2721 4578 2820 4617 nec
2863 4567 3103 4634 precatio
3133 4580 3269 4634 erat,
3311 4587 3487 4642 neque

1888 4649 2031 4720 digni
2063 4650 2155 4703 viri
2198 4650 2443 4715 aderant,
2478 4661 2682 4706 tantum
2714 4653 2877 4708 valuit
2903 4670 3042 4720 sors,
3072 4673 3137 4712 eo
3165 4661 3307 4730 quod
3339 4675 3490 4718 recto

1887 4741 2069 4794 animo
2099 4741 2270 4804 fieret,
2315 4757 2506 4811 nempe
2545 4759 2709 4812 super
2753 4744 2888 4799 Jona
2919 4763 2932 4799 :
2985 4750 3154 4804 multo
3182 4753 3350 4822 magis
3379 4754 3485 4816 hic,

1889 4832 1979 4885 ubi
2009 4831 2234 4885 chorum
2279 4834 2536 4902 explevit,
2590 4835 2677 4888 ubi
2726 4835 2971 4891 ordinem
3025 4840 3267 4908 perfecit.
3305 4843 3491 4915 Neque

1889 4923 2026 4975 alter
2054 4923 2253 4987 doluit;
2287 4939 2390 4976 non
2419 4925 2563 4977 enim
2599 4925 2648 4978 id
2676 4929 2969 4982 tacuissent
2989 4933 3238 4998 apostoli,
3269 4935 3358 5003 qui
3385 4952 3488 4989 non

1889 5016 2263 5070 abstinuerunt
2287 5033 2316 5070 a
2349 5017 2644 5072 referendis
2675 5021 2834 5073 etiam
2862 5023 3252 5093 prwcipuorum
3275 5040 3492 5096 aposto-

1892 5109 2063 5161 lorum
2092 5110 2253 5173 vittis,
2301 5111 2516 5179 quando
2567 5126 2761 5182 nempe
2808 5114 3065 5184 indignati
3111 5129 3237 5172 sunt
3268 5136 3372 5173 non
3403 5137 3489 5175 se-

1892 5202 2018 5265 mel,
2052 5201 2144 5256 sed
2175 5202 2256 5256 bis
2285 5211 2339 5257 et
2364 5204 2583 5272 pluries.
2616 5207 2723 5258 llos
2767 5206 2944 5276 itaque
2971 5217 3024 5262 et
3055 5226 3153 5264 nos
3193 5212 3486 5268 imitemur.

1893 5293 2006 5347 Non
2054 5294 2304 5347 ontnibus
2341 5295 2550 5364 loquor,
2593 5296 2687 5351 sed
2731 5297 2814 5361 iis,
2842 5299 2930 5367 qui
2967 5301 3322 5372 principatum
3363 5305 3492 5360 affe-

1892 5393 2056 5437 ctattt.
2081 5385 2133 5438 Si
2161 5385 2338 5439 credis
2364 5385 2681 5442 electionem
2705 5403 2733 5440 a
2759 5388 2869 5443 Deo
2894 5405 3036 5455 esse,
3067 5409 3135 5447 ne
3160 5393 3452 5465 indigneris
3476 5419 3488 5452 :

1893 5477 2152 5532 adversus
2185 5478 2331 5531 illum
2377 5479 2519 5532 enim
2567 5479 2859 5551 indignaris
2902 5493 2952 5538 et
2992 5485 3218 5540 irritaris
3247 5506 3261 5540 ε
3292 5468 3381 5544 ille
3409 5499 3492 5544 est

1892 5573 1980 5641 qui
2031 5571 2214 5640 elegit.
2245 5568 2303 5627 Si
2325 5583 2506 5626 autem
2529 5574 2689 5645 elegit
2713 5576 2819 5641 ille,
2844 5587 2898 5632 et
2920 5578 2997 5631 sic
3015 5577 3278 5648 indignari
3300 5583 3489 5648 audes,

1891 5660 2124 5732 ldipsum
2153 5660 2286 5717 facis
2311 5661 2456 5734 quod
2479 5662 2635 5718 Cain.
2656 5663 2792 5720 Cum
2819 5665 2962 5722 enim
2988 5674 3292 5738 approbare
3320 5687 3478 5742 apor-

1893 5755 2101 5815 tuisset,
2135 5770 2276 5822 mgre
2301 5764 2358 5811 et
2385 5755 2603 5826 indigne
2631 5758 2752 5811 tulit
2779 5757 2889 5823 ille,
2919 5760 3062 5830 quod
3093 5761 3273 5816 fratris
3298 5763 3383 5819 sui
3413 5767 3490 5820 vi-

1888 5843 2062 5903 ctima
2095 5850 2370 5911 acceptior
2395 5859 2577 5916 esset;
2618 5852 2830 5921 qumido
2863 5853 3146 5927 compuugi
3170 5853 3478 5925 oportebat.
