  <div class='ocr_page' id='page_1' title='image "/cluster/home/n/w/nwhite01/storage/ocr_20150623/60/ien.35556001660885/045.png"; bbox 0 0 4054 6400; ppageno 0'>
   <div class='ocr_carea' id='block_1_1' title="bbox 610 363 3871 438">
    <p class='ocr_par' dir='ltr' id='par_1_1' title="bbox 610 363 3871 438">
     <span class='ocr_line' id='line_1_1' title="bbox 610 363 3871 438; baseline -0.007 0"><span class='ocrx_word' id='word_1_1' title='bbox 610 386 677 438; x_wconf 66' lang='grc' dir='ltr'>ῗιθ</span> <span class='ocrx_word' id='word_1_2' title='bbox 1311 376 1366 431; x_wconf 90' lang='lat' dir='ltr'><strong>S.</strong></span> <span class='ocrx_word' id='word_1_3' title='bbox 1406 372 1680 429; x_wconf 71' lang='lat' dir='ltr'><strong>JOANNIS</strong></span> <span class='ocrx_word' id='word_1_4' title='bbox 1715 366 2175 427; x_wconf 70' lang='lat' dir='ltr'><strong>CHRYSOSTOMI</strong></span> <span class='ocrx_word' id='word_1_5' title='bbox 2215 366 2531 423; x_wconf 77' lang='lat' dir='ltr'><strong>ARCIIIEP.</strong></span> <span class='ocrx_word' id='word_1_6' title='bbox 2571 364 3095 422; x_wconf 67' lang='lat' dir='ltr'><strong>CONSTANTINOP.</strong></span> <span class='ocrx_word' id='word_1_7' title='bbox 3799 363 3871 417; x_wconf 67' lang='lat'><strong>40</strong></span> 
     </span>
    </p>
   </div>
   <div class='ocr_carea' id='block_1_2' title="bbox 609 478 2173 563">
    <p class='ocr_par' dir='ltr' id='par_1_2' title="bbox 609 478 2173 563">
     <span class='ocr_line' id='line_1_2' title="bbox 609 478 2173 563; baseline -0.008 -16"><span class='ocrx_word' id='word_1_8' title='bbox 609 494 721 563; x_wconf 84' lang='lat' dir='ltr'><strong>Ego</strong></span> <span class='ocrx_word' id='word_1_9' title='bbox 747 504 869 545; x_wconf 85' lang='lat' dir='ltr'><strong>vero</strong></span> <span class='ocrx_word' id='word_1_10' title='bbox 900 504 1002 543; x_wconf 91' lang='lat' dir='ltr'><strong>non</strong></span> <span class='ocrx_word' id='word_1_11' title='bbox 1032 489 1131 541; x_wconf 85' lang='lat' dir='ltr'><strong>hoc</strong></span> <span class='ocrx_word' id='word_1_12' title='bbox 1159 487 1297 551; x_wconf 84' lang='lat' dir='ltr'><strong>dico,</strong></span> <span class='ocrx_word' id='word_1_13' title='bbox 1328 486 1421 541; x_wconf 90' lang='lat' dir='ltr'><strong>sed</strong></span> <span class='ocrx_word' id='word_1_14' title='bbox 1448 484 1587 553; x_wconf 89' lang='lat' dir='ltr'><strong>quod</strong></span> <span class='ocrx_word' id='word_1_15' title='bbox 1618 484 1755 538; x_wconf 81' lang='lat' dir='ltr'><strong>Deus</strong></span> <span class='ocrx_word' id='word_1_16' title='bbox 1778 482 1909 535; x_wconf 89' lang='lat' dir='ltr'><strong>sciat</strong></span> <span class='ocrx_word' id='word_1_17' title='bbox 1937 496 2049 535; x_wconf 92' lang='lat' dir='ltr'><strong>rem</strong></span> <span class='ocrx_word' id='word_1_18' title='bbox 2071 478 2173 535; x_wconf 84' lang='lat' dir='ltr'><strong>uti-</strong></span> 
     </span>
    </p>
   </div>
   <div class='ocr_carea' id='block_1_3' title="bbox 611 573 2175 653">
    <p class='ocr_par' dir='ltr' id='par_1_3' title="bbox 611 573 2175 653">
     <span class='ocr_line' id='line_1_3' title="bbox 611 573 2175 653; baseline -0.008 -15"><span class='ocrx_word' id='word_1_19' title='bbox 611 590 728 640; x_wconf 88' lang='lat' dir='ltr'><strong>liter</strong></span> <span class='ocrx_word' id='word_1_20' title='bbox 768 585 1098 653; x_wconf 75' lang='lat' dir='ltr'><strong>dispensare.</strong></span> <span class='ocrx_word' id='word_1_21' title='bbox 1144 580 1296 649; x_wconf 74' lang='lat' dir='ltr'><strong>Sarpe</strong></span> <span class='ocrx_word' id='word_1_22' title='bbox 1341 594 1566 647; x_wconf 90' lang='lat' dir='ltr'><strong>namque</strong></span> <span class='ocrx_word' id='word_1_23' title='bbox 1607 587 1661 630; x_wconf 91' lang='lat' dir='ltr'><strong>tu</strong></span> <span class='ocrx_word' id='word_1_24' title='bbox 1686 616 1700 641; x_wconf 93' lang='lat'><strong>,</strong></span> <span class='ocrx_word' id='word_1_25' title='bbox 1734 576 1821 643; x_wconf 85' lang='lat' dir='ltr'><strong>qui</strong></span> <span class='ocrx_word' id='word_1_26' title='bbox 1853 573 2088 627; x_wconf 84' lang='lat' dir='ltr'><strong>moribus</strong></span> <span class='ocrx_word' id='word_1_27' title='bbox 2116 587 2175 653; x_wconf 86' lang='lat' dir='ltr'><strong>es</strong></span> 
     </span>
    </p>
   </div>
   <div class='ocr_carea' id='block_1_4' title="bbox 610 651 2177 736">
    <p class='ocr_par' dir='ltr' id='par_1_4' title="bbox 610 651 2177 736">
     <span class='ocr_line' id='line_1_4' title="bbox 610 651 2177 736; baseline -0.008 -8"><span class='ocrx_word' id='word_1_28' title='bbox 610 651 1035 736; x_wconf 82' lang='lat' dir='ltr'><strong>modestioribus,</strong></span> <span class='ocrx_word' id='word_1_29' title='bbox 1068 687 1171 725; x_wconf 92' lang='lat' dir='ltr'><strong>non</strong></span> <span class='ocrx_word' id='word_1_30' title='bbox 1199 682 1373 725; x_wconf 91' lang='lat' dir='ltr'><strong>tamen</strong></span> <span class='ocrx_word' id='word_1_31' title='bbox 1401 671 1621 722; x_wconf 77' lang='lat' dir='ltr'><strong>Idoncus</strong></span> <span class='ocrx_word' id='word_1_32' title='bbox 1641 682 1719 721; x_wconf 90' lang='lat' dir='ltr'><strong>es.</strong></span> <span class='ocrx_word' id='word_1_33' title='bbox 1754 667 1952 719; x_wconf 70' lang='lat' dir='ltr'><strong>liursus</strong></span> <span class='ocrx_word' id='word_1_34' title='bbox 1979 674 2062 718; x_wconf 91' lang='lat' dir='ltr'><strong>est</strong></span> <span class='ocrx_word' id='word_1_35' title='bbox 2083 651 2177 718; x_wconf 91' lang='lat' dir='ltr'><strong>tibi</strong></span> 
     </span>
    </p>
   </div>
   <div class='ocr_carea' id='block_1_5' title="bbox 610 759 2175 831">
    <p class='ocr_par' dir='ltr' id='par_1_5' title="bbox 610 759 2175 831">
     <span class='ocr_line' id='line_1_5' title="bbox 610 759 2175 831; baseline -0.006 -16"><span class='ocrx_word' id='word_1_36' title='bbox 610 765 715 818; x_wconf 83' lang='lat' dir='ltr'><strong>vita</strong></span> <span class='ocrx_word' id='word_1_37' title='bbox 747 764 1006 831; x_wconf 76' lang='lat' dir='ltr'><strong>inculpata</strong></span> <span class='ocrx_word' id='word_1_38' title='bbox 1029 776 1309 829; x_wconf 88' lang='lat' dir='ltr'><strong>moresque</strong></span> <span class='ocrx_word' id='word_1_39' title='bbox 1338 759 1579 813; x_wconf 80' lang='lat' dir='ltr'><strong>liberales</strong></span> <span class='ocrx_word' id='word_1_40' title='bbox 1605 767 1730 811; x_wconf 90' lang='lat' dir='ltr'><strong>sunt</strong></span> <span class='ocrx_word' id='word_1_41' title='bbox 1758 773 1770 808; x_wconf 93' lang='lat'>:</span> <span class='ocrx_word' id='word_1_42' title='bbox 1807 770 1977 824; x_wconf 92' lang='lat' dir='ltr'><strong>neque</strong></span> <span class='ocrx_word' id='word_1_43' title='bbox 2001 764 2175 808; x_wconf 87' lang='lat' dir='ltr'><strong>tamen</strong></span> 
     </span>
    </p>
   </div>
   <div class='ocr_carea' id='block_1_6' title="bbox 611 844 2178 917">
    <p class='ocr_par' dir='ltr' id='par_1_6' title="bbox 611 844 2178 917">
     <span class='ocr_line' id='line_1_6' title="bbox 611 844 2178 917; baseline -0.007 -9"><span class='ocrx_word' id='word_1_44' title='bbox 611 856 663 908; x_wconf 90' lang='lat' dir='ltr'><strong>in</strong></span> <span class='ocrx_word' id='word_1_45' title='bbox 695 854 929 908; x_wconf 82' lang='lat' dir='ltr'><strong>Ecclesia</strong></span> <span class='ocrx_word' id='word_1_46' title='bbox 972 854 1083 906; x_wconf 65' lang='lat' dir='ltr'><strong>haec</strong></span> <span class='ocrx_word' id='word_1_47' title='bbox 1134 852 1262 905; x_wconf 87' lang='lat' dir='ltr'><strong>satis</strong></span> <span class='ocrx_word' id='word_1_48' title='bbox 1303 857 1443 903; x_wconf 87' lang='lat' dir='ltr'><strong>sunt.</strong></span> <span class='ocrx_word' id='word_1_49' title='bbox 1492 849 1737 917; x_wconf 82' lang='lat' dir='ltr'><strong>Alioquin</strong></span> <span class='ocrx_word' id='word_1_50' title='bbox 1776 862 1902 902; x_wconf 90' lang='lat' dir='ltr'><strong>vero</strong></span> <span class='ocrx_word' id='word_1_51' title='bbox 1939 847 2071 898; x_wconf 89' lang='lat' dir='ltr'><strong>alius</strong></span> <span class='ocrx_word' id='word_1_52' title='bbox 2111 844 2178 897; x_wconf 90' lang='lat' dir='ltr'><strong>ad</strong></span> 
     </span>
    </p>
   </div>
   <div class='ocr_carea' id='block_1_7' title="bbox 610 938 2172 1007">
    <p class='ocr_par' dir='ltr' id='par_1_7' title="bbox 610 938 2172 1007">
     <span class='ocr_line' id='line_1_7' title="bbox 610 938 2172 1007; baseline -0.006 -11"><span class='ocrx_word' id='word_1_53' title='bbox 610 945 747 998; x_wconf 93' lang='lat' dir='ltr'><strong>aliud</strong></span> <span class='ocrx_word' id='word_1_54' title='bbox 784 952 861 999; x_wconf 91' lang='lat' dir='ltr'><strong>est</strong></span> <span class='ocrx_word' id='word_1_55' title='bbox 908 943 1144 997; x_wconf 84' lang='lat' dir='ltr'><strong>idoneus.</strong></span> <span class='ocrx_word' id='word_1_56' title='bbox 1193 942 1379 994; x_wconf 87' lang='lat' dir='ltr'><strong>Annon</strong></span> <span class='ocrx_word' id='word_1_57' title='bbox 1425 940 1592 1002; x_wconf 80' lang='lat' dir='ltr'><strong>vides,</strong></span> <span class='ocrx_word' id='word_1_58' title='bbox 1624 946 1871 1007; x_wconf 89' lang='lat' dir='ltr'><strong>quantam</strong></span> <span class='ocrx_word' id='word_1_59' title='bbox 1916 938 2172 989; x_wconf 90' lang='lat' dir='ltr'><strong>harumce</strong></span> 
     </span>
    </p>
   </div>
   <div class='ocr_carea' id='block_1_8' title="bbox 612 1028 1827 1097">
    <p class='ocr_par' dir='ltr' id='par_1_8' title="bbox 612 1028 1827 1097">
     <span class='ocr_line' id='line_1_8' title="bbox 612 1028 1827 1097; baseline -0.007 -8"><span class='ocrx_word' id='word_1_60' title='bbox 612 1051 788 1089; x_wconf 88' lang='lat' dir='ltr'><strong>rcrmn</strong></span> <span class='ocrx_word' id='word_1_61' title='bbox 818 1034 1077 1087; x_wconf 88' lang='lat' dir='ltr'><strong>rationem</strong></span> <span class='ocrx_word' id='word_1_62' title='bbox 1104 1030 1292 1084; x_wconf 90' lang='lat' dir='ltr'><strong>habeat</strong></span> <span class='ocrx_word' id='word_1_63' title='bbox 1316 1030 1493 1083; x_wconf 88' lang='lat' dir='ltr'><strong>divina</strong></span> <span class='ocrx_word' id='word_1_64' title='bbox 1519 1028 1827 1097; x_wconf 86' lang='lat' dir='ltr'><strong>Seriptura?</strong></span> 
     </span>
    </p>
   </div>
   <div class='ocr_carea' id='block_1_9' title="bbox 686 1115 2181 1190">
    <p class='ocr_par' dir='ltr' id='par_1_9' title="bbox 686 1115 2181 1190">
     <span class='ocr_line' id='line_1_9' title="bbox 686 1115 2181 1190; baseline -0.003 -15"><span class='ocrx_word' id='word_1_65' title='bbox 686 1122 925 1189; x_wconf 78' lang='lat' dir='ltr'><strong>Episwpi</strong></span> <span class='ocrx_word' id='word_1_66' title='bbox 940 1120 1258 1190; x_wconf 66' lang='lat' dir='ltr'><strong>ofﬁciunt.—</strong></span> <span class='ocrx_word' id='word_1_67' title='bbox 1271 1119 1377 1173; x_wconf 86' lang='lat' dir='ltr'><strong>Sed</strong></span> <span class='ocrx_word' id='word_1_68' title='bbox 1394 1120 1586 1182; x_wconf 87' lang='lat' dir='ltr'><strong>dicam,</strong></span> <span class='ocrx_word' id='word_1_69' title='bbox 1610 1134 1708 1187; x_wconf 91' lang='lat' dir='ltr'><strong>qua</strong></span> <span class='ocrx_word' id='word_1_70' title='bbox 1731 1119 1794 1171; x_wconf 92' lang='lat' dir='ltr'><strong>de</strong></span> <span class='ocrx_word' id='word_1_71' title='bbox 1811 1131 1967 1169; x_wconf 89' lang='lat' dir='ltr'><strong>causa</strong></span> <span class='ocrx_word' id='word_1_72' title='bbox 1992 1116 2087 1171; x_wconf 86' lang='lat' dir='ltr'><strong>hac</strong></span> <span class='ocrx_word' id='word_1_73' title='bbox 2113 1115 2181 1171; x_wconf 88' lang='lat' dir='ltr'><strong>de</strong></span> 
     </span>
    </p>
   </div>
   <div class='ocr_carea' id='block_1_10' title="bbox 613 1206 2179 1278">
    <p class='ocr_par' dir='ltr' id='par_1_10' title="bbox 613 1206 2179 1278">
     <span class='ocr_line' id='line_1_10' title="bbox 613 1206 2179 1278; baseline -0.004 -14"><span class='ocrx_word' id='word_1_74' title='bbox 613 1226 669 1266; x_wconf 73' lang='grc' dir='ltr'>η</span> <span class='ocrx_word' id='word_1_75' title='bbox 696 1210 909 1265; x_wconf 89' lang='lat' dir='ltr'><strong>dissidia</strong></span> <span class='ocrx_word' id='word_1_76' title='bbox 940 1210 1177 1263; x_wconf 78' lang='lat' dir='ltr'><strong>oriantur</strong></span> <span class='ocrx_word' id='word_1_77' title='bbox 1206 1226 1217 1260; x_wconf 95' lang='lat'>:</span> <span class='ocrx_word' id='word_1_78' title='bbox 1247 1210 1367 1278; x_wconf 86' lang='lat' dir='ltr'><strong>quia</strong></span> <span class='ocrx_word' id='word_1_79' title='bbox 1396 1224 1587 1277; x_wconf 91' lang='lat' dir='ltr'><strong>nempe</strong></span> <span class='ocrx_word' id='word_1_80' title='bbox 1622 1223 1725 1262; x_wconf 93' lang='lat' dir='ltr'><strong>non</strong></span> <span class='ocrx_word' id='word_1_81' title='bbox 1768 1207 1915 1276; x_wconf 89' lang='lat' dir='ltr'><strong>quasi</strong></span> <span class='ocrx_word' id='word_1_82' title='bbox 1947 1206 2011 1260; x_wconf 91' lang='lat' dir='ltr'><strong>ad</strong></span> <span class='ocrx_word' id='word_1_83' title='bbox 2043 1221 2179 1275; x_wconf 69' lang='lat' dir='ltr'><strong>pra:-</strong></span> 
     </span>
    </p>
   </div>
   <div class='ocr_carea' id='block_1_11' title="bbox 610 1298 2183 1369">
    <p class='ocr_par' dir='ltr' id='par_1_11' title="bbox 610 1298 2183 1369">
     <span class='ocr_line' id='line_1_11' title="bbox 610 1298 2183 1369; baseline -0.004 -14"><span class='ocrx_word' id='word_1_84' title='bbox 610 1302 866 1356; x_wconf 83' lang='lat' dir='ltr'><strong>fccturam</strong></span> <span class='ocrx_word' id='word_1_85' title='bbox 898 1312 950 1355; x_wconf 94' lang='lat' dir='ltr'><strong>et</strong></span> <span class='ocrx_word' id='word_1_86' title='bbox 980 1302 1325 1369; x_wconf 73' lang='lat' dir='ltr'><strong>patrocinium</strong></span> <span class='ocrx_word' id='word_1_87' title='bbox 1352 1300 1567 1354; x_wconf 79' lang='lat' dir='ltr'><strong>fratrum</strong></span> <span class='ocrx_word' id='word_1_88' title='bbox 1592 1300 1910 1363; x_wconf 90' lang='lat' dir='ltr'><strong>accedimus,</strong></span> <span class='ocrx_word' id='word_1_89' title='bbox 1935 1298 2035 1351; x_wconf 81' lang='lat' dir='ltr'><strong>sed</strong></span> <span class='ocrx_word' id='word_1_90' title='bbox 2053 1312 2183 1365; x_wconf 87' lang='lat' dir='ltr'><strong>qua-</strong></span> 
     </span>
    </p>
   </div>
   <div class='ocr_carea' id='block_1_12' title="bbox 609 1387 2180 1460">
    <p class='ocr_par' dir='ltr' id='par_1_12' title="bbox 609 1387 2180 1460">
     <span class='ocr_line' id='line_1_12' title="bbox 609 1387 2180 1460; baseline -0.005 -15"><span class='ocrx_word' id='word_1_91' title='bbox 609 1394 652 1445; x_wconf 85' lang='lat' dir='ltr'><strong>si</strong></span> <span class='ocrx_word' id='word_1_92' title='bbox 684 1393 749 1445; x_wconf 89' lang='lat' dir='ltr'><strong>ad</strong></span> <span class='ocrx_word' id='word_1_93' title='bbox 783 1392 1038 1446; x_wconf 86' lang='lat' dir='ltr'><strong>honorem</strong></span> <span class='ocrx_word' id='word_1_94' title='bbox 1068 1402 1121 1444; x_wconf 86' lang='lat' dir='ltr'><strong>et</strong></span> <span class='ocrx_word' id='word_1_95' title='bbox 1151 1391 1410 1460; x_wconf 85' lang='lat' dir='ltr'><strong>requiem.</strong></span> <span class='ocrx_word' id='word_1_96' title='bbox 1442 1390 1496 1445; x_wconf 90' lang='lat' dir='ltr'><strong>Si</strong></span> <span class='ocrx_word' id='word_1_97' title='bbox 1519 1390 1683 1444; x_wconf 90' lang='lat' dir='ltr'><strong>scires</strong></span> <span class='ocrx_word' id='word_1_98' title='bbox 1709 1389 1846 1441; x_wconf 84' lang='lat' dir='ltr'><strong>cnim</strong></span> <span class='ocrx_word' id='word_1_99' title='bbox 1874 1387 2180 1457; x_wconf 87' lang='lat' dir='ltr'><strong>episcopum</strong></span> 
     </span>
    </p>
   </div>
   <div class='ocr_carea' id='block_1_13' title="bbox 612 1479 2180 1549">
    <p class='ocr_par' dir='ltr' id='par_1_13' title="bbox 612 1479 2180 1549">
     <span class='ocr_line' id='line_1_13' title="bbox 612 1479 2180 1549; baseline -0.003 -12"><span class='ocrx_word' id='word_1_100' title='bbox 612 1485 847 1537; x_wconf 90' lang='lat' dir='ltr'><strong>omnium</strong></span> <span class='ocrx_word' id='word_1_101' title='bbox 878 1498 1016 1547; x_wconf 89' lang='lat' dir='ltr'><strong>esse,</strong></span> <span class='ocrx_word' id='word_1_102' title='bbox 1062 1487 1298 1536; x_wconf 91' lang='lat' dir='ltr'><strong>omnium</strong></span> <span class='ocrx_word' id='word_1_103' title='bbox 1341 1497 1500 1537; x_wconf 90' lang='lat' dir='ltr'><strong>onera</strong></span> <span class='ocrx_word' id='word_1_104' title='bbox 1555 1483 1692 1535; x_wconf 89' lang='lat' dir='ltr'><strong>ferre</strong></span> <span class='ocrx_word' id='word_1_105' title='bbox 1726 1489 1973 1548; x_wconf 84' lang='lat' dir='ltr'><strong>Oportere</strong></span> <span class='ocrx_word' id='word_1_106' title='bbox 1998 1496 2012 1544; x_wconf 83' lang='lat'><strong>;</strong></span> <span class='ocrx_word' id='word_1_107' title='bbox 2041 1479 2180 1549; x_wconf 91' lang='lat' dir='ltr'><strong>quod</strong></span> 
     </span>
    </p>
   </div>
   <div class='ocr_carea' id='block_1_14' title="bbox 611 1568 2179 1637">
    <p class='ocr_par' dir='ltr' id='par_1_14' title="bbox 611 1568 2179 1637">
     <span class='ocr_line' id='line_1_14' title="bbox 611 1568 2179 1637; baseline -0.002 -13"><span class='ocrx_word' id='word_1_108' title='bbox 611 1572 729 1627; x_wconf 90' lang='lat' dir='ltr'><strong>aliis</strong></span> <span class='ocrx_word' id='word_1_109' title='bbox 754 1571 1102 1626; x_wconf 85' lang='lat' dir='ltr'><strong>irascentibus</strong></span> <span class='ocrx_word' id='word_1_110' title='bbox 1129 1572 1282 1631; x_wconf 85' lang='lat' dir='ltr'><strong>venia</strong></span> <span class='ocrx_word' id='word_1_111' title='bbox 1307 1571 1478 1633; x_wconf 91' lang='lat' dir='ltr'><strong>detur,</strong></span> <span class='ocrx_word' id='word_1_112' title='bbox 1510 1572 1586 1624; x_wconf 89' lang='lat' dir='ltr'><strong>illi</strong></span> <span class='ocrx_word' id='word_1_113' title='bbox 1614 1584 1741 1623; x_wconf 87' lang='lat' dir='ltr'><strong>vero</strong></span> <span class='ocrx_word' id='word_1_114' title='bbox 1766 1569 2017 1633; x_wconf 90' lang='lat' dir='ltr'><strong>minime;</strong></span> <span class='ocrx_word' id='word_1_115' title='bbox 2040 1568 2179 1637; x_wconf 91' lang='lat' dir='ltr'><strong>quod</strong></span> 
     </span>
    </p>
   </div>
   <div class='ocr_carea' id='block_1_15' title="bbox 609 1660 2178 1732">
    <p class='ocr_par' dir='ltr' id='par_1_15' title="bbox 609 1660 2178 1732">
     <span class='ocr_line' id='line_1_15' title="bbox 609 1660 2178 1732; baseline -0.004 -15"><span class='ocrx_word' id='word_1_116' title='bbox 609 1664 728 1717; x_wconf 90' lang='lat' dir='ltr'><strong>aliis</strong></span> <span class='ocrx_word' id='word_1_117' title='bbox 753 1663 1090 1732; x_wconf 82' lang='lat' dir='ltr'><strong>peccantibus</strong></span> <span class='ocrx_word' id='word_1_118' title='bbox 1112 1662 1383 1717; x_wconf 80' lang='lat' dir='ltr'><strong>excusatio</strong></span> <span class='ocrx_word' id='word_1_119' title='bbox 1412 1661 1597 1724; x_wconf 91' lang='lat' dir='ltr'><strong>multa,</strong></span> <span class='ocrx_word' id='word_1_120' title='bbox 1628 1661 1727 1729; x_wconf 79' lang='lat' dir='ltr'><strong>ipsi</strong></span> <span class='ocrx_word' id='word_1_121' title='bbox 1756 1675 1883 1715; x_wconf 90' lang='lat' dir='ltr'><strong>vero</strong></span> <span class='ocrx_word' id='word_1_122' title='bbox 1910 1660 2047 1713; x_wconf 84' lang='lat' dir='ltr'><strong>nulla</strong></span> <span class='ocrx_word' id='word_1_123' title='bbox 2074 1661 2178 1713; x_wconf 89' lang='lat' dir='ltr'><strong>sit:</strong></span> 
     </span>
    </p>
   </div>
   <div class='ocr_carea' id='block_1_16' title="bbox 612 1751 2183 1821">
    <p class='ocr_par' dir='ltr' id='par_1_16' title="bbox 612 1751 2183 1821">
     <span class='ocr_line' id='line_1_16' title="bbox 612 1751 2183 1821; baseline 0 -17"><span class='ocrx_word' id='word_1_124' title='bbox 612 1753 677 1807; x_wconf 89' lang='lat' dir='ltr'><strong>ad</strong></span> <span class='ocrx_word' id='word_1_125' title='bbox 709 1753 844 1807; x_wconf 85' lang='lat' dir='ltr'><strong>hanc</strong></span> <span class='ocrx_word' id='word_1_126' title='bbox 872 1752 1180 1821; x_wconf 86' lang='lat' dir='ltr'><strong>dignitatem</strong></span> <span class='ocrx_word' id='word_1_127' title='bbox 1214 1768 1316 1805; x_wconf 88' lang='lat' dir='ltr'><strong>non</strong></span> <span class='ocrx_word' id='word_1_128' title='bbox 1367 1753 1706 1806; x_wconf 90' lang='lat' dir='ltr'><strong>accurrisses.</strong></span> <span class='ocrx_word' id='word_1_129' title='bbox 1754 1751 1851 1805; x_wconf 83' lang='lat' dir='ltr'><strong>llic</strong></span> <span class='ocrx_word' id='word_1_130' title='bbox 1893 1751 2034 1806; x_wconf 89' lang='lat' dir='ltr'><strong>enim</strong></span> <span class='ocrx_word' id='word_1_131' title='bbox 2061 1765 2183 1804; x_wconf 86' lang='lat' dir='ltr'><strong>om-</strong></span> 
     </span>
    </p>
   </div>
   <div class='ocr_carea' id='block_1_17' title="bbox 614 1840 2186 1911">
    <p class='ocr_par' dir='ltr' id='par_1_17' title="bbox 614 1840 2186 1911">
     <span class='ocr_line' id='line_1_17' title="bbox 614 1840 2186 1911; baseline 0 -17"><span class='ocrx_word' id='word_1_132' title='bbox 614 1844 755 1896; x_wconf 93' lang='lat' dir='ltr'><strong>nium</strong></span> <span class='ocrx_word' id='word_1_133' title='bbox 791 1843 982 1911; x_wconf 77' lang='lat' dir='ltr'><strong>linguis</strong></span> <span class='ocrx_word' id='word_1_134' title='bbox 1007 1843 1285 1908; x_wconf 85' lang='lat' dir='ltr'><strong>expositus</strong></span> <span class='ocrx_word' id='word_1_135' title='bbox 1316 1853 1415 1906; x_wconf 91' lang='lat' dir='ltr'><strong>cst,</strong></span> <span class='ocrx_word' id='word_1_136' title='bbox 1448 1843 1687 1896; x_wconf 85' lang='lat' dir='ltr'><strong>omnium</strong></span> <span class='ocrx_word' id='word_1_137' title='bbox 1710 1840 1937 1909; x_wconf 90' lang='lat' dir='ltr'><strong>judicio,</strong></span> <span class='ocrx_word' id='word_1_138' title='bbox 1970 1841 2186 1907; x_wconf 91' lang='lat' dir='ltr'><strong>sapien-</strong></span> 
     </span>
    </p>
   </div>
   <div class='ocr_carea' id='block_1_18' title="bbox 611 1930 2182 2000">
    <p class='ocr_par' dir='ltr' id='par_1_18' title="bbox 611 1930 2182 2000">
     <span class='ocr_line' id='line_1_18' title="bbox 611 1930 2182 2000; baseline -0.001 -16"><span class='ocrx_word' id='word_1_139' title='bbox 611 1933 737 1985; x_wconf 91' lang='lat' dir='ltr'><strong>tium</strong></span> <span class='ocrx_word' id='word_1_140' title='bbox 761 1940 813 1985; x_wconf 89' lang='lat' dir='ltr'><strong>et</strong></span> <span class='ocrx_word' id='word_1_141' title='bbox 844 1932 1201 1999; x_wconf 90' lang='lat' dir='ltr'><strong>insipientium</strong></span> <span class='ocrx_word' id='word_1_142' title='bbox 1232 1948 1245 1982; x_wconf 89' lang='lat'><strong>:</strong></span> <span class='ocrx_word' id='word_1_143' title='bbox 1271 1932 1592 2000; x_wconf 72' lang='lat' dir='ltr'><strong>qttotidianis</strong></span> <span class='ocrx_word' id='word_1_144' title='bbox 1617 1930 1758 1985; x_wconf 90' lang='lat' dir='ltr'><strong>curis</strong></span> <span class='ocrx_word' id='word_1_145' title='bbox 1778 1931 2041 1992; x_wconf 84' lang='lat' dir='ltr'><strong>atteritur,</strong></span> <span class='ocrx_word' id='word_1_146' title='bbox 2074 1930 2182 1983; x_wconf 89' lang='lat' dir='ltr'><strong>imo</strong></span> 
     </span>
    </p>
   </div>
   <div class='ocr_carea' id='block_1_19' title="bbox 610 2019 2183 2087">
    <p class='ocr_par' dir='ltr' id='par_1_19' title="bbox 610 2019 2183 2087">
     <span class='ocr_line' id='line_1_19' title="bbox 610 2019 2183 2087; baseline -0.003 -10"><span class='ocrx_word' id='word_1_147' title='bbox 610 2030 664 2077; x_wconf 82' lang='lat' dir='ltr'><strong>et</strong></span> <span class='ocrx_word' id='word_1_148' title='bbox 691 2022 964 2076; x_wconf 88' lang='lat' dir='ltr'><strong>nocturnis</strong></span> <span class='ocrx_word' id='word_1_149' title='bbox 992 2038 1004 2074; x_wconf 94' lang='lat'><strong>:</strong></span> <span class='ocrx_word' id='word_1_150' title='bbox 1039 2021 1323 2075; x_wconf 91' lang='lat' dir='ltr'><strong>multorum</strong></span> <span class='ocrx_word' id='word_1_151' title='bbox 1355 2021 1497 2083; x_wconf 88' lang='lat' dir='ltr'><strong>odio,</strong></span> <span class='ocrx_word' id='word_1_152' title='bbox 1528 2020 1815 2074; x_wconf 92' lang='lat' dir='ltr'><strong>multorum</strong></span> <span class='ocrx_word' id='word_1_153' title='bbox 1857 2019 2065 2073; x_wconf 71' lang='lat' dir='ltr'><strong>invidia:</strong></span> <span class='ocrx_word' id='word_1_154' title='bbox 2092 2032 2183 2087; x_wconf 83' lang='lat' dir='ltr'><strong>pa-</strong></span> 
     </span>
    </p>
   </div>
   <div class='ocr_carea' id='block_1_20' title="bbox 615 2108 2186 2178">
    <p class='ocr_par' dir='ltr' id='par_1_20' title="bbox 615 2108 2186 2178">
     <span class='ocr_line' id='line_1_20' title="bbox 615 2108 2186 2178; baseline -0.004 -11"><span class='ocrx_word' id='word_1_155' title='bbox 615 2121 709 2167; x_wconf 86' lang='lat' dir='ltr'><strong>tet.</strong></span> <span class='ocrx_word' id='word_1_156' title='bbox 734 2112 810 2167; x_wconf 83' lang='lat' dir='ltr'><strong>Ne</strong></span> <span class='ocrx_word' id='word_1_157' title='bbox 835 2112 961 2165; x_wconf 92' lang='lat' dir='ltr'><strong>mihi</strong></span> <span class='ocrx_word' id='word_1_158' title='bbox 989 2112 1131 2166; x_wconf 88' lang='lat' dir='ltr'><strong>enim</strong></span> <span class='ocrx_word' id='word_1_159' title='bbox 1156 2110 1222 2164; x_wconf 79' lang='lat' dir='ltr'><strong>de</strong></span> <span class='ocrx_word' id='word_1_160' title='bbox 1249 2111 1353 2164; x_wconf 87' lang='lat' dir='ltr'><strong>illis</strong></span> <span class='ocrx_word' id='word_1_161' title='bbox 1380 2112 1630 2178; x_wconf 88' lang='lat' dir='ltr'><strong>loquaris,</strong></span> <span class='ocrx_word' id='word_1_162' title='bbox 1653 2111 1741 2177; x_wconf 89' lang='lat' dir='ltr'><strong>qui</strong></span> <span class='ocrx_word' id='word_1_163' title='bbox 1770 2109 1947 2163; x_wconf 86' lang='lat' dir='ltr'><strong>omnia</strong></span> <span class='ocrx_word' id='word_1_164' title='bbox 1974 2108 2039 2161; x_wconf 89' lang='lat' dir='ltr'><strong>ad</strong></span> <span class='ocrx_word' id='word_1_165' title='bbox 2060 2122 2186 2178; x_wconf 87' lang='lat' dir='ltr'><strong>gra-</strong></span> 
     </span>
    </p>
   </div>
   <div class='ocr_carea' id='block_1_21' title="bbox 615 2200 2181 2269">
    <p class='ocr_par' dir='ltr' id='par_1_21' title="bbox 615 2200 2181 2269">
     <span class='ocr_line' id='line_1_21' title="bbox 615 2200 2181 2269; baseline -0.002 -14"><span class='ocrx_word' id='word_1_166' title='bbox 615 2204 739 2255; x_wconf 85' lang='lat' dir='ltr'><strong>tiam</strong></span> <span class='ocrx_word' id='word_1_167' title='bbox 773 2203 989 2264; x_wconf 87' lang='lat' dir='ltr'><strong>faciunt,</strong></span> <span class='ocrx_word' id='word_1_168' title='bbox 1021 2209 1072 2255; x_wconf 89' lang='lat' dir='ltr'><strong>et</strong></span> <span class='ocrx_word' id='word_1_169' title='bbox 1119 2201 1351 2256; x_wconf 88' lang='lat' dir='ltr'><strong>dormire</strong></span> <span class='ocrx_word' id='word_1_170' title='bbox 1398 2200 1638 2268; x_wconf 87' lang='lat' dir='ltr'><strong>cupiunt,</strong></span> <span class='ocrx_word' id='word_1_171' title='bbox 1676 2200 1764 2269; x_wconf 92' lang='lat' dir='ltr'><strong>qui</strong></span> <span class='ocrx_word' id='word_1_172' title='bbox 1796 2200 1860 2252; x_wconf 89' lang='lat' dir='ltr'><strong>ad</strong></span> <span class='ocrx_word' id='word_1_173' title='bbox 1894 2200 1993 2253; x_wconf 90' lang='lat' dir='ltr'><strong>hoc</strong></span> <span class='ocrx_word' id='word_1_174' title='bbox 2022 2212 2181 2267; x_wconf 77' lang='lat' dir='ltr'><strong>nego-</strong></span> 
     </span>
    </p>
   </div>
   <div class='ocr_carea' id='block_1_22' title="bbox 613 2291 2182 2361">
    <p class='ocr_par' dir='ltr' id='par_1_22' title="bbox 613 2291 2182 2361">
     <span class='ocr_line' id='line_1_22' title="bbox 613 2291 2182 2361; baseline 0 -16"><span class='ocrx_word' id='word_1_175' title='bbox 613 2295 740 2346; x_wconf 87' lang='lat' dir='ltr'><strong>tium</strong></span> <span class='ocrx_word' id='word_1_176' title='bbox 769 2294 916 2361; x_wconf 87' lang='lat' dir='ltr'><strong>quasi</strong></span> <span class='ocrx_word' id='word_1_177' title='bbox 945 2291 1010 2345; x_wconf 90' lang='lat' dir='ltr'><strong>ad</strong></span> <span class='ocrx_word' id='word_1_178' title='bbox 1034 2294 1265 2361; x_wconf 90' lang='lat' dir='ltr'><strong>requiem</strong></span> <span class='ocrx_word' id='word_1_179' title='bbox 1294 2293 1572 2347; x_wconf 88' lang='lat' dir='ltr'><strong>accedunt.</strong></span> <span class='ocrx_word' id='word_1_180' title='bbox 1623 2294 1695 2345; x_wconf 90' lang='lat' dir='ltr'><strong>De</strong></span> <span class='ocrx_word' id='word_1_181' title='bbox 1727 2292 1808 2344; x_wconf 90' lang='lat' dir='ltr'><strong>his</strong></span> <span class='ocrx_word' id='word_1_182' title='bbox 1836 2307 1938 2345; x_wconf 91' lang='lat' dir='ltr'><strong>non</strong></span> <span class='ocrx_word' id='word_1_183' title='bbox 1970 2292 2182 2358; x_wconf 88' lang='lat' dir='ltr'><strong>loquor,</strong></span> 
     </span>
    </p>
   </div>
   <div class='ocr_carea' id='block_1_23' title="bbox 612 2382 2183 2453">
    <p class='ocr_par' dir='ltr' id='par_1_23' title="bbox 612 2382 2183 2453">
     <span class='ocr_line' id='line_1_23' title="bbox 612 2382 2183 2453; baseline -0.001 -16"><span class='ocrx_word' id='word_1_184' title='bbox 612 2383 704 2437; x_wconf 85' lang='lat' dir='ltr'><strong>sed</strong></span> <span class='ocrx_word' id='word_1_185' title='bbox 734 2382 801 2436; x_wconf 92' lang='lat' dir='ltr'><strong>de</strong></span> <span class='ocrx_word' id='word_1_186' title='bbox 832 2383 915 2448; x_wconf 82' lang='lat' dir='ltr'><strong>iis,</strong></span> <span class='ocrx_word' id='word_1_187' title='bbox 948 2384 1038 2453; x_wconf 89' lang='lat' dir='ltr'><strong>qui</strong></span> <span class='ocrx_word' id='word_1_188' title='bbox 1083 2382 1296 2451; x_wconf 84' lang='lat' dir='ltr'><strong>vigilant</strong></span> <span class='ocrx_word' id='word_1_189' title='bbox 1345 2396 1439 2450; x_wconf 91' lang='lat' dir='ltr'><strong>pro</strong></span> <span class='ocrx_word' id='word_1_190' title='bbox 1491 2382 1767 2435; x_wconf 88' lang='lat' dir='ltr'><strong>animabus</strong></span> <span class='ocrx_word' id='word_1_191' title='bbox 1819 2384 2044 2445; x_wconf 77' lang='lat' dir='ltr'><strong>vestris,</strong></span> <span class='ocrx_word' id='word_1_192' title='bbox 2094 2384 2183 2449; x_wconf 87' lang='lat' dir='ltr'><strong>qui</strong></span> 
     </span>
    </p>
   </div>
   <div class='ocr_carea' id='block_1_24' title="bbox 612 2470 2182 2539">
    <p class='ocr_par' dir='ltr' id='par_1_24' title="bbox 612 2470 2182 2539">
     <span class='ocr_line' id='line_1_24' title="bbox 612 2470 2182 2539; baseline 0.001 -14"><span class='ocrx_word' id='word_1_193' title='bbox 612 2473 941 2527; x_wconf 81' lang='lat' dir='ltr'><strong>subditorum</strong></span> <span class='ocrx_word' id='word_1_194' title='bbox 968 2472 1191 2525; x_wconf 82' lang='lat' dir='ltr'><strong>salutem</strong></span> <span class='ocrx_word' id='word_1_195' title='bbox 1214 2486 1323 2525; x_wconf 69' lang='lat' dir='ltr'><strong>sum</strong></span> <span class='ocrx_word' id='word_1_196' title='bbox 1349 2479 1697 2539; x_wconf 87' lang='lat' dir='ltr'><strong>anteponunt.</strong></span> <span class='ocrx_word' id='word_1_197' title='bbox 1729 2470 1824 2525; x_wconf 90' lang='lat' dir='ltr'><strong>Dic</strong></span> <span class='ocrx_word' id='word_1_198' title='bbox 1846 2471 1973 2525; x_wconf 91' lang='lat' dir='ltr'><strong>mihi</strong></span> <span class='ocrx_word' id='word_1_199' title='bbox 2002 2489 2014 2525; x_wconf 90' lang='lat'><strong>:</strong></span> <span class='ocrx_word' id='word_1_200' title='bbox 2045 2473 2087 2525; x_wconf 89' lang='lat' dir='ltr'><strong>si</strong></span> <span class='ocrx_word' id='word_1_201' title='bbox 2116 2473 2182 2538; x_wconf 85' lang='lat' dir='ltr'><strong>is,</strong></span> 
     </span>
    </p>
   </div>
   <div class='ocr_carea' id='block_1_25' title="bbox 614 2558 2185 2633">
    <p class='ocr_par' dir='ltr' id='par_1_25' title="bbox 614 2558 2185 2633">
     <span class='ocr_line' id='line_1_25' title="bbox 614 2558 2185 2633; baseline 0.003 -18"><span class='ocrx_word' id='word_1_202' title='bbox 614 2563 703 2631; x_wconf 91' lang='lat' dir='ltr'><strong>qui</strong></span> <span class='ocrx_word' id='word_1_203' title='bbox 734 2570 917 2617; x_wconf 92' lang='lat' dir='ltr'><strong>decem</strong></span> <span class='ocrx_word' id='word_1_204' title='bbox 948 2558 1085 2617; x_wconf 85' lang='lat' dir='ltr'><strong>filios</strong></span> <span class='ocrx_word' id='word_1_205' title='bbox 1126 2563 1284 2616; x_wconf 84' lang='lat' dir='ltr'><strong>habet</strong></span> <span class='ocrx_word' id='word_1_206' title='bbox 1312 2564 1569 2625; x_wconf 88' lang='lat' dir='ltr'><strong>subditos,</strong></span> <span class='ocrx_word' id='word_1_207' title='bbox 1604 2577 1787 2618; x_wconf 85' lang='lat' dir='ltr'><strong>secnm</strong></span> <span class='ocrx_word' id='word_1_208' title='bbox 1834 2577 2049 2633; x_wconf 89' lang='lat' dir='ltr'><strong>semper</strong></span> <span class='ocrx_word' id='word_1_209' title='bbox 2085 2563 2185 2619; x_wconf 88' lang='lat' dir='ltr'><strong>ha-</strong></span> 
     </span>
    </p>
   </div>
   <div class='ocr_carea' id='block_1_26' title="bbox 616 2653 2187 2721">
    <p class='ocr_par' dir='ltr' id='par_1_26' title="bbox 616 2653 2187 2721">
     <span class='ocr_line' id='line_1_26' title="bbox 616 2653 2187 2721; baseline 0.002 -15"><span class='ocrx_word' id='word_1_210' title='bbox 616 2656 862 2721; x_wconf 87' lang='lat' dir='ltr'><strong>bitantes,</strong></span> <span class='ocrx_word' id='word_1_211' title='bbox 907 2655 1021 2709; x_wconf 88' lang='lat' dir='ltr'><strong>sine</strong></span> <span class='ocrx_word' id='word_1_212' title='bbox 1062 2653 1456 2708; x_wconf 89' lang='lat' dir='ltr'><strong>intermissione</strong></span> <span class='ocrx_word' id='word_1_213' title='bbox 1498 2668 1680 2707; x_wconf 88' lang='lat' dir='ltr'><strong>curam</strong></span> <span class='ocrx_word' id='word_1_214' title='bbox 1728 2654 1938 2707; x_wconf 90' lang='lat' dir='ltr'><strong>illorum</strong></span> <span class='ocrx_word' id='word_1_215' title='bbox 1991 2654 2187 2709; x_wconf 89' lang='lat' dir='ltr'><strong>habere</strong></span> 
     </span>
    </p>
   </div>
   <div class='ocr_carea' id='block_1_27' title="bbox 612 2744 2185 2815">
    <p class='ocr_par' dir='ltr' id='par_1_27' title="bbox 612 2744 2185 2815">
     <span class='ocr_line' id='line_1_27' title="bbox 612 2744 2185 2815; baseline 0.001 -16"><span class='ocrx_word' id='word_1_216' title='bbox 612 2746 851 2815; x_wconf 87' lang='lat' dir='ltr'><strong>cogitur;</strong></span> <span class='ocrx_word' id='word_1_217' title='bbox 884 2746 944 2809; x_wconf 89' lang='lat' dir='ltr'><strong>is,</strong></span> <span class='ocrx_word' id='word_1_218' title='bbox 975 2746 1059 2813; x_wconf 91' lang='lat' dir='ltr'><strong>qui</strong></span> <span class='ocrx_word' id='word_1_219' title='bbox 1094 2752 1169 2798; x_wconf 91' lang='lat' dir='ltr'><strong>tot</strong></span> <span class='ocrx_word' id='word_1_220' title='bbox 1194 2744 1373 2810; x_wconf 84' lang='lat' dir='ltr'><strong>habet,</strong></span> <span class='ocrx_word' id='word_1_221' title='bbox 1401 2758 1505 2797; x_wconf 92' lang='lat' dir='ltr'><strong>non</strong></span> <span class='ocrx_word' id='word_1_222' title='bbox 1532 2744 1632 2799; x_wconf 88' lang='lat' dir='ltr'><strong>sub</strong></span> <span class='ocrx_word' id='word_1_223' title='bbox 1654 2760 1811 2799; x_wconf 76' lang='lat' dir='ltr'><strong>manu</strong></span> <span class='ocrx_word' id='word_1_224' title='bbox 1836 2745 2059 2813; x_wconf 84' lang='lat' dir='ltr'><strong>positos.</strong></span> <span class='ocrx_word' id='word_1_225' title='bbox 2082 2761 2185 2801; x_wconf 91' lang='lat' dir='ltr'><strong>non</strong></span> 
     </span>
    </p>
   </div>
   <div class='ocr_carea' id='block_1_28' title="bbox 611 2834 2183 2906">
    <p class='ocr_par' dir='ltr' id='par_1_28' title="bbox 611 2834 2183 2906">
     <span class='ocr_line' id='line_1_28' title="bbox 611 2834 2183 2906; baseline 0.001 -17"><span class='ocrx_word' id='word_1_226' title='bbox 611 2836 996 2900; x_wconf 88' lang='lat' dir='ltr'><strong>eohabitautes,</strong></span> <span class='ocrx_word' id='word_1_227' title='bbox 1029 2834 1121 2889; x_wconf 87' lang='lat' dir='ltr'><strong>sed</strong></span> <span class='ocrx_word' id='word_1_228' title='bbox 1149 2834 1451 2890; x_wconf 86' lang='lat' dir='ltr'><strong>auctoritati</strong></span> <span class='ocrx_word' id='word_1_229' title='bbox 1482 2850 1593 2890; x_wconf 69' lang='lat' dir='ltr'><strong>sure</strong></span> <span class='ocrx_word' id='word_1_230' title='bbox 1629 2835 2008 2905; x_wconf 81' lang='lat' dir='ltr'><strong>obsequentes,</strong></span> <span class='ocrx_word' id='word_1_231' title='bbox 2052 2854 2183 2906; x_wconf 90' lang='lat' dir='ltr'><strong>qua-</strong></span> 
     </span>
    </p>
   </div>
   <div class='ocr_carea' id='block_1_29' title="bbox 614 2926 2183 3003">
    <p class='ocr_par' dir='ltr' id='par_1_29' title="bbox 614 2926 2183 3003">
     <span class='ocr_line' id='line_1_29' title="bbox 614 2926 2183 3003; baseline -0.001 -21"><span class='ocrx_word' id='word_1_232' title='bbox 614 2932 715 2982; x_wconf 86' lang='lat' dir='ltr'><strong>lem</strong></span> <span class='ocrx_word' id='word_1_233' title='bbox 746 2944 863 3003; x_wconf 84' lang='lat' dir='ltr'><strong>esse</strong></span> <span class='ocrx_word' id='word_1_234' title='bbox 890 2927 1137 2998; x_wconf 88' lang='lat' dir='ltr'><strong>oportet?</strong></span> <span class='ocrx_word' id='word_1_235' title='bbox 1176 2927 1303 2992; x_wconf 86' lang='lat' dir='ltr'><strong>Sed,</strong></span> <span class='ocrx_word' id='word_1_236' title='bbox 1354 2928 1581 2996; x_wconf 90' lang='lat' dir='ltr'><strong>inquies,</strong></span> <span class='ocrx_word' id='word_1_237' title='bbox 1612 2927 1665 2981; x_wconf 91' lang='lat' dir='ltr'><strong>in</strong></span> <span class='ocrx_word' id='word_1_238' title='bbox 1693 2926 1897 2983; x_wconf 89' lang='lat' dir='ltr'><strong>honore</strong></span> <span class='ocrx_word' id='word_1_239' title='bbox 1940 2928 2183 2984; x_wconf 85' lang='lat' dir='ltr'><strong>habetur.</strong></span> 
     </span>
    </p>
   </div>
   <div class='ocr_carea' id='block_1_30' title="bbox 612 3015 2185 3087">
    <p class='ocr_par' dir='ltr' id='par_1_30' title="bbox 612 3015 2185 3087">
     <span class='ocr_line' id='line_1_30' title="bbox 612 3015 2185 3087; baseline -0.001 -15"><span class='ocrx_word' id='word_1_240' title='bbox 612 3019 668 3072; x_wconf 87' lang='lat' dir='ltr'><strong>In</strong></span> <span class='ocrx_word' id='word_1_241' title='bbox 704 3032 808 3087; x_wconf 89' lang='lat' dir='ltr'><strong>quo</strong></span> <span class='ocrx_word' id='word_1_242' title='bbox 849 3017 1088 3070; x_wconf 79' lang='lat' dir='ltr'><strong>honore?</strong></span> <span class='ocrx_word' id='word_1_243' title='bbox 1138 3016 1404 3084; x_wconf 78' lang='lat' dir='ltr'><strong>Pauperes</strong></span> <span class='ocrx_word' id='word_1_244' title='bbox 1453 3015 1692 3071; x_wconf 77' lang='lat' dir='ltr'><strong>vilissimi</strong></span> <span class='ocrx_word' id='word_1_245' title='bbox 1742 3018 1795 3069; x_wconf 90' lang='lat' dir='ltr'><strong>in</strong></span> <span class='ocrx_word' id='word_1_246' title='bbox 1852 3018 1964 3072; x_wconf 91' lang='lat' dir='ltr'><strong>foro</strong></span> <span class='ocrx_word' id='word_1_247' title='bbox 2016 3018 2185 3085; x_wconf 89' lang='lat' dir='ltr'><strong>ipsum</strong></span> 
     </span>
    </p>
   </div>
   <div class='ocr_carea' id='block_1_31' title="bbox 613 3106 2189 3175">
    <p class='ocr_par' dir='ltr' id='par_1_31' title="bbox 613 3106 2189 3175">
     <span class='ocr_line' id='line_1_31' title="bbox 613 3106 2189 3175; baseline 0.001 -15"><span class='ocrx_word' id='word_1_248' title='bbox 613 3107 867 3161; x_wconf 76' lang='lat' dir='ltr'><strong>conviciis</strong></span> <span class='ocrx_word' id='word_1_249' title='bbox 914 3107 1168 3161; x_wconf 57' lang='lat' dir='ltr'><strong>lacerant.</strong></span> <span class='ocrx_word' id='word_1_250' title='bbox 1218 3106 1325 3159; x_wconf 88' lang='lat' dir='ltr'><strong>Cur</strong></span> <span class='ocrx_word' id='word_1_251' title='bbox 1368 3120 1496 3175; x_wconf 90' lang='lat' dir='ltr'><strong>ergo</strong></span> <span class='ocrx_word' id='word_1_252' title='bbox 1540 3106 1645 3159; x_wconf 90' lang='lat' dir='ltr'><strong>illis</strong></span> <span class='ocrx_word' id='word_1_253' title='bbox 1684 3122 1788 3159; x_wconf 76' lang='lat' dir='ltr'><strong>non</strong></span> <span class='ocrx_word' id='word_1_254' title='bbox 1821 3122 1880 3158; x_wconf 86' lang='lat' dir='ltr'><strong>os</strong></span> <span class='ocrx_word' id='word_1_255' title='bbox 1910 3106 2189 3161; x_wconf 84' lang='lat' dir='ltr'><strong>occludit?</strong></span> 
     </span>
    </p>
   </div>
   <div class='ocr_carea' id='block_1_32' title="bbox 613 3196 2187 3266">
    <p class='ocr_par' dir='ltr' id='par_1_32' title="bbox 613 3196 2187 3266">
     <span class='ocr_line' id='line_1_32' title="bbox 613 3196 2187 3266; baseline 0.001 -13"><span class='ocrx_word' id='word_1_256' title='bbox 613 3198 761 3253; x_wconf 88' lang='lat' dir='ltr'><strong>Belle</strong></span> <span class='ocrx_word' id='word_1_257' title='bbox 782 3213 910 3255; x_wconf 83' lang='lat' dir='ltr'><strong>sane</strong></span> <span class='ocrx_word' id='word_1_258' title='bbox 932 3214 946 3262; x_wconf 92' lang='lat'><strong>;</strong></span> <span class='ocrx_word' id='word_1_259' title='bbox 968 3197 1059 3251; x_wconf 88' lang='lat' dir='ltr'><strong>sed</strong></span> <span class='ocrx_word' id='word_1_260' title='bbox 1090 3213 1193 3250; x_wconf 89' lang='lat' dir='ltr'><strong>non</strong></span> <span class='ocrx_word' id='word_1_261' title='bbox 1220 3211 1354 3265; x_wconf 87' lang='lat' dir='ltr'><strong>opus</strong></span> <span class='ocrx_word' id='word_1_262' title='bbox 1371 3196 1607 3266; x_wconf 81' lang='lat' dir='ltr'><strong>episcOpi</strong></span> <span class='ocrx_word' id='word_1_263' title='bbox 1631 3212 1833 3250; x_wconf 85' lang='lat' dir='ltr'><strong>narras.</strong></span> <span class='ocrx_word' id='word_1_264' title='bbox 1860 3197 2061 3252; x_wconf 80' lang='lat' dir='ltr'><strong>Rursus</strong></span> <span class='ocrx_word' id='word_1_265' title='bbox 2086 3200 2187 3254; x_wconf 89' lang='lat' dir='ltr'><strong>nisi</strong></span> 
     </span>
    </p>
   </div>
   <div class='ocr_carea' id='block_1_33' title="bbox 612 3285 2184 3357">
    <p class='ocr_par' dir='ltr' id='par_1_33' title="bbox 612 3285 2184 3357">
     <span class='ocr_line' id='line_1_33' title="bbox 612 3285 2184 3357; baseline 0.001 -14"><span class='ocrx_word' id='word_1_266' title='bbox 612 3288 856 3343; x_wconf 88' lang='lat' dir='ltr'><strong>omnibus</strong></span> <span class='ocrx_word' id='word_1_267' title='bbox 884 3288 1151 3356; x_wconf 78' lang='lat' dir='ltr'><strong>largiatur,</strong></span> <span class='ocrx_word' id='word_1_268' title='bbox 1173 3295 1278 3340; x_wconf 94' lang='lat' dir='ltr'><strong>tam</strong></span> <span class='ocrx_word' id='word_1_269' title='bbox 1299 3285 1505 3351; x_wconf 82' lang='lat' dir='ltr'><strong>otiosis,</strong></span> <span class='ocrx_word' id='word_1_270' title='bbox 1536 3301 1695 3356; x_wconf 88' lang='lat' dir='ltr'><strong>quam</strong></span> <span class='ocrx_word' id='word_1_271' title='bbox 1726 3288 1811 3351; x_wconf 87' lang='lat' dir='ltr'><strong>iis,</strong></span> <span class='ocrx_word' id='word_1_272' title='bbox 1844 3289 1931 3356; x_wconf 90' lang='lat' dir='ltr'><strong>qui</strong></span> <span class='ocrx_word' id='word_1_273' title='bbox 1955 3304 2184 3357; x_wconf 89' lang='lat' dir='ltr'><strong>opcran-</strong></span> 
     </span>
    </p>
   </div>
   <div class='ocr_carea' id='block_1_34' title="bbox 616 3378 2187 3449">
    <p class='ocr_par' dir='ltr' id='par_1_34' title="bbox 616 3378 2187 3449">
     <span class='ocr_line' id='line_1_34' title="bbox 616 3378 2187 3449; baseline 0.001 -14"><span class='ocrx_word' id='word_1_274' title='bbox 616 3392 720 3443; x_wconf 85' lang='lat' dir='ltr'><strong>tur,</strong></span> <span class='ocrx_word' id='word_1_275' title='bbox 758 3381 901 3439; x_wconf 87' lang='lat' dir='ltr'><strong>mille</strong></span> <span class='ocrx_word' id='word_1_276' title='bbox 939 3380 1169 3449; x_wconf 89' lang='lat' dir='ltr'><strong>undique</strong></span> <span class='ocrx_word' id='word_1_277' title='bbox 1200 3378 1656 3433; x_wconf 84' lang='lat' dir='ltr'><strong>criminationibus</strong></span> <span class='ocrx_word' id='word_1_278' title='bbox 1695 3380 1968 3448; x_wconf 86' lang='lat' dir='ltr'><strong>impetitur</strong></span> <span class='ocrx_word' id='word_1_279' title='bbox 1996 3397 2187 3437; x_wconf 86' lang='lat' dir='ltr'><strong>:nemo</strong></span> 
     </span>
    </p>
   </div>
   <div class='ocr_carea' id='block_1_35' title="bbox 618 3471 2189 3545">
    <p class='ocr_par' dir='ltr' id='par_1_35' title="bbox 618 3471 2189 3545">
     <span class='ocr_line' id='line_1_35' title="bbox 618 3471 2189 3545; baseline -0.001 -17"><span class='ocrx_word' id='word_1_280' title='bbox 618 3478 770 3529; x_wconf 90' lang='lat' dir='ltr'><strong>timet</strong></span> <span class='ocrx_word' id='word_1_281' title='bbox 790 3474 932 3527; x_wconf 89' lang='lat' dir='ltr'><strong>illum</strong></span> <span class='ocrx_word' id='word_1_282' title='bbox 956 3487 1208 3527; x_wconf 88' lang='lat' dir='ltr'><strong>accusare</strong></span> <span class='ocrx_word' id='word_1_283' title='bbox 1236 3480 1290 3525; x_wconf 85' lang='lat' dir='ltr'><strong>et</strong></span> <span class='ocrx_word' id='word_1_284' title='bbox 1306 3472 1595 3525; x_wconf 89' lang='lat' dir='ltr'><strong>criminari.</strong></span> <span class='ocrx_word' id='word_1_285' title='bbox 1617 3471 1748 3525; x_wconf 86' lang='lat' dir='ltr'><strong>Nam</strong></span> <span class='ocrx_word' id='word_1_286' title='bbox 1770 3488 1894 3542; x_wconf 82' lang='lat' dir='ltr'><strong>erga</strong></span> <span class='ocrx_word' id='word_1_287' title='bbox 1924 3474 2189 3545; x_wconf 80' lang='lat' dir='ltr'><strong>principes</strong></span> 
     </span>
    </p>
   </div>
   <div class='ocr_carea' id='block_1_36' title="bbox 615 3560 2189 3631">
    <p class='ocr_par' dir='ltr' id='par_1_36' title="bbox 615 3560 2189 3631">
     <span class='ocr_line' id='line_1_36' title="bbox 615 3560 2189 3631; baseline 0.001 -12"><span class='ocrx_word' id='word_1_288' title='bbox 615 3573 785 3619; x_wconf 89' lang='lat' dir='ltr'><strong>metus</strong></span> <span class='ocrx_word' id='word_1_289' title='bbox 799 3563 1032 3627; x_wconf 85' lang='lat' dir='ltr'><strong>cohibet,</strong></span> <span class='ocrx_word' id='word_1_290' title='bbox 1049 3577 1171 3631; x_wconf 89' lang='lat' dir='ltr'><strong>erga</strong></span> <span class='ocrx_word' id='word_1_291' title='bbox 1197 3562 1293 3615; x_wconf 89' lang='lat' dir='ltr'><strong>hos</strong></span> <span class='ocrx_word' id='word_1_292' title='bbox 1310 3560 1546 3616; x_wconf 89' lang='lat' dir='ltr'><strong>minime.</strong></span> <span class='ocrx_word' id='word_1_293' title='bbox 1567 3562 1719 3631; x_wconf 83' lang='lat' dir='ltr'><strong>Apud</strong></span> <span class='ocrx_word' id='word_1_294' title='bbox 1740 3562 1856 3617; x_wconf 91' lang='lat' dir='ltr'><strong>illos</strong></span> <span class='ocrx_word' id='word_1_295' title='bbox 1871 3566 2010 3618; x_wconf 89' lang='lat' dir='ltr'><strong>enim</strong></span> <span class='ocrx_word' id='word_1_296' title='bbox 2030 3565 2189 3621; x_wconf 87' lang='lat' dir='ltr'><strong>timor</strong></span> 
     </span>
    </p>
   </div>
   <div class='ocr_carea' id='block_1_37' title="bbox 615 3651 2189 3720">
    <p class='ocr_par' dir='ltr' id='par_1_37' title="bbox 615 3651 2189 3720">
     <span class='ocr_line' id='line_1_37' title="bbox 615 3651 2189 3720; baseline 0 -12"><span class='ocrx_word' id='word_1_297' title='bbox 615 3656 705 3710; x_wconf 89' lang='lat' dir='ltr'><strong>Dei</strong></span> <span class='ocrx_word' id='word_1_298' title='bbox 722 3653 847 3707; x_wconf 82' lang='lat' dir='ltr'><strong>nihil</strong></span> <span class='ocrx_word' id='word_1_299' title='bbox 867 3653 1024 3706; x_wconf 90' lang='lat' dir='ltr'><strong>valet.</strong></span> <span class='ocrx_word' id='word_1_300' title='bbox 1049 3651 1176 3717; x_wconf 90' lang='lat' dir='ltr'><strong>Quis</strong></span> <span class='ocrx_word' id='word_1_301' title='bbox 1188 3659 1572 3719; x_wconf 65' lang='lat' dir='ltr'><strong>repraesentare</strong></span> <span class='ocrx_word' id='word_1_302' title='bbox 1595 3652 1761 3720; x_wconf 87' lang='lat' dir='ltr'><strong>possit</strong></span> <span class='ocrx_word' id='word_1_303' title='bbox 1781 3666 1961 3707; x_wconf 88' lang='lat' dir='ltr'><strong>curam</strong></span> <span class='ocrx_word' id='word_1_304' title='bbox 1983 3653 2049 3707; x_wconf 89' lang='lat' dir='ltr'><strong>de</strong></span> <span class='ocrx_word' id='word_1_305' title='bbox 2068 3670 2189 3708; x_wconf 84' lang='lat' dir='ltr'><strong>ver-</strong></span> 
     </span>
    </p>
   </div>
   <div class='ocr_carea' id='block_1_38' title="bbox 614 3738 2188 3825">
    <p class='ocr_par' dir='ltr' id='par_1_38' title="bbox 614 3738 2188 3825">
     <span class='ocr_line' id='line_1_38' title="bbox 614 3738 2188 3825; baseline 0 -26"><span class='ocrx_word' id='word_1_306' title='bbox 614 3745 683 3799; x_wconf 91' lang='lat' dir='ltr'><strong>bo</strong></span> <span class='ocrx_word' id='word_1_307' title='bbox 701 3752 753 3798; x_wconf 90' lang='lat' dir='ltr'><strong>et</strong></span> <span class='ocrx_word' id='word_1_308' title='bbox 779 3742 1043 3807; x_wconf 88' lang='lat' dir='ltr'><strong>doctrina,</strong></span> <span class='ocrx_word' id='word_1_309' title='bbox 1074 3738 1439 3794; x_wconf 77' lang='lat' dir='ltr'><strong>difficultatem</strong></span> <span class='ocrx_word' id='word_1_310' title='bbox 1468 3742 1519 3794; x_wconf 91' lang='lat' dir='ltr'><strong>in</strong></span> <span class='ocrx_word' id='word_1_311' title='bbox 1545 3742 2011 3797; x_wconf 71' lang='lat' dir='ltr'><strong>ordinatiOnibus?</strong></span> <span class='ocrx_word' id='word_1_312' title='bbox 2054 3744 2188 3825; x_wconf 64' lang='lat' dir='ltr'><strong>For;</strong></span> 
     </span>
    </p>
   </div>
   <div class='ocr_carea' id='block_1_39' title="bbox 616 3829 2187 3901">
    <p class='ocr_par' dir='ltr' id='par_1_39' title="bbox 616 3829 2187 3901">
     <span class='ocr_line' id='line_1_39' title="bbox 616 3829 2187 3901; baseline 0.002 -16"><span class='ocrx_word' id='word_1_313' title='bbox 616 3844 757 3887; x_wconf 25' lang='lat' dir='ltr'><strong>tarse</strong></span> <span class='ocrx_word' id='word_1_314' title='bbox 777 3832 856 3886; x_wconf 91' lang='lat' dir='ltr'><strong>vel</strong></span> <span class='ocrx_word' id='word_1_315' title='bbox 879 3847 976 3901; x_wconf 88' lang='lat' dir='ltr'><strong>ego</strong></span> <span class='ocrx_word' id='word_1_316' title='bbox 997 3829 1283 3884; x_wconf 88' lang='lat' dir='ltr'><strong>admodum</strong></span> <span class='ocrx_word' id='word_1_317' title='bbox 1307 3829 1600 3885; x_wconf 90' lang='lat' dir='ltr'><strong>imbecillus</strong></span> <span class='ocrx_word' id='word_1_318' title='bbox 1624 3845 1760 3895; x_wconf 87' lang='lat' dir='ltr'><strong>sum,</strong></span> <span class='ocrx_word' id='word_1_319' title='bbox 1787 3833 1964 3895; x_wconf 88' lang='lat' dir='ltr'><strong>miser,</strong></span> <span class='ocrx_word' id='word_1_320' title='bbox 1988 3842 2040 3887; x_wconf 87' lang='lat' dir='ltr'><strong>et</strong></span> <span class='ocrx_word' id='word_1_321' title='bbox 2068 3837 2187 3888; x_wconf 87' lang='lat' dir='ltr'><strong>nul-</strong></span> 
     </span>
    </p>
   </div>
   <div class='ocr_carea' id='block_1_40' title="bbox 617 3920 2186 3992">
    <p class='ocr_par' dir='ltr' id='par_1_40' title="bbox 617 3920 2186 3992">
     <span class='ocr_line' id='line_1_40' title="bbox 617 3920 2186 3992; baseline 0.001 -15"><span class='ocrx_word' id='word_1_322' title='bbox 617 3925 718 3977; x_wconf 93' lang='lat' dir='ltr'><strong>lius</strong></span> <span class='ocrx_word' id='word_1_323' title='bbox 737 3923 925 3992; x_wconf 86' lang='lat' dir='ltr'><strong>pretii;</strong></span> <span class='ocrx_word' id='word_1_324' title='bbox 950 3922 1031 3977; x_wconf 90' lang='lat' dir='ltr'><strong>vel</strong></span> <span class='ocrx_word' id='word_1_325' title='bbox 1050 3936 1136 3975; x_wconf 90' lang='lat' dir='ltr'><strong>res</strong></span> <span class='ocrx_word' id='word_1_326' title='bbox 1154 3922 1223 3975; x_wconf 91' lang='lat' dir='ltr'><strong>ita</strong></span> <span class='ocrx_word' id='word_1_327' title='bbox 1246 3936 1302 3976; x_wconf 90' lang='lat' dir='ltr'><strong>se</strong></span> <span class='ocrx_word' id='word_1_328' title='bbox 1322 3920 1500 3983; x_wconf 85' lang='lat' dir='ltr'><strong>habet,</strong></span> <span class='ocrx_word' id='word_1_329' title='bbox 1518 3932 1575 3975; x_wconf 91' lang='lat' dir='ltr'><strong>ut</strong></span> <span class='ocrx_word' id='word_1_330' title='bbox 1592 3922 1727 3975; x_wconf 88' lang='lat' dir='ltr'><strong>dico.</strong></span> <span class='ocrx_word' id='word_1_331' title='bbox 1750 3922 2054 3979; x_wconf 90' lang='lat' dir='ltr'><strong>Sacerdotis</strong></span> <span class='ocrx_word' id='word_1_332' title='bbox 2073 3928 2157 3979; x_wconf 91' lang='lat' dir='ltr'><strong>ani</strong></span> <span class='ocrx_word' id='word_1_333' title='bbox 2171 3958 2186 3967; x_wconf 93' lang='lat'><strong>-</strong></span> 
     </span>
    </p>
   </div>
   <div class='ocr_carea' id='block_1_41' title="bbox 618 4011 2189 4089">
    <p class='ocr_par' dir='ltr' id='par_1_41' title="bbox 618 4011 2189 4089">
     <span class='ocr_line' id='line_1_41' title="bbox 618 4011 2189 4089; baseline 0.004 -21"><span class='ocrx_word' id='word_1_334' title='bbox 618 4030 699 4069; x_wconf 90' lang='lat' dir='ltr'><strong>ma</strong></span> <span class='ocrx_word' id='word_1_335' title='bbox 716 4015 844 4068; x_wconf 91' lang='lat' dir='ltr'><strong>nihil</strong></span> <span class='ocrx_word' id='word_1_336' title='bbox 863 4014 1037 4068; x_wconf 85' lang='lat' dir='ltr'><strong>dill‘ert</strong></span> <span class='ocrx_word' id='word_1_337' title='bbox 1053 4029 1079 4065; x_wconf 91' lang='lat' dir='ltr'><strong>a</strong></span> <span class='ocrx_word' id='word_1_338' title='bbox 1101 4013 1216 4066; x_wconf 88' lang='lat' dir='ltr'><strong>navi</strong></span> <span class='ocrx_word' id='word_1_339' title='bbox 1244 4011 1489 4067; x_wconf 77' lang='lat' dir='ltr'><strong>fluctibus</strong></span> <span class='ocrx_word' id='word_1_340' title='bbox 1511 4014 1705 4086; x_wconf 82' lang='lat' dir='ltr'><strong>agitata</strong></span> <span class='ocrx_word' id='word_1_341' title='bbox 1731 4014 1989 4084; x_wconf 85' lang='lat' dir='ltr'><strong>:undique</strong></span> <span class='ocrx_word' id='word_1_342' title='bbox 2006 4018 2189 4089; x_wconf 78' lang='lat' dir='ltr'><strong>pungi-</strong></span> 
     </span>
    </p>
   </div>
   <div class='ocr_carea' id='block_1_42' title="bbox 617 4104 2187 4169">
    <p class='ocr_par' dir='ltr' id='par_1_42' title="bbox 617 4104 2187 4169">
     <span class='ocr_line' id='line_1_42' title="bbox 617 4104 2187 4169; baseline 0.003 -10"><span class='ocrx_word' id='word_1_343' title='bbox 617 4117 721 4165; x_wconf 81' lang='lat' dir='ltr'><strong>tur,</strong></span> <span class='ocrx_word' id='word_1_344' title='bbox 745 4105 812 4158; x_wconf 90' lang='lat' dir='ltr'><strong>ab</strong></span> <span class='ocrx_word' id='word_1_345' title='bbox 832 4105 1035 4169; x_wconf 89' lang='lat' dir='ltr'><strong>amicis,</strong></span> <span class='ocrx_word' id='word_1_346' title='bbox 1076 4107 1141 4158; x_wconf 85' lang='lat' dir='ltr'><strong>ab</strong></span> <span class='ocrx_word' id='word_1_347' title='bbox 1170 4104 1429 4169; x_wconf 81' lang='lat' dir='ltr'><strong>inimicis;</strong></span> <span class='ocrx_word' id='word_1_348' title='bbox 1458 4118 1487 4156; x_wconf 90' lang='lat' dir='ltr'><strong>a</strong></span> <span class='ocrx_word' id='word_1_349' title='bbox 1519 4104 1650 4169; x_wconf 85' lang='lat' dir='ltr'><strong>suis,</strong></span> <span class='ocrx_word' id='word_1_350' title='bbox 1679 4104 1745 4155; x_wconf 90' lang='lat' dir='ltr'><strong>ab</strong></span> <span class='ocrx_word' id='word_1_351' title='bbox 1771 4104 1979 4157; x_wconf 89' lang='lat' dir='ltr'><strong>alienis.</strong></span> <span class='ocrx_word' id='word_1_352' title='bbox 2000 4112 2187 4163; x_wconf 78' lang='lat' dir='ltr'><strong>Annon</strong></span> 
     </span>
    </p>
   </div>
   <div class='ocr_carea' id='block_1_43' title="bbox 624 4190 2188 4262">
    <p class='ocr_par' dir='ltr' id='par_1_43' title="bbox 624 4190 2188 4262">
     <span class='ocr_line' id='line_1_43' title="bbox 624 4190 2188 4262; baseline 0.003 -15"><span class='ocrx_word' id='word_1_353' title='bbox 624 4197 767 4249; x_wconf 82' lang='lat' dir='ltr'><strong>orbis</strong></span> <span class='ocrx_word' id='word_1_354' title='bbox 795 4206 875 4249; x_wconf 85' lang='lat' dir='ltr'><strong>est</strong></span> <span class='ocrx_word' id='word_1_355' title='bbox 905 4193 1212 4262; x_wconf 85' lang='lat' dir='ltr'><strong>Imperatori</strong></span> <span class='ocrx_word' id='word_1_356' title='bbox 1238 4190 1619 4257; x_wconf 87' lang='lat' dir='ltr'><strong>subditus;hic</strong></span> <span class='ocrx_word' id='word_1_357' title='bbox 1651 4208 1780 4248; x_wconf 90' lang='lat' dir='ltr'><strong>vero</strong></span> <span class='ocrx_word' id='word_1_358' title='bbox 1806 4209 1959 4247; x_wconf 89' lang='lat' dir='ltr'><strong>unam</strong></span> <span class='ocrx_word' id='word_1_359' title='bbox 1988 4204 2188 4252; x_wconf 86' lang='lat' dir='ltr'><strong>tantum</strong></span> 
     </span>
    </p>
   </div>
   <div class='ocr_carea' id='block_1_44' title="bbox 617 4283 2190 4353">
    <p class='ocr_par' dir='ltr' id='par_1_44' title="bbox 617 4283 2190 4353">
     <span class='ocr_line' id='line_1_44' title="bbox 617 4283 2190 4353; baseline 0.001 -14"><span class='ocrx_word' id='word_1_360' title='bbox 617 4286 884 4341; x_wconf 86' lang='lat' dir='ltr'><strong>civitatem</strong></span> <span class='ocrx_word' id='word_1_361' title='bbox 924 4283 1107 4351; x_wconf 79' lang='lat' dir='ltr'><strong>regit?</strong></span> <span class='ocrx_word' id='word_1_362' title='bbox 1155 4283 1224 4338; x_wconf 85' lang='lat' dir='ltr'><strong>At</strong></span> <span class='ocrx_word' id='word_1_363' title='bbox 1252 4291 1396 4337; x_wconf 91' lang='lat' dir='ltr'><strong>tanto</strong></span> <span class='ocrx_word' id='word_1_364' title='bbox 1426 4283 1655 4351; x_wconf 86' lang='lat' dir='ltr'><strong>majores</strong></span> <span class='ocrx_word' id='word_1_365' title='bbox 1694 4291 1820 4337; x_wconf 87' lang='lat' dir='ltr'><strong>sunt</strong></span> <span class='ocrx_word' id='word_1_366' title='bbox 1860 4284 2017 4353; x_wconf 87' lang='lat' dir='ltr'><strong>hujus</strong></span> <span class='ocrx_word' id='word_1_367' title='bbox 2046 4286 2190 4340; x_wconf 88' lang='lat' dir='ltr'><strong>solli-</strong></span> 
     </span>
    </p>
   </div>
   <div class='ocr_carea' id='block_1_45' title="bbox 618 4372 2191 4444">
    <p class='ocr_par' dir='ltr' id='par_1_45' title="bbox 618 4372 2191 4444">
     <span class='ocr_line' id='line_1_45' title="bbox 618 4372 2191 4444; baseline 0.002 -15"><span class='ocrx_word' id='word_1_368' title='bbox 618 4375 899 4439; x_wconf 85' lang='lat' dir='ltr'><strong>citudines,</strong></span> <span class='ocrx_word' id='word_1_369' title='bbox 924 4381 1121 4444; x_wconf 88' lang='lat' dir='ltr'><strong>quanto</strong></span> <span class='ocrx_word' id='word_1_370' title='bbox 1145 4372 1312 4439; x_wconf 85' lang='lat' dir='ltr'><strong>majus</strong></span> <span class='ocrx_word' id='word_1_371' title='bbox 1334 4380 1415 4426; x_wconf 84' lang='lat' dir='ltr'><strong>est</strong></span> <span class='ocrx_word' id='word_1_372' title='bbox 1434 4372 1652 4442; x_wconf 80' lang='lat' dir='ltr'><strong>pelagus</strong></span> <span class='ocrx_word' id='word_1_373' title='bbox 1682 4381 1889 4428; x_wconf 89' lang='lat' dir='ltr'><strong>tumens</strong></span> <span class='ocrx_word' id='word_1_374' title='bbox 1917 4390 1978 4429; x_wconf 90' lang='lat' dir='ltr'><strong>ac</strong></span> <span class='ocrx_word' id='word_1_375' title='bbox 2009 4374 2191 4433; x_wconf 82' lang='lat' dir='ltr'><strong>furens</strong></span> 
     </span>
    </p>
   </div>
   <div class='ocr_carea' id='block_1_46' title="bbox 617 4462 2189 4533">
    <p class='ocr_par' dir='ltr' id='par_1_46' title="bbox 617 4462 2189 4533">
     <span class='ocr_line' id='line_1_46' title="bbox 617 4462 2189 4533; baseline 0.005 -17"><span class='ocrx_word' id='word_1_376' title='bbox 617 4482 751 4532; x_wconf 84' lang='lat' dir='ltr'><strong>aqua</strong></span> <span class='ocrx_word' id='word_1_377' title='bbox 784 4464 1031 4518; x_wconf 84' lang='lat' dir='ltr'><strong>ﬂuminis.</strong></span> <span class='ocrx_word' id='word_1_378' title='bbox 1079 4464 1245 4528; x_wconf 87' lang='lat' dir='ltr'><strong>Quam</strong></span> <span class='ocrx_word' id='word_1_379' title='bbox 1291 4462 1504 4517; x_wconf 85' lang='lat' dir='ltr'><strong>tandem</strong></span> <span class='ocrx_word' id='word_1_380' title='bbox 1534 4464 1601 4519; x_wconf 92' lang='lat' dir='ltr'><strong>ob</strong></span> <span class='ocrx_word' id='word_1_381' title='bbox 1629 4479 1843 4520; x_wconf 86' lang='lat' dir='ltr'><strong>causam</strong></span> <span class='ocrx_word' id='word_1_382' title='bbox 1871 4466 1894 4518; x_wconf 83' lang='lat'><strong>?</strong></span> <span class='ocrx_word' id='word_1_383' title='bbox 1924 4466 2053 4533; x_wconf 88' lang='lat' dir='ltr'><strong>Quia</strong></span> <span class='ocrx_word' id='word_1_384' title='bbox 2084 4468 2189 4524; x_wconf 88' lang='lat' dir='ltr'><strong>illic</strong></span> 
     </span>
    </p>
   </div>
   <div class='ocr_carea' id='block_1_47' title="bbox 616 4553 2190 4627">
    <p class='ocr_par' dir='ltr' id='par_1_47' title="bbox 616 4553 2190 4627">
     <span class='ocr_line' id='line_1_47' title="bbox 616 4553 2190 4627; baseline 0.003 -19"><span class='ocrx_word' id='word_1_385' title='bbox 616 4555 765 4609; x_wconf 87' lang='lat' dir='ltr'><strong>multi</strong></span> <span class='ocrx_word' id='word_1_386' title='bbox 793 4564 914 4607; x_wconf 89' lang='lat' dir='ltr'><strong>sunt</strong></span> <span class='ocrx_word' id='word_1_387' title='bbox 943 4553 1188 4615; x_wconf 86' lang='lat' dir='ltr'><strong>ministri,</strong></span> <span class='ocrx_word' id='word_1_388' title='bbox 1224 4554 1507 4621; x_wconf 84' lang='lat' dir='ltr'><strong>omniaque</strong></span> <span class='ocrx_word' id='word_1_389' title='bbox 1539 4553 1655 4622; x_wconf 84' lang='lat' dir='ltr'><strong>lege</strong></span> <span class='ocrx_word' id='word_1_390' title='bbox 1698 4565 1753 4609; x_wconf 90' lang='lat' dir='ltr'><strong>et</strong></span> <span class='ocrx_word' id='word_1_391' title='bbox 1787 4556 2035 4610; x_wconf 79' lang='lat' dir='ltr'><strong>mandato</strong></span> <span class='ocrx_word' id='word_1_392' title='bbox 2066 4573 2190 4627; x_wconf 89' lang='lat' dir='ltr'><strong>pcr-</strong></span> 
     </span>
    </p>
   </div>
   <div class='ocr_carea' id='block_1_48' title="bbox 617 4644 2193 4714">
    <p class='ocr_par' dir='ltr' id='par_1_48' title="bbox 617 4644 2193 4714">
     <span class='ocr_line' id='line_1_48' title="bbox 617 4644 2193 4714; baseline 0.005 -17"><span class='ocrx_word' id='word_1_393' title='bbox 617 4656 883 4713; x_wconf 74' lang='lat' dir='ltr'><strong>aguntur;</strong></span> <span class='ocrx_word' id='word_1_394' title='bbox 930 4644 1016 4698; x_wconf 92' lang='lat' dir='ltr'><strong>hic</strong></span> <span class='ocrx_word' id='word_1_395' title='bbox 1041 4658 1170 4699; x_wconf 92' lang='lat' dir='ltr'><strong>vero</strong></span> <span class='ocrx_word' id='word_1_396' title='bbox 1216 4657 1319 4698; x_wconf 90' lang='lat' dir='ltr'><strong>non</strong></span> <span class='ocrx_word' id='word_1_397' title='bbox 1362 4644 1489 4699; x_wconf 88' lang='lat' dir='ltr'><strong>item</strong></span> <span class='ocrx_word' id='word_1_398' title='bbox 1536 4661 1549 4697; x_wconf 90' lang='lat'>:</span> <span class='ocrx_word' id='word_1_399' title='bbox 1597 4659 1767 4714; x_wconf 87' lang='lat' dir='ltr'><strong>neque</strong></span> <span class='ocrx_word' id='word_1_400' title='bbox 1807 4649 1945 4701; x_wconf 88' lang='lat' dir='ltr'><strong>enim</strong></span> <span class='ocrx_word' id='word_1_401' title='bbox 1976 4649 2099 4704; x_wconf 89' lang='lat' dir='ltr'><strong>licet</strong></span> <span class='ocrx_word' id='word_1_402' title='bbox 2125 4665 2193 4705; x_wconf 88' lang='lat' dir='ltr'><strong>ex</strong></span> 
     </span>
    </p>
   </div>
   <div class='ocr_carea' id='block_1_49' title="bbox 624 4735 2191 4804">
    <p class='ocr_par' dir='ltr' id='par_1_49' title="bbox 624 4735 2191 4804">
     <span class='ocr_line' id='line_1_49' title="bbox 624 4735 2191 4804; baseline 0.004 -15"><span class='ocrx_word' id='word_1_403' title='bbox 624 4738 936 4790; x_wconf 83' lang='lat' dir='ltr'><strong>auctoritate</strong></span> <span class='ocrx_word' id='word_1_404' title='bbox 972 4736 1260 4804; x_wconf 60' lang='lat' dir='ltr'><strong>praecipere</strong></span> <span class='ocrx_word' id='word_1_405' title='bbox 1289 4750 1304 4798; x_wconf 87' lang='lat'><strong>;</strong></span> <span class='ocrx_word' id='word_1_406' title='bbox 1347 4750 1528 4788; x_wconf 82' lang='lat' dir='ltr'><strong>verum</strong></span> <span class='ocrx_word' id='word_1_407' title='bbox 1560 4735 1604 4789; x_wconf 89' lang='lat' dir='ltr'><strong>si</strong></span> <span class='ocrx_word' id='word_1_408' title='bbox 1632 4735 1914 4791; x_wconf 90' lang='lat' dir='ltr'><strong>admodum</strong></span> <span class='ocrx_word' id='word_1_409' title='bbox 1957 4753 2191 4795; x_wconf 87' lang='lat' dir='ltr'><strong>commo-</strong></span> 
     </span>
    </p>
   </div>
   <div class='ocr_carea' id='block_1_50' title="bbox 622 4812 2189 4894">
    <p class='ocr_par' dir='ltr' id='par_1_50' title="bbox 622 4812 2189 4894">
     <span class='ocr_line' id='line_1_50' title="bbox 622 4812 2189 4894; baseline 0.004 -17"><span class='ocrx_word' id='word_1_410' title='bbox 622 4837 836 4888; x_wconf 84' lang='lat' dir='ltr'><strong>veatur,</strong></span> <span class='ocrx_word' id='word_1_411' title='bbox 882 4812 1113 4877; x_wconf 86' lang='lat' dir='ltr'><strong>crudelis</strong></span> <span class='ocrx_word' id='word_1_412' title='bbox 1138 4823 1320 4887; x_wconf 88' lang='lat' dir='ltr'><strong>audit;</strong></span> <span class='ocrx_word' id='word_1_413' title='bbox 1351 4824 1432 4877; x_wconf 84' lang='lat' dir='ltr'><strong>sin</strong></span> <span class='ocrx_word' id='word_1_414' title='bbox 1463 4838 1647 4892; x_wconf 88' lang='lat' dir='ltr'><strong>parum</strong></span> <span class='ocrx_word' id='word_1_415' title='bbox 1676 4867 1688 4890; x_wconf 93' lang='lat'><strong>,</strong></span> <span class='ocrx_word' id='word_1_416' title='bbox 1722 4826 1941 4894; x_wconf 87' lang='lat' dir='ltr'><strong>frigidus</strong></span> <span class='ocrx_word' id='word_1_417' title='bbox 1977 4828 2189 4883; x_wconf 87' lang='lat' dir='ltr'><strong>dicitur.</strong></span> 
     </span>
    </p>
   </div>
   <div class='ocr_carea' id='block_1_51' title="bbox 627 4911 2190 4983">
    <p class='ocr_par' dir='ltr' id='par_1_51' title="bbox 627 4911 2190 4983">
     <span class='ocr_line' id='line_1_51' title="bbox 627 4911 2190 4983; baseline 0.004 -15"><span class='ocrx_word' id='word_1_418' title='bbox 627 4914 849 4983; x_wconf 85' lang='lat' dir='ltr'><strong>Oportet</strong></span> <span class='ocrx_word' id='word_1_419' title='bbox 876 4923 1050 4966; x_wconf 91' lang='lat' dir='ltr'><strong>autem</strong></span> <span class='ocrx_word' id='word_1_420' title='bbox 1091 4911 1203 4964; x_wconf 70' lang='lat' dir='ltr'><strong>hzcc</strong></span> <span class='ocrx_word' id='word_1_421' title='bbox 1231 4912 1337 4964; x_wconf 89' lang='lat' dir='ltr'><strong>duo</strong></span> <span class='ocrx_word' id='word_1_422' title='bbox 1365 4916 1626 4967; x_wconf 87' lang='lat' dir='ltr'><strong>contraria</strong></span> <span class='ocrx_word' id='word_1_423' title='bbox 1649 4932 1966 4972; x_wconf 88' lang='lat' dir='ltr'><strong>concurrere</strong></span> <span class='ocrx_word' id='word_1_424' title='bbox 1986 4960 2000 4982; x_wconf 91' lang='lat'><strong>,</strong></span> <span class='ocrx_word' id='word_1_425' title='bbox 2035 4920 2103 4973; x_wconf 89' lang='lat' dir='ltr'><strong>ita</strong></span> <span class='ocrx_word' id='word_1_426' title='bbox 2134 4930 2190 4976; x_wconf 89' lang='lat' dir='ltr'><strong>ut</strong></span> 
     </span>
    </p>
   </div>
   <div class='ocr_carea' id='block_1_52' title="bbox 624 5000 2192 5073">
    <p class='ocr_par' dir='ltr' id='par_1_52' title="bbox 624 5000 2192 5073">
     <span class='ocr_line' id='line_1_52' title="bbox 624 5000 2192 5073; baseline 0.005 -14"><span class='ocrx_word' id='word_1_427' title='bbox 624 5019 721 5059; x_wconf 89' lang='lat' dir='ltr'><strong>nec</strong></span> <span class='ocrx_word' id='word_1_428' title='bbox 762 5012 1116 5073; x_wconf 83' lang='lat' dir='ltr'><strong>contemptus,</strong></span> <span class='ocrx_word' id='word_1_429' title='bbox 1148 5016 1246 5055; x_wconf 88' lang='lat' dir='ltr'><strong>nec</strong></span> <span class='ocrx_word' id='word_1_430' title='bbox 1270 5000 1449 5057; x_wconf 88' lang='lat' dir='ltr'><strong>odium</strong></span> <span class='ocrx_word' id='word_1_431' title='bbox 1477 5005 1753 5059; x_wconf 78' lang='lat' dir='ltr'><strong>excitetur.</strong></span> <span class='ocrx_word' id='word_1_432' title='bbox 1785 5009 2026 5072; x_wconf 81' lang='lat' dir='ltr'><strong>Alioquin</strong></span> <span class='ocrx_word' id='word_1_433' title='bbox 2064 5025 2192 5068; x_wconf 88' lang='lat' dir='ltr'><strong>vero</strong></span> 
     </span>
    </p>
   </div>
   <div class='ocr_carea' id='block_1_53' title="bbox 626 5091 2189 5164">
    <p class='ocr_par' dir='ltr' id='par_1_53' title="bbox 626 5091 2189 5164">
     <span class='ocr_line' id='line_1_53' title="bbox 626 5091 2189 5164; baseline 0.004 -16"><span class='ocrx_word' id='word_1_434' title='bbox 626 5096 737 5163; x_wconf 87' lang='lat' dir='ltr'><strong>ipsa</strong></span> <span class='ocrx_word' id='word_1_435' title='bbox 772 5093 977 5161; x_wconf 87' lang='lat' dir='ltr'><strong>negotia</strong></span> <span class='ocrx_word' id='word_1_436' title='bbox 1005 5101 1397 5161; x_wconf 73' lang='lat' dir='ltr'><strong>prmoccupant.</strong></span> <span class='ocrx_word' id='word_1_437' title='bbox 1428 5091 1565 5159; x_wconf 87' lang='lat' dir='ltr'><strong>Quot</strong></span> <span class='ocrx_word' id='word_1_438' title='bbox 1597 5094 1839 5149; x_wconf 88' lang='lat' dir='ltr'><strong>homines</strong></span> <span class='ocrx_word' id='word_1_439' title='bbox 1876 5098 2079 5164; x_wconf 84' lang='lat' dir='ltr'><strong>cogitur</strong></span> <span class='ocrx_word' id='word_1_440' title='bbox 2106 5100 2189 5153; x_wconf 85' lang='lat' dir='ltr'><strong>of--</strong></span> 
     </span>
    </p>
   </div>
   <div class='ocr_carea' id='block_1_54' title="bbox 626 5180 2197 5259">
    <p class='ocr_par' dir='ltr' id='par_1_54' title="bbox 626 5180 2197 5259">
     <span class='ocr_line' id='line_1_54' title="bbox 626 5180 2197 5259; baseline 0.007 -25"><span class='ocrx_word' id='word_1_441' title='bbox 626 5181 861 5245; x_wconf 81' lang='lat' dir='ltr'><strong>fendere,</strong></span> <span class='ocrx_word' id='word_1_442' title='bbox 891 5180 1017 5234; x_wconf 84' lang='lat' dir='ltr'><strong>velit</strong></span> <span class='ocrx_word' id='word_1_443' title='bbox 1042 5180 1172 5233; x_wconf 90' lang='lat' dir='ltr'><strong>nolit</strong></span> <span class='ocrx_word' id='word_1_444' title='bbox 1196 5182 1217 5233; x_wconf 88' lang='lat'><strong>?</strong></span> <span class='ocrx_word' id='word_1_445' title='bbox 1238 5183 1286 5235; x_wconf 91' lang='lat' dir='ltr'><strong>in</strong></span> <span class='ocrx_word' id='word_1_446' title='bbox 1321 5192 1447 5250; x_wconf 89' lang='lat' dir='ltr'><strong>quot</strong></span> <span class='ocrx_word' id='word_1_447' title='bbox 1480 5182 1615 5237; x_wconf 89' lang='lat' dir='ltr'><strong>alios</strong></span> <span class='ocrx_word' id='word_1_448' title='bbox 1641 5184 1831 5239; x_wconf 89' lang='lat' dir='ltr'><strong>invitus</strong></span> <span class='ocrx_word' id='word_1_449' title='bbox 1858 5202 2043 5253; x_wconf 87' lang='lat' dir='ltr'><strong>aspere</strong></span> <span class='ocrx_word' id='word_1_450' title='bbox 2072 5204 2197 5259; x_wconf 90' lang='lat' dir='ltr'><strong>age-</strong></span> 
     </span>
    </p>
   </div>
   <div class='ocr_carea' id='block_1_55' title="bbox 638 5274 2185 5344">
    <p class='ocr_par' dir='ltr' id='par_1_55' title="bbox 638 5274 2185 5344">
     <span class='ocr_line' id='line_1_55' title="bbox 638 5274 2185 5344; baseline 0.006 -16"><span class='ocrx_word' id='word_1_451' title='bbox 638 5275 730 5329; x_wconf 79' lang='lat' dir='ltr'><strong>re?</strong></span> <span class='ocrx_word' id='word_1_452' title='bbox 762 5275 871 5327; x_wconf 72' lang='lat' dir='ltr'><strong>Non</strong></span> <span class='ocrx_word' id='word_1_453' title='bbox 920 5274 1026 5326; x_wconf 91' lang='lat' dir='ltr'><strong>alio</strong></span> <span class='ocrx_word' id='word_1_454' title='bbox 1068 5274 1225 5327; x_wconf 91' lang='lat' dir='ltr'><strong>modo</strong></span> <span class='ocrx_word' id='word_1_455' title='bbox 1254 5276 1459 5342; x_wconf 83' lang='lat' dir='ltr'><strong>loquor,</strong></span> <span class='ocrx_word' id='word_1_456' title='bbox 1491 5291 1647 5344; x_wconf 86' lang='lat' dir='ltr'><strong>quam</strong></span> <span class='ocrx_word' id='word_1_457' title='bbox 1695 5287 1751 5331; x_wconf 90' lang='lat' dir='ltr'><strong>ut</strong></span> <span class='ocrx_word' id='word_1_458' title='bbox 1794 5277 2013 5332; x_wconf 67' lang='lat' dir='ltr'><strong>allectus</strong></span> <span class='ocrx_word' id='word_1_459' title='bbox 2051 5295 2185 5337; x_wconf 91' lang='lat' dir='ltr'><strong>sum.</strong></span> 
     </span>
    </p>
   </div>
   <div class='ocr_carea' id='block_1_56' title="bbox 630 5363 2192 5439">
    <p class='ocr_par' dir='ltr' id='par_1_56' title="bbox 630 5363 2192 5439">
     <span class='ocr_line' id='line_1_56' title="bbox 630 5363 2192 5439; baseline 0.006 -23"><span class='ocrx_word' id='word_1_460' title='bbox 630 5364 745 5416; x_wconf 85' lang='lat' dir='ltr'><strong>Non</strong></span> <span class='ocrx_word' id='word_1_461' title='bbox 785 5363 976 5439; x_wconf 79' lang='lat' dir='ltr'><strong>multos</strong></span> <span class='ocrx_word' id='word_1_462' title='bbox 1020 5373 1145 5431; x_wconf 91' lang='lat' dir='ltr'><strong>puto</strong></span> <span class='ocrx_word' id='word_1_463' title='bbox 1175 5363 1475 5417; x_wconf 82' lang='lat' dir='ltr'><strong>sacerdotes</strong></span> <span class='ocrx_word' id='word_1_464' title='bbox 1513 5366 1687 5419; x_wconf 88' lang='lat' dir='ltr'><strong>salvos</strong></span> <span class='ocrx_word' id='word_1_465' title='bbox 1727 5366 1875 5432; x_wconf 87' lang='lat' dir='ltr'><strong>fieri,</strong></span> <span class='ocrx_word' id='word_1_466' title='bbox 1906 5369 1997 5421; x_wconf 85' lang='lat' dir='ltr'><strong>sed</strong></span> <span class='ocrx_word' id='word_1_467' title='bbox 2039 5370 2192 5437; x_wconf 85' lang='lat' dir='ltr'><strong>longe</strong></span> 
     </span>
    </p>
   </div>
   <div class='ocr_carea' id='block_1_57' title="bbox 630 5434 2191 5527">
    <p class='ocr_par' dir='ltr' id='par_1_57' title="bbox 630 5434 2191 5527">
     <span class='ocr_line' id='line_1_57' title="bbox 630 5434 2191 5527; baseline 0.008 -24"><span class='ocrx_word' id='word_1_468' title='bbox 630 5456 801 5521; x_wconf 78' lang='lat' dir='ltr'><strong>olores</strong></span> <span class='ocrx_word' id='word_1_469' title='bbox 832 5434 1025 5522; x_wconf 52' lang='grc' dir='ltr'><strong>ραι-ἦε,</strong></span> <span class='ocrx_word' id='word_1_470' title='bbox 1048 5470 1152 5509; x_wconf 91' lang='lat' dir='ltr'><strong>non</strong></span> <span class='ocrx_word' id='word_1_471' title='bbox 1184 5454 1283 5508; x_wconf 86' lang='lat' dir='ltr'><strong>alia</strong></span> <span class='ocrx_word' id='word_1_472' title='bbox 1315 5453 1382 5506; x_wconf 90' lang='lat' dir='ltr'><strong>de</strong></span> <span class='ocrx_word' id='word_1_473' title='bbox 1404 5469 1581 5517; x_wconf 87' lang='lat' dir='ltr'><strong>causa,</strong></span> <span class='ocrx_word' id='word_1_474' title='bbox 1604 5472 1761 5523; x_wconf 87' lang='lat' dir='ltr'><strong>quam</strong></span> <span class='ocrx_word' id='word_1_475' title='bbox 1790 5458 1929 5527; x_wconf 92' lang='lat' dir='ltr'><strong>quod</strong></span> <span class='ocrx_word' id='word_1_476' title='bbox 1959 5475 2045 5513; x_wconf 90' lang='lat' dir='ltr'><strong>res</strong></span> <span class='ocrx_word' id='word_1_477' title='bbox 2074 5476 2191 5515; x_wconf 88' lang='lat' dir='ltr'><strong>ma-</strong></span> 
     </span>
    </p>
   </div>
   <div class='ocr_carea' id='block_1_58' title="bbox 615 5544 2193 5613">
    <p class='ocr_par' dir='ltr' id='par_1_58' title="bbox 615 5544 2193 5613">
     <span class='ocr_line' id='line_1_58' title="bbox 615 5544 2193 5613; baseline 0.006 -17"><span class='ocrx_word' id='word_1_478' title='bbox 615 5560 780 5613; x_wconf 63' lang='lat' dir='ltr'><strong>guum</strong></span> <span class='ocrx_word' id='word_1_479' title='bbox 832 5544 1058 5612; x_wconf 89' lang='lat' dir='ltr'><strong>postulet</strong></span> <span class='ocrx_word' id='word_1_480' title='bbox 1095 5546 1350 5599; x_wconf 90' lang='lat' dir='ltr'><strong>animum.</strong></span> <span class='ocrx_word' id='word_1_481' title='bbox 1384 5544 1557 5597; x_wconf 82' lang='lat' dir='ltr'><strong>Multis</strong></span> <span class='ocrx_word' id='word_1_482' title='bbox 1594 5549 1737 5601; x_wconf 88' lang='lat' dir='ltr'><strong>enim</strong></span> <span class='ocrx_word' id='word_1_483' title='bbox 1788 5550 2193 5606; x_wconf 72' lang='lat' dir='ltr'><strong>necessitatibus</strong></span> 
     </span>
    </p>
   </div>
   <div class='ocr_carea' id='block_1_59' title="bbox 615 5635 2190 5710">
    <p class='ocr_par' dir='ltr' id='par_1_59' title="bbox 615 5635 2190 5710">
     <span class='ocr_line' id='line_1_59' title="bbox 615 5635 2190 5710; baseline 0.003 -18"><span class='ocrx_word' id='word_1_484' title='bbox 615 5654 643 5692; x_wconf 79' lang='lat' dir='ltr'><strong>a</strong></span> <span class='ocrx_word' id='word_1_485' title='bbox 695 5636 920 5705; x_wconf 82' lang='lat' dir='ltr'><strong>propriis</strong></span> <span class='ocrx_word' id='word_1_486' title='bbox 968 5635 1181 5705; x_wconf 89' lang='lat' dir='ltr'><strong>pellitur</strong></span> <span class='ocrx_word' id='word_1_487' title='bbox 1226 5635 1479 5701; x_wconf 90' lang='lat' dir='ltr'><strong>moribus,</strong></span> <span class='ocrx_word' id='word_1_488' title='bbox 1523 5646 1575 5691; x_wconf 87' lang='lat' dir='ltr'><strong>et</strong></span> <span class='ocrx_word' id='word_1_489' title='bbox 1622 5637 1911 5693; x_wconf 89' lang='lat' dir='ltr'><strong>innumeris</strong></span> <span class='ocrx_word' id='word_1_490' title='bbox 1958 5642 2190 5710; x_wconf 85' lang='lat' dir='ltr'><strong>undique</strong></span> 
     </span>
    </p>
   </div>
   <div class='ocr_carea' id='block_1_60' title="bbox 618 5725 2188 5799">
    <p class='ocr_par' dir='ltr' id='par_1_60' title="bbox 618 5725 2188 5799">
     <span class='ocr_line' id='line_1_60' title="bbox 618 5725 2188 5799; baseline 0.003 -17"><span class='ocrx_word' id='word_1_491' title='bbox 618 5744 749 5795; x_wconf 72' lang='lat' dir='ltr'><strong>opus</strong></span> <span class='ocrx_word' id='word_1_492' title='bbox 783 5728 937 5783; x_wconf 78' lang='lat' dir='ltr'><strong>habet</strong></span> <span class='ocrx_word' id='word_1_493' title='bbox 975 5728 1157 5784; x_wconf 71' lang='lat' dir='ltr'><strong>oculis.</strong></span> <span class='ocrx_word' id='word_1_494' title='bbox 1210 5725 1322 5782; x_wconf 82' lang='lat' dir='ltr'><strong>Non</strong></span> <span class='ocrx_word' id='word_1_495' title='bbox 1369 5728 1513 5782; x_wconf 81' lang='lat' dir='ltr'><strong>vides</strong></span> <span class='ocrx_word' id='word_1_496' title='bbox 1557 5743 1711 5795; x_wconf 79' lang='lat' dir='ltr'><strong>quam</strong></span> <span class='ocrx_word' id='word_1_497' title='bbox 1755 5731 1915 5783; x_wconf 78' lang='lat' dir='ltr'><strong>multa</strong></span> <span class='ocrx_word' id='word_1_498' title='bbox 1960 5745 2094 5799; x_wconf 77' lang='lat' dir='ltr'><strong>Opus</strong></span> <span class='ocrx_word' id='word_1_499' title='bbox 2122 5735 2188 5789; x_wconf 85' lang='lat' dir='ltr'><strong>sit</strong></span> 
     </span>
    </p>
   </div>
   <div class='ocr_carea' id='block_1_61' title="bbox 2285 470 3867 549">
    <p class='ocr_par' dir='ltr' id='par_1_61' title="bbox 2285 470 3867 549">
     <span class='ocr_line' id='line_1_61' title="bbox 2285 470 3867 549; baseline -0.001 -17"><span class='ocrx_word' id='word_1_500' title='bbox 2285 480 2537 549; x_wconf 86' lang='lat' dir='ltr'><strong>episcopo</strong></span> <span class='ocrx_word' id='word_1_501' title='bbox 2565 470 2752 533; x_wconf 86' lang='lat' dir='ltr'><strong>adesse</strong></span> <span class='ocrx_word' id='word_1_502' title='bbox 2780 480 2803 531; x_wconf 83' lang='lat'><strong>?</strong></span> <span class='ocrx_word' id='word_1_503' title='bbox 2835 480 2900 534; x_wconf 91' lang='lat' dir='ltr'><strong>Ut</strong></span> <span class='ocrx_word' id='word_1_504' title='bbox 2928 478 3166 533; x_wconf 90' lang='lat' dir='ltr'><strong>doctrina</strong></span> <span class='ocrx_word' id='word_1_505' title='bbox 3204 477 3417 543; x_wconf 82' lang='lat' dir='ltr'><strong>polleat,</strong></span> <span class='ocrx_word' id='word_1_506' title='bbox 3455 486 3508 529; x_wconf 91' lang='lat' dir='ltr'><strong>ut</strong></span> <span class='ocrx_word' id='word_1_507' title='bbox 3536 478 3604 530; x_wconf 90' lang='lat' dir='ltr'><strong>sit</strong></span> <span class='ocrx_word' id='word_1_508' title='bbox 3630 477 3867 545; x_wconf 87' lang='lat' dir='ltr'><strong>patiens.</strong></span> 
     </span>
    </p>
   </div>
   <div class='ocr_carea' id='block_1_62' title="bbox 2282 568 3871 635">
    <p class='ocr_par' dir='ltr' id='par_1_62' title="bbox 2282 568 3871 635">
     <span class='ocr_line' id='line_1_62' title="bbox 2282 568 3871 635; baseline -0.001 -12"><span class='ocrx_word' id='word_1_509' title='bbox 2282 578 2339 623; x_wconf 89' lang='lat' dir='ltr'><strong>ut</strong></span> <span class='ocrx_word' id='word_1_510' title='bbox 2380 569 2587 623; x_wconf 79' lang='lat' dir='ltr'><strong>fidelem</strong></span> <span class='ocrx_word' id='word_1_511' title='bbox 2616 585 2913 624; x_wconf 90' lang='lat' dir='ltr'><strong>sermonem</strong></span> <span class='ocrx_word' id='word_1_512' title='bbox 2948 570 2998 623; x_wconf 93' lang='lat' dir='ltr'><strong>in</strong></span> <span class='ocrx_word' id='word_1_513' title='bbox 3029 570 3267 623; x_wconf 83' lang='lat' dir='ltr'><strong>doctrina</strong></span> <span class='ocrx_word' id='word_1_514' title='bbox 3298 578 3478 621; x_wconf 88' lang='lat' dir='ltr'><strong>servet</strong></span> <span class='ocrx_word' id='word_1_515' title='bbox 3512 569 3608 635; x_wconf 83' lang='grc' dir='ltr'><strong>(Ι.</strong></span> <span class='ocrx_word' id='word_1_516' title='bbox 3641 568 3780 621; x_wconf 87' lang='lat' dir='ltr'><strong>Tim.</strong></span> <span class='ocrx_word' id='word_1_517' title='bbox 3812 568 3871 621; x_wconf 82' lang='grc'><strong>5-</strong></span> 
     </span>
    </p>
   </div>
   <div class='ocr_carea' id='block_1_63' title="bbox 2281 659 3874 734">
    <p class='ocr_par' dir='ltr' id='par_1_63' title="bbox 2281 659 3874 734">
     <span class='ocr_line' id='line_1_63' title="bbox 2281 659 3874 734; baseline -0.003 -19"><span class='ocrx_word' id='word_1_518' title='bbox 2281 661 2334 715; x_wconf 77' lang='grc'><strong>2.</strong></span> <span class='ocrx_word' id='word_1_519' title='bbox 2362 662 2465 714; x_wconf 86' lang='lat' dir='ltr'><strong>Tit.</strong></span> <span class='ocrx_word' id='word_1_520' title='bbox 2498 662 2548 715; x_wconf 79' lang='grc'><strong>1.</strong></span> <span class='ocrx_word' id='word_1_521' title='bbox 2582 661 2657 731; x_wconf 87' lang='lat'><strong>7).</strong></span> <span class='ocrx_word' id='word_1_522' title='bbox 2696 661 2917 725; x_wconf 73' lang='lat' dir='ltr'><strong>Quanta:</strong></span> <span class='ocrx_word' id='word_1_523' title='bbox 2945 662 3045 715; x_wconf 92' lang='lat' dir='ltr'><strong>hoc</strong></span> <span class='ocrx_word' id='word_1_524' title='bbox 3072 659 3433 714; x_wconf 77' lang='lat' dir='ltr'><strong>difiicoltatis?</strong></span> <span class='ocrx_word' id='word_1_525' title='bbox 3464 659 3705 734; x_wconf 81' lang='lat' dir='ltr'><strong>Aliorum</strong></span> <span class='ocrx_word' id='word_1_526' title='bbox 3734 676 3874 729; x_wconf 84' lang='lat' dir='ltr'><strong>pec-</strong></span> 
     </span>
    </p>
   </div>
   <div class='ocr_carea' id='block_1_64' title="bbox 2282 752 3875 820">
    <p class='ocr_par' dir='ltr' id='par_1_64' title="bbox 2282 752 3875 820">
     <span class='ocr_line' id='line_1_64' title="bbox 2282 752 3875 820; baseline -0.002 -13"><span class='ocrx_word' id='word_1_527' title='bbox 2282 754 2413 807; x_wconf 87' lang='lat' dir='ltr'><strong>catis</strong></span> <span class='ocrx_word' id='word_1_528' title='bbox 2454 753 2567 820; x_wconf 88' lang='lat' dir='ltr'><strong>ipse</strong></span> <span class='ocrx_word' id='word_1_529' title='bbox 2616 754 2875 806; x_wconf 76' lang='lat' dir='ltr'><strong>obnoxius</strong></span> <span class='ocrx_word' id='word_1_530' title='bbox 2924 762 3023 806; x_wconf 88' lang='lat' dir='ltr'><strong>est.</strong></span> <span class='ocrx_word' id='word_1_531' title='bbox 3068 753 3183 804; x_wconf 91' lang='lat' dir='ltr'><strong>Alia</strong></span> <span class='ocrx_word' id='word_1_532' title='bbox 3232 768 3335 805; x_wconf 91' lang='lat' dir='ltr'><strong>non</strong></span> <span class='ocrx_word' id='word_1_533' title='bbox 3382 752 3782 814; x_wconf 89' lang='lat' dir='ltr'><strong>memoro;sed</strong></span> <span class='ocrx_word' id='word_1_534' title='bbox 3827 753 3875 804; x_wconf 84' lang='lat' dir='ltr'><strong>si</strong></span> 
     </span>
    </p>
   </div>
   <div class='ocr_carea' id='block_1_65' title="bbox 2285 841 3880 909">
    <p class='ocr_par' dir='ltr' id='par_1_65' title="bbox 2285 841 3880 909">
     <span class='ocr_line' id='line_1_65' title="bbox 2285 841 3880 909; baseline -0.002 -13"><span class='ocrx_word' id='word_1_535' title='bbox 2285 845 2365 897; x_wconf 90' lang='lat' dir='ltr'><strong>vel</strong></span> <span class='ocrx_word' id='word_1_536' title='bbox 2395 858 2532 897; x_wconf 90' lang='lat' dir='ltr'><strong>unus</strong></span> <span class='ocrx_word' id='word_1_537' title='bbox 2561 844 2777 898; x_wconf 88' lang='lat' dir='ltr'><strong>decedat</strong></span> <span class='ocrx_word' id='word_1_538' title='bbox 2808 859 2911 896; x_wconf 92' lang='lat' dir='ltr'><strong>non</strong></span> <span class='ocrx_word' id='word_1_539' title='bbox 2938 844 3195 908; x_wconf 84' lang='lat' dir='ltr'><strong>initiatus,</strong></span> <span class='ocrx_word' id='word_1_540' title='bbox 3221 858 3399 897; x_wconf 87' lang='lat' dir='ltr'><strong>annon</strong></span> <span class='ocrx_word' id='word_1_541' title='bbox 3426 844 3478 897; x_wconf 89' lang='lat' dir='ltr'><strong>id</strong></span> <span class='ocrx_word' id='word_1_542' title='bbox 3511 852 3671 896; x_wconf 88' lang='lat' dir='ltr'><strong>totam</strong></span> <span class='ocrx_word' id='word_1_543' title='bbox 3700 841 3880 909; x_wconf 76' lang='lat' dir='ltr'><strong>ipsius</strong></span> 
     </span>
    </p>
   </div>
   <div class='ocr_carea' id='block_1_66' title="bbox 2284 934 3878 1001">
    <p class='ocr_par' dir='ltr' id='par_1_66' title="bbox 2284 934 3878 1001">
     <span class='ocr_line' id='line_1_66' title="bbox 2284 934 3878 1001; baseline -0.005 -10"><span class='ocrx_word' id='word_1_544' title='bbox 2284 937 2506 991; x_wconf 85' lang='lat' dir='ltr'><strong>Salutem</strong></span> <span class='ocrx_word' id='word_1_545' title='bbox 2535 936 2791 990; x_wconf 84' lang='lat' dir='ltr'><strong>subvertit</strong></span> <span class='ocrx_word' id='word_1_546' title='bbox 2819 935 2842 987; x_wconf 89' lang='lat'><strong>?</strong></span> <span class='ocrx_word' id='word_1_547' title='bbox 2871 934 3038 991; x_wconf 80' lang='lat' dir='ltr'><strong>Unius</strong></span> <span class='ocrx_word' id='word_1_548' title='bbox 3067 936 3211 988; x_wconf 90' lang='lat' dir='ltr'><strong>enim</strong></span> <span class='ocrx_word' id='word_1_549' title='bbox 3241 935 3433 987; x_wconf 73' lang='lat' dir='ltr'><strong>anima:</strong></span> <span class='ocrx_word' id='word_1_550' title='bbox 3461 934 3725 1001; x_wconf 86' lang='lat' dir='ltr'><strong>pernicies</strong></span> <span class='ocrx_word' id='word_1_551' title='bbox 3753 941 3878 985; x_wconf 91' lang='lat' dir='ltr'><strong>tan-</strong></span> 
     </span>
    </p>
   </div>
   <div class='ocr_carea' id='block_1_67' title="bbox 2287 1024 3877 1093">
    <p class='ocr_par' dir='ltr' id='par_1_67' title="bbox 2287 1024 3877 1093">
     <span class='ocr_line' id='line_1_67' title="bbox 2287 1024 3877 1093; baseline -0.003 -15"><span class='ocrx_word' id='word_1_552' title='bbox 2287 1037 2395 1079; x_wconf 90' lang='lat' dir='ltr'><strong>tum</strong></span> <span class='ocrx_word' id='word_1_553' title='bbox 2426 1036 2507 1080; x_wconf 90' lang='lat' dir='ltr'><strong>est</strong></span> <span class='ocrx_word' id='word_1_554' title='bbox 2531 1026 2811 1090; x_wconf 87' lang='lat' dir='ltr'><strong>damnum,</strong></span> <span class='ocrx_word' id='word_1_555' title='bbox 2860 1038 2913 1079; x_wconf 91' lang='lat' dir='ltr'><strong>ut</strong></span> <span class='ocrx_word' id='word_1_556' title='bbox 2945 1026 3089 1079; x_wconf 91' lang='lat' dir='ltr'><strong>nullo</strong></span> <span class='ocrx_word' id='word_1_557' title='bbox 3134 1025 3299 1092; x_wconf 89' lang='lat' dir='ltr'><strong>possit</strong></span> <span class='ocrx_word' id='word_1_558' title='bbox 3340 1024 3564 1093; x_wconf 80' lang='lat' dir='ltr'><strong>exprimi</strong></span> <span class='ocrx_word' id='word_1_559' title='bbox 3593 1038 3877 1077; x_wconf 87' lang='lat' dir='ltr'><strong>sermone.</strong></span> 
     </span>
    </p>
   </div>
   <div class='ocr_carea' id='block_1_68' title="bbox 2286 1114 3878 1183">
    <p class='ocr_par' dir='ltr' id='par_1_68' title="bbox 2286 1114 3878 1183">
     <span class='ocr_line' id='line_1_68' title="bbox 2286 1114 3878 1183; baseline -0.003 -14"><span class='ocrx_word' id='word_1_560' title='bbox 2286 1115 2341 1169; x_wconf 89' lang='lat' dir='ltr'><strong>Si</strong></span> <span class='ocrx_word' id='word_1_561' title='bbox 2388 1117 2528 1169; x_wconf 90' lang='lat' dir='ltr'><strong>enim</strong></span> <span class='ocrx_word' id='word_1_562' title='bbox 2571 1116 2687 1183; x_wconf 87' lang='lat' dir='ltr'><strong>ejus</strong></span> <span class='ocrx_word' id='word_1_563' title='bbox 2732 1117 2878 1168; x_wconf 84' lang='lat' dir='ltr'><strong>salus</strong></span> <span class='ocrx_word' id='word_1_564' title='bbox 2923 1117 3052 1169; x_wconf 91' lang='lat' dir='ltr'><strong>tanti</strong></span> <span class='ocrx_word' id='word_1_565' title='bbox 3084 1126 3202 1175; x_wconf 86' lang='lat' dir='ltr'><strong>est,</strong></span> <span class='ocrx_word' id='word_1_566' title='bbox 3245 1124 3298 1168; x_wconf 93' lang='lat' dir='ltr'><strong>ut</strong></span> <span class='ocrx_word' id='word_1_567' title='bbox 3330 1130 3427 1183; x_wconf 92' lang='lat' dir='ltr'><strong>pro</strong></span> <span class='ocrx_word' id='word_1_568' title='bbox 3456 1116 3542 1167; x_wconf 89' lang='lat' dir='ltr'><strong>illa</strong></span> <span class='ocrx_word' id='word_1_569' title='bbox 3574 1114 3742 1168; x_wconf 87' lang='lat' dir='ltr'><strong>Filius</strong></span> <span class='ocrx_word' id='word_1_570' title='bbox 3778 1114 3878 1167; x_wconf 90' lang='lat' dir='ltr'><strong>Dei</strong></span> 
     </span>
    </p>
   </div>
   <div class='ocr_carea' id='block_1_69' title="bbox 2287 1207 3878 1277">
    <p class='ocr_par' dir='ltr' id='par_1_69' title="bbox 2287 1207 3878 1277">
     <span class='ocr_line' id='line_1_69' title="bbox 2287 1207 3878 1277; baseline -0.003 -18"><span class='ocrx_word' id='word_1_571' title='bbox 2287 1207 2447 1261; x_wconf 89' lang='lat' dir='ltr'><strong>homo</strong></span> <span class='ocrx_word' id='word_1_572' title='bbox 2479 1210 2647 1261; x_wconf 88' lang='lat' dir='ltr'><strong>factus</strong></span> <span class='ocrx_word' id='word_1_573' title='bbox 2688 1219 2739 1261; x_wconf 89' lang='lat' dir='ltr'><strong>et</strong></span> <span class='ocrx_word' id='word_1_574' title='bbox 2788 1218 2931 1262; x_wconf 87' lang='lat' dir='ltr'><strong>tanta</strong></span> <span class='ocrx_word' id='word_1_575' title='bbox 2962 1224 3151 1277; x_wconf 91' lang='lat' dir='ltr'><strong>passus</strong></span> <span class='ocrx_word' id='word_1_576' title='bbox 3180 1210 3282 1271; x_wconf 87' lang='lat' dir='ltr'><strong>sit,</strong></span> <span class='ocrx_word' id='word_1_577' title='bbox 3326 1211 3443 1275; x_wconf 88' lang='lat' dir='ltr'><strong>ejus</strong></span> <span class='ocrx_word' id='word_1_578' title='bbox 3482 1208 3747 1275; x_wconf 77' lang='lat' dir='ltr'><strong>pernicies</strong></span> <span class='ocrx_word' id='word_1_579' title='bbox 3775 1221 3878 1259; x_wconf 88' lang='lat' dir='ltr'><strong>eo-</strong></span> 
     </span>
    </p>
   </div>
   <div class='ocr_carea' id='block_1_70' title="bbox 2285 1297 3878 1367">
    <p class='ocr_par' dir='ltr' id='par_1_70' title="bbox 2285 1297 3878 1367">
     <span class='ocr_line' id='line_1_70' title="bbox 2285 1297 3878 1367; baseline 0 -19"><span class='ocrx_word' id='word_1_580' title='bbox 2285 1298 2390 1365; x_wconf 85' lang='lat' dir='ltr'><strong>gita</strong></span> <span class='ocrx_word' id='word_1_581' title='bbox 2433 1307 2685 1365; x_wconf 91' lang='lat' dir='ltr'><strong>quantum</strong></span> <span class='ocrx_word' id='word_1_582' title='bbox 2726 1297 2913 1352; x_wconf 83' lang='lat' dir='ltr'><strong>afferet</strong></span> <span class='ocrx_word' id='word_1_583' title='bbox 2961 1299 3298 1367; x_wconf 87' lang='lat' dir='ltr'><strong>supplicium.</strong></span> <span class='ocrx_word' id='word_1_584' title='bbox 3345 1298 3399 1352; x_wconf 91' lang='lat' dir='ltr'><strong>Si</strong></span> <span class='ocrx_word' id='word_1_585' title='bbox 3452 1298 3530 1363; x_wconf 90' lang='lat' dir='ltr'><strong>is,</strong></span> <span class='ocrx_word' id='word_1_586' title='bbox 3580 1313 3674 1365; x_wconf 87' lang='lat' dir='ltr'><strong>per</strong></span> <span class='ocrx_word' id='word_1_587' title='bbox 3711 1312 3878 1365; x_wconf 82' lang='lat' dir='ltr'><strong>quem</strong></span> 
     </span>
    </p>
   </div>
   <div class='ocr_carea' id='block_1_71' title="bbox 2285 1385 3880 1456">
    <p class='ocr_par' dir='ltr' id='par_1_71' title="bbox 2285 1385 3880 1456">
     <span class='ocr_line' id='line_1_71' title="bbox 2285 1385 3880 1456; baseline 0 -16"><span class='ocrx_word' id='word_1_588' title='bbox 2285 1387 2421 1440; x_wconf 86' lang='lat' dir='ltr'><strong>alius</strong></span> <span class='ocrx_word' id='word_1_589' title='bbox 2449 1388 2601 1454; x_wconf 88' lang='lat' dir='ltr'><strong>perit,</strong></span> <span class='ocrx_word' id='word_1_590' title='bbox 2631 1387 2678 1439; x_wconf 93' lang='lat' dir='ltr'><strong>in</strong></span> <span class='ocrx_word' id='word_1_591' title='bbox 2706 1385 2804 1440; x_wconf 85' lang='lat' dir='ltr'><strong>hac</strong></span> <span class='ocrx_word' id='word_1_592' title='bbox 2832 1389 2935 1441; x_wconf 76' lang='lat' dir='ltr'><strong>vita</strong></span> <span class='ocrx_word' id='word_1_593' title='bbox 2965 1400 3134 1441; x_wconf 79' lang='lat' dir='ltr'><strong>lftttl‘le</strong></span> <span class='ocrx_word' id='word_1_594' title='bbox 3161 1389 3350 1456; x_wconf 88' lang='lat' dir='ltr'><strong>dignus</strong></span> <span class='ocrx_word' id='word_1_595' title='bbox 3370 1398 3469 1449; x_wconf 90' lang='lat' dir='ltr'><strong>est,</strong></span> <span class='ocrx_word' id='word_1_596' title='bbox 3504 1389 3671 1440; x_wconf 90' lang='lat' dir='ltr'><strong>multo</strong></span> <span class='ocrx_word' id='word_1_597' title='bbox 3702 1388 3880 1456; x_wconf 76' lang='lat' dir='ltr'><strong>magis</strong></span> 
     </span>
    </p>
   </div>
   <div class='ocr_carea' id='block_1_72' title="bbox 2288 1476 3880 1547">
    <p class='ocr_par' dir='ltr' id='par_1_72' title="bbox 2288 1476 3880 1547">
     <span class='ocr_line' id='line_1_72' title="bbox 2288 1476 3880 1547; baseline 0 -17"><span class='ocrx_word' id='word_1_598' title='bbox 2288 1477 2396 1531; x_wconf 93' lang='lat' dir='ltr'><strong>ille.</strong></span> <span class='ocrx_word' id='word_1_599' title='bbox 2440 1476 2518 1530; x_wconf 89' lang='lat' dir='ltr'><strong>Nc</strong></span> <span class='ocrx_word' id='word_1_600' title='bbox 2558 1477 2684 1530; x_wconf 91' lang='lat' dir='ltr'><strong>mihi</strong></span> <span class='ocrx_word' id='word_1_601' title='bbox 2716 1478 2931 1541; x_wconf 86' lang='lat' dir='ltr'><strong>dixeris,</strong></span> <span class='ocrx_word' id='word_1_602' title='bbox 2980 1478 3223 1532; x_wconf 83' lang='lat' dir='ltr'><strong>Peccavit</strong></span> <span class='ocrx_word' id='word_1_603' title='bbox 3255 1478 3536 1547; x_wconf 83' lang='lat' dir='ltr'><strong>presbyter</strong></span> <span class='ocrx_word' id='word_1_604' title='bbox 3563 1489 3653 1531; x_wconf 91' lang='lat' dir='ltr'><strong>aut</strong></span> <span class='ocrx_word' id='word_1_605' title='bbox 3686 1478 3880 1531; x_wconf 84' lang='lat' dir='ltr'><strong>diaco-</strong></span> 
     </span>
    </p>
   </div>
   <div class='ocr_carea' id='block_1_73' title="bbox 2289 1570 3877 1640">
    <p class='ocr_par' dir='ltr' id='par_1_73' title="bbox 2289 1570 3877 1640">
     <span class='ocr_line' id='line_1_73' title="bbox 2289 1570 3877 1640; baseline 0.001 -20"><span class='ocrx_word' id='word_1_606' title='bbox 2289 1583 2389 1621; x_wconf 92' lang='lat' dir='ltr'><strong>nus</strong></span> <span class='ocrx_word' id='word_1_607' title='bbox 2422 1587 2435 1622; x_wconf 88' lang='lat'><strong>:</strong></span> <span class='ocrx_word' id='word_1_608' title='bbox 2470 1570 2583 1622; x_wconf 80' lang='lat' dir='ltr'><strong>lucc</strong></span> <span class='ocrx_word' id='word_1_609' title='bbox 2623 1572 2799 1624; x_wconf 90' lang='lat' dir='ltr'><strong>omnia</strong></span> <span class='ocrx_word' id='word_1_610' title='bbox 2844 1572 2895 1624; x_wconf 89' lang='lat' dir='ltr'><strong>in</strong></span> <span class='ocrx_word' id='word_1_611' title='bbox 2939 1580 3098 1640; x_wconf 88' lang='lat' dir='ltr'><strong>caput</strong></span> <span class='ocrx_word' id='word_1_612' title='bbox 3139 1570 3497 1626; x_wconf 83' lang='lat' dir='ltr'><strong>ordinantium</strong></span> <span class='ocrx_word' id='word_1_613' title='bbox 3544 1572 3877 1624; x_wconf 86' lang='lat' dir='ltr'><strong>referuntur.</strong></span> 
     </span>
    </p>
   </div>
   <div class='ocr_carea' id='block_1_74' title="bbox 2287 1661 3878 1733">
    <p class='ocr_par' dir='ltr' id='par_1_74' title="bbox 2287 1661 3878 1733">
     <span class='ocr_line' id='line_1_74' title="bbox 2287 1661 3878 1733; baseline -0.001 -18"><span class='ocrx_word' id='word_1_614' title='bbox 2287 1661 2445 1715; x_wconf 79' lang='lat' dir='ltr'><strong>Aliud</strong></span> <span class='ocrx_word' id='word_1_615' title='bbox 2495 1663 2684 1716; x_wconf 90' lang='lat' dir='ltr'><strong>iterum</strong></span> <span class='ocrx_word' id='word_1_616' title='bbox 2734 1663 2872 1717; x_wconf 90' lang='lat' dir='ltr'><strong>dico.</strong></span> <span class='ocrx_word' id='word_1_617' title='bbox 2915 1662 3203 1733; x_wconf 83' lang='lat' dir='ltr'><strong>Contingit,</strong></span> <span class='ocrx_word' id='word_1_618' title='bbox 3234 1673 3288 1717; x_wconf 91' lang='lat' dir='ltr'><strong>ut</strong></span> <span class='ocrx_word' id='word_1_619' title='bbox 3315 1666 3433 1733; x_wconf 91' lang='lat' dir='ltr'><strong>quis</strong></span> <span class='ocrx_word' id='word_1_620' title='bbox 3476 1664 3878 1718; x_wconf 83' lang='lat' dir='ltr'><strong>successionem</strong></span> 
     </span>
    </p>
   </div>
   <div class='ocr_carea' id='block_1_75' title="bbox 2286 1744 3879 1821">
    <p class='ocr_par' dir='ltr' id='par_1_75' title="bbox 2286 1744 3879 1821">
     <span class='ocr_line' id='line_1_75' title="bbox 2286 1744 3879 1821; baseline 0 -14"><span class='ocrx_word' id='word_1_621' title='bbox 2286 1744 2513 1820; x_wconf 82' lang='lat' dir='ltr'><strong>excipiat</strong></span> <span class='ocrx_word' id='word_1_622' title='bbox 2561 1754 2919 1821; x_wconf 91' lang='lat' dir='ltr'><strong>improborum</strong></span> <span class='ocrx_word' id='word_1_623' title='bbox 2962 1754 3234 1809; x_wconf 82' lang='lat' dir='ltr'><strong>hominum</strong></span> <span class='ocrx_word' id='word_1_624' title='bbox 3283 1773 3295 1808; x_wconf 91' lang='lat'><strong>:</strong></span> <span class='ocrx_word' id='word_1_625' title='bbox 3341 1756 3547 1809; x_wconf 87' lang='lat' dir='ltr'><strong>dubitat</strong></span> <span class='ocrx_word' id='word_1_626' title='bbox 3588 1756 3879 1821; x_wconf 88' lang='lat' dir='ltr'><strong>ille,-quid</strong></span> 
     </span>
    </p>
   </div>
   <div class='ocr_carea' id='block_1_76' title="bbox 2286 1845 3880 1916">
    <p class='ocr_par' dir='ltr' id='par_1_76' title="bbox 2286 1845 3880 1916">
     <span class='ocr_line' id='line_1_76' title="bbox 2286 1845 3880 1916; baseline -0.001 -18"><span class='ocrx_word' id='word_1_627' title='bbox 2286 1845 2495 1898; x_wconf 83' lang='lat' dir='ltr'><strong>Consilii</strong></span> <span class='ocrx_word' id='word_1_628' title='bbox 2527 1859 2720 1914; x_wconf 89' lang='lat' dir='ltr'><strong>capere</strong></span> <span class='ocrx_word' id='word_1_629' title='bbox 2752 1856 2992 1914; x_wconf 87' lang='lat' dir='ltr'><strong>oporteat</strong></span> <span class='ocrx_word' id='word_1_630' title='bbox 3019 1852 3159 1901; x_wconf 88' lang='lat' dir='ltr'><strong>circa</strong></span> <span class='ocrx_word' id='word_1_631' title='bbox 3190 1848 3453 1916; x_wconf 76' lang='lat' dir='ltr'><strong>praeterita</strong></span> <span class='ocrx_word' id='word_1_632' title='bbox 3488 1856 3726 1913; x_wconf 83' lang='lat' dir='ltr'><strong>peccata.</strong></span> <span class='ocrx_word' id='word_1_633' title='bbox 3758 1846 3880 1899; x_wconf 89' lang='lat' dir='ltr'><strong>Duo</strong></span> 
     </span>
    </p>
   </div>
   <div class='ocr_carea' id='block_1_77' title="bbox 2285 1934 3879 2006">
    <p class='ocr_par' dir='ltr' id='par_1_77' title="bbox 2285 1934 3879 2006">
     <span class='ocr_line' id='line_1_77' title="bbox 2285 1934 3879 2006; baseline 0 -19"><span class='ocrx_word' id='word_1_634' title='bbox 2285 1934 2429 1987; x_wconf 89' lang='lat' dir='ltr'><strong>enim</strong></span> <span class='ocrx_word' id='word_1_635' title='bbox 2463 1944 2587 1987; x_wconf 89' lang='lat' dir='ltr'><strong>sunt</strong></span> <span class='ocrx_word' id='word_1_636' title='bbox 2618 1936 2927 2002; x_wconf 70' lang='lat' dir='ltr'><strong>prmcipitia,</strong></span> <span class='ocrx_word' id='word_1_637' title='bbox 2961 1947 3120 2004; x_wconf 85' lang='lat' dir='ltr'><strong>atque</strong></span> <span class='ocrx_word' id='word_1_638' title='bbox 3148 1946 3359 2005; x_wconf 91' lang='lat' dir='ltr'><strong>oportet</strong></span> <span class='ocrx_word' id='word_1_639' title='bbox 3400 1952 3573 2006; x_wconf 92' lang='lat' dir='ltr'><strong>neque</strong></span> <span class='ocrx_word' id='word_1_640' title='bbox 3606 1937 3754 1989; x_wconf 93' lang='lat' dir='ltr'><strong>illum</strong></span> <span class='ocrx_word' id='word_1_641' title='bbox 3787 1937 3879 1989; x_wconf 87' lang='lat' dir='ltr'><strong>di-</strong></span> 
     </span>
    </p>
   </div>
   <div class='ocr_carea' id='block_1_78' title="bbox 2287 2025 3881 2094">
    <p class='ocr_par' dir='ltr' id='par_1_78' title="bbox 2287 2025 3881 2094">
     <span class='ocr_line' id='line_1_78' title="bbox 2287 2025 3881 2094; baseline 0.003 -17"><span class='ocrx_word' id='word_1_642' title='bbox 2287 2025 2497 2077; x_wconf 88' lang='lat' dir='ltr'><strong>mittere</strong></span> <span class='ocrx_word' id='word_1_643' title='bbox 2517 2066 2531 2091; x_wconf 95' lang='lat'><strong>,</strong></span> <span class='ocrx_word' id='word_1_644' title='bbox 2574 2040 2745 2094; x_wconf 90' lang='lat' dir='ltr'><strong>neque</strong></span> <span class='ocrx_word' id='word_1_645' title='bbox 2776 2026 2908 2080; x_wconf 90' lang='lat' dir='ltr'><strong>alios</strong></span> <span class='ocrx_word' id='word_1_646' title='bbox 2936 2025 3226 2081; x_wconf 84' lang='lat' dir='ltr'><strong>oll‘euderc.</strong></span> <span class='ocrx_word' id='word_1_647' title='bbox 3258 2029 3337 2081; x_wconf 87' lang='lat' dir='ltr'><strong>An</strong></span> <span class='ocrx_word' id='word_1_648' title='bbox 3370 2028 3765 2083; x_wconf 82' lang='lat' dir='ltr'><strong>exseindendus</strong></span> <span class='ocrx_word' id='word_1_649' title='bbox 3793 2038 3881 2081; x_wconf 84' lang='lat' dir='ltr'><strong>cst</strong></span> 
     </span>
    </p>
   </div>
   <div class='ocr_carea' id='block_1_79' title="bbox 2291 2114 3881 2181">
    <p class='ocr_par' dir='ltr' id='par_1_79' title="bbox 2291 2114 3881 2181">
     <span class='ocr_line' id='line_1_79' title="bbox 2291 2114 3881 2181; baseline 0.003 -14"><span class='ocrx_word' id='word_1_650' title='bbox 2291 2115 2490 2181; x_wconf 85' lang='lat' dir='ltr'><strong>prior?</strong></span> <span class='ocrx_word' id='word_1_651' title='bbox 2522 2114 2716 2169; x_wconf 85' lang='lat' dir='ltr'><strong>Verum</strong></span> <span class='ocrx_word' id='word_1_652' title='bbox 2762 2131 2917 2169; x_wconf 91' lang='lat' dir='ltr'><strong>causa</strong></span> <span class='ocrx_word' id='word_1_653' title='bbox 2967 2134 3068 2169; x_wconf 88' lang='lat' dir='ltr'><strong>non</strong></span> <span class='ocrx_word' id='word_1_654' title='bbox 3121 2118 3287 2171; x_wconf 87' lang='lat' dir='ltr'><strong>adest.</strong></span> <span class='ocrx_word' id='word_1_655' title='bbox 3336 2120 3416 2171; x_wconf 85' lang='lat' dir='ltr'><strong>An</strong></span> <span class='ocrx_word' id='word_1_656' title='bbox 3472 2118 3881 2172; x_wconf 81' lang='lat' dir='ltr'><strong>dimittendus?</strong></span> 
     </span>
    </p>
   </div>
   <div class='ocr_carea' id='block_1_80' title="bbox 2291 2198 3876 2279">
    <p class='ocr_par' dir='ltr' id='par_1_80' title="bbox 2291 2198 3876 2279">
     <span class='ocr_line' id='line_1_80' title="bbox 2291 2198 3876 2279; baseline 0.002 -19"><span class='ocrx_word' id='word_1_657' title='bbox 2291 2206 2501 2271; x_wconf 85' lang='lat' dir='ltr'><strong>Etiam,</strong></span> <span class='ocrx_word' id='word_1_658' title='bbox 2552 2207 2757 2276; x_wconf 91' lang='lat' dir='ltr'><strong>inquies</strong></span> <span class='ocrx_word' id='word_1_659' title='bbox 2794 2226 2804 2260; x_wconf 89' lang='lat'><strong>:</strong></span> <span class='ocrx_word' id='word_1_660' title='bbox 2840 2223 2961 2261; x_wconf 90' lang='lat' dir='ltr'><strong>nam</strong></span> <span class='ocrx_word' id='word_1_661' title='bbox 2995 2209 3109 2276; x_wconf 76' lang='lat' dir='ltr'><strong>ejus</strong></span> <span class='ocrx_word' id='word_1_662' title='bbox 3138 2222 3219 2262; x_wconf 79' lang='lat' dir='ltr'><strong>est</strong></span> <span class='ocrx_word' id='word_1_663' title='bbox 3266 2208 3420 2278; x_wconf 88' lang='lat' dir='ltr'><strong>culpa</strong></span> <span class='ocrx_word' id='word_1_664' title='bbox 3450 2212 3537 2279; x_wconf 91' lang='lat' dir='ltr'><strong>qui</strong></span> <span class='ocrx_word' id='word_1_665' title='bbox 3582 2198 3876 2263; x_wconf 74' lang='lat' dir='ltr'><strong>ordinavit.</strong></span> 
     </span>
    </p>
   </div>
   <div class='ocr_carea' id='block_1_81' title="bbox 2290 2296 3879 2370">
    <p class='ocr_par' dir='ltr' id='par_1_81' title="bbox 2290 2296 3879 2370">
     <span class='ocr_line' id='line_1_81' title="bbox 2290 2296 3879 2370; baseline 0.005 -23"><span class='ocrx_word' id='word_1_666' title='bbox 2290 2296 2424 2361; x_wconf 85' lang='lat' dir='ltr'><strong>Quid</strong></span> <span class='ocrx_word' id='word_1_667' title='bbox 2472 2296 2648 2365; x_wconf 85' lang='lat' dir='ltr'><strong>ergo?</strong></span> <span class='ocrx_word' id='word_1_668' title='bbox 2692 2313 2793 2349; x_wconf 91' lang='lat' dir='ltr'><strong>non</strong></span> <span class='ocrx_word' id='word_1_669' title='bbox 2825 2307 3036 2365; x_wconf 86' lang='lat' dir='ltr'><strong>oportet</strong></span> <span class='ocrx_word' id='word_1_670' title='bbox 3080 2300 3357 2365; x_wconf 89' lang='lat' dir='ltr'><strong>ordinare,</strong></span> <span class='ocrx_word' id='word_1_671' title='bbox 3402 2316 3574 2370; x_wconf 84' lang='lat' dir='ltr'><strong>neque</strong></span> <span class='ocrx_word' id='word_1_672' title='bbox 3601 2301 3667 2354; x_wconf 89' lang='lat' dir='ltr'><strong>ad</strong></span> <span class='ocrx_word' id='word_1_673' title='bbox 3709 2302 3879 2355; x_wconf 90' lang='lat' dir='ltr'><strong>alium</strong></span> 
     </span>
    </p>
   </div>
   <div class='ocr_carea' id='block_1_82' title="bbox 2289 2385 3878 2459">
    <p class='ocr_par' dir='ltr' id='par_1_82' title="bbox 2289 2385 3878 2459">
     <span class='ocr_line' id='line_1_82' title="bbox 2289 2385 3878 2459; baseline 0.004 -20"><span class='ocrx_word' id='word_1_674' title='bbox 2289 2386 2508 2455; x_wconf 85' lang='lat' dir='ltr'><strong>gradum</strong></span> <span class='ocrx_word' id='word_1_675' title='bbox 2535 2385 2761 2440; x_wconf 84' lang='lat' dir='ltr'><strong>evehere</strong></span> <span class='ocrx_word' id='word_1_676' title='bbox 2780 2387 2803 2439; x_wconf 88' lang='lat'><strong>?</strong></span> <span class='ocrx_word' id='word_1_677' title='bbox 2824 2388 2926 2441; x_wconf 81' lang='lat' dir='ltr'><strong>Sed</strong></span> <span class='ocrx_word' id='word_1_678' title='bbox 2958 2388 3078 2441; x_wconf 89' lang='lat' dir='ltr'><strong>hinc</strong></span> <span class='ocrx_word' id='word_1_679' title='bbox 3100 2390 3342 2443; x_wconf 86' lang='lat' dir='ltr'><strong>omnibus</strong></span> <span class='ocrx_word' id='word_1_680' title='bbox 3371 2393 3540 2459; x_wconf 82' lang='lat' dir='ltr'><strong>palam</strong></span> <span class='ocrx_word' id='word_1_681' title='bbox 3567 2392 3692 2454; x_wconf 89' lang='lat' dir='ltr'><strong>erit,</strong></span> <span class='ocrx_word' id='word_1_682' title='bbox 3723 2393 3878 2445; x_wconf 91' lang='lat' dir='ltr'><strong>illum</strong></span> 
     </span>
    </p>
   </div>
   <div class='ocr_carea' id='block_1_83' title="bbox 2287 2476 3878 2546">
    <p class='ocr_par' dir='ltr' id='par_1_83' title="bbox 2287 2476 3878 2546">
     <span class='ocr_line' id='line_1_83' title="bbox 2287 2476 3878 2546; baseline 0.003 -16"><span class='ocrx_word' id='word_1_683' title='bbox 2287 2490 2407 2530; x_wconf 85' lang='lat' dir='ltr'><strong>esse</strong></span> <span class='ocrx_word' id='word_1_684' title='bbox 2452 2476 2770 2544; x_wconf 87' lang='lat' dir='ltr'><strong>improbum.</strong></span> <span class='ocrx_word' id='word_1_685' title='bbox 2821 2477 3000 2546; x_wconf 78' lang='lat' dir='ltr'><strong>Itaque</strong></span> <span class='ocrx_word' id='word_1_686' title='bbox 3050 2494 3232 2533; x_wconf 88' lang='lat' dir='ltr'><strong>rursus</strong></span> <span class='ocrx_word' id='word_1_687' title='bbox 3274 2482 3380 2534; x_wconf 86' lang='lat' dir='ltr'><strong>alio</strong></span> <span class='ocrx_word' id='word_1_688' title='bbox 3423 2480 3645 2535; x_wconf 81' lang='lat' dir='ltr'><strong>offendit</strong></span> <span class='ocrx_word' id='word_1_689' title='bbox 3690 2485 3878 2535; x_wconf 87' lang='lat' dir='ltr'><strong>modo.</strong></span> 
     </span>
    </p>
   </div>
   <div class='ocr_carea' id='block_1_84' title="bbox 2288 2564 3881 2639">
    <p class='ocr_par' dir='ltr' id='par_1_84' title="bbox 2288 2564 3881 2639">
     <span class='ocr_line' id='line_1_84' title="bbox 2288 2564 3881 2639; baseline 0.006 -20"><span class='ocrx_word' id='word_1_690' title='bbox 2288 2564 2423 2620; x_wconf 85' lang='lat' dir='ltr'><strong>Num</strong></span> <span class='ocrx_word' id='word_1_691' title='bbox 2472 2567 2538 2619; x_wconf 90' lang='lat' dir='ltr'><strong>ad</strong></span> <span class='ocrx_word' id='word_1_692' title='bbox 2583 2567 2833 2635; x_wconf 88' lang='lat' dir='ltr'><strong>majorem</strong></span> <span class='ocrx_word' id='word_1_693' title='bbox 2878 2568 3096 2637; x_wconf 81' lang='lat' dir='ltr'><strong>gradum</strong></span> <span class='ocrx_word' id='word_1_694' title='bbox 3149 2572 3541 2639; x_wconf 84' lang='lat' dir='ltr'><strong>promovendus</strong></span> <span class='ocrx_word' id='word_1_695' title='bbox 3586 2573 3717 2627; x_wconf 80' lang='lat' dir='ltr'><strong>est?</strong></span> <span class='ocrx_word' id='word_1_696' title='bbox 3763 2573 3881 2628; x_wconf 78' lang='lat' dir='ltr'><strong>[loc</strong></span> 
     </span>
    </p>
   </div>
   <div class='ocr_carea' id='block_1_85' title="bbox 2291 2655 2853 2711">
    <p class='ocr_par' dir='ltr' id='par_1_85' title="bbox 2291 2655 2853 2711">
     <span class='ocr_line' id='line_1_85' title="bbox 2291 2655 2853 2711; baseline -0.002 -3"><span class='ocrx_word' id='word_1_697' title='bbox 2291 2656 2462 2709; x_wconf 91' lang='lat' dir='ltr'><strong>multo</strong></span> <span class='ocrx_word' id='word_1_698' title='bbox 2488 2655 2723 2710; x_wconf 88' lang='lat' dir='ltr'><strong>deterius</strong></span> <span class='ocrx_word' id='word_1_699' title='bbox 2752 2667 2853 2711; x_wconf 90' lang='lat' dir='ltr'><strong>est.</strong></span> 
     </span>
    </p>
   </div>
   <div class='ocr_carea' id='block_1_86' title="bbox 2354 2746 3882 2826">
    <p class='ocr_par' dir='ltr' id='par_1_86' title="bbox 2354 2746 3882 2826">
     <span class='ocr_line' id='line_1_86' title="bbox 2354 2746 3882 2826; baseline 0.007 -24"><span class='ocrx_word' id='word_1_700' title='bbox 2354 2748 2408 2802; x_wconf 90' lang='lat'><strong>5.</strong></span> <span class='ocrx_word' id='word_1_701' title='bbox 2425 2746 2565 2802; x_wconf 77' lang='lat' dir='ltr'><strong>Onus</strong></span> <span class='ocrx_word' id='word_1_702' title='bbox 2580 2750 2894 2818; x_wconf 79' lang='lat' dir='ltr'><strong>episcopatus</strong></span> <span class='ocrx_word' id='word_1_703' title='bbox 2907 2767 3005 2804; x_wconf 84' lang='lat' dir='ltr'><strong>non</strong></span> <span class='ocrx_word' id='word_1_704' title='bbox 3020 2753 3255 2818; x_wconf 83' lang='lat' dir='ltr'><strong>ambitur,</strong></span> <span class='ocrx_word' id='word_1_705' title='bbox 3270 2753 3357 2807; x_wconf 83' lang='lat' dir='ltr'><strong>sed</strong></span> <span class='ocrx_word' id='word_1_706' title='bbox 3372 2754 3882 2826; x_wconf 78' lang='lat' dir='ltr'><strong>dignitas.—ltaque</strong></span> 
     </span>
    </p>
   </div>
   <div class='ocr_carea' id='block_1_87' title="bbox 2291 2838 3877 2903">
    <p class='ocr_par' dir='ltr' id='par_1_87' title="bbox 2291 2838 3877 2903">
     <span class='ocr_line' id='line_1_87' title="bbox 2291 2838 3877 2903; baseline 0.006 -12"><span class='ocrx_word' id='word_1_707' title='bbox 2291 2838 2334 2891; x_wconf 89' lang='lat' dir='ltr'><strong>si</strong></span> <span class='ocrx_word' id='word_1_708' title='bbox 2366 2841 2483 2903; x_wconf 84' lang='lat' dir='ltr'><strong>quis</strong></span> <span class='ocrx_word' id='word_1_709' title='bbox 2510 2838 2575 2891; x_wconf 87' lang='lat' dir='ltr'><strong>ad</strong></span> <span class='ocrx_word' id='word_1_710' title='bbox 2606 2853 2871 2895; x_wconf 88' lang='lat' dir='ltr'><strong>sumnunn</strong></span> <span class='ocrx_word' id='word_1_711' title='bbox 2912 2844 3272 2897; x_wconf 85' lang='lat' dir='ltr'><strong>sacerdotium</strong></span> <span class='ocrx_word' id='word_1_712' title='bbox 3305 2846 3591 2900; x_wconf 89' lang='lat' dir='ltr'><strong>accesserit</strong></span> <span class='ocrx_word' id='word_1_713' title='bbox 3621 2847 3768 2901; x_wconf 86' lang='lat' dir='ltr'><strong>velut</strong></span> <span class='ocrx_word' id='word_1_714' title='bbox 3810 2849 3877 2903; x_wconf 90' lang='lat' dir='ltr'><strong>ad</strong></span> 
     </span>
    </p>
   </div>
   <div class='ocr_carea' id='block_1_88' title="bbox 2291 2928 3882 3007">
    <p class='ocr_par' dir='ltr' id='par_1_88' title="bbox 2291 2928 3882 3007">
     <span class='ocr_line' id='line_1_88' title="bbox 2291 2928 3882 3007; baseline 0.008 -25"><span class='ocrx_word' id='word_1_715' title='bbox 2291 2928 2739 2997; x_wconf 87' lang='lat' dir='ltr'><strong>sollicitudinem,</strong></span> <span class='ocrx_word' id='word_1_716' title='bbox 2788 2948 2946 2985; x_wconf 91' lang='lat' dir='ltr'><strong>nemo</strong></span> <span class='ocrx_word' id='word_1_717' title='bbox 2992 2934 3121 2987; x_wconf 91' lang='lat' dir='ltr'><strong>illud</strong></span> <span class='ocrx_word' id='word_1_718' title='bbox 3164 2934 3317 2989; x_wconf 85' lang='lat' dir='ltr'><strong>facile</strong></span> <span class='ocrx_word' id='word_1_719' title='bbox 3372 2944 3686 3007; x_wconf 82' lang='lat' dir='ltr'><strong>susceperit.</strong></span> <span class='ocrx_word' id='word_1_720' title='bbox 3723 2940 3882 2995; x_wconf 75' lang='lat' dir='ltr'><strong>Nunc</strong></span> 
     </span>
    </p>
   </div>
   <div class='ocr_carea' id='block_1_89' title="bbox 2291 3026 3875 3094">
    <p class='ocr_par' dir='ltr' id='par_1_89' title="bbox 2291 3026 3875 3094">
     <span class='ocr_line' id='line_1_89' title="bbox 2291 3026 3875 3094; baseline 0.008 -23"><span class='ocrx_word' id='word_1_721' title='bbox 2291 3028 2466 3072; x_wconf 88' lang='lat' dir='ltr'><strong>autem</strong></span> <span class='ocrx_word' id='word_1_722' title='bbox 2507 3030 2648 3073; x_wconf 79' lang='lat' dir='ltr'><strong>\‘Cltll</strong></span> <span class='ocrx_word' id='word_1_723' title='bbox 2676 3032 2931 3077; x_wconf 78' lang='lat' dir='ltr'><strong>externos</strong></span> <span class='ocrx_word' id='word_1_724' title='bbox 2976 3026 3314 3094; x_wconf 84' lang='lat' dir='ltr'><strong>magistratus</strong></span> <span class='ocrx_word' id='word_1_725' title='bbox 3362 3028 3489 3083; x_wconf 86' lang='lat' dir='ltr'><strong>illud</strong></span> <span class='ocrx_word' id='word_1_726' title='bbox 3535 3031 3875 3086; x_wconf 77' lang='lat' dir='ltr'><strong>afl‘ectantus.</strong></span> 
     </span>
    </p>
   </div>
   <div class='ocr_carea' id='block_1_90' title="bbox 2292 3107 3876 3189">
    <p class='ocr_par' dir='ltr' id='par_1_90' title="bbox 2292 3107 3876 3189">
     <span class='ocr_line' id='line_1_90' title="bbox 2292 3107 3876 3189; baseline 0.011 -28"><span class='ocrx_word' id='word_1_727' title='bbox 2292 3107 2421 3161; x_wconf 86' lang='lat' dir='ltr'><strong>Nam</strong></span> <span class='ocrx_word' id='word_1_728' title='bbox 2469 3120 2525 3161; x_wconf 91' lang='lat' dir='ltr'><strong>ut</strong></span> <span class='ocrx_word' id='word_1_729' title='bbox 2569 3110 2733 3177; x_wconf 86' lang='lat' dir='ltr'><strong>gloria</strong></span> <span class='ocrx_word' id='word_1_730' title='bbox 2774 3122 2826 3165; x_wconf 82' lang='lat' dir='ltr'><strong>et</strong></span> <span class='ocrx_word' id='word_1_731' title='bbox 2867 3113 3068 3168; x_wconf 82' lang='lat' dir='ltr'><strong>honore</strong></span> <span class='ocrx_word' id='word_1_732' title='bbox 3108 3117 3245 3184; x_wconf 91' lang='lat' dir='ltr'><strong>apud</strong></span> <span class='ocrx_word' id='word_1_733' title='bbox 3278 3118 3519 3174; x_wconf 84' lang='lat' dir='ltr'><strong>homines</strong></span> <span class='ocrx_word' id='word_1_734' title='bbox 3548 3123 3876 3189; x_wconf 78' lang='lat' dir='ltr'><strong>afficiantur,</strong></span> 
     </span>
    </p>
   </div>
   <div class='ocr_carea' id='block_1_91' title="bbox 2291 3199 3877 3286">
    <p class='ocr_par' dir='ltr' id='par_1_91' title="bbox 2291 3199 3877 3286">
     <span class='ocr_line' id='line_1_91' title="bbox 2291 3199 3877 3286; baseline 0.012 -34"><span class='ocrx_word' id='word_1_735' title='bbox 2291 3199 2428 3268; x_wconf 86' lang='lat' dir='ltr'><strong>apud</strong></span> <span class='ocrx_word' id='word_1_736' title='bbox 2472 3201 2634 3254; x_wconf 86' lang='lat' dir='ltr'><strong>Deum</strong></span> <span class='ocrx_word' id='word_1_737' title='bbox 2669 3205 2915 3270; x_wconf 88' lang='lat' dir='ltr'><strong>perimus.</strong></span> <span class='ocrx_word' id='word_1_738' title='bbox 2953 3206 3101 3271; x_wconf 88' lang='lat' dir='ltr'><strong>Quod</strong></span> <span class='ocrx_word' id='word_1_739' title='bbox 3146 3208 3362 3265; x_wconf 79' lang='lat' dir='ltr'><strong>honoris</strong></span> <span class='ocrx_word' id='word_1_740' title='bbox 3409 3212 3666 3268; x_wconf 85' lang='lat' dir='ltr'><strong>lucrum?</strong></span> <span class='ocrx_word' id='word_1_741' title='bbox 3710 3232 3877 3286; x_wconf 87' lang='lat' dir='ltr'><strong>quam</strong></span> 
     </span>
    </p>
   </div>
   <div class='ocr_carea' id='block_1_92' title="bbox 2292 3292 3879 3372">
    <p class='ocr_par' dir='ltr' id='par_1_92' title="bbox 2292 3292 3879 3372">
     <span class='ocr_line' id='line_1_92' title="bbox 2292 3292 3879 3372; baseline 0.014 -26"><span class='ocrx_word' id='word_1_742' title='bbox 2292 3292 2435 3347; x_wconf 86' lang='lat' dir='ltr'><strong>clare</strong></span> <span class='ocrx_word' id='word_1_743' title='bbox 2468 3296 2723 3363; x_wconf 89' lang='lat' dir='ltr'><strong>probatur</strong></span> <span class='ocrx_word' id='word_1_744' title='bbox 2750 3300 2874 3354; x_wconf 91' lang='lat' dir='ltr'><strong>nihil</strong></span> <span class='ocrx_word' id='word_1_745' title='bbox 2908 3318 3027 3358; x_wconf 82' lang='lat' dir='ltr'><strong>esse</strong></span> <span class='ocrx_word' id='word_1_746' title='bbox 3057 3304 3078 3357; x_wconf 89' lang='lat'><strong>?</strong></span> <span class='ocrx_word' id='word_1_747' title='bbox 3106 3307 3326 3372; x_wconf 87' lang='lat' dir='ltr'><strong>Quando</strong></span> <span class='ocrx_word' id='word_1_748' title='bbox 3354 3310 3709 3365; x_wconf 89' lang='lat' dir='ltr'><strong>sacerdotium</strong></span> <span class='ocrx_word' id='word_1_749' title='bbox 3742 3329 3879 3367; x_wconf 90' lang='lat' dir='ltr'><strong>con-</strong></span> 
     </span>
    </p>
   </div>
   <div class='ocr_carea' id='block_1_93' title="bbox 2291 3385 3880 3470">
    <p class='ocr_par' dir='ltr' id='par_1_93' title="bbox 2291 3385 3880 3470">
     <span class='ocr_line' id='line_1_93' title="bbox 2291 3385 3880 3470; baseline 0.014 -34"><span class='ocrx_word' id='word_1_750' title='bbox 2291 3385 2538 3451; x_wconf 81' lang='lat' dir='ltr'><strong>cupiscis,</strong></span> <span class='ocrx_word' id='word_1_751' title='bbox 2565 3402 2628 3441; x_wconf 87' lang='lat' dir='ltr'><strong>ex</strong></span> <span class='ocrx_word' id='word_1_752' title='bbox 2658 3390 2884 3445; x_wconf 88' lang='lat' dir='ltr'><strong>adverso</strong></span> <span class='ocrx_word' id='word_1_753' title='bbox 2912 3409 3048 3462; x_wconf 90' lang='lat' dir='ltr'><strong>pone</strong></span> <span class='ocrx_word' id='word_1_754' title='bbox 3068 3398 3386 3465; x_wconf 88' lang='lat' dir='ltr'><strong>gehennam,</strong></span> <span class='ocrx_word' id='word_1_755' title='bbox 3408 3403 3675 3470; x_wconf 86' lang='lat' dir='ltr'><strong>perpende</strong></span> <span class='ocrx_word' id='word_1_756' title='bbox 3703 3406 3880 3458; x_wconf 88' lang='lat' dir='ltr'><strong>ratio-</strong></span> 
     </span>
    </p>
   </div>
   <div class='ocr_carea' id='block_1_94' title="bbox 2293 3477 3880 3559">
    <p class='ocr_par' dir='ltr' id='par_1_94' title="bbox 2293 3477 3880 3559">
     <span class='ocr_line' id='line_1_94' title="bbox 2293 3477 3880 3559; baseline 0.016 -34"><span class='ocrx_word' id='word_1_757' title='bbox 2293 3488 2388 3528; x_wconf 90' lang='lat' dir='ltr'><strong>nes</strong></span> <span class='ocrx_word' id='word_1_758' title='bbox 2419 3477 2524 3531; x_wconf 85' lang='lat' dir='ltr'><strong>illic</strong></span> <span class='ocrx_word' id='word_1_759' title='bbox 2554 3480 2854 3536; x_wconf 88' lang='lat' dir='ltr'><strong>reddendas</strong></span> <span class='ocrx_word' id='word_1_760' title='bbox 2884 3502 2897 3536; x_wconf 94' lang='lat'><strong><em>:</em></strong></span> <span class='ocrx_word' id='word_1_761' title='bbox 2942 3499 3008 3539; x_wconf 87' lang='lat' dir='ltr'><strong>ex</strong></span> <span class='ocrx_word' id='word_1_762' title='bbox 3050 3488 3279 3543; x_wconf 87' lang='lat' dir='ltr'><strong>adverso</strong></span> <span class='ocrx_word' id='word_1_763' title='bbox 3311 3508 3448 3559; x_wconf 82' lang='lat' dir='ltr'><strong>pone</strong></span> <span class='ocrx_word' id='word_1_764' title='bbox 3477 3494 3637 3547; x_wconf 89' lang='lat' dir='ltr'><strong>vitam</strong></span> <span class='ocrx_word' id='word_1_765' title='bbox 3666 3511 3696 3559; x_wconf 63' lang='grc' dir='ltr'>ρ</span> <span class='ocrx_word' id='word_1_766' title='bbox 3729 3498 3880 3551; x_wconf 83' lang='lat' dir='ltr'><strong>curis</strong></span> 
     </span>
    </p>
   </div>
   <div class='ocr_carea' id='block_1_95' title="bbox 2293 3565 3877 3655">
    <p class='ocr_par' dir='ltr' id='par_1_95' title="bbox 2293 3565 3877 3655">
     <span class='ocr_line' id='line_1_95' title="bbox 2293 3565 3877 3655; baseline 0.015 -37"><span class='ocrx_word' id='word_1_767' title='bbox 2293 3565 2537 3634; x_wconf 89' lang='lat' dir='ltr'><strong>liberam,</strong></span> <span class='ocrx_word' id='word_1_768' title='bbox 2569 3585 2707 3638; x_wconf 83' lang='lat' dir='ltr'><strong>pone</strong></span> <span class='ocrx_word' id='word_1_769' title='bbox 2734 3575 2978 3643; x_wconf 91' lang='lat' dir='ltr'><strong>supplicii</strong></span> <span class='ocrx_word' id='word_1_770' title='bbox 3008 3593 3332 3634; x_wconf 85' lang='lat' dir='ltr'><strong>mensuram.</strong></span> <span class='ocrx_word' id='word_1_771' title='bbox 3379 3583 3639 3649; x_wconf 89' lang='lat' dir='ltr'><strong>Quoniam</strong></span> <span class='ocrx_word' id='word_1_772' title='bbox 3671 3588 3715 3640; x_wconf 93' lang='lat' dir='ltr'><strong>si</strong></span> <span class='ocrx_word' id='word_1_773' title='bbox 3760 3589 3877 3655; x_wconf 89' lang='lat' dir='ltr'><strong>pri-</strong></span> 
     </span>
    </p>
   </div>
   <div class='ocr_carea' id='block_1_96' title="bbox 2291 3660 3881 3738">
    <p class='ocr_par' dir='ltr' id='par_1_96' title="bbox 2291 3660 3881 3738">
     <span class='ocr_line' id='line_1_96' title="bbox 2291 3660 3881 3738; baseline 0.015 -27"><span class='ocrx_word' id='word_1_774' title='bbox 2291 3660 2451 3713; x_wconf 88' lang='lat' dir='ltr'><strong>vatim</strong></span> <span class='ocrx_word' id='word_1_775' title='bbox 2485 3676 2692 3729; x_wconf 90' lang='lat' dir='ltr'><strong>pecces,</strong></span> <span class='ocrx_word' id='word_1_776' title='bbox 2723 3665 2849 3719; x_wconf 90' lang='lat' dir='ltr'><strong>nihil</strong></span> <span class='ocrx_word' id='word_1_777' title='bbox 2880 3668 2983 3722; x_wconf 87' lang='lat' dir='ltr'><strong>tale</strong></span> <span class='ocrx_word' id='word_1_778' title='bbox 3008 3684 3260 3738; x_wconf 81' lang='lat' dir='ltr'><strong>passurus</strong></span> <span class='ocrx_word' id='word_1_779' title='bbox 3286 3688 3345 3727; x_wconf 93' lang='lat' dir='ltr'><strong>es</strong></span> <span class='ocrx_word' id='word_1_780' title='bbox 3372 3677 3446 3728; x_wconf 89' lang='lat' dir='ltr'><strong>:si</strong></span> <span class='ocrx_word' id='word_1_781' title='bbox 3473 3692 3598 3730; x_wconf 86' lang='lat' dir='ltr'><strong>vero</strong></span> <span class='ocrx_word' id='word_1_782' title='bbox 3622 3680 3881 3735; x_wconf 87' lang='lat' dir='ltr'><strong>sacerdos</strong></span> 
     </span>
    </p>
   </div>
   <div class='ocr_carea' id='block_1_97' title="bbox 2292 3750 3880 3839">
    <p class='ocr_par' dir='ltr' id='par_1_97' title="bbox 2292 3750 3880 3839">
     <span class='ocr_line' id='line_1_97' title="bbox 2292 3750 3880 3839; baseline 0.014 -36"><span class='ocrx_word' id='word_1_783' title='bbox 2292 3752 2394 3816; x_wconf 91' lang='lat' dir='ltr'><strong>sis,</strong></span> <span class='ocrx_word' id='word_1_784' title='bbox 2430 3754 2651 3820; x_wconf 79' lang='lat' dir='ltr'><strong>periisri.</strong></span> <span class='ocrx_word' id='word_1_785' title='bbox 2681 3757 2862 3826; x_wconf 88' lang='lat' dir='ltr'><strong>Cogita</strong></span> <span class='ocrx_word' id='word_1_786' title='bbox 2885 3801 2899 3825; x_wconf 90' lang='lat'><strong>,</strong></span> <span class='ocrx_word' id='word_1_787' title='bbox 2931 3750 3124 3829; x_wconf 89' lang='lat' dir='ltr'><strong>quanta</strong></span> <span class='ocrx_word' id='word_1_788' title='bbox 3158 3777 3372 3831; x_wconf 90' lang='lat' dir='ltr'><strong>passus,</strong></span> <span class='ocrx_word' id='word_1_789' title='bbox 3406 3778 3603 3834; x_wconf 91' lang='lat' dir='ltr'><strong>quanta</strong></span> <span class='ocrx_word' id='word_1_790' title='bbox 3637 3770 3880 3839; x_wconf 86' lang='lat' dir='ltr'><strong>philoso-</strong></span> 
     </span>
    </p>
   </div>
   <div class='ocr_carea' id='block_1_98' title="bbox 2295 3843 3881 3923">
    <p class='ocr_par' dir='ltr' id='par_1_98' title="bbox 2295 3843 3881 3923">
     <span class='ocr_line' id='line_1_98' title="bbox 2295 3843 3881 3923; baseline 0.016 -29"><span class='ocrx_word' id='word_1_791' title='bbox 2295 3843 2416 3909; x_wconf 86' lang='lat' dir='ltr'><strong>phia</strong></span> <span class='ocrx_word' id='word_1_792' title='bbox 2445 3861 2569 3900; x_wconf 91' lang='lat' dir='ltr'><strong>usus</strong></span> <span class='ocrx_word' id='word_1_793' title='bbox 2609 3850 2676 3900; x_wconf 91' lang='lat' dir='ltr'><strong>sit</strong></span> <span class='ocrx_word' id='word_1_794' title='bbox 2712 3849 2941 3921; x_wconf 86' lang='lat' dir='ltr'><strong>Moyses,</strong></span> <span class='ocrx_word' id='word_1_795' title='bbox 2974 3864 3167 3921; x_wconf 88' lang='lat' dir='ltr'><strong>quanta</strong></span> <span class='ocrx_word' id='word_1_796' title='bbox 3196 3856 3499 3912; x_wconf 83' lang='lat' dir='ltr'><strong>exhibuerit</strong></span> <span class='ocrx_word' id='word_1_797' title='bbox 3526 3860 3681 3923; x_wconf 88' lang='lat' dir='ltr'><strong>bona,</strong></span> <span class='ocrx_word' id='word_1_798' title='bbox 3715 3872 3769 3917; x_wconf 90' lang='lat' dir='ltr'><strong>et</strong></span> <span class='ocrx_word' id='word_1_799' title='bbox 3798 3876 3881 3919; x_wconf 82' lang='lat' dir='ltr'><strong>la-</strong></span> 
     </span>
    </p>
   </div>
   <div class='ocr_carea' id='block_1_99' title="bbox 2294 3936 3876 4021">
    <p class='ocr_par' dir='ltr' id='par_1_99' title="bbox 2294 3936 3876 4021">
     <span class='ocr_line' id='line_1_99' title="bbox 2294 3936 3876 4021; baseline 0.015 -36"><span class='ocrx_word' id='word_1_800' title='bbox 2294 3947 2413 3987; x_wconf 91' lang='lat' dir='ltr'><strong>mcn</strong></span> <span class='ocrx_word' id='word_1_801' title='bbox 2452 3936 2593 4003; x_wconf 88' lang='lat' dir='ltr'><strong>quod</strong></span> <span class='ocrx_word' id='word_1_802' title='bbox 2626 3954 2784 3992; x_wconf 87' lang='lat' dir='ltr'><strong>unum</strong></span> <span class='ocrx_word' id='word_1_803' title='bbox 2821 3950 3091 4007; x_wconf 86' lang='lat' dir='ltr'><strong>peccatum</strong></span> <span class='ocrx_word' id='word_1_804' title='bbox 3122 3945 3420 4012; x_wconf 89' lang='lat' dir='ltr'><strong>admiserit,</strong></span> <span class='ocrx_word' id='word_1_805' title='bbox 3453 3951 3646 4005; x_wconf 87' lang='lat' dir='ltr'><strong>acerbe</strong></span> <span class='ocrx_word' id='word_1_806' title='bbox 3676 3952 3876 4021; x_wconf 87' lang='lat' dir='ltr'><strong>plexus</strong></span> 
     </span>
    </p>
   </div>
   <div class='ocr_carea' id='block_1_100' title="bbox 2291 4032 3877 4112">
    <p class='ocr_par' dir='ltr' id='par_1_100' title="bbox 2291 4032 3877 4112">
     <span class='ocr_line' id='line_1_100' title="bbox 2291 4032 3877 4112; baseline 0.015 -33"><span class='ocrx_word' id='word_1_807' title='bbox 2291 4035 2420 4090; x_wconf 83' lang='lat' dir='ltr'><strong>est;</strong></span> <span class='ocrx_word' id='word_1_808' title='bbox 2467 4042 2529 4082; x_wconf 87' lang='lat' dir='ltr'><strong>ac</strong></span> <span class='ocrx_word' id='word_1_809' title='bbox 2560 4032 2749 4085; x_wconf 89' lang='lat' dir='ltr'><strong>merito</strong></span> <span class='ocrx_word' id='word_1_810' title='bbox 2784 4050 2795 4085; x_wconf 93' lang='lat'><strong>:</strong></span> <span class='ocrx_word' id='word_1_811' title='bbox 2826 4036 3073 4101; x_wconf 86' lang='lat' dir='ltr'><strong>quoniam</strong></span> <span class='ocrx_word' id='word_1_812' title='bbox 3121 4038 3168 4089; x_wconf 91' lang='lat' dir='ltr'><strong>id</strong></span> <span class='ocrx_word' id='word_1_813' title='bbox 3220 4054 3340 4091; x_wconf 91' lang='lat' dir='ltr'><strong>cum</strong></span> <span class='ocrx_word' id='word_1_814' title='bbox 3390 4041 3614 4095; x_wconf 84' lang='lat' dir='ltr'><strong>aliorum</strong></span> <span class='ocrx_word' id='word_1_815' title='bbox 3660 4044 3877 4112; x_wconf 88' lang='lat' dir='ltr'><strong>jactura</strong></span> 
     </span>
    </p>
   </div>
   <div class='ocr_carea' id='block_1_101' title="bbox 2292 4114 3878 4199">
    <p class='ocr_par' dir='ltr' id='par_1_101' title="bbox 2292 4114 3878 4199">
     <span class='ocr_line' id='line_1_101' title="bbox 2292 4114 3878 4199; baseline 0.014 -29"><span class='ocrx_word' id='word_1_816' title='bbox 2292 4114 2487 4172; x_wconf 81' lang='lat' dir='ltr'><strong>factum</strong></span> <span class='ocrx_word' id='word_1_817' title='bbox 2521 4131 2622 4174; x_wconf 90' lang='lat' dir='ltr'><strong>est.</strong></span> <span class='ocrx_word' id='word_1_818' title='bbox 2672 4122 2745 4192; x_wconf 86' lang='grc' dir='ltr'><strong>(α)</strong></span> <span class='ocrx_word' id='word_1_819' title='bbox 2785 4124 2966 4193; x_wconf 87' lang='lat' dir='ltr'><strong>Itaque</strong></span> <span class='ocrx_word' id='word_1_820' title='bbox 3006 4128 3279 4195; x_wconf 87' lang='lat' dir='ltr'><strong>graviores</strong></span> <span class='ocrx_word' id='word_1_821' title='bbox 3326 4146 3510 4197; x_wconf 85' lang='lat' dir='ltr'><strong>poenas</strong></span> <span class='ocrx_word' id='word_1_822' title='bbox 3536 4134 3718 4199; x_wconf 91' lang='lat' dir='ltr'><strong>dedit,</strong></span> <span class='ocrx_word' id='word_1_823' title='bbox 3764 4153 3878 4192; x_wconf 88' lang='lat' dir='ltr'><strong>non</strong></span> 
     </span>
    </p>
   </div>
   <div class='ocr_carea' id='block_1_102' title="bbox 2294 4208 3882 4295">
    <p class='ocr_par' dir='ltr' id='par_1_102' title="bbox 2294 4208 3882 4295">
     <span class='ocr_line' id='line_1_102' title="bbox 2294 4208 3882 4295; baseline 0.014 -35"><span class='ocrx_word' id='word_1_824' title='bbox 2294 4208 2432 4277; x_wconf 90' lang='lat' dir='ltr'><strong>quod</strong></span> <span class='ocrx_word' id='word_1_825' title='bbox 2467 4211 2635 4279; x_wconf 88' lang='lat' dir='ltr'><strong>palam</strong></span> <span class='ocrx_word' id='word_1_826' title='bbox 2666 4211 2860 4267; x_wconf 84' lang='lat' dir='ltr'><strong>factum</strong></span> <span class='ocrx_word' id='word_1_827' title='bbox 2893 4217 2989 4279; x_wconf 91' lang='lat' dir='ltr'><strong>sit,</strong></span> <span class='ocrx_word' id='word_1_828' title='bbox 3035 4219 3126 4271; x_wconf 90' lang='lat' dir='ltr'><strong>sed</strong></span> <span class='ocrx_word' id='word_1_829' title='bbox 3159 4221 3297 4287; x_wconf 90' lang='lat' dir='ltr'><strong>quod</strong></span> <span class='ocrx_word' id='word_1_830' title='bbox 3341 4223 3636 4277; x_wconf 88' lang='lat' dir='ltr'><strong>sacerdotis</strong></span> <span class='ocrx_word' id='word_1_831' title='bbox 3681 4242 3882 4295; x_wconf 88' lang='lat' dir='ltr'><strong>pecca-</strong></span> 
     </span>
    </p>
   </div>
   <div class='ocr_carea' id='block_1_103' title="bbox 2296 4303 3879 4383">
    <p class='ocr_par' dir='ltr' id='par_1_103' title="bbox 2296 4303 3879 4383">
     <span class='ocr_line' id='line_1_103' title="bbox 2296 4303 3879 4383; baseline 0.013 -32"><span class='ocrx_word' id='word_1_832' title='bbox 2296 4307 2405 4352; x_wconf 90' lang='lat' dir='ltr'><strong>tum</strong></span> <span class='ocrx_word' id='word_1_833' title='bbox 2437 4312 2597 4356; x_wconf 91' lang='lat' dir='ltr'><strong>esset.</strong></span> <span class='ocrx_word' id='word_1_834' title='bbox 2631 4303 2744 4356; x_wconf 84' lang='lat' dir='ltr'><strong>Non</strong></span> <span class='ocrx_word' id='word_1_835' title='bbox 2768 4305 2907 4358; x_wconf 90' lang='lat' dir='ltr'><strong>enim</strong></span> <span class='ocrx_word' id='word_1_836' title='bbox 2937 4308 3047 4375; x_wconf 90' lang='lat' dir='ltr'><strong>pari</strong></span> <span class='ocrx_word' id='word_1_837' title='bbox 3079 4310 3238 4364; x_wconf 92' lang='lat' dir='ltr'><strong>modo</strong></span> <span class='ocrx_word' id='word_1_838' title='bbox 3267 4312 3547 4380; x_wconf 91' lang='lat' dir='ltr'><strong>plectimur</strong></span> <span class='ocrx_word' id='word_1_839' title='bbox 3573 4330 3666 4383; x_wconf 87' lang='lat' dir='ltr'><strong>pro</strong></span> <span class='ocrx_word' id='word_1_840' title='bbox 3694 4320 3879 4375; x_wconf 89' lang='lat' dir='ltr'><strong>mani-</strong></span> 
     </span>
    </p>
   </div>
   <div class='ocr_carea' id='block_1_104' title="bbox 2295 4387 3878 4475">
    <p class='ocr_par' dir='ltr' id='par_1_104' title="bbox 2295 4387 3878 4475">
     <span class='ocr_line' id='line_1_104' title="bbox 2295 4387 3878 4475; baseline 0.014 -33"><span class='ocrx_word' id='word_1_841' title='bbox 2295 4387 2444 4444; x_wconf 81' lang='lat' dir='ltr'><strong>festis</strong></span> <span class='ocrx_word' id='word_1_842' title='bbox 2470 4402 2523 4444; x_wconf 89' lang='lat' dir='ltr'><strong>et</strong></span> <span class='ocrx_word' id='word_1_843' title='bbox 2555 4407 2651 4461; x_wconf 88' lang='lat' dir='ltr'><strong>pro</strong></span> <span class='ocrx_word' id='word_1_844' title='bbox 2680 4397 2920 4449; x_wconf 89' lang='lat' dir='ltr'><strong>occultis.</strong></span> <span class='ocrx_word' id='word_1_845' title='bbox 2948 4396 3225 4453; x_wconf 86' lang='lat' dir='ltr'><strong>Peccatum</strong></span> <span class='ocrx_word' id='word_1_846' title='bbox 3251 4402 3393 4456; x_wconf 91' lang='lat' dir='ltr'><strong>enim</strong></span> <span class='ocrx_word' id='word_1_847' title='bbox 3420 4404 3558 4458; x_wconf 91' lang='lat' dir='ltr'><strong>idem</strong></span> <span class='ocrx_word' id='word_1_848' title='bbox 3583 4415 3683 4468; x_wconf 78' lang='lat' dir='ltr'><strong>est,</strong></span> <span class='ocrx_word' id='word_1_849' title='bbox 3717 4424 3878 4475; x_wconf 66' lang='lat' dir='ltr'><strong>poena</strong></span> 
     </span>
    </p>
   </div>
   <div class='ocr_carea' id='block_1_105' title="bbox 2296 4482 3875 4563">
    <p class='ocr_par' dir='ltr' id='par_1_105' title="bbox 2296 4482 3875 4563">
     <span class='ocr_line' id='line_1_105' title="bbox 2296 4482 3875 4563; baseline 0.013 -30"><span class='ocrx_word' id='word_1_850' title='bbox 2296 4496 2401 4535; x_wconf 91' lang='lat' dir='ltr'><strong>non</strong></span> <span class='ocrx_word' id='word_1_851' title='bbox 2453 4482 2682 4549; x_wconf 88' lang='lat' dir='ltr'><strong>eadem;</strong></span> <span class='ocrx_word' id='word_1_852' title='bbox 2728 4486 2842 4539; x_wconf 90' lang='lat' dir='ltr'><strong>&#39;imo</strong></span> <span class='ocrx_word' id='word_1_853' title='bbox 2887 4502 2952 4541; x_wconf 90' lang='lat' dir='ltr'><strong>ne</strong></span> <span class='ocrx_word' id='word_1_854' title='bbox 3000 4503 3272 4556; x_wconf 85' lang='lat' dir='ltr'><strong>peccatum</strong></span> <span class='ocrx_word' id='word_1_855' title='bbox 3313 4494 3525 4563; x_wconf 89' lang='lat' dir='ltr'><strong>quidem</strong></span> <span class='ocrx_word' id='word_1_856' title='bbox 3569 4507 3651 4551; x_wconf 91' lang='lat' dir='ltr'><strong>est</strong></span> <span class='ocrx_word' id='word_1_857' title='bbox 3680 4498 3823 4553; x_wconf 89' lang='lat' dir='ltr'><strong>idem</strong></span> <span class='ocrx_word' id='word_1_858' title='bbox 3861 4520 3875 4555; x_wconf 91' lang='lat'><strong>:</strong></span> 
     </span>
    </p>
   </div>
   <div class='ocr_carea' id='block_1_106' title="bbox 2297 4577 3877 4660">
    <p class='ocr_par' dir='ltr' id='par_1_106' title="bbox 2297 4577 3877 4660">
     <span class='ocr_line' id='line_1_106' title="bbox 2297 4577 3877 4660; baseline 0.013 -34"><span class='ocrx_word' id='word_1_859' title='bbox 2297 4590 2469 4644; x_wconf 89' lang='lat' dir='ltr'><strong>neque</strong></span> <span class='ocrx_word' id='word_1_860' title='bbox 2498 4577 2637 4629; x_wconf 91' lang='lat' dir='ltr'><strong>enim</strong></span> <span class='ocrx_word' id='word_1_861' title='bbox 2691 4577 2830 4631; x_wconf 89' lang='lat' dir='ltr'><strong>idem</strong></span> <span class='ocrx_word' id='word_1_862' title='bbox 2874 4590 2977 4645; x_wconf 89' lang='lat' dir='ltr'><strong>est,</strong></span> <span class='ocrx_word' id='word_1_863' title='bbox 3022 4584 3231 4638; x_wconf 88' lang='lat' dir='ltr'><strong>occulte</strong></span> <span class='ocrx_word' id='word_1_864' title='bbox 3278 4600 3539 4653; x_wconf 77' lang='lat' dir='ltr'><strong>peccare,</strong></span> <span class='ocrx_word' id='word_1_865' title='bbox 3590 4598 3642 4643; x_wconf 91' lang='lat' dir='ltr'><strong>et</strong></span> <span class='ocrx_word' id='word_1_866' title='bbox 3699 4593 3877 4660; x_wconf 91' lang='lat' dir='ltr'><strong>palam</strong></span> 
     </span>
    </p>
   </div>
   <div class='ocr_carea' id='block_1_107' title="bbox 2296 4667 3875 4752">
    <p class='ocr_par' dir='ltr' id='par_1_107' title="bbox 2296 4667 3875 4752">
     <span class='ocr_line' id='line_1_107' title="bbox 2296 4667 3875 4752; baseline 0.014 -33"><span class='ocrx_word' id='word_1_867' title='bbox 2296 4667 2349 4720; x_wconf 90' lang='lat' dir='ltr'><strong>id</strong></span> <span class='ocrx_word' id='word_1_868' title='bbox 2385 4670 2601 4724; x_wconf 91' lang='lat' dir='ltr'><strong>audere.</strong></span> <span class='ocrx_word' id='word_1_869' title='bbox 2650 4671 2914 4741; x_wconf 86' lang='lat' dir='ltr'><strong>Episcopo</strong></span> <span class='ocrx_word' id='word_1_870' title='bbox 2957 4683 3131 4729; x_wconf 88' lang='lat' dir='ltr'><strong>autem</strong></span> <span class='ocrx_word' id='word_1_871' title='bbox 3178 4693 3281 4732; x_wconf 93' lang='lat' dir='ltr'><strong>non</strong></span> <span class='ocrx_word' id='word_1_872' title='bbox 3312 4680 3432 4734; x_wconf 90' lang='lat' dir='ltr'><strong>licet</strong></span> <span class='ocrx_word' id='word_1_873' title='bbox 3461 4682 3596 4736; x_wconf 89' lang='lat' dir='ltr'><strong>clam</strong></span> <span class='ocrx_word' id='word_1_874' title='bbox 3626 4699 3875 4752; x_wconf 75' lang='lat' dir='ltr'><strong>peccare.</strong></span> 
     </span>
    </p>
   </div>
   <div class='ocr_carea' id='block_1_108' title="bbox 2295 4756 3875 4837">
    <p class='ocr_par' dir='ltr' id='par_1_108' title="bbox 2295 4756 3875 4837">
     <span class='ocr_line' id='line_1_108' title="bbox 2295 4756 3875 4837; baseline 0.013 -22"><span class='ocrx_word' id='word_1_875' title='bbox 2295 4756 2593 4829; x_wconf 89' lang='lat' dir='ltr'><strong>Optandum</strong></span> <span class='ocrx_word' id='word_1_876' title='bbox 2631 4764 2771 4817; x_wconf 90' lang='lat' dir='ltr'><strong>enim</strong></span> <span class='ocrx_word' id='word_1_877' title='bbox 2806 4766 2879 4819; x_wconf 92' lang='lat' dir='ltr'><strong>illi</strong></span> <span class='ocrx_word' id='word_1_878' title='bbox 2909 4778 3072 4835; x_wconf 56' lang='lat' dir='ltr'><strong>esset,</strong></span> <span class='ocrx_word' id='word_1_879' title='bbox 3093 4786 3196 4822; x_wconf 92' lang='lat' dir='ltr'><strong>non</strong></span> <span class='ocrx_word' id='word_1_880' title='bbox 3224 4783 3532 4837; x_wconf 88' lang='lat' dir='ltr'><strong>peccantem</strong></span> <span class='ocrx_word' id='word_1_881' title='bbox 3559 4791 3590 4830; x_wconf 88' lang='lat' dir='ltr'><strong>a</strong></span> <span class='ocrx_word' id='word_1_882' title='bbox 3617 4778 3875 4835; x_wconf 84' lang='lat' dir='ltr'><strong>crimina-</strong></span> 
     </span>
    </p>
   </div>
   <div class='ocr_carea' id='block_1_109' title="bbox 2297 4853 3875 4939">
    <p class='ocr_par' dir='ltr' id='par_1_109' title="bbox 2297 4853 3875 4939">
     <span class='ocr_line' id='line_1_109' title="bbox 2297 4853 3875 4939; baseline 0.015 -34"><span class='ocrx_word' id='word_1_883' title='bbox 2297 4853 2528 4907; x_wconf 89' lang='lat' dir='ltr'><strong>tionibus</strong></span> <span class='ocrx_word' id='word_1_884' title='bbox 2558 4854 2808 4920; x_wconf 89' lang='lat' dir='ltr'><strong>liberari;</strong></span> <span class='ocrx_word' id='word_1_885' title='bbox 2856 4868 3057 4913; x_wconf 84' lang='lat' dir='ltr'><strong>tantum</strong></span> <span class='ocrx_word' id='word_1_886' title='bbox 3088 4860 3239 4916; x_wconf 90' lang='lat' dir='ltr'><strong>abest</strong></span> <span class='ocrx_word' id='word_1_887' title='bbox 3267 4874 3322 4917; x_wconf 89' lang='lat' dir='ltr'><strong>ut</strong></span> <span class='ocrx_word' id='word_1_888' title='bbox 3347 4880 3573 4933; x_wconf 90' lang='lat' dir='ltr'><strong>peccans</strong></span> <span class='ocrx_word' id='word_1_889' title='bbox 3599 4870 3650 4923; x_wconf 91' lang='lat' dir='ltr'><strong>id</strong></span> <span class='ocrx_word' id='word_1_890' title='bbox 3682 4874 3875 4939; x_wconf 87' lang='lat' dir='ltr'><strong>possit.</strong></span> 
     </span>
    </p>
   </div>
   <div class='ocr_carea' id='block_1_110' title="bbox 2298 4942 3876 5029">
    <p class='ocr_par' dir='ltr' id='par_1_110' title="bbox 2298 4942 3876 5029">
     <span class='ocr_line' id='line_1_110' title="bbox 2298 4942 3876 5029; baseline 0.013 -31"><span class='ocrx_word' id='word_1_891' title='bbox 2298 4942 2351 4998; x_wconf 88' lang='lat' dir='ltr'><strong>Si</strong></span> <span class='ocrx_word' id='word_1_892' title='bbox 2384 4944 2660 4999; x_wconf 86' lang='lat' dir='ltr'><strong>irascatur.</strong></span> <span class='ocrx_word' id='word_1_893' title='bbox 2693 4948 2735 4999; x_wconf 89' lang='lat' dir='ltr'><strong>si</strong></span> <span class='ocrx_word' id='word_1_894' title='bbox 2782 4947 2967 5011; x_wconf 86' lang='lat' dir='ltr'><strong>rideat,</strong></span> <span class='ocrx_word' id='word_1_895' title='bbox 3018 4953 3061 5003; x_wconf 88' lang='lat' dir='ltr'><strong>si</strong></span> <span class='ocrx_word' id='word_1_896' title='bbox 3108 4954 3187 5006; x_wconf 79' lang='lat' dir='ltr'><strong>vel</strong></span> <span class='ocrx_word' id='word_1_897' title='bbox 3242 4970 3337 5023; x_wconf 84' lang='lat' dir='ltr'><strong>per</strong></span> <span class='ocrx_word' id='word_1_898' title='bbox 3365 4971 3609 5013; x_wconf 87' lang='lat' dir='ltr'><strong>somnum</strong></span> <span class='ocrx_word' id='word_1_899' title='bbox 3638 4963 3876 5029; x_wconf 88' lang='lat' dir='ltr'><strong>quietem</strong></span> 
     </span>
    </p>
   </div>
   <div class='ocr_carea' id='block_1_111' title="bbox 2298 5038 3877 5121">
    <p class='ocr_par' dir='ltr' id='par_1_111' title="bbox 2298 5038 3877 5121">
     <span class='ocr_line' id='line_1_111' title="bbox 2298 5038 3877 5121; baseline 0.012 -32"><span class='ocrx_word' id='word_1_900' title='bbox 2298 5045 2530 5103; x_wconf 81' lang='lat' dir='ltr'><strong>expetat,</strong></span> <span class='ocrx_word' id='word_1_901' title='bbox 2559 5038 2711 5091; x_wconf 92' lang='lat' dir='ltr'><strong>multi</strong></span> <span class='ocrx_word' id='word_1_902' title='bbox 2738 5039 2994 5093; x_wconf 88' lang='lat' dir='ltr'><strong>conviciis</strong></span> <span class='ocrx_word' id='word_1_903' title='bbox 3024 5042 3310 5111; x_wconf 85' lang='lat' dir='ltr'><strong>incessunt,</strong></span> <span class='ocrx_word' id='word_1_904' title='bbox 3333 5049 3483 5101; x_wconf 91' lang='lat' dir='ltr'><strong>multi</strong></span> <span class='ocrx_word' id='word_1_905' title='bbox 3507 5049 3877 5121; x_wconf 79' lang='lat' dir='ltr'><strong>oﬂ‘enduntur,</strong></span> 
     </span>
    </p>
   </div>
   <div class='ocr_carea' id='block_1_112' title="bbox 2299 5126 3878 5211">
    <p class='ocr_par' dir='ltr' id='par_1_112' title="bbox 2299 5126 3878 5211">
     <span class='ocr_line' id='line_1_112' title="bbox 2299 5126 3878 5211; baseline 0.014 -32"><span class='ocrx_word' id='word_1_906' title='bbox 2299 5126 2449 5181; x_wconf 90' lang='lat' dir='ltr'><strong>multi</strong></span> <span class='ocrx_word' id='word_1_907' title='bbox 2484 5128 2627 5197; x_wconf 88' lang='lat' dir='ltr'><strong>leges</strong></span> <span class='ocrx_word' id='word_1_908' title='bbox 2652 5131 3023 5198; x_wconf 63' lang='lat' dir='ltr'><strong>praescribunt,</strong></span> <span class='ocrx_word' id='word_1_909' title='bbox 3056 5135 3205 5189; x_wconf 90' lang='lat' dir='ltr'><strong>multi</strong></span> <span class='ocrx_word' id='word_1_910' title='bbox 3242 5138 3447 5205; x_wconf 88' lang='lat' dir='ltr'><strong>priscos</strong></span> <span class='ocrx_word' id='word_1_911' title='bbox 3479 5152 3726 5211; x_wconf 88' lang='lat' dir='ltr'><strong>repetunt</strong></span> <span class='ocrx_word' id='word_1_912' title='bbox 3755 5161 3878 5201; x_wconf 85' lang='lat' dir='ltr'><strong>me-</strong></span> 
     </span>
    </p>
   </div>
   <div class='ocr_carea' id='block_1_113' title="bbox 2298 5219 3883 5305">
    <p class='ocr_par' dir='ltr' id='par_1_113' title="bbox 2298 5219 3883 5305">
     <span class='ocr_line' id='line_1_113' title="bbox 2298 5219 3883 5305; baseline 0.015 -36"><span class='ocrx_word' id='word_1_913' title='bbox 2298 5219 2500 5282; x_wconf 87' lang='lat' dir='ltr'><strong>moria,</strong></span> <span class='ocrx_word' id='word_1_914' title='bbox 2546 5228 2599 5275; x_wconf 91' lang='lat' dir='ltr'><strong>et</strong></span> <span class='ocrx_word' id='word_1_915' title='bbox 2634 5225 2884 5289; x_wconf 64' lang='lat' dir='ltr'><strong>praesenti</strong></span> <span class='ocrx_word' id='word_1_916' title='bbox 2935 5224 3296 5295; x_wconf 84' lang='lat' dir='ltr'><strong>impr0perant</strong></span> <span class='ocrx_word' id='word_1_917' title='bbox 3328 5247 3340 5282; x_wconf 90' lang='lat'><strong>:</strong></span> <span class='ocrx_word' id='word_1_918' title='bbox 3374 5229 3580 5302; x_wconf 87' lang='lat' dir='ltr'><strong>hocque</strong></span> <span class='ocrx_word' id='word_1_919' title='bbox 3609 5235 3805 5291; x_wconf 84' lang='lat' dir='ltr'><strong>faciunt</strong></span> <span class='ocrx_word' id='word_1_920' title='bbox 3836 5239 3883 5305; x_wconf 77' lang='lat'><strong>’,</strong></span> 
     </span>
    </p>
   </div>
   <div class='ocr_carea' id='block_1_114' title="bbox 2362 5434 3880 5512">
    <p class='ocr_par' dir='ltr' id='par_1_114' title="bbox 2362 5434 3880 5512">
     <span class='ocr_line' id='line_1_114' title="bbox 2362 5434 3880 5512; baseline 0.014 -32"><span class='ocrx_word' id='word_1_921' title='bbox 2362 5437 2385 5512; x_wconf 52' lang='grc' dir='ltr'><strong>ξ</strong></span> <span class='ocrx_word' id='word_1_922' title='bbox 2414 5434 2570 5512; x_wconf 54' lang='lat' dir='ltr'><strong>Illud,</strong></span> <span class='ocrx_word' id='word_1_923' title='bbox 2592 5435 2992 5512; x_wconf 42' lang='lat' dir='ltr'><strong>hocque/benefit,</strong></span> <span class='ocrx_word' id='word_1_924' title='bbox 3011 5442 3157 5512; x_wconf 79' lang='lat' dir='ltr'><strong>deest</strong></span> <span class='ocrx_word' id='word_1_925' title='bbox 3195 5444 3245 5512; x_wconf 82' lang='lat' dir='ltr'><strong>in</strong></span> <span class='ocrx_word' id='word_1_926' title='bbox 3288 5446 3429 5495; x_wconf 80' lang='lat' dir='ltr'><strong>savii.</strong></span> <span class='ocrx_word' id='word_1_927' title='bbox 3448 5450 3592 5512; x_wconf 22' lang='grc' dir='ltr'>κει-ιη</span> <span class='ocrx_word' id='word_1_928' title='bbox 3618 5462 3715 5499; x_wconf 79' lang='lat' dir='ltr'><strong>uno</strong></span> <span class='ocrx_word' id='word_1_929' title='bbox 3735 5451 3880 5512; x_wconf 53' lang='grc' dir='ltr'><strong>(ἰούς</strong></span> 
     </span>
    </p>
   </div>
   <div class='ocr_carea' id='block_1_115' title="bbox 2299 5497 3720 5560">
    <p class='ocr_par' dir='ltr' id='par_1_115' title="bbox 2299 5497 3720 5560">
     <span class='ocr_line' id='line_1_115' title="bbox 2299 5497 3720 5560; baseline 0.008 -14"><span class='ocrx_word' id='word_1_930' title='bbox 2299 5497 2386 5546; x_wconf 88' lang='lat' dir='ltr'><strong>sed</strong></span> <span class='ocrx_word' id='word_1_931' title='bbox 2414 5497 2620 5546; x_wconf 87' lang='lat' dir='ltr'><strong>habetur</strong></span> <span class='ocrx_word' id='word_1_932' title='bbox 2647 5497 2702 5545; x_wconf 80' lang='lat' dir='ltr'><strong>in</strong></span> <span class='ocrx_word' id='word_1_933' title='bbox 2717 5498 2824 5548; x_wconf 80' lang='lat' dir='ltr'><strong>aliis</strong></span> <span class='ocrx_word' id='word_1_934' title='bbox 2841 5497 3010 5560; x_wconf 64' lang='lat' dir='ltr'><strong>CoddL,</strong></span> <span class='ocrx_word' id='word_1_935' title='bbox 3038 5511 3090 5552; x_wconf 92' lang='lat' dir='ltr'><strong>et</strong></span> <span class='ocrx_word' id='word_1_936' title='bbox 3111 5502 3293 5554; x_wconf 89' lang='lat' dir='ltr'><strong>lectum</strong></span> <span class='ocrx_word' id='word_1_937' title='bbox 3318 5514 3394 5556; x_wconf 91' lang='lat' dir='ltr'><strong>est</strong></span> <span class='ocrx_word' id='word_1_938' title='bbox 3417 5508 3479 5557; x_wconf 90' lang='lat' dir='ltr'><strong>ab</strong></span> <span class='ocrx_word' id='word_1_939' title='bbox 3501 5497 3720 5560; x_wconf 82' lang='lat' dir='ltr'><strong>Erasmo.</strong></span> 
     </span>
    </p>
   </div>
   <div class='ocr_carea' id='block_1_116' title="bbox 2362 5559 3884 5629">
    <p class='ocr_par' dir='ltr' id='par_1_116' title="bbox 2362 5559 3884 5629">
     <span class='ocr_line' id='line_1_116' title="bbox 2362 5559 3884 5629; baseline 0.013 -24"><span class='ocrx_word' id='word_1_940' title='bbox 2362 5559 2434 5619; x_wconf 77' lang='grc' dir='ltr'><strong>(α)</strong></span> <span class='ocrx_word' id='word_1_941' title='bbox 2459 5565 2576 5629; x_wconf 60' lang='lat' dir='ltr'><strong>Quae</strong></span> <span class='ocrx_word' id='word_1_942' title='bbox 2590 5569 2886 5629; x_wconf 79' lang='lat' dir='ltr'><strong>sequuntur,</strong></span> <span class='ocrx_word' id='word_1_943' title='bbox 2905 5564 3070 5629; x_wconf 77' lang='lat' dir='ltr'><strong>vitiata</strong></span> <span class='ocrx_word' id='word_1_944' title='bbox 3092 5568 3217 5626; x_wconf 88' lang='lat' dir='ltr'><strong>apud</strong></span> <span class='ocrx_word' id='word_1_945' title='bbox 3242 5568 3423 5627; x_wconf 77' lang='lat' dir='ltr'><strong>atorel.,</strong></span> <span class='ocrx_word' id='word_1_946' title='bbox 3451 5584 3516 5619; x_wconf 87' lang='lat' dir='ltr'><strong>ex</strong></span> <span class='ocrx_word' id='word_1_947' title='bbox 3540 5559 3713 5621; x_wconf 82' lang='lat' dir='ltr'><strong>Savilio</strong></span> <span class='ocrx_word' id='word_1_948' title='bbox 3740 5582 3791 5623; x_wconf 90' lang='lat' dir='ltr'><strong>et</strong></span> <span class='ocrx_word' id='word_1_949' title='bbox 3816 5590 3831 5621; x_wconf 85' lang='lat'><strong>(</strong></span> <span class='ocrx_word' id='word_1_950' title='bbox 3852 5589 3884 5625; x_wconf 69' lang='grc' dir='ltr'><strong>ι</strong></span> 
     </span>
    </p>
   </div>
   <div class='ocr_carea' id='block_1_117' title="bbox 2299 5621 3885 5704">
    <p class='ocr_par' dir='ltr' id='par_1_117' title="bbox 2299 5621 3885 5704">
     <span class='ocr_line' id='line_1_117' title="bbox 2299 5621 3885 5704; baseline 0.015 -40"><span class='ocrx_word' id='word_1_951' title='bbox 2299 5621 2878 5704; x_wconf 45' lang='grc' dir='ltr'><strong>Ξθέιξξεςξέιξξξοῗξιιιιε</strong></span> <span class='ocrx_word' id='word_1_952' title='bbox 2895 5635 3031 5704; x_wconf 66' lang='lat' dir='ltr'><strong>sunt.</strong></span> <span class='ocrx_word' id='word_1_953' title='bbox 3049 5626 3102 5704; x_wconf 75' lang='lat' dir='ltr'><strong>in</strong></span> <span class='ocrx_word' id='word_1_954' title='bbox 3113 5621 3277 5704; x_wconf 64' lang='lat' dir='ltr'><strong>Morel.</strong></span> <span class='ocrx_word' id='word_1_955' title='bbox 3301 5621 3483 5704; x_wconf 57' lang='lat' dir='ltr'><strong>quippe</strong></span> <span class='ocrx_word' id='word_1_956' title='bbox 3498 5646 3646 5704; x_wconf 76' lang='lat' dir='ltr'><strong>voces</strong></span> <span class='ocrx_word' id='word_1_957' title='bbox 3658 5621 3885 5698; x_wconf 42' lang='lat' dir='ltr'><strong>quedam</strong></span> 
     </span>
    </p>
   </div>
   <div class='ocr_carea' id='block_1_118' title="bbox 2300 5681 3889 5748">
    <p class='ocr_par' dir='ltr' id='par_1_118' title="bbox 2300 5681 3889 5748">
     <span class='ocr_line' id='line_1_118' title="bbox 2300 5681 3889 5748; baseline 0.014 -23"><span class='ocrx_word' id='word_1_958' title='bbox 2300 5681 2679 5748; x_wconf 61' lang='lat' dir='ltr'><strong>substituuntur,</strong></span> <span class='ocrx_word' id='word_1_959' title='bbox 2717 5696 2827 5748; x_wconf 69' lang='lat' dir='ltr'><strong>quae</strong></span> <span class='ocrx_word' id='word_1_960' title='bbox 2863 5688 3047 5735; x_wconf 87' lang='lat' dir='ltr'><strong>seriem</strong></span> <span class='ocrx_word' id='word_1_961' title='bbox 3085 5681 3333 5748; x_wconf 48' lang='lat' dir='ltr'><strong>turbant,‘</strong></span> <span class='ocrx_word' id='word_1_962' title='bbox 3358 5681 3473 5744; x_wconf 51' lang='lat' dir='ltr'><strong>ali-2</strong></span> <span class='ocrx_word' id='word_1_963' title='bbox 3514 5681 3889 5747; x_wconf 43' lang='lat' dir='ltr'><strong>omisisti—voces</strong></span> 
     </span>
    </p>
   </div>
   <div class='ocr_carea' id='block_1_119' title="bbox 2301 5742 2957 5800">
    <p class='ocr_par' dir='ltr' id='par_1_119' title="bbox 2301 5742 2957 5800">
     <span class='ocr_line' id='line_1_119' title="bbox 2301 5742 2957 5800; baseline 0.003 -9"><span class='ocrx_word' id='word_1_964' title='bbox 2301 5742 2479 5793; x_wconf 85' lang='lat' dir='ltr'><strong>hiatum</strong></span> <span class='ocrx_word' id='word_1_965' title='bbox 2503 5743 2697 5793; x_wconf 70' lang='lat' dir='ltr'><strong>efﬁcere</strong></span> <span class='ocrx_word' id='word_1_966' title='bbox 2721 5742 2957 5800; x_wconf 79' lang='lat' dir='ltr'><strong>videntur,</strong></span> 
     </span>
    </p>
   </div>
  </div>
