4054 6478
160 494 223 552 ﬂ
1170 476 1236 535 IN
1277 474 1455 532 ACTA
1500 461 2035 525 APOSTOLORUM.
2090 459 2323 517 llOMlL.
2371 457 2461 514 IV.
3417 460 3490 515 η

163 625 268 666 non
306 607 453 680 quod
485 606 606 662 illos
631 602 852 662 laudare
875 642 891 665 ,
919 596 1017 655 sed
1039 595 1185 670 quod
1229 594 1374 649 hunc
1400 588 1653 646 mordere
1680 600 1766 639 ve-

162 701 282 768 lint,
309 697 664 770 coepiscopos
687 705 742 750 et
770 692 1116 764 presbyteros
1142 694 1532 743 memorantes.
1569 680 1761 741 Dulce,

159 791 332 856 aiunt,
362 789 562 845 bellum
588 785 900 856 inexpertis.
933 783 1045 838 lloc
1067 791 1122 836 et
1146 793 1288 833 nunc
1313 777 1495 831 dicere
1521 789 1619 844 par
1644 780 1726 825 est
1749 787 1768 826 :

162 885 274 939 imo
302 884 464 938 etiam
493 881 727 937 dicimus
752 886 1042 949 antequam
1067 877 1116 929 in
1145 882 1422 928 certamen
1445 869 1727 923 veniamus
1750 879 1766 930 ;

159 992 285 1030 cum
316 976 496 1030 autem
543 990 612 1030 eo
651 973 898 1027 venimus
922 1012 937 1035 ,
969 985 1075 1024 non
1116 983 1147 1022 a
1183 966 1342 1036 vulgo
1366 961 1768 1034 cognoscimur.

159 1070 281 1124 Non
313 1078 398 1124 cst
425 1069 572 1124 enim
611 1067 722 1138 jam
751 1065 907 1121 nobis
933 1063 1132 1118 bellum
1158 1068 1345 1115 contra
1377 1072 1494 1122 eos,
1523 1055 1613 1126 qui
1646 1068 1771 1124 pau-

159 1176 322 1228 peres
361 1161 707 1230 opprimunt,
755 1169 930 1226 neque
971 1168 1190 1226 gregem
1234 1147 1622 1209 defendimus;
1673 1141 1768 1197 sed

157 1261 216 1304 ut
245 1261 494 1320 pastores
516 1252 591 1305 illi
617 1249 686 1306 ab
711 1247 998 1304 Ezechiele
1043 1243 1194 1318 (Cap.
1236 1243 1327 1299 54.
1353 1240 1414 1311 2)
1459 1235 1765 1299 memorati,

159 1353 463 1397 mactamus
506 1352 562 1398 et
608 1341 948 1397 devoramns.
981 1338 1113 1407 Quis
1152 1343 1396 1390 nostrum
1443 1342 1645 1385 tantam
1676 1344 1772 1383 cu-

157 1449 276 1487 ram
329 1433 555 1489 exhibet
594 1432 736 1488 circa
787 1446 978 1502 greges
1023 1429 1248 1494 Christi,
1296 1437 1554 1497 quantam
1601 1421 1771 1478 Jacob

154 1527 306 1581 circa
334 1541 531 1597 greges
561 1525 763 1581 Labani
789 1526 812 1578 ?
840 1525 964 1594 quis
993 1509 1306 1578 describere
1350 1518 1520 1588 possit
1551 1523 1767 1570 noctur.

159 1632 292 1669 num
339 1617 518 1686 gelu?
570 1616 648 1672 Nc
689 1616 819 1670 mihi
870 1613 1072 1671 dixeris
1131 1611 1410 1682 pervigilia
1458 1618 1772 1676 tantamque

156 1709 458 1765 exhibitam
486 1726 694 1766 curam.
718 1711 914 1766 Totum
946 1710 1104 1781 igitur
1132 1707 1466 1762 contrarium
1491 1713 1592 1759 est.
1625 1703 1773 1758 Con-

156 1801 313 1857 sules
349 1813 406 1858 et
436 1802 673 1873 prmfccti
711 1818 818 1857 non
851 1811 1000 1856 tanto
1029 1801 1281 1854 fruuntur
1313 1799 1540 1858 honore.
1569 1806 1772 1866 quanto

155 1893 204 1948 is
250 1894 347 1964 qui
395 1903 591 1963 pra-est
635 1893 919 1949 Ecclesim.
973 1891 1029 1948 Si
1077 1892 1128 1946 in
1164 1890 1364 1960 regiam
1417 1887 1769 1959 ingrediatur,

155 1983 282 2054 quis
315 1986 523 2054 primus
565 1994 651 2040 est
675 1986 698 2038 ?
726 1986 772 2039 si
801 1983 942 2054 apud
971 1978 1250 2038 matronas'
1266 2024 1281 2046 ,
1322 1982 1368 2036 si
1403 1983 1454 2036 in
1486 1995 1770 2050 procerum

154 2077 328 2143 aedes,
353 2095 514 2134 nemo
541 2080 613 2133 illi
649 2078 1016 2149 anteponitur.
1047 2078 1236 2133 Omnia
1271 2079 1547 2147 perierunt
1571 2086 1627 2132 et
1647 2091 1770 2131 cor-

157 2183 321 2240 rupta
346 2182 494 2227 sunt.
527 2172 652 2227 Habe
678 2172 822 2235 dico.
858 2188 964 2226 non
996 2181 1054 2226 ut
1076 2186 1171 2225 vos
1203 2170 1410 2240 pudore
1439 2169 1768 2236 sulTnndam,

153 2263 254 2317 sed
307 2273 368 2316 ut
411 2273 645 2319 vestram
696 2263 980 2318 cohibeam
1027 2263 1398 2332 cupiditatem.
1442 2261 1563 2329 Quo
1603 2262 1773 2316 uteris

154 2354 403 2421 conscio,
436 2355 480 2409 si
507 2355 718 2409 ambias
745 2357 831 2409 vel
872 2371 972 2422 per
1002 2363 1054 2409 te
1088 2354 1168 2409 vel
1198 2369 1295 2424 per
1331 2354 1498 2408 alium
1527 2355 1550 2407 ?
1576 2355 1772 2424 quibus

155 2448 333 2501 oculis
364 2448 622 2518 respicies
647 2463 770 2503 eum
799 2450 889 2519 qui
923 2449 1018 2503 tibi
1055 2449 1157 2503 fuit
1182 2449 1430 2503 auxilio?
1454 2449 1582 2518 quid
1615 2458 1771 2517 pote-

155 2541 233 2593 ris
275 2541 346 2594 ad
394 2542 469 2595 tni
509 2542 883 2598 defensionem
927 2543 1219 2612 proferre?
1264 2542 1396 2597 Nam
1441 2544 1532 2614 qui
1576 2542 1773 2596 invitus

154 2642 380 2687 coactus
431 2633 546 2698 fuit,
599 2634 832 2703 aliquam
879 2635 1041 2690 habet
1077 2635 1516 2704 excusationem,
1560 2635 1773 2688 etiamsi

155 2727 482 2796 plerumque
513 2728 602 2783 hic
631 2744 843 2800 quoque
867 2730 1070 2784 nullam
1101 2729 1298 2784 habeat
1318 2729 1531 2784 veniam
1563 2746 1578 2783 :
1610 2738 1775 2784 czetc-

155 2833 278 2871 rum
309 2818 546 2887 aliquam
576 2829 755 2876 tamen
773 2822 1175 2878 excusationem
1201 2823 1381 2879 habet.
1409 2823 1617 2894 Cogita,
1644 2824 1774 2893 quid

155 2909 427 2965 acciderit
453 2910 684 2968 Simoni.
715 2915 852 2982 Quid
880 2917 1026 2970 enim
1052 2916 1240 2981 refert,
1277 2917 1320 2970 si
1352 2925 1633 2987 argentum
1667 2933 1774 2971 non

154 3002 380 3058 dederis
406 3021 422 3068 ;
457 3005 498 3058 si
525 3008 734 3076 argenti
763 3007 902 3072 loco,
930 3008 1192 3084 aduleris,
1223 3018 1278 3063 et
1307 3009 1589 3063 machinas
1618 3010 1776 3062 adhi-

161 3098 295 3152 beas
327 3099 352 3150 ?
381 3099 665 3169 Argentum
686 3111 826 3154 tuum
851 3112 1012 3155 tecum
1041 3103 1105 3155 sit
1126 3102 1179 3155 in
1203 3103 1536 3172 perditionem
1556 3103 1693 3169 (Act.
1719 3103 1773 3158 8.

153 3190 277 3259 20).
317 3191 431 3246 lloc
461 3195 534 3246 illi
561 3195 735 3258 dixit;
765 3194 953 3265 hisque
979 3194 1124 3249 dicet
1158 3215 1170 3250 :
1206 3197 1444 3250 Ambitio
1471 3205 1647 3255 vestra
1678 3212 1777 3250 vo-

145 3292 373 3347 biscum
416 3285 481 3338 sit
514 3286 564 3340 in
599 3285 974 3355 perditionem,
1004 3291 1127 3356 quia
1163 3290 1390 3358 putastis
1423 3306 1516 3343 vos
1545 3290 1776 3343 lmmana

155 3380 484 3434 circuitione
521 3380 725 3435 donum
780 3378 875 3433 Dei
926 3396 1280 3448 posscssnros
1309 3396 1450 3436 esse.
1485 3384 1554 3436 At
1599 3383 1779 3437 nullus

158 3471 287 3524 tals
307 3480 395 3524 est
414 3472 440 3521 ἲ
466 3471 681 3528 Utinam
710 3491 818 3528 non
847 3472 914 3530 sit
934 3474 946 3526 !
965 3472 1233 3547 Cuperem
1266 3489 1398 3529 sane
1430 3475 1620 3529 horum
1647 3477 1777 3530 nihil

154 3563 226 3615 ad
270 3577 373 3616 vos
399 3564 671 3632 pertinere
702 3583 714 3620 :
746 3583 889 3621 nunc
911 3578 1094 3623 antem
1126 3582 1193 3623 ex
1223 3566 1509 3620 verborum
1552 3567 1693 3621 serie
1725 3569 1779 3621 in

158 3653 264 3708 hos
290 3654 584 3712 incidimus
608 3672 912 3715 sermones.
945 3659 1129 3731 Neque
1160 3661 1331 3724 enim,
1353 3658 1572 3727 quando
1598 3660 1780 3714 avari-

158 3747 292 3799 tiam
320 3750 673 3815 insectamur,
697 3763 884 3806 contra
902 3768 1000 3808 vos
1022 3754 1316 3824 loquimur,
1336 3752 1432 3808 sed
1462 3767 1636 3822 neque
1660 3769 1783 3807 con-

162 3847 250 3892 tra
284 3853 451 3893 unum
478 3840 718 3911 quidem.
750 3842 968 3899 Utinam
998 3861 1129 3900 vero
1161 3846 1277 3901 hmc
1302 3847 1597 3916 pharmaca
1622 3862 1649 3898 a
1682 3861 1780 3899 no-

159 3928 249 3983 bis
277 3929 475 3985 frustra
502 3942 764 4002 parentur
791 3950 806 3988 :
835 3935 952 3990 hzec
968 3946 1095 3992 sunt
1117 3937 1450 3994 medicorum
1479 3951 1621 4006 vota,
1651 3939 1783 3994 nihil

157 4020 312 4074 aliud
351 4025 772 4097 postulantium,
801 4041 962 4096 quam
1013 4012 1075 4081 ut
1109 4038 1232 4097 post
1261 4031 1490 4086 multum
1538 4033 1782 4089 laborem

160 4112 408 4167 remedia
441 4116 640 4170 frustra
668 4127 851 4187 parata
883 4118 1256 4188 projieiantur.
1284 4121 1409 4177 llazc
1429 4133 1483 4178 et
1512 4137 1611 4178 nos
1630 4135 1785 4194 opta-

160 4217 308 4268 mus,
343 4213 404 4258 nt
433 4206 596 4259 verba
624 4216 808 4263 nostra
840 4207 1042 4262 frustra
1088 4219 1142 4263 et
1176 4211 1227 4265 in
1259 4226 1440 4267 aerem
1482 4213 1699 4280 abeant,
1728 4224 1785 4270 et

161 4297 332 4353 verba
374 4307 583 4354 tantum
613 4300 746 4354 sint.
782 4300 1049 4372 Equidem
1082 4315 1301 4373 paratus
1341 4322 1462 4362 sum
1505 4307 1571 4362 ad
1602 4310 1784 4364 omnia

160 4390 510 4456 sustinenda,
544 4401 604 4446 ut
632 4408 742 4448 non
773 4397 842 4448 sit
869 4406 1006 4465 opus
1037 4395 1152 4451 hzne
1190 4397 1392 4454 dicere.
1420 4398 1558 4468 Quin
1587 4402 1630 4456 si
1659 4403 1783 4458 vul-

161 4483 259 4548 tis,
290 4482 612 4553 tacebimus,
645 4484 774 4540 dum
802 4487 1078 4542 silentium
1122 4491 1192 4545 sit
1233 4489 1350 4546 sine
1389 4493 1651 4562 periculo.
1681 4495 1785 4552 Neo

177 4612 545 4626 ——————

1877 595 1984 649 que
2031 579 2177 634 enim
2220 585 2350 648 puto
2396 575 2705 648 quempiam
2737 574 3083 646 quantumvis
3126 589 3279 629 vanae
3305 574 3499 645 gloriae

1877 671 2154 743 cupidum,
2185 669 2290 724 nisi
2318 676 2475 724 vocet
2502 668 2801 722 necessitas
2824 706 2839 730 ,
2869 665 3007 721 velle
3033 664 3229 722 frustra
3259 680 3382 721 sese
3411 665 3498 721 ef«

1878 762 2041 818 ferre.
2067 759 2445 816 Concedemus
2469 759 2624 814 vobis
2644 758 2947 814 doctrinam
2976 775 2990 810 :
3019 756 3136 813 hare
3155 760 3355 828 quippe
3379 771 3495 812 ma-

1871 854 1961 924 jor
1985 853 2254 920 doctrina,
2278 868 2400 921 qua:
2421 851 2576 906 factis
2602 850 2779 906 docet.
2799 849 3248 920 Quandoquidem
3275 859 3329 904 et
3348 852 3494 919 opti—

1877 948 1952 1002 mi
1995 946 2213 1013 medici,
2259 946 2472 1002 etiamsi
2497 959 2765 1016 aegrorum
2800 945 2976 999 morbi
3009 943 3318 999 mercedem
3348 944 3485 1013 ipsis

1879 1040 2114 1109 pariant,
2145 1038 2338 1092 malint
2384 1047 2565 1093 tamen
2609 1037 2816 1091 amicos
2855 1046 2987 1092 suos
3016 1037 3155 1092 bene
3181 1035 3384 1090 valere.
3420 1033 3492 1089 Et

1877 1147 1979 1187 nos
2004 1135 2259 1203 cupimus
2287 1146 2484 1186 omnes
2513 1130 2653 1185 bene
2676 1130 2884 1185 valere.
2913 1128 3032 1184 Non
3065 1129 3212 1184 enim
3243 1130 3494 1198 cupimus

1878 1243 1979 1282 nos
2026 1226 2281 1295 probatos
2323 1239 2483 1291 esse,
2515 1239 2614 1279 vos
2640 1233 2824 1279 autem
2857 1222 3143 1293 reprobus.
3181 1222 3410 1287 Vellem,
3446 1223 3496 1278 si
3571 1294 3575 1298 ἠ

1879 1319 1992 1373 ﬁeri
2015 1326 2235 1388 posset,
2254 1331 2443 1372 'meam
2464 1331 2591 1388 erga
2617 1330 2716 1370 vos
2735 1316 3015 1371 caritatem
3045 1313 3175 1385 ipsis
3199 1312 3369 1368 oculis
3401 1330 3496 1367 ex-

1880 1409 2068 1465 hibere
2102 1427 2115 1462 ε
2150 1410 2331 1464 nullus
2351 1409 2499 1465 enim
2533 1418 2720 1480 postea
2757 1424 2844 1464 me
2869 1407 3244 1478 redargueret,
3277 1407 3496 1461 etiamsi

1874 1517 2071 1572 aspero
2099 1517 2353 1557 sermone
2383 1512 2586 1558 uterer.
2635 1501 2767 1557 Nam
2797 1500 2933 1555 Fide
2965 1501 3203 1572 digniora
3229 1509 3351 1553 sunt
3379 1499 3496 1552 rut-

1876 1611 2000 1648 nera
2024 1593 2196 1659 amici,
2214 1610 2369 1665 quam
2392 1604 2674 1664 spontaneo
2695 1594 2871 1648 oscula
2890 1593 3086 1646 inimici
3101 1591 3284 1662 (Prov.
3306 1591 3394 1644 27.
3413 1589 3494 1662 li).

1877 1685 2021 1740 Nihil
2054 1686 2186 1741 mihi
2210 1686 2389 1741 carius
2419 1687 2599 1753 vobis,
2627 1702 2696 1742 ne
2720 1687 2833 1756 ipsa
2860 1684 3084 1756 quidem
3110 1685 3221 1739 lux.
3246 1683 3494 1755 Optarim

1877 1779 2023 1834 enim
2047 1780 2131 1835 vel
2161 1779 2360 1834 millies
2386 1779 2673 1845 excmcari,
2697 1780 2743 1834 si
2773 1780 2852 1834 sic
2880 1779 3092 1833 animas
3123 1791 3333 1833 γεω-ας
3358 1794 3494 1832 con-

1879 1882 2090 1928 vertere
2134 1888 2348 1943 possem
2381 1893 2394 1928 :
2421 1873 2501 1927 sic
2537 1872 2669 1926 mihi
2698 1873 2844 1927 salus
2867 1883 3050 1927 vestra
3082 1871 3194 1943 ipsa
3225 1872 3348 1926 lucc
3376 1873 3500 1926 dul-

1876 1967 1994 2023 cior
2033 1976 2137 2023 est.
2187 1966 2325 2035 Quid
2366 1966 2513 2022 enim
2561 1976 2788 2036 prosunt
2820 1966 2950 2021 mihi
2995 1967 3205 2022 solares
3245 1965 3405 2032 radii,
3448 1967 3498 2020 si

1877 2061 2035 2116 dolor
2077 2069 2301 2130 propter
2330 2075 2426 2115 vos
2469 2070 2658 2125 ortus,
2689 2061 2878 2115 oculos
2921 2061 3159 2114 tenebris
3203 2058 3445 2113 offundat
3473 2060 3499 2113 ?

1878 2152 2031 2208 Tunc
2060 2153 2148 2207 lux
2176 2153 2316 2208 bona
2347 2162 2460 2220 est,
2489 2153 2708 2223 quando
2733 2168 2856 2208 cum
2891 2153 3074 2207 ltetitia
3103 2152 3286 2223 prodit
3318 2172 3331 2207 :
3356 2168 3502 2208 ma:-

1879 2246 2016 2300 renti
2045 2245 2244 2317 quippe
2274 2247 2471 2301 anima:
2492 2246 2717 2300 molesta
2740 2257 2842 2301 est.
2867 2245 3021 2313 Quod
3051 2262 3182 2300 vero
3205 2261 3312 2301 non
3341 2262 3498 2302 men-

1879 2337 2004 2404 tiar,
2029 2339 2231 2392 utinam
2256 2353 2548 2407 numquam
2571 2338 2846 2409 contingat
2868 2340 3244 2408 experimento
3264 2341 3496 2394 discere.

1879 2426 2150 2485 Caeterum
2198 2431 2244 2485 si
2292 2430 2507 2500 quando
2560 2432 2850 2501 contigerit
2896 2433 3208 2503 quempiam
3253 2443 3496 2488 vestrmn

1882 2534 2129 2590 peccare,
2161 2521 2451 2577 dormienti
2485 2524 2615 2578 mihi
2646 2524 2834 2586 adeste
2859 2543 2872 2590 ;
2893 2523 3142 2595 peream,
3179 2527 3222 2579 si
3256 2542 3364 2579 non
3399 2542 3496 2595 pa-

1881 2614 2123 2686 ralyticis
2178 2624 2271 2669 aut
2323 2626 2506 2672 mente
2539 2619 2713 2687 captis
2757 2619 2948 2673 similis
3001 2621 3142 2684 sim,
3198 2619 3497 2675 secundum

1884 2707 2262 2776 propheticum
2293 2707 2520 2775 dictum,
2557 2709 2624 2763 Et
2656 2709 2829 2764 lumen
2869 2713 3137 2766 oculorum
3178 2731 3410 2767 meorum
3451 2723 3501 2767 et

1881 2801 2052 2871 ipsum
2075 2819 2177 2856 non
2201 2813 2275 2856 est
2301 2820 2498 2857 mecum
2533 2804 2552 2876 (
2580 2802 2726 2859 Psal.
2761 2807 2852 2861 57.
2888 2807 2957 2862 10
2981 2806 3026 2878 ).
3058 2809 3192 2875 Qua:
3222 2809 3368 2864 enim
3396 2825 3502 2864 no-

1883 2894 1969 2948 bis
1999 2909 2145 2964 spes,
2177 2895 2330 2952 vobis
2370 2913 2476 2952 non
2507 2899 2914 2967 proficientibus
2942 2902 2966 2954 ?
2993 2903 3115 2972 quis
3144 2920 3352 2958 mmror
3377 2919 3504 2960 esse

1885 2988 2078 3055 possit,
2110 2987 2265 3041 vobis
2317 2991 2579 3060 prmclarc
2625 2993 2962 3061 agentibus?
2993 2994 3104 3049 Ceu
3148 2996 3252 3051 alis
3303 2999 3507 3052 instru-

1884 3090 2006 3134 ctus
2037 3082 2244 3150 videor,
2274 3098 2396 3138 cum
2431 3085 2555 3139 boni
2583 3087 2858 3155 quidpiam
2887 3088 2956 3142 de
2987 3090 3141 3144 vobis
3166 3091 3349 3145 audio.
3383 3091 3499 3144 lm-

1886 3175 2019 3242 plete
2046 3178 2292 3245 gaudium
2318 3195 2484 3231 meum
2515 3178 2535 3251 (
2569 3177 2800 3250 Philipp.
2845 3180 2900 3234 9..
2933 3181 2968 3234 2
3082 3183 3194 3237 lloc
3239 3185 3414 3238 solum
3446 3187 3498 3240 in

1886 3277 2012 3320 voto
2052 3268 2226 3322 habeo
2251 3310 2266 3333 ,
2300 3271 2443 3340 quod
2474 3271 2778 3326 desiderem
2820 3275 3119 3342 profecunn
3153 3287 3409 3332 vestrum.
3443 3277 3502 3333 In

1889 3357 1992 3413 hoc
2013 3375 2142 3413 vero
2162 3376 2285 3414 eum
2312 3363 2564 3416 omnibus
2585 3364 2828 3429 decerto,
2845 3367 2988 3434 quod
3016 3384 3113 3422 vos
3136 3384 3335 3436 amem,
3357 3374 3503 3442 qttod

1887 3455 2222 3524 complectar
2256 3475 2269 3511 :
2303 3459 2424 3526 quia
2459 3474 2556 3512 vos
2585 3458 2716 3512 mihi
2760 3462 2940 3516 (nuntia
2974 3465 3128 3528 estis,
3160 3474 3215 3518 rt
3246 3475 3420 3532 pater,
3450 3477 3507 3522 et

1889 3556 2172 3614 mater,et
2198 3547 2415 3616 fratres,
2439 3560 2492 3604 et
2515 3551 2630 3607 filii.
2662 3553 2738 3607 Ne
2763 3556 2961 3622 putetis
2981 3571 3168 3609 eorum
3198 3558 3503 3628 quidpiam,

1887 3657 2008 3711 qum
2051 3657 2080 3694 a
2113 3657 2200 3696 me
2228 3642 2500 3710 dicuntur,
2531 3661 2597 3699 ex
2629 3645 2754 3699 odio
2777 3648 3066 3717 proﬁcisci,
3103 3651 3196 3704 sed
3227 3651 3294 3705 ad
3323 3668 3510 3707 emen-

1889 3733 2163 3790 dationem
2196 3737 2410 3807 loquor.
2455 3737 2588 3793 Nam
2621 3737 2831 3805 Frater,
2876 3741 3070 3810 inquit,
3104 3745 3193 3809 qui
3228 3746 3508 3815 adjuvatur

1897 3847 1929 3882 α
1957 3831 2147 3899 fratre,
2190 3833 2339 3902 quasi
2364 3833 2543 3886 civitas
2583 3835 2735 3901 firma
2761 3834 2780 3904 (
2807 3833 2964 3890 Prov.
3000 3836 3087 3891 18.
3121 3838 3190 3893 19
3219 3837 3259 3906 ).
3292 3839 3373 3893 Ne
3403 3841 3506 3910 igi-

1894 3933 1979 3976 tttr
2001 3923 2347 3991 indignemini
2374 3943 2387 3978 :
2415 3942 2591 3996 neque
2616 3927 2760 3981 enim
2788 3944 2890 3999 ego
2913 3946 3227 3986 sermonem
3258 3943 3499 3989 vestrum

1892 4025 2204 4082 contemno,
2234 4017 2330 4070 scd
2362 4019 2559 4073 vellem
2591 4036 2621 4073 a
2657 4021 2814 4075 vobis
2854 4022 3158 4088 emendari,
3191 4024 3387 4079 vellem
3417 4026 3507 4081 di—

1886 4127 2062 4166 scere.
2115 4109 2318 4165 Omnes
2347 4111 2491 4165 enim
2539 4111 2733 4168 fratres
2773 4130 2984 4180 sumus,
3034 4131 3174 4170 unus
3212 4129 3297 4172 est
3325 4128 3513 4175 autem

1891 4204 2152 4274 Magister
2181 4213 2386 4258 noster.
2436 4203 2582 4260 Inter
2615 4205 2810 4262 fratres
2851 4223 2983 4263 vero
3013 4225 3112 4279 par
3148 4219 3254 4276 est,
3285 4221 3344 4266 ut
3374 4229 3516 4269 unus

1893 4301 2168 4369 pnecipial
2195 4339 2209 4360 ,
2256 4298 2347 4352 alii
2379 4301 2780 4370 obtemperent.
2813 4302 2888 4357 Ne.
2931 4303 3092 4373 igitur
3131 4304 3512 4376 indignemini,

1892 4394 1987 4449 sed
2014 4394 2199 4448 omnia
2232 4392 2491 4446 facianms
2520 4394 2584 4447 ad
2614 4395 2844 4464 gloriam
2877 4395 2968 4451 Dei
2999 4414 3014 4463 ;
3045 4399 3172 4468 quia
3207 4399 3306 4469 ipsi
3338 4399 3514 4467 gloria

1893 4493 1946 4546 in
1975 4487 2173 4544 smcula
2197 4485 2544 4542 saeculorum.
2571 4488 2765 4541 Amen.

551 4615 3511 4645 ——_________________________________________

1621 4707 1969 4770 HOMILIA
2014 4708 2120 4770 IV.

161 4842 303 4897 Cn.
353 4836 410 4890 2.
455 4852 512 4889 v.
560 4837 613 4891 1.
664 4837 732 4892 Et
775 4855 890 4894 cum
929 4841 1266 4912 compleretur
1307 4845 1414 4899 dies
1447 4844 1785 4912 l’enlecostes,

239 4939 390 4984 erant
429 4947 604 4984 ontner
648 4933 840 5002 pariter
879 4935 932 4987 in
961 4936 1134 4988 cadent
1165 4937 1275 4990 loco
1307 4937 1403 4992 :2.
1430 4949 1476 4992 et
1503 4943 1668 5009 factus
1708 4951 1781 4995 est

243 5035 451 5093 repente
480 5025 547 5078 de
568 5026 693 5078 crela
726 5042 904 5080 sonus.

245 5119 301 5172 L
356 5116 463 5171 Cur
513 5118 568 5171 in
607 5117 903 5174 Pentecoste
944 5122 1146 5175 advenit
1193 5123 1420 5191 Spiritus
1460 5137 1685 5183 sanctus.
1715 5159 1784 5170 --

167 5208 309 5277 Qum
335 5219 420 5264 est
447 5209 567 5265 htcc
600 5209 921 5268 Pentecoste
952 5216 976 5266 ἰ)
1017 5213 1150 5270 Cum
1195 5215 1304 5270 falx
1351 5219 1609 5273 mittenda
1641 5230 1787 5276 esset

172 5308 231 5357 in
280 5318 541 5368 messem,
589 5319 710 5359 cum
761 5305 966 5360 fruetus
1005 5318 1189 5363 essent
1233 5311 1544 5380 colligendi.
1594 5312 1784 5369 Vidisti

169 5407 365 5468 typum
395 5394 471 5449 '1'
517 5396 648 5452 V'ide
682 5395 793 5467 jam
844 5401 1146 5455 veritatem.
1179 5399 1311 5456 Cum
1366 5403 1469 5458 falx
1516 5409 1786 5460 sermonis

169 5499 326 5545 esset
355 5489 852 5556 immittenda,cum
885 5493 1078 5548 messis
1105 5495 1426 5566 colligenda.
1460 5506 1586 5551 tunc
1614 5497 1788 5569 Spiri-

170 5595 265 5638 tus
293 5591 351 5637 ut
379 5593 537 5638 acuta
564 5582 668 5637 falx
698 5584 930 5639 advolat.
964 5587 1101 5640 Audi
1130 5604 1361 5656 namque
1393 5590 1666 5644 Christum
1697 5596 1781 5646 div

171 5685 394 5732 tentem
429 5694 443 5729 :
477 5674 663 5730 Levate
685 5678 857 5732 oculos
881 5689 1091 5746 vestros,
1117 5690 1162 5733 et
1188 5682 1348 5735 ridete
1376 5684 1626 5754 regiones,
1658 5685 1778 5753 quia

171 5769 312 5823 alba?
339 5777 459 5822 utut
489 5768 593 5832 iam
628 5769 697 5820 ad
733 5786 946 5824 messem
977 5771 1154 5842 (Joan.
1189 5774 1239 5826 4.
1274 5772 1344 5828 35
1375 5774 1394 5845 )
1426 5792 1438 5830 :
1471 5791 1534 5830 ac
1575 5791 1784 5842 rutsns,

248 5907 262 5934 ¹
284 5903 350 5973 _ln
373 5917 474 5953 uno
491 5901 672 5954 Codice
695 5905 892 5973 hpmilia
914 5909 985 5957 sic
1010 5908 1178 5970 incipit
1209 5924 1220 5957 :
1254 5909 1427 5960 t'idisti
1449 5918 1639 5973 typum.
1672 5923 1790 5972 (mw

171 5973 252 6017 cst
276 5966 382 6016 hac
412 5974 685 6015 Pentecoste
717 5966 738 6016 ?
763 5976 860 6016 etc.

1901 4851 2086 4906 Musis
2103 4852 2307 4921 quidem
2325 4851 2511 4916 multa,
2537 4851 2760 4921 operarii
2779 4863 2952 4906 autem
2970 4855 3121 4923 pauci
3139 4854 3294 4922 (Luc.
3318 4856 3405 4912 10.
3429 4858 3510 4928 ἓ).

1897 4943 2082 5013 Itaque
2113 4944 2204 4998 ille
2234 4945 2383 5014 prior
2410 4944 2604 4998 falcem
2641 4945 2886 4998 immisit.
2924 4945 3019 5000 llle
3065 4949 3210 5000 enim
3245 4949 3511 5018 primitias

1891 5035 1959 5089 ad
2004 5035 2194 5089 etelum
2225 5036 2461 5098 advexit,
2493 5043 2676 5089 nostra
2705 5051 2983 5109 assumpta
3013 5047 3202 5093 natura
3235 5059 3248 5092 :
3285 5041 3517 5113 ideoque

1895 5127 2024 5180 illud
2057 5143 2290 5182 messem
2323 5129 2578 5196 appellat.
2613 5128 2742 5182 Cum
2786 5132 3147 5199 temptaretur,
3183 5134 3381 5204 inquit,
3407 5136 3517 5190 dies

1896 5216 2257 5285 Pentecostes;
2291 5219 2394 5273 hoc
2419 5231 2521 5284 est,
2545 5236 2652 5274 non
2684 5232 2810 5275 ante
2836 5223 3215 5290 Pentecosten,
3246 5227 3341 5281 sed
3369 5230 3514 5282 circa

1895 5309 2103 5378 ipsam,
2141 5321 2197 5364 ut
2235 5312 2304 5364 ita
2354 5312 2551 5378 diem],
2599 5313 2978 5369 Pentecosten.
3026 5315 3324 5385 Oportebat
3367 5327 3512 5378 enim

1897 5403 2013 5456 haec
2059 5420 2248 5458 rursus
2289 5404 2409 5458 festi
2445 5416 2692 5475 tempore
2733 5411 3071 5478 contingere,
3121 5421 3179 5465 ut
3224 5414 3314 5482 qtti
3363 5417 3514 5468 cruci

1894 5494 2092 5550 Christi
2146 5497 2452 5561 adfuerant,
2504 5499 2622 5553 hrec
2665 5517 2884 5572 quoque
2932 5503 3202 5559 viderent.
3238 5506 3307 5559 Et
3347 5508 3516 5577 factus

1893 5599 1966 5642 est
2010 5600 2216 5660 repente
2244 5591 2308 5644 de
2335 5594 2462 5645 cwlo
2498 5610 2674 5647 sonus.
2707 5594 2818 5649 Cur
2845 5611 2951 5650 non
2989 5597 3038 5650 id
3068 5598 3187 5653 sine
3234 5602 3514 5654 sensibili-

1898 5683 1997 5736 bus
2026 5684 2193 5754 signis
2226 5685 2422 5740 faetmn
2446 5688 2567 5740 est?
2593 5688 2881 5756 Quoniam.
2911 5691 2954 5745 si
2985 5708 3043 5745 re
3073 5693 3151 5746 sic
3182 5703 3332 5763 gesta
3362 5695 3515 5750 dice-

1897 5775 2044 5834 bant.
2080 5776 2252 5831 Musto
2277 5779 2416 5848 pleni
2446 5790 2587 5848 sunt,
2619 5783 2722 5836 nisi
2762 5799 2850 5837 res
2878 5786 2958 5838 sic
2989 5785 3121 5838 facta
3151 5787 3360 5850 inisset,
3387 5791 3514 5856 quid

1899 5887 2003 5925 non
2035 5872 2334 5926 dixissent?
2380 5874 2567 5945 Neque
2611 5877 2929 5948 simpliciter
2973 5894 3141 5934 sonus
3184 5879 3356 5935 factus
3407 5897 3511 5946 eo,

1899 5964 2018 6031 sed,
2050 5964 2128 6023 De
2149 5966 2297 6024 σιτία.
2326 5966 2391 6020 Et
2420 5969 2548 6036 quia
2579 5970 2894 6039 reptntinus
2922 5980 3059 6040 erat,
3090 5973 3347 6025 excitavit
3395 5972 3514 6027 illos
