  <div class='ocr_page' id='page_1' title='image "/cluster/home/n/w/nwhite01/storage/ocr_20150623/60/ien.35556001660885/049.png"; bbox 0 0 4054 6400; ppageno 0'>
   <div class='ocr_carea' id='block_1_1' title="bbox 581 396 3089 484">
    <p class='ocr_par' dir='ltr' id='par_1_1' title="bbox 581 396 3089 484">
     <span class='ocr_line' id='line_1_1' title="bbox 581 396 3089 484; baseline -0.017 8"><span class='ocrx_word' id='word_1_1' title='bbox 581 429 647 484; x_wconf 69' lang='grc' dir='ltr'><strong>ιτ</strong></span> <span class='ocrx_word' id='word_1_2' title='bbox 1311 414 1368 472; x_wconf 89' lang='lat' dir='ltr'><strong>s.</strong></span> <span class='ocrx_word' id='word_1_3' title='bbox 1397 408 1674 470; x_wconf 70' lang='lat' dir='ltr'><strong>somnus</strong></span> <span class='ocrx_word' id='word_1_4' title='bbox 1707 396 2178 465; x_wconf 78' lang='lat' dir='ltr'><strong>cnarsosront</strong></span> <span class='ocrx_word' id='word_1_5' title='bbox 2208 396 2523 452; x_wconf 76' lang='lat' dir='ltr'><strong>AllCttlEP.</strong></span> <span class='ocrx_word' id='word_1_6' title='bbox 2556 396 3089 455; x_wconf 68' lang='lat' dir='ltr'><strong>CGNSTANTINOP.</strong></span> 
     </span>
    </p>
   </div>
   <div class='ocr_carea' id='block_1_2' title="bbox 585 519 2161 613">
    <p class='ocr_par' dir='ltr' id='par_1_2' title="bbox 585 519 2161 613">
     <span class='ocr_line' id='line_1_2' title="bbox 585 519 2161 613; baseline -0.015 -15"><span class='ocrx_word' id='word_1_7' title='bbox 585 543 648 598; x_wconf 75' lang='lat' dir='ltr'><strong>Et</strong></span> <span class='ocrx_word' id='word_1_8' title='bbox 670 540 875 613; x_wconf 80' lang='lat' dir='ltr'><strong>replerit</strong></span> <span class='ocrx_word' id='word_1_9' title='bbox 891 547 1049 592; x_wconf 81' lang='lat' dir='ltr'><strong>letam</strong></span> <span class='ocrx_word' id='word_1_10' title='bbox 1070 534 1298 589; x_wconf 76' lang='lat' dir='ltr'><strong>domum.</strong></span> <span class='ocrx_word' id='word_1_11' title='bbox 1323 530 1566 600; x_wconf 74' lang='lat' dir='ltr'><strong>Magnam</strong></span> <span class='ocrx_word' id='word_1_12' title='bbox 1592 525 1720 582; x_wconf 90' lang='lat' dir='ltr'><strong>dicit</strong></span> <span class='ocrx_word' id='word_1_13' title='bbox 1746 524 1976 595; x_wconf 75' lang='lat' dir='ltr'><strong>Spiritus</strong></span> <span class='ocrx_word' id='word_1_14' title='bbox 1999 519 2161 575; x_wconf 74' lang='lat' dir='ltr'><strong>sche-</strong></span> 
     </span>
    </p>
   </div>
   <div class='ocr_carea' id='block_1_3' title="bbox 584 614 2164 690">
    <p class='ocr_par' dir='ltr' id='par_1_3' title="bbox 584 614 2164 690">
     <span class='ocr_line' id='line_1_3' title="bbox 584 614 2164 690; baseline -0.017 0"><span class='ocrx_word' id='word_1_15' title='bbox 584 635 859 690; x_wconf 83' lang='lat' dir='ltr'><strong>mentiam.</strong></span> <span class='ocrx_word' id='word_1_16' title='bbox 899 627 1151 684; x_wconf 80' lang='lat' dir='ltr'><strong>Attende.</strong></span> <span class='ocrx_word' id='word_1_17' title='bbox 1193 625 1393 680; x_wconf 83' lang='lat' dir='ltr'><strong>Omnes</strong></span> <span class='ocrx_word' id='word_1_18' title='bbox 1443 621 1565 674; x_wconf 88' lang='lat' dir='ltr'><strong>illuc</strong></span> <span class='ocrx_word' id='word_1_19' title='bbox 1609 614 1971 686; x_wconf 77' lang='lat' dir='ltr'><strong>congregavit,</strong></span> <span class='ocrx_word' id='word_1_20' title='bbox 2010 626 2062 666; x_wconf 86' lang='lat' dir='ltr'><strong>Ut</strong></span> <span class='ocrx_word' id='word_1_21' title='bbox 2110 619 2164 665; x_wconf 86' lang='lat' dir='ltr'><strong>et</strong></span> 
     </span>
    </p>
   </div>
   <div class='ocr_carea' id='block_1_4' title="bbox 585 705 2164 796">
    <p class='ocr_par' dir='ltr' id='par_1_4' title="bbox 585 705 2164 796">
     <span class='ocr_line' id='line_1_4' title="bbox 585 705 2164 796; baseline -0.014 -18"><span class='ocrx_word' id='word_1_22' title='bbox 585 736 872 796; x_wconf 80' lang='lat' dir='ltr'><strong>przcscntes</strong></span> <span class='ocrx_word' id='word_1_23' title='bbox 901 720 1204 785; x_wconf 82' lang='lat' dir='ltr'><strong>crederent,</strong></span> <span class='ocrx_word' id='word_1_24' title='bbox 1250 732 1313 772; x_wconf 84' lang='lat' dir='ltr'><strong>ac</strong></span> <span class='ocrx_word' id='word_1_25' title='bbox 1340 714 1483 786; x_wconf 82' lang='lat' dir='ltr'><strong>digni</strong></span> <span class='ocrx_word' id='word_1_26' title='bbox 1513 709 1944 766; x_wconf 68' lang='lat' dir='ltr'><strong>ostenderentur.</strong></span> <span class='ocrx_word' id='word_1_27' title='bbox 1984 705 2164 771; x_wconf 74' lang='lat' dir='ltr'><strong>Neque</strong></span> 
     </span>
    </p>
   </div>
   <div class='ocr_carea' id='block_1_5' title="bbox 585 795 2162 881">
    <p class='ocr_par' dir='ltr' id='par_1_5' title="bbox 585 795 2162 881">
     <span class='ocr_line' id='line_1_5' title="bbox 585 795 2162 881; baseline -0.018 -8"><span class='ocrx_word' id='word_1_28' title='bbox 585 795 686 875; x_wconf 86' lang='lat' dir='ltr'><strong>hoc</strong></span> <span class='ocrx_word' id='word_1_29' title='bbox 714 826 940 881; x_wconf 78' lang='lat' dir='ltr'><strong>tantum,</strong></span> <span class='ocrx_word' id='word_1_30' title='bbox 972 811 1066 868; x_wconf 86' lang='lat' dir='ltr'><strong>sed</strong></span> <span class='ocrx_word' id='word_1_31' title='bbox 1103 820 1158 867; x_wconf 89' lang='lat' dir='ltr'><strong>et</strong></span> <span class='ocrx_word' id='word_1_32' title='bbox 1180 807 1326 863; x_wconf 80' lang='lat' dir='ltr'><strong>aliud</strong></span> <span class='ocrx_word' id='word_1_33' title='bbox 1366 806 1523 874; x_wconf 80' lang='lat' dir='ltr'><strong>longe</strong></span> <span class='ocrx_word' id='word_1_34' title='bbox 1550 801 1842 858; x_wconf 78' lang='lat' dir='ltr'><strong>terribilius</strong></span> <span class='ocrx_word' id='word_1_35' title='bbox 1870 796 2082 868; x_wconf 71' lang='lat' dir='ltr'><strong>adjei-it.</strong></span> <span class='ocrx_word' id='word_1_36' title='bbox 2109 795 2162 846; x_wconf 80' lang='grc'><strong>5.</strong></span> 
     </span>
    </p>
   </div>
   <div class='ocr_carea' id='block_1_6' title="bbox 588 885 2161 979">
    <p class='ocr_par' dir='ltr' id='par_1_6' title="bbox 588 885 2161 979">
     <span class='ocr_line' id='line_1_6' title="bbox 588 885 2161 979; baseline -0.018 -16"><span class='ocrx_word' id='word_1_37' title='bbox 588 911 648 964; x_wconf 68' lang='grc' dir='ltr'><strong>ΕΙ</strong></span> <span class='ocrx_word' id='word_1_38' title='bbox 672 916 1017 979; x_wconf 81' lang='lat' dir='ltr'><strong>apparuerunt</strong></span> <span class='ocrx_word' id='word_1_39' title='bbox 1049 901 1152 956; x_wconf 85' lang='lat' dir='ltr'><strong>illis</strong></span> <span class='ocrx_word' id='word_1_40' title='bbox 1182 896 1457 969; x_wconf 70' lang='lat' dir='ltr'><strong>dispertita:</strong></span> <span class='ocrx_word' id='word_1_41' title='bbox 1489 895 1679 964; x_wconf 72' lang='lat' dir='ltr'><strong>lingua:</strong></span> <span class='ocrx_word' id='word_1_42' title='bbox 1721 900 1980 958; x_wconf 83' lang='lat' dir='ltr'><strong>tamquam</strong></span> <span class='ocrx_word' id='word_1_43' title='bbox 2011 885 2161 957; x_wconf 81' lang='lat' dir='ltr'><strong>ignis,</strong></span> 
     </span>
    </p>
   </div>
   <div class='ocr_carea' id='block_1_7' title="bbox 586 981 2167 1071">
    <p class='ocr_par' dir='ltr' id='par_1_7' title="bbox 586 981 2167 1071">
     <span class='ocr_line' id='line_1_7' title="bbox 586 981 2167 1071; baseline -0.018 -16"><span class='ocrx_word' id='word_1_44' title='bbox 586 1001 774 1071; x_wconf 83' lang='lat' dir='ltr'><strong>inquit.</strong></span> <span class='ocrx_word' id='word_1_45' title='bbox 826 999 989 1052; x_wconf 74' lang='lat' dir='ltr'><strong>Recte</strong></span> <span class='ocrx_word' id='word_1_46' title='bbox 1035 993 1230 1060; x_wconf 88' lang='lat' dir='ltr'><strong>ubique</strong></span> <span class='ocrx_word' id='word_1_47' title='bbox 1270 988 1487 1044; x_wconf 84' lang='lat' dir='ltr'><strong>additur</strong></span> <span class='ocrx_word' id='word_1_48' title='bbox 1533 983 1684 1049; x_wconf 88' lang='lat' dir='ltr'><strong>illud,</strong></span> <span class='ocrx_word' id='word_1_49' title='bbox 1736 981 2055 1049; x_wconf 82' lang='lat' dir='ltr'><strong>Tamquam,</strong></span> <span class='ocrx_word' id='word_1_50' title='bbox 2099 990 2167 1028; x_wconf 86' lang='lat' dir='ltr'><strong>ne</strong></span> 
     </span>
    </p>
   </div>
   <div class='ocr_carea' id='block_1_8' title="bbox 584 1068 2163 1164">
    <p class='ocr_par' dir='ltr' id='par_1_8' title="bbox 584 1068 2163 1164">
     <span class='ocr_line' id='line_1_8' title="bbox 584 1068 2163 1164; baseline -0.018 -18"><span class='ocrx_word' id='word_1_51' title='bbox 584 1068 709 1164; x_wconf 88' lang='lat' dir='ltr'><strong>qttid</strong></span> <span class='ocrx_word' id='word_1_52' title='bbox 736 1089 988 1148; x_wconf 81' lang='lat' dir='ltr'><strong>sensibile</strong></span> <span class='ocrx_word' id='word_1_53' title='bbox 1011 1085 1079 1141; x_wconf 89' lang='lat' dir='ltr'><strong>de</strong></span> <span class='ocrx_word' id='word_1_54' title='bbox 1123 1082 1326 1153; x_wconf 82' lang='lat' dir='ltr'><strong>Spiritu</strong></span> <span class='ocrx_word' id='word_1_55' title='bbox 1363 1079 1657 1136; x_wconf 77' lang='lat' dir='ltr'><strong>existimes.</strong></span> <span class='ocrx_word' id='word_1_56' title='bbox 1690 1075 1969 1142; x_wconf 83' lang='lat' dir='ltr'><strong>Tamquam</strong></span> <span class='ocrx_word' id='word_1_57' title='bbox 2009 1068 2163 1138; x_wconf 77' lang='lat' dir='ltr'><strong>ignis,</strong></span> 
     </span>
    </p>
   </div>
   <div class='ocr_carea' id='block_1_9' title="bbox 587 1169 2168 1255">
    <p class='ocr_par' dir='ltr' id='par_1_9' title="bbox 587 1169 2168 1255">
     <span class='ocr_line' id='line_1_9' title="bbox 587 1169 2168 1255; baseline -0.016 -16"><span class='ocrx_word' id='word_1_58' title='bbox 587 1185 774 1255; x_wconf 84' lang='lat' dir='ltr'><strong>inquit,</strong></span> <span class='ocrx_word' id='word_1_59' title='bbox 820 1191 875 1237; x_wconf 90' lang='lat' dir='ltr'><strong>et</strong></span> <span class='ocrx_word' id='word_1_60' title='bbox 915 1189 1182 1248; x_wconf 75' lang='lat' dir='ltr'><strong>tamquam</strong></span> <span class='ocrx_word' id='word_1_61' title='bbox 1223 1174 1461 1245; x_wconf 79' lang='lat' dir='ltr'><strong>spiritus.</strong></span> <span class='ocrx_word' id='word_1_62' title='bbox 1507 1169 1622 1224; x_wconf 80' lang='lat' dir='ltr'><strong>Non</strong></span> <span class='ocrx_word' id='word_1_63' title='bbox 1664 1177 1778 1223; x_wconf 88' lang='lat' dir='ltr'><strong>erat</strong></span> <span class='ocrx_word' id='word_1_64' title='bbox 1820 1178 1950 1234; x_wconf 83' lang='lat' dir='ltr'><strong>ergo</strong></span> <span class='ocrx_word' id='word_1_65' title='bbox 1978 1172 2168 1216; x_wconf 85' lang='lat' dir='ltr'><strong>ventus</strong></span> 
     </span>
    </p>
   </div>
   <div class='ocr_carea' id='block_1_10' title="bbox 584 1254 2170 1346">
    <p class='ocr_par' dir='ltr' id='par_1_10' title="bbox 584 1254 2170 1346">
     <span class='ocr_line' id='line_1_10' title="bbox 584 1254 2170 1346; baseline -0.016 -15"><span class='ocrx_word' id='word_1_66' title='bbox 584 1254 895 1346; x_wconf 76' lang='lat' dir='ltr'><strong>simpliciter</strong></span> <span class='ocrx_word' id='word_1_67' title='bbox 924 1285 1019 1341; x_wconf 90' lang='lat' dir='ltr'><strong>per</strong></span> <span class='ocrx_word' id='word_1_68' title='bbox 1047 1281 1227 1324; x_wconf 84' lang='lat' dir='ltr'><strong>aerem</strong></span> <span class='ocrx_word' id='word_1_69' title='bbox 1268 1264 1490 1321; x_wconf 83' lang='lat' dir='ltr'><strong>eﬂ&#39;usus.</strong></span> <span class='ocrx_word' id='word_1_70' title='bbox 1519 1260 1652 1316; x_wconf 82' lang='lat' dir='ltr'><strong>Nam</strong></span> <span class='ocrx_word' id='word_1_71' title='bbox 1681 1274 1803 1314; x_wconf 88' lang='lat' dir='ltr'><strong>cum</strong></span> <span class='ocrx_word' id='word_1_72' title='bbox 1833 1255 2024 1313; x_wconf 81' lang='lat' dir='ltr'><strong>Joanni</strong></span> <span class='ocrx_word' id='word_1_73' title='bbox 2052 1254 2170 1322; x_wconf 90' lang='lat' dir='ltr'><strong>Spi-</strong></span> 
     </span>
    </p>
   </div>
   <div class='ocr_carea' id='block_1_11' title="bbox 583 1347 2167 1426">
    <p class='ocr_par' dir='ltr' id='par_1_11' title="bbox 583 1347 2167 1426">
     <span class='ocr_line' id='line_1_11' title="bbox 583 1347 2167 1426; baseline -0.015 -6"><span class='ocrx_word' id='word_1_74' title='bbox 583 1369 718 1421; x_wconf 85' lang='lat' dir='ltr'><strong>ritus</strong></span> <span class='ocrx_word' id='word_1_75' title='bbox 741 1365 923 1421; x_wconf 89' lang='lat' dir='ltr'><strong>dcbuit</strong></span> <span class='ocrx_word' id='word_1_76' title='bbox 951 1363 1306 1424; x_wconf 85' lang='lat' dir='ltr'><strong>innotescere,</strong></span> <span class='ocrx_word' id='word_1_77' title='bbox 1325 1355 1477 1426; x_wconf 80' lang='lat' dir='ltr'><strong>quasi</strong></span> <span class='ocrx_word' id='word_1_78' title='bbox 1507 1354 1559 1408; x_wconf 92' lang='lat' dir='ltr'><strong>in</strong></span> <span class='ocrx_word' id='word_1_79' title='bbox 1589 1353 1770 1422; x_wconf 82' lang='lat' dir='ltr'><strong>specie</strong></span> <span class='ocrx_word' id='word_1_80' title='bbox 1797 1347 2056 1404; x_wconf 74' lang='lat' dir='ltr'><strong>columba:</strong></span> <span class='ocrx_word' id='word_1_81' title='bbox 2080 1360 2167 1400; x_wconf 86' lang='lat' dir='ltr'><strong>sn-</strong></span> 
     </span>
    </p>
   </div>
   <div class='ocr_carea' id='block_1_12' title="bbox 584 1439 2166 1529">
    <p class='ocr_par' dir='ltr' id='par_1_12' title="bbox 584 1439 2166 1529">
     <span class='ocr_line' id='line_1_12' title="bbox 584 1439 2166 1529; baseline -0.015 -14"><span class='ocrx_word' id='word_1_82' title='bbox 584 1476 676 1529; x_wconf 86' lang='lat' dir='ltr'><strong>pra</strong></span> <span class='ocrx_word' id='word_1_83' title='bbox 705 1459 904 1514; x_wconf 82' lang='lat' dir='ltr'><strong>Christi</strong></span> <span class='ocrx_word' id='word_1_84' title='bbox 949 1467 1110 1528; x_wconf 86' lang='lat' dir='ltr'><strong>caput</strong></span> <span class='ocrx_word' id='word_1_85' title='bbox 1152 1454 1292 1510; x_wconf 84' lang='lat' dir='ltr'><strong>venit</strong></span> <span class='ocrx_word' id='word_1_86' title='bbox 1334 1450 1529 1523; x_wconf 74' lang='lat' dir='ltr'><strong>(Marc.</strong></span> <span class='ocrx_word' id='word_1_87' title='bbox 1570 1449 1623 1503; x_wconf 74' lang='grc'><strong>1.</strong></span> <span class='ocrx_word' id='word_1_88' title='bbox 1669 1445 1757 1505; x_wconf 72' lang='grc'><strong>10.</strong></span> <span class='ocrx_word' id='word_1_89' title='bbox 1799 1442 1928 1498; x_wconf 78' lang='lat' dir='ltr'><strong>Luc.</strong></span> <span class='ocrx_word' id='word_1_90' title='bbox 1977 1442 2031 1497; x_wconf 78' lang='lat'><strong>3.</strong></span> <span class='ocrx_word' id='word_1_91' title='bbox 2075 1439 2166 1494; x_wconf 64' lang='grc' dir='ltr'><strong>εξ.</strong></span> 
     </span>
    </p>
   </div>
   <div class='ocr_carea' id='block_1_13' title="bbox 583 1534 2168 1620">
    <p class='ocr_par' dir='ltr' id='par_1_13' title="bbox 583 1534 2168 1620">
     <span class='ocr_line' id='line_1_13' title="bbox 583 1534 2168 1620; baseline -0.015 -14"><span class='ocrx_word' id='word_1_92' title='bbox 583 1552 738 1606; x_wconf 83' lang='lat' dir='ltr'><strong>Joan.</strong></span> <span class='ocrx_word' id='word_1_93' title='bbox 772 1553 822 1607; x_wconf 75' lang='grc' dir='ltr'><strong>ι.</strong></span> <span class='ocrx_word' id='word_1_94' title='bbox 847 1550 942 1620; x_wconf 77' lang='lat'><strong>52)</strong></span> <span class='ocrx_word' id='word_1_95' title='bbox 966 1567 979 1603; x_wconf 94' lang='lat'><strong>:</strong></span> <span class='ocrx_word' id='word_1_96' title='bbox 1013 1562 1152 1603; x_wconf 89' lang='lat' dir='ltr'><strong>nunc</strong></span> <span class='ocrx_word' id='word_1_97' title='bbox 1179 1560 1325 1609; x_wconf 82' lang='lat' dir='ltr'><strong>vero,</strong></span> <span class='ocrx_word' id='word_1_98' title='bbox 1351 1557 1470 1600; x_wconf 90' lang='lat' dir='ltr'><strong>cum</strong></span> <span class='ocrx_word' id='word_1_99' title='bbox 1504 1549 1609 1595; x_wconf 88' lang='lat' dir='ltr'><strong>tota</strong></span> <span class='ocrx_word' id='word_1_100' title='bbox 1640 1534 1926 1592; x_wconf 89' lang='lat' dir='ltr'><strong>multitudo</strong></span> <span class='ocrx_word' id='word_1_101' title='bbox 1944 1546 2168 1588; x_wconf 89' lang='lat' dir='ltr'><strong>conver-</strong></span> 
     </span>
    </p>
   </div>
   <div class='ocr_carea' id='block_1_14' title="bbox 587 1626 2169 1708">
    <p class='ocr_par' dir='ltr' id='par_1_14' title="bbox 587 1626 2169 1708">
     <span class='ocr_line' id='line_1_14' title="bbox 587 1626 2169 1708; baseline -0.013 -13"><span class='ocrx_word' id='word_1_102' title='bbox 587 1644 742 1698; x_wconf 80' lang='lat' dir='ltr'><strong>tenda</strong></span> <span class='ocrx_word' id='word_1_103' title='bbox 789 1652 952 1707; x_wconf 87' lang='lat' dir='ltr'><strong>esset,</strong></span> <span class='ocrx_word' id='word_1_104' title='bbox 1005 1650 1272 1708; x_wconf 84' lang='lat' dir='ltr'><strong>tamquam</strong></span> <span class='ocrx_word' id='word_1_105' title='bbox 1321 1633 1458 1706; x_wconf 88' lang='lat' dir='ltr'><strong>ignis</strong></span> <span class='ocrx_word' id='word_1_106' title='bbox 1509 1631 1677 1685; x_wconf 81' lang='lat' dir='ltr'><strong>venit.</strong></span> <span class='ocrx_word' id='word_1_107' title='bbox 1719 1626 1971 1702; x_wconf 70' lang='lat' dir='ltr'><strong>Seditque</strong></span> <span class='ocrx_word' id='word_1_108' title='bbox 2015 1637 2169 1692; x_wconf 88' lang='lat' dir='ltr'><strong>supra</strong></span> 
     </span>
    </p>
   </div>
   <div class='ocr_carea' id='block_1_15' title="bbox 583 1718 2170 1804">
    <p class='ocr_par' dir='ltr' id='par_1_15' title="bbox 583 1718 2170 1804">
     <span class='ocr_line' id='line_1_15' title="bbox 583 1718 2170 1804; baseline -0.011 -17"><span class='ocrx_word' id='word_1_109' title='bbox 583 1733 808 1804; x_wconf 71' lang='lat' dir='ltr'><strong>singulos</strong></span> <span class='ocrx_word' id='word_1_110' title='bbox 828 1746 1040 1797; x_wconf 88' lang='lat' dir='ltr'><strong>eorum;</strong></span> <span class='ocrx_word' id='word_1_111' title='bbox 1068 1728 1121 1784; x_wconf 89' lang='lat' dir='ltr'><strong>id</strong></span> <span class='ocrx_word' id='word_1_112' title='bbox 1169 1735 1270 1792; x_wconf 88' lang='lat' dir='ltr'><strong>est,</strong></span> <span class='ocrx_word' id='word_1_113' title='bbox 1321 1723 1539 1788; x_wconf 83' lang='lat' dir='ltr'><strong>mansit,</strong></span> <span class='ocrx_word' id='word_1_114' title='bbox 1580 1718 1882 1791; x_wconf 89' lang='lat' dir='ltr'><strong>requievit;</strong></span> <span class='ocrx_word' id='word_1_115' title='bbox 1927 1730 2049 1770; x_wconf 89' lang='lat' dir='ltr'><strong>nam</strong></span> <span class='ocrx_word' id='word_1_116' title='bbox 2080 1729 2170 1769; x_wconf 88' lang='lat' dir='ltr'><strong>se-</strong></span> 
     </span>
    </p>
   </div>
   <div class='ocr_carea' id='block_1_16' title="bbox 583 1804 2171 1886">
    <p class='ocr_par' dir='ltr' id='par_1_16' title="bbox 583 1804 2171 1886">
     <span class='ocr_line' id='line_1_16' title="bbox 583 1804 2171 1886; baseline -0.013 -9"><span class='ocrx_word' id='word_1_117' title='bbox 583 1825 735 1886; x_wconf 65' lang='lat' dir='ltr'><strong>dere,</strong></span> <span class='ocrx_word' id='word_1_118' title='bbox 763 1830 907 1876; x_wconf 82' lang='lat' dir='ltr'><strong>stare</strong></span> <span class='ocrx_word' id='word_1_119' title='bbox 935 1829 990 1876; x_wconf 85' lang='lat' dir='ltr'><strong>et</strong></span> <span class='ocrx_word' id='word_1_120' title='bbox 1036 1831 1254 1873; x_wconf 89' lang='lat' dir='ltr'><strong>manere</strong></span> <span class='ocrx_word' id='word_1_121' title='bbox 1294 1814 1578 1886; x_wconf 76' lang='lat' dir='ltr'><strong>signiticet.</strong></span> <span class='ocrx_word' id='word_1_122' title='bbox 1627 1809 1764 1879; x_wconf 86' lang='lat' dir='ltr'><strong>Quid</strong></span> <span class='ocrx_word' id='word_1_123' title='bbox 1805 1810 1971 1864; x_wconf 81' lang='lat' dir='ltr'><strong>vero?</strong></span> <span class='ocrx_word' id='word_1_124' title='bbox 2011 1821 2077 1860; x_wconf 88' lang='lat' dir='ltr'><strong>au</strong></span> <span class='ocrx_word' id='word_1_125' title='bbox 2119 1804 2171 1858; x_wconf 90' lang='lat' dir='ltr'><strong>in</strong></span> 
     </span>
    </p>
   </div>
   <div class='ocr_carea' id='block_1_17' title="bbox 585 1901 2169 1976">
    <p class='ocr_par' dir='ltr' id='par_1_17' title="bbox 585 1901 2169 1976">
     <span class='ocr_line' id='line_1_17' title="bbox 585 1901 2169 1976; baseline -0.013 -8"><span class='ocrx_word' id='word_1_126' title='bbox 585 1913 862 1968; x_wconf 76' lang='lat' dir='ltr'><strong>duodecim</strong></span> <span class='ocrx_word' id='word_1_127' title='bbox 884 1921 1086 1966; x_wconf 87' lang='lat' dir='ltr'><strong>tantum</strong></span> <span class='ocrx_word' id='word_1_128' title='bbox 1113 1910 1403 1976; x_wconf 61' lang='lat' dir='ltr'><strong>venituton</strong></span> <span class='ocrx_word' id='word_1_129' title='bbox 1432 1908 1488 1961; x_wconf 82' lang='lat' dir='ltr'><strong>in</strong></span> <span class='ocrx_word' id='word_1_130' title='bbox 1505 1904 1767 1961; x_wconf 66' lang='lat' dir='ltr'><strong>creteros&#39;t</strong></span> <span class='ocrx_word' id='word_1_131' title='bbox 1793 1901 2169 1970; x_wconf 79' lang='lat' dir='ltr'><strong>Nequaquam;</strong></span> 
     </span>
    </p>
   </div>
   <div class='ocr_carea' id='block_1_18' title="bbox 585 1988 2171 2066">
    <p class='ocr_par' dir='ltr' id='par_1_18' title="bbox 585 1988 2171 2066">
     <span class='ocr_line' id='line_1_18' title="bbox 585 1988 2171 2066; baseline -0.013 -4"><span class='ocrx_word' id='word_1_132' title='bbox 585 2008 679 2064; x_wconf 82' lang='lat' dir='ltr'><strong>sed</strong></span> <span class='ocrx_word' id='word_1_133' title='bbox 705 2005 852 2061; x_wconf 85' lang='lat' dir='ltr'><strong>venit</strong></span> <span class='ocrx_word' id='word_1_134' title='bbox 877 2009 1040 2059; x_wconf 87' lang='lat' dir='ltr'><strong>etiam</strong></span> <span class='ocrx_word' id='word_1_135' title='bbox 1078 2003 1130 2057; x_wconf 91' lang='lat' dir='ltr'><strong>in</strong></span> <span class='ocrx_word' id='word_1_136' title='bbox 1172 2001 1290 2057; x_wconf 90' lang='lat' dir='ltr'><strong>illos</strong></span> <span class='ocrx_word' id='word_1_137' title='bbox 1327 2009 1538 2055; x_wconf 88' lang='lat' dir='ltr'><strong>centum</strong></span> <span class='ocrx_word' id='word_1_138' title='bbox 1571 1996 1777 2066; x_wconf 83' lang='lat' dir='ltr'><strong>viginti.</strong></span> <span class='ocrx_word' id='word_1_139' title='bbox 1820 1992 2002 2062; x_wconf 82' lang='lat' dir='ltr'><strong>Neque</strong></span> <span class='ocrx_word' id='word_1_140' title='bbox 2026 1988 2171 2044; x_wconf 89' lang='lat' dir='ltr'><strong>enim</strong></span> 
     </span>
    </p>
   </div>
   <div class='ocr_carea' id='block_1_19' title="bbox 585 2079 2172 2164">
    <p class='ocr_par' dir='ltr' id='par_1_19' title="bbox 585 2079 2172 2164">
     <span class='ocr_line' id='line_1_19' title="bbox 585 2079 2172 2164; baseline -0.016 -7"><span class='ocrx_word' id='word_1_141' title='bbox 585 2103 700 2157; x_wconf 83' lang='lat' dir='ltr'><strong>sine</strong></span> <span class='ocrx_word' id='word_1_142' title='bbox 721 2112 880 2154; x_wconf 86' lang='lat' dir='ltr'><strong>causa</strong></span> <span class='ocrx_word' id='word_1_143' title='bbox 907 2096 1096 2152; x_wconf 84' lang='lat' dir='ltr'><strong>Petrus</strong></span> <span class='ocrx_word' id='word_1_144' title='bbox 1139 2092 1415 2164; x_wconf 63' lang='lat' dir='ltr'><strong>prophetae</strong></span> <span class='ocrx_word' id='word_1_145' title='bbox 1445 2087 1810 2145; x_wconf 87' lang='lat' dir='ltr'><strong>testimonium</strong></span> <span class='ocrx_word' id='word_1_146' title='bbox 1840 2081 2060 2153; x_wconf 76' lang='lat' dir='ltr'><strong>protulit</strong></span> <span class='ocrx_word' id='word_1_147' title='bbox 2085 2079 2172 2134; x_wconf 83' lang='lat' dir='ltr'><strong>di-</strong></span> 
     </span>
    </p>
   </div>
   <div class='ocr_carea' id='block_1_20' title="bbox 584 2163 2172 2248">
    <p class='ocr_par' dir='ltr' id='par_1_20' title="bbox 584 2163 2172 2248">
     <span class='ocr_line' id='line_1_20' title="bbox 584 2163 2172 2248; baseline -0.013 -1"><span class='ocrx_word' id='word_1_148' title='bbox 584 2208 713 2248; x_wconf 87' lang='lat' dir='ltr'><strong>cens</strong></span> <span class='ocrx_word' id='word_1_149' title='bbox 743 2210 754 2246; x_wconf 91' lang='lat'><strong>:</strong></span> <span class='ocrx_word' id='word_1_150' title='bbox 791 2191 856 2244; x_wconf 76' lang='lat' dir='ltr'><strong>Et</strong></span> <span class='ocrx_word' id='word_1_151' title='bbox 878 2189 969 2245; x_wconf 87' lang='lat' dir='ltr'><strong>erit</strong></span> <span class='ocrx_word' id='word_1_152' title='bbox 992 2189 1045 2242; x_wconf 88' lang='lat' dir='ltr'><strong>in</strong></span> <span class='ocrx_word' id='word_1_153' title='bbox 1072 2163 1354 2242; x_wconf 71' lang='lat' dir='ltr'><strong>nobissimis</strong></span> <span class='ocrx_word' id='word_1_154' title='bbox 1379 2182 1572 2246; x_wconf 86' lang='lat' dir='ltr'><strong>diebus,</strong></span> <span class='ocrx_word' id='word_1_155' title='bbox 1598 2180 1718 2234; x_wconf 86' lang='lat' dir='ltr'><strong>dicit</strong></span> <span class='ocrx_word' id='word_1_156' title='bbox 1738 2177 1990 2232; x_wconf 87' lang='lat' dir='ltr'><strong>Dominus</strong></span> <span class='ocrx_word' id='word_1_157' title='bbox 2013 2163 2172 2239; x_wconf 86' lang='lat' dir='ltr'><strong>Deus,</strong></span> 
     </span>
    </p>
   </div>
   <div class='ocr_carea' id='block_1_21' title="bbox 586 2278 2175 2353">
    <p class='ocr_par' dir='ltr' id='par_1_21' title="bbox 586 2278 2175 2353">
     <span class='ocr_line' id='line_1_21' title="bbox 586 2278 2175 2353; baseline -0.013 -13"><span class='ocrx_word' id='word_1_158' title='bbox 586 2285 844 2353; x_wconf 69' lang='lat' dir='ltr'><strong>effundam</strong></span> <span class='ocrx_word' id='word_1_159' title='bbox 869 2283 932 2337; x_wconf 82' lang='lat' dir='ltr'><strong>de</strong></span> <span class='ocrx_word' id='word_1_160' title='bbox 957 2281 1158 2352; x_wconf 81' lang='lat' dir='ltr'><strong>Spiritu</strong></span> <span class='ocrx_word' id='word_1_161' title='bbox 1186 2294 1296 2333; x_wconf 87' lang='lat' dir='ltr'><strong>meo</strong></span> <span class='ocrx_word' id='word_1_162' title='bbox 1323 2293 1475 2348; x_wconf 80' lang='lat' dir='ltr'><strong>super</strong></span> <span class='ocrx_word' id='word_1_163' title='bbox 1505 2290 1703 2329; x_wconf 81' lang='lat' dir='ltr'><strong>onmem</strong></span> <span class='ocrx_word' id='word_1_164' title='bbox 1729 2287 1932 2326; x_wconf 83' lang='lat' dir='ltr'><strong>carnem</strong></span> <span class='ocrx_word' id='word_1_165' title='bbox 1956 2285 1974 2325; x_wconf 90' lang='lat'><strong><em>:</em></strong></span> <span class='ocrx_word' id='word_1_166' title='bbox 1995 2278 2042 2323; x_wconf 91' lang='lat' dir='ltr'><strong>et</strong></span> <span class='ocrx_word' id='word_1_167' title='bbox 2057 2284 2175 2338; x_wconf 81' lang='lat' dir='ltr'><strong>pro-</strong></span> 
     </span>
    </p>
   </div>
   <div class='ocr_carea' id='block_1_22' title="bbox 587 2359 2173 2442">
    <p class='ocr_par' dir='ltr' id='par_1_22' title="bbox 587 2359 2173 2442">
     <span class='ocr_line' id='line_1_22' title="bbox 587 2359 2173 2442; baseline -0.011 -14"><span class='ocrx_word' id='word_1_168' title='bbox 587 2376 857 2441; x_wconf 81' lang='lat' dir='ltr'><strong>phetabunt</strong></span> <span class='ocrx_word' id='word_1_169' title='bbox 887 2374 983 2442; x_wconf 80' lang='lat' dir='ltr'><strong>lilii</strong></span> <span class='ocrx_word' id='word_1_170' title='bbox 1022 2371 1190 2436; x_wconf 79' lang='lat' dir='ltr'><strong>vestri,</strong></span> <span class='ocrx_word' id='word_1_171' title='bbox 1227 2378 1277 2423; x_wconf 87' lang='lat' dir='ltr'><strong>et</strong></span> <span class='ocrx_word' id='word_1_172' title='bbox 1304 2369 1426 2438; x_wconf 74' lang='lat' dir='ltr'><strong>ﬁlia:</strong></span> <span class='ocrx_word' id='word_1_173' title='bbox 1459 2376 1669 2428; x_wconf 73' lang='lat' dir='ltr'><strong>vestrm;</strong></span> <span class='ocrx_word' id='word_1_174' title='bbox 1701 2373 1747 2418; x_wconf 83' lang='lat' dir='ltr'><strong>et</strong></span> <span class='ocrx_word' id='word_1_175' title='bbox 1782 2364 1995 2433; x_wconf 78' lang='lat' dir='ltr'><strong>juvenes</strong></span> <span class='ocrx_word' id='word_1_176' title='bbox 2023 2359 2173 2414; x_wconf 77' lang='lat' dir='ltr'><strong>vestri</strong></span> 
     </span>
    </p>
   </div>
   <div class='ocr_carea' id='block_1_23' title="bbox 584 2452 2174 2533">
    <p class='ocr_par' dir='ltr' id='par_1_23' title="bbox 584 2452 2174 2533">
     <span class='ocr_line' id='line_1_23' title="bbox 584 2452 2174 2533; baseline -0.012 -7"><span class='ocrx_word' id='word_1_177' title='bbox 584 2473 796 2527; x_wconf 80' lang='lat' dir='ltr'><strong>risiones</strong></span> <span class='ocrx_word' id='word_1_178' title='bbox 818 2470 1068 2533; x_wconf 74' lang='lat' dir='ltr'><strong>videbunt,</strong></span> <span class='ocrx_word' id='word_1_179' title='bbox 1087 2475 1132 2520; x_wconf 82' lang='lat' dir='ltr'><strong>et</strong></span> <span class='ocrx_word' id='word_1_180' title='bbox 1153 2480 1294 2520; x_wconf 84' lang='lat' dir='ltr'><strong>senes</strong></span> <span class='ocrx_word' id='word_1_181' title='bbox 1313 2463 1460 2517; x_wconf 84' lang='lat' dir='ltr'><strong>restri</strong></span> <span class='ocrx_word' id='word_1_182' title='bbox 1472 2459 1667 2514; x_wconf 88' lang='lat' dir='ltr'><strong>sonmia</strong></span> <span class='ocrx_word' id='word_1_183' title='bbox 1684 2455 2005 2511; x_wconf 88' lang='lat' dir='ltr'><strong>sonmiabunt</strong></span> <span class='ocrx_word' id='word_1_184' title='bbox 2036 2452 2174 2523; x_wconf 83' lang='lat' dir='ltr'><strong>(Joel</strong></span> 
     </span>
    </p>
   </div>
   <div class='ocr_carea' id='block_1_24' title="bbox 583 2546 2174 2634">
    <p class='ocr_par' dir='ltr' id='par_1_24' title="bbox 583 2546 2174 2634">
     <span class='ocr_line' id='line_1_24' title="bbox 583 2546 2174 2634; baseline -0.013 -16"><span class='ocrx_word' id='word_1_185' title='bbox 583 2564 636 2618; x_wconf 98' lang='lat'><strong>2.</strong></span> <span class='ocrx_word' id='word_1_186' title='bbox 670 2563 787 2634; x_wconf 88' lang='lat'><strong>28).</strong></span> <span class='ocrx_word' id='word_1_187' title='bbox 830 2558 1210 2616; x_wconf 84' lang='lat' dir='ltr'><strong>Animadverte</strong></span> <span class='ocrx_word' id='word_1_188' title='bbox 1242 2567 1401 2624; x_wconf 90' lang='lat' dir='ltr'><strong>porro</strong></span> <span class='ocrx_word' id='word_1_189' title='bbox 1447 2552 1594 2607; x_wconf 88' lang='lat' dir='ltr'><strong>illum</strong></span> <span class='ocrx_word' id='word_1_190' title='bbox 1624 2565 1730 2604; x_wconf 93' lang='lat' dir='ltr'><strong>non</strong></span> <span class='ocrx_word' id='word_1_191' title='bbox 1763 2546 1923 2602; x_wconf 90' lang='lat' dir='ltr'><strong>modo</strong></span> <span class='ocrx_word' id='word_1_192' title='bbox 1959 2553 2018 2600; x_wconf 90' lang='lat' dir='ltr'><strong>ut</strong></span> <span class='ocrx_word' id='word_1_193' title='bbox 2055 2560 2174 2614; x_wconf 89' lang='lat' dir='ltr'><strong>per-</strong></span> 
     </span>
    </p>
   </div>
   <div class='ocr_carea' id='block_1_25' title="bbox 586 2638 2173 2721">
    <p class='ocr_par' dir='ltr' id='par_1_25' title="bbox 586 2638 2173 2721">
     <span class='ocr_line' id='line_1_25' title="bbox 586 2638 2173 2721; baseline -0.014 -10"><span class='ocrx_word' id='word_1_194' title='bbox 586 2657 820 2721; x_wconf 74' lang='lat' dir='ltr'><strong>cellerct,</strong></span> <span class='ocrx_word' id='word_1_195' title='bbox 852 2653 946 2710; x_wconf 88' lang='lat' dir='ltr'><strong>sed</strong></span> <span class='ocrx_word' id='word_1_196' title='bbox 976 2652 1136 2708; x_wconf 86' lang='lat' dir='ltr'><strong>etiam</strong></span> <span class='ocrx_word' id='word_1_197' title='bbox 1165 2656 1224 2703; x_wconf 91' lang='lat' dir='ltr'><strong>ut</strong></span> <span class='ocrx_word' id='word_1_198' title='bbox 1248 2646 1414 2717; x_wconf 81' lang='lat' dir='ltr'><strong>gratia</strong></span> <span class='ocrx_word' id='word_1_199' title='bbox 1449 2644 1702 2712; x_wconf 82' lang='lat' dir='ltr'><strong>repleret,</strong></span> <span class='ocrx_word' id='word_1_200' title='bbox 1735 2642 1786 2694; x_wconf 91' lang='lat' dir='ltr'><strong>in</strong></span> <span class='ocrx_word' id='word_1_201' title='bbox 1818 2638 2018 2710; x_wconf 88' lang='lat' dir='ltr'><strong>Spiritu</strong></span> <span class='ocrx_word' id='word_1_202' title='bbox 2046 2653 2173 2691; x_wconf 80' lang='lat' dir='ltr'><strong>sau-</strong></span> 
     </span>
    </p>
   </div>
   <div class='ocr_carea' id='block_1_26' title="bbox 588 2729 2174 2817">
    <p class='ocr_par' dir='ltr' id='par_1_26' title="bbox 588 2729 2174 2817">
     <span class='ocr_line' id='line_1_26' title="bbox 588 2729 2174 2817; baseline -0.013 -15"><span class='ocrx_word' id='word_1_203' title='bbox 588 2758 673 2802; x_wconf 74' lang='grc' dir='ltr'><strong>(ιιι)</strong></span> <span class='ocrx_word' id='word_1_204' title='bbox 700 2756 756 2803; x_wconf 92' lang='lat' dir='ltr'><strong>et</strong></span> <span class='ocrx_word' id='word_1_205' title='bbox 785 2745 896 2817; x_wconf 80' lang='lat' dir='ltr'><strong>igni</strong></span> <span class='ocrx_word' id='word_1_206' title='bbox 920 2743 1129 2799; x_wconf 80' lang='lat' dir='ltr'><strong>venisse</strong></span> <span class='ocrx_word' id='word_1_207' title='bbox 1159 2759 1172 2795; x_wconf 90' lang='lat'>:</span> <span class='ocrx_word' id='word_1_208' title='bbox 1202 2737 1471 2808; x_wconf 76' lang='lat' dir='ltr'><strong>subiungit</strong></span> <span class='ocrx_word' id='word_1_209' title='bbox 1492 2735 1656 2798; x_wconf 87' lang='lat' dir='ltr'><strong>enim,</strong></span> <span class='ocrx_word' id='word_1_210' title='bbox 1689 2733 1742 2787; x_wconf 70' lang='grc'><strong>4.</strong></span> <span class='ocrx_word' id='word_1_211' title='bbox 1775 2731 1837 2784; x_wconf 75' lang='lat' dir='ltr'><strong>Et</strong></span> <span class='ocrx_word' id='word_1_212' title='bbox 1862 2729 2036 2800; x_wconf 88' lang='lat' dir='ltr'><strong>repleti</strong></span> <span class='ocrx_word' id='word_1_213' title='bbox 2058 2739 2174 2781; x_wconf 86' lang='lat' dir='ltr'><strong>sunt</strong></span> 
     </span>
    </p>
   </div>
   <div class='ocr_carea' id='block_1_27' title="bbox 587 2820 2172 2907">
    <p class='ocr_par' dir='ltr' id='par_1_27' title="bbox 587 2820 2172 2907">
     <span class='ocr_line' id='line_1_27' title="bbox 587 2820 2172 2907; baseline -0.014 -16"><span class='ocrx_word' id='word_1_214' title='bbox 587 2856 757 2894; x_wconf 81' lang='lat' dir='ltr'><strong>outnes</strong></span> <span class='ocrx_word' id='word_1_215' title='bbox 786 2836 983 2907; x_wconf 85' lang='lat' dir='ltr'><strong>Spiritu</strong></span> <span class='ocrx_word' id='word_1_216' title='bbox 1009 2830 1180 2888; x_wconf 76' lang='lat' dir='ltr'><strong>saneto</strong></span> <span class='ocrx_word' id='word_1_217' title='bbox 1201 2873 1215 2896; x_wconf 94' lang='lat'><strong>,</strong></span> <span class='ocrx_word' id='word_1_218' title='bbox 1257 2839 1303 2882; x_wconf 88' lang='lat' dir='ltr'><strong>et</strong></span> <span class='ocrx_word' id='word_1_219' title='bbox 1334 2834 1589 2898; x_wconf 80' lang='lat' dir='ltr'><strong>cceperunt</strong></span> <span class='ocrx_word' id='word_1_220' title='bbox 1618 2823 1754 2892; x_wconf 88' lang='lat' dir='ltr'><strong>loqui</strong></span> <span class='ocrx_word' id='word_1_221' title='bbox 1783 2821 1936 2876; x_wconf 81' lang='lat' dir='ltr'><strong>variis</strong></span> <span class='ocrx_word' id='word_1_222' title='bbox 1963 2820 2172 2891; x_wconf 78' lang='lat' dir='ltr'><strong>linguis,</strong></span> 
     </span>
    </p>
   </div>
   <div class='ocr_carea' id='block_1_28' title="bbox 586 2911 2174 2998">
    <p class='ocr_par' dir='ltr' id='par_1_28' title="bbox 586 2911 2174 2998">
     <span class='ocr_line' id='line_1_28' title="bbox 586 2911 2174 2998; baseline -0.014 -14"><span class='ocrx_word' id='word_1_223' title='bbox 586 2939 732 2998; x_wconf 83' lang='lat' dir='ltr'><strong>prout</strong></span> <span class='ocrx_word' id='word_1_224' title='bbox 763 2926 986 2997; x_wconf 80' lang='lat' dir='ltr'><strong>Spiritus</strong></span> <span class='ocrx_word' id='word_1_225' title='bbox 1015 2931 1218 2978; x_wconf 75' lang='lat' dir='ltr'><strong>sanctus</strong></span> <span class='ocrx_word' id='word_1_226' title='bbox 1245 2919 1397 2974; x_wconf 84' lang='lat' dir='ltr'><strong>dabat</strong></span> <span class='ocrx_word' id='word_1_227' title='bbox 1425 2917 1590 2985; x_wconf 81' lang='lat' dir='ltr'><strong>eloqui</strong></span> <span class='ocrx_word' id='word_1_228' title='bbox 1619 2915 1741 2969; x_wconf 81' lang='lat' dir='ltr'><strong>illis.</strong></span> <span class='ocrx_word' id='word_1_229' title='bbox 1786 2913 1901 2968; x_wconf 81' lang='lat' dir='ltr'><strong>Non</strong></span> <span class='ocrx_word' id='word_1_230' title='bbox 1929 2911 2070 2966; x_wconf 83' lang='lat' dir='ltr'><strong>aliud</strong></span> <span class='ocrx_word' id='word_1_231' title='bbox 2098 2911 2174 2963; x_wconf 87' lang='lat' dir='ltr'><strong>si-</strong></span> 
     </span>
    </p>
   </div>
   <div class='ocr_carea' id='block_1_29' title="bbox 535 3004 2170 3093">
    <p class='ocr_par' dir='ltr' id='par_1_29' title="bbox 535 3004 2170 3093">
     <span class='ocr_line' id='line_1_29' title="bbox 535 3004 2170 3093; baseline -0.013 -18"><span class='ocrx_word' id='word_1_232' title='bbox 585 3039 745 3093; x_wconf 78' lang='lat' dir='ltr'><strong>gnum</strong></span> <span class='ocrx_word' id='word_1_233' title='bbox 774 3018 1057 3087; x_wconf 87' lang='lat' dir='ltr'><strong>accipiunt.</strong></span> <span class='ocrx_word' id='word_1_234' title='bbox 1087 3014 1180 3069; x_wconf 90' lang='lat' dir='ltr'><strong>sed</strong></span> <span class='ocrx_word' id='word_1_235' title='bbox 1209 3013 1311 3067; x_wconf 89' lang='lat' dir='ltr'><strong>hoc</strong></span> <span class='ocrx_word' id='word_1_236' title='bbox 1339 3011 1569 3080; x_wconf 90' lang='lat' dir='ltr'><strong>primum</strong></span> <span class='ocrx_word' id='word_1_237' title='bbox 1595 3027 1607 3062; x_wconf 91' lang='lat'><strong>:</strong></span> <span class='ocrx_word' id='word_1_238' title='bbox 1638 3022 1834 3061; x_wconf 89' lang='lat' dir='ltr'><strong>novum</strong></span> <span class='ocrx_word' id='word_1_239' title='bbox 1865 3004 2007 3059; x_wconf 90' lang='lat' dir='ltr'><strong>enim</strong></span> <span class='ocrx_word' id='word_1_240' title='bbox 2036 3011 2170 3065; x_wconf 89' lang='lat' dir='ltr'><strong>crat,</strong></span> 
     </span>
    </p>
   </div>
   <div class='ocr_carea' id='block_1_30' title="bbox 551 3095 2176 3182">
    <p class='ocr_par' dir='ltr' id='par_1_30' title="bbox 551 3095 2176 3182">
     <span class='ocr_line' id='line_1_30' title="bbox 551 3095 2176 3182; baseline -0.012 -14"><span class='ocrx_word' id='word_1_241' title='bbox 551 3097 559 3106; x_wconf 62' lang='grc'><strong>’</strong></span> <span class='ocrx_word' id='word_1_242' title='bbox 590 3133 688 3170; x_wconf 77' lang='lat' dir='ltr'><strong>nec</strong></span> <span class='ocrx_word' id='word_1_243' title='bbox 728 3127 863 3182; x_wconf 88' lang='lat' dir='ltr'><strong>opus</strong></span> <span class='ocrx_word' id='word_1_244' title='bbox 891 3109 987 3164; x_wconf 76' lang='lat' dir='ltr'><strong>fuit</strong></span> <span class='ocrx_word' id='word_1_245' title='bbox 1016 3108 1120 3161; x_wconf 86' lang='lat' dir='ltr'><strong>alio</strong></span> <span class='ocrx_word' id='word_1_246' title='bbox 1146 3106 1320 3175; x_wconf 82' lang='lat' dir='ltr'><strong>signo.</strong></span> <span class='ocrx_word' id='word_1_247' title='bbox 1346 3102 1511 3166; x_wconf 89' lang='lat' dir='ltr'><strong>Sedit,</strong></span> <span class='ocrx_word' id='word_1_248' title='bbox 1541 3101 1733 3168; x_wconf 78' lang='lat' dir='ltr'><strong>inquit,</strong></span> <span class='ocrx_word' id='word_1_249' title='bbox 1766 3115 1922 3167; x_wconf 82' lang='lat' dir='ltr'><strong>supra</strong></span> <span class='ocrx_word' id='word_1_250' title='bbox 1951 3095 2176 3166; x_wconf 87' lang='lat' dir='ltr'><strong>singulos</strong></span> 
     </span>
    </p>
   </div>
   <div class='ocr_carea' id='block_1_31' title="bbox 587 3190 2177 3272">
    <p class='ocr_par' dir='ltr' id='par_1_31' title="bbox 587 3190 2177 3272">
     <span class='ocr_line' id='line_1_31' title="bbox 587 3190 2177 3272; baseline -0.011 -12"><span class='ocrx_word' id='word_1_251' title='bbox 587 3222 780 3260; x_wconf 75' lang='lat' dir='ltr'><strong>eorum.</strong></span> <span class='ocrx_word' id='word_1_252' title='bbox 807 3204 945 3272; x_wconf 84' lang='lat' dir='ltr'><strong>Ergo</strong></span> <span class='ocrx_word' id='word_1_253' title='bbox 972 3199 1129 3255; x_wconf 88' lang='lat' dir='ltr'><strong>etiam</strong></span> <span class='ocrx_word' id='word_1_254' title='bbox 1170 3211 1330 3264; x_wconf 81' lang='lat' dir='ltr'><strong>supra</strong></span> <span class='ocrx_word' id='word_1_255' title='bbox 1359 3195 1530 3256; x_wconf 86' lang='lat' dir='ltr'><strong>illum,</strong></span> <span class='ocrx_word' id='word_1_256' title='bbox 1560 3193 1650 3262; x_wconf 87' lang='lat' dir='ltr'><strong>qui</strong></span> <span class='ocrx_word' id='word_1_257' title='bbox 1685 3193 1888 3247; x_wconf 78' lang='lat' dir='ltr'><strong>electus</strong></span> <span class='ocrx_word' id='word_1_258' title='bbox 1917 3206 2020 3243; x_wconf 91' lang='lat' dir='ltr'><strong>non</strong></span> <span class='ocrx_word' id='word_1_259' title='bbox 2065 3190 2177 3242; x_wconf 83' lang='lat' dir='ltr'><strong>luc-</strong></span> 
     </span>
    </p>
   </div>
   <div class='ocr_carea' id='block_1_32' title="bbox 588 3279 2177 3362">
    <p class='ocr_par' dir='ltr' id='par_1_32' title="bbox 588 3279 2177 3362">
     <span class='ocr_line' id='line_1_32' title="bbox 588 3279 2177 3362; baseline -0.013 -9"><span class='ocrx_word' id='word_1_260' title='bbox 588 3308 691 3353; x_wconf 78' lang='lat' dir='ltr'><strong>r.it.</strong></span> <span class='ocrx_word' id='word_1_261' title='bbox 738 3297 859 3351; x_wconf 90' lang='lat' dir='ltr'><strong>Ideo</strong></span> <span class='ocrx_word' id='word_1_262' title='bbox 885 3310 988 3348; x_wconf 91' lang='lat' dir='ltr'><strong>non</strong></span> <span class='ocrx_word' id='word_1_263' title='bbox 1010 3291 1119 3362; x_wconf 86' lang='lat' dir='ltr'><strong>jam</strong></span> <span class='ocrx_word' id='word_1_264' title='bbox 1155 3288 1302 3344; x_wconf 81' lang='lat' dir='ltr'><strong>dolet</strong></span> <span class='ocrx_word' id='word_1_265' title='bbox 1344 3285 1485 3358; x_wconf 90' lang='lat' dir='ltr'><strong>quod</strong></span> <span class='ocrx_word' id='word_1_266' title='bbox 1531 3299 1638 3340; x_wconf 91' lang='lat' dir='ltr'><strong>non</strong></span> <span class='ocrx_word' id='word_1_267' title='bbox 1670 3284 1875 3339; x_wconf 85' lang='lat' dir='ltr'><strong>electus</strong></span> <span class='ocrx_word' id='word_1_268' title='bbox 1923 3279 2081 3335; x_wconf 78' lang='lat' dir='ltr'><strong>fuerit</strong></span> <span class='ocrx_word' id='word_1_269' title='bbox 2122 3288 2177 3333; x_wconf 91' lang='lat' dir='ltr'><strong>ut</strong></span> 
     </span>
    </p>
   </div>
   <div class='ocr_carea' id='block_1_33' title="bbox 585 3373 2173 3453">
    <p class='ocr_par' dir='ltr' id='par_1_33' title="bbox 585 3373 2173 3453">
     <span class='ocr_line' id='line_1_33' title="bbox 585 3373 2173 3453; baseline -0.015 -5"><span class='ocrx_word' id='word_1_270' title='bbox 585 3391 838 3448; x_wconf 70' lang='lat' dir='ltr'><strong>Matthias</strong></span> <span class='ocrx_word' id='word_1_271' title='bbox 858 3386 972 3441; x_wconf 77' lang='lat' dir='ltr'><strong>&#39;.Et</strong></span> <span class='ocrx_word' id='word_1_272' title='bbox 1004 3383 1183 3453; x_wconf 85' lang='lat' dir='ltr'><strong>repleti</strong></span> <span class='ocrx_word' id='word_1_273' title='bbox 1205 3390 1342 3444; x_wconf 87' lang='lat' dir='ltr'><strong>sunt,</strong></span> <span class='ocrx_word' id='word_1_274' title='bbox 1366 3379 1556 3449; x_wconf 80' lang='lat' dir='ltr'><strong>inquit,</strong></span> <span class='ocrx_word' id='word_1_275' title='bbox 1582 3393 1774 3432; x_wconf 81' lang='lat' dir='ltr'><strong>omnes.</strong></span> <span class='ocrx_word' id='word_1_276' title='bbox 1804 3374 1918 3430; x_wconf 84' lang='lat' dir='ltr'><strong>Non</strong></span> <span class='ocrx_word' id='word_1_277' title='bbox 1950 3373 2173 3444; x_wconf 77' lang='lat' dir='ltr'><strong>gratiam</strong></span> 
     </span>
    </p>
   </div>
   <div class='ocr_carea' id='block_1_34' title="bbox 587 3465 2172 3552">
    <p class='ocr_par' dir='ltr' id='par_1_34' title="bbox 587 3465 2172 3552">
     <span class='ocr_line' id='line_1_34' title="bbox 587 3465 2172 3552; baseline -0.016 -14"><span class='ocrx_word' id='word_1_278' title='bbox 587 3483 818 3552; x_wconf 72' lang='lat' dir='ltr'><strong>Spiritus</strong></span> <span class='ocrx_word' id='word_1_279' title='bbox 847 3475 1159 3549; x_wconf 89' lang='lat' dir='ltr'><strong>simplici:er</strong></span> <span class='ocrx_word' id='word_1_280' title='bbox 1199 3478 1541 3542; x_wconf 85' lang='lat' dir='ltr'><strong>acceperunt,</strong></span> <span class='ocrx_word' id='word_1_281' title='bbox 1569 3468 1661 3522; x_wconf 83' lang='lat' dir='ltr'><strong>sed</strong></span> <span class='ocrx_word' id='word_1_282' title='bbox 1691 3467 1778 3521; x_wconf 92' lang='lat' dir='ltr'><strong>illa</strong></span> <span class='ocrx_word' id='word_1_283' title='bbox 1806 3465 1994 3533; x_wconf 75' lang='lat' dir='ltr'><strong>repleti</strong></span> <span class='ocrx_word' id='word_1_284' title='bbox 2029 3473 2172 3517; x_wconf 90' lang='lat' dir='ltr'><strong>sunt.</strong></span> 
     </span>
    </p>
   </div>
   <div class='ocr_carea' id='block_1_35' title="bbox 593 3560 2178 3642">
    <p class='ocr_par' dir='ltr' id='par_1_35' title="bbox 593 3560 2178 3642">
     <span class='ocr_line' id='line_1_35' title="bbox 593 3560 2178 3642; baseline -0.013 -14"><span class='ocrx_word' id='word_1_285' title='bbox 593 3575 660 3628; x_wconf 73' lang='lat' dir='ltr'><strong>Et</strong></span> <span class='ocrx_word' id='word_1_286' title='bbox 691 3580 946 3642; x_wconf 73' lang='lat' dir='ltr'><strong>cwperunt</strong></span> <span class='ocrx_word' id='word_1_287' title='bbox 973 3569 1109 3640; x_wconf 86' lang='lat' dir='ltr'><strong>loqui</strong></span> <span class='ocrx_word' id='word_1_288' title='bbox 1133 3567 1284 3620; x_wconf 81' lang='lat' dir='ltr'><strong>uariis</strong></span> <span class='ocrx_word' id='word_1_289' title='bbox 1307 3564 1519 3634; x_wconf 83' lang='lat' dir='ltr'><strong>linguis,</strong></span> <span class='ocrx_word' id='word_1_290' title='bbox 1545 3570 1691 3630; x_wconf 84' lang='lat' dir='ltr'><strong>prout</strong></span> <span class='ocrx_word' id='word_1_291' title='bbox 1722 3560 1944 3628; x_wconf 81' lang='lat' dir='ltr'><strong>Spiritus</strong></span> <span class='ocrx_word' id='word_1_292' title='bbox 1975 3567 2178 3611; x_wconf 82' lang='lat' dir='ltr'><strong>sanctus</strong></span> 
     </span>
    </p>
   </div>
   <div class='ocr_carea' id='block_1_36' title="bbox 591 3653 2180 3732">
    <p class='ocr_par' dir='ltr' id='par_1_36' title="bbox 591 3653 2180 3732">
     <span class='ocr_line' id='line_1_36' title="bbox 591 3653 2180 3732; baseline -0.012 -12"><span class='ocrx_word' id='word_1_293' title='bbox 591 3667 742 3720; x_wconf 78' lang='lat' dir='ltr'><strong>dabat</strong></span> <span class='ocrx_word' id='word_1_294' title='bbox 765 3664 929 3732; x_wconf 87' lang='lat' dir='ltr'><strong>eloqui</strong></span> <span class='ocrx_word' id='word_1_295' title='bbox 956 3662 1078 3715; x_wconf 83' lang='lat' dir='ltr'><strong>illis.</strong></span> <span class='ocrx_word' id='word_1_296' title='bbox 1108 3659 1220 3715; x_wconf 85' lang='lat' dir='ltr'><strong>Non</strong></span> <span class='ocrx_word' id='word_1_297' title='bbox 1254 3657 1496 3720; x_wconf 82' lang='lat' dir='ltr'><strong>dixisset,</strong></span> <span class='ocrx_word' id='word_1_298' title='bbox 1546 3653 1753 3721; x_wconf 84' lang='lat' dir='ltr'><strong>Omnes,</strong></span> <span class='ocrx_word' id='word_1_299' title='bbox 1785 3653 1908 3707; x_wconf 81' lang='lat' dir='ltr'><strong>licet</strong></span> <span class='ocrx_word' id='word_1_300' title='bbox 1945 3665 2180 3721; x_wconf 60' lang='lat' dir='ltr'><strong>praesen-</strong></span> 
     </span>
    </p>
   </div>
   <div class='ocr_carea' id='block_1_37' title="bbox 591 3741 2176 3822">
    <p class='ocr_par' dir='ltr' id='par_1_37' title="bbox 591 3741 2176 3822">
     <span class='ocr_line' id='line_1_37' title="bbox 591 3741 2176 3822; baseline -0.011 -11"><span class='ocrx_word' id='word_1_301' title='bbox 591 3751 1146 3822; x_wconf 79' lang='lat' dir='ltr'><strong>tesesseutapostoli,</strong></span> <span class='ocrx_word' id='word_1_302' title='bbox 1194 3749 1293 3804; x_wconf 81' lang='lat' dir='ltr'><strong>nisi</strong></span> <span class='ocrx_word' id='word_1_303' title='bbox 1339 3748 1427 3802; x_wconf 83' lang='lat' dir='ltr'><strong>alii</strong></span> <span class='ocrx_word' id='word_1_304' title='bbox 1471 3761 1684 3816; x_wconf 89' lang='lat' dir='ltr'><strong>quoque</strong></span> <span class='ocrx_word' id='word_1_305' title='bbox 1733 3744 2020 3815; x_wconf 83' lang='lat' dir='ltr'><strong>participes</strong></span> <span class='ocrx_word' id='word_1_306' title='bbox 2048 3741 2176 3795; x_wconf 83' lang='lat' dir='ltr'><strong>luis-</strong></span> 
     </span>
    </p>
   </div>
   <div class='ocr_carea' id='block_1_38' title="bbox 591 3835 2179 3915">
    <p class='ocr_par' dir='ltr' id='par_1_38' title="bbox 591 3835 2179 3915">
     <span class='ocr_line' id='line_1_38' title="bbox 591 3835 2179 3915; baseline -0.009 -13"><span class='ocrx_word' id='word_1_307' title='bbox 591 3859 730 3902; x_wconf 69' lang='lat' dir='ltr'><strong>si-ut.</strong></span> <span class='ocrx_word' id='word_1_308' title='bbox 765 3846 1014 3915; x_wconf 81' lang='lat' dir='ltr'><strong>Alioquin</strong></span> <span class='ocrx_word' id='word_1_309' title='bbox 1040 3853 1240 3906; x_wconf 88' lang='lat' dir='ltr'><strong>autem,</strong></span> <span class='ocrx_word' id='word_1_310' title='bbox 1271 3856 1390 3894; x_wconf 86' lang='lat' dir='ltr'><strong>eum</strong></span> <span class='ocrx_word' id='word_1_311' title='bbox 1439 3840 1558 3893; x_wconf 91' lang='lat' dir='ltr'><strong>illos</strong></span> <span class='ocrx_word' id='word_1_312' title='bbox 1585 3848 1708 3892; x_wconf 90' lang='lat' dir='ltr'><strong>ante</strong></span> <span class='ocrx_word' id='word_1_313' title='bbox 1747 3835 2059 3891; x_wconf 83' lang='lat' dir='ltr'><strong>nominatim</strong></span> <span class='ocrx_word' id='word_1_314' title='bbox 2092 3849 2179 3888; x_wconf 83' lang='lat' dir='ltr'><strong>re-</strong></span> 
     </span>
    </p>
   </div>
   <div class='ocr_carea' id='block_1_39' title="bbox 594 3924 2183 4000">
    <p class='ocr_par' dir='ltr' id='par_1_39' title="bbox 594 3924 2183 4000">
     <span class='ocr_line' id='line_1_39' title="bbox 594 3924 2183 4000; baseline -0.008 -10"><span class='ocrx_word' id='word_1_315' title='bbox 594 3938 916 4000; x_wconf 63' lang='lat' dir='ltr'><strong>rettulisset,</strong></span> <span class='ocrx_word' id='word_1_316' title='bbox 948 3948 1052 3988; x_wconf 90' lang='lat' dir='ltr'><strong>non</strong></span> <span class='ocrx_word' id='word_1_317' title='bbox 1085 3932 1203 3987; x_wconf 88' lang='lat' dir='ltr'><strong>illos</strong></span> <span class='ocrx_word' id='word_1_318' title='bbox 1229 3945 1369 3984; x_wconf 88' lang='lat' dir='ltr'><strong>nunc</strong></span> <span class='ocrx_word' id='word_1_319' title='bbox 1398 3943 1518 3983; x_wconf 83' lang='lat' dir='ltr'><strong>eum</strong></span> <span class='ocrx_word' id='word_1_320' title='bbox 1558 3928 1676 3982; x_wconf 88' lang='lat' dir='ltr'><strong>aliis</strong></span> <span class='ocrx_word' id='word_1_321' title='bbox 1712 3927 1961 3996; x_wconf 73' lang='lat' dir='ltr'><strong>iungeret</strong></span> <span class='ocrx_word' id='word_1_322' title='bbox 1998 3926 2050 3980; x_wconf 91' lang='lat' dir='ltr'><strong>in</strong></span> <span class='ocrx_word' id='word_1_323' title='bbox 2082 3924 2183 3979; x_wconf 88' lang='lat' dir='ltr'><strong>hoc</strong></span> 
     </span>
    </p>
   </div>
   <div class='ocr_carea' id='block_1_40' title="bbox 596 4015 2182 4100">
    <p class='ocr_par' dir='ltr' id='par_1_40' title="bbox 596 4015 2182 4100">
     <span class='ocr_line' id='line_1_40' title="bbox 596 4015 2182 4100; baseline -0.008 -17"><span class='ocrx_word' id='word_1_324' title='bbox 596 4030 832 4100; x_wconf 68' lang='lat' dir='ltr'><strong>negotio.</strong></span> <span class='ocrx_word' id='word_1_325' title='bbox 855 4025 986 4080; x_wconf 85' lang='lat' dir='ltr'><strong>Nam</strong></span> <span class='ocrx_word' id='word_1_326' title='bbox 1009 4025 1076 4091; x_wconf 83' lang='lat' dir='ltr'><strong>si,</strong></span> <span class='ocrx_word' id='word_1_327' title='bbox 1109 4023 1195 4078; x_wconf 91' lang='lat' dir='ltr'><strong>ubi</strong></span> <span class='ocrx_word' id='word_1_328' title='bbox 1220 4020 1501 4076; x_wconf 88' lang='lat' dir='ltr'><strong>diccndmn</strong></span> <span class='ocrx_word' id='word_1_329' title='bbox 1531 4027 1737 4073; x_wconf 85' lang='lat' dir='ltr'><strong>tantum</strong></span> <span class='ocrx_word' id='word_1_330' title='bbox 1766 4026 1884 4072; x_wconf 88' lang='lat' dir='ltr'><strong>erat</strong></span> <span class='ocrx_word' id='word_1_331' title='bbox 1908 4015 2182 4086; x_wconf 76' lang='lat' dir='ltr'><strong>apostolos</strong></span> 
     </span>
    </p>
   </div>
   <div class='ocr_carea' id='block_1_41' title="bbox 596 4106 2184 4188">
    <p class='ocr_par' dir='ltr' id='par_1_41' title="bbox 596 4106 2184 4188">
     <span class='ocr_line' id='line_1_41' title="bbox 596 4106 2184 4188; baseline -0.009 -12"><span class='ocrx_word' id='word_1_332' title='bbox 596 4122 853 4187; x_wconf 75' lang='lat' dir='ltr'><strong>adfuisse,</strong></span> <span class='ocrx_word' id='word_1_333' title='bbox 884 4120 1032 4188; x_wconf 88' lang='lat' dir='ltr'><strong>ipsos</strong></span> <span class='ocrx_word' id='word_1_334' title='bbox 1052 4115 1362 4171; x_wconf 88' lang='lat' dir='ltr'><strong>nominatim</strong></span> <span class='ocrx_word' id='word_1_335' title='bbox 1392 4110 1680 4176; x_wconf 89' lang='lat' dir='ltr'><strong>recensuit,</strong></span> <span class='ocrx_word' id='word_1_336' title='bbox 1715 4109 1881 4163; x_wconf 90' lang='lat' dir='ltr'><strong>multo</strong></span> <span class='ocrx_word' id='word_1_337' title='bbox 1905 4107 2074 4178; x_wconf 87' lang='lat' dir='ltr'><strong>magis</strong></span> <span class='ocrx_word' id='word_1_338' title='bbox 2097 4106 2184 4162; x_wconf 91' lang='lat' dir='ltr'><strong>hic</strong></span> 
     </span>
    </p>
   </div>
   <div class='ocr_carea' id='block_1_42' title="bbox 598 4210 1097 4268">
    <p class='ocr_par' dir='ltr' id='par_1_42' title="bbox 598 4210 1097 4268">
     <span class='ocr_line' id='line_1_42' title="bbox 598 4210 1097 4268; baseline -0.016 0"><span class='ocrx_word' id='word_1_339' title='bbox 598 4216 718 4268; x_wconf 81' lang='lat' dir='ltr'><strong>illos</strong></span> <span class='ocrx_word' id='word_1_340' title='bbox 746 4210 1097 4265; x_wconf 79' lang='lat' dir='ltr'><strong>distinxisset.</strong></span> 
     </span>
    </p>
   </div>
   <div class='ocr_carea' id='block_1_43' title="bbox 675 4290 2186 4372">
    <p class='ocr_par' dir='ltr' id='par_1_43' title="bbox 675 4290 2186 4372">
     <span class='ocr_line' id='line_1_43' title="bbox 675 4290 2186 4372; baseline -0.009 -13"><span class='ocrx_word' id='word_1_341' title='bbox 675 4303 900 4372; x_wconf 85' lang='lat' dir='ltr'><strong>Spiritus</strong></span> <span class='ocrx_word' id='word_1_342' title='bbox 945 4308 1148 4354; x_wconf 83' lang='lat' dir='ltr'><strong>sanctus</strong></span> <span class='ocrx_word' id='word_1_343' title='bbox 1190 4298 1240 4350; x_wconf 91' lang='lat' dir='ltr'><strong>in</strong></span> <span class='ocrx_word' id='word_1_344' title='bbox 1282 4305 1479 4350; x_wconf 81' lang='lat' dir='ltr'><strong>orantes</strong></span> <span class='ocrx_word' id='word_1_345' title='bbox 1525 4292 1800 4347; x_wconf 76' lang='lat' dir='ltr'><strong>descendit.</strong></span> <span class='ocrx_word' id='word_1_346' title='bbox 1830 4321 1900 4332; x_wconf 89' lang='lat'><strong>—</strong></span> <span class='ocrx_word' id='word_1_347' title='bbox 1927 4290 2186 4345; x_wconf 63' lang='lat' dir='ltr'><strong>Animado</strong></span> 
     </span>
    </p>
   </div>
   <div class='ocr_carea' id='block_1_44' title="bbox 601 4384 2182 4458">
    <p class='ocr_par' dir='ltr' id='par_1_44' title="bbox 601 4384 2182 4458">
     <span class='ocr_line' id='line_1_44' title="bbox 601 4384 2182 4458; baseline -0.007 -10"><span class='ocrx_word' id='word_1_348' title='bbox 601 4406 751 4450; x_wconf 86' lang='lat' dir='ltr'><strong>verte</strong></span> <span class='ocrx_word' id='word_1_349' title='bbox 778 4401 976 4453; x_wconf 89' lang='lat' dir='ltr'><strong>autem,</strong></span> <span class='ocrx_word' id='word_1_350' title='bbox 1020 4388 1286 4458; x_wconf 89' lang='lat' dir='ltr'><strong>quomodo</strong></span> <span class='ocrx_word' id='word_1_351' title='bbox 1323 4401 1442 4440; x_wconf 91' lang='lat' dir='ltr'><strong>cum</strong></span> <span class='ocrx_word' id='word_1_352' title='bbox 1475 4391 1819 4454; x_wconf 81' lang='lat' dir='ltr'><strong>perseverant</strong></span> <span class='ocrx_word' id='word_1_353' title='bbox 1842 4385 1892 4437; x_wconf 91' lang='lat' dir='ltr'><strong>in</strong></span> <span class='ocrx_word' id='word_1_354' title='bbox 1919 4384 2182 4447; x_wconf 87' lang='lat' dir='ltr'><strong>oratione,</strong></span> 
     </span>
    </p>
   </div>
   <div class='ocr_carea' id='block_1_45' title="bbox 602 4475 2185 4545">
    <p class='ocr_par' dir='ltr' id='par_1_45' title="bbox 602 4475 2185 4545">
     <span class='ocr_line' id='line_1_45' title="bbox 602 4475 2185 4545; baseline -0.008 -5"><span class='ocrx_word' id='word_1_355' title='bbox 602 4502 722 4540; x_wconf 88' lang='lat' dir='ltr'><strong>cum</strong></span> <span class='ocrx_word' id='word_1_356' title='bbox 765 4484 1040 4536; x_wconf 77' lang='lat' dir='ltr'><strong>caritatem</strong></span> <span class='ocrx_word' id='word_1_357' title='bbox 1078 4489 1288 4534; x_wconf 87' lang='lat' dir='ltr'><strong>servant</strong></span> <span class='ocrx_word' id='word_1_358' title='bbox 1314 4520 1327 4543; x_wconf 96' lang='lat'><strong>,</strong></span> <span class='ocrx_word' id='word_1_359' title='bbox 1370 4486 1494 4531; x_wconf 90' lang='lat' dir='ltr'><strong>tunc</strong></span> <span class='ocrx_word' id='word_1_360' title='bbox 1540 4477 1769 4545; x_wconf 88' lang='lat' dir='ltr'><strong>Spiritus</strong></span> <span class='ocrx_word' id='word_1_361' title='bbox 1812 4475 2078 4530; x_wconf 86' lang='lat' dir='ltr'><strong>adveniat.</strong></span> <span class='ocrx_word' id='word_1_362' title='bbox 2132 4475 2185 4528; x_wconf 92' lang='lat' dir='ltr'><strong>In</strong></span> 
     </span>
    </p>
   </div>
   <div class='ocr_carea' id='block_1_46' title="bbox 607 4567 2187 4634">
    <p class='ocr_par' dir='ltr' id='par_1_46' title="bbox 607 4567 2187 4634">
     <span class='ocr_line' id='line_1_46' title="bbox 607 4567 2187 4634; baseline -0.008 -2"><span class='ocrx_word' id='word_1_363' title='bbox 607 4576 922 4633; x_wconf 77' lang='lat' dir='ltr'><strong>memoriam</strong></span> <span class='ocrx_word' id='word_1_364' title='bbox 962 4573 1065 4627; x_wconf 89' lang='lat' dir='ltr'><strong>illis</strong></span> <span class='ocrx_word' id='word_1_365' title='bbox 1087 4577 1304 4626; x_wconf 84' lang='lat' dir='ltr'><strong>revocat</strong></span> <span class='ocrx_word' id='word_1_366' title='bbox 1328 4570 1551 4624; x_wconf 84' lang='lat' dir='ltr'><strong>alteram</strong></span> <span class='ocrx_word' id='word_1_367' title='bbox 1578 4569 1860 4634; x_wconf 88' lang='lat' dir='ltr'><strong>visionem,</strong></span> <span class='ocrx_word' id='word_1_368' title='bbox 1886 4584 2006 4623; x_wconf 87' lang='lat' dir='ltr'><strong>cum</strong></span> <span class='ocrx_word' id='word_1_369' title='bbox 2039 4567 2187 4634; x_wconf 84' lang='lat' dir='ltr'><strong>dicit,</strong></span> 
     </span>
    </p>
   </div>
   <div class='ocr_carea' id='block_1_47' title="bbox 608 4659 2192 4738">
    <p class='ocr_par' dir='ltr' id='par_1_47' title="bbox 608 4659 2192 4738">
     <span class='ocr_line' id='line_1_47' title="bbox 608 4659 2192 4738; baseline -0.008 -14"><span class='ocrx_word' id='word_1_370' title='bbox 608 4671 885 4738; x_wconf 75' lang='lat' dir='ltr'><strong>Tautquam</strong></span> <span class='ocrx_word' id='word_1_371' title='bbox 930 4666 1081 4736; x_wconf 81' lang='lat' dir='ltr'><strong>ignis.</strong></span> <span class='ocrx_word' id='word_1_372' title='bbox 1140 4663 1430 4731; x_wconf 86' lang='lat' dir='ltr'><strong>Tamquam</strong></span> <span class='ocrx_word' id='word_1_373' title='bbox 1475 4662 1610 4730; x_wconf 83' lang='lat' dir='ltr'><strong>ignis</strong></span> <span class='ocrx_word' id='word_1_374' title='bbox 1659 4659 1800 4714; x_wconf 90' lang='lat' dir='ltr'><strong>enim</strong></span> <span class='ocrx_word' id='word_1_375' title='bbox 1844 4659 2090 4728; x_wconf 86' lang='lat' dir='ltr'><strong>apparuit</strong></span> <span class='ocrx_word' id='word_1_376' title='bbox 2137 4659 2192 4712; x_wconf 92' lang='lat' dir='ltr'><strong>in</strong></span> 
     </span>
    </p>
   </div>
   <div class='ocr_carea' id='block_1_48' title="bbox 611 4751 2192 4827">
    <p class='ocr_par' dir='ltr' id='par_1_48' title="bbox 611 4751 2192 4827">
     <span class='ocr_line' id='line_1_48' title="bbox 611 4751 2192 4827; baseline -0.009 -10"><span class='ocrx_word' id='word_1_377' title='bbox 611 4763 765 4817; x_wconf 79' lang='lat' dir='ltr'><strong>rubo.</strong></span> <span class='ocrx_word' id='word_1_378' title='bbox 810 4757 974 4814; x_wconf 87' lang='lat' dir='ltr'><strong>Prout</strong></span> <span class='ocrx_word' id='word_1_379' title='bbox 1015 4755 1242 4827; x_wconf 85' lang='lat' dir='ltr'><strong>Spiritus</strong></span> <span class='ocrx_word' id='word_1_380' title='bbox 1283 4763 1486 4806; x_wconf 84' lang='lat' dir='ltr'><strong>sanctus</strong></span> <span class='ocrx_word' id='word_1_381' title='bbox 1529 4751 1678 4804; x_wconf 87' lang='lat' dir='ltr'><strong>dabat</strong></span> <span class='ocrx_word' id='word_1_382' title='bbox 1702 4752 1862 4820; x_wconf 87' lang='lat' dir='ltr'><strong>eloqui</strong></span> <span class='ocrx_word' id='word_1_383' title='bbox 1904 4752 2027 4806; x_wconf 86' lang='lat' dir='ltr'><strong>illis.</strong></span> <span class='ocrx_word' id='word_1_384' title='bbox 2062 4751 2192 4804; x_wconf 84' lang='lat' dir='ltr'><strong>Nam</strong></span> 
     </span>
    </p>
   </div>
   <div class='ocr_carea' id='block_1_49' title="bbox 609 4840 2195 4924">
    <p class='ocr_par' dir='ltr' id='par_1_49' title="bbox 609 4840 2195 4924">
     <span class='ocr_line' id='line_1_49' title="bbox 609 4840 2195 4924; baseline -0.009 -15"><span class='ocrx_word' id='word_1_385' title='bbox 609 4855 816 4924; x_wconf 84' lang='lat' dir='ltr'><strong>eloquia</strong></span> <span class='ocrx_word' id='word_1_386' title='bbox 842 4865 1024 4906; x_wconf 90' lang='lat' dir='ltr'><strong>eorum</strong></span> <span class='ocrx_word' id='word_1_387' title='bbox 1064 4847 1214 4918; x_wconf 87' lang='lat' dir='ltr'><strong>quasi</strong></span> <span class='ocrx_word' id='word_1_388' title='bbox 1258 4846 1703 4916; x_wconf 79' lang='lat' dir='ltr'><strong>apophthcgmata</strong></span> <span class='ocrx_word' id='word_1_389' title='bbox 1744 4854 1916 4898; x_wconf 86' lang='lat' dir='ltr'><strong>erant.</strong></span> <span class='ocrx_word' id='word_1_390' title='bbox 1946 4844 1998 4898; x_wconf 87' lang='grc'><strong>5.</strong></span> <span class='ocrx_word' id='word_1_391' title='bbox 2029 4840 2195 4895; x_wconf 87' lang='lat' dir='ltr'><strong>Erant</strong></span> 
     </span>
    </p>
   </div>
   <div class='ocr_carea' id='block_1_50' title="bbox 613 4933 2194 5007">
    <p class='ocr_par' dir='ltr' id='par_1_50' title="bbox 613 4933 2194 5007">
     <span class='ocr_line' id='line_1_50' title="bbox 613 4933 2194 5007; baseline -0.006 -8"><span class='ocrx_word' id='word_1_392' title='bbox 613 4956 779 5000; x_wconf 81' lang='lat' dir='ltr'><strong>autem</strong></span> <span class='ocrx_word' id='word_1_393' title='bbox 809 4945 861 4996; x_wconf 88' lang='lat' dir='ltr'><strong>in</strong></span> <span class='ocrx_word' id='word_1_394' title='bbox 888 4940 1194 5003; x_wconf 78' lang='lat' dir='ltr'><strong>Jerusalem,</strong></span> <span class='ocrx_word' id='word_1_395' title='bbox 1225 4938 1414 5007; x_wconf 84' lang='lat' dir='ltr'><strong>inquit,</strong></span> <span class='ocrx_word' id='word_1_396' title='bbox 1451 4937 1729 4990; x_wconf 82' lang='lat' dir='ltr'><strong>habitantes</strong></span> <span class='ocrx_word' id='word_1_397' title='bbox 1753 4933 1926 4990; x_wconf 61' lang='grc' dir='ltr'><em>,ἔτιάωὶ</em></span> <span class='ocrx_word' id='word_1_398' title='bbox 1957 4938 2049 4990; x_wconf 83' lang='lat' dir='ltr'><strong>viri</strong></span> <span class='ocrx_word' id='word_1_399' title='bbox 2079 4937 2194 4989; x_wconf 82' lang='lat' dir='ltr'><strong>reli-</strong></span> 
     </span>
    </p>
   </div>
   <div class='ocr_carea' id='block_1_51' title="bbox 610 5029 2194 5108">
    <p class='ocr_par' dir='ltr' id='par_1_51' title="bbox 610 5029 2194 5108">
     <span class='ocr_line' id='line_1_51' title="bbox 610 5029 2194 5108; baseline -0.005 -17"><span class='ocrx_word' id='word_1_400' title='bbox 610 5039 754 5108; x_wconf 76' lang='lat' dir='ltr'><strong>giosi.</strong></span> <span class='ocrx_word' id='word_1_401' title='bbox 779 5036 900 5090; x_wconf 70' lang='lat' dir='ltr'><strong>&quot;iCC</strong></span> <span class='ocrx_word' id='word_1_402' title='bbox 927 5033 1183 5087; x_wconf 88' lang='lat' dir='ltr'><strong>habitatio</strong></span> <span class='ocrx_word' id='word_1_403' title='bbox 1213 5032 1422 5100; x_wconf 84' lang='lat' dir='ltr'><strong>signum</strong></span> <span class='ocrx_word' id='word_1_404' title='bbox 1453 5029 1720 5099; x_wconf 78' lang='lat' dir='ltr'><strong>religionis</strong></span> <span class='ocrx_word' id='word_1_405' title='bbox 1743 5029 2194 5096; x_wconf 77' lang='lat' dir='ltr'><strong>er;it.Qnmuodo‘l</strong></span> 
     </span>
    </p>
   </div>
   <div class='ocr_carea' id='block_1_52' title="bbox 610 5121 2198 5190">
    <p class='ocr_par' dir='ltr' id='par_1_52' title="bbox 610 5121 2198 5190">
     <span class='ocr_line' id='line_1_52' title="bbox 610 5121 2198 5190; baseline -0.005 -7"><span class='ocrx_word' id='word_1_406' title='bbox 610 5135 741 5185; x_wconf 71' lang='lat' dir='ltr'><strong>tium</strong></span> <span class='ocrx_word' id='word_1_407' title='bbox 774 5146 804 5186; x_wconf 89' lang='lat' dir='ltr'><strong>e</strong></span> <span class='ocrx_word' id='word_1_408' title='bbox 832 5138 909 5183; x_wconf 87' lang='lat' dir='ltr'><strong>tot</strong></span> <span class='ocrx_word' id='word_1_409' title='bbox 939 5126 1241 5181; x_wconf 89' lang='lat' dir='ltr'><strong>nationibus</strong></span> <span class='ocrx_word' id='word_1_410' title='bbox 1269 5131 1468 5187; x_wconf 88' lang='lat' dir='ltr'><strong>essent,</strong></span> <span class='ocrx_word' id='word_1_411' title='bbox 1499 5122 1746 5190; x_wconf 88' lang='lat' dir='ltr'><strong>patriam,</strong></span> <span class='ocrx_word' id='word_1_412' title='bbox 1766 5121 1974 5186; x_wconf 90' lang='lat' dir='ltr'><strong>domos,</strong></span> <span class='ocrx_word' id='word_1_413' title='bbox 2004 5137 2198 5190; x_wconf 84' lang='lat' dir='ltr'><strong>cogna-</strong></span> 
     </span>
    </p>
   </div>
   <div class='ocr_carea' id='block_1_53' title="bbox 615 5212 2202 5289">
    <p class='ocr_par' dir='ltr' id='par_1_53' title="bbox 615 5212 2202 5289">
     <span class='ocr_line' id='line_1_53' title="bbox 615 5212 2202 5289; baseline -0.006 -14"><span class='ocrx_word' id='word_1_414' title='bbox 615 5234 696 5276; x_wconf 82' lang='lat' dir='ltr'><strong>los</strong></span> <span class='ocrx_word' id='word_1_415' title='bbox 738 5222 1083 5289; x_wconf 86' lang='lat' dir='ltr'><strong>reliquerant,</strong></span> <span class='ocrx_word' id='word_1_416' title='bbox 1117 5227 1163 5272; x_wconf 89' lang='lat' dir='ltr'><strong>et</strong></span> <span class='ocrx_word' id='word_1_417' title='bbox 1198 5216 1305 5270; x_wconf 90' lang='lat' dir='ltr'><strong>illic</strong></span> <span class='ocrx_word' id='word_1_418' title='bbox 1345 5214 1671 5267; x_wconf 85' lang='lat' dir='ltr'><strong>habitabant.</strong></span> <span class='ocrx_word' id='word_1_419' title='bbox 1715 5212 1845 5266; x_wconf 77' lang='lat' dir='ltr'><strong>Nam</strong></span> <span class='ocrx_word' id='word_1_420' title='bbox 1892 5213 1963 5266; x_wconf 90' lang='lat' dir='ltr'><strong>ait</strong></span> <span class='ocrx_word' id='word_1_421' title='bbox 1995 5232 2005 5265; x_wconf 93' lang='lat'>:</span> <span class='ocrx_word' id='word_1_422' title='bbox 2042 5213 2202 5267; x_wconf 83' lang='lat' dir='ltr'><strong>Erant</strong></span> 
     </span>
    </p>
   </div>
   <div class='ocr_carea' id='block_1_54' title="bbox 615 5304 2203 5374">
    <p class='ocr_par' dir='ltr' id='par_1_54' title="bbox 615 5304 2203 5374">
     <span class='ocr_line' id='line_1_54' title="bbox 615 5304 2203 5374; baseline -0.006 -7"><span class='ocrx_word' id='word_1_423' title='bbox 615 5316 666 5367; x_wconf 91' lang='lat' dir='ltr'><strong>in</strong></span> <span class='ocrx_word' id='word_1_424' title='bbox 709 5311 998 5366; x_wconf 79' lang='lat' dir='ltr'><strong>Jerusalem</strong></span> <span class='ocrx_word' id='word_1_425' title='bbox 1047 5309 1322 5361; x_wconf 88' lang='lat' dir='ltr'><strong>habitantes</strong></span> <span class='ocrx_word' id='word_1_426' title='bbox 1352 5305 1540 5367; x_wconf 75' lang='lat' dir='ltr'><strong>Judaei,</strong></span> <span class='ocrx_word' id='word_1_427' title='bbox 1569 5305 1662 5357; x_wconf 83' lang='lat' dir='ltr'><strong>viri</strong></span> <span class='ocrx_word' id='word_1_428' title='bbox 1700 5304 1944 5374; x_wconf 84' lang='lat' dir='ltr'><strong>religiosi,</strong></span> <span class='ocrx_word' id='word_1_429' title='bbox 1974 5321 2035 5357; x_wconf 76' lang='lat' dir='ltr'><strong>ex</strong></span> <span class='ocrx_word' id='word_1_430' title='bbox 2066 5306 2203 5357; x_wconf 89' lang='lat' dir='ltr'><strong>omni</strong></span> 
     </span>
    </p>
   </div>
   <div class='ocr_carea' id='block_1_55' title="bbox 618 5395 2205 5469">
    <p class='ocr_par' dir='ltr' id='par_1_55' title="bbox 618 5395 2205 5469">
     <span class='ocr_line' id='line_1_55' title="bbox 618 5395 2205 5469; baseline -0.003 -12"><span class='ocrx_word' id='word_1_431' title='bbox 618 5406 838 5468; x_wconf 85' lang='lat' dir='ltr'><strong>natione,</strong></span> <span class='ocrx_word' id='word_1_432' title='bbox 881 5415 995 5469; x_wconf 78' lang='lat' dir='ltr'><strong>qua:</strong></span> <span class='ocrx_word' id='word_1_433' title='bbox 1034 5401 1125 5453; x_wconf 90' lang='lat' dir='ltr'><strong>sub</strong></span> <span class='ocrx_word' id='word_1_434' title='bbox 1171 5399 1292 5453; x_wconf 79' lang='lat' dir='ltr'><strong>cazlo</strong></span> <span class='ocrx_word' id='word_1_435' title='bbox 1332 5409 1422 5452; x_wconf 84' lang='lat' dir='ltr'><strong>est.</strong></span> <span class='ocrx_word' id='word_1_436' title='bbox 1455 5398 1506 5452; x_wconf 78' lang='grc' dir='ltr'><strong>ϐ.</strong></span> <span class='ocrx_word' id='word_1_437' title='bbox 1537 5395 1696 5450; x_wconf 82' lang='lat' dir='ltr'><strong>Facta</strong></span> <span class='ocrx_word' id='word_1_438' title='bbox 1741 5409 1909 5451; x_wconf 84' lang='lat' dir='ltr'><strong>autem</strong></span> <span class='ocrx_word' id='word_1_439' title='bbox 1956 5399 2050 5450; x_wconf 87' lang='lat' dir='ltr'><strong>hac</strong></span> <span class='ocrx_word' id='word_1_440' title='bbox 2088 5414 2205 5453; x_wconf 83' lang='lat' dir='ltr'><strong>roce</strong></span> 
     </span>
    </p>
   </div>
   <div class='ocr_carea' id='block_1_56' title="bbox 619 5488 2204 5557">
    <p class='ocr_par' dir='ltr' id='par_1_56' title="bbox 619 5488 2204 5557">
     <span class='ocr_line' id='line_1_56' title="bbox 619 5488 2204 5557; baseline -0.003 -9"><span class='ocrx_word' id='word_1_441' title='bbox 619 5497 846 5549; x_wconf 76' lang='lat' dir='ltr'><strong>renuenit</strong></span> <span class='ocrx_word' id='word_1_442' title='bbox 875 5493 1163 5557; x_wconf 86' lang='lat' dir='ltr'><strong>multitudo,</strong></span> <span class='ocrx_word' id='word_1_443' title='bbox 1187 5500 1231 5544; x_wconf 87' lang='lat' dir='ltr'><strong>et</strong></span> <span class='ocrx_word' id='word_1_444' title='bbox 1259 5501 1418 5542; x_wconf 88' lang='lat' dir='ltr'><strong>mente</strong></span> <span class='ocrx_word' id='word_1_445' title='bbox 1447 5491 1658 5557; x_wconf 79' lang='lat' dir='ltr'><strong>confusa</strong></span> <span class='ocrx_word' id='word_1_446' title='bbox 1681 5497 1769 5541; x_wconf 83' lang='lat' dir='ltr'><strong>est.</strong></span> <span class='ocrx_word' id='word_1_447' title='bbox 1796 5488 1929 5556; x_wconf 89' lang='lat' dir='ltr'><strong>Quia</strong></span> <span class='ocrx_word' id='word_1_448' title='bbox 1960 5489 2009 5542; x_wconf 93' lang='lat' dir='ltr'><strong>in</strong></span> <span class='ocrx_word' id='word_1_449' title='bbox 2044 5489 2204 5543; x_wconf 90' lang='lat' dir='ltr'><strong>domo</strong></span> 
     </span>
    </p>
   </div>
   <div class='ocr_carea' id='block_1_57' title="bbox 572 5579 2208 5657">
    <p class='ocr_par' dir='ltr' id='par_1_57' title="bbox 572 5579 2208 5657">
     <span class='ocr_line' id='line_1_57' title="bbox 572 5579 2208 5657; baseline -0.004 -15"><span class='ocrx_word' id='word_1_450' title='bbox 572 5590 574 5592; x_wconf 71' lang='grc'>’</span> <span class='ocrx_word' id='word_1_451' title='bbox 626 5604 711 5642; x_wconf 87' lang='lat' dir='ltr'><strong>res</strong></span> <span class='ocrx_word' id='word_1_452' title='bbox 739 5595 886 5657; x_wconf 82' lang='lat' dir='ltr'><strong>gesta</strong></span> <span class='ocrx_word' id='word_1_453' title='bbox 914 5594 1014 5650; x_wconf 87' lang='lat' dir='ltr'><strong>est,</strong></span> <span class='ocrx_word' id='word_1_454' title='bbox 1043 5584 1162 5653; x_wconf 83' lang='lat' dir='ltr'><strong>jure</strong></span> <span class='ocrx_word' id='word_1_455' title='bbox 1188 5583 1278 5652; x_wconf 87' lang='lat' dir='ltr'><strong>qui</strong></span> <span class='ocrx_word' id='word_1_456' title='bbox 1304 5580 1434 5634; x_wconf 83' lang='lat' dir='ltr'><strong>loris</strong></span> <span class='ocrx_word' id='word_1_457' title='bbox 1461 5586 1615 5633; x_wconf 88' lang='lat' dir='ltr'><strong>erant</strong></span> <span class='ocrx_word' id='word_1_458' title='bbox 1635 5581 2003 5634; x_wconf 88' lang='lat' dir='ltr'><strong>accurrebant.</strong></span> <span class='ocrx_word' id='word_1_459' title='bbox 2034 5579 2208 5636; x_wconf 85' lang='lat' dir='ltr'><strong>Mente</strong></span> 
     </span>
    </p>
   </div>
   <div class='ocr_carea' id='block_1_58' title="bbox 621 5671 2208 5743">
    <p class='ocr_par' dir='ltr' id='par_1_58' title="bbox 621 5671 2208 5743">
     <span class='ocr_line' id='line_1_58' title="bbox 621 5671 2208 5743; baseline -0.005 -10"><span class='ocrx_word' id='word_1_460' title='bbox 621 5679 842 5733; x_wconf 82' lang='lat' dir='ltr'><strong>contusa</strong></span> <span class='ocrx_word' id='word_1_461' title='bbox 876 5687 958 5732; x_wconf 89' lang='lat' dir='ltr'><strong>est</strong></span> <span class='ocrx_word' id='word_1_462' title='bbox 995 5675 1298 5730; x_wconf 88' lang='lat' dir='ltr'><strong>multitudo.</strong></span> <span class='ocrx_word' id='word_1_463' title='bbox 1321 5672 1460 5741; x_wconf 84' lang='lat' dir='ltr'><strong>Quid</strong></span> <span class='ocrx_word' id='word_1_464' title='bbox 1504 5671 1760 5741; x_wconf 73' lang='lat' dir='ltr'><strong>signiﬁcat</strong></span> <span class='ocrx_word' id='word_1_465' title='bbox 1799 5671 1950 5741; x_wconf 87' lang='lat' dir='ltr'><strong>illud,</strong></span> <span class='ocrx_word' id='word_1_466' title='bbox 1985 5673 2208 5743; x_wconf 78' lang='lat' dir='ltr'><strong>Confusa</strong></span> 
     </span>
    </p>
   </div>
   <div class='ocr_carea' id='block_1_59' title="bbox 684 5807 2210 5884">
    <p class='ocr_par' dir='ltr' id='par_1_59' title="bbox 684 5807 2210 5884">
     <span class='ocr_line' id='line_1_59' title="bbox 684 5807 2210 5884; baseline -0.003 -21"><span class='ocrx_word' id='word_1_467' title='bbox 684 5820 708 5884; x_wconf 30' lang='lat' dir='ltr'><strong>It.</strong></span> <span class='ocrx_word' id='word_1_468' title='bbox 746 5814 830 5864; x_wconf 73' lang='lat' dir='ltr'><strong>Alii</strong></span> <span class='ocrx_word' id='word_1_469' title='bbox 869 5815 1104 5875; x_wconf 75' lang='lat' dir='ltr'><strong>legunt...</strong></span> <span class='ocrx_word' id='word_1_470' title='bbox 1147 5830 1168 5884; x_wconf 61' lang='lat' dir='ltr'><strong>tt</strong></span> <span class='ocrx_word' id='word_1_471' title='bbox 1203 5825 1356 5884; x_wconf 61' lang='lat' dir='ltr'><strong>supra</strong></span> <span class='ocrx_word' id='word_1_472' title='bbox 1397 5807 1630 5884; x_wconf 45' lang='lat' dir='ltr'><strong>singulas.</strong></span> <span class='ocrx_word' id='word_1_473' title='bbox 1653 5820 1836 5857; x_wconf 74' lang='lat' dir='ltr'><strong>eorum.</strong></span> <span class='ocrx_word' id='word_1_474' title='bbox 1880 5811 2210 5877; x_wconf 57' lang='lat' dir='ltr'><strong>stonsia’era</strong></span> 
     </span>
    </p>
   </div>
   <div class='ocr_carea' id='block_1_60' title="bbox 626 5871 1960 5941">
    <p class='ocr_par' dir='ltr' id='par_1_60' title="bbox 626 5871 1960 5941">
     <span class='ocr_line' id='line_1_60' title="bbox 626 5871 1960 5941; baseline -0.005 -16"><span class='ocrx_word' id='word_1_475' title='bbox 626 5879 741 5927; x_wconf 65' lang='lat' dir='ltr'><strong>vuln</strong></span> <span class='ocrx_word' id='word_1_476' title='bbox 764 5871 995 5941; x_wconf 57' lang='lat' dir='ltr'><strong>quo-nouo</strong></span> <span class='ocrx_word' id='word_1_477' title='bbox 1020 5889 1110 5926; x_wconf 71' lang='lat' dir='ltr'><strong>non</strong></span> <span class='ocrx_word' id='word_1_478' title='bbox 1132 5873 1287 5924; x_wconf 64' lang='lat' dir='ltr'><strong>lloiz&#39;lll</strong></span> <span class='ocrx_word' id='word_1_479' title='bbox 1320 5874 1444 5931; x_wconf 81' lang='lat' dir='ltr'><strong>quod</strong></span> <span class='ocrx_word' id='word_1_480' title='bbox 1475 5871 1567 5922; x_wconf 83' lang='lat' dir='ltr'><strong>non</strong></span> <span class='ocrx_word' id='word_1_481' title='bbox 1587 5871 1764 5922; x_wconf 68' lang='lat' dir='ltr'><strong>(lectus</strong></span> <span class='ocrx_word' id='word_1_482' title='bbox 1790 5871 1960 5928; x_wconf 72' lang='lat' dir='ltr'><strong>inerit.</strong></span> 
     </span>
    </p>
   </div>
   <div class='ocr_carea' id='block_1_61' title="bbox 3802 376 3880 433">
    <p class='ocr_par' dir='ltr' id='par_1_61' title="bbox 3802 376 3880 433">
     <span class='ocr_line' id='line_1_61' title="bbox 3802 376 3880 433; baseline 0.026 -2"><span class='ocrx_word' id='word_1_483' title='bbox 3802 376 3880 433; x_wconf 61' lang='lat' dir='ltr'><strong>ll</strong></span> 
     </span>
    </p>
   </div>
   <div class='ocr_carea' id='block_1_62' title="bbox 2269 510 3877 586">
    <p class='ocr_par' dir='ltr' id='par_1_62' title="bbox 2269 510 3877 586">
     <span class='ocr_line' id='line_1_62' title="bbox 2269 510 3877 586; baseline -0.009 -12"><span class='ocrx_word' id='word_1_484' title='bbox 2269 520 2386 574; x_wconf 80' lang='lat' dir='ltr'><strong>est.’</strong></span> <span class='ocrx_word' id='word_1_485' title='bbox 2433 519 2702 586; x_wconf 85' lang='lat' dir='ltr'><strong>Turbata,</strong></span> <span class='ocrx_word' id='word_1_486' title='bbox 2753 518 3014 574; x_wconf 88' lang='lat' dir='ltr'><strong>admirata</strong></span> <span class='ocrx_word' id='word_1_487' title='bbox 3058 525 3160 573; x_wconf 91' lang='lat' dir='ltr'><strong>est.</strong></span> <span class='ocrx_word' id='word_1_488' title='bbox 3206 513 3407 570; x_wconf 85' lang='lat' dir='ltr'><strong>Deinde</strong></span> <span class='ocrx_word' id='word_1_489' title='bbox 3453 510 3877 566; x_wconf 80' lang='lat' dir='ltr'><strong>admirationem</strong></span> 
     </span>
    </p>
   </div>
   <div class='ocr_carea' id='block_1_63' title="bbox 2271 603 3878 679">
    <p class='ocr_par' dir='ltr' id='par_1_63' title="bbox 2271 603 3878 679">
     <span class='ocr_line' id='line_1_63' title="bbox 2271 603 3878 679; baseline -0.011 -13"><span class='ocrx_word' id='word_1_490' title='bbox 2271 613 2412 666; x_wconf 88' lang='lat' dir='ltr'><strong>illam</strong></span> <span class='ocrx_word' id='word_1_491' title='bbox 2453 612 2734 667; x_wconf 79' lang='lat' dir='ltr'><strong>declarans</strong></span> <span class='ocrx_word' id='word_1_492' title='bbox 2767 612 2837 664; x_wconf 82' lang='lat' dir='ltr'><strong>ita</strong></span> <span class='ocrx_word' id='word_1_493' title='bbox 2873 611 3046 679; x_wconf 85' lang='lat' dir='ltr'><strong>pergit</strong></span> <span class='ocrx_word' id='word_1_494' title='bbox 3080 627 3093 661; x_wconf 91' lang='lat'><strong>:</strong></span> <span class='ocrx_word' id='word_1_495' title='bbox 3126 607 3379 676; x_wconf 84' lang='lat' dir='ltr'><strong>Quoniam</strong></span> <span class='ocrx_word' id='word_1_496' title='bbox 3424 603 3661 656; x_wconf 80' lang='lat' dir='ltr'><strong>audiebat</strong></span> <span class='ocrx_word' id='word_1_497' title='bbox 3705 615 3878 652; x_wconf 75' lang='lat' dir='ltr'><strong>unus-</strong></span> 
     </span>
    </p>
   </div>
   <div class='ocr_carea' id='block_1_64' title="bbox 2269 688 3879 771">
    <p class='ocr_par' dir='ltr' id='par_1_64' title="bbox 2269 688 3879 771">
     <span class='ocr_line' id='line_1_64' title="bbox 2269 688 3879 771; baseline -0.009 -16"><span class='ocrx_word' id='word_1_498' title='bbox 2269 703 2480 771; x_wconf 79' lang='lat' dir='ltr'><strong>quisque</strong></span> <span class='ocrx_word' id='word_1_499' title='bbox 2504 702 2678 771; x_wconf 82' lang='lat' dir='ltr'><strong>lingua</strong></span> <span class='ocrx_word' id='word_1_500' title='bbox 2718 717 2812 753; x_wconf 86' lang='lat' dir='ltr'><strong>sua</strong></span> <span class='ocrx_word' id='word_1_501' title='bbox 2837 701 2951 753; x_wconf 88' lang='lat' dir='ltr'><strong>illos</strong></span> <span class='ocrx_word' id='word_1_502' title='bbox 2977 700 3255 769; x_wconf 87' lang='lat' dir='ltr'><strong>loquentes.</strong></span> <span class='ocrx_word' id='word_1_503' title='bbox 3286 697 3339 749; x_wconf 78' lang='grc' dir='ltr'><strong>Ἰ.</strong></span> <span class='ocrx_word' id='word_1_504' title='bbox 3369 691 3436 747; x_wconf 83' lang='lat' dir='ltr'><strong>Et</strong></span> <span class='ocrx_word' id='word_1_505' title='bbox 3466 692 3699 746; x_wconf 76' lang='lat' dir='ltr'><strong>conuenit</strong></span> <span class='ocrx_word' id='word_1_506' title='bbox 3729 688 3879 742; x_wconf 61' lang='lat' dir='ltr'><strong>mu!-</strong></span> 
     </span>
    </p>
   </div>
   <div class='ocr_carea' id='block_1_65' title="bbox 2271 779 3883 856">
    <p class='ocr_par' dir='ltr' id='par_1_65' title="bbox 2271 779 3883 856">
     <span class='ocr_line' id='line_1_65' title="bbox 2271 779 3883 856; baseline -0.009 -10"><span class='ocrx_word' id='word_1_507' title='bbox 2271 792 2452 856; x_wconf 81' lang='lat' dir='ltr'><strong>titudo,</strong></span> <span class='ocrx_word' id='word_1_508' title='bbox 2477 803 2520 846; x_wconf 84' lang='lat' dir='ltr'><strong>et</strong></span> <span class='ocrx_word' id='word_1_509' title='bbox 2551 793 2681 845; x_wconf 84' lang='lat' dir='ltr'><strong>iuler</strong></span> <span class='ocrx_word' id='word_1_510' title='bbox 2710 808 2762 845; x_wconf 87' lang='lat' dir='ltr'><strong>se</strong></span> <span class='ocrx_word' id='word_1_511' title='bbox 2786 791 3018 846; x_wconf 84' lang='lat' dir='ltr'><strong>dicebant</strong></span> <span class='ocrx_word' id='word_1_512' title='bbox 3050 806 3068 843; x_wconf 96' lang='lat'><em>:</em></span> <span class='ocrx_word' id='word_1_513' title='bbox 3104 788 3290 843; x_wconf 81' lang='lat' dir='ltr'><strong>Nonne</strong></span> <span class='ocrx_word' id='word_1_514' title='bbox 3317 801 3428 841; x_wconf 79' lang='lat' dir='ltr'><strong>erce</strong></span> <span class='ocrx_word' id='word_1_515' title='bbox 3455 784 3541 838; x_wconf 81' lang='lat' dir='ltr'><strong>isti</strong></span> <span class='ocrx_word' id='word_1_516' title='bbox 3567 799 3767 837; x_wconf 79' lang='lat' dir='ltr'><strong>omnes.</strong></span> <span class='ocrx_word' id='word_1_517' title='bbox 3787 779 3883 850; x_wconf 72' lang='lat' dir='ltr'><strong>qui</strong></span> 
     </span>
    </p>
   </div>
   <div class='ocr_carea' id='block_1_66' title="bbox 2272 872 3883 953">
    <p class='ocr_par' dir='ltr' id='par_1_66' title="bbox 2272 872 3883 953">
     <span class='ocr_line' id='line_1_66' title="bbox 2272 872 3883 953; baseline -0.009 -17"><span class='ocrx_word' id='word_1_518' title='bbox 2272 888 2564 953; x_wconf 86' lang='lat' dir='ltr'><strong>loquuntur,</strong></span> <span class='ocrx_word' id='word_1_519' title='bbox 2616 881 2822 936; x_wconf 75' lang='lat' dir='ltr'><strong>Caliltvi</strong></span> <span class='ocrx_word' id='word_1_520' title='bbox 2859 883 3017 936; x_wconf 82' lang='lat' dir='ltr'><strong>sunt?</strong></span> <span class='ocrx_word' id='word_1_521' title='bbox 3049 881 3126 935; x_wconf 86' lang='lat' dir='ltr'><strong>Ad</strong></span> <span class='ocrx_word' id='word_1_522' title='bbox 3154 880 3429 950; x_wconf 81' lang='lat' dir='ltr'><strong>apostolos</strong></span> <span class='ocrx_word' id='word_1_523' title='bbox 3468 876 3646 930; x_wconf 76' lang='lat' dir='ltr'><strong>statim</strong></span> <span class='ocrx_word' id='word_1_524' title='bbox 3699 872 3883 940; x_wconf 83' lang='lat' dir='ltr'><strong>respi-</strong></span> 
     </span>
    </p>
   </div>
   <div class='ocr_carea' id='block_1_67' title="bbox 2272 964 3882 1044">
    <p class='ocr_par' dir='ltr' id='par_1_67' title="bbox 2272 964 3882 1044">
     <span class='ocr_line' id='line_1_67' title="bbox 2272 964 3882 1044; baseline -0.009 -16"><span class='ocrx_word' id='word_1_525' title='bbox 2272 975 2439 1029; x_wconf 83' lang='lat' dir='ltr'><strong>cim.t.</strong></span> <span class='ocrx_word' id='word_1_526' title='bbox 2471 974 2523 1028; x_wconf 86' lang='lat'><strong>8.</strong></span> <span class='ocrx_word' id='word_1_527' title='bbox 2568 973 2632 1027; x_wconf 78' lang='lat' dir='ltr'><strong>Et</strong></span> <span class='ocrx_word' id='word_1_528' title='bbox 2681 973 2931 1044; x_wconf 77' lang='lat' dir='ltr'><strong>quomodo</strong></span> <span class='ocrx_word' id='word_1_529' title='bbox 2961 988 3054 1026; x_wconf 89' lang='lat' dir='ltr'><strong>nos</strong></span> <span class='ocrx_word' id='word_1_530' title='bbox 3093 971 3331 1023; x_wconf 83' lang='lat' dir='ltr'><strong>audimus</strong></span> <span class='ocrx_word' id='word_1_531' title='bbox 3371 967 3719 1036; x_wconf 81' lang='lat' dir='ltr'><strong>unusquisque</strong></span> <span class='ocrx_word' id='word_1_532' title='bbox 3771 964 3882 1015; x_wconf 82' lang='lat' dir='ltr'><strong>lin-</strong></span> 
     </span>
    </p>
   </div>
   <div class='ocr_carea' id='block_1_68' title="bbox 2271 1057 3884 1135">
    <p class='ocr_par' dir='ltr' id='par_1_68' title="bbox 2271 1057 3884 1135">
     <span class='ocr_line' id='line_1_68' title="bbox 2271 1057 3884 1135; baseline -0.008 -15"><span class='ocrx_word' id='word_1_533' title='bbox 2271 1083 2426 1134; x_wconf 86' lang='lat' dir='ltr'><strong>guam</strong></span> <span class='ocrx_word' id='word_1_534' title='bbox 2463 1076 2703 1132; x_wconf 86' lang='lat' dir='ltr'><strong>nostram,</strong></span> <span class='ocrx_word' id='word_1_535' title='bbox 2720 1067 2769 1118; x_wconf 90' lang='lat' dir='ltr'><strong>in</strong></span> <span class='ocrx_word' id='word_1_536' title='bbox 2798 1082 2896 1135; x_wconf 84' lang='lat' dir='ltr'><strong>qua</strong></span> <span class='ocrx_word' id='word_1_537' title='bbox 2925 1065 3033 1118; x_wconf 90' lang='lat' dir='ltr'><strong>uati</strong></span> <span class='ocrx_word' id='word_1_538' title='bbox 3057 1061 3274 1118; x_wconf 77' lang='lat' dir='ltr'><strong>sumus?</strong></span> <span class='ocrx_word' id='word_1_539' title='bbox 3304 1058 3516 1124; x_wconf 81' lang='lat' dir='ltr'><strong>Parthi,</strong></span> <span class='ocrx_word' id='word_1_540' title='bbox 3542 1067 3588 1112; x_wconf 87' lang='lat' dir='ltr'><strong>et</strong></span> <span class='ocrx_word' id='word_1_541' title='bbox 3617 1057 3761 1111; x_wconf 79' lang='lat' dir='ltr'><strong>Medi</strong></span> <span class='ocrx_word' id='word_1_542' title='bbox 3781 1098 3794 1116; x_wconf 86' lang='lat'><strong>,</strong></span> <span class='ocrx_word' id='word_1_543' title='bbox 3832 1067 3884 1108; x_wconf 75' lang='lat' dir='ltr'><strong>et</strong></span> 
     </span>
    </p>
   </div>
   <div class='ocr_carea' id='block_1_69' title="bbox 2276 1150 3885 1228">
    <p class='ocr_par' dir='ltr' id='par_1_69' title="bbox 2276 1150 3885 1228">
     <span class='ocr_line' id='line_1_69' title="bbox 2276 1150 3885 1228; baseline -0.01 -14"><span class='ocrx_word' id='word_1_544' title='bbox 2276 1161 2544 1226; x_wconf 74' lang='lat' dir='ltr'><strong>Elamitte,</strong></span> <span class='ocrx_word' id='word_1_545' title='bbox 2578 1171 2622 1215; x_wconf 86' lang='lat' dir='ltr'><strong>et</strong></span> <span class='ocrx_word' id='word_1_546' title='bbox 2667 1161 2756 1228; x_wconf 91' lang='lat' dir='ltr'><strong>qui</strong></span> <span class='ocrx_word' id='word_1_547' title='bbox 2785 1159 3013 1213; x_wconf 74' lang='lat' dir='ltr'><strong>habitant</strong></span> <span class='ocrx_word' id='word_1_548' title='bbox 3054 1154 3508 1225; x_wconf 71' lang='lat' dir='ltr'><strong>Maapotamiam,</strong></span> <span class='ocrx_word' id='word_1_549' title='bbox 3538 1150 3782 1221; x_wconf 53' lang='grc' dir='ltr'><strong>ἐπαίτην(</strong></span> <span class='ocrx_word' id='word_1_550' title='bbox 3832 1155 3885 1199; x_wconf 80' lang='lat' dir='ltr'><strong>et</strong></span> 
     </span>
    </p>
   </div>
   <div class='ocr_carea' id='block_1_70' title="bbox 2273 1244 3886 1325">
    <p class='ocr_par' dir='ltr' id='par_1_70' title="bbox 2273 1244 3886 1325">
     <span class='ocr_line' id='line_1_70' title="bbox 2273 1244 3886 1325; baseline -0.011 -15"><span class='ocrx_word' id='word_1_551' title='bbox 2273 1254 2687 1325; x_wconf 81' lang='lat' dir='ltr'><strong>Cappadociam,</strong></span> <span class='ocrx_word' id='word_1_552' title='bbox 2751 1253 2972 1306; x_wconf 78' lang='lat' dir='ltr'><strong>Pontum</strong></span> <span class='ocrx_word' id='word_1_553' title='bbox 3009 1261 3058 1305; x_wconf 90' lang='lat' dir='ltr'><strong>et</strong></span> <span class='ocrx_word' id='word_1_554' title='bbox 3101 1249 3303 1313; x_wconf 82' lang='lat' dir='ltr'><strong>Asiam,</strong></span> <span class='ocrx_word' id='word_1_555' title='bbox 3355 1246 3441 1301; x_wconf 85' lang='lat' dir='ltr'><strong>l0.</strong></span> <span class='ocrx_word' id='word_1_556' title='bbox 3496 1244 3784 1315; x_wconf 77' lang='lat' dir='ltr'><strong>Phrygiam</strong></span> <span class='ocrx_word' id='word_1_557' title='bbox 3831 1248 3886 1294; x_wconf 74' lang='grc' dir='ltr'><strong>ιι</strong></span> 
     </span>
    </p>
   </div>
   <div class='ocr_carea' id='block_1_71' title="bbox 2277 1337 3884 1417">
    <p class='ocr_par' dir='ltr' id='par_1_71' title="bbox 2277 1337 3884 1417">
     <span class='ocr_line' id='line_1_71' title="bbox 2277 1337 3884 1417; baseline -0.014 -15"><span class='ocrx_word' id='word_1_558' title='bbox 2277 1348 2640 1417; x_wconf 82' lang='lat' dir='ltr'><strong>Pamphyliam</strong></span> <span class='ocrx_word' id='word_1_559' title='bbox 2665 1389 2679 1410; x_wconf 96' lang='lat'><strong>,</strong></span> <span class='ocrx_word' id='word_1_560' title='bbox 2709 1343 3000 1416; x_wconf 59' lang='lat' dir='ltr'><strong>zﬁ&#39;gyptam</strong></span> <span class='ocrx_word' id='word_1_561' title='bbox 3025 1353 3069 1396; x_wconf 88' lang='lat' dir='ltr'><strong>et</strong></span> <span class='ocrx_word' id='word_1_562' title='bbox 3095 1353 3264 1412; x_wconf 85' lang='lat' dir='ltr'><strong>partes</strong></span> <span class='ocrx_word' id='word_1_563' title='bbox 3292 1339 3487 1409; x_wconf 76' lang='lat' dir='ltr'><strong>Libym,</strong></span> <span class='ocrx_word' id='word_1_564' title='bbox 3508 1352 3622 1406; x_wconf 70' lang='lat' dir='ltr'><strong>qua:</strong></span> <span class='ocrx_word' id='word_1_565' title='bbox 3637 1345 3718 1386; x_wconf 68' lang='lat' dir='ltr'><strong>es!</strong></span> <span class='ocrx_word' id='word_1_566' title='bbox 3741 1337 3884 1385; x_wconf 65' lang='lat' dir='ltr'><strong>eirea</strong></span> 
     </span>
    </p>
   </div>
   <div class='ocr_carea' id='block_1_72' title="bbox 2275 1432 3883 1511">
    <p class='ocr_par' dir='ltr' id='par_1_72' title="bbox 2275 1432 3883 1511">
     <span class='ocr_line' id='line_1_72' title="bbox 2275 1432 3883 1511; baseline -0.011 -17"><span class='ocrx_word' id='word_1_567' title='bbox 2275 1440 2524 1511; x_wconf 76' lang='lat' dir='ltr'><strong>Cyrenen,</strong></span> <span class='ocrx_word' id='word_1_568' title='bbox 2558 1451 2602 1492; x_wconf 85' lang='lat' dir='ltr'><strong>et</strong></span> <span class='ocrx_word' id='word_1_569' title='bbox 2623 1442 2830 1491; x_wconf 76' lang='lat' dir='ltr'><strong>atlvena&#39;</strong></span> <span class='ocrx_word' id='word_1_570' title='bbox 2855 1436 3094 1496; x_wconf 76' lang='lat' dir='ltr'><strong>litunaui,</strong></span> <span class='ocrx_word' id='word_1_571' title='bbox 3126 1436 3184 1490; x_wconf 68' lang='lat' dir='ltr'><strong>il</strong></span> <span class='ocrx_word' id='word_1_572' title='bbox 3243 1432 3418 1486; x_wconf 78' lang='lat' dir='ltr'><strong>Jutla’i</strong></span> <span class='ocrx_word' id='word_1_573' title='bbox 3453 1443 3648 1500; x_wconf 80' lang='lat' dir='ltr'><strong>quoque</strong></span> <span class='ocrx_word' id='word_1_574' title='bbox 3675 1437 3721 1478; x_wconf 71' lang='lat' dir='ltr'><strong>et</strong></span> <span class='ocrx_word' id='word_1_575' title='bbox 3754 1443 3883 1492; x_wconf 72' lang='lat' dir='ltr'><strong>pm—</strong></span> 
     </span>
    </p>
   </div>
   <div class='ocr_carea' id='block_1_73' title="bbox 2273 1513 3891 1604">
    <p class='ocr_par' dir='ltr' id='par_1_73' title="bbox 2273 1513 3891 1604">
     <span class='ocr_line' id='line_1_73' title="bbox 2273 1513 3891 1604; baseline -0.014 -17"><span class='ocrx_word' id='word_1_576' title='bbox 2273 1535 2441 1604; x_wconf 76' lang='lat' dir='ltr'><strong>selyti,</strong></span> <span class='ocrx_word' id='word_1_577' title='bbox 2473 1532 2638 1586; x_wconf 81' lang='lat' dir='ltr'><strong>Cretes</strong></span> <span class='ocrx_word' id='word_1_578' title='bbox 2664 1544 2705 1584; x_wconf 90' lang='lat' dir='ltr'><strong>et</strong></span> <span class='ocrx_word' id='word_1_579' title='bbox 2740 1530 2927 1584; x_wconf 64' lang='lat' dir='ltr'><strong>Arabes</strong></span> <span class='ocrx_word' id='word_1_580' title='bbox 2959 1529 3231 1580; x_wconf 80' lang='lat' dir='ltr'><strong>:autlimus</strong></span> <span class='ocrx_word' id='word_1_581' title='bbox 3269 1541 3351 1577; x_wconf 87' lang='lat' dir='ltr'><strong>eos</strong></span> <span class='ocrx_word' id='word_1_582' title='bbox 3383 1522 3640 1591; x_wconf 83' lang='lat' dir='ltr'><strong>loquentes</strong></span> <span class='ocrx_word' id='word_1_583' title='bbox 3690 1513 3891 1568; x_wconf 65' lang='lat' dir='ltr'><strong>nos&#39;rs!</strong></span> 
     </span>
    </p>
   </div>
   <div class='ocr_carea' id='block_1_74' title="bbox 2277 1616 3883 1696">
    <p class='ocr_par' dir='ltr' id='par_1_74' title="bbox 2277 1616 3883 1696">
     <span class='ocr_line' id='line_1_74' title="bbox 2277 1616 3883 1696; baseline -0.012 -18"><span class='ocrx_word' id='word_1_584' title='bbox 2277 1626 2462 1696; x_wconf 83' lang='lat' dir='ltr'><strong>linguis</strong></span> <span class='ocrx_word' id='word_1_585' title='bbox 2505 1625 2760 1694; x_wconf 81' lang='lat' dir='ltr'><strong>magnalia</strong></span> <span class='ocrx_word' id='word_1_586' title='bbox 2800 1622 2914 1676; x_wconf 83' lang='lat' dir='ltr'><strong>Dei.</strong></span> <span class='ocrx_word' id='word_1_587' title='bbox 2963 1620 3044 1675; x_wconf 77' lang='lat' dir='ltr'><strong>i2.</strong></span> <span class='ocrx_word' id='word_1_588' title='bbox 3095 1616 3378 1686; x_wconf 75' lang='lat' dir='ltr'><strong>Stupebant</strong></span> <span class='ocrx_word' id='word_1_589' title='bbox 3417 1623 3588 1667; x_wconf 83' lang='lat' dir='ltr'><strong>autem</strong></span> <span class='ocrx_word' id='word_1_590' title='bbox 3631 1626 3808 1662; x_wconf 83' lang='lat' dir='ltr'><strong>omnes</strong></span> <span class='ocrx_word' id='word_1_591' title='bbox 3836 1625 3883 1658; x_wconf 51' lang='grc' dir='ltr'><strong>τις</strong></span> 
     </span>
    </p>
   </div>
   <div class='ocr_carea' id='block_1_75' title="bbox 2277 1700 3886 1777">
    <p class='ocr_par' dir='ltr' id='par_1_75' title="bbox 2277 1700 3886 1777">
     <span class='ocr_line' id='line_1_75' title="bbox 2277 1700 3886 1777; baseline -0.012 -6"><span class='ocrx_word' id='word_1_592' title='bbox 2277 1717 2590 1771; x_wconf 83' lang='lat' dir='ltr'><strong>mirabantur</strong></span> <span class='ocrx_word' id='word_1_593' title='bbox 2615 1758 2628 1777; x_wconf 87' lang='lat'><strong>,</strong></span> <span class='ocrx_word' id='word_1_594' title='bbox 2671 1716 2737 1767; x_wconf 84' lang='lat' dir='ltr'><strong>ml</strong></span> <span class='ocrx_word' id='word_1_595' title='bbox 2781 1715 2993 1766; x_wconf 72' lang='lat' dir='ltr'><strong>invicem</strong></span> <span class='ocrx_word' id='word_1_596' title='bbox 3041 1711 3259 1764; x_wconf 72' lang='lat' dir='ltr'><strong>dicentes</strong></span> <span class='ocrx_word' id='word_1_597' title='bbox 3287 1724 3303 1762; x_wconf 93' lang='lat'><strong><em>:</em></strong></span> <span class='ocrx_word' id='word_1_598' title='bbox 3330 1705 3588 1773; x_wconf 71' lang='lat' dir='ltr'><strong>Quidnam</strong></span> <span class='ocrx_word' id='word_1_599' title='bbox 3631 1702 3736 1754; x_wconf 80' lang='lat' dir='ltr'><strong>vult</strong></span> <span class='ocrx_word' id='word_1_600' title='bbox 3785 1700 3886 1752; x_wconf 71' lang='lat' dir='ltr'><strong>ho;</strong></span> 
     </span>
    </p>
   </div>
   <div class='ocr_carea' id='block_1_76' title="bbox 2278 1799 3872 1864">
    <p class='ocr_par' dir='ltr' id='par_1_76' title="bbox 2278 1799 3872 1864">
     <span class='ocr_line' id='line_1_76' title="bbox 2278 1799 3872 1864; baseline -0.014 0"><span class='ocrx_word' id='word_1_601' title='bbox 2278 1810 2416 1864; x_wconf 79' lang='lat' dir='ltr'><strong>esse?</strong></span> <span class='ocrx_word' id='word_1_602' title='bbox 2442 1807 2608 1863; x_wconf 85' lang='lat' dir='ltr'><strong>Viden</strong></span> <span class='ocrx_word' id='word_1_603' title='bbox 2635 1807 2756 1861; x_wconf 90' lang='lat' dir='ltr'><strong>illos</strong></span> <span class='ocrx_word' id='word_1_604' title='bbox 2783 1806 2850 1858; x_wconf 70' lang='grc' dir='ltr'>ιιι»</span> <span class='ocrx_word' id='word_1_605' title='bbox 2875 1805 3092 1857; x_wconf 79' lang='lat' dir='ltr'><strong>Oriente</strong></span> <span class='ocrx_word' id='word_1_606' title='bbox 3123 1804 3172 1854; x_wconf 88' lang='lat' dir='ltr'><strong>in</strong></span> <span class='ocrx_word' id='word_1_607' title='bbox 3201 1799 3544 1855; x_wconf 75' lang='lat' dir='ltr'><strong>Occidentem</strong></span> <span class='ocrx_word' id='word_1_608' title='bbox 3571 1809 3836 1849; x_wconf 81' lang='lat' dir='ltr'><strong>accarren</strong></span> <span class='ocrx_word' id='word_1_609' title='bbox 3857 1821 3872 1830; x_wconf 91' lang='lat'><strong>-</strong></span> 
     </span>
    </p>
   </div>
   <div class='ocr_carea' id='block_1_77' title="bbox 2281 1884 3888 1965">
    <p class='ocr_par' dir='ltr' id='par_1_77' title="bbox 2281 1884 3888 1965">
     <span class='ocr_line' id='line_1_77' title="bbox 2281 1884 3888 1965; baseline -0.012 -8"><span class='ocrx_word' id='word_1_610' title='bbox 2281 1911 2359 1957; x_wconf 87' lang='lat' dir='ltr'><strong>les</strong></span> <span class='ocrx_word' id='word_1_611' title='bbox 2386 1901 2441 1954; x_wconf 73' lang='lat'><strong>‘?</strong></span> <span class='ocrx_word' id='word_1_612' title='bbox 2467 1902 2552 1955; x_wconf 78' lang='grc'><strong>15.</strong></span> <span class='ocrx_word' id='word_1_613' title='bbox 2579 1899 2681 1953; x_wconf 82' lang='lat' dir='ltr'><strong>Alii</strong></span> <span class='ocrx_word' id='word_1_614' title='bbox 2707 1907 2897 1964; x_wconf 86' lang='lat' dir='ltr'><strong>autem,</strong></span> <span class='ocrx_word' id='word_1_615' title='bbox 2928 1895 3120 1965; x_wconf 76' lang='lat' dir='ltr'><strong>inquit,</strong></span> <span class='ocrx_word' id='word_1_616' title='bbox 3153 1892 3414 1945; x_wconf 76' lang='lat' dir='ltr'><strong>irridentes</strong></span> <span class='ocrx_word' id='word_1_617' title='bbox 3454 1889 3708 1951; x_wconf 79' lang='lat' dir='ltr'><strong>dicebant,</strong></span> <span class='ocrx_word' id='word_1_618' title='bbox 3748 1884 3888 1950; x_wconf 66' lang='lat' dir='ltr'><strong>Qui:</strong></span> 
     </span>
    </p>
   </div>
   <div class='ocr_carea' id='block_1_78' title="bbox 2278 1994 2766 2063">
    <p class='ocr_par' dir='ltr' id='par_1_78' title="bbox 2278 1994 2766 2063">
     <span class='ocr_line' id='line_1_78' title="bbox 2278 1994 2766 2063; baseline -0.004 -17"><span class='ocrx_word' id='word_1_619' title='bbox 2278 2004 2443 2048; x_wconf 86' lang='lat' dir='ltr'><strong>musto</strong></span> <span class='ocrx_word' id='word_1_620' title='bbox 2469 1994 2604 2063; x_wconf 86' lang='lat' dir='ltr'><strong>pleni</strong></span> <span class='ocrx_word' id='word_1_621' title='bbox 2629 2000 2766 2047; x_wconf 79' lang='lat' dir='ltr'><strong>stmt.</strong></span> 
     </span>
    </p>
   </div>
   <div class='ocr_carea' id='block_1_79' title="bbox 2347 2071 3890 2151">
    <p class='ocr_par' dir='ltr' id='par_1_79' title="bbox 2347 2071 3890 2151">
     <span class='ocr_line' id='line_1_79' title="bbox 2347 2071 3890 2151; baseline -0.012 -9"><span class='ocrx_word' id='word_1_622' title='bbox 2347 2087 2402 2142; x_wconf 74' lang='grc'><strong>2.</strong></span> <span class='ocrx_word' id='word_1_623' title='bbox 2434 2085 2476 2140; x_wconf 88' lang='grc' dir='ltr'>Ο</span> <span class='ocrx_word' id='word_1_624' title='bbox 2505 2083 2805 2139; x_wconf 81' lang='lat' dir='ltr'><strong>vesaniam!</strong></span> <span class='ocrx_word' id='word_1_625' title='bbox 2831 2095 2864 2136; x_wconf 93' lang='lat'><strong>0</strong></span> <span class='ocrx_word' id='word_1_626' title='bbox 2895 2081 3164 2151; x_wconf 81' lang='lat' dir='ltr'><strong>ingentem</strong></span> <span class='ocrx_word' id='word_1_627' title='bbox 3208 2076 3497 2144; x_wconf 78' lang='lat' dir='ltr'><strong>nequitiam</strong></span> <span class='ocrx_word' id='word_1_628' title='bbox 3523 2074 3535 2126; x_wconf 83' lang='lat'><strong>!</strong></span> <span class='ocrx_word' id='word_1_629' title='bbox 3587 2071 3748 2141; x_wconf 81' lang='lat' dir='ltr'><strong>Atqui</strong></span> <span class='ocrx_word' id='word_1_630' title='bbox 3784 2085 3890 2123; x_wconf 59' lang='lat' dir='ltr'><strong>nec</strong></span> 
     </span>
    </p>
   </div>
   <div class='ocr_carea' id='block_1_80' title="bbox 2281 2162 3886 2247">
    <p class='ocr_par' dir='ltr' id='par_1_80' title="bbox 2281 2162 3886 2247">
     <span class='ocr_line' id='line_1_80' title="bbox 2281 2162 3886 2247; baseline -0.012 -14"><span class='ocrx_word' id='word_1_631' title='bbox 2281 2188 2488 2247; x_wconf 87' lang='lat' dir='ltr'><strong>tempus</strong></span> <span class='ocrx_word' id='word_1_632' title='bbox 2516 2185 2632 2230; x_wconf 85' lang='lat' dir='ltr'><strong>erat</strong></span> <span class='ocrx_word' id='word_1_633' title='bbox 2662 2174 2942 2229; x_wconf 70' lang='lat' dir='ltr'><strong>vindemia:</strong></span> <span class='ocrx_word' id='word_1_634' title='bbox 2967 2189 2979 2222; x_wconf 88' lang='lat'>:</span> <span class='ocrx_word' id='word_1_635' title='bbox 3010 2181 3122 2225; x_wconf 85' lang='lat' dir='ltr'><strong>erat</strong></span> <span class='ocrx_word' id='word_1_636' title='bbox 3151 2169 3292 2223; x_wconf 90' lang='lat' dir='ltr'><strong>enim</strong></span> <span class='ocrx_word' id='word_1_637' title='bbox 3327 2168 3662 2221; x_wconf 76' lang='lat' dir='ltr'><strong>Pentecoste.</strong></span> <span class='ocrx_word' id='word_1_638' title='bbox 3695 2162 3886 2231; x_wconf 84' lang='lat' dir='ltr'><strong>Quod-</strong></span> 
     </span>
    </p>
   </div>
   <div class='ocr_carea' id='block_1_81' title="bbox 2280 2256 3885 2341">
    <p class='ocr_par' dir='ltr' id='par_1_81' title="bbox 2280 2256 3885 2341">
     <span class='ocr_line' id='line_1_81' title="bbox 2280 2256 3885 2341; baseline -0.01 -18"><span class='ocrx_word' id='word_1_639' title='bbox 2280 2287 2383 2341; x_wconf 89' lang='lat' dir='ltr'><strong>que</strong></span> <span class='ocrx_word' id='word_1_640' title='bbox 2427 2270 2643 2339; x_wconf 86' lang='lat' dir='ltr'><strong>gravius</strong></span> <span class='ocrx_word' id='word_1_641' title='bbox 2692 2276 2793 2328; x_wconf 83' lang='lat' dir='ltr'><strong>est,</strong></span> <span class='ocrx_word' id='word_1_642' title='bbox 2844 2262 3222 2318; x_wconf 72' lang='lat' dir='ltr'><strong>Conﬁtentihus</strong></span> <span class='ocrx_word' id='word_1_643' title='bbox 3271 2257 3544 2320; x_wconf 67' lang='lat' dir='ltr'><strong>omnibus,</strong></span> <span class='ocrx_word' id='word_1_644' title='bbox 3594 2256 3885 2313; x_wconf 72' lang='lat' dir='ltr'><strong>Romanis.</strong></span> 
     </span>
    </p>
   </div>
   <div class='ocr_carea' id='block_1_82' title="bbox 2281 2349 3885 2435">
    <p class='ocr_par' dir='ltr' id='par_1_82' title="bbox 2281 2349 3885 2435">
     <span class='ocr_line' id='line_1_82' title="bbox 2281 2349 3885 2435; baseline -0.012 -16"><span class='ocrx_word' id='word_1_645' title='bbox 2281 2365 2656 2435; x_wconf 76' lang='lat' dir='ltr'><strong>prosclytis,ct</strong></span> <span class='ocrx_word' id='word_1_646' title='bbox 2685 2362 2820 2414; x_wconf 75' lang='lat' dir='ltr'><strong>forte</strong></span> <span class='ocrx_word' id='word_1_647' title='bbox 2845 2375 2907 2414; x_wconf 76' lang='lat' dir='ltr'><strong>cx</strong></span> <span class='ocrx_word' id='word_1_648' title='bbox 2949 2359 3013 2412; x_wconf 85' lang='lat' dir='ltr'><strong>iis</strong></span> <span class='ocrx_word' id='word_1_649' title='bbox 3052 2359 3138 2426; x_wconf 91' lang='lat' dir='ltr'><strong>qui</strong></span> <span class='ocrx_word' id='word_1_650' title='bbox 3191 2353 3589 2410; x_wconf 77' lang='lat' dir='ltr'><strong>crneilixerant,</strong></span> <span class='ocrx_word' id='word_1_651' title='bbox 3630 2349 3718 2402; x_wconf 74' lang='lat' dir='ltr'><strong>illi</strong></span> <span class='ocrx_word' id='word_1_652' title='bbox 3774 2360 3885 2401; x_wconf 84' lang='lat' dir='ltr'><strong>tant</strong></span> 
     </span>
    </p>
   </div>
   <div class='ocr_carea' id='block_1_83' title="bbox 2282 2440 3890 2524">
    <p class='ocr_par' dir='ltr' id='par_1_83' title="bbox 2282 2440 3890 2524">
     <span class='ocr_line' id='line_1_83' title="bbox 2282 2440 3890 2524; baseline -0.011 -14"><span class='ocrx_word' id='word_1_653' title='bbox 2282 2457 2461 2511; x_wconf 89' lang='lat' dir='ltr'><strong>multis</strong></span> <span class='ocrx_word' id='word_1_654' title='bbox 2499 2454 2664 2524; x_wconf 82' lang='lat' dir='ltr'><strong>signis</strong></span> <span class='ocrx_word' id='word_1_655' title='bbox 2695 2451 2857 2506; x_wconf 85' lang='lat' dir='ltr'><strong>editis</strong></span> <span class='ocrx_word' id='word_1_656' title='bbox 2885 2450 3087 2512; x_wconf 87' lang='lat' dir='ltr'><strong>dicunt,</strong></span> <span class='ocrx_word' id='word_1_657' title='bbox 3113 2445 3280 2499; x_wconf 73' lang='lat' dir='ltr'><strong>illasto</strong></span> <span class='ocrx_word' id='word_1_658' title='bbox 3311 2445 3443 2511; x_wconf 76' lang='lat' dir='ltr'><strong>pleni</strong></span> <span class='ocrx_word' id='word_1_659' title='bbox 3469 2452 3606 2496; x_wconf 88' lang='lat' dir='ltr'><strong>sunt.</strong></span> <span class='ocrx_word' id='word_1_660' title='bbox 3627 2440 3732 2496; x_wconf 88' lang='lat' dir='ltr'><strong>Sed</strong></span> <span class='ocrx_word' id='word_1_661' title='bbox 3763 2456 3890 2510; x_wconf 72' lang='lat' dir='ltr'><strong>qua:</strong></span> 
     </span>
    </p>
   </div>
   <div class='ocr_carea' id='block_1_84' title="bbox 2279 2531 3891 2616">
    <p class='ocr_par' dir='ltr' id='par_1_84' title="bbox 2279 2531 3891 2616">
     <span class='ocr_line' id='line_1_84' title="bbox 2279 2531 3891 2616; baseline -0.011 -15"><span class='ocrx_word' id='word_1_662' title='bbox 2279 2562 2436 2616; x_wconf 82' lang='lat' dir='ltr'><strong>supra</strong></span> <span class='ocrx_word' id='word_1_663' title='bbox 2465 2545 2602 2599; x_wconf 84' lang='lat' dir='ltr'><strong>dicta</strong></span> <span class='ocrx_word' id='word_1_664' title='bbox 2629 2553 2754 2596; x_wconf 91' lang='lat' dir='ltr'><strong>sunt</strong></span> <span class='ocrx_word' id='word_1_665' title='bbox 2785 2551 3113 2608; x_wconf 81' lang='lat' dir='ltr'><strong>repetamus.</strong></span> <span class='ocrx_word' id='word_1_666' title='bbox 3153 2535 3400 2604; x_wconf 82' lang='lat' dir='ltr'><strong>lleplerit,</strong></span> <span class='ocrx_word' id='word_1_667' title='bbox 3431 2533 3620 2603; x_wconf 78' lang='lat' dir='ltr'><strong>inquit,</strong></span> <span class='ocrx_word' id='word_1_668' title='bbox 3648 2531 3891 2584; x_wconf 81' lang='lat' dir='ltr'><strong>domum.</strong></span> 
     </span>
    </p>
   </div>
   <div class='ocr_carea' id='block_1_85' title="bbox 2277 2622 3888 2708">
    <p class='ocr_par' dir='ltr' id='par_1_85' title="bbox 2277 2622 3888 2708">
     <span class='ocr_line' id='line_1_85' title="bbox 2277 2622 3888 2708; baseline -0.011 -17"><span class='ocrx_word' id='word_1_669' title='bbox 2277 2639 2508 2708; x_wconf 78' lang='lat' dir='ltr'><strong>Spiritus</strong></span> <span class='ocrx_word' id='word_1_670' title='bbox 2536 2635 2688 2705; x_wconf 89' lang='lat' dir='ltr'><strong>quasi</strong></span> <span class='ocrx_word' id='word_1_671' title='bbox 2715 2633 2912 2702; x_wconf 85' lang='lat' dir='ltr'><strong>piscina</strong></span> <span class='ocrx_word' id='word_1_672' title='bbox 2946 2645 3097 2699; x_wconf 73' lang='lat' dir='ltr'><strong>aqua:</strong></span> <span class='ocrx_word' id='word_1_673' title='bbox 3121 2629 3234 2688; x_wconf 73' lang='lat' dir='ltr'><strong>fuit.</strong></span> <span class='ocrx_word' id='word_1_674' title='bbox 3269 2626 3406 2696; x_wconf 62' lang='lat' dir='ltr'><strong>Ignis</strong></span> <span class='ocrx_word' id='word_1_675' title='bbox 3436 2641 3561 2677; x_wconf 80' lang='lat' dir='ltr'><strong>vm-o</strong></span> <span class='ocrx_word' id='word_1_676' title='bbox 3586 2634 3639 2677; x_wconf 87' lang='lat' dir='ltr'><strong>et</strong></span> <span class='ocrx_word' id='word_1_677' title='bbox 3669 2622 3888 2688; x_wconf 83' lang='lat' dir='ltr'><strong>eopiam</strong></span> 
     </span>
    </p>
   </div>
   <div class='ocr_carea' id='block_1_86' title="bbox 2282 2717 3892 2791">
    <p class='ocr_par' dir='ltr' id='par_1_86' title="bbox 2282 2717 3892 2791">
     <span class='ocr_line' id='line_1_86' title="bbox 2282 2717 3892 2791; baseline -0.011 -5"><span class='ocrx_word' id='word_1_678' title='bbox 2282 2743 2335 2786; x_wconf 89' lang='lat' dir='ltr'><strong>ct</strong></span> <span class='ocrx_word' id='word_1_679' title='bbox 2363 2728 2754 2785; x_wconf 87' lang='lat' dir='ltr'><strong>vehementiam</strong></span> <span class='ocrx_word' id='word_1_680' title='bbox 2803 2724 3086 2791; x_wconf 69' lang='lat' dir='ltr'><strong>signiﬁcat.</strong></span> <span class='ocrx_word' id='word_1_681' title='bbox 3131 2720 3270 2773; x_wconf 68' lang='lat' dir='ltr'><strong>NiLil</strong></span> <span class='ocrx_word' id='word_1_682' title='bbox 3315 2720 3418 2772; x_wconf 83' lang='lat' dir='ltr'><strong>tale</strong></span> <span class='ocrx_word' id='word_1_683' title='bbox 3446 2719 3638 2770; x_wconf 77' lang='lat' dir='ltr'><strong>accidit</strong></span> <span class='ocrx_word' id='word_1_684' title='bbox 3679 2717 3729 2770; x_wconf 88' lang='lat' dir='ltr'><strong>in</strong></span> <span class='ocrx_word' id='word_1_685' title='bbox 3760 2731 3892 2786; x_wconf 85' lang='lat' dir='ltr'><strong>pro—</strong></span> 
     </span>
    </p>
   </div>
   <div class='ocr_carea' id='block_1_87' title="bbox 2283 2810 3888 2890">
    <p class='ocr_par' dir='ltr' id='par_1_87' title="bbox 2283 2810 3888 2890">
     <span class='ocr_line' id='line_1_87' title="bbox 2283 2810 3888 2890; baseline -0.006 -18"><span class='ocrx_word' id='word_1_686' title='bbox 2283 2823 2488 2890; x_wconf 88' lang='lat' dir='ltr'><strong>phetis;</strong></span> <span class='ocrx_word' id='word_1_687' title='bbox 2520 2821 2611 2876; x_wconf 89' lang='lat' dir='ltr'><strong>sed</strong></span> <span class='ocrx_word' id='word_1_688' title='bbox 2633 2833 2774 2873; x_wconf 87' lang='lat' dir='ltr'><strong>nunc</strong></span> <span class='ocrx_word' id='word_1_689' title='bbox 2801 2818 2878 2872; x_wconf 88' lang='lat' dir='ltr'><strong>sic</strong></span> <span class='ocrx_word' id='word_1_690' title='bbox 2909 2816 3030 2875; x_wconf 85' lang='lat' dir='ltr'><strong>illis,</strong></span> <span class='ocrx_word' id='word_1_691' title='bbox 3056 2811 3332 2884; x_wconf 77' lang='lat' dir='ltr'><strong>prophetis</strong></span> <span class='ocrx_word' id='word_1_692' title='bbox 3364 2821 3540 2864; x_wconf 84' lang='lat' dir='ltr'><strong>autem</strong></span> <span class='ocrx_word' id='word_1_693' title='bbox 3566 2810 3670 2862; x_wconf 83' lang='lat' dir='ltr'><strong>alio</strong></span> <span class='ocrx_word' id='word_1_694' title='bbox 3699 2811 3888 2865; x_wconf 88' lang='lat' dir='ltr'><strong>modo.</strong></span> 
     </span>
    </p>
   </div>
   <div class='ocr_carea' id='block_1_88' title="bbox 2282 2901 3890 2984">
    <p class='ocr_par' dir='ltr' id='par_1_88' title="bbox 2282 2901 3890 2984">
     <span class='ocr_line' id='line_1_88' title="bbox 2282 2901 3890 2984; baseline -0.009 -16"><span class='ocrx_word' id='word_1_695' title='bbox 2282 2913 2579 2984; x_wconf 77' lang='lat' dir='ltr'><strong>Capitulum</strong></span> <span class='ocrx_word' id='word_1_696' title='bbox 2633 2911 2776 2966; x_wconf 89' lang='lat' dir='ltr'><strong>enim</strong></span> <span class='ocrx_word' id='word_1_697' title='bbox 2837 2907 2956 2963; x_wconf 76' lang='lat' dir='ltr'><strong>libri</strong></span> <span class='ocrx_word' id='word_1_698' title='bbox 3000 2906 3181 2960; x_wconf 88' lang='lat' dir='ltr'><strong>datum</strong></span> <span class='ocrx_word' id='word_1_699' title='bbox 3210 2914 3292 2957; x_wconf 82' lang='lat' dir='ltr'><strong>cst</strong></span> <span class='ocrx_word' id='word_1_700' title='bbox 3322 2901 3612 2967; x_wconf 70' lang='lat' dir='ltr'><strong>lizechieli,</strong></span> <span class='ocrx_word' id='word_1_701' title='bbox 3643 2911 3696 2955; x_wconf 83' lang='lat' dir='ltr'><strong>et</strong></span> <span class='ocrx_word' id='word_1_702' title='bbox 3737 2916 3890 2956; x_wconf 77' lang='lat' dir='ltr'><strong>cam-</strong></span> 
     </span>
    </p>
   </div>
   <div class='ocr_carea' id='block_1_89' title="bbox 2280 2993 3888 3074">
    <p class='ocr_par' dir='ltr' id='par_1_89' title="bbox 2280 2993 3888 3074">
     <span class='ocr_line' id='line_1_89' title="bbox 2280 2993 3888 3074; baseline -0.009 -14"><span class='ocrx_word' id='word_1_703' title='bbox 2280 3006 2389 3061; x_wconf 88' lang='lat' dir='ltr'><strong>edit</strong></span> <span class='ocrx_word' id='word_1_704' title='bbox 2418 3021 2479 3059; x_wconf 82' lang='lat' dir='ltr'><strong>ea</strong></span> <span class='ocrx_word' id='word_1_705' title='bbox 2507 3020 2626 3074; x_wconf 71' lang='lat' dir='ltr'><strong>quae</strong></span> <span class='ocrx_word' id='word_1_706' title='bbox 2659 3003 2898 3056; x_wconf 73' lang='lat' dir='ltr'><strong>dicturus</strong></span> <span class='ocrx_word' id='word_1_707' title='bbox 2926 3005 3043 3053; x_wconf 88' lang='lat' dir='ltr'><strong>erat</strong></span> <span class='ocrx_word' id='word_1_708' title='bbox 3078 3015 3088 3048; x_wconf 94' lang='lat'><strong>:</strong></span> <span class='ocrx_word' id='word_1_709' title='bbox 3124 2994 3340 3049; x_wconf 76' lang='lat' dir='ltr'><strong>Factum</strong></span> <span class='ocrx_word' id='word_1_710' title='bbox 3363 3005 3431 3048; x_wconf 83' lang='lat' dir='ltr'><strong>est</strong></span> <span class='ocrx_word' id='word_1_711' title='bbox 3464 3005 3653 3060; x_wconf 87' lang='lat' dir='ltr'><strong>autem,</strong></span> <span class='ocrx_word' id='word_1_712' title='bbox 3690 2993 3888 3062; x_wconf 86' lang='lat' dir='ltr'><strong>inquit,</strong></span> 
     </span>
    </p>
   </div>
   <div class='ocr_carea' id='block_1_90' title="bbox 2279 3084 3893 3166">
    <p class='ocr_par' dir='ltr' id='par_1_90' title="bbox 2279 3084 3893 3166">
     <span class='ocr_line' id='line_1_90' title="bbox 2279 3084 3893 3166; baseline -0.01 -14"><span class='ocrx_word' id='word_1_713' title='bbox 2279 3101 2334 3154; x_wconf 90' lang='lat' dir='ltr'><strong>in</strong></span> <span class='ocrx_word' id='word_1_714' title='bbox 2378 3114 2462 3152; x_wconf 86' lang='lat' dir='ltr'><strong>ore</strong></span> <span class='ocrx_word' id='word_1_715' title='bbox 2508 3098 2616 3166; x_wconf 87' lang='lat' dir='ltr'><strong>ejus</strong></span> <span class='ocrx_word' id='word_1_716' title='bbox 2662 3105 2714 3148; x_wconf 92' lang='lat' dir='ltr'><strong>ut</strong></span> <span class='ocrx_word' id='word_1_717' title='bbox 2749 3095 2848 3147; x_wconf 81' lang='lat' dir='ltr'><strong>mel</strong></span> <span class='ocrx_word' id='word_1_718' title='bbox 2885 3091 3178 3144; x_wconf 84' lang='lat' dir='ltr'><strong>dulcescens</strong></span> <span class='ocrx_word' id='word_1_719' title='bbox 3207 3085 3424 3153; x_wconf 62' lang='lat' dir='ltr'><strong>(Exerit.</strong></span> <span class='ocrx_word' id='word_1_720' title='bbox 3457 3086 3513 3139; x_wconf 81' lang='grc'><strong>5.</strong></span> <span class='ocrx_word' id='word_1_721' title='bbox 3547 3085 3622 3154; x_wconf 83' lang='lat'><strong>&#39;5).</strong></span> <span class='ocrx_word' id='word_1_722' title='bbox 3659 3084 3724 3136; x_wconf 72' lang='lat' dir='ltr'><strong>lit</strong></span> <span class='ocrx_word' id='word_1_723' title='bbox 3769 3098 3893 3137; x_wconf 67' lang='lat' dir='ltr'><strong>ruro</strong></span> 
     </span>
    </p>
   </div>
   <div class='ocr_carea' id='block_1_91' title="bbox 2283 3176 3892 3256">
    <p class='ocr_par' dir='ltr' id='par_1_91' title="bbox 2283 3176 3892 3256">
     <span class='ocr_line' id='line_1_91' title="bbox 2283 3176 3892 3256; baseline -0.012 -7"><span class='ocrx_word' id='word_1_724' title='bbox 2283 3210 2400 3249; x_wconf 88' lang='lat' dir='ltr'><strong>sum</strong></span> <span class='ocrx_word' id='word_1_725' title='bbox 2443 3207 2630 3248; x_wconf 86' lang='lat' dir='ltr'><strong>manus</strong></span> <span class='ocrx_word' id='word_1_726' title='bbox 2679 3189 2776 3244; x_wconf 88' lang='lat' dir='ltr'><strong>Dei</strong></span> <span class='ocrx_word' id='word_1_727' title='bbox 2820 3186 2989 3256; x_wconf 87' lang='lat' dir='ltr'><strong>tangit</strong></span> <span class='ocrx_word' id='word_1_728' title='bbox 3032 3185 3268 3250; x_wconf 86' lang='lat' dir='ltr'><strong>linguam</strong></span> <span class='ocrx_word' id='word_1_729' title='bbox 3327 3179 3552 3235; x_wconf 89' lang='lat' dir='ltr'><strong>alterius</strong></span> <span class='ocrx_word' id='word_1_730' title='bbox 3607 3176 3892 3248; x_wconf 76' lang='lat' dir='ltr'><strong>prepheta:</strong></span> 
     </span>
    </p>
   </div>
   <div class='ocr_carea' id='block_1_92' title="bbox 2285 3271 3890 3356">
    <p class='ocr_par' dir='ltr' id='par_1_92' title="bbox 2285 3271 3890 3356">
     <span class='ocr_line' id='line_1_92' title="bbox 2285 3271 3890 3356; baseline -0.013 -14"><span class='ocrx_word' id='word_1_731' title='bbox 2285 3287 2421 3356; x_wconf 79' lang='lat' dir='ltr'><strong>(Jer.</strong></span> <span class='ocrx_word' id='word_1_732' title='bbox 2450 3284 2600 3352; x_wconf 65' lang='lat' dir='ltr'><strong>li.9).</strong></span> <span class='ocrx_word' id='word_1_733' title='bbox 2625 3283 2720 3336; x_wconf 88' lang='lat' dir='ltr'><strong>llic</strong></span> <span class='ocrx_word' id='word_1_734' title='bbox 2747 3296 2873 3336; x_wconf 89' lang='lat' dir='ltr'><strong>vero</strong></span> <span class='ocrx_word' id='word_1_735' title='bbox 2896 3282 3009 3349; x_wconf 73' lang='lat' dir='ltr'><strong>ipse</strong></span> <span class='ocrx_word' id='word_1_736' title='bbox 3035 3281 3265 3350; x_wconf 88' lang='lat' dir='ltr'><strong>Spiritus</strong></span> <span class='ocrx_word' id='word_1_737' title='bbox 3295 3283 3511 3330; x_wconf 83' lang='lat' dir='ltr'><strong>sanctus</strong></span> <span class='ocrx_word' id='word_1_738' title='bbox 3543 3281 3623 3325; x_wconf 91' lang='lat' dir='ltr'><strong>cst</strong></span> <span class='ocrx_word' id='word_1_739' title='bbox 3650 3288 3661 3320; x_wconf 95' lang='lat'>:</span> <span class='ocrx_word' id='word_1_740' title='bbox 3697 3271 3890 3338; x_wconf 70' lang='lat' dir='ltr'><strong>sicque</strong></span> 
     </span>
    </p>
   </div>
   <div class='ocr_carea' id='block_1_93' title="bbox 2284 3363 3886 3448">
    <p class='ocr_par' dir='ltr' id='par_1_93' title="bbox 2284 3363 3886 3448">
     <span class='ocr_line' id='line_1_93' title="bbox 2284 3363 3886 3448; baseline -0.009 -18"><span class='ocrx_word' id='word_1_741' title='bbox 2284 3395 2378 3448; x_wconf 88' lang='lat' dir='ltr'><strong>par</strong></span> <span class='ocrx_word' id='word_1_742' title='bbox 2405 3388 2487 3433; x_wconf 78' lang='lat' dir='ltr'><strong>est</strong></span> <span class='ocrx_word' id='word_1_743' title='bbox 2535 3377 2736 3430; x_wconf 87' lang='lat' dir='ltr'><strong>honore</strong></span> <span class='ocrx_word' id='word_1_744' title='bbox 2777 3374 2916 3428; x_wconf 78' lang='lat' dir='ltr'><strong>Patri</strong></span> <span class='ocrx_word' id='word_1_745' title='bbox 2947 3382 3000 3428; x_wconf 83' lang='lat' dir='ltr'><strong>et</strong></span> <span class='ocrx_word' id='word_1_746' title='bbox 3032 3373 3187 3426; x_wconf 78' lang='lat' dir='ltr'><strong>Filio.</strong></span> <span class='ocrx_word' id='word_1_747' title='bbox 3222 3370 3533 3436; x_wconf 76' lang='lat' dir='ltr'><strong>Rursusque</strong></span> <span class='ocrx_word' id='word_1_748' title='bbox 3571 3363 3696 3416; x_wconf 85' lang='lat' dir='ltr'><strong>alibi</strong></span> <span class='ocrx_word' id='word_1_749' title='bbox 3739 3363 3819 3416; x_wconf 79' lang='lat' dir='ltr'><strong>ait</strong></span> <span class='ocrx_word' id='word_1_750' title='bbox 3873 3379 3886 3415; x_wconf 94' lang='lat'>:</span> 
     </span>
    </p>
   </div>
   <div class='ocr_carea' id='block_1_94' title="bbox 2282 3455 3889 3533">
    <p class='ocr_par' dir='ltr' id='par_1_94' title="bbox 2282 3455 3889 3533">
     <span class='ocr_line' id='line_1_94' title="bbox 2282 3455 3889 3533; baseline -0.011 -10"><span class='ocrx_word' id='word_1_751' title='bbox 2282 3470 2621 3528; x_wconf 84' lang='lat' dir='ltr'><strong>Lamentatio,</strong></span> <span class='ocrx_word' id='word_1_752' title='bbox 2655 3477 2699 3520; x_wconf 88' lang='lat' dir='ltr'><strong>et</strong></span> <span class='ocrx_word' id='word_1_753' title='bbox 2727 3467 2999 3526; x_wconf 86' lang='lat' dir='ltr'><strong>canticum,</strong></span> <span class='ocrx_word' id='word_1_754' title='bbox 3024 3475 3068 3520; x_wconf 82' lang='lat' dir='ltr'><strong>et</strong></span> <span class='ocrx_word' id='word_1_755' title='bbox 3099 3480 3172 3518; x_wconf 77' lang='lat' dir='ltr'><strong>ra:</strong></span> <span class='ocrx_word' id='word_1_756' title='bbox 3198 3460 3411 3533; x_wconf 75' lang='lat' dir='ltr'><strong>(Ezerh.</strong></span> <span class='ocrx_word' id='word_1_757' title='bbox 3430 3459 3486 3512; x_wconf 73' lang='lat'><strong>‘2.</strong></span> <span class='ocrx_word' id='word_1_758' title='bbox 3509 3459 3584 3525; x_wconf 80' lang='lat'><strong>9).</strong></span> <span class='ocrx_word' id='word_1_759' title='bbox 3614 3455 3720 3510; x_wconf 85' lang='lat' dir='ltr'><strong>Illis</strong></span> <span class='ocrx_word' id='word_1_760' title='bbox 3750 3467 3889 3524; x_wconf 77' lang='lat' dir='ltr'><strong>ergo</strong></span> 
     </span>
    </p>
   </div>
   <div class='ocr_carea' id='block_1_95' title="bbox 2280 3548 3892 3632">
    <p class='ocr_par' dir='ltr' id='par_1_95' title="bbox 2280 3548 3892 3632">
     <span class='ocr_line' id='line_1_95' title="bbox 2280 3548 3892 3632; baseline -0.009 -18"><span class='ocrx_word' id='word_1_761' title='bbox 2280 3566 2402 3632; x_wconf 88' lang='lat' dir='ltr'><strong>jure</strong></span> <span class='ocrx_word' id='word_1_762' title='bbox 2428 3562 2479 3615; x_wconf 91' lang='lat' dir='ltr'><strong>in</strong></span> <span class='ocrx_word' id='word_1_763' title='bbox 2518 3559 2657 3614; x_wconf 85' lang='lat' dir='ltr'><strong>libro</strong></span> <span class='ocrx_word' id='word_1_764' title='bbox 2701 3559 2884 3613; x_wconf 81' lang='lat' dir='ltr'><strong>datum</strong></span> <span class='ocrx_word' id='word_1_765' title='bbox 2931 3567 3010 3611; x_wconf 87' lang='lat' dir='ltr'><strong>est</strong></span> <span class='ocrx_word' id='word_1_766' title='bbox 3047 3575 3060 3611; x_wconf 88' lang='lat'><strong>:</strong></span> <span class='ocrx_word' id='word_1_767' title='bbox 3105 3571 3228 3609; x_wconf 80' lang='lat' dir='ltr'><strong>nam</strong></span> <span class='ocrx_word' id='word_1_768' title='bbox 3274 3548 3717 3607; x_wconf 82' lang='lat' dir='ltr'><strong>similitudinibus</strong></span> <span class='ocrx_word' id='word_1_769' title='bbox 3757 3561 3892 3616; x_wconf 85' lang='lat' dir='ltr'><strong>ege-</strong></span> 
     </span>
    </p>
   </div>
   <div class='ocr_carea' id='block_1_96' title="bbox 2289 3640 3891 3721">
    <p class='ocr_par' dir='ltr' id='par_1_96' title="bbox 2289 3640 3891 3721">
     <span class='ocr_line' id='line_1_96' title="bbox 2289 3640 3891 3721; baseline -0.011 -12"><span class='ocrx_word' id='word_1_770' title='bbox 2289 3655 2413 3708; x_wconf 88' lang='lat' dir='ltr'><strong>bant</strong></span> <span class='ocrx_word' id='word_1_771' title='bbox 2432 3672 2445 3708; x_wconf 86' lang='lat'><strong>:</strong></span> <span class='ocrx_word' id='word_1_772' title='bbox 2467 3667 2690 3721; x_wconf 88' lang='lat' dir='ltr'><strong>remque</strong></span> <span class='ocrx_word' id='word_1_773' title='bbox 2719 3649 3078 3704; x_wconf 88' lang='lat' dir='ltr'><strong>illihabebant</strong></span> <span class='ocrx_word' id='word_1_774' title='bbox 3106 3664 3224 3702; x_wconf 90' lang='lat' dir='ltr'><strong>cum</strong></span> <span class='ocrx_word' id='word_1_775' title='bbox 3245 3661 3346 3699; x_wconf 90' lang='lat' dir='ltr'><strong>una</strong></span> <span class='ocrx_word' id='word_1_776' title='bbox 3372 3653 3572 3697; x_wconf 75' lang='lat' dir='ltr'><strong>tantum</strong></span> <span class='ocrx_word' id='word_1_777' title='bbox 3598 3651 3756 3711; x_wconf 86' lang='lat' dir='ltr'><strong>gente</strong></span> <span class='ocrx_word' id='word_1_778' title='bbox 3785 3640 3891 3694; x_wconf 87' lang='lat' dir='ltr'><strong>sibi</strong></span> 
     </span>
    </p>
   </div>
   <div class='ocr_carea' id='block_1_97' title="bbox 2287 3733 3898 3816">
    <p class='ocr_par' dir='ltr' id='par_1_97' title="bbox 2287 3733 3898 3816">
     <span class='ocr_line' id='line_1_97' title="bbox 2287 3733 3898 3816; baseline -0.009 -15"><span class='ocrx_word' id='word_1_779' title='bbox 2287 3746 2498 3816; x_wconf 85' lang='lat' dir='ltr'><strong>propria</strong></span> <span class='ocrx_word' id='word_1_780' title='bbox 2533 3762 2547 3798; x_wconf 88' lang='lat'><strong>:</strong></span> <span class='ocrx_word' id='word_1_781' title='bbox 2581 3743 2634 3797; x_wconf 89' lang='lat' dir='ltr'><strong>hi</strong></span> <span class='ocrx_word' id='word_1_782' title='bbox 2664 3757 2793 3798; x_wconf 87' lang='lat' dir='ltr'><strong>vero</strong></span> <span class='ocrx_word' id='word_1_783' title='bbox 2826 3757 2947 3798; x_wconf 90' lang='lat' dir='ltr'><strong>cum</strong></span> <span class='ocrx_word' id='word_1_784' title='bbox 2981 3741 3233 3795; x_wconf 88' lang='lat' dir='ltr'><strong>universo</strong></span> <span class='ocrx_word' id='word_1_785' title='bbox 3260 3737 3413 3801; x_wconf 86' lang='lat' dir='ltr'><strong>orbe,</strong></span> <span class='ocrx_word' id='word_1_786' title='bbox 3435 3747 3486 3789; x_wconf 81' lang='lat' dir='ltr'><strong>et</strong></span> <span class='ocrx_word' id='word_1_787' title='bbox 3512 3751 3630 3789; x_wconf 90' lang='lat' dir='ltr'><strong>eum</strong></span> <span class='ocrx_word' id='word_1_788' title='bbox 3658 3733 3723 3787; x_wconf 83' lang='lat' dir='ltr'><strong>iis</strong></span> <span class='ocrx_word' id='word_1_789' title='bbox 3749 3747 3898 3802; x_wconf 86' lang='lat' dir='ltr'><strong>quos</strong></span> 
     </span>
    </p>
   </div>
   <div class='ocr_carea' id='block_1_98' title="bbox 2289 3826 3897 3904">
    <p class='ocr_par' dir='ltr' id='par_1_98' title="bbox 2289 3826 3897 3904">
     <span class='ocr_line' id='line_1_98' title="bbox 2289 3826 3897 3904; baseline -0.009 -11"><span class='ocrx_word' id='word_1_790' title='bbox 2289 3856 2394 3894; x_wconf 88' lang='lat' dir='ltr'><strong>non</strong></span> <span class='ocrx_word' id='word_1_791' title='bbox 2424 3846 2703 3893; x_wconf 88' lang='lat' dir='ltr'><strong>noverant.</strong></span> <span class='ocrx_word' id='word_1_792' title='bbox 2744 3837 2971 3890; x_wconf 72' lang='lat' dir='ltr'><strong>Eliszens</strong></span> <span class='ocrx_word' id='word_1_793' title='bbox 3002 3850 3097 3904; x_wconf 90' lang='lat' dir='ltr'><strong>per</strong></span> <span class='ocrx_word' id='word_1_794' title='bbox 3138 3831 3372 3886; x_wconf 63' lang='lat' dir='ltr'><strong>ntelotcn</strong></span> <span class='ocrx_word' id='word_1_795' title='bbox 3421 3828 3645 3897; x_wconf 78' lang='lat' dir='ltr'><strong>gratiam</strong></span> <span class='ocrx_word' id='word_1_796' title='bbox 3691 3826 3897 3892; x_wconf 69' lang='lat' dir='ltr'><strong>accipit</strong></span> 
     </span>
    </p>
   </div>
   <div class='ocr_carea' id='block_1_99' title="bbox 2290 3916 3894 4001">
    <p class='ocr_par' dir='ltr' id='par_1_99' title="bbox 2290 3916 3894 4001">
     <span class='ocr_line' id='line_1_99' title="bbox 2290 3916 3894 4001; baseline -0.009 -17"><span class='ocrx_word' id='word_1_797' title='bbox 2290 3929 2501 4001; x_wconf 81' lang='lat' dir='ltr'><strong>(LReg.</strong></span> <span class='ocrx_word' id='word_1_798' title='bbox 2529 3929 2610 3996; x_wconf 87' lang='lat'><strong>2);</strong></span> <span class='ocrx_word' id='word_1_799' title='bbox 2638 3929 2772 3981; x_wconf 85' lang='lat' dir='ltr'><strong>alius</strong></span> <span class='ocrx_word' id='word_1_800' title='bbox 2796 3925 3102 3995; x_wconf 88' lang='lat' dir='ltr'><strong>perolemn,</strong></span> <span class='ocrx_word' id='word_1_801' title='bbox 3137 3934 3192 3977; x_wconf 89' lang='lat' dir='ltr'><strong>ut</strong></span> <span class='ocrx_word' id='word_1_802' title='bbox 3226 3921 3388 3975; x_wconf 84' lang='lat' dir='ltr'><strong>David</strong></span> <span class='ocrx_word' id='word_1_803' title='bbox 3412 3921 3485 3989; x_wconf 83' lang='lat' dir='ltr'><strong>(t.</strong></span> <span class='ocrx_word' id='word_1_804' title='bbox 3511 3918 3614 3988; x_wconf 75' lang='lat' dir='ltr'><strong>ltrg</strong></span> <span class='ocrx_word' id='word_1_805' title='bbox 3659 3916 3848 3986; x_wconf 64' lang='grc' dir='ltr'><strong>ΔΙΟΛό)</strong></span> <span class='ocrx_word' id='word_1_806' title='bbox 3877 3931 3894 3983; x_wconf 77' lang='grc' dir='ltr'>ς</span> 
     </span>
    </p>
   </div>
   <div class='ocr_carea' id='block_1_100' title="bbox 2290 4009 3896 4094">
    <p class='ocr_par' dir='ltr' id='par_1_100' title="bbox 2290 4009 3896 4094">
     <span class='ocr_line' id='line_1_100' title="bbox 2290 4009 3896 4094; baseline -0.009 -17"><span class='ocrx_word' id='word_1_807' title='bbox 2290 4023 2500 4094; x_wconf 80' lang='lat' dir='ltr'><strong>Moyses</strong></span> <span class='ocrx_word' id='word_1_808' title='bbox 2551 4037 2642 4090; x_wconf 83' lang='lat' dir='ltr'><strong>per</strong></span> <span class='ocrx_word' id='word_1_809' title='bbox 2691 4022 2866 4090; x_wconf 81' lang='lat' dir='ltr'><strong>ignem</strong></span> <span class='ocrx_word' id='word_1_810' title='bbox 2911 4018 3027 4071; x_wconf 90' lang='lat' dir='ltr'><strong>rnhi</strong></span> <span class='ocrx_word' id='word_1_811' title='bbox 3080 4027 3300 4068; x_wconf 82' lang='lat' dir='ltr'><strong>vocatur</strong></span> <span class='ocrx_word' id='word_1_812' title='bbox 3328 4011 3528 4084; x_wconf 70' lang='lat' dir='ltr'><strong>(Exod.</strong></span> <span class='ocrx_word' id='word_1_813' title='bbox 3570 4012 3620 4064; x_wconf 80' lang='grc'><strong>5.</strong></span> <span class='ocrx_word' id='word_1_814' title='bbox 3650 4009 3731 4078; x_wconf 82' lang='lat'><strong>2).</strong></span> <span class='ocrx_word' id='word_1_815' title='bbox 3782 4009 3896 4064; x_wconf 78' lang='lat' dir='ltr'><strong>Sed</strong></span> 
     </span>
    </p>
   </div>
   <div class='ocr_carea' id='block_1_101' title="bbox 2292 4102 3900 4180">
    <p class='ocr_par' dir='ltr' id='par_1_101' title="bbox 2292 4102 3900 4180">
     <span class='ocr_line' id='line_1_101' title="bbox 2292 4102 3900 4180; baseline -0.008 -14"><span class='ocrx_word' id='word_1_816' title='bbox 2292 4113 2377 4167; x_wconf 92' lang='lat' dir='ltr'><strong>hic</strong></span> <span class='ocrx_word' id='word_1_817' title='bbox 2401 4127 2588 4174; x_wconf 86' lang='lat' dir='ltr'><strong>secus;</strong></span> <span class='ocrx_word' id='word_1_818' title='bbox 2622 4112 2735 4180; x_wconf 90' lang='lat' dir='ltr'><strong>ipsc</strong></span> <span class='ocrx_word' id='word_1_819' title='bbox 2781 4125 3010 4178; x_wconf 87' lang='lat' dir='ltr'><strong>namque</strong></span> <span class='ocrx_word' id='word_1_820' title='bbox 3039 4108 3174 4176; x_wconf 84' lang='lat' dir='ltr'><strong>ignis</strong></span> <span class='ocrx_word' id='word_1_821' title='bbox 3222 4105 3434 4160; x_wconf 82' lang='lat' dir='ltr'><strong>insedit.</strong></span> <span class='ocrx_word' id='word_1_822' title='bbox 3469 4103 3573 4157; x_wconf 81' lang='lat' dir='ltr'><strong>Sed</strong></span> <span class='ocrx_word' id='word_1_823' title='bbox 3616 4117 3711 4155; x_wconf 87' lang='lat' dir='ltr'><strong>cur</strong></span> <span class='ocrx_word' id='word_1_824' title='bbox 3754 4102 3900 4169; x_wconf 80' lang='lat' dir='ltr'><strong>ignis</strong></span> 
     </span>
    </p>
   </div>
   <div class='ocr_carea' id='block_1_102' title="bbox 2293 4195 3901 4272">
    <p class='ocr_par' dir='ltr' id='par_1_102' title="bbox 2293 4195 3901 4272">
     <span class='ocr_line' id='line_1_102' title="bbox 2293 4195 3901 4272; baseline -0.007 -11"><span class='ocrx_word' id='word_1_825' title='bbox 2293 4222 2397 4261; x_wconf 87' lang='lat' dir='ltr'><strong>non</strong></span> <span class='ocrx_word' id='word_1_826' title='bbox 2431 4206 2499 4258; x_wconf 90' lang='lat' dir='ltr'><strong>ita</strong></span> <span class='ocrx_word' id='word_1_827' title='bbox 2545 4205 2790 4272; x_wconf 68' lang='lat' dir='ltr'><strong>apparuit</strong></span> <span class='ocrx_word' id='word_1_828' title='bbox 2818 4211 2874 4255; x_wconf 88' lang='lat' dir='ltr'><strong>ut</strong></span> <span class='ocrx_word' id='word_1_829' title='bbox 2915 4201 3162 4269; x_wconf 81' lang='lat' dir='ltr'><strong>impleret</strong></span> <span class='ocrx_word' id='word_1_830' title='bbox 3190 4197 3442 4250; x_wconf 85' lang='lat' dir='ltr'><strong>donnnn?</strong></span> <span class='ocrx_word' id='word_1_831' title='bbox 3470 4196 3602 4261; x_wconf 85' lang='lat' dir='ltr'><strong>Quia</strong></span> <span class='ocrx_word' id='word_1_832' title='bbox 3645 4195 3901 4250; x_wconf 83' lang='lat' dir='ltr'><strong>exterriti</strong></span> 
     </span>
    </p>
   </div>
   <div class='ocr_carea' id='block_1_103' title="bbox 2295 4288 3894 4359">
    <p class='ocr_par' dir='ltr' id='par_1_103' title="bbox 2295 4288 3894 4359">
     <span class='ocr_line' id='line_1_103' title="bbox 2295 4288 3894 4359; baseline -0.006 -8"><span class='ocrx_word' id='word_1_833' title='bbox 2295 4297 2537 4352; x_wconf 76' lang='lat' dir='ltr'><strong>fuissent.</strong></span> <span class='ocrx_word' id='word_1_834' title='bbox 2570 4295 2672 4349; x_wconf 88' lang='lat' dir='ltr'><strong>Sed</strong></span> <span class='ocrx_word' id='word_1_835' title='bbox 2701 4293 2937 4347; x_wconf 87' lang='lat' dir='ltr'><strong>ostendit</strong></span> <span class='ocrx_word' id='word_1_836' title='bbox 2969 4292 3197 4359; x_wconf 89' lang='lat' dir='ltr'><strong>idipsmn</strong></span> <span class='ocrx_word' id='word_1_837' title='bbox 3229 4291 3495 4344; x_wconf 73' lang='lat' dir='ltr'><strong>evenisse.</strong></span> <span class='ocrx_word' id='word_1_838' title='bbox 3523 4288 3600 4342; x_wconf 85' lang='lat' dir='ltr'><strong>Ne</strong></span> <span class='ocrx_word' id='word_1_839' title='bbox 3635 4289 3894 4341; x_wconf 81' lang='lat' dir='ltr'><strong>attendas</strong></span> 
     </span>
    </p>
   </div>
   <div class='ocr_carea' id='block_1_104' title="bbox 2295 4381 3898 4458">
    <p class='ocr_par' dir='ltr' id='par_1_104' title="bbox 2295 4381 3898 4458">
     <span class='ocr_line' id='line_1_104' title="bbox 2295 4381 3898 4458; baseline -0.007 -12"><span class='ocrx_word' id='word_1_840' title='bbox 2295 4391 2435 4446; x_wconf 85' lang='lat' dir='ltr'><strong>enim</strong></span> <span class='ocrx_word' id='word_1_841' title='bbox 2468 4388 2607 4458; x_wconf 87' lang='lat' dir='ltr'><strong>quod</strong></span> <span class='ocrx_word' id='word_1_842' title='bbox 2630 4389 2842 4453; x_wconf 75' lang='lat' dir='ltr'><strong>dixerit,</strong></span> <span class='ocrx_word' id='word_1_843' title='bbox 2872 4386 3232 4456; x_wconf 67' lang='lat' dir='ltr'><strong>:lppuruerunt</strong></span> <span class='ocrx_word' id='word_1_844' title='bbox 3258 4383 3360 4435; x_wconf 85' lang='lat' dir='ltr'><strong>illis</strong></span> <span class='ocrx_word' id='word_1_845' title='bbox 3386 4383 3661 4448; x_wconf 76' lang='lat' dir='ltr'><strong>tlispcrtita&#39;</strong></span> <span class='ocrx_word' id='word_1_846' title='bbox 3682 4381 3898 4452; x_wconf 70' lang='lat' dir='ltr'><strong>lingua,</strong></span> 
     </span>
    </p>
   </div>
   <div class='ocr_carea' id='block_1_105' title="bbox 2295 4474 3899 4553">
    <p class='ocr_par' dir='ltr' id='par_1_105' title="bbox 2295 4474 3899 4553">
     <span class='ocr_line' id='line_1_105' title="bbox 2295 4474 3899 4553; baseline -0.007 -13"><span class='ocrx_word' id='word_1_847' title='bbox 2295 4484 2388 4540; x_wconf 78' lang='lat' dir='ltr'><strong>sed</strong></span> <span class='ocrx_word' id='word_1_848' title='bbox 2419 4485 2591 4553; x_wconf 81' lang='lat' dir='ltr'><strong>ignem</strong></span> <span class='ocrx_word' id='word_1_849' title='bbox 2623 4481 2783 4534; x_wconf 80' lang='lat' dir='ltr'><strong>fuisse</strong></span> <span class='ocrx_word' id='word_1_850' title='bbox 2809 4478 3140 4534; x_wconf 82' lang='lat' dir='ltr'><strong>consideres.</strong></span> <span class='ocrx_word' id='word_1_851' title='bbox 3175 4476 3380 4529; x_wconf 86' lang='lat' dir='ltr'><strong>Tantus</strong></span> <span class='ocrx_word' id='word_1_852' title='bbox 3409 4475 3547 4544; x_wconf 77' lang='lat' dir='ltr'><strong>ignis</strong></span> <span class='ocrx_word' id='word_1_853' title='bbox 3573 4474 3899 4528; x_wconf 83' lang='lat' dir='ltr'><strong>immensam</strong></span> 
     </span>
    </p>
   </div>
   <div class='ocr_carea' id='block_1_106' title="bbox 2296 4565 3898 4648">
    <p class='ocr_par' dir='ltr' id='par_1_106' title="bbox 2296 4565 3898 4648">
     <span class='ocr_line' id='line_1_106' title="bbox 2296 4565 3898 4648; baseline -0.006 -18"><span class='ocrx_word' id='word_1_854' title='bbox 2296 4577 2503 4648; x_wconf 84' lang='lat' dir='ltr'><strong>sylvam</strong></span> <span class='ocrx_word' id='word_1_855' title='bbox 2546 4583 2718 4644; x_wconf 87' lang='lat' dir='ltr'><strong>potest</strong></span> <span class='ocrx_word' id='word_1_856' title='bbox 2763 4570 3064 4626; x_wconf 84' lang='lat' dir='ltr'><strong>incendere.</strong></span> <span class='ocrx_word' id='word_1_857' title='bbox 3101 4571 3179 4623; x_wconf 84' lang='lat' dir='ltr'><strong>Ac</strong></span> <span class='ocrx_word' id='word_1_858' title='bbox 3213 4578 3354 4622; x_wconf 82' lang='lat' dir='ltr'><strong>recte</strong></span> <span class='ocrx_word' id='word_1_859' title='bbox 3382 4566 3530 4631; x_wconf 74' lang='lat' dir='ltr'><strong>dicit,</strong></span> <span class='ocrx_word' id='word_1_860' title='bbox 3579 4565 3898 4634; x_wconf 70' lang='lat' dir='ltr'><strong>Dis-partitae.</strong></span> 
     </span>
    </p>
   </div>
   <div class='ocr_carea' id='block_1_107' title="bbox 2298 4657 3903 4728">
    <p class='ocr_par' dir='ltr' id='par_1_107' title="bbox 2298 4657 3903 4728">
     <span class='ocr_line' id='line_1_107' title="bbox 2298 4657 3903 4728; baseline -0.005 -6"><span class='ocrx_word' id='word_1_861' title='bbox 2298 4670 2374 4722; x_wconf 76' lang='lat' dir='ltr'><strong>Ex</strong></span> <span class='ocrx_word' id='word_1_862' title='bbox 2406 4683 2505 4721; x_wconf 83' lang='lat' dir='ltr'><strong>una</strong></span> <span class='ocrx_word' id='word_1_863' title='bbox 2535 4666 2674 4720; x_wconf 85' lang='lat' dir='ltr'><strong>enim</strong></span> <span class='ocrx_word' id='word_1_864' title='bbox 2723 4665 2902 4718; x_wconf 83' lang='lat' dir='ltr'><strong>radice</strong></span> <span class='ocrx_word' id='word_1_865' title='bbox 2929 4665 2948 4693; x_wconf 81' lang='lat'>’</span> <span class='ocrx_word' id='word_1_866' title='bbox 2981 4672 3162 4726; x_wconf 87' lang='lat' dir='ltr'><strong>erant;</strong></span> <span class='ocrx_word' id='word_1_867' title='bbox 3195 4669 3250 4713; x_wconf 88' lang='lat' dir='ltr'><strong>ut</strong></span> <span class='ocrx_word' id='word_1_868' title='bbox 3278 4657 3452 4712; x_wconf 83' lang='lat' dir='ltr'><strong>discas</strong></span> <span class='ocrx_word' id='word_1_869' title='bbox 3488 4659 3592 4711; x_wconf 91' lang='lat' dir='ltr'><strong>vim</strong></span> <span class='ocrx_word' id='word_1_870' title='bbox 3634 4660 3903 4728; x_wconf 86' lang='lat' dir='ltr'><strong>operandi</strong></span> 
     </span>
    </p>
   </div>
   <div class='ocr_carea' id='block_1_108' title="bbox 2301 4741 3904 4822">
    <p class='ocr_par' dir='ltr' id='par_1_108' title="bbox 2301 4741 3904 4822">
     <span class='ocr_line' id='line_1_108' title="bbox 2301 4741 3904 4822; baseline -0.007 -5"><span class='ocrx_word' id='word_1_871' title='bbox 2301 4741 2420 4817; x_wconf 68' lang='lat' dir='ltr'><strong>esse</strong></span> <span class='ocrx_word' id='word_1_872' title='bbox 2450 4777 2478 4814; x_wconf 86' lang='lat' dir='ltr'><strong>a</strong></span> <span class='ocrx_word' id='word_1_873' title='bbox 2502 4759 2781 4815; x_wconf 87' lang='lat' dir='ltr'><strong>Paracleto</strong></span> <span class='ocrx_word' id='word_1_874' title='bbox 2831 4756 3072 4811; x_wconf 86' lang='lat' dir='ltr'><strong>missam.</strong></span> <span class='ocrx_word' id='word_1_875' title='bbox 3104 4752 3382 4822; x_wconf 85' lang='lat' dir='ltr'><strong>Perpende</strong></span> <span class='ocrx_word' id='word_1_876' title='bbox 3412 4760 3587 4806; x_wconf 84' lang='lat' dir='ltr'><strong>autem</strong></span> <span class='ocrx_word' id='word_1_877' title='bbox 3632 4751 3754 4806; x_wconf 85' lang='lat' dir='ltr'><strong>illos</strong></span> <span class='ocrx_word' id='word_1_878' title='bbox 3782 4755 3904 4821; x_wconf 86' lang='lat' dir='ltr'><strong>pri-</strong></span> 
     </span>
    </p>
   </div>
   <div class='ocr_carea' id='block_1_109' title="bbox 2300 4843 3907 4921">
    <p class='ocr_par' dir='ltr' id='par_1_109' title="bbox 2300 4843 3907 4921">
     <span class='ocr_line' id='line_1_109' title="bbox 2300 4843 3907 4921; baseline -0.008 -12"><span class='ocrx_word' id='word_1_879' title='bbox 2300 4870 2445 4909; x_wconf 87' lang='lat' dir='ltr'><strong>mum</strong></span> <span class='ocrx_word' id='word_1_880' title='bbox 2475 4852 2663 4921; x_wconf 79' lang='lat' dir='ltr'><strong>dignos</strong></span> <span class='ocrx_word' id='word_1_881' title='bbox 2693 4849 2993 4904; x_wconf 85' lang='lat' dir='ltr'><strong>declaratos</strong></span> <span class='ocrx_word' id='word_1_882' title='bbox 3014 4859 3166 4910; x_wconf 90' lang='lat' dir='ltr'><strong>esse,</strong></span> <span class='ocrx_word' id='word_1_883' title='bbox 3200 4853 3253 4898; x_wconf 89' lang='lat' dir='ltr'><strong>et</strong></span> <span class='ocrx_word' id='word_1_884' title='bbox 3277 4844 3400 4897; x_wconf 90' lang='lat' dir='ltr'><strong>hinc</strong></span> <span class='ocrx_word' id='word_1_885' title='bbox 3421 4843 3695 4912; x_wconf 86' lang='lat' dir='ltr'><strong>accepisse</strong></span> <span class='ocrx_word' id='word_1_886' title='bbox 3724 4843 3907 4912; x_wconf 86' lang='lat' dir='ltr'><strong>Spiri-</strong></span> 
     </span>
    </p>
   </div>
   <div class='ocr_carea' id='block_1_110' title="bbox 2304 4935 3903 5008">
    <p class='ocr_par' dir='ltr' id='par_1_110' title="bbox 2304 4935 3903 5008">
     <span class='ocr_line' id='line_1_110' title="bbox 2304 4935 3903 5008; baseline -0.006 -7"><span class='ocrx_word' id='word_1_887' title='bbox 2304 4959 2414 5003; x_wconf 74' lang='lat' dir='ltr'><strong>tum</strong></span> <span class='ocrx_word' id='word_1_888' title='bbox 2460 4954 2731 5008; x_wconf 86' lang='lat' dir='ltr'><strong>sanctum,</strong></span> <span class='ocrx_word' id='word_1_889' title='bbox 2766 4943 2901 4995; x_wconf 88' lang='lat' dir='ltr'><strong>utin</strong></span> <span class='ocrx_word' id='word_1_890' title='bbox 2937 4939 3134 4993; x_wconf 83' lang='lat' dir='ltr'><strong>Davide</strong></span> <span class='ocrx_word' id='word_1_891' title='bbox 3159 4935 3353 4991; x_wconf 86' lang='lat' dir='ltr'><strong>accidit</strong></span> <span class='ocrx_word' id='word_1_892' title='bbox 3385 4954 3398 4986; x_wconf 73' lang='grc' dir='ltr'><em>τ</em></span> <span class='ocrx_word' id='word_1_893' title='bbox 3427 4951 3550 4989; x_wconf 89' lang='lat' dir='ltr'><strong>nam</strong></span> <span class='ocrx_word' id='word_1_894' title='bbox 3576 4951 3694 5004; x_wconf 76' lang='lat' dir='ltr'><strong>qua:</strong></span> <span class='ocrx_word' id='word_1_895' title='bbox 3719 4936 3812 4990; x_wconf 90' lang='lat' dir='ltr'><strong>ille</strong></span> <span class='ocrx_word' id='word_1_896' title='bbox 3846 4936 3903 4993; x_wconf 89' lang='lat' dir='ltr'><strong>in</strong></span> 
     </span>
    </p>
   </div>
   <div class='ocr_carea' id='block_1_111' title="bbox 2303 5027 3906 5099">
    <p class='ocr_par' dir='ltr' id='par_1_111' title="bbox 2303 5027 3906 5099">
     <span class='ocr_line' id='line_1_111' title="bbox 2303 5027 3906 5099; baseline -0.006 -7"><span class='ocrx_word' id='word_1_897' title='bbox 2303 5038 2528 5092; x_wconf 85' lang='lat' dir='ltr'><strong>ovilibus</strong></span> <span class='ocrx_word' id='word_1_898' title='bbox 2577 5035 2794 5098; x_wconf 77' lang='lat' dir='ltr'><strong>fecerat,</strong></span> <span class='ocrx_word' id='word_1_899' title='bbox 2825 5031 3012 5085; x_wconf 84' lang='lat' dir='ltr'><strong>eadem</strong></span> <span class='ocrx_word' id='word_1_900' title='bbox 3056 5030 3180 5083; x_wconf 82' lang='lat' dir='ltr'><strong>iecit</strong></span> <span class='ocrx_word' id='word_1_901' title='bbox 3225 5036 3347 5099; x_wconf 88' lang='lat' dir='ltr'><strong>post</strong></span> <span class='ocrx_word' id='word_1_902' title='bbox 3391 5027 3672 5082; x_wconf 85' lang='lat' dir='ltr'><strong>vietoriam</strong></span> <span class='ocrx_word' id='word_1_903' title='bbox 3704 5036 3756 5080; x_wconf 91' lang='lat' dir='ltr'><strong>et</strong></span> <span class='ocrx_word' id='word_1_904' title='bbox 3784 5037 3906 5083; x_wconf 85' lang='lat' dir='ltr'><strong>tro-</strong></span> 
     </span>
    </p>
   </div>
   <div class='ocr_carea' id='block_1_112' title="bbox 2306 5118 3907 5200">
    <p class='ocr_par' dir='ltr' id='par_1_112' title="bbox 2306 5118 3907 5200">
     <span class='ocr_line' id='line_1_112' title="bbox 2306 5118 3907 5200; baseline -0.009 -17"><span class='ocrx_word' id='word_1_905' title='bbox 2306 5145 2439 5200; x_wconf 80' lang='lat' dir='ltr'><strong>panr</strong></span> <span class='ocrx_word' id='word_1_906' title='bbox 2487 5171 2497 5190; x_wconf 94' lang='lat'><strong>,</strong></span> <span class='ocrx_word' id='word_1_907' title='bbox 2535 5137 2590 5180; x_wconf 92' lang='lat' dir='ltr'><strong>ut</strong></span> <span class='ocrx_word' id='word_1_908' title='bbox 2621 5127 2794 5194; x_wconf 71' lang='lat' dir='ltr'><strong>palam</strong></span> <span class='ocrx_word' id='word_1_909' title='bbox 2821 5132 2965 5177; x_wconf 84' lang='lat' dir='ltr'><strong>esset</strong></span> <span class='ocrx_word' id='word_1_910' title='bbox 3008 5121 3138 5175; x_wconf 88' lang='lat' dir='ltr'><strong>iides</strong></span> <span class='ocrx_word' id='word_1_911' title='bbox 3168 5121 3302 5190; x_wconf 87' lang='lat' dir='ltr'><strong>ejus.</strong></span> <span class='ocrx_word' id='word_1_912' title='bbox 3340 5118 3477 5173; x_wconf 75' lang='lat' dir='ltr'><strong>Vide</strong></span> <span class='ocrx_word' id='word_1_913' title='bbox 3501 5133 3712 5173; x_wconf 88' lang='lat' dir='ltr'><strong>rursum</strong></span> <span class='ocrx_word' id='word_1_914' title='bbox 3747 5119 3907 5192; x_wconf 70' lang='lat' dir='ltr'><strong>May-</strong></span> 
     </span>
    </p>
   </div>
   <div class='ocr_carea' id='block_1_113' title="bbox 2303 5211 3908 5288">
    <p class='ocr_par' dir='ltr' id='par_1_113' title="bbox 2303 5211 3908 5288">
     <span class='ocr_line' id='line_1_113' title="bbox 2303 5211 3908 5288; baseline -0.004 -12"><span class='ocrx_word' id='word_1_915' title='bbox 2303 5236 2420 5276; x_wconf 77' lang='lat' dir='ltr'><strong>sem</strong></span> <span class='ocrx_word' id='word_1_916' title='bbox 2443 5221 2529 5288; x_wconf 47' lang='lat' dir='ltr'><strong>qui</strong></span> <span class='ocrx_word' id='word_1_917' title='bbox 2553 5221 2662 5288; x_wconf 86' lang='lat' dir='ltr'><strong>ipse</strong></span> <span class='ocrx_word' id='word_1_918' title='bbox 2683 5231 2892 5287; x_wconf 81' lang='lat' dir='ltr'><strong>quoque</strong></span> <span class='ocrx_word' id='word_1_919' title='bbox 2915 5216 3112 5285; x_wconf 84' lang='lat' dir='ltr'><strong>regiam</strong></span> <span class='ocrx_word' id='word_1_920' title='bbox 3137 5215 3466 5285; x_wconf 80' lang='lat' dir='ltr'><strong>deSpicicbat</strong></span> <span class='ocrx_word' id='word_1_921' title='bbox 3499 5211 3755 5284; x_wconf 78' lang='lat' dir='ltr'><strong>(Exod.2.</strong></span> <span class='ocrx_word' id='word_1_922' title='bbox 3785 5215 3844 5269; x_wconf 76' lang='grc' dir='ltr'>Η</span> <span class='ocrx_word' id='word_1_923' title='bbox 3865 5221 3908 5283; x_wconf 83' lang='grc'><strong>),</strong></span> 
     </span>
    </p>
   </div>
   <div class='ocr_carea' id='block_1_114' title="bbox 2308 5306 3909 5382">
    <p class='ocr_par' dir='ltr' id='par_1_114' title="bbox 2308 5306 3909 5382">
     <span class='ocr_line' id='line_1_114' title="bbox 2308 5306 3909 5382; baseline -0.005 -14"><span class='ocrx_word' id='word_1_924' title='bbox 2308 5324 2360 5369; x_wconf 88' lang='lat' dir='ltr'><strong>et</strong></span> <span class='ocrx_word' id='word_1_925' title='bbox 2385 5321 2502 5382; x_wconf 71' lang='lat' dir='ltr'><strong>post</strong></span> <span class='ocrx_word' id='word_1_926' title='bbox 2546 5310 2894 5380; x_wconf 80' lang='lat' dir='ltr'><strong>quadraginta</strong></span> <span class='ocrx_word' id='word_1_927' title='bbox 2925 5323 3095 5362; x_wconf 87' lang='lat' dir='ltr'><strong>annos</strong></span> <span class='ocrx_word' id='word_1_928' title='bbox 3146 5307 3529 5376; x_wconf 85' lang='lat' dir='ltr'><strong>rempublicam</strong></span> <span class='ocrx_word' id='word_1_929' title='bbox 3559 5306 3909 5360; x_wconf 79' lang='lat' dir='ltr'><strong>administra-</strong></span> 
     </span>
    </p>
   </div>
   <div class='ocr_carea' id='block_1_115' title="bbox 2308 5398 3907 5473">
    <p class='ocr_par' dir='ltr' id='par_1_115' title="bbox 2308 5398 3907 5473">
     <span class='ocr_line' id='line_1_115' title="bbox 2308 5398 3907 5473; baseline -0.005 -11"><span class='ocrx_word' id='word_1_930' title='bbox 2308 5410 2413 5473; x_wconf 88' lang='lat' dir='ltr'><strong>vit;</strong></span> <span class='ocrx_word' id='word_1_931' title='bbox 2465 5403 2766 5462; x_wconf 82' lang='lat' dir='ltr'><strong>Samuelcm</strong></span> <span class='ocrx_word' id='word_1_932' title='bbox 2811 5402 2864 5458; x_wconf 90' lang='lat' dir='ltr'><strong>in</strong></span> <span class='ocrx_word' id='word_1_933' title='bbox 2911 5403 3112 5473; x_wconf 90' lang='lat' dir='ltr'><strong>templo</strong></span> <span class='ocrx_word' id='word_1_934' title='bbox 3155 5400 3435 5456; x_wconf 65' lang='lat' dir='ltr'><strong>educumn</strong></span> <span class='ocrx_word' id='word_1_935' title='bbox 3464 5401 3537 5466; x_wconf 80' lang='lat' dir='ltr'><strong>(l.</strong></span> <span class='ocrx_word' id='word_1_936' title='bbox 3572 5398 3699 5470; x_wconf 73' lang='lat' dir='ltr'><strong>Rrg.</strong></span> <span class='ocrx_word' id='word_1_937' title='bbox 3727 5401 3786 5456; x_wconf 79' lang='lat'><strong>3.</strong></span> <span class='ocrx_word' id='word_1_938' title='bbox 3815 5400 3907 5468; x_wconf 79' lang='lat'><strong>&#39;5);</strong></span> 
     </span>
    </p>
   </div>
   <div class='ocr_carea' id='block_1_116' title="bbox 2377 5555 3912 5625">
    <p class='ocr_par' dir='ltr' id='par_1_116' title="bbox 2377 5555 3912 5625">
     <span class='ocr_line' id='line_1_116' title="bbox 2377 5555 3912 5625; baseline -0.007 -14"><span class='ocrx_word' id='word_1_939' title='bbox 2377 5565 2391 5594; x_wconf 75' lang='grc' dir='ltr'>ί</span> <span class='ocrx_word' id='word_1_940' title='bbox 2430 5571 2558 5611; x_wconf 85' lang='lat' dir='ltr'><strong>Unus</strong></span> <span class='ocrx_word' id='word_1_941' title='bbox 2603 5562 2752 5609; x_wconf 78' lang='lat' dir='ltr'><strong>habet</strong></span> <span class='ocrx_word' id='word_1_942' title='bbox 2784 5571 2796 5608; x_wconf 89' lang='lat'><strong>:</strong></span> <span class='ocrx_word' id='word_1_943' title='bbox 2846 5556 3013 5625; x_wconf 17' lang='lat' dir='ltr'><strong>tl’iden’</strong></span> <span class='ocrx_word' id='word_1_944' title='bbox 3045 5557 3173 5625; x_wconf 79' lang='lat' dir='ltr'><strong>male</strong></span> <span class='ocrx_word' id='word_1_945' title='bbox 3213 5555 3506 5625; x_wconf 55' lang='lat' dir='ltr'><strong>eligeret-um</strong></span> <span class='ocrx_word' id='word_1_946' title='bbox 3547 5555 3699 5604; x_wconf 69' lang='lat' dir='ltr'><strong>instar</strong></span> <span class='ocrx_word' id='word_1_947' title='bbox 3742 5556 3912 5604; x_wconf 64' lang='lat' dir='ltr'><strong>orem:</strong></span> 
     </span>
    </p>
   </div>
   <div class='ocr_carea' id='block_1_117' title="bbox 2312 5619 3915 5684">
    <p class='ocr_par' dir='ltr' id='par_1_117' title="bbox 2312 5619 3915 5684">
     <span class='ocr_line' id='line_1_117' title="bbox 2312 5619 3915 5684; baseline -0.006 -9"><span class='ocrx_word' id='word_1_948' title='bbox 2312 5634 2557 5675; x_wconf 78' lang='lat' dir='ltr'><strong>terrarum</strong></span> <span class='ocrx_word' id='word_1_949' title='bbox 2582 5619 2928 5684; x_wconf 63' lang='lat' dir='ltr'><strong>;_.-i&#39;l&#39;t&#39;;n&#39;t‘erirtt.</strong></span> <span class='ocrx_word' id='word_1_950' title='bbox 2969 5628 3098 5668; x_wconf 88' lang='lat' dir='ltr'><strong>tlanc</strong></span> <span class='ocrx_word' id='word_1_951' title='bbox 3122 5619 3382 5669; x_wconf 78' lang='lat' dir='ltr'><strong>lectionem</strong></span> <span class='ocrx_word' id='word_1_952' title='bbox 3429 5625 3670 5681; x_wconf 87' lang='lat' dir='ltr'><strong>sequutus</strong></span> <span class='ocrx_word' id='word_1_953' title='bbox 3696 5625 3774 5667; x_wconf 80' lang='lat' dir='ltr'><strong>est</strong></span> <span class='ocrx_word' id='word_1_954' title='bbox 3801 5619 3915 5667; x_wconf 67' lang='lat' dir='ltr'><strong>lira-</strong></span> 
     </span>
    </p>
   </div>
   <div class='ocr_carea' id='block_1_118' title="bbox 2314 5702 2463 5736">
    <p class='ocr_par' dir='ltr' id='par_1_118' title="bbox 2314 5702 2463 5736">
     <span class='ocr_line' id='line_1_118' title="bbox 2314 5702 2463 5736; baseline -0.027 -1"><span class='ocrx_word' id='word_1_955' title='bbox 2314 5702 2463 5736; x_wconf 73' lang='lat' dir='ltr'><strong>smus.</strong></span> 
     </span>
    </p>
   </div>
   <div class='ocr_carea' id='block_1_119' title="bbox 2379 5742 3916 5804">
    <p class='ocr_par' dir='ltr' id='par_1_119' title="bbox 2379 5742 3916 5804">
     <span class='ocr_line' id='line_1_119' title="bbox 2379 5742 3916 5804; baseline -0.001 -14"><span class='ocrx_word' id='word_1_956' title='bbox 2379 5751 2398 5780; x_wconf 67' lang='lat'><strong>8</strong></span> <span class='ocrx_word' id='word_1_957' title='bbox 2466 5743 2597 5790; x_wconf 65' lang='lat' dir='ltr'><strong>L&#39;uus</strong></span> <span class='ocrx_word' id='word_1_958' title='bbox 2657 5743 2837 5798; x_wconf 71' lang='lat' dir='ltr'><strong>habet,</strong></span> <span class='ocrx_word' id='word_1_959' title='bbox 2877 5744 3013 5804; x_wconf 55' lang='lat' dir='ltr'><strong>litate,</strong></span> <span class='ocrx_word' id='word_1_960' title='bbox 3047 5757 3136 5803; x_wconf 84' lang='lat' dir='ltr'><strong>pro</strong></span> <span class='ocrx_word' id='word_1_961' title='bbox 3162 5779 3174 5800; x_wconf 95' lang='lat'><strong>,</strong></span> <span class='ocrx_word' id='word_1_962' title='bbox 3202 5743 3385 5792; x_wconf 54' lang='lat' dir='ltr'><strong>raait&#39;c.</strong></span> <span class='ocrx_word' id='word_1_963' title='bbox 3412 5742 3466 5791; x_wconf 72' lang='lat' dir='ltr'><strong>Et</strong></span> <span class='ocrx_word' id='word_1_964' title='bbox 3497 5742 3676 5789; x_wconf 75' lang='lat' dir='ltr'><strong>infra...</strong></span> <span class='ocrx_word' id='word_1_965' title='bbox 3705 5756 3732 5788; x_wconf 89' lang='lat' dir='ltr'><strong>a</strong></span> <span class='ocrx_word' id='word_1_966' title='bbox 3765 5751 3916 5789; x_wconf 78' lang='lat' dir='ltr'><strong>t&#39;nra-</strong></span> 
     </span>
    </p>
   </div>
   <div class='ocr_carea' id='block_1_120' title="bbox 2318 5803 3918 5878">
    <p class='ocr_par' dir='ltr' id='par_1_120' title="bbox 2318 5803 3918 5878">
     <span class='ocr_line' id='line_1_120' title="bbox 2318 5803 3918 5878; baseline -0.006 -19"><span class='ocrx_word' id='word_1_967' title='bbox 2318 5810 2444 5878; x_wconf 59' lang='lat' dir='ltr'><strong>eluta</strong></span> <span class='ocrx_word' id='word_1_968' title='bbox 2465 5825 2570 5856; x_wconf 55' lang='lat' dir='ltr'><strong>nam</strong></span> <span class='ocrx_word' id='word_1_969' title='bbox 2631 5824 2656 5856; x_wconf 56' lang='grc' dir='ltr'><strong>δέ</strong></span> <span class='ocrx_word' id='word_1_970' title='bbox 2683 5822 2695 5858; x_wconf 90' lang='lat'><em>:</em></span> <span class='ocrx_word' id='word_1_971' title='bbox 2723 5803 2944 5869; x_wconf 57' lang='lat' dir='ltr'><strong>quiquis</strong></span> <span class='ocrx_word' id='word_1_972' title='bbox 2966 5803 3118 5854; x_wconf 77' lang='lat' dir='ltr'><strong>in:~.tar</strong></span> <span class='ocrx_word' id='word_1_973' title='bbox 3146 5816 3341 5867; x_wconf 65' lang='lat' dir='ltr'><strong>peccati</strong></span> <span class='ocrx_word' id='word_1_974' title='bbox 3376 5805 3542 5853; x_wconf 53' lang='lat' dir='ltr'><strong>nti-indi</strong></span> <span class='ocrx_word' id='word_1_975' title='bbox 3569 5804 3705 5862; x_wconf 57' lang='grc' dir='ltr'><strong>(ιτα-μὶ</strong></span> <span class='ocrx_word' id='word_1_976' title='bbox 3731 5805 3918 5866; x_wconf 58' lang='grc' dir='ltr'><strong>(ἐφη-ιη</strong></span> 
     </span>
    </p>
   </div>
   <div class='ocr_carea' id='block_1_121' title="bbox 2321 5883 2597 5922">
    <p class='ocr_par' dir='ltr' id='par_1_121' title="bbox 2321 5883 2597 5922">
     <span class='ocr_line' id='line_1_121' title="bbox 2321 5883 2597 5922; baseline -0.011 -2"><span class='ocrx_word' id='word_1_977' title='bbox 2321 5886 2490 5922; x_wconf 48' lang='lat' dir='ltr'><strong>suum&quot;;</strong></span> <span class='ocrx_word' id='word_1_978' title='bbox 2519 5883 2597 5922; x_wconf 63' lang='grc' dir='ltr'><strong>ὕει.</strong></span> 
     </span>
    </p>
   </div>
  </div>
