4054 6400
167 384 234 442 ιε
1202 367 1271 423 ιη
1309 365 1484 423 acra
1529 361 2311 427 APOSTOLORUIIJIOMIL.
2354 366 2446 425 tv.

164 502 420 558 l-Llisicum
445 538 463 562 ,
498 493 592 568 qui
634 488 816 552 omnia
852 485 1058 545 dimisit
1090 486 1168 557 (5.
1205 483 1331 555 Reg.
1362 482 1450 540 l9.
1476 482 1594 554 2t);
1634 481 1772 536 Eze-

158 593 396 649 chielem
442 589 594 644 item.
642 582 798 653 Quod
828 595 957 638 vera
1004 581 1085 636 sic
1113 579 1376 644 evenerit,
1419 578 1590 647 liquet
1615 592 1681 630 ex
1711 575 1777 630 iis

158 703 283 756 qua:
333 691 561 754 sequuta
606 688 733 736 sunt
766 691 929 732 :nam
961 669 1014 728 hi
1042 688 1137 729 sua
1182 673 1362 728 omnia
1417 673 1772 741 reliquerunt.

161 780 290 834 Ideo
337 786 465 830 tunc
501 772 760 843 Spiritum
797 765 1107 837 accipiunt,
1159 779 1281 819 cum
1322 764 1574 819 virtutem
1617 775 1773 816 suam

154 869 550 924 ostendissent.
593 860 902 917 Didicerant
949 857 1236 911 humanam
1262 857 1630 910 mnrmitatem
1676 867 1775 923 per

155 976 242 1023 ea,
265 974 391 1030 quae
419 956 562 1028 passi
576 955 789 1011 fuerant
814 950 1142 1006 :didicerant
1164 962 1223 1001 se
1246 963 1354 1002 non
1380 945 1576 1000 frustra
1601 943 1772 1014 probe

157 1069 280 1109 rem
302 1051 557 1122 gessisse.
576 1052 667 1108 Sic
692 1058 748 1105 et
768 1048 900 1105 Sai'tl
925 1060 1049 1102 cum
1072 1041 1442 1100 testimonium
1469 1038 1774 1107 accepisset

153 1161 218 1201 se
259 1145 463 1200 bonum
494 1158 619 1199 esse
647 1143 846 1207 virum,
862 1139 1120 1210 Spiritum
1142 1134 1380 1204 accepit;
1409 1133 1588 1188 sedeo
1607 1129 1770 1186 modo

151 1254 267 1309 quo
296 1252 445 1293 nunc
483 1235 755 1307 discipuli,
779 1248 972 1300 nemo;
1016 1244 1191 1302 neque
1220 1228 1432 1301 Moyses
1472 1227 1564 1298 qui
1596 1227 1772 1296 major

153 1330 446 1402 prophetis
481 1337 622 1387 erat.
647 1327 783 1385 Nam
829 1326 942 1393 ille,
973 1338 1096 1380 eum
1125 1329 1402 1393 oporteret
1439 1320 1575 1376 alios
1601 1317 1770 1388 spiri-

151 1422 338 1478 tualcs
384 1421 528 1477 eflici
552 1461 571 1489 ,
618 1419 937 1475 imminutus
973 1423 1075 1471 est.
1107 1414 1206 1469 Hic
1249 1427 1381 1468 vero
1419 1425 1528 1466 non
1574 1408 1769 1466 eodem

149 1515 345 1580 modo,
373 1513 470 1569 sed
517 1509 974 1584 quemadmodum
1001 1506 1069 1562 ad
1096 1506 1276 1578 ignem
1305 1511 1438 1575 quot
1476 1502 1621 1558 volet
1643 1501 1768 1572 qui-

148 1611 238 1665 vis
263 1610 516 1664 lucernas
538 1604 820 1669 accendet,
850 1617 953 1659 nec
973 1601 1179 1656 minuet
1207 1600 1411 1670 ignem,
1443 1596 1523 1653 sic
1549 1606 1603 1652 et
1632 1609 1770 1666 apo-

150 1703 316 1758 stolis
362 1710 494 1756 tnnc
518 1699 766 1770 contigit.
811 1695 948 1752 Nam
977 1710 1077 1766 per
1103 1694 1283 1765 ignem
1321 1708 1428 1748 non
1456 1689 1620 1746 modo
1647 1705 1771 1762 gra-

150 1795 246 1849 tia:
276 1793 502 1848 ubertas
527 1789 944 1855 ostendebatur;
988 1785 1085 1843 sed
1110 1786 1335 1857 quisque
1363 1783 1568 1838 fontem
1593 1781 1768 1852 Spiri-

151 1897 240 1940 tus
263 1885 593 1955 accipiebat,
624 1891 683 1939 ut
707 1881 843 1937 dixit
895 1880 1005 1947 ille,
1037 1893 1133 1936 eos
1160 1879 1251 1950 qui
1281 1882 1333 1934 in
1355 1893 1418 1934 se
1455 1875 1766 1944 crederent,

149 1986 480 2046 accepturos
510 1988 632 2030 esse
655 1973 859 2030 fontem
889 1987 1045 2043 aquae
1069 1971 1313 2026 salientis
1341 1970 1394 2025 in
1414 1970 1578 2024 vitam
1610 1979 1770 2024 reter-

144 2085 278 2123 nam
312 2067 498 2140 (Joan.
530 2069 584 2122 4.
616 2066 709 2138 li)
740 2084 752 2119 :
787 2065 950 2136 idque
992 2064 1117 2134 jure
1164 2064 1380 2118 merito.
1407 2062 1594 2133 Neque
1622 2061 1768 2116 enim

141 2176 274 2216 cum
305 2160 588 2215 Pharaone
617 2159 939 2230 disputaturi
968 2157 1246 2222 abierant,
1277 2154 1372 2210 sed
1400 2170 1522 2210 cum
1549 2154 1768 2210 diabolo

145 2253 464 2324 pugnaturi.
505 2250 770 2322 Quodque
812 2249 1116 2305 mirabilius
1156 2257 1262 2314 est,
1297 2247 1447 2303 missi
1480 2263 1588 2304 non
1614 2262 1770 2318 repu-

142 2356 404 2415 gnarunt,
432 2361 533 2400 nec
559 2345 809 2400 dixerunt
838 2359 899 2400 se
919 2343 1108 2416 gracili
1133 2357 1265 2398 voce
1292 2351 1349 2399 et
1371 2341 1549 2413 lingua
1582 2343 1767 2399 tardos

143 2455 271 2496 esse
303 2439 501 2512 (Exod.
528 2441 584 2495 4.
617 2438 740 2511 ιο);
773 2437 986 2510 Moyses
1013 2437 1158 2495 enim
1191 2438 1315 2493 illos
1346 2437 1412 2492 ad
1445 2437 1550 2492 hoc
1576 2437 1766 2492 erudi-

142 2544 290 2589 erat.
303 2532 418 2588 Non
435 2533 712 2601 dixerunt,
729 2531 1042 2602 sejuniores
1061 2546 1203 2597 esse;
1226 2547 1349 2587 nam
1367 2531 1631 2587 .leremias
1645 2531 1767 2587 illos

144 2627 461 2681 instituerat
491 2625 629 2697 (Jer.
661 2628 714 2681 l.
744 2627 824 2696 6).
854 2625 1018 2696 Atqui
1061 2625 1230 2680 multa
1274 2623 1562 2681 audierant
1603 2625 1766 2682 terri-

144 2720 302 2784 bilia,
345 2720 647 2790 multoque,
679 2735 840 2792 quam
888 2720 986 2784 illi,
1017 2721 1223 2792 majora
1249 2739 1263 2775 :
1293 2729 1349 2776 et
1379 2730 1558 2775 tamen
1604 2720 1763 2775 veriti

142 2823 276 2869 sunt
300 2813 700 2870 contradicere.
745 2813 882 2870 Hinc
909 2814 1084 2885 palam
1115 2823 1199 2870 est
1223 2829 1319 2870 eos
1350 2813 1514 2869 fuisse
1543 2814 1766 2884 angelos

141 2905 304 2970 locis,
328 2915 383 2959 et
406 2919 766 2974 supernarum
796 2921 979 2962 rerum
1013 2906 1313 2962 ministros.
1330 2906 1398 2960 Et
1417 2906 1522 2961 illis
1547 2906 1763 2976 quidem

143 2997 201 3052 in
231 3008 376 3052 terra
403 2997 688 3067 agentibus
709 2997 887 3053 nullus
913 2997 984 3054 de
1010 3000 1148 3055 cailo
1172 3000 1455 3069 apparuit;
1487 2998 1584 3055 sed
1616 3008 1766 3070 post-

141 3106 311 3160 quam
347 3089 596 3145 ascendit
641 3090 814 3147 Homo
854 3107 1070 3148 sursum
1097 3135 1112 3157 ,
1163 3090 1402 3164 Spiritus
1434 3108 1467 3149 e
1511 3092 1765 3163 supernis

141 3180 398 3246 advenit;
426 3179 707 3251 Tamquam
727 3184 1146 3252 supervenientis,
1168 3183 1364 3254 inquit,
1387 3184 1602 3255 spiritus
1617 3185 1766 3238 velte-

143 3273 354 3329 ntentis.
400 3271 539 3328 Hinc
572 3273 810 3329 declarat
833 3274 972 3339 fore,
1003 3283 1062 3329 ut
1084 3274 1219 3332 nihil
1246 3277 1416 3345 possit
1442 3277 1574 3347 ipsis
1610 3277 1760 3332 obsio

141 3373 317 3430 atere,
347 3364 443 3419 sed
474 3363 722 3420 inimicos
749 3365 818 3420 ab
842 3365 976 3435 ipsis
1019 3365 1260 3436 pulveris
1295 3368 1465 3423 instar
1494 3369 1762 3424 ventilan-

140 3451 246 3508 dos
289 3467 436 3508 esse.
482 3451 551 3508 Et
599 3457 808 3520 replevit
855 3465 1014 3510 totam
1069 3457 1296 3511 domum.
1317 3457 1519 3514 Domus
1575 3461 1762 3515 mundi

146 3545 457 3616 symbolum
476 3555 613 3600 erat.
633 3546 878 3619 Seditque
906 3564 1067 3618 supra
1084 3549 1314 3621 singulos
1331 3566 1526 3605 eorum.
1549 3551 1618 3606 Et
1638 3568 1761 3608 con-

142 3639 284 3691 venit
301 3637 599 3704 multitudo,
616 3647 660 3691 et
676 3649 840 3694 mente
853 3644 1069 3712 confusa
1081 3651 1155 3697 est
1163 3683 1176 3697 .
1185 3641 1596 3703 Viden‘illorum
1606 3650 1776 3720 pieta-

144 3736 284 3792 tem,
315 3736 374 3782 et
402 3729 678 3796 quomodo
698 3731 834 3785 nihil
860 3733 1039 3787 statim
1063 3738 1432 3805 pronuntient,
1474 3738 1571 3794 sed
1603 3737 1764 3792 11ωεὶ-

141 3820 302 3874 teut?
345 3821 427 3875 ll‘li
470 3837 604 3876 vero
629 3822 858 3893 improbi
898 3828 1251 3895 pronuntiant
1286 3829 1551 3891 dicentes.
1589 3831 1761 3886 Musto

145 3912 288 3980 pleni
324 3923 461 3966 sunt.
485 3913 752 3980 Quoniam
774 3916 1071 3972 secundum
1102 3919 1276 3990 legem
1317 3921 1516 3978 licebat
1545 3923 1654 3980 illis
1677 3934 1762 3980 ter

145 4003 442 4070 quotannis
472 4004 525 4057 iu
570 4005 773 4075 templo
800 4021 1140 4077 comparere,
1166 4011 1292 4067 ideo
1317 4013 1423 4069 illic
1447 4014 1760 4073 habitabant

141 4109 212 4149 ex
240 4096 498 4150 omnibus
524 4098 830 4152 nationibus
855 4100 957 4154 viri
988 4102 1248 4172 religiosi.
1292 4104 1430 4160 Hinc
1457 4108 1756 4179 perpende,

143 4201 309 4255 quam
341 4201 449 4240 non
496 4187 745 4244 aduletur
769 4190 876 4245 illis
904 4193 995 4262 qui
1032 4192 1151 4249 hare
1181 4197 1418 4266 scripsit.
1443 4200 1560 4255 Non
1610 4203 1757 4258 enim

144 4278 279 4334 dicit
306 4278 433 4335 illos
461 4280 592 4350 quid
629 4287 1031 4354 pronuntiasse,
1052 4288 1152 4343 sed
1183 4291 1345 4360 quid?
1379 4291 1546 4348 Facta
1584 4307 1758 4352 autem

145 4370 243 4424 hac
267 4387 390 4426 voce
412 4375 644 4428 convenit
671 4375 946 4432 multitudo
961 4390 1009 4433 et
1038 4391 1204 4437 mente
1231 4389 1445 4457 confusa
1464 4397 1557 4445 est.
1587 4389 1751 4447 lure:

145 4463 413 4532 putabant
441 4468 585 4522 enim
613 4483 725 4524 rem
753 4470 917 4527 linem
943 4476 1219 4545 accepisSe
1248 4494 1344 4548 per
1367 4497 1525 4538 suum
1565 4495 1754 4542 contra

141 4556 424 4613 Christum
450 4559 678 4618 facinus.
709 4563 964 4635 Alioquin
988 4583 1142 4635 vero,
1180 4573 1511 4630 conscientia
1537 4577 1752 4636 illorum

141 4649 358 4703 animos
385 4652 730 4724 exagitabat,
759 4670 883 4712 cum
909 4658 1090 4716 ctcdes
1115 4661 1294 4719 adhuc
1318 4668 1468 4735 quasi
1499 4668 1550 4723 in
1578 4673 1752 4727 mani-

141 4740 247 4796 bus
289 4752 460 4810 esset,
491 4753 550 4801 et
575 4747 756 4804 omnia
788 4750 914 4808 illos
960 4755 1255 4812 terrebant.
1281 4757 1471 4816 Nonne
1510 4779 1645 4832 ecce,
1669 4766 1752 4821 in-

134 4837 280 4906 quit,
322 4838 379 4891 lu'
418 4854 618 4908 omnes,
652 4844 741 4912 qui
786 4844 1094 4915 loquuntur,
1134 4850 1343 4908 (ἔαιίιωὶ
1369 4858 1540 4911 sunt?
1583 4859 1752 4918 Recte

139 4925 278 4981 dixit
309 4947 327 4982 :
350 4945 476 4985 nam
500 4946 562 4987 se
583 4933 720 4991 tales
749 4936 1160 5006 profitebantur.
1208 4945 1360 5002 Adeo
1386 4948 1507 5004 illos
1538 4953 1752 5012 sonitus

141 5019 386 5075 terrebat
427 5039 441 5076 :
482 5039 607 5079 nam
649 5042 844 5099 magna
891 5045 1017 5100 pars
1055 5035 1201 5090 orbis
1242 5038 1346 5094 huc
1390 5041 1747 5102 confluxerat.

139 5109 277 5166 lllud
307 5127 440 5169 vero
465 5117 743 5183 apostolos
772 5121 1087 5192 rohorahat,
1131 5129 1274 5197 quod
1303 5145 1428 5186 cum
1470 5137 1750 5195 nescirent

138 5203 266 5304 quid
292 5207 753 5304 esset—Parthice
793 5214 959 5286 loqui,
991 5219 1062 5273 ab
1099 5220 1204 5277 illis
1251 5233 1376 5281 tunc
1405 5243 1467 5284 se
1493 5229 1564 5285 ita
1593 5233 1747 5304 loqui

140 5293 440 5351 discebant.
477 5298 647 5355 Porro
674 5315 865 5372 gentes
893 5324 1158 5366 memorat
1190 5315 1296 5375 illis
1324 5319 1588 5390 inimicas,
1616 5293 1750 5382 Cre-

139 5391 244 5450 tas,
289 5387 520 5456 Arabes,
556 5390 858 5468 Egyptios,
887 5399 1084 5459 Persas
1114 5419 1127 5459 :
1161 5405 1445 5467 declarans
1480 5387 1606 5473 illos
1648 5420 1748 5477 has

132 5491 330 5532 omnes
352 5481 672 5541 subacturos
698 5502 835 5546 esse.

206 5569 262 5673 3..
287 5569 439 5673 .Cu‘m
480 5586 669 5673 autem,
704 5579 879 5638 Judzei
926 5594 1052 5642 tunc
1103 5590 1155 5646 in
1187 5595 1497 5663 captivitate
1538 5615 1742 5673 essent,

137 5663 591 5767 verisimile-erat
638 5671 711 5729 ibi
752 5675 954 5734 multos
996 5695 1313 5754 comparere
1356 5705 1421 5746 ex
1451 5663 1742 5767 gentibus;

139 5753 250 5847 sive
274 5757 422 5827 quod
449 5758 562 5828 jam
585 5764 724 5833 apud
753 5777 948 5838 gentes
967 5753 1215 5844 dogmata
1243 5753 1509 5840 seminaia
1535 5753 1741 5847 essent:

136 5840 370 5919 ideoque
401 5852 554 5909 multi
593 5854 706 5925 jam
753 5859 862 5917 illic
892 5840 1153 5936 aderant,
1182 5883 1370 5929 eorum
1403 5891 1522 5946 qua:

3430 371 3521 428 ιι

1889 492 2010 537 rant
2033 499 2328 541 memores.
2351 484 2750 541 Testimonium
2775 499 2907 565 ergo
2927 484 3165 556 undique
3190 496 3362 542 tntum
3384 499 3506 544 erat

1885 583 1939 629 ct
1964 577 2084 632 sine
2103 577 2500 643 controversia,
2527 592 2557 632 a
2583 577 2812 645 civibus,
2834 578 2905 634 ab
2933 580 3227 644 extraneis,
3257 593 3289 634 a
3313 594 3504 650 prose-

1885 666 2034 738 lytis.
2068 668 2371 723 Audiuimus
2390 685 2478 724 eos
2505 670 2765 740 loquentes
2787 670 2978 725 nostn's
3004 671 3197 743 tinguis
3236 672 3505 739 muqnaiin

1881 757 2002 814 Dei.
2027 758 2146 814 Non
2173 760 2319 816 enim
2343 760 2606 833 vulgaria,
2625 761 2722 817 sed
2751 762 3016 818 mirabilia
3038 761 3289 834 quasdam
3309 763 3502 835 loque-

1881 851 2098 908 bantur.
2143 853 2276 910 Jure
2300 869 2432 926 ergo
2479 855 2802 911 htesitabant
2834 873 2848 910 :
2880 856 3015 912 nihil
3059 856 3206 912 enim
3235 873 3494 929 umquam

1877 943 2058 998 simile
2087 943 2382 999 acciderat.
2414 944 2548 1001 Vide
2592 945 2873 1000 hominum
2921 947 3266 1017 probitatem.
3297 948 3495 1018 Stupe-
3566 984 3570 990 η

1877 1035 2004 1090 bant
2032 1047 2092 1092 et
2116 1023 2458 1100 dubitabant.
2486 1038 2734 1094 dicentes
2764 1055 2779 1092 :
2814 1039 3081 1106 Quidnam
3111 1041 3214 1094 vult
3241 1038 3340 1093 hoc
3360 1037 3499 1094 esse?

1877 1129 1984 1183 Atii
2011 1140 2181 1207 autem
2206 1131 2478 1186 irridentes
2505 1131 2763 1200 dicebant,
2795 1132 2969 1188 Musto
2995 1133 3138 1205 pleni
3164 1142 3302 1189 sunt.
3326 1133 3371 1188 υ
3392 1133 3498 1187 im-

1877 1223 2230 1293 pudentiam!
2258 1224 2318 1282 Si
2345 1240 2412 1281 ea
2440 1225 2510 1282 de
2535 1241 2699 1282 causa
2732 1227 3010 1296 ridebant,
3042 1228 3240 1300 ecquid
3272 1226 3500 1284 mirum?

1878 1316 2318 1388 quandoquidem
2364 1319 2540 1389 ipsum
2575 1318 2862 1376 Dominum
2906 1319 3188 1376 daemonas
3217 1319 3498 1391 expellen—

1877 1415 2009 1476 tem,
2036 1408 2363 1467 daemonium
2385 1409 2589 1468 habere
2609 1411 2862 1468 dicebant
2906 1411 3089 1486 (Joan.
3117 1412 3174 1470 8.
3197 1412 3322 1485 48).
3362 1412 3498 1469 Nam

1875 1504 2174 1574 petulantia
2201 1503 2532 1576 ubicumque
2557 1505 2749 1571 adest;
2783 1522 2949 1562 unum
2976 1507 3174 1578 quierit
3213 1505 3404 1572 modo,
3435 1515 3500 1562 ut

1878 1594 2156 1666 loquatur,
2183 1611 2294 1652 non
2325 1597 2626 1654 secundum
2653 1598 2922 1654 rationem
2950 1641 2966 1668 ,
3001 1598 3098 1654 sed
3125 1598 3389 1670 quidquid
3439 1599 3498 1653 in

1875 1686 2102 1742 buccam
2131 1688 2365 1744 venerit.
2410 1687 2586 1744 Ilusto
2626 1689 2768 1761 pleni
2812 1699 2954 1747 sunt.
2987 1690 3135 1748 Sane
3159 1705 3293 1746 vero
3326 1709 3340 1745 :
3373 1689 3502 1760 quia

1874 1776 2126 1843 homines
2169 1781 2223 1834 in
2269 1781 2434 1835 tantis
2459 1782 2746 1851 periculis,
2792 1793 3038 1838 extrema
3069 1791 3408 1845 metuentes,
3443 1783 3498 1836 in

1877 1877 2029 1925 Lanto
2056 1886 2294 1927 maerore
2321 1881 2622 1938 versantes,
2653 1873 2777 1928 talia
2811 1874 2958 1946 loqui
2985 1873 3213 1930 audent.
3245 1875 3494 1945 Perpcn-

1875 1962 1973 2018 das
2000 1964 2161 2019 velim
2191 1963 2468 2034 quomodo
2490 2005 2508 2032 ,
2535 1980 2662 2021 cum
2703 1965 2809 2022 hoc
2831 1967 3132 2024 verisimile
3176 1983 3284 2022 non
3307 1975 3496 2033 esset,

1875 2065 1935 2111 ut
1959 2055 2299 2112 auditoribus
2343 2057 2625 2132 imponant
2652 2099 2668 2126 ,
2701 2067 2757 2114 et
2795 2057 3091 2114 ostendant
3137 2058 3286 2129 ipsos
3313 2057 3501 2114 ebrios

1873 2162 1998 2202 esse
2017 2189 2032 2214 ,
2060 2147 2256 2220 agendi
2286 2158 2342 2204 et
2373 2148 2632 2219 loquendi
2679 2149 2843 2205 modo
2867 2157 3047 2205 totum
3090 2150 3409 2206 adscribam
3435 2157 3500 2204 et

1873 2240 2079 2308 dicant,
2113 2240 2288 2296 Hasta
2318 2242 2460 2310 pleni
2485 2251 2629 2297 sunt.
2661 2241 2826 2298 Stans
2846 2252 3019 2298 autem
3047 2241 3235 2298 Petrus
3263 2260 3382 2297 cum
3406 2260 3498 2297 un-

1874 2333 2060 2398 decim,
2093 2333 2278 2388 levasit
2302 2350 2476 2389 vocem
2497 2350 2648 2390 suam
2664 2376 2681 2402 ,
2708 2343 2756 2390 et
2804 2335 3049 2406 loquutus
3075 2345 3152 2392 est
3177 2336 3270 2391 eis.
3301 2335 3498 2393 Vidisti

1875 2424 2040 2480 modo
2068 2423 2216 2480 illius
2248 2423 2648 2494 providentiam
2673 2467 2690 2493 ,
2717 2425 2806 2481 hic
2825 2426 2950 2482 vide
2977 2426 3378 2484 fortitudinem.
3405 2425 3502 2481 Et-

1873 2516 2021 2573 enim
2052 2517 2098 2572 si
2127 2517 2541 2573 admirabantur
2565 2517 2678 2584 illi,
2710 2519 2755 2573 si
2787 2519 3101 2592 stupebant,
3128 2534 3312 2576 annon
3339 2536 3498 2592 teque

1873 2608 2179 2664 mirandum
2205 2617 2362 2677 erat,
2391 2609 2672 2666 hominem
2722 2611 3038 2668 illiteratum
3083 2620 3140 2668 et
3183 2613 3408 2668 idiotam
3441 2614 3498 2669 in

1874 2709 2022 2755 tanta
2051 2700 2403 2757 multitudine
2451 2716 2616 2773 posse
2644 2699 2702 2758 in
2740 2702 2907 2760 verba
2933 2705 3331 2776 prorumpere?
3355 2704 3494 2761 Nam

1873 2795 1919 2849 si
1945 2795 2066 2865 quis
2086 2795 2233 2852 inter
2253 2793 2549 2853 familiares
2573 2797 2804 2869 loquens
2832 2798 3102 2866 turbatur,
3127 2800 3298 2856 multo
3323 2801 3496 2871 magis

1875 2885 2020 2941 inter
2044 2887 2294 2943 inimicos
2321 2896 2380 2944 et
2408 2888 2614 2944 cmdem
2661 2889 2934 2960 spirantes
2978 2890 3212 2961 loquens
3244 2891 3491 2948 turbabi-

1872 2985 1982 3032 tur.
2007 2978 2166 3047 Quod
2188 2991 2371 3036 autem
2394 2980 2538 3036 ebrii
2565 2997 2672 3036 non
2690 2991 2902 3049 essent,
2920 2983 3103 3038 statim
3125 2998 3199 3039 ex
3223 2984 3341 3055 ipsa
3364 2999 3497 3040 voce

1869 3071 2189 3140 declaravit,
2212 3073 2469 3147 quodque
2491 3089 2605 3130 non
2632 3089 2785 3132 more
2815 3085 2999 3131 vatum
3045 3075 3231 3133 furore
3251 3077 3494 3149 correpti

1870 3177 2079 3233 essent,
2111 3183 2290 3237 neque
2315 3169 2366 3224 vi
2390 3168 2623 3240 quadam
2651 3169 3048 3228 detinerentur.
3076 3171 3216 3240 Quid
3244 3171 3349 3228 sibi
3377 3172 3494 3228 vult

1871 3257 2029 3325 illud,
2055 3258 2185 3314 Cum
2215 3259 2497 3316 undecim!
2521 3259 2884 3336 Communem
2911 3261 3234 3317 emittebant
3260 3278 3451 3319 vocem
3471 3304 3489 3328 ,

1870 3358 1927 3404 et
1956 3350 2074 3418 ipse
2093 3365 2157 3405 os
2182 3349 2427 3405 omnium
2453 3361 2594 3408 erat.
2626 3349 2860 3407 Adstant
2880 3368 3013 3409 vero
3036 3354 3313 3420 undecim,
3341 3353 3490 3411 dicta

1869 3443 2188 3498 testimonio
2237 3457 2341 3500 suo
2366 3443 2776 3501 continuantes.
2826 3444 3036 3501 Levavit
3086 3463 3262 3501 vocem
3301 3464 3492 3518 suam,

1870 3532 2080 3604 inquit,
2115 3532 2220 3589 hoc
2249 3543 2370 3602 est,
2401 3550 2597 3607 magna
2624 3551 2748 3592 cum
2775 3536 2971 3593 fiducia
2999 3539 3350 3610 loquebatur.

1941 3622 2134 3679 Petrus
2160 3642 2316 3695 quam
2342 3637 2590 3683 mutatus.
2615 3657 2690 3670 —
2717 3629 2833 3685 Hoc
2861 3639 3045 3687 autem
3096 3631 3243 3698 facit,
3276 3643 3336 3689 ut
3360 3634 3485 3705 Spi-

1870 3714 2006 3769 ritus
2051 3718 2290 3786 gratiam
2329 3715 2663 3774 ediscerent.
2707 3719 2756 3776 Is
2794 3721 2942 3777 enim
2987 3722 3081 3794 qui
3119 3724 3242 3779 vilis
3288 3725 3488 3796 puellas

1870 3806 2354 3878 interrogationem
2399 3825 2509 3867 non
2541 3811 2773 3878 tulerat,
2797 3812 2911 3883 jam
2944 3814 2998 3869 in
3041 3813 3224 3872 medio
3252 3817 3488 3887 populo-

1867 3913 2012 3964 rum,
2037 3899 2130 3969 qui
2153 3914 2348 3956 omnes
2369 3901 2578 3958 cedem
2605 3903 2916 3974 spirabant,
2941 3921 3067 3962 eum
3098 3916 3244 3963 tanta
3265 3908 3494 3966 disserit

1866 3987 2085 4057 ﬁducia,
2121 3999 2180 4045 ut
2207 4001 2357 4047 esset
2388 3993 2522 4048 illud
2568 3994 2932 4052 indubitatum
2963 4000 3385 4057 resurrectionis
3413 4003 3492 4056 si-

1863 4096 2030 4152 gnum
2063 4096 2077 4135 :
2111 4097 2238 4137 nam
2286 4084 2428 4140 inter
2475 4084 2720 4144 ridentes
2771 4088 3021 4146 homines
3065 4101 3122 4148 et
3175 4093 3266 4148 tali
3322 4094 3492 4150 modo

1863 4172 2272 4231 subsannantes
2299 4191 2423 4232 cum
2477 4177 2730 4237 libertate
2777 4180 3040 4254 loquitur.
3071 4184 3301 4253 Quanta:
3328 4195 3489 4260 putas

1863 4266 2199 4334 petulantiae,
2234 4279 2454 4339 quanta:
2482 4271 2782 4343 impietatis
2804 4318 2821 4343 ,
2852 4288 3071 4347 quanta:
3098 4277 3488 4352 impudentiae,

1861 4357 2190 4427 stupendum
2212 4359 2345 4418 illud
2373 4363 2678 4434 linguarum
2702 4367 2905 4424 donum
2926 4370 3178 4428 ebrietati
3207 4374 3487 4434 adscribe-

1863 4451 1966 4506 rei
1992 4450 2103 4508 Sed
2133 4453 2270 4509 nihil
2296 4455 2401 4512 hoc
2430 4460 2711 4530 apostolos
2741 4461 3013 4531 turbavit,
3047 4481 3226 4536 neque
3255 4468 3490 4527 timidio-

1858 4555 1951 4597 res
1979 4556 2046 4598 ex
2073 4543 2168 4598 tali
2195 4545 2312 4601 risu
2364 4547 2493 4603 facti
2517 4559 2668 4605 sunt.
2697 4550 2832 4608 Nam
2859 4567 2925 4609 ex
2969 4554 3206 4612 adventu
3251 4557 3489 4629 Spiritus

1860 4633 2018 4703 quasi
2069 4635 2479 4701 transformati.
2521 4643 2812 4712 corporeis
2858 4647 3118 4704 omnibus
3167 4652 3485 4720 superiores

1855 4734 2038 4782 erant.
2067 4725 2126 4782 Si
2154 4742 2292 4798 quos
2319 4731 2466 4786 enim
2493 4731 2653 4788 adeat
2681 4732 2946 4805 Spiritus,
2995 4753 3194 4796 aureos
3223 4756 3289 4797 ex
3321 4742 3485 4799 luteis

1855 4815 2047 4872 efﬁcit.
2075 4816 2196 4874 Jam
2226 4819 2358 4876 mihi
2383 4822 2605 4880 Petrum
2634 4828 2923 4885 considera
2946 4871 2962 4898 ,
2993 4840 3052 4888 et
3094 4834 3321 4905 explora
3349 4837 3484 4893 mihi

1859 4909 2110 4967 timidum
2141 4913 2292 4969 illum
2320 4957 2337 4981 ,
2368 4925 2425 4972 et
2453 4917 2833 4991 insipientem;
2864 4935 2924 4980 ut
2946 4927 3024 4982 ait
3051 4926 3305 4985 Christus
3333 4948 3349 4986 :
3381 4931 3486 4988 Ad-

1860 5003 1961 5059 Ituc
1991 5015 2038 5060 et
2066 5022 2154 5062 vos
2181 5007 2480 5081 insipientes
2525 5016 2647 5070 estis
2687 5016 2926 5085 (Matth.
2957 5021 3047 5077 15.
3078 5021 3206 5094 18);
3235 5025 3328 5096 qui
3356 5041 3456 5096 pos
3476 5036 3498 5081 ι

1857 5098 2258 5156 confessionem
2312 5104 2457 5160 illam
2505 5109 2847 5180 mirabilem,
2898 5122 3054 5171 salan
3102 5117 3329 5176 vocatus
3378 5118 3493 5178 fuit

1859 5190 1973 5264 (id.
2023 5194 2111 5250 l6.
2133 5193 2250 5268 23).
2283 5197 2566 5270 Perpende
2609 5204 2739 5262 item
2768 5208 2785 5238 ¹
2815 5211 3192 5278 apostolorum
3231 5229 3473 5272 concor-

1856 5283 2024 5349 diam,
2056 5289 2335 5357 quomodo
2365 5291 2530 5349 Petm
2556 5298 2826 5354 cesserint
2850 5303 3212 5360 concinnandi
3241 5307 3428 5362 ofﬁcio
3459 5327 3476 5364 :

1855 5391 2033 5471 neque
2057 5379 2205 5435 enim
2234 5385 2525 5453 oportebat
2552 5403 2744 5446 omnes
2769 5391 2933 5452 simul
2951 5395 3121 5466 loqui.
3156 5397 3224 5452 Et
3257 5399 3476 5471 levavit,

1855 5468 2067 5542 inquit,
2099 5488 2272 5530 vacem
2308 5493 2485 5548 suam,
2515 5491 2571 5536 et
2597 5499 2789 5556 magna
2816 5501 2939 5543 cum
2985 5490 3178 5546 fiducia
3223 5468 3478 5566 loquutus

1913 5627 2222 5712 :LiL-‘Bi'ﬁ
2412 5639 2484 5712 εἰς
2532 5640 2747 5712 strenu:
2773 5643 2867 5712 .hic
2907 5644 3223 5712 locutio-uae!
3267 5650 3477 5712 explora

1995 5687 2625 5776 Δειιαάίῖό
2892 5687 2952 5758 ἀί

1856 5751 2427 5837 fff’ﬂ'l‘fﬂ‘l‘tf'
2468 5751 2608 5837 ίεάέ
2893 5751 3472 5837 ἆᾷἶὲἔῖιῖᾶὲὲἷιῖρὲἱέ

1852 5827 2004 5875 (Nam
2025 5820 2237 5885 Primam
2259 5827 2306 5869 et
2328 5820 2598 5876 abundanti
2621 5820 2878 5893 largitione
2897 5820 3124 5898 Spiritus
3139 5820 3467 5896 audii}.

1854 5879 2109 5934 Perpende
2137 5889 2267 5934 ttcm.
2295 5891 2391 5934 etc.

1898 5891 2109 5944 emenda
2137 5891 2267 5943 ucm,
2295 5891 2391 5934 etc.
