4054 6398
601 373 668 426 47
1400 361 1454 416 S.
1495 361 1772 417 JUANNIS
1801 359 2267 419 CiiRYSOSTOMI
2298 364 2611 420 ARClllllP.
2654 363 2787 423 C133
2803 365 3182 426 ΞΤᾸἋΤΞΝΟΡ.
3815 381 3894 436 $2}

600 497 684 542 est
711 491 807 543 eis.
853 488 974 542 Tale
1007 484 1275 556 quidpiai‘n
1312 491 1395 536 est
1445 495 1565 536 esse
1602 480 1771 532 \irum
1821 477 2178 546 spiritualem.

600 581 824 634 'l‘antnm
855 593 953 631 nos
979 590 1209 645 superna
1238 573 1409 644 gratia
1441 572 1630 641 dignus
1674 570 2061 623 constituamus
2084 609 2099 634 ,
2128 575 2183 621 et

599 675 774 728 omnia
795 679 954 728 erunt
982 669 1174 728 facilia.
1194 667 1343 723 Sicut
1362 665 1502 734 enim
1524 664 1682 716 homo
1702 663 1884 731 igneus
1907 661 1957 714 in
1980 658 2184 714 medias

595 767 817 838 stipulas
838 766 1077 820 incidens
1095 804 1111 829 ,
1138 761 1270 816 nihil
1298 758 1510 814 eritur
1528 799 1541 820 ,
1574 755 1668 810 sed
1701 755 1869 824 magis
1893 762 2179 822 operatur;

599 874 771 928 neque
786 857 927 912 enim
951 856 1041 910 ille
1057 853 1326 928 quidpiam
1346 849 1561 919 patitur,
1581 846 1672 901 sed
1694 847 1781 915 qui
1804 845 1876 899 illi
1899 841 2177 905 resistunt,

595 954 802 1021 seipsos
843 949 1105 1019 perdunt:
1135 947 1205 1000 ita
1255 957 1397 997 mine
1444 955 1657 1011 quoque
1701 939 1894 992 factum
1925 944 2024 990 est.
2069 934 2181 988 lmo

596 1046 774 1112 potius
813 1052 866 1098 ut
913 1043 955 1095 si
985 1040 1116 1110 'quis
1157 1038 1330 1109 ignem
1359 1045 1575 1106 gestans
1599 1043 1792 1103 pugnet
1817 1045 1936 1086 eum
1968 1046 2064 1091 eo,
2092 1026 2181 1096 qui

594 1141 738 1192 [ωηο
767 1145 990 1189 onustus
1017 1141 1138 1188 est:
1176 1131 1253 1185 sic
1281 1140 1336 1184 et.
1376 1126 1604 1207 aposmli
1652 1127 1768 1179 illos
1818 1139 1938 1177 cum
1991 1135 2181 1191 magna

594 1227 904 1283 fortitudine
933 1225 1167 1296 aggressi
1194 1230 1336 1277 sunt.
1366 1219 1502 1288 Quid
1531 1219 1673 1273 enim
1716 1215 1854 1270 laesit
1883 1215 2003 1269 illos
2034 1219 2178 1265 tanta

594 1316 920 1373 multitudo?
965 1317 1057 1370 ltie
1087 1315 1228 1370 enim
1270 1312 1398 1366 mihi
1428 1328 1441 1363 :
1470 1323 1646 1364 annon
1697 1321 1818 1362 cum
1867 1313 2102 1374 egestate
2129 1311 2182 1356 et

593 1412 735 1465 {ante
763 1405 1106 1480 pugnabant?
1129 1419 1305 1459 annon
1348 1417 1469 1457 eum
1523 1398 1806 1469 ignominia
1847 1404 1903 1449 et
1932 1393 2180 1448 infamia?

593 1523 603 1560 ι
646 1521 765 1559 nam
803 1504 1116 1572 deceptores
1160 1514 1281 1555 esse
1322 1494 1716 1563 credebantur)
1747 1508 1922 1545 annon
1970 1489 2098 1545 risoi
2130 1497 2182 1542 et

593 1599 820 1652 ludibrio
869 1594 1211 1664 pra‘sentium
1256 1589 1483 1659 expositi
1530 1586 1720 1642 erant?
1768 1583 1822 1638 lu
1870 1583 1990 1638 illos
2034 1581 2178 1636 enim

591 1703 812 1759 utraque
853 1686 1160 1741 incidebant
1188 1726 1202 1749 ,
1230 1698 1349 1736 cum
1381 1680 1466 1734 alii
1509 1678 1827 1740 irridcrcnt,
1860 1675 1948 1728 alii
1992 1673 2177 1728 illude.

592 1793 729 1836 ient.
765 1780 954 1835 Nonne
989 1777 1148 1832 furori
1182 1787 1234 1830 et
1262 1773 1480 1828 insania:
1507 1773 1830 1840 integrarum
1862 1769 2135 1822 civitatum
2158 1807 2172 1828 ,

593 1888 769 1928 nomne
801 1871 1154 1926 seditionibus
1183 1875 1239 1920 et
1283 1866 1486 1920 insidiis
1514 1863 1744 1933 expositi
1772 1861 1965 1915 erant?
2004 1874 2182 1912 nonne

502 2024 503 2027 η
592 1965 694 2032 igni
720 2007 734 2030 ,
769 1962 796 2015 l't
822 1977 928 2025 rro,
963 1959 1124 2016 feris?
1152 1972 1328 2011 minue
1361 1956 1592 2023 undique
1640 1953 1768 2020 ipsis
1797 1953 2070 2004 innumera
2103 1950 2182 2002 in-

592 2057 801 2109 stabant
839 2053 1012 2108 bella?
1041 2066 1218 2105 nonne
1247 2050 1358 2104 haec
1384 2048 1608 2101 molesta
1639 2045 1879 2100 videntes
1906 2045 1974 2097 ita
2004 2042 2178 2096 allecti

592 2155 744 2200 erant
764 2186 778 2208 ,
810 2160 871 2198 ac
900 2144 945 2198 si
975 2143 1180 2198 somnia
1211 2149 1300 2194 aut
1340 2141 1597 2208 picturam
1629 2137 1882 2190 vidissent
1911 2133 2181 2204 (πηριήά

593 2238 760 2294 vero?
784 2250 960 2290 nonne
986 2233 1193 2288 illorum
1228 2232 1460 2285 furorem
1486 2225 1976 2295 consumpserunt?
2005 2240 2182 2278 nonne

592 2334 644 2386 in
675 2332 817 2399 ipsos
842 2327 1003 2380 animi
1041 2311 1337 2394 angustiam
1386 2320 1759 2376 retorserunt?
1789 2334 1967 2372 nonne
1999 2318 2071 2370 illi
2103 2316 2182 2370 fn-

591 2437 712 2476 rnre
741 2431 793 2475 et
820 2430 961 2474 metu
993 2417 1230 2472 omnium
1255 2415 1482 2468 imixime
1516 2411 1869 2466 tenebantur?
1901 2425 2078 2464 nonne
2108 2409 2181 2462 illi

590 2513 731 2566 anxii
756 2521 925 2574 erant,
950 2508 1209 2563 timebant.
1232 2505 1679 2572 tremebantque?
1703 2503 1834 2554 Audi
1862 2503 1976 2554 illos
1999 2500 2180 2555 dicen-

593 2617 674 2658 tes
718 2622 730 2656 :
788 2600 950 2654 Vultis
993 2599 1231 2653 inducere
1277 2612 1431 2665 super
1484 2610 1574 2647 nos
1621 2592 1920 2662 sanguinem
1965 2591 2182 2644 hominis

593 2697 737 2750 istius
771 2693 906 2760 (Act.
934 2692 984 2746 5.
1019 2690 1132 2758 28).

665 2784 988 2854 Camparntio
1019 2779 1368 2852 apostolorum
1396 2794 1511 2830 cum
1539 2778 1878 2848 philosOp/tis.
1908 2807 1979 2816 —-
2004 2776 2186 2843 Quod-

593 2893 695 2949 que
717 2874 962 2931 mirabile
982 2873 1084 2938 es't,
1108 2871 1335 2941 apostoli
1357 2869 1484 2923 nudi
1505 2869 1674 2923 aciem
1703 2867 2036 2921 instruebant
2057 2884 2186 2922 eon-

595 2983 677 3024 tra
699 2975 954 3029 armatos,
977 2975 1163 3020 contra
1187 2962 1454 3032 principes
1475 2960 1529 3015 in
1560 2973 1618 3014 se
1638 2967 1959 3030 potestatem
1985 2959 2184 3013 haben-

598 3077 681 3118 tes
711 3060 940 3130 imperiti
966 3075 981 3123 ;
1005 3058 1265 3126 elingues,
1295 3053 1494 3116 ὶίΙὶυιιῐι,
1529 3062 1716 3108 contra
1747 3053 2180 3122 praestigiatores,

595 3159 933 3225 deceptores,
956 3148 1224 3219 sopbistas
1259 3146 1478 3211 multos,
1509 3144 1777 3209 rhetoras,
1811 3142 2181 3212 philosophos,

595 3251 683 3319 qui
732 3250 785 3302 in
823 3243 1108 3300 Academia
1154 3249 1209 3296 et
1252 3237 1390 3309 apud
1441 3236 1827 3306 Peripateticos
1879 3236 2183 3303 putrefacti,

598 3339 868 3394 instabant
912 3345 967 3390 et.
1009 3332 1335 3404 pugnabant.
1371 3329 1436 3382 Et
1469 3329 1535 3394 is,
1566 3327 1664 3396 qui
1682 3327 1824 3381 circa
1853 3335 2038 3396 stagna
2068 3342 2187 3380 vero

596 3443 746 3485 satus
767 3442 982 3496 semper
1012 3423 1205 3486 fuerat,
1235 3422 1305 3476 ita
1339 3420 1461 3475 illos
1485 3419 1794 3489 superavit,
1829 3432 1892 3472 ac
1920 3419 1964 3472 si
1996 3429 2182 3473 contra

598 3535 776 3579 mulus
799 3522 971 3592 pisces
993 3526 1266 3572 certamen
1303 3512 1578 3567 habuisset
1601 3525 1760 3566 :vcre
1798 3510 1939 3566 enim
1962 3553 1976 3575 ,
2004 3520 2062 3564 ut
2099 3512 2184 3580 pi-

595 3624 776 3672 scator
805 3625 936 3666 voce
962 3609 1248 3664 destitutos
1289 3605 1495 3673 pisces,
1534 3602 1652 3656 illos
1681 3601 1899 3656 devicit.
1943 3599 2011 3655 Et
2035 3601 2185 3656 Plato

624 3711 707 3770 tle,
737 3705 826 3775 qui
857 3714 964 3757 tam
993 3701 1157 3754 multa
1189 3706 1415 3767 nugatus
1441 3702 1554 3759 est,
1600 3695 1801 3749 tacuit:
1829 3691 1914 3746 hie
1942 3707 2068 3746 vero
2099 3692 2182 3747 lo-

596 3800 774 3867 quitur
818 3810 925 3852 non
970 3793 1132 3850 modo
1173 3791 1322 3854 suis,
1355 3787 1452 3846 sed
1498 3787 1658 3842 etiam
1706 3783 1953 3856 Parthis,
1985 3783 2184 3850 Medis,

599 3892 862 3954 lilamitis,
888 3895 944 3944 et
970 3886 1136 3951 Indis,
1169 3882 1366 3951 ubique
1395 3890 1678 3944 terrarum,
1708 3885 1762 3931 et
1788 3891 1958 3946 usque
1977 3875 2044 3930 ad
2075 3885 2184 3930 ter-

599 3987 772 4042 minos
796 3983 964 4040 orbis.
983 3979 1084 4035 Ubi
1109 3990 1250 4032 nunc
1265 3974 1485 4031 Graeciae
1509 3973 1674 4026 fastus
1699 3971 1811 4025 ille?
1834 3968 1922 4023 ubi
1950 3969 2188 4024 Athena.

599 4095 717 4133 rum
768 4073 998 4131 nomen?
1044 4071 1134 4125 ubi
1177 4064 1618 4139 philosophorum
1659 4060 2054 4117 deliramenta?
2096 4060 2188 4116 ille

597 4172 866 4231 Galilaeus,
905 4166 994 4220 ille
1021 4180 1088 4219 ex
1115 4159 1423 4225 Betbsaida,
1454 4157 1545 4212 ille
1579 4155 1811 4211 rusticus
1838 4153 1970 4208 istos
1997 4166 2188 4208 omnes

598 4263 888 4334 superavit.
938 4257 1056 4314 Non
1106 4253 1424 4310 erubescitis
1446 4291 1460 4312 ,
1491 4262 1674 4320 qnzeso
1696 4290 1711 4314 ,
1743 4246 1827 4301 vel
1859 4245 1928 4301 de
1969 4245 2188 4299 nomine

602 4359 786 4430 patria:
813 4357 927 4427 ejus
946 4396 960 4418 ,
991 4351 1082 4422 qui
1114 4365 1208 4404 vos
1236 4345 1466 4402 devicit?
1491 4343 1546 4398 Si
1576 4355 1703 4397 vero
1730 4354 1924 4394 nomen
1956 4338 2072 4408 ejus
2095 4352 2192 4391 au-

601 4429 828 4512 dieritis,
859 4444 998 4516 quod
1029 4455 1218 4510 nempe
1245 4436 1455 4507 Cephas
1479 4441 1797 4497 vocaretur,
1827 4430 1996 4485 multo
2023 4429 2191 4498 magis

603 4560 702 4600 vos
733 4538 980 4611 pudebit.
1013 4536 1124 4590 lloc
1148 4533 1343 4602 quippe
1370 4544 1487 4595 vos,
1514 4528 1636 4593 hoe,
1671 4527 1908 4594 inquam,
1936 4520 2186 4591 perdidit,

604 4635 746 4707 quod
766 4630 1162 4700 simplicitatem
1187 4625 1461 4695 probrum,
1483 4619 1841 4689 eloquentiam
1864 4614 2189 4707 laudabilem

604 4705 726 4786 esse
747 4724 962 4796 putatis.
986 4719 1101 4775 Non
1126 4732 1228 4787 qua
1250 4717 1331 4769 via
1354 4711 1588 4783 oportuit
1606 4709 1856 4769 venistis;
1877 4706 1969 4760 sed
1993 4705 2192 4760 omissa

609 4818 810 4889 regali,
853 4812 994 4868 facili
1024 4818 1078 4865 et.
1123 4808 1275 4877 plana
1305 4805 1384 4858 via
1409 4843 1423 4867 ,
1471 4813 1715 4870 asperam
1736 4840 1750 4863 ,
1785 4805 2108 4866 praeruptam
2139 4801 2195 4847 et

605 4887 876 4968 diflicilem
905 4904 1151 4960 tenuistis
1181 4919 1194 4954 :
1223 4900 1447 4967 ideoque
1481 4910 1585 4949 non
1631 4889 1952 4962 pervenistis
1982 4887 2051 4942 ad
2103 4902 2192 4942 re-

605 5020 768 5078 gnum
798 5001 1073 5057 caelorum.

640 5139 713 5199 (τι)
733 5131 1044 5199 “unctaque
1065 5140 1160 5177 ηοη
1189 5126 1252 5199 te
1274 5113 2197 5199 ⁵³1ευὶίέἓῇ,ίὲίὲἓὶἒέἒῗῗίί2.ἷ¹.ξὶἓῖ

613 5183 711 5251 tuli,
733 5183 839 5248 bace
879 5196 973 5243 sibi
994 5191 1125 5240 illata
1145 5188 1391 5251 malanon
1415 5183 1877 5251 magis‘senserint,
1897 5188 2042 5251 quam
2067 5187 2106 5251 si
2143 5183 2194 5223 in

989 5236 1175 5315 pictura
1202 5247 1464 5315 vidissent;
1495 5236 1587 5292 312d
1605 5243 1680 5315 sic
1701 5236 2196 5315 itttclli‘ggtljlgttljy:

820 5297 1163 5377 irier-(spectata
1183 5317 1322 5359 erant
1345 5307 1422 5377 illa
1438 5297 1551 5377 quae
1574 5304 1670 5377 sibi
1697 5297 2197 5377 (δίελίξμςςνξξξξξΠ-ξξι·

613 5359 741 5436 ἴίίειίἑ
751 5359 1023 5443 ζἰἱῖἆῦἆέἷ
1036 5359 1272 5443 ἷιῗέοωςιρ
1297 5369 1376 5443 vel
1399 5359 2096 5443 est???i‘!9it¥1“3“§3£‘1’£‘
2111 5361 2196 5443 :‘E‘

612 5420 1012 5497 361%
1035 5420 1268 5497 nonsatis
1296 5420 1605 5497 imet'ligimus
1640 5439 1784 5497 qutun
1808 5424 1865 5474 ob
1890 5420 2194 5497 causam:th

865 5485 941 5554 ei;
957 5485 1098 5551 talem
1121 5485 1489 5560 ραξριῐεαιὶοηεῆι
1519 5485 1772 5560 invexerit,
1800 5498 1911 5560 qua:
1934 5485 2198 5560 adscitum

611 5546 1309 5630 itiiifiiiﬁidid'riii-éagitatio.
1345 5552 1526 5630 etenim
1550 5557 1662 5630 Διξςηι
1673 5546 2189 5630 ea:

818 5606 1207 5687 Eﬁdﬁéaidos
1231 5616 1378 5687 liquet
1396 5615 1519 5664 hanc
1542 5626 1644 5687 esse
1671 5606 2195 5687 mentemrc‘lt‘rqsosto-

614 5677 897 5751 mirabilia:
915 5677 1145 5751 apostolos
1165 5677 1328 5751 .omgtia
1350 5685 1560 5751 terrena2
1582 5679 1743 5751 utpote
1768 5677 2200 5751 tfrqtsiloilfkfg-‘f-

618 5695 698 5755 mi,
718 5691 897 5746 scilicet
915 5691 1145 5751 apostolos
1170 5693 1328 5729 omina
1350 5691 1560 5746 terretur,
1582 5691 1743 5784 irritare
1768 5691 2061 5741 ιΙῚιμδἿιυινιίίθ
2087 5691 2192 5739 tuu-

618 5761 894 5806 tcmncum.
921 5763 1015 5800 non
1048 5743 1199 5806 omnis
1223 5742 1284 5806 de
1325 5739 1465 5806 multa
1498 5735 1589 5786 sibi
1613 5736 1760 5806 iglatts
1785 5735 1929 5806 fuisse
1949 5730 2192 5806 sollicitos,

614 5793 1364 5877 ίιῖδῖἶτῖηῧωῖγίίὲἷεὖᾶηῇὶαηιίιωη
1401 5801 1485 5851 illa
1523 5798 1681 5858 speci:
1719 5793 1899 5846 tantum
1926 5793 2054 5856 passi
2075 5793 2197 5854 [also

614 5885 735 5930 tum

2362 481 2417 536 4.
2460 479 2657 534 Eadem
2680 487 2994 554 comparatio
3020 489 3301 559 peragitur.
3331 521 3399 531 -—
3425 492 3562 560 Quid
3608 497 3893 567 ergo?in-

2291 573 2470 642 quies;
2504 590 2604 628 cur
2633 591 2738 632 non
2769 579 2819 632 in
2869 579 3088 638 Platone
3116 593 3171 639 ct
3201 585 3249 640 in
3285 587 3587 659 Pythagora
3619 603 3893 661 npcrattes

2289 675 2373 720 est
2399 665 2669 721 Christus?
2698 669 2828 738 Quia
2860 671 3002 726 Petri
3030 689 3186 744 quam
3236 677 3446 732 illorum
3501 698 3653 737 mens
3708 687 3896 740 multo

2288 766 2402 811 erat
2423 759 2487 811 ad
2517 758 2905 831 philosophiam
2933 764 3127 832 aptior.
3154 767 3232 822 Illi
3266 785 3493 841 namque
3517 788 3667 842 pueri
3696 787 3889 842 erant,

2292 849 2486 919 ubique
2534 851 2602 904 ad
2651 852 2863 907 inanem
2891 853 3115 924 gloriam
3144 863 3390 915 conversi
3424 881 3436 915 :
3469 865 3554 918 hic
3583 874 3766 919 autem
3811 868 3895 920 vir

2285 941 2634 1013 philosophus
2659 957 2795 1012 erat,
2820 957 2871 1002 et
2891 951 3076 1018 gratia:
3097 966 3291 1020 capax.
3317 954 3468 1023 Quod
3497 959 3540 1010 si
3570 959 3655 1011 his
3679 959 3895 1014 andi1is

2287 1033 2484 1099 rideas,
2509 1035 2638 1089 nihil
2664 1037 2886 1104 mirum;
2917 1043 3348 1114 quandoquidem
3371 1059 3425 1101 et
3458 1047 3531 1101 illi
3566 1059 3697 1104 tunc
3726 1051 3889 1105 ride-

2287 1124 2434 1192 bant,
2459 1141 2658 1197 eosque
2684 1139 2859 1184 musto
2881 1133 3066 1200 plenos
3087 1149 3211 1190 esse
3227 1136 3511 1204 dicebant;
3538 1142 3632 1196 sed
3665 1152 3889 1212 postea,

2284 1229 2406 1278 eum
2435 1216 2548 1272 dira
2580 1220 2665 1272 illa
2701 1229 2757 1275 et
2799 1222 3148 1279 acerbissima
3179 1229 3321 1295 passi
3362 1239 3521 1298 sunt,
3550 1248 3672 1287 cum
3703 1248 3891 1303 expu-

2285 1316 2501 1375 gnatam
2531 1310 2715 1364 urbem
2743 1313 3031 1381 viderunt,
3065 1317 3346 1374 incensum
3378 1322 3553 1392 ignem
3582 1366 3596 1388 ,
3629 1325 3889 1395 dejeetos

2285 1412 2490 1467 muros,
2523 1401 2750 1473 illasque
2771 1407 3130 1477 calamitates,
3159 1427 3279 1481 qua:
3306 1428 3466 1469 nemo
3490 1418 3658 1485 possit
3689 1434 3893 1472 recen—

2285 1495 2442 1559 Sere',
2477 1509 2582 1548 non
2627 1496 2765 1550 ultra
2813 1498 3082 1555 ridebant.
3133 1501 3210 1556 Ita
3249 1514 3302 1558 et
3329 1521 3424 1560 vos
3464 1521 3570 1560 non
3606 1509 3884 1573 uidebitis,

2285 1597 2408 1637 cum
2431 1584 2619 1655 judieii
2652 1588 2670 1619 ³
2701 1597 2910 1659 tempus
2937 1591 3251 1662 advenerit,
3299 1612 3419 1651 cum
3447 1598 3709 1668 gebenme
3740 1601 3893 1670 ignis

2285 1689 2545 1730 accensus
2569 1676 2746 1733 fuerit.
2772 1681 2878 1736 Sed
2905 1699 3001 1737 cur
3023 1685 3091 1739 de
3115 1686 3311 1741 l'nturis
3337 1689 3551 1759 loquor?
3573 1692 3665 1746 Vis
3691 1704 3889 1747 osten-

2286 1767 2408 1821 dam
2441 1770 2533 1822 tibi
2565 1773 2683 1840 quis
2708 1774 2778 1828 sit
2806 1773 3015 1843 Petrus,
3043 1779 3164 1848 quis
3195 1779 3392 1834 Plato?
3422 1782 3636 1838 Illorum
3671 1801 3884 1851 mores,

2287 1859 2329 1912 si
2385 1859 2631 1926 videtur,
2661 1865 3065 1935 expendamus,
3115 1869 3497 1942 videamusque
3543 1877 3669 1941 quid
3721 1880 3891 1931 ambo

2285 1952 2570 2018 gesserint.
2602 1955 2696 2009 llic
2720 1965 2884 2011 totam
2903 1963 3237 2031 consumpsit
3264 1965 3429 2018 vitam
3460 1969 3601 2021 circa
3628 1968 3892 2038 dogmata

2285 2038 2492 2095 inutilia
2522 2053 2577 2097 et
2606 2058 3026 2114 supervacanea.
3071 2051 3207 2116 Quid
3239 2055 3382 2107 enim
3435 2057 3652 2124 prodest
3703 2063 3850 2113 scire
3874 2105 3886 2123 ,

2285 2132 2428 2201 quod
2459 2135 2636 2188 anima
2666 2137 2970 2209 philosophi
2996 2157 3178 2198 musca
3207 2144 3331 2198 flat?
3362 2145 3498 2201 Vere
3526 2165 3736 2214 tttllSt'n,
3775 2171 3888 2206 :zOll

2286 2223 2342 2276 i-n
2372 2241 2610 2282 muscam
2652 2240 2854 2286 mutata
2904 2233 3036 2298 luit,
3070 2236 3164 2290 sed
3210 2241 3434 2293 accessit
3467 2242 3531 2294 ad
3561 2245 3799 2298 animam
3835 2265 3889 2300 ;n

2289 2316 2510 2376 Platone
2558 2322 2909 2380 habitantem.
2945 2327 3076 2394 Quae
3122 2346 3276 2400 nega:
3326 2333 3410 2388 his
3455 2340 3893 2406 comparamhe?

2289 2411 2429 2465 unde
2477 2415 2600 2466 talia
2630 2416 2841 2472 cllutire
2888 2419 2939 2472 in
2991 2431 3230 2477 mentem
3275 2426 3456 2479 venit?
3488 2428 3660 2482 lronia
3694 2432 3894 2498 plenus

2288 2501 2366 2552 vir
2391 2512 2504 2556 erat
2530 2545 2543 2569 ,
2570 2516 2624 2559 et
2648 2505 2905 2563 adversus
2931 2526 3118 2566 omnes
3150 2515 3414 2586 zelotypia
3445 2518 3745 2575 laborabat.
3778 2523 3890 2576 lta-

2286 2608 2391 2662 que
2417 2597 2563 2663 quasi
2597 2598 2836 2654 studeret
2870 2602 2920 2654 in
2953 2602 3076 2670 hoc,
3100 2614 3158 2659 ut
3183 2622 3284 2661 nec
3304 2623 3368 2662 ex
3395 2625 3536 2678 sese,
3562 2629 3663 2668 nec
3685 2615 3754 2670 ab
3778 2618 3892 2671 alio

2287 2685 2570 2756 quicquam
2599 2687 2815 2745 all‘erret
2839 2693 3005 2747 utile:
3029 2696 3106 2751 sic
3127 2698 3193 2751 ab
3216 2699 3322 2753 alio
3345 2706 3888 2775 melempsychosim,

2288 2792 2317 2828 a
2338 2793 2392 2831 se
2417 2780 2799 2850 rempublicam
2825 2784 2876 2838 in
2909 2786 3142 2842 medium
3160 2791 3360 2856 attulit,
3386 2792 3476 2847 tibi
3501 2797 3683 2851 multae
3712 2801 3887 2870 turpi'

2291 2872 2488 2925 tudinis
2507 2873 2649 2941 leges
2676 2875 3272 2946 protulit.Communes,
3293 2884 3482 2954 inquit.
3514 2896 3675 2942 sunto
3694 2891 3877 2947 mulLe

2289 2978 2376 3017 res
2399 3005 2413 3028 ,
2459 2965 2615 3019 nuda:
2652 2968 2887 3037 virgines
2927 2972 3028 3025 sub
3054 2975 3226 3030 oculis
3255 2981 3547 3034 amantium
3577 2981 3890 3053 luctantor,

2288 3070 2602 3112 communes
2631 3067 2790 3116 sunto
2819 3071 2871 3116 et
2915 3076 3167 3133 parentes
3197 3076 3251 3121 et
3300 3067 3414 3122 lilii.
3449 3069 3621 3137 Quam
3653 3073 3773 3129 brec
3802 3077 3892 3129 in-

2289 3149 2491 3203 saniam
2528 3166 2632 3206 non
2674 3156 2968 3224 superant?
3011 3157 3160 3215 Talia
3192 3170 3316 3216 sunt
3355 3177 3417 3218 ea
3438 3203 3454 3230 ,
3483 3180 3602 3234 qua:
3633 3167 3700 3220 ad
3733 3168 3892 3224 illum

2289 3252 2554 3311 Spectant.
2589 3243 2683 3299 llic
2715 3262 2876 3314 porro
2901 3263 3009 3304 non
3039 3261 3231 3306 natura
3259 3268 3572 3309 communes
3603 3267 3786 3325 patres
3810 3258 3893 3314 ef-

2290 3333 2401 3388 lieit
2423 3376 2436 3397 ,
2465 3337 2558 3391 sed
2589 3337 2732 3393 Petri
2765 3341 3104 3411 philosophia
3138 3360 3151 3396 :
3185 3360 3306 3399 nam
3344 3346 3470 3402 illud
3512 3348 3754 3405 Platonis
3801 3351 3892 3408 hic

2288 3428 2524 3483 sustulit.
2562 3429 2701 3485 Nihil
2732 3432 2875 3487 enim
2920 3436 3063 3490 aliud
3107 3437 3198 3492 ille
3226 3437 3529 3505 efﬁciebat,
3575 3443 3678 3496 nisi
3711 3446 3890 3514 utqui

2290 3533 2444 3591 pater
2469 3531 2585 3578 erat
2614 3525 2969 3593 ignoraretur,
3000 3537 3055 3583 et
3083 3531 3173 3599 qui
3207 3546 3312 3586 non
3345 3544 3460 3587 erat
3494 3533 3890 3593 induceretur:

2289 3627 2452 3687 atque
2501 3621 2550 3674 in
2596 3620 2910 3677 ebrietatem
2947 3624 3230 3692 quamdam
3282 3635 3336 3679 et
3387 3626 3439 3679 in
3486 3627 3891 3698 sterquilint‘hm

2290 3712 2522 3781 conjecit
2541 3715 2797 3769 animam.
2822 3715 3042 3781 Omnes,
3069 3718 3262 3788 inquit,
3293 3720 3608 3775 mulieribus
3627 3723 3894 3778 audacter

2291 3809 2528 3857 utuntor.
2557 3803 2682 3859 Ideo
2705 3816 2979 3874 poetarum
3001 3808 3250 3878 dogmata
3274 3823 3378 3863 non
3407 3810 3648 3880 exploro,
3680 3827 3748 3866 ne
3769 3815 3896 3884 quis

2294 3893 2439 3948 dicat
2482 3911 2570 3950 me
2616 3895 2824 3951 fabulas
2850 3899 3168 3967 explorare,
3199 3900 3293 3954 sed
3323 3901 3455 3955 alias
3482 3902 3646 3956 adero
3679 3901 3896 3959 fabulas

2295 3989 2522 4056 poeticis
2551 3990 2707 4058 longe
2736 3992 2905 4058 magis
2945 3991 3218 4046 ridiculas.
3247 3991 3475 4047 Ubinam
3505 3993 3632 4062 quid
3664 3995 3736 4046 ita
3765 4010 3898 4064 pro-

2293 4081 2558 4152 digiosum
2586 4083 2906 4137 invenerunt
2935 4085 3152 4151 poem?
3181 4084 3285 4140 Sed
3313 4086 3381 4150 is,
3417 4085 3504 4154 qui
3539 4085 3898 4155 philosopho-

2292 4190 2409 4229 rum
2441 4175 2689 4244 ptinceps
2712 4173 3028 4240 habebatur,
3056 4191 3204 4230 arma
3233 4175 3547 4230 mulieribus
3575 4177 3898 4246 circumpo‘

2295 4267 2406 4332 nit,
2435 4267 2675 4321 cassides
2701 4307 2714 4331 ,
2745 4281 2932 4321 ocreas
2953 4308 2968 4331 ,
3002 4281 3100 4321 nec
3128 4267 3413 4336 quidquam
3447 4267 3580 4321 dicit
3607 4266 3896 4323 hominum

2295 4376 2464 4432 genus
2493 4375 2521 4413 a
2553 4361 2776 4414 canibus
2810 4358 3056 4414 differre:
3100 4359 3232 4427 Quia
3276 4360 3418 4413 enim
3441 4400 3455 4424 ,
3503 4359 3708 4429 inquit,
3737 4362 3899 4414 canis

2295 4454 2494 4510 femina
2521 4463 2579 4508 et:
2606 4468 2720 4507 mas
2747 4451 3148 4507 communicent
3180 4452 3231 4505 in
3263 4451 3413 4505 laetis
3442 4493 3456 4515 ,
3487 4452 3898 4506 communicent

2296 4557 2352 4602 et
2378 4549 2654 4612 mulieres,
2683 4555 2845 4616 atque
2875 4546 3053 4599 omnia
3083 4559 3178 4599 sus
3203 4544 3380 4613 deque
3411 4553 3705 4598 vertantur.
3733 4543 3899 4599 Sem-

2300 4657 2395 4712 per
2422 4642 2563 4695 enim
2597 4655 2692 4709 per
2731 4640 2852 4693 illas
2895 4639 2997 4691 hoc
3043 4639 3151 4708 egit
3179 4636 3459 4703 diabolus,
3495 4644 3552 4690 ut
3578 4635 3902 4691 ostenderet

2299 4747 2465 4802 genus
2497 4742 2736 4785 nostrum
2784 4744 2891 4783 non
2940 4727 3223 4797 pretiosius
3250 4741 3370 4780 esse
3401 4725 3570 4780 brutis
3599 4743 3612 4778 :
3646 4726 3898 4795 quando-

2299 4823 2515 4894 quidem
2545 4822 2788 4876 nonnulli
2814 4821 2864 4873 in
2891 4829 2995 4874 tam
3025 4817 3314 4874 absurdam
3340 4827 3392 4871 et
3415 4832 3603 4871 vanam
3630 4831 3902 4872 venerunt

2301 4915 2648 4984 Opinionem,
2680 4924 2734 4967 ut
2782 4913 3025 4966 dicerent
3055 4912 3208 4964 bruta
3255 4911 3503 4963 animalia
3553 4909 3900 4964 rationabilia

2300 5027 2441 5066 esse.
2477 5011 2540 5065 Et
2570 5009 2694 5064 vide
2719 5052 2732 5073 ,
2764 5023 2924 5078 quam
2967 5007 3112 5061 varie
3146 5005 3199 5059 in
3231 5005 3511 5058 animabus
3557 5003 3770 5058 illorum
3800 5004 3900 5059 tle-

2301 5105 2591 5160 bacchatus
2617 5103 2704 5156 sit.
2739 5101 2953 5155 Iliorum
2979 5112 3230 5168 proceres
3253 5097 3507 5151 dixerunt
3532 5097 3768 5154 animam
3794 5112 3900 5149 no-

2301 5207 2465 5254 SIram
2512 5197 2564 5248 in
2598 5207 2810 5246 muscas
2842 5201 2895 5245 et
2933 5204 3095 5244 canes
3142 5199 3195 5243 et
3226 5188 3380 5242 bruta
3415 5186 3610 5240 mutari
3644 5200 3656 5234 :
3692 5185 3896 5239 horum

2303 5302 2644 5342 successores
2671 5285 2793 5338 hinc
2823 5284 3023 5352 pudore
3054 5280 3230 5336 allecti
3264 5281 3314 5332 in
3346 5279 3504 5333 aliam
3533 5278 3738 5346 delapsi
3771 5289 3902 5331 sunt

2304 5379 2709 5449 turpitudinem,
2742 5373 3114 5430 rationabilem
3163 5386 3376 5426 omnem
3411 5369 3690 5424 scientiam
3725 5368 3900 5421 brutis

2305 5473 2786 5536 communicantes,
2817 5477 2870 5522 et
2902 5468 3098 5534 ubique
3131 5473 3498 5517 monstrantes
3525 5475 3588 5515 ea
3621 5473 3738 5525 qu-e
3770 5475 3898 5525 pro-

2307 5580 2425 5640 pter
2459 5583 2555 5622 nos
2586 5568 2721 5621 laeta
2763 5571 2914 5626 sunt,
2949 5561 3103 5615 nobis
3130 5573 3252 5613 esse
3286 5555 3681 5625 prmstantiora.
3712 5551 3902 5617 Neque

2309 5663 2408 5715 line
2440 5668 2642 5714 tantum
2663 5699 2676 5721 ,
2708 5654 2803 5709 sed
2831 5655 2991 5708 etiam
3039 5649 3431 5721 prarseientiant
3476 5655 3527 5700 et
3577 5642 3898 5713 religionem

2432 5845 2537 5893 Duo
2561 5849 2665 5889 διεδ.
2695 5839 2883 5899 legunt,
2913 5833 3156 5898 gehrmm‘,
3187 5844 3290 5891 pro,
3323 5823 3520 5891 jndét‘ii.
