4054 6402
145 381 216 440 ιθ
1147 374 1216 433 ΙΝ
1255 373 1438 431 ACTA
1477 360 2006 427 APOSTOLORUM.
2029 363 2264 423 llOHlL.
2306 363 2373 422 ν.
3417 370 3489 428 bo

145 501 290 572 apud
318 499 444 556 illos
465 514 589 558 esse
609 499 812 556 dicunt.
833 497 1069 562 Corvus,
1095 496 1364 588 inquiunt,
1389 493 1538 548 novit
1558 491 1751 556 Deum,

145 602 280 646 utet
296 591 512 657 cornix,
535 608 600 646 ac
622 590 916 661 prophetia:
934 589 1138 644 donum
1166 586 1388 653 habent,
1414 586 1589 640 futura
1615 596 1757 653 pra:-

145 680 370 737 dicunt:
391 682 531 753 apud
551 683 674 738 illos
689 681 919 751 justitia,
943 679 1268 748 respublica,
1289 678 1458 748 leges,
1479 674 1758 730 invidiam-

140 789 250 842 que
269 773 412 842 apud
435 773 558 827 illos
574 773 725 827 canis
743 772 908 828 habet
932 770 1230 826 secundum
1264 769 1565 825 Platonem.
1587 764 1751 867 Dictis

142 868 378 920 fortasse
404 864 563 919 fidem
584 881 692 919 non
717 863 959 919 habetis?
978 861 1142 932 quue
1163 861 1378 923 merito,
1405 868 1591 929 utpote
1610 861 1759 913 sanis

140 955 361 1010 educati
387 955 749 1026 dogmatibus.
781 954 969 1023 Quiris
998 953 1142 1009 enim
1183 951 1286 1007 hoc
1312 951 1436 1006 cibo
1465 949 1757 1014 educatus,

139 1062 446 1117 numquam
473 1048 663 1102 credet
693 1047 967 1101 hominem
999 1061 1122 1101 esse
1143 1085 1158 1110 ,
1187 1044 1276 1114 qui
1305 1053 1546 1098 stercora
1583 1040 1761 1096 liben-

141 1147 227 1192 ter
250 1137 522 1209 degustet.
551 1138 686 1193 Cum
707 1155 840 1211 ergo
859 1138 1090 1194 dicimus
1115 1136 1240 1201 illis,
1267 1135 1382 1190 h;cc
1408 1134 1616 1189 fabulas
1635 1148 1759 1188 esse

138 1237 198 1282 et
224 1228 536 1301 insipientia
567 1231 724 1301 plena
757 1246 774 1296 ;
818 1245 929 1285 non
958 1228 1258 1300 intelligitis
1288 1270 1305 1294 ,
1335 1226 1604 1297 inquiunt.
1630 1223 1750 1280 Uti.

145 1337 276 1376 nam
305 1337 424 1378 rem
455 1331 562 1376 tam
615 1322 900 1378 ridiculam
939 1336 1236 1392 numquam
1273 1319 1758 1390 intelligamuslhlt

137 1429 278 1471 sane
298 1430 408 1470 non
437 1416 508 1470 ita
531 1414 799 1486 profundo
826 1431 990 1472 sensu
1014 1431 1150 1488 opus
1183 1424 1268 1471 est
1294 1455 1310 1480 ,
1351 1423 1408 1469 ut
1434 1413 1707 1468 discamus
1737 1454 1752 1480 ,

137 1507 274 1576 quid
319 1508 423 1563 sibi
451 1509 564 1563 vult
591 1509 681 1564 illa
707 1518 852 1564 tanta
893 1509 1141 1578 impietas
1181 1517 1234 1563 et
1275 1522 1457 1562 rerum
1485 1505 1754 1562 confusio.

138 1600 282 1656 Num
303 1617 594 1658 corvorum
623 1619 774 1658 more
803 1603 1119 1672 loquimini,
1149 1617 1184 1656 o
1206 1601 1379 1655 insani
1409 1643 1425 1666 ,
1461 1609 1520 1655 ut
1550 1600 1757 1656 faciunt

140 1695 344 1763 pueri?
373 1695 612 1750 lnlantes
650 1696 850 1766 quippe
880 1695 1012 1750 estis
1037 1735 1051 1758 ,
1084 1703 1138 1748 ut
1171 1693 1266 1747 illi.
1300 1693 1370 1747 At
1400 1692 1593 1747 Petrus
1621 1691 1756 1746 nihil

139 1787 251 1842 tale
280 1787 440 1855 dixit,
473 1786 569 1841 sed
602 1802 786 1842 vocem
823 1788 1006 1842 emisit
1036 1829 1052 1852 ,
1090 1802 1210 1855 qua:
1235 1786 1388 1856 quasi
1423 1785 1475 1838 in
1513 1783 1755 1839 tenebris

140 1880 318 1935 lucem
338 1896 587 1951 magnam
619 1883 892 1936 emitteret
910 1923 925 1946 ,
951 1889 1007 1934 et
1035 1879 1320 1949 caliginem
1346 1878 1399 1933 in
1429 1877 1562 1932 orbe
1587 1876 1754 1931 dissi-

139 1983 317 2043 paret.
354 1972 554 2028 Verum
602 1989 785 2029 mores
824 1975 971 2028 illius
1023 1981 1186 2042 quam
1234 1980 1390 2027 erant
1438 1970 1750 2033 mansueti,

137 2081 302 2136 quam
327 2067 566 2128 humani,
591 2082 752 2136 quam
783 2065 848 2118 ab
873 2065 1020 2119 omni
1053 2081 1186 2119 vana
1215 2065 1388 2134 gloria
1409 2064 1592 2128 alieni,
1620 2077 1755 2133 quo-

136 2157 306 2212 modo
335 2157 404 2211 ad
427 2159 622 2212 caelum
657 2157 982 2227 respiciebat
1012 2157 1131 2211 sine
1160 2156 1298 2210 fastu
1320 2198 1335 2222 ,
1362 2157 1489 2211 licet
1507 2164 1754 2210 mortuos

137 2249 436 2304 suscitaret
468 2251 482 2303 Ξ
512 2249 666 2316 Quod
685 2251 728 2304 si
753 2250 840 2304 cui
865 2248 1233 2318 insipientium
1261 2249 1476 2302 illorum
1520 2247 1752 2301 accidis-

136 2351 240 2406 set,
273 2349 334 2395 ut
361 2357 457 2412 per
478 2341 816 2411 phantasiam
845 2351 902 2396 et
927 2341 1167 2411 speciem
1199 2339 1303 2394 tale
1325 2338 1600 2409 quidpiam
1622 2352 1750 2408 age-

136 2443 272 2499 ret,
331 2448 514 2488 annon
558 2435 742 2489 statim
792 2449 944 2488 aram
998 2432 1316 2503 espetiisset
1352 2446 1418 2487 ac
1455 2431 1752 2501 templum,

137 2538 204 2578 ac
256 2526 370 2580 Deo
425 2541 520 2594 par
567 2524 754 2580 haberi
808 2525 1170 2596 postulasset;
1219 2540 1344 2579 cum
1389 2522 1527 2577 nihil
1569 2523 1753 2592 hujus-

134 2616 284 2671 modi
352 2628 620 2687 agentes,
674 2618 798 2673 talia
860 2618 1266 2690 imaginentur?
1310 2616 1447 2683 Quid
1499 2616 1601 2672 sibi
1654 2631 1750 2671 vo-

135 2709 255 2764 lunt
293 2710 437 2780 apud
477 2711 600 2766 illos
639 2709 878 2766 Minerva
909 2751 927 2777 ,
981 2710 1178 2780 Apollo
1221 2718 1278 2765 et
1325 2708 1510 2765 Juno?
1537 2707 1753 2764 Genera

1863 481 2174 540 daemonum
2207 491 2334 538 sunt
2363 481 2506 552 apud
2538 482 2680 539 illos.
2735 482 2942 556 Estque
2994 500 3090 541 rex
3142 501 3308 556 penes
3358 488 3485 546 illos

1865 578 1958 648 qui
1991 577 2130 632 mori
2161 585 2336 646 Optat,
2365 588 2423 630 ut
2451 592 2549 646 par
2575 576 2680 633 diis
2702 578 2989 636 habeatur.
3016 579 3215 635 Verum
3246 582 3480 652 apostoli

1866 683 1974 723 non
1997 668 2097 730 sic,
2128 668 2225 723 sed
2247 677 2434 723 contra
2468 668 2693 724 faciunt.
2721 670 2859 725 Audi
2893 687 3127 741 namque
3155 674 3277 729 illos
3303 676 3466 730 dicen

1867 772 1968 826 tes,
1994 771 2278 832 postquam
2299 762 2524 817 claudus
2549 773 2773 818 sanatus
2804 765 2980 820 fuerat
3003 784 3019 818 :
3053 765 3167 821 Viri
3183 766 3443 823 lsi-actin:
3464 810 3480 832 ,

1863 855 1990 925 quid
2036 873 2130 911 nos
2173 857 2441 910 intuemini
2476 899 2489 921 ,
2520 857 2669 928 quasi
2727 867 2904 912 nostra
2947 859 3132 914 virtute
3177 870 3267 914 aut
3293 863 3484 932 pietate

1867 947 2142 1018 fecerimus
2173 947 2345 1018 ipsum
2366 949 2630 1002 ambulare
2658 949 2796 1019 (Act.
2825 951 2881 1005 5.
2914 949 3006 1022 12)
3033 951 3058 1005 ?
3089 967 3279 1008 rursus
3305 954 3436 1009 alibi
3460 995 3478 1020 ,

1869 1036 1984 1092 Nos
2008 1039 2203 1093 similes
2233 1039 2372 1093 vobis
2400 1041 2667 1110 passibiles
2711 1044 2946 1099 homines
2993 1062 3174 1100 sumus
3214 1046 3353 1119 (Act.
3389 1049 3480 1104 14.

1864 1129 1978 1199 ii).
2009 1129 2126 1186 Illic
2157 1146 2286 1185 vero
2317 1133 2520 1187 multus
2562 1143 2647 1189 est
2692 1135 2861 1190 fastus
2881 1178 2896 1199 .
2929 1138 3096 1193 multa
3126 1141 3434 1212 arrogantia
3462 1157 3481 1194 :

1865 1223 2048 1278 omnia
2089 1223 2236 1278 enim
2277 1239 2378 1295 pro
2405 1225 2660 1280 humanis
2684 1227 2986 1286 honoribus
3013 1269 3030 1299 ,
3076 1231 3211 1288 nihil
3242 1232 3487 1303 philoso-

1862 1313 2007 1385 pini-.e
2037 1315 2211 1385 gratia
2241 1315 2495 1386 agebant.
2537 1317 2636 1374 Ubi
2665 1321 2812 1375 enim
2862 1321 3051 1392 gloriae
3094 1339 3258 1378 causa
3285 1325 3485 1394 agitur,

1863 1406 2047 1461 omnia
2080 1407 2207 1461 vilia
2235 1419 2478 1464 manent.
2523 1410 2677 1466 Licet
2711 1414 2857 1468 enim
2883 1417 3066 1472 omnia
3094 1417 3218 1487 quis
3240 1416 3441 1474 habeat
3467 1461 3484 1482 ,

1862 1496 1909 1552 si
1932 1496 2036 1552 hoc
2057 1513 2167 1553 non
2199 1509 2401 1564 teneat,
2432 1501 2504 1555 ab
2522 1503 2671 1557 omni
2706 1503 3052 1577 philosophia
3073 1508 3271 1563 excidit
3310 1552 3326 1575 ,
3363 1511 3484 1565 vio-

1861 1587 2096 1644 lentiore
2139 1605 2203 1645 ac
2237 1593 2479 1661 turpiore
2519 1595 2714 1650 morbo
2748 1595 3025 1653 detentus.
3077 1599 3250 1669 Hujus
3295 1602 3486 1672 gloria:

1863 1691 2214 1753 contemptus
2239 1686 2308 1741 ad
2341 1687 2479 1740 bona
2510 1689 2692 1743 omnia
2717 1689 2961 1745 docenda
2981 1701 3065 1747 est
3084 1692 3314 1749 idoneus
3341 1707 3391 1747 et
3417 1695 3486 1750 ad

1862 1775 2246 1844 expellendum
2272 1793 2337 1832 ex
2357 1779 2537 1833 anima
2564 1795 2782 1837 omnem
2816 1783 3180 1852 perniciosum
3205 1785 3483 1842 allectum.

1864 1864 1992 1920 Ideo
2013 1883 2109 1922 vos
2135 1867 2326 1924 hortor
2358 1911 2374 1934 ,
2406 1879 2466 1926 ιιι
2496 1887 2695 1943 magno
2721 1874 2902 1930 studio
2940 1877 3189 1933 morbum
3220 1879 3486 1935 radicitus

1860 1959 2154 2013 evellatis:
2191 1961 2345 2014 nullo
2389 1962 2590 2046 quippe
2637 1965 2750 2018 alio
2793 1967 2958 2022 modo
3005 1983 3297 2038 possumus
3340 1972 3483 2042 apud

1862 2048 2035 2103 Deum
2061 2065 2185 2106 esse
2209 2053 2425 2123 probati
2455 2097 2470 2120 ,
2523 2065 2578 2111 et
2612 2057 2880 2114 insomnis
2906 2061 3054 2116 illius
3080 2065 3221 2118 oculi
3249 2065 3490 2122 benevo-

1859 2142 2084 2197 lentiam
2116 2145 2277 2200 nobis
2301 2147 2606 2205 attrahere.
2639 2149 2829 2222 Itaque
2855 2168 3045 2208 curam
3073 2171 3294 2212 onmem
3322 2158 3485 2214 adhi-

1859 2233 2087 2290 beamus
2117 2277 2134 2302 ,
2168 2245 2227 2290 nt
2254 2251 2490 2306 superna
2520 2239 2613 2294 illa
2640 2239 2888 2298 fruamur
2917 2247 3091 2316 gratia
3117 2287 3134 2314 ,
3177 2257 3322 2303 utet
3347 2266 3485 2320 pra:-
3519 2277 3524 2281 ί

1859 2326 2036 2379 sentia
2086 2327 2229 2380 mala
2273 2326 2543 2398 fugiamus
2576 2371 2594 2397 ,
2623 2340 2681 2387 et
2726 2334 2920 2390 futuris
2963 2336 3255 2408 dignemur
3285 2340 3444 2398 bonis
3467 2384 3486 2408 ,

1857 2417 2029 2485 gratia
2058 2428 2114 2471 ct
2137 2417 2471 2490 benignitate
2499 2422 2712 2480 Domini
2743 2428 3067 2489 nostriJcsu
3096 2431 3327 2502 Christi,
3352 2437 3470 2507 qui-

1857 2522 1980 2562 cum
2008 2507 2155 2563 Patri
2182 2519 2237 2564 et
2263 2511 2487 2581 Spiritui
2514 2523 2706 2571 sancto
2721 2518 2915 2588 gloria,
2940 2521 3256 2594 imperium,
3284 2527 3485 2594 honor,

1860 2616 2005 2656 nunc
2019 2612 2073 2657 et
2094 2616 2335 2675 semper,
2365 2615 2420 2662 et
2451 2607 2506 2662 in
2536 2611 2735 2666 saecula
2755 2614 3105 2671 smculornm.
3129 2619 3328 2677 Amen.

147 2849 3490 2887 -———__—_————__—_—-——__—_-——I“—

1557 2924 1913 2987 HOMILIA
1955 2926 2035 2988 ν.

132 3067 267 3126 Car.
297 3067 427 3130 2,v.
466 3068 554 3123 Η.
592 3067 700 3121 Viri
725 3066 904 3122 Judaei
932 3109 950 3133 ,
988 3077 1037 3123 et
1071 3069 1159 3139 qui
1187 3066 1429 3121 habitatis
1455 3064 1750 3120 Jerusalem

204 3160 432 3216 universi
459 3204 476 3228 ,
521 3161 618 3215 hoc
644 3161 783 3239 vqbis
813 3170 988 3216 notum
1015 3162 1082 3217 sit
1110 3202 1126 3228 ,
1183 3169 1233 3216 et
1256 3161 1466 3215 auribus
1495 3159 1749 3230 percipite

208 3253 362 3308 verba
386 3270 519 3308 mea.

209 3347 261 3400 t.
291 3345 442 3414 Quos
485 3345 738 3416 superius
787 3345 1108 3416 peregrinos
1150 3345 1325 3411 dixit,
1380 3344 1617 3425 ad_illos
1663 3343 1750 3398 hic

134 3451 450 3493 sennonem
472 3437 744 3492 convertit
773 3454 787 3491 :
817 3447 872 3492 et
896 3436 1112 3492 videtur
1131 3437 1352 3507 quidem
1376 3436 1498 3490 illos
1519 3435 1746 3505 alloqui,

134 3531 230 3585 sed
279 3530 536 3584 irrisores
588 3529 865 3584 emendat.
910 3528 1048 3584 Nam
1102 3528 1285 3584 divina
1335 3528 1750 3599 dispensatione

135 3620 343 3677 factum
372 3631 459 3676 est
487 3629 548 3676 ut
573 3622 791 3691 quidam
824 3621 1140 3688 irriderent,
1172 3637 1282 3692 quo
1313 3621 1440 3676 h'nc
1466 3619 1750 3676 defensio-

135 3727 262 3766 nem
293 3711 609 3778 ordiretur,
650 3727 715 3766 ac
761 3728 858 3782 per
904 3712 1052 3766 illam
1097 3711 1341 3767 doceret.
1383 3711 1591 3782 Magnae
1644 3711 1750 3766 sibi

135 3803 282 3857 laudi
326 3817 451 3857 csse
501 3803 762 3872 putabant
789 3845 806 3870 ,
849 3803 992 3874 quod
1031 3803 1388 3876 Jerosolymis
1415 3805 1746 3859 habitarent.

142 3892 256 3947 Hoc
273 3893 434 3955 vobis,
479 3892 672 3971 inquit,
706 3904 881 3948 notum
901 3896 967 3948 sit
991 3937 1008 3962 ,
1030 3905 1077 3948 et
1097 3896 1310 3950 auribus
1336 3896 1582 3966 percipite
1600 3895 1752 3950 verba

137 4001 270 4037 mea.
304 3984 642 4038 Attentiores
669 3984 887 4040 interim
915 3985 1038 4040 illos
1067 3986 1244 4041 reddit
1279 4028 1296 4051 ,
1335 3996 1392 4040 et
1427 3987 1740 4056 postcade-

137 4075 443 4131 fcnsionem
473 4084 645 4146 parat.
680 4078 770 4131 15.
807 4075 928 4130 Νοιι
956 4079 1122 4142 enim,
1151 4079 1282 4132 sicut
1309 4093 1396 4132 vos
1434 4080 1748 4149 suspicanti-

138 4166 232 4232 ni,
266 4167 323 4219 lii
372 4165 498 4220 ebrii
543 4175 684 4221 sunt.
741 4165 932 4222 Viden’
952 4182 1116 4238 quam
1163 4169 1311 4223 mitis
1353 4170 1425 4224 sit
1453 4169 1750 4226 defensio?

138 4258 292 4314 Licet
320 4259 583 4329 majorem
617 4261 798 4330 populi
831 4272 1039 4329 partem
1069 4277 1257 4318 secum
1299 4262 1562 4332 haberet,
1589 4281 1748 4320 man-

136 4351 346 4406 auctius
374 4361 557 4406 tamen
581 4351 706 4406 illos
743 4352 1042 4423 alloquitur
1076 4371 1091 4411 :
1124 4369 1190 4409 ac
1217 4355 1393 4424 primo
1420 4355 1617 4411 malam
1646 4373 1745 4412 su-

135 4446 441 4516 spieionem
514 4445 700 4510 tollit,
746 4446 1050 4519 deindeque
1095 4447 1471 4504 defensionem
1538 4451 1748 4506 statuit.

138 4537 376 4608 Ideoque
421 4554 531 4594 non
560 4539 713 4608 dicit,
744 4541 860 4597 Non
883 4543 1027 4597 enim
1057 4543 1200 4599 sicut
1226 4559 1324 4598 vos
1353 4544 1700 4600 subsannatis
1731 4589 1748 4615 ,

135 4629 222 4684 vel
250 4629 464 4696 ridetis,
490 4630 610 4697 sed,
639 4632 790 4687 Sicut
822 4635 1159 4705 suspicamini
1189 4653 1209 4690 :
1239 4637 1532 4693 ostendere
1561 4639 1752 4696 volens

135 4721 261 4777 illos
293 4737 402 4777 non
423 4724 567 4778 serio
594 4723 710 4780 bace
733 4725 960 4793 dixisse,
995 4741 1055 4782 ut
1073 4729 1248 4800 magis
1266 4729 1373 4785 illis
1395 4731 1746 4800 ignorantiae,

135 4830 299 4884 quam
328 4815 552 4871 malitia:
579 4819 786 4874 crimen
813 4819 1052 4876 offerret.
1081 4820 1205 4876 Non
1232 4824 1534 4890 enim,sicut
1558 4841 1646 4879 vos
1664 4844 1754 4880 su-

135 4909 438 4978 spicantini,
468 4911 525 4964 lii
556 4911 681 4965 ebrii
701 4921 821 4968 sunt
845 4955 861 4978 ,
890 4929 1009 4967 cunt
1035 4915 1102 4968 sit
1132 4913 1261 4970 liora
1301 4917 1404 4971 diei
1448 4920 1616 4974 tertia.
1639 4917 1754 4974 Cur

136 5001 242 5057 hoc
271 5001 669 5059 dicit?annon
729 5014 985 5076 poterant
1029 5008 1162 5063 hora
1221 5010 1381 5065 tertia
1436 5011 1752 5069 inebriari?

140 5092 402 5148 Poterant
426 5109 560 5150 sane
590 5111 608 5162 ;
635 5096 732 5151 sed
761 5098 812 5151 in
845 5097 949 5153 hoc
977 5099 1068 5155 ille
1090 5115 1197 5154 non
1227 5102 1458 5158 multum
1493 5104 1752 5162 instabat:

140 5200 319 5255 neque
339 5185 488 5241 enim
512 5185 586 5242 ita
608 5201 668 5243 se
687 5201 988 5259 gesserant,
1017 5202 1077 5246 ut
1100 5193 1351 5250 irrisores
1374 5195 1448 5249 illi
1472 5195 1752 5254 dicebant.

141 5273 280 5331 Hinc
310 5291 446 5347 ergo
470 5276 734 5335 discimus
767 5323 783 5348 ,
816 5281 870 5336 in
918 5282 1086 5338 rebus
1134 5300 1244 5339 non
1289 5290 1615 5346 necessariis
1643 5306 1753 5346 non

140 5365 306 5438 longo
351 5369 616 5424 utendum
663 5385 787 5427 esse
825 5387 1111 5432 sermone.
1158 5377 1414 5448 Alioquin
1458 5395 1591 5436 vero
1635 5381 1754 5440 haec

141 5460 474 5514 continuant
517 5477 639 5532 quae
683 5475 984 5535 sequuntur
1013 5485 1027 5521 :
1059 5483 1122 5523 ac
1161 5469 1381 5526 demum
1443 5472 1511 5527 ad
1561 5490 1754 5531 omnes

141 5563 326 5606 sermo
351 5550 625 5622 dirigitur.
666 5555 757 5611 16.
784 5556 894 5612 Sed
919 5558 1016 5613 hoc
1049 5570 1126 5615 est
1165 5563 1304 5632 quod
1345 5565 1538 5620 dictum
1560 5577 1636 5622 est
1663 5587 1755 5637 per

138 5644 449 5713 prophetam
474 5645 596 5701 Jocl
621 5662 642 5702 :
676 5650 768 5704 Π.
795 5648 864 5705 Et
887 5654 982 5706 erit
1008 5655 1061 5708 in
1092 5657 1378 5713 novissimis
1403 5660 1601 5728 diebus,
1625 5663 1754 5718 dicit

136 5731 405 5791 Dominus
430 5736 570 5794 Deus
600 5737 745 5810 (Joel
773 5743 832 5798 2.
880 5744 998 5816 28).
1031 5745 1283 5804 Nondum
1311 5751 1529 5808 auditur
1550 5769 1752 5813 nomen

143 5823 345 5884 Christi
376 5867 395 5896 ,
425 5843 527 5886 nec
552 5832 845 5903 promissio
874 5834 1020 5892 illius
1064 5849 1147 5895 est
1181 5879 1197 5908 ,
1226 5840 1322 5898 sed
1364 5842 1547 5900 Patris
1617 5847 1752 5906 Vide

1859 3069 2204 3138 sapientiam.
2239 3071 2358 3129 Non
2385 3076 2569 3140 statim
2599 3082 2816 3139 transiit
2836 3085 2904 3141 ad
2935 3101 3022 3154 ea,
3053 3102 3177 3158 qua:
3203 3089 3484 3148 Christum

1858 3162 2216 3231 spectabant;
2250 3182 2446 3239 nempe
2471 3172 2616 3241 quod
2644 3174 2762 3250 ipse
2795 3176 2912 3233 lucc
2944 3181 3298 3250 promiserit,
3327 3194 3485 3256 post—

1857 3267 2018 3322 quam
2044 3257 2340 3314 crucifixus
2366 3260 2579 3319 fuerat:
2609 3266 2848 3339 alioquin
2890 3273 3072 3329 omnia
3123 3276 3488 3334 subvertisset

1857 3345 1976 3401 hzec
2001 3347 2255 3405 dicendo.
2284 3353 2447 3423 Atqui
2495 3367 2771 3427 poterant,
2806 3362 3020 3434 inquies
3040 3407 3055 3432 ,
3082 3369 3204 3436 ejus
3228 3370 3488 3430 divinita-

1859 3445 1970 3493 tem
2017 3443 2332 3500 ostendere.
2377 3445 2524 3503 Sane
2571 3453 2790 3521 quidem
2817 3498 2830 3520 ,
2864 3458 2908 3511 si
2957 3459 3164 3515 credita
3209 3463 3482 3522 fuissent:

1857 3535 2006 3604 quod
2043 3545 2228 3591 autem
2274 3538 2386 3607 jam
2418 3545 2771 3612 quam-batur
2800 3591 2816 3616 ,
2850 3562 3055 3608 eratut
3083 3555 3483 3613 crederentur:

1858 3641 1968 3680 non
1996 3627 2204 3682 credita
2232 3641 2416 3687 autem
2443 3635 2495 3688 id
2524 3636 2855 3708 effecissent,
2883 3653 2940 3698 ut
2965 3645 3044 3700 illi
3080 3647 3481 3716 lapidarentur.

1859 3716 2148 3784 E/I'undam
2175 3721 2240 3776 de
2267 3723 2473 3794 Spiritu
2518 3745 2630 3783 meo
2658 3749 2812 3801 super
2860 3753 3066 3792 omnem
3108 3757 3338 3796 carnem.
3387 3744 3487 3801 Dat

1859 3811 1968 3866 illis
1994 3829 2212 3883 quoque
2237 3832 2390 3886 spem
2414 3819 2633 3888 bonam,
2658 3824 2704 3878 si
2737 3826 2955 3894 quidem
2983 3831 3172 3885 velint.
3214 3833 3326 3889 Nec
3351 3836 3486 3892 sinit

1858 3906 1982 3961 illos
2006 3908 2213 3976 majore
2241 3911 2398 3981 copia
2427 3913 2555 3978 frui,
2590 3919 2736 3986 quod
2767 3920 2992 3977 livorem
3023 3929 3362 3996 peperisset,
3391 3939 3480 3985 at-

1857 4013 1965 4067 que
2003 3998 2131 4055 hinc
2155 4001 2414 4059 invidiam
2443 4008 2692 4064 succidit.
2731 4010 2800 4065 Et
2833 4017 3236 4088 praphetabunt,
3260 4022 3436 4093 inquit
3460 4066 3477 4092 ,

1859 4089 1959 4157 ﬁlii
1986 4093 2160 4145 vestri.
2197 4093 2317 4148 Non
2359 4110 2534 4153 vesn-a
2563 4111 2648 4156 est
2681 4103 2798 4160 hmc
2843 4122 2932 4162 res
2963 4112 3222 4179 pmclam
3249 4155 3266 4180 ,
3304 4089 3479 4187 neque

1858 4190 2037 4236 vestra
2071 4183 2225 4252 laus;
2253 4188 2349 4242 sed
2381 4189 2449 4243 ad
2495 4192 2634 4246 filios
2665 4206 2880 4253 vestros
2906 4203 3078 4271 gratia
3109 4207 3343 4260 transiit.
3394 4183 3480 4263 ιιι.

1858 4274 2102 4344 scipulos
2129 4289 2290 4333 vocat
2315 4281 2454 4338 lilios
2476 4324 2492 4348 ,
2523 4296 2580 4339 et
2610 4287 2730 4343 illos
2762 4300 2965 4360 patres.
2998 4293 3067 4348 Et
3089 4298 3306 4368 juvenes
3332 4300 3482 4355 vestri

1859 4366 2077 4422 visiones
2102 4370 2364 4441 videbunt,
2385 4385 2433 4428 et
2458 4378 2682 4434 seniores
2713 4385 2866 4437 vestri
2893 4388 3095 4442 somnia
3122 4393 3482 4458 somniabunt,

1861 4455 1950 4549 ιε.
1967 4466 2017 4549 et
2043 4460 2252 4529 quidem
2279 4480 2436 4534 super
2461 4484 2631 4523 servos
2657 4489 2794 4526 meos
2833 4487 2880 4529 et
2907 4495 3063 4549 super
3090 4483 3310 4537 ancillas
3342 4455 3482 4541 meas

1857 4547 1912 4644 in
1938 4548 2116 4604 diebus
2143 4551 2250 4606 illis
2276 4553 2540 4622 effundam
2559 4560 2624 4614 de
2641 4563 2843 4632 Spiritu
2861 4547 2992 4636 meo,
3007 4581 3054 4623 et
3083 4574 3483 4644 propltetabunt.

1860 4638 2080 4697 Interim
2109 4646 2349 4702 ostendit
2379 4664 2437 4705 se
2465 4654 2721 4721 probatos
2751 4673 2872 4714 esse
2890 4702 2906 4730 ,
2937 4638 3126 4733 utpote
3152 4638 3243 4736 qui
3275 4668 3480 4738 Spiritu

1859 4745 2050 4790 essent
2078 4735 2285 4808 dignati
2319 4756 2335 4806 ;
2367 4742 2492 4798 illos
2519 4761 2648 4800 vero
2671 4749 2896 4808 minume
2929 4794 2943 4818 ,
2979 4735 3295 4829 utpoteiqui
3318 4735 3482 4816 Chri-

1861 4836 2002 4881 stum
2025 4831 2448 4890 crucifixissent.
2484 4835 2611 4891 Ideo
2637 4849 2694 4895 et
2721 4839 2972 4900 Christus
2995 4857 3052 4902 ut
3083 4849 3300 4906 illorum
3334 4853 3485 4912 iuro-

1860 4933 1978 4975 rem
2007 4920 2227 4977 sedaret
2253 4966 2268 4990 ,
2325 4927 2544 4984 dicebat
2574 4949 2586 4983 :
2623 4931 2752 4988 Filii
2791 4947 2960 4992 autem
2988 4942 3141 4996 vestri
3169 4944 3223 4996 in
3249 4961 3353 5016 quo
3381 4947 3482 5016 eji-

1861 5013 2002 5115 ciunt
2028 5015 2285 5072 daemonia
2330 5019 2549 5092 (Matth.
2579 5025 2668 5080 12.
2695 5028 2790 5098 27)
2815 5031 2840 5086 ?
2868 5031 2985 5089 Non
3010 5034 3147 5092 dixit
3179 5081 3196 5106 ,
3225 5013 3484 5115 Discipuli

1863 5105 1970 5160 mei
1997 5123 2012 5172 ;
2066 5123 2192 5163 nam
2224 5111 2330 5167 sibi
2359 5113 2671 5174 adulantem
2700 5123 2991 5194 sapuisset.
3019 5127 3112 5185 Sic
3142 5105 3234 5188 ille
3265 5105 3474 5192 non'di-

1866 5197 1950 5251 xit
1978 5239 1994 5262 ,
2029 5198 2196 5297 ipsos
2225 5219 2332 5267 non
2362 5206 2546 5297 ebrios
2576 5225 2701 5267 esse
2730 5254 2747 5279 ,
2799 5216 2896 5271 sed
2925 5233 2992 5274 ex
3025 5219 3233 5291 Spiritu
3281 5226 3429 5297 loqui
3466 5248 3480 5284 :

1864 5303 2044 5359 neque
2065 5291 2196 5347 illud
2219 5295 2544 5365 simpliciter
2568 5323 2587 5369 ,-
2617 5303 2713 5358 sed
2739 5304 2809 5360 ad
2837 5309 3159 5380 pr0phetam
3185 5291 3432 5389 confugit
3463 5363 3483 5390 ,

1863 5401 1919 5446 et
1950 5391 2044 5447 illo
2076 5393 2247 5452 fretus
2275 5396 2492 5455 fortiter
2514 5404 2646 5474 agit.
2677 5404 2767 5461 Sic
2797 5422 2894 5478 per
2922 5426 2984 5466 se
3016 5413 3238 5484 quidem
3268 5417 3390 5473 illos
3415 5422 3487 5474 ab

1864 5485 2213 5542 accusatione
2237 5494 2487 5562 purgavit
2513 5536 2529 5561 ,
2558 5497 2880 5567 prophetam
2904 5517 3038 5559 vero
3064 5508 3253 5575 gratiae
3285 5519 3482 5566 testem

1865 5575 2092 5633 inducit.
2127 5579 2415 5648 Effundam
2441 5585 2506 5641 de
2529 5587 2744 5658 Spiritu
2788 5608 2900 5647 meo
2942 5613 3103 5664 super
3133 5616 3336 5655 omnem
3362 5618 3484 5656 car-

1865 5685 2006 5723 nem.
2029 5670 2121 5728 Sic
2144 5673 2302 5740 dixit,
2331 5678 2459 5748 quia
2481 5680 2604 5736 aliis
2631 5697 2728 5751 per
2751 5688 2966 5742 somnia
3001 5730 3018 5754 ,
3047 5691 3170 5746 aliis
3197 5693 3486 5752 manifesto

1866 5762 2035 5832 gratia
2059 5764 2230 5820 effusa
2253 5778 2355 5822 est.
2377 5769 2511 5826 Nam
2534 5783 2590 5828 et
2617 5789 2716 5845 per
2736 5777 2946 5834 somnia
2970 5782 3224 5840 viderunt
3247 5785 3484 5857 prophe-

1871 5863 1942 5912 tae
1972 5899 1989 5928 ,
2018 5867 2074 5914 et
2115 5861 2486 5924 revelationes
2516 5882 2870 5935 acceperunt.
2901 5871 3107 5934 Deinde
3131 5880 3484 5952 progrch
