4054 6418
562 394 624 450 52
1294 386 1348 441 S.
1390 384 1665 441 JO.\N.\'lS
1702 382 2173 441 CllRYSOSTOMl
2211 382 2528 440 ARCHIEP.
2568 375 3097 434 CONSTAN'l'lNOP.
3787 372 3857 427 52

564 506 619 561 in
640 501 917 571 prophetia
955 542 969 560 .
1000 515 1119 570 quzc
1163 500 1431 568 quidpiam
1465 498 1701 553 terribile
1746 496 1925 549 habet.
1961 494 2049 551 l9.
2076 493 2147 549 Et

569 592 697 647 dabo
727 635 743 659 ,
792 593 965 662 inquit
988 633 1003 658 ,
1064 592 1296 661 prodigia
1322 592 1372 643 in
1400 592 1524 644 σοι-10
1567 606 1767 643 sursum
1793 630 1806 652 ,
1849 600 1896 641 et
1923 588 2069 659 signa
2094 588 2146 641 in

566 698 699 740 terra
715 686 970 740 deorsum.
1003 683 1093 738 His
1113 695 1159 737 et
1189 684 1417 737 futurum
1439 682 1693 750 judicium
1718 680 2149 749 ctJerosolymo—

566 794 687 832 rum
715 777 978 831 excidium
1005 775 1321 830 subiudicat.
1353 774 1667 844 Sanguinem
1698 783 1741 826 et
1768 773 1956 842 ignem,
1989 781 2036 824 et
2064 787 2150 824 va-

571 884 747 939 porem
771 869 917 939 fanti.
959 867 1090 922 Vide
1111 908 1126 932 ,
1159 866 1427 936 quomodo
1457 866 1721 920 excidium
1747 866 2035 919 describat.
2054 864 2146 920 20.

571 957 667 1015 Sol
688 966 997 1011 convertatur
1026 958 1078 1010 in
1111 956 1336 1010 tembras
1365 998 1378 1022 ,
1426 967 1471 1009 et
1502 956 1624 1008 luna
1650 956 1701 1007 in
1730 957 2044 1026 sanguinem.
2074 955 2149 1009 Ex

568 1048 762 1102 all'ectu
786 1047 1096 1118 patientium
1134 1048 1205 1101 ita
1226 1046 1477 1116 loquitur.
1502 1045 1757 1100 Narratur
1784 1056 1957 1100 tamen
1988 1044 2151 1098 multa

569 1137 760 1192 similia
784 1138 834 1191 in
857 1138 986 1192 male
1005 1140 1112 1191 visa
1139 1137 1322 1203 fuisse,
1339 1148 1397 1192 ut
1426 1136 1737 1191 testiﬁcatur
1756 1135 2024 1206 Josephus
2052 1133 2149 1204 (a).

568 1228 791 1285 Interim
820 1229 940 1284 illos
978 1243 1190 1299 quoque
1230 1228 1556 1299 perstrinxit,
1590 1228 1834 1282 tenebras
1858 1242 1977 1297 qua:
2006 1225 2149 1280 acci-

571 1318 705 1375 dere
775 1334 1078 1374 memorans
1108 1361 1124 1387 ,
1175 1328 1230 1375 et
1279 1320 1438 1374 futuri
1491 1318 1946 1387 exspectationem
1999 1314 2153 1369 indu-

572 1427 723 1468 cens.
768 1411 1048 1483 Antequam
1074 1413 1238 1466 veniat
1266 1412 1372 1465 dies
1402 1410 1606 1465 Domini
1633 1426 1845 1481 magnus
1873 1418 1918 1463 et
1939 1408 2155 1478 manife-

573 1514 702 1559 stus.
750 1503 828 1558 Ne
869 1506 990 1573 quia
1030 1518 1173 1558 nunc
1219 1505 1437 1573 impune
1480 1502 1711 1571 peccatis
1742 1543 1757 1565 ,
1792 1501 2006 1571 inquit,
2036 1488 2156 1554 iddb

571 1594 875 1649 conﬁdatis.
934 1595 1060 1650 Haec
1107 1598 1363 1664 prommia
1402 1602 1525 1650 sunt
1572 1594 1745 1665 magni
1783 1592 2058 1663 cujusdam
2104 1600 2159 1647 et

574 1688 875 1759 gravissimi
898 1688 1025 1742 diei.
1057 1669 1260 1753 \‘itlen’,
1286 1687 1555 1758 quomodo
1576 1688 1786 1742 animos
1812 1701 1998 1742 eorum
2025 1700 2157 1741 exa-

575 1779 782 1848 gitavit,
810 1788 866 1833 et
894 1780 1058 1834 risum
1090 1770 1357 1834 convertit
1378 1780 1428 1832 in
1453 1778 1900 1834 excusationem?
1934 1777 1988 1831 Si
2015 1778 2160 1832 enim

577 1871 693 1926 lucc
715 1878 841 1925 sunt
866 1872 1128 1940 procamia
1158 1872 1262 1927 diei
1295 1873 1435 1927 illius
1462 1915 1475 1939 ,
1510 1887 1732 1927 necesse
1755 1880 1829 1927 est
1865 1871 2159 1942 periculum

578 1963 646 2018 de
673 1965 927 2018 extremis
950 1964 1062 2033 jam
1109 1966 1408 2018 imminere.
1441 1965 1577 2031 Quid
1620 1964 1797 2018 vero?
1829 1979 1954 2018 num
1989 1963 2162 2033 pergit

584 2054 838 2109 terribilia
869 2040 1091 2110 dicere?
1120 2055 1490 2125 Nequaquam.
1523 2056 1625 2110 Sed
1658 2056 1823 2125 quid?
1850 2056 2057 2110 Rursus
2073 2054 2164 2108 dat

583 2146 688 2200 illis
719 2145 1242 2214 reSpiraudi'locnm,
1277 2156 1328 2201 ct
1358 2147 1433 2199 ait
1456 2164 1470 2199 :
1492 2146 1584 2199 2|.
1615 2146 1684 2199 Et
1708 2147 1800 2199 erit
1832 2188 1846 2212 ,
1877 2147 2039 2200 omnis
2064 2148 2166 2215 qui-

581 2253 790 2307 rumque
813 2238 1114 2292 invocaverit
1144 2233 1322 2293 nomen
1354 2237 1581 2304 Domini,
1611 2238 1782 2292 salvus
1809 2239 1921 2291 erit.
1958 2238 2069 2292 lloc
2100 2237 2167 2292 de

579 2329 802 2383 Christo
825 2329 1023 2384 dictum
1051 2340 1151 2395 est,
1189 2340 1245 2384 ut
1272 2330 1465 2386 Paulus
1492 2330 1567 2383 ait
1596 2326 1768 2399 (Rom.
1799 2330 1885 2385 10.
1916 2330 2002 2399 15)
2037 2348 2047 2383 :
2083 2329 2168 2384 hic

585 2435 713 2472 vero
742 2434 846 2473 non
877 2419 1037 2474 audet
1062 2421 1109 2475 id
1138 2421 1309 2489 palam
1343 2421 1601 2475 revelare.
1636 2420 1785 2474 Dicta
1808 2436 1935 2475 vero
1964 2435 1993 2474 a
2024 2420 2171 2491 prin.

584 2510 726 2578 eipio
765 2518 1089 2578 repetamus.
1146 2510 1313 2565 Recte
1352 2510 1502 2573 quasi
1550 2509 1809 2563 adversus
1856 2509 2090 2563 ridentes
2116 2518 2170 2563 et

586 2601 1241 2671 subsannantesinsurgit,
1276 2601 1497 2656 dicens:
1536 2600 1728 2654 Notum
1746 2601 1809 2653 sit
1832 2601 2063 2653 omnibus
2084 2615 2172 2653 vo-

587 2693 683 2755 bis,
709 2703 753 2745 et
784 2692 987 2744 auribus
1018 2692 1260 2760 percipite
1284 2693 1432 2745 rerba
1471 2707 1600 2744 mea.
1636 2691 1789 2745 Initio
1816 2702 1993 2745 autem
2023 2690 2171 2746 dice-

590 2786 700 2847 bat,
738 2783 844 2837 Viri
869 2784 1062 2837 Judaei.
1094 2783 1309 2838 Judaros
1341 2784 1467 2837 mihi
1497 2784 1676 2839 dicere
1706 2786 1918 2837 videtur
1949 2798 2061 2846 eos,
2085 2784 2174 2852 qui

568 2861 643 2927 'in
671 2874 851 2929 Judtea
886 2873 1220 2928 habitabant.
1258 2875 1320 2929 Et
1347 2916 1361 2940 ,
1403 2875 1444 2927 si
1476 2876 1647 2945 placet
1681 2917 1695 2939 ,
1745 2876 2031 2928 all'eranus
2084 2874 2174 2927 illa

594 2967 864 3036 Evangelii
899 2967 1061 3021 verba
1096 3009 1111 3033 ,
1158 2978 1214 3020 ut
1241 2968 1417 3025 discas
1453 2969 1622 3035 qualis
1659 2977 1879 3036 repente
1915 2968 2080 3023 factus
2109 2966 2177 3019 sit

592 3060 808 3115 Petrus.
859 3059 1034 3126 Exiit,
1066 3060 1273 3130 inquit,
1307 3061 1476 3131 puella
1505 3061 1673 3113 dicens
1704 3077 1721 3114 :
1752 3060 1815 3114 Et
1845 3070 1899 3112 tu
1926 3076 2040 3113 eras
2065 3076 2179 3112 cum

592 3152 717 3203 Jesu
748 3150 1035 3205 Nasttreuo.
1072 3150 1173 3205 Ille
1199 3163 1365 3205 autem
1392 3152 1670 3221 respondit,
1700 3149 1885 3203 Nest
1903 3150 2175 3203 hominem.

598 3238 665 3293 Et
692 3258 866 3295 rursus
897 3241 1229 3311 interrogatus
1258 3242 1404 3310 cmpit
1428 3241 1660 3294 detestari
1688 3251 1732 3295 et
1755 3242 1937 3311 jurare
1958 3238 2177 3310 (Matth.

594 3333 685 3386 as.
715 3331 924 3401 69-72).

666 3424 721 3476 2.
766 3423 1001 3477 Adulatio
1030 3426 1253 3479 vitanda.
1281 3456 1350 3466 --
1369 3426 1472 3481 Sed
1504 3426 1590 3481 hic
1614 3426 1735 3480 vide
1762 3426 1902 3479 illius
1934 3424 2178 3479 llduciam

600 3529 951 3583 magnamque
975 3515 1184 3570 dicendi
1209 3516 1528 3572 libertatem.
1554 3517 1669 3573 Non
1696 3518 1932 3572 laudavit
1956 3534 2069 3579 eos,
2095 3520 2183 3588 qui

573 3600 837 3659 dixerant
874 3624 887 3659 :
918 3606 1212 3660 Audiuimus
1241 3624 1323 3662 eos
1352 3609 1610 3677 loquentes
1643 3612 1825 3663 nostris
1856 3611 2043 3681 linguis
2074 3628 2183 3663 ma-

598 3696 772 3767 gnalia
797 3696 925 3761 Dei;
947 3698 1039 3752 sed
1064 3699 1149 3753 illa
1173 3714 1273 3768 qua
1302 3716 1423 3771 erga
1453 3701 1583 3755 alios
1610 3715 1736 3756 usus
1760 3711 1875 3756 erat
1903 3702 2184 3771 gravitate,

604 3791 701 3843 hos
743 3790 1091 3845 studiosiores
1136 3792 1360 3848 reddere
1405 3794 1627 3859 volens,
1679 3804 1733 3848 et
1778 3810 2081 3849 sermonem
2122 3794 2189 3847 ab

603 3882 909 3937 adulatione
950 3882 1184 3937 alienum
1222 3885 1528 3941 ostendere.
1558 3886 1672 3940 lloe
1699 3887 1839 3939 enim
1875 3887 2069 3956 ubique
2096 3885 2193 3937 ob-

606 3975 927 4028 servandum
958 3983 1069 4041 est,
1098 3976 1367 4045 quomodo
1407 3977 1743 4048 indulgenter
1774 3977 1893 4030 licet
1925 3978 2186 4047 loquatur,

605 4079 784 4119 sermo
810 4075 985 4119 tamen
1012 4066 1080 4118 ab
1111 4066 1416 4122 adulatione
1450 4069 1605 4122 simul
1633 4076 1686 4122 et
1711 4083 1740 4121 a
1771 4070 2091 4123 contumelia
2124 4070 2193 4123 sit

606 4157 848 4221 alienus;
879 4155 1019 4225 quod
1055 4166 1228 4212 tamen
1266 4157 1484 4213 difﬁcile
1522 4169 1623 4213 est.
1665 4158 1817 4226 Quod
1857 4169 2036 4213 autem
2079 4158 2194 4214 ha‘e

610 4247 739 4299 hora
765 4247 916 4301 tertia
940 4246 1073 4302 facta
1098 4248 1223 4312 sint,
1251 4265 1355 4303 non
1381 4250 1495 4305 sine
1517 4265 1676 4306 causa
1699 4251 2065 4318 diSpensatum
2088 4262 2191 4307 est.

608 4338 742 4391 Cum
777 4339 917 4393 enim
947 4338 1081 4395 lucis
1108 4341 1360 4409 splendor
1393 4352 1644 4411 apparet,
1680 4354 1814 4398 tunc
1839 4359 1943 4399 non
1987 4344 2193 4413 prandii

610 4430 753 4484 curis
784 4429 1025 4486 homines
1055 4441 1419 4502 occupantur,
1453 4444 1579 4488 tunc
1612 4434 1732 4489 lteta
1760 4434 1875 4489 dies
1913 4445 2029 4499 est,
2072 4445 2197 4491 tunc

611 4537 800 4577 omnes
826 4522 879 4576 in
910 4522 1026 4577 loro
1057 4533 1199 4578 sunt.
1232 4523 1419 4580 Viden‘
1448 4540 1751 4582 sermonem
1794 4527 2038 4582 libertate
2077 4528 2193 4597 ple-

609 4615 776 4670 num?
802 4615 869 4668 Et
898 4616 1104 4672 auribus
1134 4618 1373 4687 percipite
1401 4620 1546 4673 verba
1573 4636 1704 4673 mea.
1745 4620 1838 4674 His
1862 4620 2019 4674 dictis
2044 4637 2107 4674 ex
2139 4637 2198 4676 se

611 4707 740 4759 nihil
769 4702 987 4771 addidit,
1014 4708 1105 4762 sed
1131 4708 1244 4762 lucc
1270 4708 1547 4778 subjunxit
1570 4728 1584 4765 :
1608 4709 1718 4763 Hoc
1739 4721 1833 4777 est,
1856 4712 1990 4782 quod
2010 4712 2199 4766 dictum

610 4808 683 4853 est
724 4816 812 4867 per
848 4802 1140 4869 praphetem
1180 4801 1298 4857 Ιοεὶ
1326 4818 1347 4856 :
1376 4803 1442 4856 Et
1469 4805 1564 4857 erit
1598 4804 1649 4857 in
1687 4806 1971 4859 novissimis
2001 4806 2195 4860 diebus.

613 4892 861 4948 Ostendit
885 4895 1026 4949 enim
1050 4904 1233 4965 postea
1260 4900 1772 4955 consummationem
1806 4915 1970 4969 prope
2007 4900 2199 4954 affutu-

614 5001 748 5039 ram.
774 4986 862 5041 Sic
886 4985 1012 5043 illud
1034 5029 1048 5052 ,
1075 4986 1142 5042 In
1182 4989 1463 5043 novissimis
1490 4991 1661 5045 diebus
1682 5034 1694 5057 ,
1728 4993 2012 5062 quamdam
2041 4994 2200 5049 habet

612 5078 931 5146 emphasim.
981 5079 1181 5135 Deinde
1222 5096 1292 5137 ne
1331 5080 1574 5137 videatur
1615 5083 1727 5137 haec
1767 5084 1833 5137 ad
1878 5085 2021 5139 solos
2064 5084 2200 5143 ﬁlios

615 5169 905 5238 pertinere,
929 5170 1197 5241 subjungit
1223 5191 1236 5227 :
1265 5171 1333 5227 Et
1351 5175 1569 5229 seniores
1589 5176 1737 5230 vestri
1760 5178 1957 5230 somnia
1981 5181 2202 5234 somnia-

617 5262 755 5314 bunt.
791 5260 924 5316 Vide
952 5261 1026 5316 rei
1055 5263 1267 5318 seriem.
1298 5264 1476 5319 Primo
1504 5266 1595 5319 ﬁlii
1621 5283 1635 5330 ;
1660 5268 1796 5321 sicut
1818 5278 1868 5323 et
1897 5269 2061 5323 David
2088 5272 2197 5326 ait:

618 5348 727 5405 Pro
754 5353 974 5421 patribus
1004 5354 1101 5408 tuis
1142 5354 1248 5408 nati
1285 5365 1401 5408 sunt
1438 5357 1524 5409 tibi
1550 5360 1645 5425 ﬁlii
1671 5357 1841 5428 (Psal.
1870 5361 1957 5416 44.
1997 5362 2120 5430 17);
2149 5373 2202 5418 et

617 5457 802 5496 rursus
831 5443 1115 5498 Malachias
1148 5463 1161 5497 :
1195 5444 1494 5501 Convertens
1535 5450 1689 5502 corda
1734 5460 1933 5519 patrum
1962 5454 2015 5506 in
2045 5454 2199 5521 ﬁlios.

618 5532 685 5586 Et
711 5550 860 5602 super
882 5550 1044 5587 servos
1074 5553 1205 5590 nteos
1231 5579 1244 5602 ,
1276 5546 1322 5591 et
1350 5555 1503 5607 super
1540 5540 1752 5594 ancillas
1781 5558 1914 5595 meas
1946 5545 1961 5610 (
1988 5544 2113 5597 Mal.
2146 5546 2196 5600 4.

619 5628 699 5697 ti).
741 5627 807 5682 Et
846 5627 946 5682 hoc
985 5628 1193 5684 virtutis
1228 5631 1481 5687 indicium
1515 5652 1528 5687 :
1558 5633 1698 5688 servi
1740 5636 1880 5689 enim
1921 5638 2037 5706 ejus
2079 5637 2201 5693 facti

684 5762 915 5847 fet-"tilia
938 5774 1051 5847 re?
1069 5761 1763 5847 Ξῗτεείῖὲξιξῖφῑξιξῐὶειεισιυητ
1802 5784 2197 5840 recesserunt.

621 5833 780 5873 tuut'ul
803 5825 934 5887 Jose,
952 5824 1043 5875 lius
1066 5825 1130 5874 de
1157 5824 1289 5875 Bello
1312 5827 1519 5877 iudaice.

2259 508 2482 558 sumus,
2516 491 2726 548 liberati
2765 506 2795 545 a
2839 498 3078 560 peccato.
3124 488 3368 558 Magnum
3405 498 3583 542 autem
3625 496 3712 543 est
3754 486 3854 543 hoc

2257 585 2455 641 donum
2477 626 2492 650 ,
2520 583 2735 654 quando
2776 584 2829 638 in
2867 582 3029 636 alium
3056 596 3268 653 quoque
3294 595 3479 637 sexum
3512 580 3704 634 transit
3734 594 3853 649 gra-

2257 678 2359 741 tia;
2388 691 2495 731 non
2522 677 2575 730 in
2604 690 2764 731 unam
2791 675 3090 731 alteramve
3114 674 3254 728 sicut
3281 673 3429 738 olim,
3455 686 3649 742 nempe
3673 672 3731 725 in
3758 671 3859 725 De-

2258 767 2442 821 boram
2467 776 2521 822 et
2545 765 2754 823 Oldam.
2782 766 2966 837 Neque
2986 766 3128 821 dixit
3152 779 3271 822 esse
3293 765 3550 835 Spiritum
3579 774 3855 826 sanctum,

2261 872 2432 927 neque
2461 857 2735 928 propheta:
2763 859 2925 913 verba
2957 856 3278 927 explicavit;
3309 855 3404 912 sed
3441 856 3611 911 solare
3648 854 3863 908 induxit

2259 948 2595 1021 prephetiam
2622 965 2715 1019 per
2737 950 2970 1020 seipsam
2998 958 3320 1004 certantem.
3352 946 3600 1016 Nihilque
3624 947 3695 1001 de
3720 944 3860 1001 luds

2255 1028 2365 1111 jain
2390 1040 2647 1111 loquitur,
2666 1041 2786 1109 quia
2810 1040 3056 1095 omnibus
3080 1039 3253 1109 palam
3275 1046 3393 1094 erat
3412 1039 3597 1108 quales
3618 1034 3865 1091 dedisset

2263 1146 2486 1200 prunas;
2518 1130 2615 1186 sed
2644 1132 2801 1195 silet,
2834 1132 3013 1186 sciens
3041 1130 3175 1184 nihil
3204 1129 3429 1183 validius
3458 1143 3575 1183 esse
3600 1141 3766 1197 quam
3796 1142 3862 1181 ex

2264 1222 2541 1291 prephetia
2573 1223 2713 1292 loqui
2744 1224 2850 1278 illis
2881 1240 2895 1277 :
2928 1222 3031 1278 hoc
3057 1222 3199 1277 enim
3242 1222 3373 1292 ipsis
3411 1222 3572 1276 etiam
3604 1220 3867 1289 operibus

2261 1313 2453 1370 fortius
2490 1322 2592 1369 est.
2634 1314 2767 1370 Nam
2809 1330 2931 1371 cum
2972 1316 3125 1386 signa
3166 1314 3371 1370 faceret
3401 1313 3679 1379 Christus,
3718 1327 3870 1379 smne

2264 1391 2731 1471 Contradicebant;
2757 1421 2875 1461 cum
2898 1408 3075 1461 autem
3107 1405 3423 1477 prophetam
3450 1405 3734 1459 induceret
3762 1403 3872 1456 illis

2265 1496 2537 1553 dicentem
2565 1516 2577 1550 :
2601 1497 2745 1552 Dixit
2774 1497 3021 1552 Dominus
3045 1498 3262 1551 Domino
3290 1513 3420 1561 meo,
3452 1496 3589 1552 Sede
3612 1514 3643 1549 tt
3670 1496 3872 1549 dextris

2267 1589 2390 1644 meis
2406 1588 2617 1659 (Matth.
2636 1589 2723 1643 22.
2741 1590 2829 1644 44.
2852 1588 2999 1643 Psal.
3022 1589 3143 1645 l09.
3169 1592 3243 1660 l),
3259 1590 3330 1643 ita
3361 1588 3611 1653 silebant,
3628 1597 3686 1641 ut
3705 1601 3873 1642 nemo

2269 1678 2526 1750 deinceps
2541 1692 2717 1750 posset
2738 1682 2807 1735 illi
2826 1682 3169 1751 reSpondere.
3193 1682 3271 1736 Ac
3297 1695 3440 1752 sarpe
3458 1681 3547 1735 ille
3560 1679 3876 1750 Scoipturas

2270 1783 2555 1840 memorat,
2585 1774 2791 1838 dicens,
2821 1774 3008 1830 Siiltos
3033 1776 3163 1828 dixit
3192 1775 3332 1842 deos,
3352 1774 3419 1828 ad
3436 1790 3561 1847 quos
3578 1790 3742 1828 sermo
3776 1772 3874 1827 Dti

2272 1869 2442 1935 factus
2463 1874 2537 1918 est
2561 1865 2740 1934 (Joan.
2758 1867 2841 1922 10.
2861 1868 2972 1936 55).
2992 1866 3101 1920 lmo
3116 1867 3311 1936 ubique
3329 1867 3429 1921 hoc
3445 1867 3565 1937 quis
3580 1866 3874 1920 invenerit.

2274 1957 2398 2013 Ideo
2434 1958 2519 2012 bic
2558 1959 2632 2012 ait
2664 1977 2676 2011 :
2710 1958 2990 2025 E/fundam
3019 1959 3081 2012 de
3111 1958 3309 2030 Spiritu
3345 1976 3454 2013 meo
3490 1975 3643 2029 super
3672 1974 3881 2012 omnem

2273 2064 2476 2101 carnem
2499 2064 2519 2115 ;
2550 2047 2653 2103 hoc
2681 2058 2785 2116 est,
2811 2049 2862 2102 in
2889 2058 3095 2120 gentes.
3124 2048 3229 2104 Sed
3264 2048 3495 2103 nondum
3523 2050 3748 2113 revelat,
3777 2064 3882 2104 nec

2275 2141 2693 2211 interpretatur;
2723 2157 2894 2212 neque
2914 2142 3054 2197 enim
3078 2142 3416 2212 expediebat,
3440 2142 3561 2213 quia
3582 2142 3745 2197 etiam
3775 2141 3884 2197 hoc

2277 2236 2562 2289 obscurum
2593 2245 2725 2290 erat.
2760 2235 2903 2289 Dabo
2936 2236 3167 2306 prodigia
3202 2236 3254 2288 in
3295 2235 3419 2289 cwlo
3458 2252 3677 2289 sursum.
3714 2234 3884 2304 Magis

2280 2327 2398 2381 illos
2445 2325 2547 2381 hoc
2589 2328 2861 2392 terrebat,
2894 2327 3034 2396 quod
3077 2336 3223 2381 esset
3265 2328 3573 2381 obscurum.
3606 2326 3659 2381 Si
3694 2335 3881 2381 autem

2280 2420 2382 2475 hoc
2407 2420 2788 2491 interpretatus
2810 2432 2973 2487 esset,
3000 2422 3171 2491 magis
3198 2421 3303 2475 illis
3327 2420 3641 2474 obstitisset.
3673 2419 3887 2475 Deinde

2280 2510 2409 2565 illud
2440 2513 2681 2580 prmterit
2716 2512 2862 2580 quasi
2906 2512 3281 2576 manifestum,
3326 2512 3486 2565 latent
3526 2511 3712 2565 volens
3749 2509 3887 2564 dare

2281 2602 2614 2669 opinionem.
2663 2601 2901 2671 Denique
2944 2602 3046 2657 hoc
3087 2603 3187 2655 illis
3228 2604 3631 2671 interpretatur,
3661 2616 3786 2654 cum
3820 2601 3889 2655 de

2285 2695 2679 2750 resurrectione
2707 2696 2963 2765 loquitur,
2993 2704 3047 2750 et
3076 2694 3141 2749 ad
3176 2695 3223 2747 id
3256 2710 3509 2749 sermone
3541 2695 3679 2746 viam
3711 2703 3887 2762 parat.

2285 2783 2410 2837 Ideo
2441 2795 2631 2853 sponte
2662 2786 2901 2854 pra~terit
2926 2828 2941 2852 ,
2974 2786 3223 2856 quoniam
3259 2786 3391 2839 bona
3422 2785 3486 2839 ad
3519 2785 3641 2839 illos
3680 2796 3893 2854 pertra-

2286 2874 2493 2928 hendos
2536 2892 2640 2929 neu
2678 2878 2807 2929 satis
2846 2887 2999 2930 erant
3033 2895 3046 2930 :
3078 2892 3403 2946 quamquam
3445 2875 3546 2929 hoc
3588 2858 3890 2944 numquam

2287 2965 2484 3020 factum
2516 2979 2617 3021 est.
2652 2969 2819 3022 Nemo
2847 2970 2988 3022 enim
3019 2978 3143 3022 tunc
3172 2968 3388 3037 eﬁ'ngit;
3421 2983 3560 3020 nunc
3592 2982 3723 3021 vero
3754 2967 3891 3021 ﬁde-

2289 3056 2367 3111 les
2393 3057 2693 3127 ellugerunt
2718 3058 2817 3112 sub
2849 3058 3192 3129 VeSpasinno.
3223 3058 3288 3111 Et
3316 3061 3415 3113 hoc
3440 3057 3687 3126 estquod
3714 3058 3890 3113 dicit:

2293 3148 2411 3203 Nisi
2440 3152 2710 3204 abbreviati
2736 3152 2947 3221 fuissent
2976 3152 3080 3206 dies
3110 3153 3207 3217 illi,
3238 3155 3554 3223 noqsalvata
3577 3151 3756 3218 [uisset
3783 3166 3896 3203 om-

2292 3244 2370 3296 nis
2401 3258 2519 3295 raro
2549 3242 2762 3313 (Matth.
2795 3245 2883 3297 24.
2916 3244 3029 3313 22).
3060 3244 3210 3311 Quod
3243 3244 3518 3298 molestius
3548 3251 3687 3309 erat,
3718 3242 3896 3312 primo

2291 3334 2513 3402 contigit
2544 3352 2556 3387 :
2592 3336 2762 3402 primo
2789 3334 2931 3388 enim
2964 3334 3158 3389 accidit
3183 3343 3239 3388 ut
3271 3333 3597 3388 habitatores
3625 3348 3895 3403 caperen-

2296 3435 2401 3489 tur,
2428 3434 2483 3480 et
2515 3426 2640 3480 urbs
2672 3425 3076 3482 subverteretur
3102 3436 3154 3480 et
3183 3427 3623 3481 sueccnderetur.

2372 3519 2507 3585 Quid
2528 3530 2622 3587 est,
2652 3521 2825 3573 lunam
2852 3522 3037 3573 mutari
3063 3520 3116 3573 in
3143 3521 3438 3591 sanguinem
3463 3520 3487 3571 ?
3510 3549 3583 3559 —-
3610 3518 3816 3575 Deinde
3845 3520 3895 3573 in

2296 3612 2608 3682 metaphora
2652 3613 2751 3667 insi
2786 3613 2885 3678 tit,
2918 3612 3016 3667 sub
3052 3613 3235 3666 oculos
3276 3612 3581 3665 auditorum
3620 3612 3897 3666 excidium

2299 3706 2588 3760 adducens.
2620 3706 2717 3760 Sol
2743 3716 3056 3760 convertatur
3088 3706 3140 3758 in
3173 3708 3400 3758 tenebras
3424 3746 3439 3769 ,
3471 3714 3517 3758 et
3544 3706 3666 3757 luna
3692 3709 3745 3758 in
3774 3721 3898 3758 san-

2300 3799 2522 3867 guinem.
2552 3796 2667 3867 (a)[
2694 3797 2827 3864 Quid
2852 3804 2935 3851 est
2956 3838 2971 3861 ,
2994 3798 3169 3849 lunam
3202 3797 3391 3848 mutari
3422 3796 3473 3848 in
3506 3795 3899 3867 sanguinem?)

2302 3888 2525 3943 Videtur
2554 3889 2683 3942 mihi
2719 3890 2802 3943 hic
2830 3889 3115 3943 maximam
3151 3887 3351 3942 eaedem
3383 3887 3619 3941 iudicare
3641 3928 3654 3949 .
3683 3901 3899 3941 sermo-

2305 3996 2533 4048 nemque
2576 3980 2647 4033 ita
2693 3981 3069 4034 cencinnatum
3121 3993 3271 4044 esse,
3317 3988 3371 4031 ut
3416 3979 3650 4032 maximo
3695 3986 3904 4033 terrore

2304 4071 2541 4141 impleat.
2577 4072 2644 4125 Et
2673 4073 2765 4125 erit
2787 4114 2801 4138 ,
2836 4072 2999 4126 omnis
3035 4073 3332 4140 quicumque
3371 4070 3676 4124 inrocaverit
3716 4087 3905 4124 nomen

2307 4166 2534 4231 Domini,
2564 4166 2732 4219 salvus
2772 4168 2884 4220 erit.
2923 4166 3120 4228 Omnis,
3156 4167 3345 4234 inquit,
3379 4174 3433 4218 et
3462 4163 3507 4217 si
3545 4163 3803 4217 sacerdos
3835 4164 3909 4217 sit

2306 4258 2423 4328 (sed
2454 4257 2687 4311 nondum
2715 4258 2961 4324 revelat),
2985 4258 3096 4312 sive
3118 4272 3304 4312 servus
3326 4258 3415 4324 sit,
3445 4258 3556 4311 sive
3578 4256 3714 4310 liber
3737 4274 3750 4308 :
3779 4255 3907 4310 Non

2307 4358 2378 4403 est
2405 4350 2535 4403 enim
2562 4366 2672 4402 mas
2698 4365 2859 4419 neque
2886 4351 3074 4420 femina
3102 4352 3155 4403 in
3182 4349 3382 4403 Christo
3408 4349 3551 4414 Jcsu,
3575 4366 3676 4402 non
3705 4366 3904 4413 servus,

2306 4459 2406 4496 ncn
2432 4442 2554 4497 liber
2584 4442 2725 4514 (Gal.
2753 4445 2805 4497 3.
2832 4441 2949 4515 28).
2976 4444 3102 4498 Jure
3128 4443 3340 4513 quidem
3371 4461 3383 4495 :
3414 4443 3515 4497 hoc
3544 4442 3686 4496 enim
3714 4442 3909 4497 discri-

2306 4552 2430 4591 men
2464 4537 2548 4591 hic
2574 4549 2655 4592 est
2676 4578 2690 4603 ,
2720 4536 2809 4592 ubi
2836 4536 3013 4591 omnia
3041 4537 3223 4591 umbra
3266 4546 3407 4589 sunt.
3441 4535 3573 4589 Nam
3606 4536 3647 4589 si
3678 4535 3729 4588 in
3759 4536 3907 4605 regia

2312 4643 2467 4681 nemo
2496 4627 2710 4696 nobilis,
2742 4645 2897 4683 nemo
2924 4629 3191 4700 ignobilis,
3218 4628 3309 4682 sed
3336 4645 3429 4682 sua
3454 4643 3719 4697 quemque
3739 4642 3908 4700 opera

2312 4726 2513 4784 notant,
2537 4722 2655 4775 etsi
2678 4722 2730 4775 in
2752 4729 2865 4776 arte
2888 4736 3022 4790 Opus
3048 4721 3388 4775 commendat
3411 4720 3669 4775 artiﬁcem
3699 4740 3712 4775 :
3738 4723 3910 4775 multo

2311 4811 2477 4880 magis
2504 4812 2555 4865 in
2582 4812 2672 4865 illo
2697 4821 2856 4866 statu.
2884 4814 3061 4869 Omnis
3085 4815 3379 4889 quicumque
3404 4814 3722 4873 invocaverit.
3752 4812 3911 4866 Invo-

2312 4906 2519 4971 caverit,
2546 4906 2782 4975 inquam,
2807 4922 2910 4959 non
2933 4907 3117 4976 quavis
3138 4907 3342 4960 ratione
3364 4905 3443 4977 (Ν
3447 4923 3511 4959 οη
3532 4907 3683 4967 enim,
3710 4905 3905 4975 inquit,

2312 4998 2475 5051 omnis
2502 4998 2589 5067 qui
2609 4997 2731 5051 dicit
2759 4998 2903 5066 mihi,
2932 4997 3165 5066 Domine,
3192 4997 3407 5054 Domine
3432 4997 3644 5070 [Matt/t.
3672 4998 3725 5051 7.
3753 4997 3847 5070 22]
3866 5000 3907 5069 ),

2311 5092 2406 5147 sed
2427 5091 2515 5161 qui
2538 5107 2658 5146 cum
2686 5090 2900 5156 aﬂ‘ectu,
2924 5107 3043 5146 cum
3067 5094 3265 5161 Optima
3290 5094 3418 5157 vita,
3445 5106 3565 5145 cum
3593 5094 3907 5160 congruenti

2311 5181 2523 5236 ﬁducia.
2558 5182 2773 5235 Interim
2804 5198 2909 5237 non
2941 5183 3162 5238 moleste
3191 5184 3444 5253 loquitur,
3474 5182 3542 5237 de
3574 5181 3676 5237 ﬁde
3706 5198 3906 5253 agens,

2312 5290 2488 5345 neque
2515 5276 2756 5345 supplicii
2788 5286 3046 5332 terrorem
3082 5277 3436 5333 abscondens.
3466 5276 3779 5345 Quomodo?
3805 5278 3907 5335 Os-

2314 5367 2485 5423 tendit
2509 5368 2560 5422 in
2592 5370 2928 5426 invocatione
2954 5372 3180 5426 salutem
3212 5386 3349 5425 esse.

2386 5459 2438 5512 5.
2471 5458 2627 5525 Quid,
2658 5476 2858 5529 qumso.
2891 5462 3063 5517 dicis?
3088 5464 3311 5517 salutem
3338 5478 3603 5519 memoras
3638 5471 3757 5531 post
3782 5478 3907 5517 eru-

2314 5550 2472 5605 cem?
2509 5550 2774 5622 Exspecta
2818 5554 3027 5609 interim
3061 5573 3072 5609 :
3103 5570 3290 5626 magna
3335 5564 3417 5609 est
3461 5554 3555 5610 Dei
3600 5554 3903 5610 clementia.

2314 5644 2380 5699 Et
2410 5644 2511 5700 hoc
2553 5661 2658 5700 non
2700 5648 2873 5701 minus
2919 5648 3148 5703 ostendit
3179 5649 3326 5703 illum
3364 5663 3485 5703 esse
3516 5648 3715 5711 Deum,
3750 5666 3905 5717 quam

2350 5782 2581 5891 d(arctoae
2602 5786 2787 5834 uncinis
2811 5784 3118 5848 clauduntur,
3137 5785 3342 5835 deerant
3380 5783 3429 5835 in
3454 5782 3614 5842 editis,
3637 5790 3689 5833 et
3708 5796 3767 5832 ex
3800 5789 3907 5830 uss.

2384 5858 2509 5891 leua
2535 5856 2665 5891 511111..

2321 5856 2509 5905 adjecta
2535 5856 2665 5895 sunt.
