4054 6400
156 398 226 454 ss
1137 388 1204 444 IN
1245 386 1424 443 Aen
1467 384 2000 443 APOSTOLonmt.
2019 383 2248 439 nomn.
2276 367 2358 436 'v.
3434 369 3500 419 si

145 515 487 574 remrrectio
513 523 572 569 et
598 513 748 582 signa
771 551 786 578 ,
815 509 957 580 quod
989 523 1184 577 nempe
1210 507 1329 561 illos
1357 505 1605 560 advocet.
1633 501 1771 557 Nam

144 610 298 679 quod
329 609 623 664 admodum
655 606 855 660 bonum
876 645 893 668 ,
933 602 1044 656 Deo
1083 599 1317 655 maxime
1358 597 1631 668 proprium
1661 603 1767 649 est.

142 701 278 756 Ideo
303 701 458 763 dicit,
489 698 657 753 Nemo
681 697 864 760 bonus,
888 693 991 747 nisi
1026 708 1156 746 unus
1181 689 1322 744 Deus
1347 688 1497 757 (Luc.
1534 687 1622 742 18.
1657 684 1767 756 19).

137 795 253 849 Sed
289 808 363 849 ne
390 793 688 848 bonitatem
717 789 770 842 in
791 785 1012 842 desidia:
1037 783 1377 839 occasionem
1405 779 1765 849 arripiamus:

135 902 271 940 nam
304 886 462 953 punit
481 883 644 938 etiam
667 891 725 935 ttt
753 879 915 935 Dens.
941 877 1067 932 Huic
1087 890 1216 946 ergo
1240 873 1365 928 fecit
1392 873 1455 936 is,
1484 870 1574 942 qui
1595 869 1764 926 dixit:

135 977 338 1032 Omnis
381 977 686 1046 quicumque
727 971 1033 1026 innotuerit
1077 983 1260 1022 nomen
1305 964 1518 1020 Domini
1540 1005 1557 1029 ,
1594 963 1766 1017 salvus

130 1069 259 1124 crit.
299 1068 380 1124 De
409 1064 573 1123 rebus
599 1063 953 1136 ierosolymte
979 1063 1193 1132 loquor,
1222 1059 1292 1114 de
1320 1054 1646 1112 intolerabili
1673 1054 1763 1108 illa

130 1159 355 1214 ultione
382 1177 396 1212 :
425 1159 495 1214 de
522 1172 628 1227 qua
656 1154 808 1210 vobis
838 1170 984 1210 nunc
1023 1166 1189 1223 ttauca
1220 1151 1411 1221 loquar
1435 1147 1612 1210 utilia,
1647 1154 1760 1200 tum

127 1259 332 1304 contra
364 1248 760 1312 Marcionistas,
794 1254 906 1300 tum
933 1253 1118 1300 contra
1146 1241 1284 1295 alios
1313 1238 1511 1294 mullos
1542 1236 1760 1292 ha-reti-

128 1357 252 1395 eos.
285 1339 424 1407 Quia
453 1340 600 1394 enim
629 1339 815 1394 dicunt
844 1338 1044 1392 bonum
1079 1335 1248 1390 Deum
1277 1332 1575 1398 Christum,
1609 1330 1758 1385 illum

127 1448 270 1489 vero
313 1433 517 1487 malum
550 1448 568 1494 ;
595 1431 910 1495 videamus,
941 1428 1060 1499 quis
1101 1427 1216 1482 haec
1243 1425 1451 1481 fecerit.
1482 1423 1616 1492 Quis
1642 1423 1758 1478 hare

125 1542 269 1598 ergo
298 1526 450 1592 fecit,
480 1525 725 1580 malusne
750 1523 900 1579 illum
931 1519 1236 1577 ulciscens?
1258 1518 1494 1572 Minime.
1521 1517 1760 1584 Quomo-

124 1619 201 1671 do
248 1618 421 1687 igitur
458 1617 530 1671 ab
569 1616 663 1670 illo
700 1613 948 1669 alienus?
979 1612 1063 1666 An
1102 1610 1277 1664 bonus
1321 1608 1422 1662 hoc
1459 1605 1620 1662 fecit?
1648 1605 1754 1660 Sed

123 1710 546 1765 demonstratur
585 1717 640 1764 et
683 1708 897 1762 Patrem
925 1715 979 1761 et
1019 1704 1212 1760 Filium
1245 1703 1348 1758 hoc
1375 1701 1568 1757 fecisse
1603 1719 1616 1754 :
1647 1699 1755 1754 Pa-

126 1812 273 1857 trem
309 1802 496 1857 mnltis
525 1802 578 1856 in
610 1799 775 1864 locis,
809 1809 862 1853 ut
891 1813 1015 1853 cum
1041 1795 1239 1851 dicitur
1259 1839 1273 1858 ,
1307 1795 1596 1850 missurum
1628 1807 1752 1847 cum

123 1909 252 1950 esse
281 1896 555 1950 exercitus
570 1908 707 1948 suos
733 1893 786 1946 in
809 1891 1020 1945 vineam
1043 1888 1260 1960 (Jtattli.
1289 1886 1382 1940 20.
1408 1884 1466 1954 2)
1490 1901 1504 1950 ;
1532 1882 1749 1948 Filium,

121 1997 182 2040 ut
207 1985 438 2055 quando
464 1985 632 2040 dicit:
659 1983 903 2038 Inimicos
925 1992 1093 2036 autem
1123 1997 1260 2034 meos
1289 1979 1531 2033 adducite
1549 1987 1596 2032 et
1617 1978 1752 2030 occi-

120 2080 230 2130 dite
259 2094 441 2130 coram
470 2094 550 2130 me
567 2119 581 2141 ,
612 2092 698 2131 eos
718 2077 806 2146 qui
833 2077 1106 2130 noluerunt
1135 2090 1217 2128 me
1244 2089 1461 2142 regnare
1486 2089 1640 2140 super
1665 2087 1751 2126 eos

121 2172 140 2232 (
160 2169 301 2222 Luc.
336 2169 424 2224 19.
453 2169 523 2222 27
545 2173 585 2240 ).
619 2169 869 2240 Alioquin
903 2183 1030 2224 vero
1062 2175 1117 2223 et
1159 2167 1275 2236 ipse
1317 2175 1498 2220 narrat
1541 2166 1751 2221 futuras

123 2263 537 2328 tribulatioues,
564 2261 758 2332 quibus
789 2261 930 2315 nulla
961 2275 1214 2330 umquam
1245 2258 1515 2314 crudelior
1544 2256 1661 2324 fuit,
1694 2267 1751 2312 et

121 2357 245 2425 ipse
282 2355 405 2410 illas
438 2355 796 2408 annuntiavit.
832 2353 925 2408 Vis
951 2352 1162 2420 audire,
1194 2367 1314 2422 qua:
1346 2350 1481 2406 facta
1511 2351 1750 2406 fuerint?

121 2447 383 2504 Verubus
412 2448 533 2502 illos
557 2449 969 2502 translixerunt.
997 2446 1134 2515 Quid
1164 2446 1265 2500 hoc
1291 2443 1601 2515 Spectacqu
1627 2457 1750 2514 gra-

119 2543 243 2597 vius
262 2542 291 2594 ἳ
318 2541 427 2597 Sed
457 2541 536 2595 vis
567 2556 780 2595 narrem
819 2541 963 2595 illam
992 2538 1235 2594 mulieris
1261 2537 1598 2609 tragoediam,
1626 2540 1747 2608 quae

121 2651 349 2690 omnem
381 2645 600 2703 superat
637 2633 1038 2689 calamitatem?
1071 2635 1150 2687 vis
1191 2632 1385 2687 famem
1417 2642 1470 2688 et
1497 2633 1746 2702 pestem?

118 2725 216 2782 His
242 2728 495 2798 graviora
525 2735 815 2798 prtetereo.
840 2725 1167 2795 lgnorabaut
1194 2725 1268 2778 illi
1298 2734 1566 2792 naturam,
1595 2724 1747 2794 igno-

119 2819 324 2874 rabant
354 2818 551 2889 legem,
583 2817 787 2874 belluas
814 2817 1026 2872 feritate
1050 2816 1400 2886 superabant.
1431 2816 1555 2871 llarc
1581 2830 1744 2884 porro

117 2912 309 2966 omnia
337 2926 407 2966 ex
436 2910 564 2966 belli
593 2910 846 2965 violentia
877 2908 1154 2979 contigere
1173 2951 1188 2974 ,
1218 2918 1274 2964 et
1303 2909 1410 2963 Deo
1436 2919 1496 2964 et
1523 2908 1744 2962 Christo

117 3007 364 3061 volente.
391 3004 518 3059 Περ
544 3014 596 3059 et
617 3011 804 3058 contra
824 3002 1193 3057 Marcionistas
1212 3001 1313 3074 (a),
1338 3010 1394 3056 et
1411 3009 1599 3056 contra
1621 3015 1738 3067 eos,

118 3099 210 3169 qui
244 3113 357 3152 non
383 3098 614 3152 credunt
641 3112 764 3153 esse
791 3097 1119 3168 gehennam,
1145 3104 1267 3164 apta
1298 3105 1493 3159 erunt;
1525 3095 1739 3150 illorum

119 3193 270 3246 enim
312 3191 700 3260 impudentiam
741 3189 1104 3261 comprimere
1143 3187 1344 3242 valent.
1384 3189 1580 3242 Annon
1625 3186 1741 3242 ltzec

113 3283 470 3354 Babylonicis
517 3282 674 3337 malis
713 3283 958 3350 graviora
999 3281 1158 3336 sunt?
1194 3294 1374 3335 annon
1415 3279 1532 3335 haec
1570 3279 1740 3334 fames

119 3376 208 3430 illa
236 3375 558 3430 crudelior?
590 3375 664 3429 De
695 3373 778 3428 his
817 3375 933 3444 ipse
970 3388 1184 3443 quoque
1211 3372 1460 3427 Christus
1495 3387 1738 3441 pronun-

121 3468 277 3523 limit
311 3485 323 3518 :
357 3465 472 3520 Erit
499 3466 780 3532 tribulatio,
814 3465 982 3536 qualis
1007 3481 1281 3534 numquam
1313 3465 1430 3535 fuit;
1461 3481 1622 3534 neque
1643 3465 1739 3518 erit

116 3563 340 3628 (Matth.
369 3561 462 3616 24.
501 3561 617 3630 21).
646 3560 930 3627 Quomodo
958 3576 1088 3630 ergo
1117 3559 1304 3614 dicunt
1332 3558 1549 3629 quidam
1577 3557 1736 3613 Chri-

117 3665 263 3709 stum
295 3653 570 3708 remisisse
597 3653 700 3706 illis
729 3660 1006 3722 peccatum
1028 3653 1051 3706 ?
1076 3651 1239 3707 Forte
1261 3651 1494 3721 vulgaris
1525 3649 1739 3705 videtur

116 3763 240 3804 esse
281 3747 550 3818 quiestio;
598 3746 691 3801 sed
734 3761 832 3800 vos
877 3745 1101 3815 potestis
1131 3745 1273 3800 illam
1303 3744 1537 3800 solvere.
1568 3742 1739 3798 Nemo

118 3856 378 3911 umquam
405 3840 603 3910 poterit
630 3838 741 3892 tale
771 3837 1083 3908 ﬁgmentum
1115 3836 1437 3901 ostendere,
1469 3835 1627 3906 quale
1653 3843 1738 3890 est

118 3932 166 3986 id
186 3931 336 4002 quod
363 3945 550 3986 revera
568 3929 784 3985 accidit.
812 3927 877 3984 Et
902 3928 946 3984 si
967 3928 1186 3999 quidem
1207 3927 1548 3984 Christianus
1566 3935 1733 3995 esset,

117 4026 208 4095 qni
238 4025 358 4079 hazc
387 4025 640 4092 scripsit,
668 4037 760 4079 res
786 4031 932 4078 esset
961 4020 1100 4077 forte
1124 4029 1376 4093 suspecta
1412 4039 1424 4076 :
1453 4036 1576 4076 cum
1604 4035 1736 4076 vero

116 4116 341 4171 «Ιυάωυε
365 4114 531 4170 fuerit
548 4123 603 4170 et
619 4114 967 4170 Judaicorum
994 4112 1292 4177 studiosus,
1316 4113 1404 4182 qui
1430 4119 1548 4180 post
1571 4125 1745 4166 evan-

117 4211 322 4279 gelium
355 4207 544 4275 venit,
576 4206 852 4278 quomodo
882 4222 988 4262 non
1019 4205 1272 4260 omnibus
1311 4205 1596 4260 manifesta
1625 4205 1736 4260 sint

117 4319 201 4369 ea,
227 4316 354 4373 qua
379 4309 533 4370 gesta
564 4301 724 4354 sunt?
748 4297 969 4353 Videbis
995 4312 1230 4367 namque
1258 4297 1405 4351 illum
1428 4297 1626 4368 ubique
1647 4313 1735 4353 res

116 4397 372 4452 Judaicas
399 4393 770 4451 extollentem.
801 4393 900 4448 Est
935 4393 1115 4462 itaque
1145 4390 1388 4463 gebenna
1415 4433 1429 4457 ,
1462 4401 1517 4446 et
1558 4392 1734 4447 ὺοιουο

117 4500 195 4544 est
226 4488 394 4543 Deus.
424 4487 620 4541 Annon
645 4483 1006 4540 exhorruistis
1033 4481 1148 4538 lucc
1175 4481 1500 4537 audientes?
1531 4481 1730 4536 Verum

116 4595 232 4648 qua:
280 4579 372 4633 hic
411 4577 581 4637 ﬁunt,
627 4574 759 4628 nihil
801 4581 930 4628 sunt
967 4573 1021 4628 in
1054 4573 1461 4643 comparatione
1492 4573 1728 4627 illorum.

120 4670 328 4727 Rursus
369 4679 534 4740 cogor
575 4670 816 4737 ingratus
850 4663 1024 4720 videri
1057 4673 1115 4721 et
1155 4665 1452 4730 molestus;
1480 4666 1574 4720 sed
1603 4665 1731 4736 quid

119 4762 350 4820 faciam?
381 4761 439 4817 lu
481 4762 584 4815 hoe
612 4759 819 4831 positus
858 4775 997 4814 sum.
1038 4752 1189 4814 Sicut
1223 4758 1544 4828 paidagogus
1572 4744 1733 4827 asper

111 4853 504 4925 discipulorum
531 4851 657 4906 odio
682 4853 957 4921 expositus
983 4859 1086 4916 est,
1111 4851 1190 4906 sic
1218 4861 1273 4906 et
1301 4865 1417 4906 nos.
1447 4849 1731 4919 Quomodo

112 4950 254 5002 enim
282 4945 583 5001 absurdum
615 4960 719 5001 non
761 4945 951 5010 fuerit,
990 4945 1036 4998 si
1075 4944 1202 4998 dum
1232 4945 1304 5012 ii,
1337 4945 1427 5015 qui
1455 4962 1484 4998 a
1513 4945 1730 5015 regibus

112 5053 234 5097 sunt
263 5039 570 5102 constituti,
597 5055 685 5095 res
709 5041 1052 5110 quantumvis
1081 5039 1395 5109 injucundas
1419 5041 1724 5109 perﬁciunt,

115 5151 228 5201 nos,
262 5152 332 5190 ne
355 5151 385 5189 a
415 5135 567 5190 vobis
599 5134 1081 5205 reprehendamur,
1113 5133 1349 5189 ofﬁcium
1379 5135 1603 5204 implere
1634 5135 1730 5190 de-

112 5233 353 5284 sinamus
370 5230 397 5282 't

185 5323 478 5393 Episcopus
522 5337 660 5390 sape
706 5338 807 5374 non
855 5321 1063 5390 prodest
1108 5338 1198 5390 per
1225 5338 1284 5375 ea
1315 5337 1431 5388 qua:
1475 5322 1721 5389 placent,

111 5415 197 5466 sed
227 5430 320 5482 per
349 5428 409 5465 ea
437 5428 553 5481 qua:
595 5421 847 5483 pungunt.
891 5442 964 5452 —
994 5411 1147 5466 Alius
1175 5411 1320 5467 aliud
1355 5413 1517 5468 habet
1542 5430 1676 5483 opus
1710 5432 1722 5467 :

116 5507 410 5559 multorum
478 5514 660 5560 autem
704 5523 768 5560 ex
822 5506 976 5560 vobis
1038 5506 1140 5561 hoc
1206 5507 1440 5562 ofﬁcium
1503 5518 1617 5574 est,
1670 5519 1728 5564 ut

178 5639 485 5704 (a)_Marcion
508 5639 704 5704 dicebat
727 5639 975 5704 Christum
1017 5654 1112 5690 non
1140 5640 1244 5690 fore
1263 5641 1478 5704 iudicem
1511 5647 1727 5693 mortuo-

115 5714 240 5767 rum,
262 5702 422 5764 inquit
444 5701 727 5767 Philagrius
751 5706 806 5767 in_
822 5703 1014 5751 Hmresi
1037 5701 1441 5752 MarcioniStarum
1463 5719 1474 5753 :
1496 5706 1608 5754 hinc
1631 5719 1726 5767 ge-

119 5763 345 5812 hennam
377 5764 730 5814 excludebant.
773 5765 1020 5815 Ca’terum
1054 5768 1372 5815 Marcionistze
1411 5780 1507 5816 non
1549 5763 1728 5817 omnes

118 5827 328 5938 se
350 5827 762 5878 consentiebant:
788 5829 876 5878 sed
901 5830 1031 5879 inter
1056 5827 1165 5879 illos
1187 5835 1329 5880 erant
1351 5830 1634 5893 opinionum
1654 5831 1724 5879 di-

120 5899 286 5938 τυηη.

1886 500 2286 562 misereantur,
2339 497 2604 562 humani,
2650 509 2881 564 suaves,
2913 496 3182 566 mitesque
3230 494 3337 550 sint
3387 494 3494 561 iis,

1877 591 2072 662 quibus
2103 589 2363 646 beneﬁcia
2412 599 2691 656 prmstanl.
2717 589 2825 643 Nos
2857 604 2988 644 vero
3017 597 3077 642 ut
3107 587 3335 643 subditis
3369 603 3495 657 pro-

1874 685 2082 750 simus,
2125 699 2318 755 graves
2344 683 2627 747 videmur,
2661 681 2781 737 duri
2808 725 2822 745 ,
2872 682 3128 745 onerosi,
3164 679 3444 750 injucundi
3474 695 3490 746 ;

1873 791 2051 846 neque
2077 776 2221 830 enim
2255 790 2548 846 prosumus
2574 790 2672 845 per
2715 790 2781 828 ea
2806 790 2928 845 qua:
2970 774 3221 843 placent,
3268 771 3366 827 sed
3395 787 3494 842 per

1871 883 1934 924 ea
1959 885 2080 939 quae
2125 877 2390 940 pungunt.
2420 869 2569 923 Talis
2593 884 2812 938 quoque
2858 877 2943 923 est
2979 867 3264 924 medicus:
3299 880 3490 921 verum

1871 961 1966 1016 ille
2016 978 2124 1016 non
2175 971 2282 1016 tam
2331 961 2696 1031 injucundus;
2744 962 2927 1016 statim
2975 962 3177 1033 quippe
3222 970 3342 1016 arte
3389 975 3491 1015 sua

1868 1053 2158 1108 utilitatem
2190 1054 2390 1123 prabet
2423 1071 2438 1107 :
2473 1068 2572 1109 nos
2600 1062 2782 1109 autem
2816 1056 2868 1108 in
2901 1055 3104 1108 futuro.
3138 1051 3286 1109 Talis
3313 1063 3486 1108 estet

1864 1148 2032 1217 judex
2056 1190 2074 1215 ,
2125 1148 2330 1203 invisus
2380 1148 2646 1202 morbidis
2681 1163 2746 1203 ac
2775 1148 3051 1203 seditiosis
3090 1165 3104 1202 :
3141 1147 3265 1203 talis
3313 1147 3484 1219 legis-

1870 1242 2045 1307 lator,
2079 1243 2344 1298 molestus
2365 1243 2468 1297 sub
2491 1241 2611 1313 lege
2641 1241 2850 1312 positis.
2884 1244 2956 1296 At
2993 1257 3102 1310 non
3125 1242 3172 1296 is
3190 1241 3281 1312 qui
3326 1249 3486 1296 vocat

1864 1335 1932 1390 ad
1980 1334 2244 1400 delicias,
2298 1350 2401 1391 nec
2451 1335 2543 1406 qui
2595 1336 2730 1391 festa
2777 1335 3233 1405 cclebritatesque
3278 1343 3481 1405 parat,

1865 1441 1968 1482 nec
1995 1427 2087 1497 qui
2117 1427 2376 1497 populum
2415 1436 2643 1483 coronat
2672 1444 2686 1481 :
2737 1426 2791 1482 hi
2819 1435 2969 1483 certe
2995 1427 3131 1498 grati
3176 1427 3442 1482 habentur
3463 1467 3480 1495 ,

1860 1519 1953 1589 qui
1983 1520 2230 1575 civitates
2257 1523 2590 1592 sumptuosis
2616 1521 2942 1592 spectaculis
2966 1521 3282 1591 excipiunt,
3315 1535 3482 1590 pecu-

1861 1617 1966 1672 nia:
2008 1630 2115 1671 non
2164 1627 2473 1686 parcentes.
2529 1617 2768 1688 Ideoque
2815 1615 3161 1671 celebrantur
3203 1631 3233 1670 a
3279 1617 3480 1686 populo

1860 1708 2001 1766 bene
2043 1720 2273 1782 excepto
2297 1753 2313 1776 ,
2364 1727 2488 1765 eum
2538 1711 2810 1781 tapetibus
2840 1753 2855 1776 ,
2905 1709 3144 1766 lucernis
3166 1751 3180 1774 .
3210 1709 3430 1765 coronis
3459 1751 3476 1772 ,

1856 1804 2026 1857 ramis
2055 1812 2112 1858 et
2152 1801 2434 1873 Splendida
2481 1812 2652 1857 veste.
2702 1801 2904 1865 Inﬁrmi
2948 1818 3080 1857 vero
3117 1801 3162 1856 si
3203 1801 3475 1856 medicum

1856 1896 2125 1964 viderint,
2159 1897 2338 1952 mtesti
2383 1905 2544 1961 sunt;
2603 1905 2661 1952 et
2690 1897 2734 1950 si
2774 1895 3014 1966 jndiccm
3061 1894 3342 1960 seditiosi,
3375 1893 3475 1948 de-

1853 1989 1982 2059 jecti
2033 1990 2203 2053 ﬁunt,
2247 2005 2354 2043 non
2385 1989 2578 2052 eﬂ'usi,
2629 2003 2730 2043 nec
2777 1989 3144 2053 exsultantes,
3193 1985 3335 2055 quod
3383 1985 3477 2040 ille

1855 2081 1924 2136 ad
1954 2081 2059 2136 hoc
2087 2080 2327 2136 ofﬁcium
2357 2083 2428 2135 sit
2466 2081 2812 2135 constitutus.
2866 2079 3157 2134 Videamus
3186 2093 3319 2146 ergo
3344 2078 3472 2148 qui-

1855 2189 1980 2228 nam
2013 2174 2248 2227 maxime
2283 2172 2590 2228 civitatibus
2622 2175 2874 2242 prosint;
2905 2186 2972 2226 an
2999 2171 3072 2236 ii,
3105 2171 3196 2241 qui
3225 2170 3361 2224 tales
3382 2185 3476 2224 cc-

1855 2265 2134 2321 lebritates
2158 2274 2380 2334 parant,
2426 2263 2847 2329 thalias,lantas
2895 2277 3112 2317 mensas
3127 2270 3184 2317 et
3218 2261 3471 2328 delicias;

1852 2371 1922 2411 an
1953 2357 2014 2423 ii,
2044 2356 2171 2426 qui,
2219 2355 2306 2408 his
2347 2355 2576 2411 sublatis
2621 2355 2909 2416 omnibus,
2945 2355 3146 2423 lignum
3195 2353 3470 2420 inferunt,

1855 2449 2087 2519 flagella,
2128 2447 2452 2512 carniﬁces,
2517 2446 2720 2501 milites
2783 2444 3095 2510 terribiles,
3160 2445 3474 2500 tremendas

1851 2557 2016 2598 voces
2036 2585 2050 2607 ,
2087 2543 2337 2597 mandata
2359 2585 2376 2608 ,
2420 2543 2732 2597 maestitiam
2758 2581 2774 2607 ,
2807 2542 2897 2611 qui
2921 2542 3070 2611 virga
3113 2555 3210 2596 eos
3234 2582 3250 2608 ,
3281 2541 3373 2611 qui
3415 2541 3468 2596 in

1853 2635 1973 2689 foro
2012 2643 2174 2701 sunt,
2208 2643 2510 2690 semovent.
2558 2632 2885 2697 Videamus,
2933 2632 3185 2702 inquam,
3231 2642 3352 2687 utra
3383 2647 3472 2687 res

1851 2728 1906 2782 in
1952 2727 2161 2782 lucrum
2214 2727 2449 2783 desinat.
2499 2728 2566 2782 lli
2625 2743 2857 2798 namque
2904 2727 3119 2782 molesti
3170 2736 3336 2793 sunt,
3390 2728 3466 2782 illi

1848 2821 2130 2876 amabiles.
2176 2822 2317 2889 Quid
2360 2822 2524 2892 igitur
2571 2821 2752 2876 evenit
2796 2837 2861 2874 ex
2910 2822 2975 2874 iis
3007 2821 3098 2891 qui
3146 2821 3470 2875 oblectant!

1851 2912 2109 2981 Voluptas
2133 2913 2324 2982 frigida
2339 2956 2352 2978 ,
2377 2930 2498 2982 qu:e
2517 2929 2687 2983 usque
2704 2913 2772 2967 ad
2789 2928 3070 2982 vesperam
3095 2923 3297 2978 manet,
3318 2922 3373 2968 et
3393 2913 3471 2967 in.

1847 3005 2095 3075 sequenti
2119 3005 2209 3059 die
2225 3006 2401 3060 efﬂuit
2419 3047 2435 3070 ,
2460 3005 2600 3059 risus
2622 3005 3045 3072 incompositus,
3069 3005 3234 3059 verba
3253 3004 3470 3059 indeco-

1847 3113 1905 3152 ra
1936 3109 1989 3152 et
2015 3098 2301 3152 dissoluta.
2335 3096 2474 3165 Quid
2515 3113 2582 3152 ex
2625 3097 2789 3151 aliis?
2815 3096 3034 3161 Timor,
3066 3100 3424 3166 temperantia
3445 3139 3464 3167 ,

1845 3192 2102 3262 cogitatio
2131 3191 2425 3246 demissior
2447 3231 2463 3257 ,
2503 3191 2670 3244 animi
2702 3189 2966 3245 modestia
2987 3232 3005 3257 ,
3047 3190 3271 3246 desidize
3303 3191 3460 3264 fuga,

1845 3283 2061 3339 frenum
2105 3283 2426 3337 interiorum
2475 3282 2764 3338 aﬂectuum
2791 3323 2806 3346 ,
2860 3298 3048 3336 murus
3096 3283 3357 3338 adversus
3397 3299 3462 3339 ea

1844 3391 1966 3446 qua:
2008 3375 2140 3428 foris
2171 3376 2447 3444 ingruunt.
2482 3374 2586 3450 Per
2634 3373 2734 3428 hos
2759 3372 2990 3444 quisque
3021 3372 3304 3429 facultates
3333 3389 3462 3431 suas

1845 3466 2118 3537 possidet,
2149 3481 2246 3534 per
2271 3466 2360 3519 illa
2390 3476 2572 3519 autem
2603 3464 2739 3520 festa
2770 3480 2862 3519 eas
2891 3465 3035 3534 ipsas
3062 3465 3458 3534 dilapidamus,

1843 3572 1955 3611 non
1989 3555 2367 3611 invadentibns
2396 3555 2734 3621 latronibus,
2767 3555 2864 3609 sed
2893 3571 3030 3609 vana
3073 3555 3244 3626 gloria
3276 3565 3332 3611 et
3359 3573 3457 3611 vo-

1842 3645 2049 3717 luptate
2073 3647 2369 3718 praediuite.
2400 3647 2641 3717 Quisque
2667 3647 2811 3701 videt
2834 3647 3098 3703 latronem
3123 3647 3461 3703 auferentem

1843 3737 2028 3791 omnia
2057 3778 2071 3801 ,
2117 3746 2175 3792 et
2221 3737 2454 3791 la-tatur.
2518 3737 2700 3791 Novus
2748 3737 3017 3792 latrocinii
3081 3739 3322 3795 modus:
3367 3741 3460 3811 qui

1841 3830 2022 3885 exutis
2039 3871 2057 3893 ,
2088 3839 2147 3884 ut
2175 3829 2477 3900 gaudeant,
2509 3831 2725 3886 suadet.

1914 3922 1971 3977 4.
2018 3923 2217 3978 Verum
2247 3921 2357 3976 illic
2386 3921 2518 3974 nihil
2543 3921 2678 3987 tale;
2713 3921 2809 3976 sed
2839 3922 2910 3977 ab
2938 3923 3193 3981 omnibus
3229 3925 3472 3982 removit-

1841 4015 2009 4082 Deus,
2043 4023 2104 4069 ut
2129 4015 2437 4070 communis
2465 4013 2648 4079 Pater,
2683 4022 2797 4068 tum
2849 4031 2972 4085 qua:
3019 4017 3294 4084 videntur,
3343 4028 3458 4073 tum

1839 4127 1964 4182 qua:
1992 4115 2099 4164 non
2131 4109 2402 4165 videntur.
2441 4108 2575 4164 Nam
2619 4108 2728 4163 ait:
2766 4108 2944 4166 Videte
2979 4127 3043 4165 ne
3083 4113 3461 4182 eleemosgnant

1839 4215 2058 4261 vestram
2089 4205 2295 4277 faciatis
2333 4219 2509 4257 coram
2557 4203 2852 4258 hominibus
2885 4203 3098 4276 (Matth.
3128 4205 3182 4260 6.
3213 4207 3289 4276 1).
3323 4206 3459 4262 llinc

1840 4299 1999 4354 discit
2042 4299 2221 4352 anima
2263 4297 2582 4366 injustitiam
2627 4297 2832 4368 fugere.
2868 4297 3128 4367 lnjustitia
3174 4300 3319 4353 enim
3350 4309 3455 4363 est,

1840 4406 1949 4446 non
1993 4390 2158 4445 modo
2187 4388 2446 4459 pecunias
2485 4405 2583 4460 per
2609 4389 2851 4459 rapinam
2892 4406 3105 4461 parare,
3151 4391 3248 4446 sed
3289 4392 3454 4447 etiam

1839 4484 1962 4554 plus
1987 4482 2092 4538 cibi
2121 4482 2250 4538 dare
2279 4481 2476 4546 ventri,
2511 4497 2674 4553 quam
2695 4482 2828 4537 satis
2849 4483 2935 4546 sit,
2966 4492 3020 4537 et
3043 4482 3281 4538 ltetitiam
3302 4495 3456 4540 extra

1841 4577 2104 4632 terminos
2146 4575 2364 4639 efferre,
2393 4585 2556 4646 atque
2588 4575 2935 4632 debacchari.
2963 4576 3114 4631 lllinc
3149 4580 3455 4633 castitatem

1838 4668 2019 4733 discit,
2057 4667 2182 4724 hinc
2208 4667 2508 4723 libidinem.
2537 4666 2655 4722 Non
2695 4667 2873 4721 solum
2918 4669 3064 4722 enim
3105 4669 3317 4724 mulieri
3349 4671 3454 4724 mi-

1838 4762 1978 4816 sceri
2006 4760 2176 4815 libido
2200 4769 2307 4826 est,
2355 4759 2452 4815 sed
2482 4759 2646 4816 etiam
2693 4759 2909 4815 lascivis
2951 4761 3125 4816 oculis
3154 4761 3453 4830 Γθερξοθτ).

1838 4853 1990 4909 lllinc
2021 4853 2342 4909 modestiam
2369 4854 2549 4920 discit,
2582 4852 2709 4908 hinc
2740 4852 2959 4907 fastum.
2979 4853 3166 4908 Omnia
3191 4856 3457 4922 enim,in-

1837 4950 1974 5019 quit,
2009 4949 2134 5002 mihi
2165 4948 2341 5016 licent,
2367 4948 2460 5002 sed
2480 4965 2582 5002 non
2610 4948 2786 5001 omnia
2825 4950 3107 5017 expediunt
3131 4951 3210 5019 (1.
3245 4950 3364 5003 Cor.
3398 4951 3449 5005 6.

1839 5043 1952 5112 12).
2001 5041 2155 5096 Illinc
2204 5041 2568 5106 honestatem,
2601 5041 2726 5095 hinc
2757 5042 3163 5109 turpitudinem.
3209 5043 3360 5096 Mitto
3391 5059 3452 5097 ea

1837 5155 1957 5209 quae
2000 5140 2051 5192 in
2104 5141 2349 5194 theatris.
2395 5139 2549 5206 Quod
2579 5149 2761 5193 autem
2811 5137 2955 5191 nulla
2987 5138 3058 5191 ibi
3089 5139 3335 5208 voluptas
3361 5139 3452 5204 sit,

1838 5233 1933 5288 sed
1967 5233 2146 5301 potius
2170 5233 2462 5288 mtestitia:
2492 5231 2761 5286 ostendite
2789 5229 2920 5284 mihi
2949 5230 3037 5285 die
3074 5229 3272 5284 festum
3303 5232 3452 5284 inse-

1836 5337 2037 5399 quente
2065 5343 2160 5382 cos
2180 5329 2268 5397 qui
2294 5336 2542 5396 sumptus
2571 5325 2898 5389 eﬂ'uderunt,
2923 5340 3125 5396 eosque
3147 5326 3234 5393 qui
3251 5325 3316 5378 ad
3332 5340 3454 5391 spe-

1835 5421 2046 5476 ctacula
2076 5420 2283 5474 invitati
2309 5419 2558 5473 fuerunt:
2587 5417 3000 5486 videbitnusque
3030 5430 3222 5470 omnes
3245 5415 3452 5470 maesti-

1841 5519 1911 5570 tia
1939 5523 2242 5583 correptos,
2276 5514 2510 5567 maxime
2540 5526 2670 5566 vero
2697 5511 2871 5577 illum,
2901 5510 2990 5580 qui
3015 5519 3289 5578 sumptum
3314 5525 3448 5577 sup-

1839 5605 2117 5676 peditavit.
2150 5605 2217 5658 Et
2251 5604 2374 5674 jure
2404 5603 2621 5674 quidem
2647 5619 2660 5657 :
2688 5603 2986 5658 oblectavit
3014 5603 3159 5655 enim
3181 5601 3269 5656 die
3305 5617 3448 5670 ρτιρ-

1835 5697 2051 5752 cedenti
2094 5697 2410 5766 popularem
2457 5696 2730 5750 hominem
2757 5737 2772 5757 ,
2823 5694 2912 5763 qui
2964 5694 3118 5747 lmtus
3157 5694 3448 5748 admodum

1837 5799 1982 5854 erat;
2014 5789 2293 5859 splendida
2319 5803 2553 5859 namque
2569 5795 2719 5843 veste
2745 5786 3054 5851 fruebatur;
3082 5788 3174 5841 sed
3199 5802 3322 5841 cum
3342 5802 3450 5842 non

1841 5879 1908 5935 ad
1937 5898 2090 5936 usum
2141 5897 2297 5936 suum
2345 5891 2512 5948 esset,
2545 5897 2603 5935 se
2627 5879 2717 5935 illa
2744 5891 2964 5935 exutum
2995 5879 3200 5945 videns,
3232 5878 3452 5934 dolebat
