4054 6400
559 369 628 423 55
1337 363 1395 419 S.
1432 362 1708 420 JOANNIS
1742 361 2210 420 CHRYSOSTOMI
2247 363 2570 420 ARClliEP.
2609 358 3143 422 CONS'Z'ANTI‘NOP.
3797 366 3866 422 56

555 488 614 535 et
641 475 982 534 cruciabatur
1003 493 1019 533 :
1040 475 1130 545 qui
1171 488 1301 531 vero
1328 484 1600 545 sumptum
1649 473 1808 538 fecit,
1832 489 1984 530 suam
2033 489 2147 544 pra:

563 571 712 626 illius
741 569 991 626 felicitate
1019 583 1236 639 parvam
1280 567 1517 637 putabat.
1554 566 1758 622 Idcirco
1786 568 2030 637 sequenti
2059 567 2149 621 dic

561 660 858 717 redduntur
883 669 1082 726 vestes,
1114 658 1478 729 niajoremque
1521 672 1806 711 mmt‘orem
1860 657 1948 726 qui
1994 671 2147 711 cont-

562 753 874 808 modarerat
900 751 1149 820 concipit.
1177 749 1329 816 Quod
1358 748 1402 803 si
1426 748 1478 802 in
1501 748 1861 802 exterioribus
1891 747 2010 801 beta
2034 757 2152 801 tan-

562 855 668 899 tam
701 844 931 898 inferunt
955 842 1278 908 molestiam,
1309 849 1363 896 et
1391 840 1614 896 molesta
1646 841 1952 906 utilitatem,
1981 840 2151 894 multo

563 934 734 1003 magis
765 933 818 989 in
844 933 1226 1004 spiritualihus.
1259 931 1382 986 ldco
1411 947 1570 986 nemo
1599 940 1882 987 succenset
1923 931 2149 1001 legibus,

560 1026 655 1082 sed
689 1039 782 1080 eas
808 1024 1111 1080 communis
1138 1037 1260 1079 esse
1289 1023 1538 1078 utilitatis
1564 1031 1788 1078 censent
1813 1037 2022 1077 omnes.
2044 1021 2149 1076 Ne-

563 1133 666 1184 que
689 1117 828 1172 enim
862 1114 1126 1186 peregrini
1154 1114 1236 1168 vel
1270 1113 1468 1168 inimici
1495 1114 1589 1168 has
1613 1113 1755 1183 leges
1781 1122 2036 1178 statuere,
2057 1111 2152 1168 sed

565 1208 666 1277 ipsi
697 1208 868 1273 cives,
901 1207 1135 1276 patroni,
1166 1215 1477 1260 curatores:
1502 1205 1712 1274 hocque
1741 1205 1929 1259 salutis
1952 1218 2017 1257 ac
2056 1203 2151 1258 he-

566 1299 884 1354 nevolentia:
916 1296 1170 1353 iudicium
1220 1305 1425 1366 putant,
1473 1295 1614 1365 quod
1663 1297 1809 1366 leges
1862 1304 2148 1364 ponantur.

564 1393 722 1460 Atqui
756 1391 899 1462 leges
929 1391 1100 1460 pomis
1127 1399 1180 1445 et
1207 1390 1409 1444 ultione
1438 1389 1607 1460 plcnre
1633 1397 1786 1452 sunt;
1814 1402 1914 1442 nec
1941 1386 2044 1441 ulla
2069 1386 2151 1440 lex

563 1485 832 1538 invenitur
858 1485 976 1538 sine
1006 1498 1183 1552 penna.
1227 1481 1508 1550 Quomodo
1547 1497 1676 1550 ergo
1719 1496 1824 1534 non
1861 1478 2150 1535 absurdum

564 1577 742 1640 fuerit.
776 1591 868 1633 eos
891 1576 1248 1647 quidem,.qui
1278 1576 1424 1644 leges
1447 1575 1563 1628 illas
1582 1583 1881 1644 exponunt,
1912 1583 2152 1628 servato-

563 1684 670 1730 res,
725 1667 1014 1734 beneﬁcos,
1066 1677 1321 1737 patronos
1363 1681 1590 1729 vocare;
1623 1681 1720 1719 nos
1748 1681 1872 1720 vero
1911 1664 2074 1718 duros
2101 1673 2155 1719 et

566 1773 809 1813 morosos
862 1768 1072 1828 putare,
1119 1757 1261 1827 quod
1308 1757 1456 1828 leges
1502 1757 1592 1811 Dei
1641 1757 1991 1811 euarremus‘!
2021 1755 2153 1811 Cum

564 1853 705 1906 cnim
733 1852 798 1904 de
827 1852 1072 1921 geheuna
1117 1852 1346 1920 agimus.
1401 1850 1546 1920 leges
1595 1849 1713 1902 illas
1751 1848 2045 1903 atl'crimus.
2082 1850 2156 1904 Ac

565 1941 1013 2009 quemadmodum
1045 1942 1118 1994 illi
1151 1941 1358 1996 esterni
1389 1941 1533 2011 leges
1558 1941 1626 1995 de
1658 1940 1957 2005 homicidis,
1982 1939 2050 1994 de
2073 1940 2154 1992 lu-

566 2034 733 2096 tibus,
766 2033 831 2086 de
857 2033 1052 2102 nuptiis
1079 2042 1132 2086 ct
1157 2033 1456 2086 similibus:
1485 2034 1561 2087 sic
1583 2044 1630 2087 et
1658 2049 1756 2089 nos
1783 2033 1925 2103 leges
1947 2032 2015 2088 de
2031 2047 2158 2102 sap-

566 2125 739 2193 phciis
760 2123 1051 2189 atierimns,
1079 2139 1211 2195 quas
1235 2139 1339 2178 non
1368 2124 1528 2178 homo
1556 2125 1752 2194 posuit,
1783 2125 1877 2180 sed
1906 2126 2018 2195 ipse
2043 2125 2159 2179 uni-

565 2219 775 2287 genitns
803 2217 969 2271 Filius
1003 2218 1115 2271 Dei.
1164 2218 1265 2282 Qui
1310 2218 1690 2274 immisericors
1736 2226 1838 2283 est,
1888 2219 2154 2288 puniatur,

568 2309 766 2379 inquit;
814 2311 913 2364 hoc
943 2311 1083 2365 enim
1130 2311 1231 2366 sibi
1261 2311 1369 2364 vult
1403 2313 1670 2382 parabola.
1704 2311 1804 2380 Qui
1839 2329 2046 2368 memor
2073 2315 2158 2368 iu-

563 2401 825 2470 jnriarmn
848 2413 946 2466 est,
967 2411 1266 2456 extremum
1297 2401 1402 2456 luat
1429 2403 1745 2472 supplicium
1771 2421 1782 2458 :
1806 2405 1893 2473 qui
1915 2405 2161 2459 irascitur

569 2502 793 2557 temere,
826 2494 875 2546 in
909 2494 1082 2562 ignem
1115 2494 1415 2564 injiciatur:
1443 2496 1531 2562 qui
1575 2497 1924 2564 conriciatur,
1973 2512 2159 2567 ptenas

569 2582 661 2638 det
692 2583 741 2636 iu
771 2583 1034 2652 gehenna.

641 2675 868 2730 Christus
895 2693 1045 2730 novas
1081 2678 1247 2746 posuit
1293 2677 1441 2747 (rges.
1465 2679 1604 2733 ——Si
1647 2681 1843 2749 putatis
1887 2696 2036 2750 vero,
2066 2699 2161 2737 vos

573 2781 743 2823 noras
782 2769 967 2822 audire
1008 2768 1170 2837 leges,
1208 2784 1273 2822 ne
1308 2769 1612 2824 tmbemini.
1656 2771 1766 2825 Nisi
1809 2773 1949 2828 enim
1998 2791 2163 2831 noras

571 2861 840 2931 positurus
867 2860 1106 2914 Christus
1135 2860 1340 2919 fuisset,
1368 2876 1463 2914 cur
1483 2861 1785 2917 adrenisset
1804 2865 1826 2916 ?
1847 2866 1937 2920 llla
1965 2869 2162 2936 quippe

571 2951 852 3007 manifesta
897 2952 1049 3005 nobis
1081 2961 1220 3012 sunt,
1255 2952 1395 3021 quod
1429 2951 1752 3009 homicidam
1783 2965 1834 3010 et
1861 2956 2161 3014 adulterum

572 3048 761 3116 punire
788 3052 1051 3113 oporteat.
1086 3044 1140 3098 Si
1175 3059 1303 3113 ergo
1333 3045 1520 3099 eadem
1551 3046 1780 3102 audituri
1809 3063 2041 3113 eramus,
2069 3068 2163 3108 cur

573 3136 773 3190 c.rlesti
813 3139 1030 3190 doctore
1060 3136 1074 3165 ί
1103 3151 1236 3203 opus
1261 3137 1419 3190 erat?
1451 3137 1573 3193 Ideo
1620 3155 1724 3193 non
1757 3140 1906 3206 dicit,
1943 3142 2166 3199 Adulter

577 3229 857 3297 puniatur;
908 3225 1022 3288 sed,
1069 3227 1168 3293 Qui
1219 3228 1430 3284 lascivis
1468 3232 1635 3286 oculis
1683 3234 1899 3302 respicit
1931 3253 1943 3288 :
1973 3245 2026 3290 et
2055 3237 2164 3304 ubi,

639 3361 654 3391 ¹
678 3366 804 3409 Unus
827 3359 969 3421 legit,
993 3357 1090 3409 alio
1111 3360 1320 3412 doctore.

2255 485 2311 530 et
2333 473 2548 544 quando
2577 489 2792 543 paruam
2818 476 3040 531 daturus
3066 477 3156 543 sit,
3191 475 3357 532 addit.
3395 477 3510 532 Non
3560 478 3611 532 in
3663 479 3864 533 tabulis

2255 565 2402 634 leges
2425 564 2731 634 descripzit,
2765 581 2939 634 neque
2982 569 3170 637 cippos
3211 584 3384 625 terens
3425 571 3629 634 οτιιιίι,
3684 582 3744 623 ιιι
3794 571 3865 624 ηιξ

2256 654 2438 708 literas
2467 655 2771 724 scnlperet;
2804 658 2898 712 sed
2932 660 3127 713 erectis
3164 659 3356 714 duodct
3377 659 3446 713 im
3494 678 3542 730 :q
3563 661 3867 714 o~toturnm

2256 745 2553 810 animabus,
2589 745 2660 800 ibi
2696 763 2790 815 per
2816 746 3070 816 Spiritum
3096 760 3343 804 sanctum
3372 752 3466 804 has
3493 753 3713 820 Scripsit
3741 754 3864 806 lite-

2259 849 2367 895 ras.
2398 851 2529 904 quas
2560 836 2711 891 vobis
2749 853 2846 891 nos
2889 841 3080 893 merito
3114 841 3467 910 pt‘u'it'gitttlts.
3518 841 3652 895 Nam
3686 843 3731 895 si
3765 841 3866 896 ,1η-

2256 924 2388 980 dznis
2433 926 2537 982 hoc
2578 927 2885 994 licebat,nc
2912 933 3031 999 quis
3078 932 3143 984 ad
3187 932 3542 1002 ignoranttnu
3595 934 3866 1002 (oniuge-

2256 1027 2376 1080 ret;
2411 1019 2581 1074 multo
2613 1021 2783 1092 magis
2814 1021 2968 1076 nobis
2999 1020 3076 1076 las
3105 1033 3206 1078 ρει.
3257 1023 3312 1079 Si
3361 1025 3480 1094 quis
3519 1040 3646 1078 vero
3697 1025 3866 1089 diost,

2259 1108 2376 1165 Non
2406 1109 2642 1177 audiam,
2675 1128 2776 1167 nec
2799 1112 3058 1183 judicmm
3101 1115 3313 1177 subibo,
3347 1115 3468 1168 ideo
3504 1116 3740 1170 maxime
3774 1131 3871 1184 pu-

2259 1201 2424 1257 nitur.
2457 1202 2590 1257 Nam
2621 1204 2666 1258 si
2699 1219 2859 1260 nemo
2884 1205 3123 1270 doceret,
3156 1217 3338 1275 posset
3364 1207 3428 1260 ad
3460 1209 3581 1261 talia
3617 1211 3866 1275 confugi;

2259 1290 2354 1346 sed
2385 1306 2509 1346 cum
2537 1293 2679 1348 adsit
2706 1294 2925 1362 Doctor,
2959 1311 3064 1350 non
3097 1297 3237 1352 licet.
3276 1296 3407 1353 Vide
3434 1312 3564 1368 ergo
3590 1299 3873 1368 quomodo

2257 1379 2475 1438 Judatos
2500 1398 2531 1438 a
2559 1384 2712 1439 venia
2744 1387 3030 1453 excludat,
3061 1386 3247 1443 dicens
3279 1405 3293 1441 :
3324 1388 3384 1444 Si
3410 1405 3510 1442 non
3542 1391 3788 1444 venissem
3824 1400 3872 1443 et

2258 1474 2498 1545 loquutus
2525 1477 2730 1548 fuissent
2757 1479 2848 1545 eis,
2878 1488 3139 1548 peccatum
3169 1496 3270 1534 non
3291 1481 3530 1534 haberent
3562 1480 3744 1552 (Joan.
3780 1482 3868 1538 15.

2257 1566 2396 1637 22);
2429 1568 2728 1639 iterumque
2769 1570 2992 1639 Paulus,
3035 1573 3144 1627 Sed
3173 1573 3306 1639 dico,
3344 1573 3610 1645 Numquid
3635 1593 3738 1629 non
3777 1594 3874 1629 au-

2260 1659 2462 1714 dierunt
2486 1661 2512 1714 ?
2564 1661 2628 1715 Et
2671 1663 2873 1732 quidem
2921 1669 2975 1718 in
3023 1682 3224 1720 onmem
3273 1677 3458 1723 terram
3512 1670 3664 1723 exivit
3707 1687 3870 1726 sonus

2260 1768 2434 1806 eorum
2478 1751 2657 1825 (Rom.
2689 1755 2774 1810 10.
2807 1756 2896 1812 18.
2930 1756 3074 1813 Psal.
3109 1759 3196 1814 18.
3227 1761 3306 1828 5).
3347 1761 3499 1818 Tunc
3533 1763 3677 1817 cnim
3706 1765 3870 1818 venia

2262 1850 2365 1907 est,
2398 1844 2615 1914 quando
2659 1847 2836 1902 nullus
2865 1857 2947 1904 est
2975 1851 3065 1920 qui
3111 1851 3408 1921 prmdicet;
3441 1854 3656 1924 quando
3687 1864 3874 1911 autem

2262 1937 2568 2003 speculator
2594 1937 2772 2006 sedet,
2803 1950 2858 1996 et
2879 1940 2983 1998 hoc
3010 1941 3172 2000 habet
3201 1945 3459 2009 ollicium,
3489 1962 3596 2001 non
3620 1947 3760 2014 ultra
3789 1957 3878 2004 est

2261 2029 2441 2084 venia.
2479 2029 2590 2085 lmo
2619 2047 2748 2088 vero
2773 2047 2884 2089 non
2914 2041 3120 2091 tantum
3165 2039 3334 2094 voluit
3380 2038 3624 2095 Christus
3667 2055 3768 2096 nos
3822 2042 3876 2095 in

2263 2118 2544 2176 columnas
2588 2122 2705 2178 illas
2749 2124 3041 2195 respicere,
3087 2128 3182 2183 sed
3225 2145 3323 2184 nos
3352 2145 3566 2199 quoque
3611 2133 3723 2186 vult
3751 2147 3879 2188 esse

2265 2211 2559 2268 columnas.
2591 2213 2724 2281 Quia
2746 2231 2875 2273 vero
2897 2233 2997 2274 nos
3022 2218 3218 2276 talibus
3238 2221 3466 2292 scriptis
3481 2222 3728 2294 indignos
3750 2225 3879 2279 red-

2268 2302 2540 2370 didimus,
2586 2306 2702 2362 illas
2745 2307 2936 2365 saltem
2975 2311 3252 2368 columnas
3301 2313 3670 2382 respiciamus.
3725 2314 3882 2371 Sicut

2267 2394 2410 2449 enim
2441 2396 2706 2452 columna:
2737 2398 2856 2454 aliis
2892 2400 3186 2470 minantur,
3226 2403 3329 2457 illa:
3360 2419 3486 2458 vero
3526 2421 3628 2459 non
3658 2416 3788 2462 sunt
3825 2408 3879 2461 in

2266 2486 2444 2556 culpa,
2476 2496 2533 2541 ut
2557 2503 2729 2559 neque
2751 2490 2895 2561 leges
2925 2508 2940 2545 :
2971 2492 3048 2547 sic
3067 2501 3124 2549 ct
3153 2494 3295 2549 beati
3325 2498 3575 2566 apostoli.
3610 2499 3673 2552 Et
3700 2500 3828 2554 vide
3865 2519 3879 2552 :

2267 2591 2374 2630 non
2415 2593 2521 2632 uno
2552 2579 2604 2633 in
2631 2579 2750 2636 loco
2773 2589 2879 2635 stat
2907 2581 3022 2638 haec
3047 2583 3312 2648 columna,
3350 2587 3444 2641 sed
3477 2586 3671 2657 ubique
3701 2589 3883 2646 litt-ne

2269 2667 2482 2736 scriptae
2511 2669 2977 2726 circumferuntur.
3004 2673 3136 2728 Nam
3167 2675 3210 2730 si
3235 2676 3300 2732 ad
3325 2676 3481 2732 ludos
3504 2679 3725 2749 migrcs,
3760 2682 3883 2738 illas

2271 2757 2496 2824 audies;
2529 2760 2573 2814 si
2621 2761 2672 2814 in
2715 2761 3046 2832 llispaniam,
3090 2775 3146 2820 et
3194 2767 3245 2821 in
3285 2783 3472 2824 omnes
3518 2770 3649 2826 lines
3683 2782 3881 2838 terrm,

2273 2865 2432 2905 nemo
2461 2861 2543 2906 est
2562 2853 2688 2922 quin
2715 2854 2911 2920 audiat,
2938 2857 3038 2911 nisi
3071 2858 3140 2912 ob
3168 2859 3448 2916 desidiam.
3482 2862 3557 2917 Ne
3582 2879 3710 2934 ergo
3737 2881 3886 2936 agre

2273 2939 2478 3006 feratis,
2507 2943 2600 2996 sed
2631 2943 2789 2999 dictis
2826 2947 3106 3014 attendite,
3141 2959 3196 3004 ut
3229 2953 3443 3019 possitis
3479 2955 3686 3010 virtutis
3716 2973 3883 3026 opera

2272 3032 2565 3102 suscipere,
2600 3045 2653 3089 et
2682 3045 2879 3092 :etcrna
2908 3041 3163 3111 consequi
3209 3042 3367 3110 bona,
3405 3045 3456 3099 in
3487 3047 3702 3102 Christo
3744 3049 3880 3105 .lesu

2276 3122 2503 3179 Domino
2532 3137 2735 3193 nostro,
2761 3131 2976 3200 quicum
3004 3132 3145 3188 Patri
3181 3151 3388 3207 unaque
3419 3137 3639 3208 Spiritui
3681 3153 3876 3197 Sancto

2276 3215 2466 3284 gloria,
2495 3217 2796 3288 imperium,
2832 3221 3024 3289 honor,
3058 3240 3199 3280 nunc
3237 3236 3291 3280 et
3329 3242 3562 3297 semper,
3594 3239 3648 3286 et
3688 3232 3743 3286 in
3781 3248 3888 3288 sa:-

2281 3307 2397 3362 cula
2425 3311 2768 3367 smculorum.
2800 3315 2986 3369 Amen.

586 3489 3875 3536 ww

1992 3575 2341 3641 HOMILIA
2393 3583 2503 3643 VI.

581 3719 706 3772 Car.
748 3717 801 3771 2.
832 3733 883 3769 v.
918 3717 1008 3772 22.
1051 3716 1158 3771 Viri
1190 3717 1461 3786 Israelilte,
1491 3721 1664 3775 audite
1704 3723 1852 3792 verita
1891 3742 1998 3778 mea
2043 3727 2172 3781 huic.

656 3813 706 3863 1.
741 3809 853 3863 Non
891 3821 971 3864 est
1014 3810 1114 3864 hoc
1147 3827 1240 3878 per
1265 3810 1621 3868 adulationem
1662 3815 1892 3881 dictum;
1936 3821 2028 3873 sed
2058 3824 2178 3890 quia

585 3903 703 3955 illos
733 3905 926 3956 acriter
960 3905 1357 3970 perstrinxerat,
1399 3907 1507 3973 jam
1546 3909 1820 3963 remissior
1847 3923 1948 3978 ρετ,
1993 3924 2045 3967 et
2082 3932 2178 3983 op.

585 4007 815 4060 portum:
842 3995 1090 4048 Davidem
1125 4007 1408 4051 memorat.
1447 3998 1513 4052 Ει
1541 4014 1724 4055 rursus
1753 4018 1779 4054 a
1811 4009 2070 4071 prommio
2100 4009 2178 4061 iu-

586 4084 734 4152 cipit,
768 4100 832 4136 ne
863 4085 1161 4148 turbentur,
1188 4086 1308 4155 quia
1333 4087 1399 4141 de
1425 4087 1554 4143 Jesu
1589 4092 1913 4146 mentionem
1945 4095 2180 4153 facturus

586 4185 690 4228 est.
733 4175 860 4228 Nam
902 4178 1143 4243 superius
1185 4179 1377 4232 turbati
1419 4196 1523 4234 non
1565 4193 1686 4235 sunt
1729 4183 2046 4253 Prophetam
2091 4207 2184 4243 an-

591 4268 836 4331 dienlea;
882 4283 1072 4323 nomen
1121 4286 1249 4325 vero
1293 4271 1414 4326 Jesn
1459 4277 1636 4328 statizn
1689 4278 1806 4330 illos
1850 4280 2177 4339 oti‘entlissct.

593 4356 701 4411 Nec
729 4357 884 4417 dixit.
914 4358 1309 4426 Ohtcmperate,
1341 4363 1455 4426 sed,
1492 4367 1705 4433 Audite,
1735 4371 1873 4438 quod
1905 4387 2035 4426 sane
2067 4392 2180 4428 tim-

595 4445 785 4500 leuum
817 4464 919 4502 non
943 4459 1075 4503 erat.
1118 4451 1180 4505 Et
1209 4453 1570 4510 animadverte
1595 4461 1860 4527 quomodo
1897 4464 2024 4517 nihil
2060 4467 2186 4520 sub-

597 4538 722 4591 lime
769 4537 942 4600 dicat,
995 4539 1089 4593 Sed
1149 4541 1215 4594 ab
1275 4541 1648 4601 humilioribus
1698 4549 1933 4618 incipiat.
1983 4552 2181 4620 Jesnm,

597 4629 786 4698 inquit,
829 4627 1172 4683 .'\"az:n'enum.
1219 4632 1453 4688 Patriam
1502 4639 1676 4692 statim
1723 4640 1869 4705 dicit,
1915 4659 2032 4712 ane
2067 4648 2186 4701 vilis

596 4737 716 4776 csse
755 4722 1054 4777 videbatur.
1101 4724 1204 4778 Ncc
1255 4729 1522 4796 quidpiam
1569 4734 1778 4787 interim
1826 4751 2074 4805 magnum
2121 4740 2188 4794 de

601 4815 689 4866 illo
718 4815 863 4875 dicit,
893 4832 957 4870 ne
987 4817 1199 4885 quidem
1235 4819 1374 4887 quod
1407 4821 1472 4876 de
1512 4825 1765 4892 propheta
1793 4827 1927 4881 alius
1965 4829 2182 4885 diceret.

599 4905 794 4968 .Iesmn,
827 4908 1012 4976 inquit,
1063 4908 1406 4976 Nazarenam,
1455 4915 1614 4967 virum
1653 4919 1984 4987 approbatum
2024 4940 2056 4975 α
2084 4922 2190 4977 Deo

601 4997 653 5080 in
694 4998 848 5050 vobis.
888 5000 1014 5053 Vide
1053 5019 1207 5069 quam
1250 5020 1494 5073 magnum
1544 5009 1667 5061 illud
1713 5023 1845 5076 erat,
1875 5014 2014 5082 quod
2051 5015 2193 5071 dicat

603 5071 750 5142 illum
781 5106 807 5143 a
843 5091 949 5144 Deo
981 5091 1197 5146 missum
1232 5094 1409 5150 fuisse.
1439 5097 1549 5150 lloc
1579 5101 1717 5151 enim
1755 5117 1964 5169 semper
1995 5114 2045 5158 ct
2077 5106 2194 5159 ubi-

603 5195 704 5246 que
741 5179 974 5236 Joannes
1015 5193 1069 5237 et
1121 5187 1342 5253 apostoli
1396 5190 1682 5244 ostendere
1732 5195 2006 5249 curabant.
2057 5199 2192 5252 Audi

604 5289 831 5340 namque
876 5274 1134 5330 Joannem
1173 5278 1438 5334 dicentem
1476 5301 1487 5336 :
1526 5282 1623 5337 Ille
1663 5287 1784 5338 nti/ti
1827 5290 1973 5352 dixit,
2026 5292 2196 5360 Super

605 5380 748 5430 quem
776 5366 956 5419 videris
983 5368 1230 5436 Spiritum
1254 5374 1631 5430 descendente»:
1660 5389 1705 5430 et
1733 5391 2011 5435 manentem
2047 5401 2197 5454 super

606 5469 739 5516 cum,
781 5456 860 5507 hic
897 5468 968 5510 cst
1009 5459 1186 5527 (Joan.
1226 5463 1274 5515 1.
1319 5463 1427 5529 5'5).
1471 5466 1579 5520 Hoc
1622 5473 1885 5540 pra-cipue
1917 5473 2039 5528 facit
2085 5478 2196 5544 ipse

605 5545 868 5608 Christus,
891 5550 1094 5615 dicens,
1133 5553 1173 5604 Α
1209 5557 1497 5623 mcmelipso
1526 5576 1623 5614 non
1653 5565 1780 5624 veni,
1815 5566 1923 5634 ipse
1950 5583 2026 5618 me
2061 5569 2196 5623 misit

604 5640 622 5702 (
659 5637 742 5689 Id.
772 5640 823 5691 7.
865 5640 934 5694 ‘28
967 5642 1004 5711 ).
1034 5643 1096 5696 Et
1124 5645 1315 5714 ubique
1343 5648 1392 5700 in
1422 5647 1706 5720 Scriptnris
1729 5653 1830 5710 hoc
1862 5658 2195 5726 potissimum

608 5741 796 5794 agitur.

682 5817 824 5874 Petri
847 5823 1084 5894 dignitas.
1109 5826 1312 5884 -——ldco
1341 5831 1423 5888 hic
1455 5846 1671 5892 sanctus
1700 5839 1838 5899 beati
1869 5849 2017 5904 chori
2050 5854 2192 5919 prin-

2282 3748 2430 3803 ceps,
2457 3745 2664 3791 amator
2682 3737 2901 3805 Christi,
2921 3739 3116 3795 ardens
3138 3740 3448 3810 discipulus,
3469 3744 3550 3798 cui
3581 3747 3894 3801 commissae

2283 3836 2405 3878 sunt
2441 3828 2697 3882 cit-lorum
2730 3830 2930 3893 claves,
2977 3833 3068 3900 qui
3114 3833 3498 3887 rerclationem
3553 3836 3893 3904 spiritualcnt

2285 3919 2514 3986 accepit,
2562 3929 2844 3989 postquam
2879 3922 2998 3975 illos
3027 3923 3220 3978 timore
3249 3927 3586 3994 compressit,
3622 3931 3894 3986 ostendit-

2287 4023 2390 4075 que
2423 4011 2626 4078 magnis
2673 4010 2788 4063 illos
2827 4011 2981 4065 donis
3011 4027 3132 4067 esse
3176 4014 3442 4084 dignatus,
3475 4030 3633 4087 atque
3666 4020 3772 4076 lide
3809 4023 3898 4075 di-

2288 4111 2421 4166 gnos
2466 4099 2716 4165 reddidit,
2753 4112 2876 4155 tunc
2905 4102 2972 4156 de
3003 4103 3094 4157 ilio
3129 4105 3364 4159 disserit.
3412 4106 3587 4176 Pup-.r,
3619 4127 3688 4180 qn
3715 4114 3898 4166 :niodo

2290 4204 2449 4241 ausus
2471 4201 2551 4243 est
2583 4191 2719 4244 inter
2752 4193 3046 4247 homicidas
3077 4195 3256 4250 dicere
3285 4197 3457 4267 ipsum
3491 4203 3896 4262 resuta-misse!

2290 4281 2397 4334 Nec
2426 4282 2553 4334 dicit
2589 4284 2786 4346 statim,
2819 4285 2959 4352 quod
2993 4291 3380 4351 reSnrrcxerit;
3411 4291 3501 4343 sed
3535 4307 3619 4359 qui
3643 4291 3673 4346 li
3714 4309 3743 4347 a
3784 4294 3900 4348 Deo

2291 4372 2355 4425 ad
2387 4374 2530 4444 ipsos
2576 4376 2799 4430 venerit.
2837 4377 2948 4430 lioc
2981 4388 3157 4430 autem
3199 4380 3542 4434 manifestum
3585 4394 3666 4438 cst
3706 4402 3769 4439 ex
3809 4389 3900 4453 iis,

2293 4479 2409 4532 qum
2454 4465 2598 4519 iccit.
2634 4466 2746 4520 Non
2771 4467 2880 4535 jam
2923 4467 3074 4533 dicit,
3104 4470 3242 4538 quod
3279 4471 3412 4540 ipse,
3447 4473 3539 4527 sed
3571 4476 3712 4543 quod
3755 4477 3904 4532 Dens

2294 4571 2388 4622 per
2417 4556 2609 4624 ipsum,
2641 4567 2696 4610 nt
2726 4557 3016 4613 modestius
3063 4559 3330 4629 loquemlo
3361 4563 3504 4630 ipsos
3534 4566 3900 4634 pertraheret,

2293 4646 2357 4699 ad
2390 4663 2548 4716 quam
2588 4665 2697 4702 rem
2733 4650 2875 4718 ipsos
2917 4659 3081 4705 testes
3127 4661 3301 4716 vocat,
3346 4653 3623 4724 dicitque:
3666 4655 3844 4711 Virum
3870 4677 3903 4713 τι

2295 4737 2406 4792 Deo
2453 4741 2851 4795 demonstratum
2895 4744 2948 4795 in
3000 4743 3140 4796 vobis
3195 4744 3497 4809 uirtutibus,
3556 4749 3803 4819 prodigiis
3855 4763 3904 4804 ct

2296 4831 2470 4901 signis,
2507 4849 2618 4903 qua:
2641 4835 2760 4902 fecit
2799 4851 2888 4902 per
2914 4835 3080 4902 ipsum
3117 4833 3332 4889 Deus'in
3358 4839 3521 4891 medio
3559 4843 3730 4905 uestri,
3765 4843 3905 4897 sicut

2299 4935 2342 4976 et
2376 4925 2472 4992 ipsi
2503 4926 2655 4977 scitis.
2693 4926 2892 4980 Deinde
2925 4927 2974 4979 in
3006 4926 3215 4980 illorum
3249 4927 3452 4983 facinus
3483 4939 3536 4984 et
3565 4933 3740 4985 scelus
3767 4933 3905 4988 inci-

2299 5013 2451 5075 dens,
2478 5015 2596 5068 vide
2617 5017 2883 5084 quomodo
2909 5028 3135 5071 conetur
3167 5019 3284 5072 illos
3311 5035 3338 5073 a
3368 5022 3592 5076 crimine
3619 5023 3852 5079 liberare
3887 5045 3902 5080 :

2302 5103 2416 5176 (u)(
2448 5106 2546 5159 etsi
2579 5107 2721 5159 enim
2759 5107 3038 5161 delinitnm
3071 5119 3234 5173 esset,
3272 5112 3341 5165 illi
3378 5121 3555 5166 tamen
3615 5113 3905 5172 homicida:

2300 5199 2510 5266 crant).
2560 5198 2650 5254 23.
2689 5199 2861 5262 Ilnnc,
2909 5201 3100 5269 inquit,
3145 5204 3353 5272 (le/inito
3411 5207 3629 5260 consilio
3677 5219 3726 5261 et
3759 5226 3904 5263 vra:-

2300 5293 2508 5346 scientia
2537 5291 2632 5345 Dei
2664 5293 2908 5346 traditum
2935 5297 3256 5365 accipientes,
3287 5315 3375 5367 per
3405 5315 3585 5353 manus
3606 5301 3906 5372 iniquarum

2365 5427 2435 5488 (n)
2456 5435 2572 5495 Qum
2598 5427 2791 5495 uncinis
2809 5427 3095 5480 clauduntur
3117 5431 3323 5495 deerant
3363 5433 3409 5481 in
3445 5431 3615 5483 Editis.
3669 5432 3731 5482 At
3763 5448 3908 5495 vero,

2300 5488 2377 5539 his
2401 5491 2547 5539 etiam
2581 5492 3235 5555 restitutis,sensusqadhuc
3278 5496 3596 5555 imperti-ctus
3622 5510 3733 5544 esse
3771 5488 3912 5544 \idel

2303 5559 2398 5619 tur.
2424 5559 2554 5619 Natu,
2579 5560 2631 5600 ttt
2656 5553 2702 5599 in
2726 5553 3010 5619 pra-talione
3035 5553 3248 5619 diximus
3265 5594 3278 5615 ,
3299 5553 3439 5619 scirpe
3461 5557 3831 5619 Chrysostonuts
3861 5563 3910 5610 in

2304 5613 2438 5681 hisce
2473 5613 3181 5681 Commentariis__seutentiam
3237 5613 3469 5680 relinquit
3540 5613 3907 5681 iinperl‘ertam.

2302 5676 2380 5740 sic.
2404 5689 2522 5738 ergo
2547 5684 2700 5740 totum
2729 5675 2982 5740 intelligas
3018 5692 3060 5737 οι
3081 5687 3212 5728 ortet
3241 5695 3251 5728 :
3289 5675 3405 5730 title
3443 5675 3680 5740 quomodo
3705 5691 3905 5731 (“triti-tur

2303 5737 2412 5806 illos
2437 5737 2692 5806 (ft‘tljrll‘illi!
2721 5737 2952 5799 liberare,
2981 5742 3418 5806 quantumscilicet
3445 5737 3554 5806 fieri
3580 5751 3761 5805 patrrnt
3787 5747 3910 5797 nisi

2306 5800 2431 5861 enim
2457 5798 2505 5844 id
2532 5800 2783 5861 llr/anitum
2807 5814 2836 5848 (ι
2862 5798 2960 5850 Deo
2984 5798 3126 5860 esset,
3162 5803 3312 5853 nihilo
3345 5798 3504 5853 tamen
3540 5798 3696 5855 minus
3721 5806 3792 5856 illi
3821 5809 3903 5859 lto-

2307 5860 2503 5911 mirhlw
2531 5860 2684 5912 erant.
2717 5872 2870 5924 Hunc,
2895 5864 3069 5928 inquit,
3093 5863 3289 5928 llr/inito
3307 5867 3522 5928 consilio,
3551 5876 3646 5918 etc.
