4054 6398
172 337 247 405 ξῇ

168 466 444 537 σβςέιιιεε
480 465 826 524 ἱιιιπειιιίειὶε.
858 467 1054 558 Iisdem
1098 471 1211 525 fere
1253 471 1432 526 verbis
1460 483 1639 566 utens,
1669 470 1795 566 gui-

170 558 280 613 bus
304 559 507 631 Joscpb
531 561 727 617 fratres
749 578 879 618 suos
895 553 1201 634 alloquutns
1226 572 1312 619 est
1339 583 1355 618 :
1388 563 1568 620 Nolite
1593 553 1790 630 timere,

166 653 304 720 quia
337 670 438 708 non
468 670 556 709 vos
598 657 884 710 tradidistis
929 673 1030 722 me,
1073 657 1163 712 ml
1208 656 1348 712 Deus
1389 674 1471 712 me
1511 660 1612 713 huc
1655 660 1796 713 misit

173 742 344 812 (lien.
369 745 462 800 45.
483 746 564 816 5).
594 746 796 801 Deinde
823 756 1104 818 postquam
1123 747 1285 814 dixit,
1311 749 1414 801 hoc
1440 748 1537 804 Dei
1563 749 1794 804 consilio

165 835 560 902 factumesse;
590 854 659 891 ne
687 838 953 903 dicerent,
983 839 1128 910 Ergo
1158 840 1208 894 id
1243 841 1380 896 bene
1400 840 1644 902 fecimus.
1669 841 1791 896 illos

161 931 425 1000 cmrguit
451 947 548 1000 per
588 939 653 986 ea
697 949 820 1003 quae
861 926 1048 1004 adjicit
1079 951 1094 986 :
1126 932 1229 987 l’er
1267 951 1452 989 matres
1497 935 1792 1005 iniquorum

158 1011 438 1091 aﬂigcutcs
461 1024 804 1080 interemistis.
838 1025 936 1081 llic
957 1026 1149 1081 Judam
1171 1027 1497 1090 subindtcat,
1523 1028 1791 1098 simultu

160 1113 438 1179 ostendit,
469 1115 522 1169 id
541 1131 649 1170 nou
676 1117 919 1186 potuisse
946 1118 1072 1173 illos
1099 1120 1300 1182 facere.
1341 1121 1444 1174 nisi
1483 1120 1627 1175 Deos
1654 1137 1787 1176 con-

157 1207 454 1272 cessisset,
501 1205 920 1281 tradidissetque
961 1210 1134 1267 illttm.
1185 1210 1301 1267 lloc
1341 1212 1486 1266 cnim
1526 1212 1628 1266 sibi
1674 1212 1791 1267 vult

159 1295 332 1366 illud,
364 1289 654 1365 Iraditum.
686 1299 780 1356 Sic
809 1303 982 1357 totum
1022 1301 1204 1357 scelus
1232 1303 1506 1358 eomertit
1544 1303 1597 1356 in
1624 1313 1788 1372 caput

157 1389 349 1458 Jndzr,
378 1391 467 1461 qui
496 1391 715 1448 tradidit
740 1401 865 1448 eum
896 1412 912 1449 :
947 1394 1064 1466 ipse
1087 1394 1234 1450 enim
1261 1395 1410 1449 illum
1439 1395 1628 1449 osculo
1658 1410 1787 1464 pro-

155 1479 328 1534 didit.
364 1480 456 1537 Vel
487 1481 590 1538 hoc
619 1483 889 1555 intelligit.
918 1495 1046 1539 cum
1081 1486 1180 1551 ait,
1231 1484 1334 1540 Per
1373 1503 1555 1540 uanius
1583 1487 1788 1558 iniquo-

155 1587 284 1625 rum
297 1589 322 1637 ,°
353 1574 436 1628 vel
462 1574 532 1629 de
553 1575 1087 1647 militibusloquitur,
1110 1592 1175 1632 ac
1194 1577 1239 1632 si
1263 1578 1518 1641 insinuet,
1551 1577 1667 1633 Non
1689 1593 1788 1632 vos

159 1665 547 1732 interemistis,
579 1667 810 1729 sedJ’er
831 1685 1016 1725 manus
1040 1670 1355 1743 iniquorum.
1382 1673 1446 1727 Et
1475 1673 1619 1738 ride,
1649 1688 1787 1741 quo-

155 1755 335 1809 modo
373 1757 572 1828 ubique
624 1770 813 1815 curent
870 1762 1179 1831 passionem
1234 1764 1467 1833 primum
1513 1763 1782 1823 conﬁteri.

157 1843 646 1904 ltesurrectionem
679 1867 829 1916 vero,
863 1855 987 1922 quia
1027 1869 1220 1926 magna
1259 1872 1350 1910 res
1386 1867 1526 1923 erat,
1565 1858 1783 1914 interim

155 1940 506 2007 subindicat,
542 1953 600 1997 et
635 1945 786 2014 quasi
833 1945 885 1998 in
929 1947 1107 2002 medio
1151 1949 1323 2018 ponit.
1382 1950 1475 2006 Illa
1528 1967 1780 2024 namque,

154 2046 294 2085 erus
331 2034 586 2088 nimirum
617 2045 673 2090 et
702 2051 871 2098 mors.
912 2039 968 2093 in
1014 2039 1290 2096 confesso‘
1314 2055 1492 2111 erant,
1540 2047 1781 2102 nondum

155 2134 346 2179 autem
394 2129 719 2182 resurrectio
752 2146 766 2181 :
799 2129 921 2184 ideo
959 2129 1077 2186 hinc
1113 2132 1390 2205 subjuugit
1430 2154 1446 2190 :
1485 2136 1578 2192 24.
1621 2138 1784 2203 Quem

159 2215 304 2271 Deus
332 2220 618 2286 suscitarit,
666 2222 847 2276 solutis
884 2221 1148 2280 doloribus
1190 2229 1390 2294 mortis,
1421 2243 1481 2283 eo
1515 2232 1654 2300 quod
1680 2233 1780 2286 int-

156 2309 412 2375 possibile
445 2319 553 2363 erat
583 2313 743 2365 teucri
769 2314 918 2367 illum
946 2315 1009 2369 ab
1036 2332 1118 2370 ea.
1162 2317 1259 2373 llic
1289 2336 1542 2392 magnum
1580 2333 1636 2378 et
1652 2324 1780 2380 sub-

155 2399 288 2453 linte
335 2401 612 2470 quidpiam
663 2404 989 2462 subindical.
1059 2401 1195 2464 Illud
1237 2411 1406 2479 enim,
1451 2413 1782 2484 Impossibile

153 2502 288 2554 erat,
321 2494 588 2563 signiﬁcat
616 2497 791 2567 ipsum
825 2517 1041 2572 quoque
1079 2503 1297 2560 dedisse
1327 2517 1649 2574 potestatem
1689 2512 1777 2565 in-

153 2581 318 2637 ferito
347 2595 404 2639 ut
429 2602 490 2642 se
510 2595 739 2658 teneret,
768 2601 827 2646 et
863 2603 1093 2649 mortem
1127 2596 1278 2651 illuni
1317 2599 1652 2655 detinentem
1678 2602 1778 2657 do-

152 2674 366 2730 lui-ibus
389 2688 577 2747 partus
604 2673 851 2736 allectam
879 2685 1064 2754 gravia
1097 2701 1310 2755 passam
1346 2705 1490 2744 esse.
1522 2693 1773 2748 Dolorem

152 2770 360 2840 quippe
400 2773 592 2827 mortis
621 2775 922 2841 periculum
956 2777 1234 2848 Scriptura
1273 2782 1414 2836 solet
1454 2787 1728 2854 appellm:
1757 2805 1773 2841 :

155 2871 209 2913 et
229 2861 457 2922 indicat.
477 2864 622 2932 quod
643 2865 722 2919 sic
744 2870 1099 2924 resurrexerit
1126 2873 1282 2941 quasi
1313 2889 1418 2928 non
1448 2876 1584 2930 ultra
1611 2878 1776 2932 mori.

154 2963 333 3009 turus.
380 2954 478 3009 γει
497 2974 621 3011 cum
648 2958 800 3026 dicit,
832 2957 913 3014 Eo
938 2961 1077 3033 quod
1105 2964 1420 3034 impossibile
1461 2978 1570 3022 erat
1615 2971 1775 3025 teucri

151 3048 306 3102 illum
347 3050 413 3103 ab
440 3067 523 3117 ea,
554 3053 823 3124 signiﬁcat
866 3058 1322 3114 resurrectionem
1353 3063 1471 3130 ejus
1499 3079 1606 3117 non
1650 3078 1774 3120 esse

150 3155 498 3196 communem
524 3160 649 3198 cum
691 3146 832 3200 aliis.
879 3149 1083 3203 Deinde
1113 3150 1429 3222 priusquam
1465 3169 1620 3210 meus
1651 3155 1773 3209 illo-

151 3239 273 3287 rum
303 3235 510 3304 aliquid
534 3237 754 3307 cogitet,
783 3239 988 3295 inducit
1021 3241 1304 3310 Davidem,
1332 3261 1549 3299 omnem
1581 3246 1771 3300 huma-

151 3338 276 3375 nam
301 3325 684 3394 cogitationem
710 3328 777 3382 de
799 3329 978 3384 medio
1004 3333 1304 3389 tollentem.
1327 3331 1420 3391 25.
1449 3336 1616 3399 Dauid
1631 3340 1770 3394 enim

150 3415 277 3467 dicit
304 3417 358 3469 in
384 3433 520 3484 cutis,
553 3419 744 3490 inquit.
791 3420 859 3476 Et
903 3425 1042 3489 vide,
1078 3429 1354 3496 quomodo
1384 3447 1570 3485 rursus
1613 3435 1767 3511 testi-

150 3507 393 3561 monium
423 3509 494 3562 sit
527 3511 752 3567 humile.
786 3514 914 3569 Ideo
947 3507 1077 3572 illud
1104 3536 1266 3590 supra
1290 3529 1359 3576 ex
1389 3507 1768 3581 humiliorith

149 3600 377 3668 aecepit,
415 3611 473 3654 ιιι
513 3604 766 3660 ostendat
805 3607 875 3662 de
914 3622 1091 3666 morte
1133 3630 1240 3667 non
1284 3629 1408 3671 esse
1447 3617 1762 3674 dolendum.

152 3686 520 3758 Providebnm,
552 3697 745 3767 inquit.
782 3700 1059 3757 Dominum
1098 3708 1150 3760 iu
1174 3722 1448 3780 conspectu
1488 3730 1599 3767 meo
1627 3731 1763 3769 scm-

149 3801 256 3851 per.
288 3789 534 3856 quoniam
562 3808 594 3842 a
632 3792 826 3847 dextris
853 3805 928 3848 est
957 3798 1103 3862 milli,
1151 3815 1216 3854 ne
1241 3818 1560 3858 commoveor
1585 3798 1758 3875 (Paul.

153 3874 236 3930 l5.
265 3878 324 3944 8)
351 3899 366 3933 :
397 3880 488 3933 27.
513 3883 752 3950 quoniam
775 3903 878 3940 non
909 3887 1226 3962 derelinqurs
1248 3897 1477 3949 animam
1506 3916 1670 3954 meam
1705 3903 1761 3956 iu

147 3971 368 4040 inferno.
426 3975 631 4031 Deinde
679 3980 992 4036 testimonio
1041 3980 1358 4053 prapbetieo
1410 3992 1560 4046 addit
1603 4011 1620 4048 :
1665 3995 1758 4051 29.

159 4057 261 4116 Viri
292 4070 501 4136 fratres.
522 4067 656 4123 Cum
680 4085 934 4142 magnum
955 4077 1230 4146 quidpiam
1259 4077 1500 4137 dicturus
1521 4096 1622 4150 est,
1651 4087 1772 4142 hoc-

147 4159 315 4212 ntitnr
342 4161 630 4228 proa-inio,
666 4173 724 4217 ιιι
744 4165 865 4218 illos
887 4168 1085 4222 excitet
1113 4171 1170 4223 et
1188 4171 1412 4228 alliciat.
1444 4175 1638 4241 Liceat,
1673 4179 1758 4234 in-

145 4255 278 4321 quit,
311 4251 562 4309 nudsttter
583 4259 754 4312 dicere
775 4259 915 4315 vobis
938 4263 1004 4316 de
1032 4266 1330 4332 patriarcha
1353 4267 1540 4325 David.
1569 4268 1758 4344 Magna

146 4341 424 4400 humilitas
455 4366 470 4398 :
503 4347 593 4402 ubi
634 4349 766 4404 nihil
791 4358 878 4405 est
902 4352 1106 4417 damni,
1153 4357 1449 4415 demissius
1491 4341 1754 4431 loquitur.

147 4431 380 4504 Ideoque
415 4452 523 4491 non
551 4437 707 4505 dixit,
753 4441 870 4497 lucc
898 4443 968 4499 de
1006 4445 1248 4512 Christo,
1291 4465 1400 4504 non
1441 4452 1512 4508 de
1554 4451 1758 4511 Davide

145 4524 282 4580 dicta
315 4527 520 4592 fuisse;
565 4529 725 4601 idque
749 4533 1042 4590 admodum
1081 4538 1399 4607 prudenter,
1442 4552 1499 4598 nt
1541 4545 1664 4600 illos
1687 4555 1754 4603 es

146 4634 339 4688 magno
369 4636 494 4689 erga
528 4622 740 4677 Iratum
775 4624 1029 4682 Da‘vidcm
1065 4627 1274 4686 honore
1298 4632 1365 4685 ad
1394 4638 1752 4693 reverentiam

143 4710 458 4777 deduceret,
489 4712 649 4768 simul
679 4716 823 4771 circa
847 4718 975 4773 illud
999 4721 1145 4790 quod
1174 4722 1225 4774 in
1253 4723 1505 4780 confesso
1532 4738 1668 4793 erat,
1697 4739 1754 4785 et

144 4797 264 4860 illud
322 4805 468 4874 quod
517 4808 776 4862 audacius
817 4809 1022 4865 dietum
1077 4812 1381 4874 vidi-batur.
1437 4817 1753 4875 denmlcens

144 4897 256 4953 illos
285 4898 476 4954 laudes
514 4901 841 4957 adhibendo.
889 4904 1015 4959 Ideo
1051 4923 1180 4974 non,
1215 4908 1290 4963 Dc
1319 4911 1507 4976 David,
1543 4923 1749 4971 t:mlum

142 4986 276 5045 dixit
301 5007 318 5053 ;
349 4990 470 5056 sed,
503 4989 580 5044 De
603 4994 900 5061 patriarcha
931 4994 1122 5063 Dat-id,
1154 4999 1274 5066 quin
1300 5003 1573 5072 defunctus
1603 5015 1677 5060 est
1700 5017 1752 5062 et

143 5084 390 5152 sepultus.
416 5083 535 5137 Non
563 5083 678 5152 jam
715 5086 866 5152 dicit,
901 5087 972 5142 Et
1010 5102 1117 5144 non
1150 5097 1483 5161 resurrexit;
1514 5099 1611 5154 sed
1641 5102 1750 5156 alio

145 5176 299 5230 modo
318 5185 469 5231 recte
492 5176 597 5232 hoc
620 5178 796 5247 ipsum
822 5180 1064 5237 declarat
1086 5199 1150 5238 ac
1175 5187 1306 5241 dicit
1331 5208 1345 5237 :
1372 5189 1438 5243 Et
1457 5195 1750 5262 sepulcrum

143 5267 274 5323 illius
304 5278 378 5323 est
407 5270 550 5336 apud
578 5287 673 5324 nos
700 5287 858 5342 usque
896 5275 952 5328 iu
978 5276 1282 5331 hodiernam
1323 5281 1478 5335 diem.
1513 5285 1742 5352 Deinde,

144 5373 194 5413 ιιι
221 5361 366 5432 quod
398 5363 643 5418 voluerat
674 5371 975 5434 apparavit,
1007 5383 1182 5439 neque
1208 5373 1289 5426 sic
1325 5376 1471 5430 \enit
1495 5377 1562 5432 ad
1588 5379 1746 5435 Chri-

142 5462 298 5523 stum,
325 5455 424 5510 sed
455 5472 645 5511 rursus
676 5459 932 5514 Davidetn
955 5462 1156 5518 laudat.
1180 5465 1272 5520 50.
1299 5466 1565 5524 Prov/tcta
1588 5473 1746 5544 igitur

143 5561 248 5603 cum
277 5557 426 5612 esset,
453 5560 502 5602 et
520 5551 672 5605 sciret
696 5553 818 5617 quia
841 5555 1189 5625 jurejurando
1224 5559 1446 5624 iurasset
1475 5565 1555 5618 illi
1576 5565 1739 5623 Deus.

202 5642 255 5697 Ξ.
303 5643 432 5698 llmc
461 5659 623 5712 porro
643 5646 792 5711 dicit,
821 5656 880 5702 ut
906 5649 1098 5703 saltem
1120 5651 1190 5704 oh
1213 5653 1475 5712 honorem
1497 5670 1552 5714 et
1568 5675 1740 5730 genus

145 5735 321 5806 ipsius,
371 5738 599 5793 verbum
627 5740 696 5795 de
737 5745 1135 5800 resurrectione
1173 5749 1543 5819 susciperent;
1583 5759 1733 5826 quasi

150 5832 416 5905 trophetia
439 5831 732 5890 lmderctur
756 5835 857 5892 nisi
890 5835 993 5893 hoc
1021 5850 1189 5908 esset,
1217 5850 1272 5896 et
1302 5846 1452 5910 quasi
1491 5847 1726 5915 i;-sor:nn

1152 356 1219 412 IN
1259 356 1440 412 ACTA
1482 353 2263 418 Αῐιοδτοιοῐιωιιιιοιιιι..
2311 364 2397 424 \‘l.

1906 473 2096 530 honori
2114 482 2485 567 derogaretttr.
2507 485 2576 539 Et
2600 491 2786 561 sciens,
2814 495 3005 568 inquit,
3031 507 3154 575 quia
3167 510 3517 583 jurejurando

1892 569 2122 639 jurasset
2159 573 2242 627 illi
2291 575 2449 634 Deus.
2487 581 2604 636 Non
2640 587 2962 659 simpliciter
3002 569 3185 664 dixit:
3210 569 3515 676 Promisit;

1901 664 2171 734 sed,un
2223 670 2398 740 majus
2422 685 2560 743 erat,
2600 677 2921 740 .lnramcnto
2952 687 3177 760 juravit,
3217 695 3302 752 De
3343 664 3520 772 fractis

1901 755 2062 811 lumbi
2101 763 2220 828 eius
2254 767 2509 824 oriturum
2552 773 2816 830 Cl.ristnm
2849 755 3133 840 secundum
3161 755 3388 847 vemens
3406 755 3520 858 :ut

1898 849 2096 906 sederet
2127 867 2284 924 super
2309 858 2549 916 thronum
2575 865 2758 934 ipsius.
2802 869 2958 936 \‘ide,
2986 883 3044 928 ιιι
3070 880 3285 936 excelsa
3317 849 3516 942 iterum

1897 942 2226 1002 suhindicet.
2287 950 2580 1020 Postquam
2631 961 2779 1015 enim
2834 964 2956 1020 illos
3007 971 3193 1026 verbis
3243 975 3518 1045 placavit,

1900 1034 2132 1092 ﬁdenter
2160 1038 2265 1097 hoc
2293 1047 2571 1114 propheta:
2609 1052 2815 1110 dictum
2851 1060 3053 1126 attulit,
3085 1073 3144 1119 et
3169 1034 3520 1128 tle-resume:

1895 1131 2078 1187 ctione
2103 1133 2361 1204 loquitur.
2396 1140 2488 1195 51.
2534 1143 2670 1208 Quia
2713 1159 2878 1221 neque
2905 1156 3083 1209 animo
3119 1159 3234 1229 ejus
3271 1163 3519 1220 derelicta

1895 1233 1971 1276 est
1995 1223 2048 1278 in
2081 1226 2304 1297 inferno,
2333 1247 2497 1301 neque
2520 1252 2645 1290 caro
2669 1240 2782 1310 ejus
2808 1243 2934 1298 bitiit
2957 1223 3361 1321 corruptionem.
3398 1255 3517 1312 Hoc

1895 1329 2084 1371 rursus
2108 1320 2307 1376 mirum
2352 1333 2438 1379 est
2463 1344 2478 1378 :
2503 1331 2744 1386 ostendit
2767 1336 2938 1401 enim,
2977 1355 3089 1396 non
3117 1320 3363 1401 similem
3392 1348 3519 1405 aliis

1894 1421 2019 1463 csse
2044 1416 2520 1474 resurrectionem.
2551 1418 2789 1479 Dctinttit
2816 1428 2964 1484 cnim
3000 1432 3158 1488 illum
3196 1445 3369 1503 mors,
3411 1448 3518 1497 nec

1894 1512 1990 1552 sua
2013 1499 2068 1556 ib
2097 1519 2221 1558 eum
2251 1517 2474 1576 operata
2504 1523 2607 1568 est.
2641 1515 2710 1571 Et
2732 1532 3013 1588 peccatum
3033 1521 3255 1595 quidem
3275 1499 3382 1586 sub
3404 1549 3519 1589 ιιιιι-

1894 1593 1990 1650 bra
2016 1597 2174 1663 dixit,
2209 1613 2424 1669 poenam
2456 1618 2638 1663 autem
2670 1628 2778 1667 non
2807 1615 3036 1685 addidit,
3050 1593 3166 1676 sed
3191 1624 3344 1694 quod
3363 1630 3513 1683 oeci-

1891 1686 2075 1745 deriut
2114 1692 2409 1755 declaravit
2451 1718 2466 1754 :
2512 1699 2711 1762 deinde
2766 1708 2834 1763 ad
2895 1712 3111 1782 signum
3175 1686 3271 1773 Dei
3333 1724 3510 1779 venit.

1891 1781 2122 1849 Quando
2153 1797 2338 1845 autem
2365 1791 2796 1854 demonstratum
2827 1814 2932 1869 est,
2952 1781 2959 1782 ί
2969 1804 3179 1874 justum
3218 1826 3343 1868 csse
3381 1830 3511 1872 eum

1889 1875 1981 1942 qui
2009 1877 2224 1934 occisus
2266 1881 2382 1948 fuit,
2416 1893 2474 1940 et
2510 1886 2607 1952 Dei
2649 1892 2905 1959 amicum,
2938 1897 3152 1953 etiamsi
3175 1913 3394 1970 [mnam
3423 1915 3514 1962 ta-

1889 1979 2040 2034 ceas,
2070 1969 2116 2024 is
2155 1973 2245 2040 qui
2287 1979 2552 2044 peccavit.
2585 1997 2711 2038 sese
2754 1989 2923 2053 magis
2960 2005 3123 2060 quam
3165 1969 3222 2048 tu
3273 1993 3506 2068 laceres,

1889 2062 2297 2122 condemnabit.
2318 2068 2510 2127 Omnia
2539 2075 2720 2146 itaque
2737 2079 2805 2134 ad
2826 2081 3045 2139 Patrem
3069 2087 3257 2155 refert,
3281 2098 3342 2146 ut
3362 2062 3508 2150 dicta

1889 2154 2171 2224 recipiant.
2202 2159 2407 2219 Deinde
2433 2162 2586 2230 illud,
2610 2167 2941 2239 Impossibile
2967 2188 3098 2244 erat,
3125 2194 3192 2234 ex
3220 2184 3507 2254 prophetia

1892 2244 2122 2301 induxit.
2176 2251 2386 2309 Rursus
2414 2272 2543 2312 vero
2571 2263 2753 2331 priora
2797 2277 3128 2338 repetamus.
3178 2244 3385 2341 Jesmit,
3421 2279 3508 2333 itt-

1889 2339 2027 2407 quit,
2058 2337 2413 2414 Nazarenam,
2444 2351 2612 2404 virum
2643 2337 2986 2426 approbantur
3017 2381 3052 2416 a
3081 2353 3194 2419 Deo
3231 2372 3285 2422 in
3326 2337 3466 2425 vobis
3487 2389 3508 2428 :

1890 2429 1941 2483 id
1963 2443 2067 2494 est.
2099 2433 2170 2489 de
2192 2453 2304 2506 quo
2324 2440 2458 2495 nihil
2485 2443 2710 2502 dubium
2735 2460 2841 2516 est;
2874 2453 2970 2508 sed
2996 2470 3063 2510 ex
3093 2461 3354 2526 operibus
3381 2479 3506 2534 pro.

1888 2519 2094 2578 hatum.
2138 2526 2231 2583 Si‘c
2265 2540 2321 2584 et
2350 2530 2680 2594 Nicodamus
2703 2535 2918 2598 dicebat
2948 2564 2962 2599 :
2998 2519 3166 2619 Signa
3201 2553 3314 2607 hac
3355 2519 3507 2613 timo

1889 2624 2053 2681 potest
2095 2621 2269 2689 facere
2302 2639 2423 2692 quis
2461 2635 2518 2680 tu
2560 2628 2695 2698 facis
2731 2629 2913 2704 (Joau.
2958 2639 3013 2694 5.
3059 2641 3141 2711 2).
3197 2643 3502 2715 Virtutibus,

1887 2706 2081 2776 inquit,
2113 2714 2386 2785 prodigiis,
2418 2729 2466 2771 et
2510 2722 2694 2791 signis,
2726 2742 2843 2794 qua:
2881 2731 3004 2800 fecit
3033 2706 3173 2789 Deus
3202 2754 3294 2807 per
3331 2706 3505 2810 ipsum

1885 2801 1940 2854 in
1970 2802 2138 2856 medio
2158 2808 2330 2861 vestri.
2362 2809 2546 2880 Itaque
2571 2830 2678 2868 non
2702 2817 2865 2884 clam,
2894 2822 2941 2876 si
2973 2824 3027 2878 in
3050 2801 3284 2887 mcdlo'.
3317 2801 3505 2892 P'rimo

1885 2895 2066 2965 abiis,
2104 2915 2228 2969 qua:
2260 2913 2385 2959 nota
2429 2906 2562 2975 ipsis
2586 2921 2766 2978 erant,
2790 2915 3035 2984 orditur;
3064 2933 3121 2976 et
3147 2932 3276 2981 tunc
3314 2927 3384 2983 ad
3410 2945 3503 2985 oc.—

1884 2986 2028 3042 eulta
2074 2993 2241 3047 Venit.
2277 2995 2482 3054 Deinde
2523 3012 2648 3056 ι-ιιιιι
2695 3007 2793 3069 ait,
2838 3006 2936 3063 Dei
2977 3014 3215 3083 consilio,
3261 3023 3504 3080 ostendit

1883 3081 2032 3150 ipsos
2061 3083 2113 3138 id
2144 3084 2324 3144 facere
2351 3106 2461 3146 non
2491 3096 2734 3164 potuisse
2760 3117 2776 3166 ;
2803 3111 2859 3156 et
2901 3097 3032 3160 illud
3071 3081 3497 3186 essevquidpiam

1881 3173 2156 3243 sapienter
2182 3189 2238 3234 et
2262 3196 2362 3251 per
2389 3190 2751 3246 meonemiam
2779 3191 3003 3265 factum,
3030 3173 3300 3272 siquidem
3325 3173 3370 3262 τι.
3388 3210 3500 3265 Deo

1881 3262 2001 3332 ipso
2037 3277 2175 3322 erat.
2213 3269 2482 3345 Quodque
2515 3281 2803 3339 molestum
2834 3262 3114 3353 crsu—cito
3148 3303 3494 3362 transcurrit.

1879 3353 2091 3427 Ubique
2121 3360 2231 3417 illis
2254 3366 2494 3422 studium
2522 3385 2642 3427 erat
2665 3380 2980 3450 'ostcndere,
3015 3385 3190 3454 ipsum
3219 3403 3495 3453 mortuum

1879 3448 2046 3508 fuisse
2072 3469 2088 3506 :
2118 3453 2273 3513 Licet
2302 3475 2401 3514 vos
2429 3471 2779 3536 negarcritis,
2804 3448 2996 3545 inquit.
3026 3448 3101 3535 illi
3125 3448 3500 3546 testim-abun.-

1878 3549 1982 3597 tur.
2019 3545 2120 3614 Qui
2169 3564 2300 3605 vero
2343 3555 2506 3610 morti
2554 3564 2767 3630 negotia
2808 3565 3047 3636 facessit,
3094 3575 3269 3630 multo
3317 3584 3492 3652 magis

1877 3642 2078 3707 poterit
2119 3643 2184 3698 iis
2210 3646 2300 3715 qui
2341 3651 2752 3710 crttciﬁ'xerunt.
2806 3661 2877 3714 At
2923 3663 3057 3718 nihil
3111 3667 3292 3725 simile
3337 3642 3493 3742 dicit,

1876 3746 2092 3802 uenipe,
2123 3735 2345 3794 Poterat
2377 3758 2473 3794 vos
2497 3744 2567 3800 de
2598 3749 2778 3802 medio
2803 3753 3014 3822 tolli-re,
3043 3758 3142 3812 ειιά
3172 3735 3496 3834 simpliciter

1872 3826 2258 3887 subindicavit.
2303 3834 2524 3893 Interim
2555 3852 2688 3896 vero
2730 3851 2797 3898 c‘x
2848 3847 3010 3902 dictis
3047 3850 3332 3924 discimus,
3363 3862 3492 3930 quid

1869 3919 1943 3971 sit
1984 3922 2137 3988 illml,
2189 3935 2396 3982 tenere.
2422 3928 2558 3987 Nam
2585 3937 2676 4003 qui
2705 3953 2829 3991 cum
2860 3939 3054 3998 dolore
3082 3947 3285 4017 aliquid
3317 3963 3490 4014 tenet.

1870 4027 1977 4066 non
2018 4011 2147 4070 illud
2196 4019 2422 4087 retinet;
2469 4040 2646 4092 neque
2690 4031 2823 4099 agit,
2855 4032 2952 4087 sed
2998 4011 3219 4104 patitur,
3259 4052 3313 4096 et
3356 4011 3491 4100 illud

1867 4106 2106 4173 ahjicere
2137 4110 2374 4168 festinat.
2400 4118 2476 4169 Ac
2496 4119 2720 4187 pulchre
2746 4123 2900 4191 dicit,
2921 4125 3093 4182 Doritl
3124 4134 3260 4186 enim
3287 4135 3413 4189 dicit
3436 4139 3491 4192 iu

1867 4215 1981 4255 (aut
2005 4217 2027 4266 ;
2056 4219 2124 4258 ne
2148 4194 2351 4260 dictum
2376 4208 2506 4264 illud
2531 4214 2582 4265 in
2605 4215 2924 4285 prophetam
2951 4221 3250 4281 derivares.
3277 4229 3486 4300 Viden‘,

1864 4296 2139 4362 quomodo
2159 4296 2379 4354 demum
2403 4303 2740 4374 prophetiam
2771 4309 3177 4383 interpretetur,
3206 4330 3256 4373 et
3287 4296 3487 4378 nudam

1863 4396 2120 4454 exponat,
2151 4391 2450 4450 ostendens
2488 4399 2763 4465 quomodo
2795 4401 2983 4458 sedeat
3022 4421 3191 4478 super
3228 4411 3484 4468 thronum

1863 4486 2060 4536 suum?
2097 4497 2326 4556 regnum
2366 4490 2512 4553 enim
2557 4493 2843 4562 spirituale
2887 4498 2939 4552 in
2985 4501 3135 4558 caelis
3174 4515 3279 4561 est.
3324 4506 3485 4578 Vide,

1862 4577 2138 4644 quomodo
2162 4593 2285 4633 cum
2317 4586 2717 4642 resurrectione
2744 4604 2970 4659 regnum
2991 4591 3291 4652 declaravit
3315 4597 3371 4654 in
3398 4616 3488 4656 re-

1860 4670 2134 4739 surgendo
2159 4685 2458 4745 acceptum.
2488 4675 2733 4733 Ostendit
2767 4685 3143 4741 necessitatem
3167 4688 3336 4748 fuisse
3358 4707 3483 4764 pro-

1860 4760 2040 4830 pln-tm.
2081 4762 2300 4820 dicendi
2333 4784 2348 4820 :
2377 4767 2447 4823 de
2471 4769 2565 4823 illo
2598 4780 2832 4843 namque
2871 4787 2988 4830 erat
3028 4781 3334 4850 prophetia.
3360 4760 3486 4842 ⁷(Σηι-

1861 4869 1968 4906 ιιιιιι
1999 4854 2157 4918 dixit,
2191 4856 2269 4910 De
2298 4871 2467 4928 regno
2496 4861 2614 4931 ejus
2639 4878 2655 4928 ;
2682 4864 2802 4932 sed,
2832 4861 2914 4920 De
2932 4875 3308 4930 resurrectione
3331 4879 3487 4948 cjtts.’

1859 4945 2105 5014 Magnum
2138 4947 2242 5004 hoc
2268 4961 2408 5007 erat.
2440 4952 2727 5020 Quomodo
2751 4967 2931 5014 autem
2977 4962 3032 5016 in
3062 4963 3262 5023 throno
3298 4945 3434 5026 sedit
3460 4972 3486 5024 ?

1860 5037 1915 5091 lu
1945 5039 2164 5094 Juda‘os
2193 5057 2448 5112 regnans.
2481 5044 2636 5113 Quod
2667 5048 2713 5102 si
2743 5051 2798 5104 in
2834 5049 3074 5118 Iudaeos,
3105 5058 3280 5115 multo
3306 5059 3481 5133 magis

1858 5133 1911 5185 in
1938 5149 2034 5188 eos
2075 5136 2163 5203 qui
2195 5139 2587 5194 cruciﬁxcrunt
2630 5142 2808 5198 illum.
2839 5142 2964 5199 Non
2993 5149 3132 5203 enim
3169 5167 3297 5208 caro
3339 5158 3474 5228 ejus,

1857 5228 2052 5298 inquit,
2083 5229 2212 5284 vidit
2248 5235 2648 5304 corruptionem.
2681 5236 2796 5292 Hoc
2823 5243 3245 5308 resurrectione,
3277 5247 3470 5317 inquit,

1854 5323 2033 5376 minus
2082 5322 2317 5385 videtur.
2367 5325 2464 5380 sed
2521 5327 2753 5398 idipsum
2797 5339 2901 5385 est.
2942 5328 3035 5388 52.
3089 5333 3246 5391 Hunc
3288 5336 3473 5393 Iesum

1851 5417 2112 5468 suscitavit
2158 5415 2316 5470 Deus.
2351 5417 2507 5484 Vide,
2539 5421 2812 5489 quomodo
2843 5438 2951 5478 non
2990 5425 3152 5482 aliter
3183 5429 3333 5484 illum
3370 5446 3472 5502 ap-

1853 5511 2034 5577 pellet.
2067 5507 2229 5580 Cujus
2268 5528 2363 5566 nos
2391 5530 2566 5566 attines
2602 5524 2752 5570 testes
2773 5533 2968 5573 sumas.
2992 5520 3084 5575 55.
3119 5520 3345 5577 Dextera
3370 5525 3467 5595 igi-

1849 5613 1933 5655 tar
1964 5602 2059 5656 Dei
2080 5604 2356 5658 multatus.
2395 5605 2605 5661 Rursus
2631 5609 2697 5662 ad
2727 5610 2939 5665 Patrem
2963 5613 3225 5681 coafngit,
3253 5615 3471 5670 etiamsi

1847 5696 1979 5750 satis
2007 5707 2122 5751 erat
2153 5697 2204 5751 id
2236 5697 2440 5753 dixisse
2484 5701 2668 5768 prius:
2710 5703 2804 5755 Sed
2846 5704 2949 5757 scit
2985 5709 3170 5775 quanti
3204 5716 3460 5770 montemi

1917 5857 1931 5886 '
1970 5855 2114 5915 lllual,
2139 5855 2259 5907 stin
2293 5854 2473 5906 "ardia.
2508 5855 2656 5906 deest
2691 5864 2738 5904 tu
2777 5857 3100 5922 quibusdam;
