4054 6394
103 321 161 374 6|
1065 380 1068 381 ν
1147 316 1214 372 IN
1253 315 1437 371 ACTA
1476 307 2257 369 APOSTOLORULLIIQ-MIL.
2305 314 2390 370 \‘l.
3370 317 3442 372 62

99 435 385 491 solitudini
415 435 653 506 cuipiam
698 434 922 489 multam
971 431 1210 502 quietem
1250 430 1512 495 babenti;
1561 430 1709 485 illius

96 543 228 582 vero
255 527 462 589 anima,
495 525 635 590 foro,
668 524 864 592 turbas,
904 523 997 579 ubi
1021 523 1226 578 multus
1245 523 1454 576 clamor
1476 537 1710 592 sequen-

95 620 228 670 tium
261 618 526 680 camelos,
559 615 738 670 mulos
765 622 823 671 et
848 617 1051 680 asinus,
1096 614 1186 685 qui
1219 613 1524 668 occlamant
1553 627 1712 668 acce-

92 709 355 764 dentibus
385 725 454 763 ne
471 707 894 764 conculceutur?
923 706 1003 779 (α)
1026 721 1207 761 nonne
1228 707 1371 762 illius
1392 707 1573 761 anima
1596 721 1712 760 me-

88 803 196 857 diis
237 802 553 857 civitatibus
592 801 786 856 similis
811 809 914 866 est,
944 800 1035 854 tibi
1080 800 1207 855 hinc
1231 799 1540 864 aurificum,
1583 796 1710 853 inde

88 897 420 949 terariorum
478 910 707 964 magnus
756 893 970 964 fragor;
1002 903 1058 948 et
1088 893 1179 946 alii
1225 893 1447 962 quideut
1480 891 1704 952 la-dunt.

86 987 177 1043 alii
209 1002 352 1042 vero
372 985 685 1042 laeduntur?
710 985 818 1041 Sed
846 985 1006 1055 hujus
1035 985 1214 1039 anima
1236 984 1428 1051 similis
1457 994 1542 1038 est
1586 997 1710 1038 ter-

89 1080 178 1132 tici
203 1080 436 1141 montis,
465 1077 575 1133 leni
595 1094 724 1132 aura
754 1077 952 1132 fructtti
984 1077 1240 1146 purisque
1264 1075 1452 1142 radiis,
1485 1073 1708 1143 limpida

88 1170 326 1225 fontium
367 1170 568 1225 fluenta
592 1170 860 1225 emittenti
893 1188 908 1225 :
939 1169 1028 1222 ubi
1059 1168 1243 1224 multa:
1267 1167 1463 1222 florum
1491 1167 1705 1235 gratiae,

87 1261 319 1332 perinde
345 1272 509 1333 atque
535 1262 590 1316 in
624 1262 808 1317 vernis
835 1261 1003 1331 pratis
1021 1270 1080 1317 et
1107 1260 1306 1326 hortis,
1337 1275 1460 1330 qua:
1482 1258 1705 1329 plantis,

88 1354 322 1410 tioribus
338 1363 394 1409 et
417 1353 783 1410 deﬂuentibus
810 1354 968 1424 aquis
1010 1361 1275 1408 ornantur
1303 1368 1316 1406 :
1350 1352 1396 1406 si
1426 1352 1548 1422 quis
1577 1365 1708 1406 vero

86 1461 257 1500 sonus
287 1446 568 1512 audtatur,
620 1447 803 1501 suavis
828 1453 914 1500 est
937 1455 994 1500 et
1027 1446 1252 1523 multam
1281 1443 1457 1500 fundit
1481 1442 1709 1500 audien-

88 1538 230 1594 tibus
252 1539 614 1608 voluptatem.
647 1537 784 1593 Nam
835 1539 919 1595 vel
947 1552 1078 1595 aves
1104 1545 1233 1593 sunt
1270 1538 1500 1594 summis
1541 1537 1707 1605 arbo-

89 1648 208 1685 rum
242 1633 302 1686 in
331 1633 501 1687 ramis
527 1632 906 1699 cantillantes;
956 1633 1040 1687 vel
1068 1631 1301 1695 cicadaz,
1333 1633 1601 1696 lusciniae,
1625 1631 1709 1686 hi-

90 1722 392 1789 rundines,
455 1723 786 1779 concordem
832 1732 889 1779 et
934 1738 1096 1778 unam
1133 1723 1424 1794 quamdam
1463 1722 1709 1778 efftciunt

90 1815 394 1881 musicam;
421 1813 510 1869 vel
526 1814 796 1886 zephyros
817 1814 1013 1870 blande
1034 1829 1218 1870 ramos
1236 1815 1490 1870 arborum
1511 1815 1710 1883 allidit,

90 1905 342 1974 pinorum
367 1905 628 1962 stridulos
656 1920 822 1961 sonos
847 1915 903 1962 et
927 1922 1129 1978 cycnos
1171 1907 1491 1977 plerumque
1530 1908 1710 1961 imita-

88 2006 207 2059 tur;
239 1998 330 2052 vel
359 2008 573 2068 pratum
607 2013 759 2053 rosas
799 1999 1057 2055 emittens
1085 2009 1143 2054 et
1168 1999 1278 2054 lilia
1299 2042 1315 2065 ,
1347 2016 1469 2069 qua:
1493 2016 1555 2055 se
1585 2016 1706 2054 mu-

89 2101 178 2146 ttto
202 2090 496 2156 collidunt,
526 2092 679 2160 quasi
710 2092 934 2162 pelagus
969 2093 1100 2148 item
1132 2092 1342 2148 leuibus
1373 2093 1529 2147 undis
1550 2109 1706 2147 com-

88 2192 316 2236 motum.
349 2182 465 2238 lmo
493 2185 693 2239 multas
716 2186 840 2255 quis
883 2186 1463 2259 inveneritimagines.
1495 2188 1629 2243 Nam
1658 2194 1705 2244 si

87 2277 205 2343 quis
249 2292 410 2332 rosas
459 2279 736 2348 inspiciat,
789 2279 981 2335 iridetn
1021 2295 1084 2336 se
1133 2281 1321 2337 videre
1363 2284 1602 2353 putabit;
1657 2285 1707 2338 si

88 2369 277 2433 \iulas,
309 2385 464 2424 mare
490 2370 792 2436 undosum;
838 2372 886 2427 si
936 2372 1071 2438 lilia,
1097 2373 1313 2429 caelum.
1345 2374 1532 2443 Neque
1575 2391 1703 2446 spe.

88 2461 299 2516 clacqu
321 2471 382 2515 et
408 2462 526 2517 visu
549 2471 754 2518 tantum
781 2463 1105 2532 delectatur,
1132 2465 1229 2520 sed
1249 2467 1411 2522 etiam
1433 2483 1704 2539 corpore:

87 2552 176 2606 ille
216 2568 458 2623 namque
488 2567 764 2611 recreatur
791 2565 849 2612 et
892 2559 1122 2628 respirat
1157 2576 1171 2612 :
1205 2559 1277 2614 ita
1301 2569 1364 2615 ut
1390 2575 1450 2616 se
1486 2562 1538 2615 in
1568 2562 1705 2617 cat-lo

90 2644 265 2711 potius
285 2659 414 2700 esse
441 2654 614 2715 putet,
638 2664 799 2718 quam
825 2648 883 2704 in
912 2659 1080 2705 terra.

153 2738 207 2792 4.
258 2738 364 2793 Est
407 2748 464 2796 et
504 2741 643 2796 alius
689 2756 898 2807 sonus,
947 2759 1074 2799 cum
1119 2759 1258 2815 aqua
1306 2760 1373 2801 ex
1421 2748 1704 2804 cacumine

87 2829 339 2889 deﬂuens
377 2848 475 2900 per
519 2836 818 2906 pra'cipitia
856 2846 1052 2905 sponte
1102 2835 1306 2902 fertur,
1353 2848 1410 2892 et
1445 2839 1705 2910 subjectis

88 2925 330 2980 silicibus
378 2927 572 2982 leniter
620 2930 924 3000 obstrepit,
979 2932 1169 3001 sicque
1219 2933 1464 2986 membra
1519 2944 1702 2990 nostra

89 3017 366 3087 voluptate
394 3020 600 3074 relaxat
621 3062 638 3088 ,
669 3020 741 3076 ita
771 3032 829 3077 ut
856 3037 1107 3078 somnum
1134 3024 1376 3079 membra
1402 3026 1702 3083 solventem

88 3113 358 3166 conciliet.
381 3112 757 3171 Narrationem
776 3116 1010 3172 libenter
1028 3118 1289 3184 audistis;
1311 3118 1542 3191 hincque
1562 3121 1704 3177 forte

92 3202 322 3272 injectus
357 3205 510 3260 vobis
539 3215 626 3261 cst
650 3208 958 3264 solitudinis
999 3226 1176 3266 amor.
1224 3211 1333 3266 Sed
1375 3212 1476 3267 hac
1510 3215 1702 3269 solitu-

92 3294 211 3350 dine
239 3298 417 3351 multo
446 3300 666 3354 suavior
689 3308 777 3357 est
805 3303 1059 3372 patientis
1085 3305 1290 3361 anima.
1321 3305 1437 3361 Non
1468 3308 1620 3362 enim
1646 3317 1706 3364 ut

94 3397 298 3454 pratum
352 3389 833 3458 describcrcmus,
879 3409 1058 3464 neque
1102 3407 1161 3450 ut
1187 3395 1256 3451 ad
1285 3401 1703 3457 ostentationem

93 3481 250 3535 verba
293 3482 681 3548 funderemus,
715 3485 855 3542 hanc
884 3490 1124 3559 aggressi
1157 3505 1344 3547 sumus
1374 3494 1702 3564 imaginem;

93 3574 181 3628 sed
214 3585 274 3630 ut
306 3592 408 3646 per
436 3578 576 3633 hanc
618 3578 1041 3658 descriptionem
1085 3584 1368 3650 videntes,
1410 3599 1607 3657 quanta
1635 3591 1705 3644 sit

95 3671 410 3738 patientium
435 3673 704 3744 voluptas,
728 3684 785 3730 et
806 3676 950 3746 quod
979 3678 1150 3733 multo
1170 3681 1388 3736 suavius
1414 3682 1707 3753 utiliusqne

95 3762 161 3815 sit
197 3777 320 3817 cum
361 3764 476 3819 viro
513 3767 751 3834 patiente
779 3778 834 3822 et
864 3781 1150 3827 mansueto
1176 3775 1418 3838 versari,
1463 3791 1622 3844 quam
1650 3776 1706 3831 in

99 3855 402 3924 ltnjnsmodi
438 3858 574 3914 locis
601 3860 826 3931 degere,
855 3863 954 3918 hos
979 3868 1362 3936 sequeremini.
1398 3868 1532 3923 Cum
1557 3873 1703 3927 enint

99 3965 265 4019 neque
291 3961 493 4006 ventus
516 3953 812 4010 vehemens
841 3972 872 4009 a
901 3957 994 4010 tali
1031 3960 1209 4013 anima
1246 3962 1575 4030 egrediatur,
1607 3966 1705 4021 sed

99 4041 307 4114 benigni
360 4045 738 4116 mansuetique
784 4063 1067 4104 sermones
1105 4051 1345 4124 zephyro
1390 4055 1601 4124 placido
1629 4052 1706 4112 si-

100 4135 267 4198 miles,
294 4144 358 4191 et
384 4136 782 4194 admonitiones
812 4141 945 4194 nihil
971 4157 1223 4213 asperum
1267 4145 1564 4214 lmhentes,
1610 4149 1708 4204 sed

98 4242 217 4284 aves
257 4229 385 4282 illas
423 4231 749 4287 cantatrices
799 4232 1409 4307 imitanteszquomodo
1455 4239 1559 4297 hoc
1599 4259 1708 4297 non

101 4320 287 4377 melius
331 4321 545 4377 fuerit?
586 4323 705 4379 Non
745 4326 889 4380 enim
931 4330 1148 4399 corpori
1193 4333 1395 4387 accidit
1437 4337 1709 4393 sermonis

103 4426 245 4478 aura,
273 4412 378 4468 sed
403 4415 616 4470 animas
645 4416 836 4472 reficit.
870 4418 988 4474 Non
1022 4430 1131 4476 tam
1162 4424 1273 4478 cito
1304 4425 1545 4481 medicus
1574 4444 1710 4498 qna-

104 4501 223 4557 libet
251 4504 496 4559 adhibita
526 4521 656 4562 cura
685 4523 716 4563 a
747 4509 881 4566 febri
913 4510 1258 4580 liberaverit,
1302 4525 1355 4570 ut
1389 4518 1471 4571 vir
1498 4521 1709 4589 patiens

105 4595 420 4656 iracundum
442 4607 500 4654 et
528 4603 1013 4661 excandescentem
1037 4608 1231 4676 spiritu
1260 4612 1548 4667 verborum
1576 4629 1708 4668 suo-

101 4705 210 4746 rum
238 4695 602 4766 refrigerabit.
633 4698 840 4771 Ecquid
877 4702 947 4757 de
985 4704 1198 4759 medico
1235 4705 1468 4777 loquor?
1494 4708 1574 4764 Ne
1602 4709 1710 4764 fer-

104 4800 213 4841 rum
245 4788 469 4859 quidem
510 4789 735 4861 ignitum
776 4793 829 4847 in
861 4810 1056 4864 aquam
1088 4798 1429 4867 immissum,
1462 4809 1570 4856 tam
1597 4804 1707 4858 cito

103 4882 328 4937 calorem
350 4882 572 4946 amittit.
597 4895 658 4941 ut
685 4887 976 4944 iracundus
993 4889 1046 4944 in
1069 4903 1409 4948 mansuetum
1437 4893 1702 4950 incidens.

105 4973 247 5031 Sicut
291 4987 478 5034 autem
525 4979 574 5034 si
618 4980 672 5036 in
718 4983 895 5038 forum
945 4984 1318 5056 ingrediantur
1363 4987 1710 5046 cantillantes

105 5077 245 5138 aves,
266 5085 424 5144 mna!
441 5085 567 5130 esse
586 5074 867 5132 videntur:
887 5078 966 5133 sic
986 5095 1201 5150 quoque
1224 5093 1493 5155 praecepta
1521 5095 1706 5140 nostra

163 5235 231 5297 (τι)
258 5237 418 5317 Totus
434 5243 520 5317 qui
544 5245 774 5317 sequitur
801 5243 1161 5317 locusgrdine
1182 5251 1330 5317 paulo
1352 5249 1589 5317 diverso,_
1602 5258 1696 5308 sed

109 5309 227 5405 rene
255 5302 434 5348 Iisdem
457 5312 693 5351 constans
719 5306 890 5354 verbis
914 5309 1126 5357 effertur
1147 5302 1196 5358 iii
1226 5309 1385 5360 tribus
1409 5302 1692 5367 codicibus“.

131 5361 177 5405 1ιὶ
200 5368 365 5405 autem
393 5361 526 5405 libri-
551 5367 601 5405 in
624 5379 811 5405 summa
837 5369 972 5405 inlm-
990 5383 1045 5405 cn
1069 5371 1415 5405 οηηιηῧι-σιηιοο
1461 5389 1485 5405 α
1509 5385 1692 5405 ,συ-..ιιι

131 5361 177 5438 lli
200 5368 365 5438 autem
393 5361 528 5438 libri,
551 5367 603 5412 in
623 5379 812 5438 summa
837 5369 972 5416 inter
990 5383 1046 5418 se
1069 5361 1434 5438 conspirantes,
1454 5361 1696 5438 ἶᾷιῖίῖἶό

105 5419 286 5494 aliti-aet
310 5425 405 5494 hoc
425 5419 801 5493 optimasutotaa.
830 5444 966 5490 smpe
992 5419 1298 5494 magnopere
1314 5419 1696 5491 ‘diferuitiwa‘u‘t

109 5483 288 5554 verbis,
314 5493 404 5534 aut
425 5485 669 5554 orationis
695 5483 979 5554 structura,
1005 5483 1099 5544 aui
1119 5483 1277 5546 etiam
1315 5483 1691 5554 sentem—istisin

108 5543 288 5607 ordine,
313 5555 366 5596 ct
392 5549 542 5599 modo
566 5549 816 5602 narrandi.
965 5543 977 5554 ’
1047 5543 1062 5595 ἶ

1825 431 1879 486 in
1909 433 2122 489 animas
2148 432 2436 488 iracundas
2468 431 2730 487 immissa.
2759 431 2903 503 Ergo
2929 437 3149 493 suavior
3167 439 3253 488 cst
3273 450 3432 491 man—

1823 523 2056 578 snetudo
2083 524 2159 578 ira
2188 534 2244 579 et
2271 526 2596 580 temeritate.
2620 523 2808 595 Neque
2832 524 2935 581 hoc
2963 534 3195 596 tantum,
3217 531 3315 587 sed
3335 532 3441 588 hoc

1822 611 2072 670 diabolus
2095 657 2110 677 .
2159 615 2290 670 illud
2321 618 2463 671 Deus
2493 617 2770 686 pracepit.
2800 617 2996 676 Videte
3019 661 3036 687 ,
3068 638 3158 680 me
3183 639 3295 679 non
3322 628 3443 681 sine

1821 718 1986 758 causa
2013 705 2217 760 dixisse
2237 748 2252 770 ,
2293 708 2505 763 etiamsi
2549 724 2651 764 nec
2676 709 2926 766 diabolus
2955 728 3056 768 nec
3083 713 3226 770 Deus
3252 727 3399 772 esset
3424 759 3441 787 ,

1823 794 1940 851 hmc
1971 806 2149 852 tamen
2182 813 2448 870 pra'cepta
2477 791 2610 858 satis
2634 801 2752 858 fore
2771 805 2839 858 ad
2871 819 2972 860 nos
2998 807 3369 866 abducendos.

1892 887 1923 941 1
1929 891 2162 943 racundo
2190 892 2323 946 nihil
2344 894 2620 965 ingratius.
2641 926 2716 934 —
2733 895 2875 952 Mitis
2899 899 3044 953 enim
3072 899 3239 957 homo
3258 912 3313 959 et
3339 905 3443 959 sibi

1821 982 2004 1038 suavis
2033 990 2088 1037 et
2114 983 2238 1038 aliis
2262 985 2411 1039 utilis
2433 997 2552 1051 est;
2580 988 2873 1046 iracundus
2894 1008 3026 1047 vero
3050 1003 3106 1048 et
3129 995 3231 1052 sibi
3262 998 3448 1054 insua-

1821 1073 1924 1135 vis,
1957 1085 2012 1128 et
2037 1075 2158 1130 aliis
2183 1078 2403 1134 noxius.
2435 1078 2578 1134 Nihil
2608 1083 2754 1136 enim
2786 1082 3048 1155 ingratius
3078 1087 3302 1146 homine
3331 1092 3444 1146 ira-

1821 1165 2022 1233 cundo,
2057 1167 2193 1222 nihil
2220 1171 2530 1238 onerosius,
2560 1174 2865 1243 molestius,
2895 1180 3136 1250 turpius;
3167 1189 3225 1237 ut
3253 1199 3323 1239 eo
3352 1187 3444 1254 qui

1784 1257 1984 1324 _irasci
2031 1261 2246 1327 nescit,
2303 1264 2435 1319 nihil
2477 1265 2793 1336 jucundius.
2839 1270 2978 1328 Cum
3031 1274 3144 1330 fera
3197 1276 3446 1334 habitare

1820 1354 2015 1408 melius
2055 1364 2172 1421 cst,
2218 1373 2382 1427 quam
2410 1375 2535 1415 cum
2569 1363 2660 1419 tali
2691 1363 2934 1423 homine.
2985 1368 3125 1425 Fers
3169 1388 3406 1444 namque
3429 1419 3443 1441 ,

1819 1448 2039 1518 quando
2067 1454 2237 1507 semel
2279 1454 2583 1536 cicuratur,
2631 1473 2786 1514 suam
2833 1470 3018 1518 servat
3045 1465 3254 1536 legem;
3291 1467 3440 1523 illum

1819 1550 2003 1597 autem
2027 1545 2244 1612 quoties
2268 1532 2590 1617 placaveris,
2617 1552 2778 1607 toties
2799 1553 2994 1609 iterum
3017 1532 3305 1627 efforatur;
3338 1561 3442 1617 sibi

1819 1638 1967 1692 enim
1993 1638 2233 1694 habitum
2262 1641 2426 1697 talem
2450 1644 2620 1700 semel
2650 1649 2949 1705 constituit.
2975 1649 3127 1707 Sicut
3152 1655 3297 1709 enim
3324 1655 3444 1711 dies

1817 1744 2046 1786 serenus
2067 1739 2125 1787 et
2151 1732 2331 1800 laetus,
2364 1745 2418 1790 et
2442 1735 2618 1792 hiems
2637 1738 2930 1795 admodum
2955 1742 3146 1810 tristis,
3171 1749 3442 1812 contraria

1819 1829 1947 1875 sunt
1973 1838 1988 1875 :
2019 1822 2091 1876 ita
2119 1822 2364 1879 iracundi
2389 1834 2444 1880 et
2465 1829 2737 1884 mansueti
2758 1831 2975 1887 animae.
2998 1834 3066 1888 At
3091 1837 3331 1893 nondunt
3351 1854 3441 1905 ea,

1818 1928 1941 1981 que
1974 1914 2026 1968 in
2059 1915 2197 1969 alios
2227 1927 2452 1972 manant
2494 1919 2836 1978 incommoda
2857 1966 2873 1988 ,
2903 1925 2999 1980 sed
3031 1942 3152 1997 qua:
3178 1930 3279 1985 sibi
3313 1931 3443 2000 ipsis

1821 2002 2060 2059 inferunt
2101 2007 2402 2064 videamus.
2437 2012 2602 2081 Atqui
2656 2012 2761 2068 hoc
2793 2031 2902 2070 non
2930 2032 3158 2088 parvum
3209 2030 3296 2076 est
3341 2024 3444 2079 da—

1819 2112 2026 2161 mmnn,
2045 2099 2208 2154 alium
2226 2100 2430 2158 damno
2447 2102 2668 2160 afficere
2687 2124 2703 2160 :
2725 2123 2912 2164 verum
2936 2111 3153 2168 interim
3174 2115 3301 2171 illud
3313 2132 3447 2173 con.-

1817 2189 2146 2244 sidercmus.
2165 2192 2298 2259 Quis
2318 2195 2561 2251 carnifex
2584 2197 2666 2253 sic
2687 2199 2856 2254 latera
2879 2202 3183 2261 dilacerare
3206 2211 3445 2277 poterit?

1815 2297 1939 2350 qum
1970 2299 2132 2338 verna
2182 2285 2348 2356 ignita
2377 2289 2459 2344 sic
2484 2305 2686 2361 corpus
2727 2295 3084 2364 transfigere?
3127 2302 3249 2371 quis
3295 2304 3447 2361 furor

1819 2371 1891 2425 ita
1917 2388 1948 2427 a
1979 2388 2111 2428 sana
2140 2386 2324 2432 mente
2349 2381 2578 2444 excutit,
2607 2393 2664 2438 ut
2693 2384 2770 2439 ira
2799 2396 2852 2442 et
2874 2386 3067 2444 furor?
3092 2392 3290 2449 Multos
3315 2397 3442 2451 novi

1816 2465 1909 2534 qui
1938 2466 2008 2521 ab
2035 2467 2311 2524 iracundia
2347 2471 2398 2524 in
2432 2473 2655 2530 morbos
2683 2478 3030 2536 inciderunt:
3057 2482 3142 2537 ha:
3167 2497 3287 2539 sunt
3312 2502 3443 2558 gra-

1817 2559 2055 2614 vissima:
2086 2563 2332 2619 omnium
2363 2565 2561 2622 febres.
2596 2569 2753 2636 Quod
2793 2573 2839 2628 si
2877 2589 3079 2646 corpus
3119 2578 3192 2633 ita
3237 2580 3444 2637 labefa-

1815 2659 1987 2718 ctent,
2010 2653 2248 2709 animam
2270 2658 2470 2728 cogita.
2490 2659 2570 2714 Ne
2587 2665 2953 2733 ratiocineris,
2977 2671 3101 2740 quia
3124 2687 3233 2726 non
3255 2673 3443 2742 vides;

1815 2747 1912 2801 sed
1939 2749 2139 2817 cogita,
2170 2751 2316 2821 quod
2347 2753 2393 2806 si
2423 2753 2471 2808 is
2497 2754 2591 2824 qui
2619 2757 2886 2815 malitiam
2914 2765 3155 2834 concipit
3182 2769 3253 2822 ita
3286 2769 3443 2824 laedi-

1817 2850 1926 2899 tur.
1972 2841 2024 2894 id
2068 2844 2212 2912 quod
2257 2845 2352 2901 ille
2394 2847 2573 2918 pariet
2612 2862 2875 2921 quantuttt
2921 2855 3180 2913 damnum
3216 2860 3445 2918 afferet?

1815 2933 1968 2988 Multi
1999 2937 2189 2992 oculos
2214 2940 2570 3009 perdiderunt
2590 2986 2608 3007 ,
2645 2945 2802 3001 multi
2834 2949 2886 3001 iu
2914 2952 3274 3020 gravissimos
3306 2956 3445 3011 inci-

1816 3024 1950 3083 dere
1978 3029 2218 3084 morbos.
2250 3030 2357 3098 Qui
2381 3049 2512 3089 vero
2539 3036 2753 3093 fortiter
2782 3041 2975 3096 tolerat
2996 3085 3012 3105 ,
3060 3046 3241 3100 omnia
3286 3048 3445 3106 facile

1815 3115 1972 3172 feret.
2002 3120 2256 3176 Attamen
2285 3123 2412 3179 licet
2438 3134 2547 3180 tam
2574 3142 2806 3201 onerosa
2836 3134 3138 3206 prmeipiat,
3166 3146 3218 3191 et
3247 3137 3436 3196 horum

1815 3212 2126 3267 mercedem
2168 3216 2475 3283 gehennam
2520 3233 2826 3291 proponat,
2877 3226 3002 3283 licet
3053 3229 3146 3284 ille
3191 3230 3444 3288 diabolus

1815 3303 1908 3364 sit,
1935 3314 1992 3356 ct
2022 3305 2216 3360 salutis
2245 3317 2448 3364 ucstra:
2480 3297 2756 3379 inimicus,
2785 3323 2960 3388 magis
2987 3321 3062 3374 illi
3091 3322 3446 3392 obtempera-

1816 3410 1940 3451 mus
1963 3436 1980 3462 ,
2012 3413 2174 3468 quam
2205 3401 2429 3457 Christo
2457 3404 2734 3462 Servatori
2761 3451 2775 3470 .
2812 3410 3141 3469 benefactori
3168 3457 3185 3478 ,
3222 3427 3277 3472 et
3317 3419 3446 3473 talia

1815 3487 2041 3554 dicenti,
2071 3507 2194 3560 qum
2217 3501 2274 3548 et
2302 3497 2577 3564 suaviora,
2604 3508 2660 3553 ct
2685 3501 2901 3557 utiliora
2924 3515 3074 3572 sunt,
3101 3509 3368 3579 nobisque
3389 3522 3449 3566 et

1816 3581 2305 3640 contubernalibus
2354 3603 2550 3658 magna
2605 3591 2746 3646 bona
2798 3596 3107 3653 conferant.
3165 3601 3309 3656 Nihil
3365 3605 3445 3658 ira

1817 3673 1995 3742 pejus,
2013 3674 2231 3738 dilecte.
2252 3686 2308 3732 et
2328 3679 2712 3751 intempestivo
2731 3685 2914 3741 furore
2933 3706 2948 3742 :
2969 3705 3077 3744 non
3103 3692 3204 3746 fert
3228 3694 3443 3763 longam

1819 3781 2060 3833 moram;
2088 3779 2282 3825 acutus
2311 3780 2397 3827 est
2429 3775 2677 3832 morbus.
2697 3777 2855 3849 Sa-pe
2876 3783 2999 3851 quis
3025 3786 3249 3841 verbum
3275 3804 3339 3842 ex
3367 3791 3444 3843 ira

1821 3860 2050 3927 profert,
2079 3861 2222 3930 quod
2252 3874 2310 3916 ut
2338 3877 2575 3933 reparet,
2606 3877 2715 3923 tcta
2745 3873 2852 3927 vita
2876 3889 3013 3943 opus
3035 3875 3234 3942 habet;
3263 3890 3318 3934 et
3343 3881 3447 3935 ali-

1821 3951 1950 4021 quid
1979 3966 2260 4022 operatur,
2281 3958 2427 4026 quod
2451 3968 2617 4015 totant
2640 3963 2759 4033 ejus
2778 3966 2943 4021 vitam
2965 3970 3263 4028 subvertet.
3289 3975 3444 4042 Quod

1822 4053 2002 4098 autem
2032 4048 2414 4116 gravissimum
2442 4065 2525 4107 est
2545 4096 2562 4121 ,
2616 4055 2768 4110 brevi
2801 4066 3071 4129 tempore,
3106 4080 3215 4119 uno
3243 4082 3442 4134 opere,

1821 4153 1930 4190 uno
1957 4140 2123 4195 verbo
2147 4155 2293 4214 saepe
2317 4147 2542 4201 aeternis
2569 4148 2849 4217 privamur
2880 4153 3058 4221 bonis,
3093 4156 3440 4217 innumeros-

1820 4246 1927 4298 que
1956 4233 2112 4287 nobis
2142 4236 2383 4305 parimus
2410 4239 2649 4296 labores.
2679 4244 3234 4322 Qttamobrem,rogn,
3264 4258 3445 4312 «ninia

1821 4321 2102 4392 faciamus,
2136 4338 2195 4382 ut
2226 4329 2369 4386 hanc
2394 4330 2567 4389 feram
2599 4335 2902 4394 fronemus.
2927 4321 3200 4398 Czctcruin
3230 4347 3347 4402 ha-c
3378 4350 3448 4403 de

1819 4423 2236 4479 mansuetudine
2262 4425 2425 4481 et'ira
2455 4428 2597 4484 dicta
2629 4432 2759 4486 sint.
2793 4433 2850 4489 Si
2880 4435 3004 4506 quis
3033 4453 3166 4494 vero
3193 4441 3294 4495 alia
3323 4458 3442 4498 ser-

1821 4524 1984 4566 mone
2010 4521 2226 4580 tractet,
2251 4525 2312 4570 ttt
2340 4520 2621 4576 avaritiam
2643 4531 2698 4576 et
2719 4523 3036 4595 despectum
3064 4535 3441 4601 pecuniarum,

1823 4603 2099 4660 lasciviam
2130 4617 2185 4663 et
2208 4611 2537 4680 castitatem,
2567 4614 2828 4673 invidiam
2857 4629 2915 4674 et
2944 4625 3442 4694 mansuetudinem,

1822 4695 2022 4767 illaque
2047 4713 2236 4755 mutuo
2261 4703 2527 4773 conferat,
2560 4707 2668 4763 alia
2695 4724 2917 4780 quoque
2945 4713 3260 4772 discrimina
3287 4721 3446 4774 sciet.

1824 4788 2046 4845 Vidistis
2073 4834 2087 4853 ,
2135 4795 2411 4862 quomodo
2440 4813 2506 4851 ex
2541 4803 2831 4871 praeceptis
2858 4813 3067 4861 tantum
3115 4820 3180 4865 et.
3215 4811 3358 4867 Deus
3392 4826 3448 4869 et

1818 4881 2069 4938 diabolus
2117 4886 2595 4946 internoscantur?
2639 4893 3097 4966 Obtempcremus
3133 4917 3272 4974 ergo
3295 4904 3407 4960 Deo
3429 4947 3444 4968 ,

1821 4990 2000 5046 neque
2028 4994 2127 5032 nos
2156 4983 2208 5033 itt
2240 4980 2494 5038 barathra
2524 4986 2914 5056 conjiciatnus:
2944 4992 3044 5046 sed
3069 4992 3194 5048 dum
3229 5005 3449 5064 tempus

1820 5078 1922 5135 est,
1953 5072 2239 5128 ahlnamus
2266 5078 2448 5132 omnia
2473 5095 2596 5148 quze
2623 5081 2859 5136 animam
2889 5082 3120 5150 findant,
3154 5097 3213 5142 ut
3239 5099 3446 5145 mtrrna

1819 5178 2219 5234 consequamur
2244 5168 2383 5224 bona
2405 5211 2420 5231 .
2450 5174 2622 5242 gratia
2652 5184 2709 5228 et
2734 5175 3070 5246 benignitate
3099 5180 3312 5236 Domini
3347 5201 3452 5238 no-

1819 5257 1918 5311 stri
1946 5257 2073 5313 Jesa
2103 5260 2323 5328 Christi,
2352 5267 2568 5334 quicum
2593 5266 2743 5323 Patri
2766 5285 2980 5342 ttnaquc
3002 5273 3230 5343 Spiritui
3253 5289 3446 5332 saneto

1818 5349 2011 5420 gloria,
2033 5352 2340 5422 imperium,
2367 5357 2567 5430 honor,
2591 5375 2739 5418 nunc
2760 5371 2817 5420 et
2835 5377 3075 5436 semper,
3097 5376 3153 5423 et
3169 5368 3224 5423 in
3246 5371 3444 5427 secula

1819 5442 2164 5503 sa-culorum.
2209 5449 2402 5505 Amen.
