4054 6396
615 321 686 377 es
1274 311 1331 370 s.
1373 310 1652 369 JOANNIS
1691 307 2155 366 ettnrsosrout
2199 272 3090 364 Auct-ttae.'cons'r.\nrtnoe.
3824 315 3897 369 at

2339 460 3390 476 _~_—‘-_-.a

2003 539 2349 602 HOMILIA
2412 541 2550 603 VII.

594 689 728 758 CAP.
758 690 812 744 2.
841 706 888 742 v.
913 689 999 744 37.
1031 688 1125 743 llis
1145 699 1312 743 autem
1343 689 1548 749 auditis.
1567 687 1858 758 compuncti
1876 697 1993 741 sunt
2015 685 2186 748 corde,

668 794 715 836 et
743 781 974 838 dixerunt
997 781 1065 834 ad
1092 780 1296 835 Petrum
1322 791 1369 835 et
1394 781 1462 836 ad
1489 778 1708 849 reliquos
1727 777 1984 849 apostolos
2010 793 2027 830 .'
2054 777 2190 842 Quid

673 871 936 945 faciemus,
963 871 1055 926 viri
1077 873 1260 942 fratres
1279 872 1305 924 2

671 964 723 1018 1.
777 961 1113 1016 Mansuetudo
1137 972 1382 1052 qpantum
1411 962 1614 1016 bonum.
1635 989 1702 1000 --
1722 959 1905 1014 Viden?
1933 968 2188 1028 quantum

593 1055 664 1110 sit
689 1052 1038 1107 mansuetudo
1067 1052 1301 1107 bonum?
1335 1053 1460 1107 lla'c
1490 1053 1678 1123 magis,
1708 1067 1867 1120 quam
1900 1052 2186 1105 vehemen-

598 1147 669 1205 tia
704 1143 990 1214 quaelibet,
1018 1144 1180 1198 corda
1228 1155 1408 1199 noSIra
1454 1144 1784 1214 compungit,
1816 1153 1869 1197 et
1898 1144 2188 1196 acutiorem

597 1235 785 1306 inﬂigit
807 1235 1036 1306 plagam.
1060 1236 1206 1291 Sicut
1236 1236 1380 1292 enim
1413 1237 1500 1304 qui
1528 1235 1786 1290 obdurata
1816 1249 2038 1302 corpora
2069 1250 2189 1302 pcr-

593 1325 746 1389 cutit,
781 1341 888 1383 non
916 1335 1020 1381 tam
1053 1327 1227 1383 valide
1256 1342 1474 1382 sensum
1505 1325 1700 1390 afﬁcit;
1731 1325 1826 1380 sed
1855 1327 1896 1378 si
1930 1325 2015 1378 illa
2045 1325 2189 1392 prius

593 1420 854 1488 etnolliat,
891 1430 1014 1476 tunc
1044 1421 1219 1476 acrius
1262 1421 1445 1490 pungit
1472 1436 1484 1471 :
1516 1421 1583 1472 ita
1613 1427 1668 1472 et
1696 1418 1782 1474 hic
1807 1419 1954 1488 prius
1980 1425 2191 1486 oportet

595 1513 860 1580 emollire,
891 1523 945 1568 et
974 1523 1098 1568 tunc
1143 1529 1400 1583 pungere.
1454 1512 1672 1566 Enmllit
1701 1523 1878 1566 autem
1902 1553 1916 1575 ,
1950 1526 2054 1564 non
2088 1511 2186 1574 ira,

599 1621 704 1659 non
734 1604 1024 1660 vehemens
1075 1605 1344 1659 accusatio
1368 1646 1384 1670 ,
1415 1621 1518 1658 non
1547 1603 1843 1658 convicium
1871 1619 1884 1659 :
1917 1602 2009 1656 sed
2044 1617 2192 1655 man-

596 1697 824 1753 suetudo
864 1715 877 1751 :
920 1698 1070 1752 furor
1119 1699 1263 1752 enim
1312 1707 1470 1767 auget
1521 1698 1766 1751 morbum
1792 1737 1807 1762 _.
1842 1695 2192 1750 mansuetudo

595 1789 856 1846 eliminat.
913 1788 1094 1858 Itaque
1131 1790 1173 1842 si
1223 1790 1355 1844 velis
1384 1790 1710 1858 quempiam.
1753 1789 1841 1857 qui
1891 1796 1941 1841 te
1972 1786 2187 1850 Ia-serit,

596 1883 885 1953 corripere,
913 1883 1062 1936 illum
1086 1899 1205 1936 eum
1232 1880 1639 1936 mansuetudine
1667 1895 1852 1950 magna
1878 1878 2188 1948 aggredere.

605 1974 735 2030 Vide
775 1976 916 2030 enim
948 1974 1046 2030 hoc
1075 1974 1193 2028 loco
1234 1974 1361 2044 quid
1407 1972 1601 2028 faciat:
1627 1982 1904 2027 tnansucte
1933 1971 2036 2024 illis
2067 1970 2194 2024 faci—

601 2081 731 2130 nora
771 2081 865 2127 sua
910 2066 961 2125 in
1001 2075 1234 2121 mentem
1290 2074 1528 2130 revocat,
1572 2073 1627 2120 et
1673 2063 1804 2118 nihil
1852 2063 2065 2132 adjicit;
2101 2061 2194 2116 Dei

599 2158 797 2217 dotmm
852 2167 1104 2222 enarrat,
1155 2157 1301 2211 addit
1351 2157 1578 2226 gratiam
1609 2155 1660 2209 in
1701 2170 1878 2208 rerum
1925 2164 2192 2224 gestarum

596 2250 960 2312 testimonium
981 2291 996 2315 ,
1027 2259 1080 2305 ct
1107 2250 1330 2304 ulterius
1359 2262 1663 2302 sermonem
1695 2245 1958 2314 producit.
2020 2243 2192 2299 Reve-

595 2345 683 2400 riti
713 2355 832 2399 sunt
857 2343 999 2400 Petri
1025 2342 1509 2406 mansuetudinem,
1535 2339 1764 2414 quiaJis,
1790 2339 1878 2407 qui
1909 2338 2191 2391 Dominum

595 2453 749 2493 suum
781 2437 1175 2497 crucifixcrnnt,
1205 2445 1258 2489 t-t
1283 2444 1472 2489 contra
1503 2436 1647 2504 ipsos
1671 2433 1870 2486 eaedem
1898 2431 2191 2499 spirabant,

597 2529 750 2598 quasi
798 2538 949 2599 pater
995 2538 1046 2582 et
1091 2539 1343 2596 magister
1398 2526 1534 2581 bene
1576 2523 1798 2580 affectus
1859 2525 2192 2595 loquebatur.

599 2624 708 2682 Nec
755 2624 1067 2694 simpliciter
1097 2638 1297 2676 rnorem
1325 2631 1626 2688 gesserunt,
1669 2618 1760 2673 sed
1790 2619 1948 2673 etiam
1972 2633 2030 2673 se
2054 2619 2197 2686 ipsos

597 2719 920 2773 danmarunt
943 2733 959 2780 ;
984 2716 1034 2768 in
1056 2729 1273 2769 sensum
1303 2721 1564 2766 venerunt
1587 2726 1770 2765 eorum
1793 2727 1911 2780 qtae
1933 2710 2190 2764 fecerant.

594 2809 711 2864 Non
759 2809 904 2863 cnim
951 2807 1189 2875 permisit
1246 2805 1364 2859 illos
1415 2803 1594 2859 furore
1642 2802 1863 2871 corripi,
1909 2811 1962 2856 et
2017 2809 2194 2857 mente

591 2899 976 2963 obtcnehrari;
1013 2897 1107 2957 Sed
1155 2913 1249 2967 per
1279 2895 1655 2958 humilitatem,
1688 2895 1940 2961 dissipata
1965 2894 2192 2963 quadam

594 2991 975 3064 indignationis
1002 2991 1215 3054 nebula,
1240 2989 1317 3042 sic
1345 2989 1550 3042 facinus
1583 2985 1710 3040 illud
1738 2987 1865 3055 ipsis
1897 3001 2193 3053 reprmscu-

597 3089 746 3144 tavit.
790 3086 896 3140 llos
930 3085 1073 3139 enim
1102 3084 1180 3137 sic
1208 3081 1454 3136 usuvcnit
1486 3096 1500 3133 :
1529 3079 1745 3149 quando
1774 3077 2089 3147 quibusdam
2117 3078 2197 3132 di-

594 3159 764 3234 cimus
791 3191 887 3231 nos
917 3178 1072 3230 lassos
1109 3174 1295 3239 fuisse,
1335 3173 1409 3227 illi
1453 3181 1715 3227 conantur
1741 3170 2112 3225 demonstrare
2136 3185 2195 3225 se

595 3287 702 3326 non
737 3270 974 3332 lusisse;
1006 3283 1128 3321 cum
1155 3282 1282 3321 vero
1301 3265 1531 3320 dicinms
1555 3278 1654 3317 nos
1681 3278 1785 3317 non
1817 3263 1972 3317 lmsos
2003 3261 2190 3316 fuisse.

599 3361 696 3418 sed
720 3361 891 3433 potius
914 3359 1137 3424 IzesiSSe,
1173 3358 1245 3412 illi
1277 3367 1460 3412 contra
1498 3358 1756 3412 nituntur.
1784 3356 1964 3426 Itaque
1991 3358 2033 3410 si
2063 3357 2196 3411 velis

595 3468 739 3516 etim,
777 3452 866 3522 qui
897 3451 1090 3521 injuste
1121 3451 1250 3519 egit,
1284 3452 1334 3504 in
1367 3464 1594 3519 agonem
1616 3447 1906 3519 conjicere,
1937 3465 2003 3502 ne
2029 3463 2192 3502 accu-

596 3558 683 3598 ses
710 3543 892 3607 illum;
921 3542 1013 3596 sed
1041 3557 1139 3611 pro
1166 3542 1255 3595 illo
1282 3540 1496 3595 decet-ta
1515 3582 1527 3605 ,
1561 3554 1608 3594 et
1644 3541 1730 3594 ille
1750 3555 1873 3594 sese
1900 3540 2190 3594 accusabit.

596 3638 1000 3692 Contentiosmn
1029 3636 1171 3690 enim
1203 3643 1285 3690 est
1308 3651 1476 3704 genus
1506 3634 1801 3688 hominum.
1857 3633 1968 3687 Iloc
2004 3633 2195 3692 Petrus

599 3728 725 3792 fecit
751 3744 764 3781 :
797 3743 904 3781 non
931 3726 1051 3781 illos
1073 3725 1416 3780 vehementer
1435 3725 1725 3787 accusavit,
1749 3722 1843 3778 sed
1867 3733 2092 3776 conatus
2114 3730 2198 3775 est

599 3829 857 3890 quantum
910 3817 1260 3890 poteratillos
1288 3826 1568 3878 mansuete
1607 3814 1926 3877 defendere;
1969 3814 2194 3883 ideoque

599 3912 659 3966 ill
685 3927 815 3965 -rum
846 3911 1055 3964 animos
1088 3905 1420 3975 perstrinxit.
1476 3905 1542 3960 Et
1589 3904 1852 3959 undenam
1883 3905 2047 3972 liquet
2075 3905 2193 3959 illos

598 4012 947 4075 compunctus
993 4000 1196 4056 fuisse?
1246 3999 1322 4054 Ex
1367 4000 1603 4070 ipsorum
1647 3997 1842 4052 verbis.
1885 3995 2019 4063 Quid
2051 3997 2192 4051 ettim

598 4098 821 4152 dicunt?
864 4095 999 4160 Quid
1025 4094 1288 4163 faciemus,
1322 4093 1415 4146 viri
1441 4092 1668 4157 fratres?
1707 4090 1850 4158 Quos
1880 4089 2195 4158 deceptores

515 4211 522 4222 ·
601 4191 882 4251 vocabant,
917 4187 1106 4242 fratres
1155 4202 1295 4240 nunc
1335 4184 1641 4255 appellant;
1672 4199 1774 4238 non
1808 4182 1948 4253 quod
1981 4197 2038 4236 sc
2068 4182 2194 4249 ipsis

601 4294 966 4354 exaequarent,
996 4281 1090 4337 sed
1120 4279 1261 4352 quod
1291 4280 1409 4334 illos
1452 4278 1520 4332 ad
1546 4277 1629 4332 sui
1658 4293 1897 4332 amorem
1928 4286 1978 4329 et
2009 4291 2193 4328 curam

608 4377 1002 4450 pertraherent.
1056 4375 1124 4428 At
1153 4373 1407 4442 alioquin,
1441 4381 1718 4441 postquam
1755 4370 1873 4424 illos
1903 4369 1980 4423 sic
2007 4369 2187 4435 appel-

604 4470 714 4522 lare
746 4465 942 4536 dignati
977 4463 1206 4528 fuerant,
1241 4470 1295 4517 et
1319 4463 1584 4525 dixerant,
1615 4459 1752 4526 Quid
1778 4457 2057 4530 faciemus?
2086 4473 2190 4510 non

602 4562 781 4617 statim
818 4559 1070 4614 dixerunt
1098 4574 1113 4616 ;
1145 4556 1284 4624 Ergo
1316 4555 1683 4625 paenitentiam
1733 4568 1988 4624 agamus;
2019 4550 2111 4605 scd
2137 4565 2194 4604 se

605 4653 710 4707 illis
757 4652 1134 4721 permiserunt.
1186 4645 1650 4715 Quemadmodum
1691 4647 1808 4715 quis
1840 4645 1890 4698 in
1920 4643 2194 4711 naufragio

611 4742 694 4798 vel
722 4742 772 4794 in
796 4740 983 4799 morbo
1007 4740 1413 4808 gubernatorem
1440 4736 1520 4789 vel
1545 4735 1807 4790 medicum
1832 4734 2192 4803 conspiciens,

605 4831 784 4888 omnia
817 4830 893 4885 illi
917 4829 1163 4885 concedit
1198 4829 1404 4896 ipsique
1431 4827 1783 4896 obtemperat,
1814 4826 1880 4881 ita
1905 4834 1959 4881 et
1987 4826 2036 4878 hi
2066 4840 2194 4880 con-

607 4924 735 4979 tessi
759 4933 884 4978 sunt
905 4938 962 4978 sc
985 4923 1036 4976 in
1064 4921 1318 4976 extremis
1351 4919 1552 4987 positos
1602 4919 1797 4972 nullam
1830 4920 2015 4972 salutis
2043 4935 2192 4988 spem

610 5018 826 5071 habere.
878 5015 945 5068 Et
973 5012 1280 5084 perpende:
1313 5027 1417 5065 non
1447 5011 1714 5075 dixerunt,
1749 5011 2028 5077 Quomodo
2065 5013 2193 5065 salvi

608 5123 843 5173 erimus;
887 5119 1016 5168 seu,
1054 5105 1188 5171 Quid
1241 5104 1523 5174 faciemus?
1572 5103 1705 5169 Quid
1761 5103 1920 5172 igitur
1970 5101 2197 5155 Petrus?

609 5200 812 5262 [trusus
833 5199 919 5253 hic
945 5214 1064 5253 cum
1097 5209 1285 5252 omnes
1314 5198 1766 5267 interrogarentur
1792 5240 1803 5256 .
1837 5198 1948 5266 ipse
1980 5211 2199 5267 reSpon-

615 5290 725 5354 det,
751 5290 840 5344 38.
875 5287 1226 5342 Paenitentiam
1248 5288 1399 5358 agite,
1431 5288 1614 5341 dicens
1635 5329 1648 5352 ,
1673 5300 1717 5340 et
1741 5291 2019 5359 baptizetur
2046 5307 2198 5344 unas-

610 5383 820 5453 quisqae
843 5393 1052 5437 vestrum
1083 5384 1132 5436 in
1165 5383 1368 5435 nomine
1393 5380 1518 5435 Jesu
1549 5381 1752 5434 Christi.
1776 5383 2018 5437 Nondum
2046 5385 2195 5450 dicit,

609 5467 860 5538 Credite;
907 5479 1029 5539 sed,
1062 5475 1358 5543 Baptisetur
1406 5474 1748 5542 unusquisque
1794 5485 2028 5528 restrain.
2090 5478 2199 5530 Ilot‘:

611 5567 752 5620 enim
779 5567 829 5619 iu
856 5566 1171 5635 baptismate
1194 5565 1546 5625 accipiebant.
1573 5563 1770 5618 Deinde
1795 5565 1994 5618 illt'ftllll
2020 5578 2196 5620 osten-

611 5655 692 5708 dit
721 5673 734 5708 :
763 5653 829 5709 In
875 5655 1217 5709 remissionem
1252 5666 1566 5724 peccatorum
1594 5671 1612 5718 ;
1643 5667 1686 5709 et
1715 5655 1967 5723 accipietis
2012 5660 2197 5710 donum

621 5742 838 5818 Spiritus
858 5753 1014 5804 sancti
1067 5748 1121 5806 Si
1151 5749 1346 5806 donum
1374 5752 1643 5818 accepturi
1673 5753 1824 5814 estis.
1850 5752 1893 5807 si
1925 5754 2196 5809 remissio-

2300 699 2422 738 nem
2451 683 2606 739 habet
2639 684 2921 753 baptisma,
2954 701 3051 741 cur
3078 684 3442 738 cunctamini?
3477 688 3678 737 Deinuo
3705 680 3911 752 proba-

2297 777 2541 833 biliorem
2576 779 2802 834 reddens
2859 794 3164 834 sermonem
3190 819 3205 844 ,
3249 779 3568 848 subjnnxit:
3603 779 3694 833 59.
3746 775 3908 830 Vobis

2295 872 2430 925 enim
2458 882 2528 926 cst
2555 872 2898 942 repromissio.
2951 873 3096 926 Ilanc
3125 881 3177 925 et
3209 872 3314 932 hic,
3347 888 3506 940 quam
3539 872 3791 940 superius
3829 871 3910 921 di-

2297 973 2466 1016 xerat.
2499 963 2564 1015 Et
2591 964 2712 1031 ﬁliis
2735 965 2926 1027 vestris,
2958 964 3144 1033 inquit.
3173 962 3336 1034 Igitur
3358 964 3532 1030 majus
3559 972 3640 1016 est
3667 961 3902 1026 donum,

2297 1053 2513 1124 quando
2545 1055 2806 1109 bellorum
2839 1057 2997 1112 etiam
3027 1054 3269 1112 luct'edes
3301 1056 3518 1108 habent.
3554 1053 3617 1107 Et
3639 1056 3900 1124 omnibus,

2297 1143 2484 1213 inquit,
2509 1146 2596 1212 qui
2621 1148 2769 1215 longe
2806 1156 2945 1200 sunt.
2999 1135 3052 1202 Si
3088 1147 3151 1201 iis
3181 1147 3270 1217 qui
3304 1147 3483 1216 longe,
3519 1147 3690 1199 inulto
3730 1148 3906 1214 magis

2295 1235 2446 1288 vobis
2489 1237 2578 1304 qtti
2630 1253 2814 1306 prope.
2878 1239 3228 1307 Quoscumque
3279 1223 3597 1292 advocaverit
3647 1237 3908 1296 Bantinos

2295 1325 2435 1382 Deus
2469 1340 2655 1382 noster.
2709 1330 2839 1385 Vide
2883 1330 3097 1400 quando
3139 1330 3302 1396 dicat,
3335 1329 3407 1384 lis
3444 1332 3529 1400 qui
3569 1332 3905 1401 longe_snnt.

2295 1419 2519 1488 Quando
2570 1421 2700 1475 vidit
2742 1425 2857 1476 Illos
2896 1421 2994 1476 sibi
3032 1423 3276 1491 proprios
3303 1432 3358 1476 et
3382 1437 3501 1476 sese
3547 1423 3898 1486 datnnautcs.

2295 1511 2486 1565 Anima
2518 1513 2658 1566 enim
2701 1513 2912 1583 quando
2942 1515 3171 1584 scipsam
3218 1513 3590 1578 damnaverit,
3625 1529 3730 1567 non
3763 1516 3904 1567 ultra

2297 1605 2494 1672 poterit
2542 1603 2800 1658 invidere.
2832 1606 2916 1660 60.
2967 1607 3093 1658 Aliis
3118 1606 3267 1658 etiam
3293 1606 3451 1659 verbis
3481 1606 3716 1674 plurimis
3753 1608 3905 1659 testi-

2297 1699 2481 1764 ﬁcatus
2509 1710 2602 1763 est,
2629 1708 2672 1751 et
2704 1699 3084 1762 exhortabatur,
3113 1699 3306 1751 dicens.
3367 1699 3494 1752 Vide
3527 1699 3670 1752 illum
3701 1698 3906 1766 ubiun

2298 1790 2530 1843 breviter
2557 1792 2884 1859 loquentem,
2917 1809 3020 1845 non
3065 1793 3433 1854 ambitiosum,
3470 1807 3574 1845 non
3605 1802 3907 1846 tuteutute-

2297 1895 2431 1934 rem.
2486 1879 2807 1948 Testiﬁcatas
2833 1893 2926 1946 est,
2961 1883 3150 1951 inquit,
3195 1893 3241 1936 et
3284 1883 3663 1943 exhortabatur.
3697 1884 3902 1938 dicens.

2297 1970 2424 2025 ιιι-(ι
2455 1972 2684 2040 perfecta
2716 1972 2959 2027 doetrina
3007 1985 3108 2041 est,
3141 1990 3259 2045 quae
3293 1975 3416 2028 hinc
3463 1977 3730 2036 timorem,
3777 1977 3910 2031 uale

2299 2077 2536 2117 amorem
2571 2063 2749 2117 habet.
2798 2065 3083 2119 Saluamim
3127 2083 3161 2125 a_
3202 2067 3525 2137 generatione
3566 2069 3661 2121 ista
3713 2083 3907 2134 praua.

2298 2152 2437 2207 Nihil
2483 2154 2552 2208 de
2588 2154 2802 2220 futuris,
2852 2156 2944 2209 scd
2993 2157 3062 2214 de
3111 2158 3466 2227 prmsenlibus
3508 2158 3655 2222 dicit,
3707 2163 3911 2230 quibus

2299 2248 2537 2301 inaxime
2569 2257 2851 2302 mutentur
2877 2249 3122 2304 homines
3153 2270 3165 2304 :
3195 2251 3539 2321 ostenditque
3566 2253 3845 2319 pra-dicati
3873 2275 3911 2295 --

2299 2355 2419 2401 mm
2452 2350 2506 2394 et
2543 2357 2571 2394 a
2622 2343 2978 2410 praisentibus
3006 2353 3060 2397 et
3087 2360 3115 2395 a
3158 2344 3350 2397 futuris
3379 2360 3568 2398 eruere
3604 2347 3778 2398 malis.
3817 2347 3905 2400 st.

2302 2432 2403 2498 Qui
2430 2450 2548 2503 ergo
2581 2433 2786 2489 libenter
2827 2444 3124 2506 acceperunt
3161 2451 3443 2489 sermonem
3478 2439 3609 2507 ejus,
3660 2439 3912 2507 baptismi

2301 2535 2415 2575 sunt
2450 2536 2540 2578 :et
2570 2527 2819 2593 ηρροδὶω
2853 2537 2969 2579 sunt
3011 2527 3061 2587 in
3097 2528 3180 2580 die
3207 2528 3299 2580 illa
3330 2531 3516 2582 auium:
3563 2531 3766 2583 circiter
3805 2533 3910 2591 tria

2302 2617 2482 2670 millia.
2510 2621 2677 2683 Quam
2719 2633 2871 2686 puzas
2914 2618 3033 2680 hoc.
3067 2620 3236 2689 magis
3260 2636 3417 2689 quam
3447 2623 3655 2691 signum
3685 2634 3911 2691 aposto-

2302 2709 2383 2762 los
2428 2711 2736 2764 recreasse"
2767 2711 2856 2765 42.
2909 2710 3069 2764 Erant
3099 2723 3270 2765 autem
3318 2725 3686 2782 perseverantes
3714 2718 3907 2769 unani-

2300 2802 2444 2853 miter
2475 2803 2524 2855 in
2553 2804 2782 2856 doctrina
2808 2806 3177 2874 apestolorum,
3203 2817 3248 2858 et
3269 2807 3746 2865 communicatione.
3777 2808 3910 2863 Duae

2300 2894 2544 2957 virtutes,
2577 2897 2796 2965 etquod
2831 2908 3264 2966 ρυνδυνονςιωιιι,
3298 2909 3350 2950 cl
3379 2899 3519 2968 quod
3555 2899 3908 2958 unanimiter.

2303 2985 2413 3040 lloc
2439 2998 2616 3041 autem
2637 2989 2786 3052 dixit,
2817 2999 2874 3042 ut
2896 2989 3086 3043 os:eml
3108 2999 3147 3043 tl.
3168 2990 3306 3060 quod
3334 2990 3490 3059 longo
3517 3001 3759 3061 tempore
3783 2992 3911 3047 illos

2300 3079 2598 3134 docuerint.
2651 3080 2716 3133 Et
2745 3083 3200 3135 communicatione
3222 3122 3237 3148 ,
3272 3093 3318 3136 ct
3348 3084 3595 3153 fractione
3642 3086 3825 3152 panis,
3862 3096 3909 3139 et

2300 3175 2546 3228 oratione.
2597 3173 2789 3228 Omnia
2833 3178 3225 3240 communiter,
3259 3179 3437 3231 omnia
3469 3193 3589 3231 cum
3644 3194 3913 3248 pet=seve-.

2299 3267 2466 3320 rantia
2502 3264 2531 3318 fa
2553 3274 2764 3328 cerunt,
2816 3268 3004 3337 inquit.
3031 3268 3099 3322 45
3156 3267 3333 3320 Fiebat
3365 3279 3527 3322 autem
3557 3271 3694 3322 omni
3714 3271 3913 3328 apinae

2301 3353 2683 3430 [credentium]
2725 3359 2894 3412 timor.
2955 3358 3121 3412 Multa
3170 3375 3367 3428 quoque
3421 3361 3652 3431 prodigia
3683 3371 3728 3414 et
3757 3363 3911 3432 signa

2302 3464 2388 3515 per
2408 3450 2662 3515 apostolos
2691 3451 2896 3518 ﬁebant.
2933 3451 3143 3505 Merito.
3186 3451 3370 3520 Neque
3396 3454 3538 3508 enini
3571 3464 3627 3507 ut
3653 3455 3910 3525 volgares

2303 3539 2543 3594 homines
2593 3543 2982 3608 ticSpit'it'ltuttl,
3045 3559 3216 3612 mque
3273 3545 3432 3598 rebus
3481 3546 3580 3600 sub
3619 3558 3907 3615 aspectum

2299 3631 2610 3686 cadentibus
2657 3631 3006 3686 attendebant
3032 3675 3044 3696 ,
3079 3634 3174 3689 sed
3224 3634 3439 3688 incetha
3481 3647 3596 3688 erat
3627 3652 3784 3694 mens
3811 3653 3907 3694 eo-

2301 3738 2437 3777 rum.
2472 3723 2604 3791 Quia
2633 3745 2644 3772 ι
2668 3724 2776 3776 nim
2811 3725 2970 3776 multa
2995 3725 3242 3792 superius
3271 3724 3424 3780 verba
3451 3724 3656 3780 fuderat
3688 3727 3900 3796 l‘etrus,

2299 3816 2716 3884 ostenderatqne
2745 3827 2797 3870 et
2830 3817 3086 3883 [ll'OllliSa'il
3118 3828 3170 3871 et
3195 3817 3387 3881 futura,
3422 3817 3542 3888 jure
3591 3832 3736 3875 metu
3779 3838 3904 3883 cor-

2299 3907 2432 3974 repti
2483 3917 2656 3970 erant,
2697 3918 2750 3960 ct
2797 3908 2945 3976 signa
2993 3907 3150 3962 dictis
3199 3911 3568 3965 testimonium
3623 3911 3898 3973 ferebant.

2298 3998 2443 4051 Sicut
2467 3998 2623 4067 igitur
2649 3997 2698 4049 in
2725 3996 2939 4051 Christo
2964 4000 3191 4067 primum
3223 4001 3392 4067 signa,
3421 4013 3599 4070 postea
3628 4002 3900 4071 doctrina,

2299 4089 2492 4143 deinde
2531 4090 2783 4142 nrracula
2816 4107 2828 4142 :
2864 4091 2933 4142 ita
2959 4099 3011 4144 et
3037 4106 3196 4143 mine.
3248 4093 3336 4145 44.
3373 4093 3556 4148 ()mn.s
3595 4105 3766 4149 autem
3814 4100 3906 4167 qui

2299 4184 2582 4245 credebant,
2620 4194 2761 4234 erant
2793 4184 2999 4249 pariter,
3030 4195 3076 4236 et
3108 4186 3354 4238 habebant
3381 4188 3549 4238 omnia
3585 4195 3901 4245 communia.

2301 4273 2454 4338 Vide,
2487 4285 2715 4343 quantus
2742 4276 2918 4328 statim
2951 4274 3246 4352 profectus.
3292 4276 3408 4334 Non
3440 4280 3582 4336 enim
3613 4282 3663 4333 in
3694 4286 3903 4340 oratio-

2303 4368 2456 4420 nibus
2508 4377 2712 4429 tantum
2745 4379 2862 4426 erat
2893 4370 3330 4436 communicatio,
3365 4387 3540 4440 neque
3570 4374 3620 4426 in
3654 4372 3903 4438 doctrina

2301 4462 2493 4524 solmn,
2525 4461 2616 4516 sed
2645 4463 2806 4516 etiam
2843 4464 2894 4516 in
2931 4467 3053 4517 vitm
3089 4464 3373 4533 probitate.
3403 4465 3493 4520 45.
3546 4465 3904 4525 Posscssioncs

2299 4567 2345 4608 et
2373 4556 2676 4609 substantias
2702 4557 2979 4610 vendebant
3006 4599 3019 4621 ,
3050 4568 3095 4609 et
3137 4557 3420 4611 dividebant
3462 4560 3577 4614 illas
3622 4563 3858 4617 omnibus
3886 4607 3900 4629 ,

2303 4658 2453 4714 prout
2502 4649 2680 4716 cuique
2730 4667 2856 4718 opus
2906 4660 3031 4702 erat.
3087 4649 3257 4714 Vide,
3300 4661 3528 4720 quantus
3583 4653 3746 4708 timor
3799 4657 3904 4712 illis

2270 4750 2276 4753 ·
2303 4741 2512 4794 accidit.
2571 4741 2635 4792 Iit
2667 4741 2951 4794 dividebant
2979 4757 3083 4795 eus.
3137 4742 3270 4807 lloc,
3305 4743 3503 4813 inquit,
3536 4744 3904 4815 dispensatiod

2303 4851 2424 4888 nem
2454 4834 2777 4903 significans.
2826 4832 2984 4886 Prout
3009 4835 3188 4904 cuique
3218 4852 3341 4904 Opas
3372 4847 3497 4890 erat.
3521 4836 3635 4892 Non
3663 4837 3862 4894 frustra
3887 4884 3903 4907 ,

2304 4925 2752 4993 tptetnadmodnm
2782 4925 2921 4994 apud
2950 4925 3169 4992 Graecos
3197 4928 3500 4996 pltﬂosophi
3523 4971 3534 4988 .
3567 4931 3656 4990 alii
3702 4942 3903 4990 terram

2306 5016 2698 5084 relinquebant,
2730 5016 2818 5068 alii
2854 5017 3075 5070 tuultmn
3108 5020 3222 5072 auri
3256 5020 3308 5072 in
3336 5035 3484 5074 mare
3513 5021 3902 5089 projiciehant;

2303 5107 2441 5175 quod
2473 5123 2576 5159 non
2606 5107 2952 5175 pecuniarum
3007 5119 3349 5179 contemptus
3377 5122 3516 5177 erat,
3546 5113 3639 5166 sed
3668 5116 3901 5172 stultitia

2305 5209 2359 5253 et
2404 5200 2726 5268 insipientia.
2780 5203 3003 5270 Semper
3043 5205 3185 5257 enim
3234 5203 3438 5257 studuit
3485 5206 3756 5274 diabolus,
3811 5211 3901 5266 Dei

2305 5301 2578 5344 Ctealttras
2619 5292 2812 5360 ubique
2855 5292 3198 5359 calumniari,
3245 5297 3396 5364 quasi
3427 5312 3529 5351 non
3558 5309 3740 5368 pOSSet
3781 5305 3904 5375 quis

2307 5383 2440 5437 bene.
2485 5386 2556 5437 uti
2604 5385 2861 5451 pecuniis.
2913 5387 3000 5441 46.
3053 5386 3290 5454 Quotidie
3330 5406 3528 5459 quoque
3568 5410 3901 5462 perseveran-

2307 5489 2375 5529 tes
2421 5478 2723 5530 mumimiter
2767 5479 2816 5529 in
2873 5483 3078 5549 templo.
3149 5479 3243 5533 llic
3291 5481 3506 5535 modum
3554 5482 3748 5553 docet,
3799 5503 3905 5554 quo

2307 5572 2545 5623 dot-trina
2606 5571 2936 5626 fruebantur.

2466 5663 2525 5713 lit
2556 5663 2822 5731 perpende
2851 5705 2862 5726 ,
2893 5665 3160 5733 quomodo
3205 5667 3332 5720 nihil
3375 5666 3513 5721 aliud
3547 5664 3784 5723 facerent
3816 5679 3905 5731 ,ιη-

2310 5762 2430 5823 dati,
2475 5774 2568 5812 nec
2605 5775 2842 5828 parvum,
2879 5777 2974 5816 nec
3007 5775 3276 5830 maguum,
3319 5762 3411 5818 sed
3456 5762 3502 5816 in
3537 5764 3737 5818 temolo
3765 5768 3901 5819 assi-
