4054 6400
113 360 193 416 65
1133 355 1201 412 IN
1237 356 1419 412 ACTA
1458 353 1727 411 APOSTO

1836 352 1990 408 ΗΜ.
2007 353 2239 411 ειωιιι..
2286 352 2395 410 VII.
3388 349 3460 407 63

113 475 217 528 dui
236 481 448 530 essent.
467 472 602 530 Nam
623 480 808 544 utpote
827 469 1186 528 ferventioris
1206 470 1354 534 facti,
1377 470 1586 540 majore
1605 484 1733 540 erga

110 566 306 624 locum
329 575 490 621 erant
515 563 842 622 reverentia.
866 561 1056 634 Neque
1074 563 1220 620 enim
1240 562 1363 617 illos
1384 561 1562 615 adhuc
1583 561 1735 615 avel-

111 659 308 717 lebant
381 658 635 728 apostoli,
684 672 754 712 ne
795 655 943 729 ipsus
986 656 1268 713 laederent.
1323 655 1393 710 Et
1445 660 1737 727 frangentes

107 751 260 804 circa
287 750 474 804 dontos
498 764 704 818 panem,
729 747 992 804 sumebant
1037 747 1202 804 cime
1242 763 1358 801 cum
1404 746 1738 801 multatione

106 851 164 894 et
214 840 556 909 simplicitate
611 841 783 896 cordis
814 879 834 905 ,
879 840 972 896 b7.
1020 838 1382 896 collaudantes
1435 836 1600 890 Deam
1622 877 1640 902 ,
1685 844 1735 891 et

105 932 368 988 habentes
423 933 645 1002 gratiam
701 930 772 984 ad
823 946 1026 985 omnem
1075 931 1293 1002 plebem.
1345 928 1484 983 Cum
1542 942 1736 997 partem

105 1023 278 1087 dicit,
301 1022 572 1093 jejunium
597 1022 733 1077 mihi
751 1031 808 1077 et
826 1030 1099 1079 austeram
1126 1021 1292 1077 vitam
1314 1018 1627 1090 signiﬁcare
1645 1018 1733 1073 vi-

103 1114 285 1171 detur
301 1129 320 1167 :
345 1115 472 1170 cibo
495 1115 666 1182 enim,
694 1129 801 1170 non
823 1113 1037 1170 deliciis
1067 1112 1375 1170 utebamur.
1406 1105 1545 1168 Hine
1563 1111 1732 1178 disce,

103 1205 346 1272 dilecte,
378 1220 486 1259 non
516 1205 754 1272 deliciis,
776 1205 872 1259 sed
897 1205 1020 1259 cibo
1039 1218 1138 1258 nos
1155 1203 1392 1257 suaviter
1408 1201 1546 1267 frui;
1571 1211 1738 1258 eteos

103 1296 206 1364 qui
237 1295 456 1350 deliciis
495 1295 766 1358 fruuntur,
800 1295 853 1348 in
897 1293 1114 1349 tristitia
1151 1308 1306 1358 esse;
1351 1292 1440 1362 qui
1470 1307 1600 1347 vero
1626 1306 1734 1346 non

104 1388 410 1451 fruuntur,
463 1388 517 1442 in
560 1387 780 1458 gaudio.
827 1387 1020 1443 Viden’
1068 1385 1215 1444 Petri
1253 1399 1567 1452 sermones,
1609 1385 1737 1440 vita:

111 1485 541 1550 temperantiam
598 1479 895 1535 intulisse?
938 1479 1032 1534 Sic
1078 1495 1188 1540 non
1232 1486 1410 1548 potest
1447 1477 1736 1533 exsultatio

106 1585 242 1626 esse
283 1570 406 1626 sine
447 1571 813 1642 simplicitate.
856 1570 924 1625 Et
961 1571 1257 1642 quomodo,
1290 1571 1519 1642 inquies,
1563 1569 1736 1626 Habe-

106 1663 241 1716 bant
279 1663 502 1734 gratiam
527 1666 601 1718 ad
633 1664 829 1719 omnem
858 1664 1053 1733 plebent
1070 1666 1097 1719 .’
1132 1665 1361 1735 Pr0pter
1388 1681 1476 1732 ea,
1504 1682 1626 1736 qua:
1653 1665 1734 1722 fa-

103 1754 338 1814 ciebant
376 1771 474 1825 per
516 1756 915 1828 eleemosynam
975 1755 1058 1812 Ne
1100 1757 1244 1812 cnim
1283 1756 1550 1823 attendas,
1589 1755 1736 1828 quod

106 1846 397 1916 principes
432 1847 774 1908 sacerdotum
803 1847 876 1904 ob
915 1847 1170 1903 invidiam
1199 1855 1257 1906 et
1293 1849 1518 1904 livorem
1557 1848 1736 1903 insur-

103 1948 311 2006 gerent
338 1939 393 1992 in
421 1938 564 2004 illos,
586 1938 684 1994 sed
708 1939 852 2010 quod
874 1940 1101 2011 gratiam
1125 1940 1390 1996 baberent
1404 1940 1473 1998 ad
1497 1940 1730 2010 plebem.

109 2028 379 2084 Dominus
405 2040 575 2084 autent
613 2031 830 2102 angebat
868 2031 1095 2102 quotidie
1118 2047 1207 2086 eos
1224 2074 1241 2096 ,
1278 2035 1368 2102 qui
1395 2032 1527 2086 salvi
1551 2033 1735 2100 ﬁerent

104 2123 164 2174 in
205 2118 470 2180 Ecclesia.
515 2120 707 2176 Omnes
743 2132 916 2176 autent
953 2123 1211 2177 credenta
1249 2123 1406 2176 simul
1439 2133 1609 2178 erant.
1639 2123 1733 2179 Sic

107 2211 322 2281 ubique
347 2211 490 2267 bona
515 2220 601 2267 est
625 2213 936 2268 concordia.
968 2212 1200 2284 Aliisqtte
1228 2215 1544 2269 sermonibus
1586 2219 1732 2270 testi-

105 2304 304 2371 ﬁcatus
328 2311 424 2358 est.
464 2303 580 2360 Hoc
598 2303 735 2366 dixit
761 2305 1081 2372 ostendens,
1111 2324 1216 2361 non
1240 2308 1375 2367 satis
1402 2308 1568 2364 fuisse
1596 2310 1685 2364 illa
1709 2351 1728 2377 ,

107 2411 240 2466 qua
267 2397 414 2452 dicta
441 2396 656 2453 fuerant
683 2415 698 2452 :
730 2398 815 2454 vel
847 2400 933 2453 illa
969 2399 1188 2469 quidem
1214 2401 1460 2466 dixerat,
1493 2411 1552 2456 ut
1573 2402 1642 2457 ad
1667 2402 1732 2457 li-

105 2488 239 2542 dem
276 2487 592 2555 induceret;
620 2488 736 2546 bate
762 2505 894 2546 vero
909 2491 1198 2559 docebant,
1220 2493 1434 2562 qualem
1456 2503 1734 2564 oporteret

106 2595 240 2636 esse
286 2581 526 2637 fidelem.
573 2581 688 2639 Nec
727 2583 886 2649 dixit,
940 2585 997 2638 In
1041 2599 1242 2650 cruce;
1275 2587 1389 2650 sed,
1424 2586 1495 2641 In
1526 2590 1733 2644 nomine

106 2671 248 2725 Iesu
297 2670 492 2726 Christi
537 2673 820 2742 boptisetar
865 2677 1210 2746 unusquisque
1251 2687 1493 2730 vestrum.
1547 2677 1731 2749 Neque

103 2765 434 2833 frequenter
465 2762 574 2819 illis
595 2779 814 2820 crucem
841 2775 1271 2831 commemorat,
1307 2782 1376 2822 ne
1399 2769 1730 2838 exprobrare

105 2854 402 2920 videatur;
434 2855 533 2910 sed
559 2856 878 2926 simpliciter
901 2856 1032 2911 dicit
1060 2877 1075 2913 :
1110 2856 1472 2913 Paenitentiam
1501 2861 1656 2931 agite,
1681 2869 1730 2914 et

104 2945 400 3014 baptizatur
426 2947 772 3019 unusquisque
797 2947 850 3000 in
875 2948 1080 3001 nomine
1100 2946 1228 3001 Iesu
1255 2947 1443 3003 Christi
1471 2950 1525 3004 in
1545 2953 1729 3006 remis.-

102 3037 312 3091 sionem
348 3047 696 3106 peccatorum.
743 3038 908 3107 Atqui
948 3038 1112 3096 aliter
1138 3039 1226 3094 hic
1255 3054 1316 3094 se
1344 3040 1546 3096 habent
1578 3041 1726 3111 judi-

103 3131 325 3188 ciorum
373 3132 569 3202 leges:
602 3146 726 3187 nam
775 3131 830 3186 itt
876 3132 1262 3202 prasdicatione
1304 3148 1428 3188 cum
1471 3145 1730 3206 peccator

102 3221 439 3289 conﬁtetur,
483 3233 614 3278 tunc
653 3233 922 3278 servatur.
960 3223 1113 3289 Vide,
1152 3225 1426 3299 quomodo
1454 3226 1645 3284 Petrus
1673 3227 1728 3280 id

102 3315 255 3385 quod
299 3316 478 3385 majus
512 3325 599 3371 est
631 3332 738 3371 non
770 3318 1128 3386 prtetcrierit;
1165 3319 1261 3373 sed
1301 3335 1426 3373 cunt
1455 3318 1525 3385 de
1552 3321 1724 3391 gratia

104 3407 380 3474 dixisset,
411 3407 540 3462 illud
579 3409 940 3477 subjunxerit,
969 3410 1158 3464 dicens
1187 3430 1201 3466 :
1231 3411 1504 3482 Accipietis
1533 3411 1728 3466 donum

103 3498 345 3564 Spiritus
371 3501 556 3555 sancti.
588 3495 724 3557 Fide
761 3501 955 3572 dignus
1001 3517 1185 3556 sermo
1222 3513 1339 3558 erat
1376 3519 1444 3558 ex
1475 3504 1575 3568 iis,
1605 3519 1726 3573 qua:

96 3591 216 3664 jam
247 3600 594 3660 acceperant.
620 3592 839 3647 Interim
861 3595 1005 3648 enim
1037 3595 1088 3649 id
1120 3595 1264 3665 quod
1286 3595 1444 3652 facile
1468 3597 1723 3663 estdicit,

100 3693 162 3738 et
187 3681 336 3751 quod
363 3698 621 3752 maguum
649 3684 812 3738 habet
846 3684 1072 3752 donum,
1095 3696 1150 3739 et
1177 3695 1304 3741 tunc
1333 3686 1400 3740 ad
1430 3688 1592 3740 vitam
1622 3687 1726 3742 du~

101 3772 214 3836 cit;
254 3787 479 3843 gnarus,
525 3775 868 3830 occasionem
913 3775 1044 3845 ipsis
1082 3777 1305 3844 majoris
1349 3778 1514 3831 studii
1561 3778 1721 3846 fore,

101 3863 252 3932 quod
286 3872 434 3917 tanta
458 3863 574 3934 jam
609 3865 752 3920 bona
781 3866 1178 3938 degustasscnt.
1211 3868 1344 3933 Quia
1376 3884 1506 3924 vero
1529 3871 1723 3940 cupie-

95 3940 204 4008 bat
227 3953 449 4008 auditor
472 3957 687 4012 discere
714 3957 766 4012 id
787 3999 802 4022 ,
833 3958 976 4028 quod
1004 3959 1239 4028 plurium
1269 3960 1484 4016 illorutn
1514 3977 1726 4018 sermo-

104 4063 238 4100 num
297 4057 462 4118 caput
515 4057 683 4113 esset,
747 4049 876 4104 illud
933 4065 1150 4122 quoque
1206 4051 1375 4118 addit,
1431 4054 1724 4122 ostendens

102 4139 315 4195 donum
364 4154 490 4196 esse
542 4139 777 4211 Spiritus
823 4144 1019 4198 sancti.
1066 4143 1146 4198 llli
1187 4144 1368 4214 itaque
1410 4161 1722 4206 sermonem

102 4230 466 4299 accipientes,
494 4231 640 4296 dicta
665 4233 1022 4290 laudaveram
1041 4277 1058 4301 ,
1099 4237 1202 4290 etsi
1229 4247 1432 4291 metum
1467 4254 1720 4310 magnum

105 4321 448 4387 incuterent,
479 4334 535 4380 et
563 4326 630 4380 iis
653 4327 898 4393 assensi,
929 4336 1058 4384 tunc
1087 4328 1154 4382 ad
1184 4329 1449 4399 baptisma
1477 4333 1720 4390 veniunt.

104 4415 214 4468 Sed
243 4431 367 4483 qua:
395 4416 535 4470 dicta
563 4425 710 4484 sunt,
740 4428 1069 4488 repetamus.
1097 4420 1284 4488 Erant,
1314 4422 1508 4492 inquit,
1540 4442 1718 4496 perse-

102 4518 339 4568 eerantes
363 4509 417 4561 in
443 4508 695 4564 doctrina.
732 4511 871 4568 Hinc
900 4514 1076 4585 palam
1104 4525 1188 4568 est
1217 4530 1315 4570 eos
1339 4533 1446 4570 non
1478 4534 1608 4584 uno,
1632 4521 1720 4575 vel

103 4598 320 4652 duobus
352 4600 439 4655 vel
472 4599 643 4656 tribus
670 4603 894 4668 diebus,
927 4606 1024 4659 sed
1051 4606 1234 4661 multis
1257 4607 1478 4662 eductos
1511 4608 1680 4665 fuisse
1701 4653 1719 4677 ,

105 4697 297 4758 utpote
323 4690 414 4758 qui
446 4691 608 4746 vitam
637 4696 986 4750 mutaverint.
1020 4695 1204 4751 Fiebat
1233 4713 1404 4753 autem
1430 4703 1573 4754 omni
1601 4704 1722 4756 ani—

105 4797 207 4834 suc
233 4783 410 4835 timor.
451 4781 510 4838 Si
555 4782 740 4852 Omni,
766 4787 930 4842 etiam
963 4789 1028 4842 iis
1048 4831 1063 4854 ,
1094 4791 1184 4860 qui
1217 4807 1324 4846 non
1353 4793 1718 4852 crediderant.

106 4871 418 4930 Verisimile
458 4884 639 4931 autem
669 4887 755 4934 est
782 4879 908 4934 illos
951 4881 1033 4936 sic
1075 4881 1300 4946 adfectos
1330 4884 1531 4953 fuisse,
1574 4890 1721 4959 quod

109 4975 316 5020 tantam
359 4967 606 5025 viderent
641 4973 993 5029 mutationem
1027 4993 1041 5030 :
1070 4973 1212 5030 forte
1235 4979 1401 5032 etiam
1432 4995 1501 5035 ex
1528 4983 1719 5053 signis.

105 5057 217 5112 Nec
243 5058 410 5125 dixit,
437 5061 641 5128 Simul;
670 5065 790 5133 sed,
826 5064 1148 5122 Unanimiter
1175 5085 1196 5124 :
1219 5070 1342 5140 quia
1376 5071 1490 5128 ﬁeri
1521 5086 1718 5144 potest,

108 5160 165 5203 ut
210 5151 431 5221 quidam
471 5155 631 5210 simul
669 5157 812 5223 sittt,
857 5175 959 5215 nec
998 5171 1178 5217 tamen
1223 5167 1583 5233 unanimiter,
1624 5171 1720 5225 sed

109 5245 377 5298 sententia
394 5244 740 5304 dissidentes.
763 5249 1118 5308 Sermot‘libus
1141 5269 1355 5325 quoque
1381 5257 1718 5316 hortabatur.

106 5332 296 5404 Neque
321 5333 412 5391 hic
436 5335 738 5393 doctrinam
767 5341 930 5403 dicit,
964 5345 1290 5413 compendio
1311 5346 1558 5417 loquens.
1585 5351 1720 5408 llittc

107 5423 236 5479 licet
285 5424 518 5494 discere,
569 5433 845 5500 apostolos
888 5433 1018 5504 ipsis
1071 5437 1223 5506 quasi
1276 5441 1510 5507 puerulis
1541 5443 1720 5500 cibum

108 5518 443 5586 spiritualem
466 5522 714 5591 dedisse,
750 5529 841 5598 qui
879 5539 937 5583 ut
960 5533 1134 5601 angeli
1169 5535 1350 5588 statim
1375 5534 1502 5592 facti
1527 5549 1648 5592 sunt
1679 5540 1718 5592 ί.

114 5607 183 5663 Et
209 5613 508 5668 dividebant
534 5617 774 5689 singulis,
816 5631 966 5691 prout
1006 5624 1188 5694 cuique
1225 5642 1355 5696 opus
1395 5639 1526 5684 erat.
1562 5630 1728 5687 Vide-

119 5770 317 5890 έιὲηὶ
350 5769 558 5833 addunt,
575 5773 783 5832 orationi
808 5783 857 5828 et
896 5778 1172 5843 auditioni(
1198 5782 1340 5843 verbi
1354 5782 1450 5834 Dei
1475 5785 1494 5848 )
1519 5784 1710 5842 incum-

1848 468 1998 533 bant,
2029 469 2327 539 spiritualia
2354 485 2480 526 esse
2497 473 2841 538 communia;
2878 472 3168 542 nullusque
3195 473 3302 527 alio
3332 469 3456 543 plus

1844 559 2098 626 habebat,
2122 571 2178 616 et
2195 561 2263 616 ad
2287 561 2390 619 hoc
2406 563 2588 619 statim
2612 574 2995 634 pervenerunt,
3015 573 3073 620 ut
3093 580 3190 620 sua
3205 565 3458 620 omnibus

1842 649 2250 707 distribuean
2276 650 2467 708 (James
2484 663 2678 720 autem,
2699 659 2787 726 qui
2800 656 3088 719 credebam,
3117 657 3272 712 simul
3288 667 3456 711 erant.

1843 740 2004 807 Quod
2027 752 2209 798 autem
2237 757 2346 798 non
2377 743 2498 800 loco
2521 746 2684 800 simul
2705 755 2910 811 essent,
2935 746 3114 816 palam
3143 758 3227 802 est
3249 764 3317 802 ex
3349 748 3416 802 iis
3435 791 3452 814 ,

1842 847 1966 897 quae
1989 832 2269 903 subjuuxit
2297 853 2311 888 :
2341 834 2412 894 Et
2436 837 2611 890 omnia
2644 836 2896 891 habebant
2922 842 3232 893 communia.
3264 837 3458 894 Omnes

1841 923 1975 978 dicit
1996 941 2014 977 :
2041 940 2148 979 non
2185 925 2275 982 ille
2304 926 2572 994 habebat,
2604 927 2696 983 ille
2719 942 2899 984 secus.
2930 929 3056 987 llaec
3072 931 3313 1001 angelica
3339 946 3456 986 res-

1844 1015 2055 1086 publica
2099 1028 2239 1082 erat,
2285 1019 2433 1090 quod
2481 1020 2616 1074 nihil
2659 1019 2906 1076 dicerent
2972 1023 3076 1076 sibi
3150 1023 3453 1094 proprium.

1843 1107 1983 1164 llinc
2022 1109 2174 1187 radix
2214 1111 2479 1166 malorum
2510 1113 2698 1168 excisa
2736 1123 2840 1180 est,
2869 1123 2925 1169 et
2962 1130 3030 1169 ex
3061 1119 3228 1185 gestis
3255 1116 3370 1170 suis
3395 1131 3460 1172 se

1840 1201 2116 1258 audivisse
2138 1203 2602 1260 demonstrarunt.
2621 1206 2737 1262 Hoc
2754 1223 2886 1278 ergo
2905 1217 3024 1260 erat
3042 1207 3184 1278 quod
3205 1208 3418 1262 dicebat
3439 1226 3454 1262 :

1843 1294 2518 1368 Saluanriniageneratione
2559 1299 2660 1353 ista
2685 1316 2864 1371 prava.
2899 1297 2967 1352 Et
2992 1301 3244 1370 apposita:
3256 1309 3376 1354 sunt
3403 1302 3457 1354 in

1840 1385 1927 1440 die
1951 1386 2046 1441 illa
2070 1387 2256 1445 ultimm
2279 1390 2480 1444 circiter
2505 1391 2604 1444 tria
2633 1392 2818 1445 millia.
2838 1391 2975 1458 Quia
3002 1402 3088 1447 ter
3108 1393 3454 1459 milleerant,

1840 1477 2144 1535 educebant
2169 1479 2293 1535 illos
2317 1480 2493 1547 foras;
2519 1483 2611 1554 qui
2638 1499 2763 1540 cum
2800 1483 2998 1539 fiducia
3025 1486 3193 1539 multa
3215 1485 3458 1556 quotidie

1839 1563 2209 1620 ascendebant
2245 1565 2300 1620 in
2332 1568 2616 1637 templum,
2658 1580 2714 1624 et
2757 1569 2830 1625 ibi
2860 1570 3062 1625 assidui
3096 1580 3256 1626 erant
3284 1589 3299 1624 :
3328 1587 3454 1626 nam

1840 1653 2034 1714 Petrus
2085 1665 2144 1712 et
2181 1655 2420 1740 ,loannes
2464 1659 2625 1728 paulo
2661 1669 2789 1729 post
2829 1660 2960 1716 illud
3004 1661 3291 1717 fecerunt:
3321 1662 3458 1716 nihil

1837 1747 1987 1803 enim
2013 1761 2081 1801 ex
2099 1746 2340 1805 lodaicis
2361 1749 2541 1806 adhuc
2566 1751 2878 1807 movebant.
2907 1753 2976 1807 Et
3002 1752 3178 1808 honor
3197 1753 3291 1808 ille
3311 1761 3422 1807 tvm
3437 1783 3456 1793 -

1839 1836 1934 1907 plo
1953 1833 2249 1905 exhibitus,
2274 1841 2542 1897 transibat
2559 1841 2628 1897 ad
2651 1843 2836 1912 templi
2863 1843 3178 1899 Dominum.
3206 1844 3456 1900 \‘idistin‘

1839 1931 2057 2001 pietatis
2093 1935 2483 2005 augmentum?
2523 1935 2791 1992 Pecunias
2829 1937 3177 2007 abjiciebant,
3219 1948 3277 1993 et
3320 1954 3457 2008 gauo

1837 2022 2074 2089 debent,
2102 2041 2407 2096 magnaque
2431 2038 2551 2085 erat
2579 2029 2766 2084 Iattitia
2790 2047 2805 2082 :
2834 2031 3042 2099 majora
3071 2031 3273 2101 quippe
3298 2040 3458 2084 erant

1837 2113 1979 2170 bona
1999 2131 2122 2186 qua:
2145 2118 2510 2188 accipiebant.
2542 2119 2718 2175 Nemo
2752 2121 3149 2191 exprobrabat,
3181 2137 3343 2178 nemo
3373 2123 3457 2176 in-

1837 2206 2074 2271 videbat,
2093 2208 2273 2263 nullus
2297 2219 2417 2266 erat
2437 2201 2643 2280 fastus,
2667 2213 2850 2268 nullus
2876 2221 3225 2285 contemptus
3253 2237 3268 2272 :
3299 2216 3456 2286 quasi

1836 2299 1990 2367 pueri
2019 2313 2082 2353 se
2123 2301 2383 2369 putabant
2419 2302 2770 2369 erudiendos,
2809 2314 2869 2360 ut
2907 2321 3102 2362 recens
3125 2308 3237 2362 nati
3272 2307 3457 2365 allecti

1836 2399 2011 2447 erant.
2055 2391 2124 2445 Et
2168 2409 2266 2447 cur
2305 2395 2461 2464 quasi
2503 2396 2558 2450 in
2598 2396 2831 2469 obscura
2862 2398 3059 2469 loquor
3099 2400 3455 2471 ἰηιαεὶπῖδὶ

1835 2482 2161 2539 meministis
2198 2484 2473 2554 quomodo
2494 2527 2511 2551 ,
2543 2502 2667 2540 cum
2701 2487 2846 2543 Deus
2868 2491 3146 2545 concussit
3181 2492 3456 2549 civitatem

1837 2584 2077 2629 nostram
2106 2576 2212 2646 (α),
2242 2591 2434 2634 omnes
2460 2581 2676 2634 attoniti
2707 2590 2884 2648 erant,
2912 2583 2993 2638 sic
3018 2594 3148 2641 tunc
3171 2586 3244 2640 illi
3271 2586 3456 2643 alicui

1834 2673 1993 2720 erant
2015 2683 2031 2720 :
2056 2667 2238 2722 nullus
2256 2667 2518 2725 subdolus
2544 2680 2684 2739 erat,
2713 2673 2896 2728 nullus
2919 2673 3212 2746 malignus.
3237 2677 3452 2732 Etenim

1836 2759 1960 2814 talis
1983 2760 2146 2814 timor
2169 2770 2272 2826 est,
2299 2763 2421 2816 talis
2446 2766 2718 2834 angustia.
2744 2765 2864 2821 Non
2890 2779 3010 2824 erat
3037 2769 3292 2839 frigidum
3317 2773 3451 2828 illud

1833 2851 2083 2919 verbum,
2134 2871 2303 2909 meum
2340 2864 2398 2910 et
2441 2866 2607 2911 tuam.
2655 2857 2783 2915 Ideo
2827 2862 3121 2918 exsultatio
3163 2865 3216 2918 in
3264 2882 3452 2922 mensa

1833 2954 1951 2997 erat
1975 2962 1992 2998 :
2015 2960 2177 3000 nemo
2203 2947 2276 3001 ita
2303 2945 2532 3004 aﬂeetus
2559 2965 2700 3018 erat,
2731 2965 2791 3007 se
2810 2953 2856 3008 si
2880 2968 2950 3009 ex
2975 2953 3112 3021 suis,
3136 2971 3297 3012 nemo
3322 2973 3385 3012 ac
3407 2960 3453 3015 si

1833 3049 1898 3089 ex
1923 3036 2117 3092 alienis
2141 3038 2331 3094 ederet
2357 3058 2373 3100 ς
2398 3042 2502 3096 etsi
2529 3040 2636 3097 hoc
2657 3044 2887 3115 aenigma
2919 3046 3164 3102 videatur
3182 3063 3323 3103 esse.
3348 3049 3453 3105 Ne-

1831 3142 1939 3196 que
1966 3129 2142 3184 aliena
2169 3131 2429 3197 putabant
2456 3147 2582 3188 esse
2619 3134 2757 3188 bona
2801 3135 3063 3204 fratrum;
3107 3149 3265 3194 erant
3305 3142 3451 3197 enim

1835 3229 1895 3273 ut
1919 3220 2309 3288 dominorum;
2341 3240 2519 3293 neque
2564 3227 2817 3296 propria,
2849 3228 2948 3283 sed
2989 3229 3238 3286 fratrum.
3267 3233 3454 3305 Neque

1833 3329 2038 3383 [nuper
2080 3315 2288 3384 pudore
2331 3317 2579 3383 allectus,
2627 3335 2806 3389 neque
2849 3321 3009 3376 dives
3051 3322 3271 3382 inﬂatus
3312 3338 3431 3381 erat

1833 3407 1947 3463 lloc
1972 3410 2268 3464 exsultatio
2294 3421 2398 3466 est.
2430 3411 2524 3466 llle
2548 3413 2703 3484 quasi
2732 3414 2996 3469 beneﬁcio
3021 3417 3251 3474 allectus
3269 3462 3285 3486 ,
3317 3433 3372 3475 et
3394 3421 3451 3479 bi

1829 3501 1984 3569 quasi
2022 3501 2147 3556 hinc
2170 3502 2340 3572 gloria
2370 3505 2549 3569 aucti;
2582 3514 2639 3559 et
2675 3505 2830 3560 Valde
2855 3506 2998 3562 inter
3027 3523 3087 3565 se
3110 3520 3270 3565 erant
3297 3513 3453 3566 colli-

1829 3591 1961 3660 gati.
1993 3591 2131 3659 Quia
2159 3595 2305 3648 enim
2349 3597 2401 3647 in
2434 3598 2785 3663 pecuniarum
2815 3597 3286 3656 distributionibus
3311 3618 3449 3658 con-

1830 3684 2070 3739 tutnelia
2096 3685 2370 3752 accidunt,
2400 3689 2732 3758 arrogantia,
2765 3690 3055 3756 molestia),
3086 3692 3210 3748 ideo
3231 3694 3448 3752 diccbat

1821 3773 2146 3844 Apostolus,
2171 3776 2295 3832 Non
2319 3795 2384 3833 ea:
2410 3781 2620 3834 tristitia
2636 3822 2652 3846 ,
2694 3791 2782 3835 aut
2806 3799 2870 3836 ea;
2897 3786 3190 3839 necessitate
3216 3788 3294 3854 (2.
3322 3786 3447 3842 Cor.

1827 3866 1882 3922 9.
1909 3867 1990 3938 7).
2016 3868 2172 3936 Vide,
2200 3880 2403 3938 quanta
2434 3871 2542 3926 illis
2564 3872 2884 3929 testiﬁcetur
2902 3875 2928 3928 τ
2951 3875 3233 3933 Sinceram
3256 3879 3443 3946 ﬁdem,

1827 3958 1994 4013 vitam
2018 3967 2244 4027 rectam,
2277 3965 2734 4030 perseverantiam
2761 3964 3102 4024 inconcinne
3130 3971 3400 4027 audienda
3424 4016 3441 4041 ,

1829 4050 1882 4104 in
1911 4052 2189 4122 precibus,
2221 4052 2276 4106 in
2309 4052 2635 4124 frugalitate,
2667 4057 2722 4110 in
2747 4057 2953 4132 hetitia.

1900 4145 1955 4198 3.
1992 4145 2108 4198 Duo
2136 4154 2388 4215 poterant
2426 4148 2548 4202 illos
2575 4147 2629 4203 in
2657 4164 2949 4205 maerorem
2978 4153 3274 4223 conjicere,
3297 4155 3444 4228 jeju-

1827 4238 2000 4300 niunt,
2029 4246 2085 4292 et
2115 4241 2465 4309 pecuniarum
2508 4241 2773 4312 erogatio.
2824 4241 2903 4296 llli
2937 4259 3068 4300 vero
3094 4261 3164 4302 ex
3213 4257 3447 4320 utroque

1825 4331 2153 4401 gaudebant.
2177 4333 2312 4400 Quis
2336 4333 2417 4388 sic
2436 4334 2660 4389 allectos
2685 4351 2791 4390 non
2820 4346 2878 4391 ut
2903 4352 3224 4398 communes
3265 4352 3450 4413 patres

1829 4423 2148 4479 dilexisset?
2191 4424 2333 4479 Nihil
2364 4427 2491 4480 mali
2521 4428 2806 4496 pariebant
2843 4429 2933 4484 alii
2973 4431 3236 4488 adversus
3271 4437 3444 4492 alios-

1829 4522 1998 4568 totum
2032 4517 2417 4584 permittebant
2458 4521 2645 4588 gratia:
2676 4520 2796 4577 Dei.
2849 4521 3042 4578 Nullus
3069 4526 3256 4582 aderat
3284 4530 3447 4586 timor

1829 4607 1882 4660 in
1908 4608 2084 4662 media
2121 4611 2359 4675 pericula
2389 4611 2675 4681 conjectis.
2707 4613 2810 4668 Per
2855 4616 3263 4687 simplicitatem
3312 4637 3448 4693 ergo

1825 4713 2045 4754 Omnem
2095 4699 2312 4755 illorum
2362 4703 2658 4758 declaravit
2697 4707 2974 4775 virtutem,
3024 4719 3083 4767 et
3132 4711 3444 4770 divitiarum

1825 4802 2164 4862 contemptu,
2197 4803 2254 4849 et
2288 4795 2522 4865 jejunio,
2550 4808 2608 4852 et
2655 4803 3062 4867 perseverantia
3112 4803 3165 4861 in
3192 4807 3445 4864 oratione

1828 4872 1990 4955 longe
2029 4885 2312 4955 majorem.
2345 4887 2422 4941 lla
2469 4903 2604 4956 pure
2636 4889 2805 4944 Deum
2858 4891 3170 4960 laudabant,
3201 4897 3309 4951 imo
3339 4896 3443 4954 hoe

1826 4986 1931 5044 est,
1961 4978 2136 5046 ipsum
2166 4994 2298 5048 pure
2329 4979 2573 5036 laudare.
2603 4980 2741 5038 Vide
2778 4992 2962 5039 autem
2990 4986 3078 5040 hic
3113 4988 3232 5042 illos
3257 4991 3443 5054 stati

1826 5071 2076 5138 accipere
2092 5072 2420 5127 mercedem.
2437 5073 2570 5128 Nam
2588 5075 2732 5145 quod
2755 5075 3019 5131 haberent
3043 5080 3276 5149 gratiam
3297 5085 3438 5152 apud

1829 5163 2111 5232 populum,
2136 5162 2240 5218 hoc
2266 5165 2462 5234 probat
2487 5167 2611 5221 illos
2636 5177 2692 5222 et
2732 5168 2995 5224 amabiles
3029 5182 3084 5223 et
3118 5172 3276 5228 valde
3303 5173 3446 5229 dile-

1828 5263 1947 5307 ctos
1972 5253 2162 5310 fuisse.
2184 5254 2318 5321 Quis
2341 5256 2488 5310 enim
2521 5274 2626 5310 non
2652 5259 3026 5328 Obstupescat,
3051 5262 3174 5331 quis
3201 5280 3307 5316 non
3340 5282 3446 5320 mt-

1833 5357 1984 5401 rctnr
2004 5346 2195 5402 videns
2222 5347 2498 5402 hominem
2543 5351 2788 5404 moribus
2813 5351 3162 5419 simplicem?
3205 5367 3295 5408 aut
3324 5359 3448 5424 quis

1833 5455 1938 5496 non
1981 5440 2319 5495 devinciatur
2347 5440 2553 5495 homini
2581 5443 2717 5496 nihil
2747 5444 3034 5498 subdolum
3070 5447 3330 5502 babenti?
3358 5447 3444 5502 Ad

1893 5599 1970 5664 (α)
1991 5607 2162 5671 Icta-ae
2196 5610 2382 5671 motum
2407 5613 2668 5671 mentm-at,
2705 5607 2791 5668 qui
2826 5605 3247 5671 Constantinum“
3267 5611 3440 5660 accidit

1827 5662 1959 5711 anno
1978 5662 2091 5718 400,
2111 5664 2381 5712 secundum
2402 5665 2528 5715 alios
2546 5662 2713 5716 autem
2724 5662 2868 5717 'auno
2892 5672 3004 5720 401.
3023 5662 3302 5726 Diﬂicultas
3324 5687 3450 5722 vero

1829 5730 1942 5773 anni
1966 5725 2216 5790 statuendi
2248 5727 2365 5775 hinc
2385 5730 2561 5787 oritur,
2581 5729 2714 5790 quod
2735 5731 2842 5790 ipse
2865 5733 2994 5782 infra
3015 5725 3150 5783 nit-at
3164 5741 3314 5784 terr-.2
3337 5749 3449 5783 mo-

1831 5745 1942 5773 :utttt
1966 5745 2216 5774 eumeum
2248 5745 2365 5775 nunc
2385 5745 2561 5787 ortwr,
2581 5745 2714 5790 quon
2735 5746 2747 5776 t
2865 5745 2994 5782 intra
3015 5745 3150 5783 meat
3164 5745 3314 5784 terr-.9
3337 5749 3449 5783 m0-

1831 5791 1937 5864 tnqi
1963 5788 2142 5864 tactum
2305 5745 2949 5864 anuo_superi_orc.vgrum
2975 5809 3035 5844 ca
3059 5796 3124 5845 de
3144 5810 3203 5846 re
3221 5793 3456 5864 pluribus

1831 5864 1882 5899 tn
1901 5849 2007 5901 Vtta
2025 5848 2355 5913 Cht‘ysostomi
2379 5848 2539 5902 acttuni
2560 5862 2654 5902 est.
