4054 6396
219 394 291 456 ευ
1211 380 1279 438 ιιι
1316 373 1502 438 Am
1539 375 2077 440 APOS'I‘OLORUII.
2119 377 2356 440 uoutL.
2393 375 2536 441 vin.
2698 340 2704 346 ’
3475 377 3548 435 ro

214 544 274 591 et
317 523 717 604 specularibus
751 531 810 580 et
855 519 960 593 Ipsi
1010 517 1250 588 maligno
1307 515 1453 572 hosti
1496 512 1822 570 videbimur.

211 627 370 685 licet
380 606 528 680 enim
541 619 786 676 diabolus
800 630 908 672 non
922 619 1088 678 esset,
1107 611 1236 666 licet
1252 609 1436 665 nullus
1462 608 1822 679 impugnaret,

211 724 518 777 innumera:
547 715 784 784 undique
807 711 911 766 vite
933 723 1098 781 opum
1127 714 1401 763 amantem
1425 705 1493 760 ad
1520 704 1824 775 gehennam

207 812 438 868 ducunt.
459 809 562 866 Ubi
584 820 730 862 nunc
755 811 884 858 sunt
905 802 997 873 qui
1035 800 1225 856 dicunt
1250 816 1266 853 :
1294 797 1409 853 Cur
1433 796 1684 852 diabolus
1707 793 1824 850 fac-

207 913 298 960 tus
327 903 450 959 est?
479 903 618 958 Ecce
643 898 732 953 hic
757 894 1010 952 diabolus
1031 891 1203 958 nihil,
1233 889 1330 946 sed
1356 904 1458 946 nos
1490 897 1659 944 totum
1688 901 1824 957 0pc-

204 1010 413 1050 ramur.
438 991 604 1062 Atqui
627 991 740 1045 hoc
774 987 958 1043 dicere
986 983 1272 1056 oportebat
1297 997 1395 1039 eos
1420 982 1512 1051 qui
1542 982 1598 1036 in
1626 979 1826 1035 monti-

204 1083 311 1140 bus
328 1084 551 1162 degunt,
567 1082 659 1153 qui
675 1078 1066 1136 continentiam
1085 1083 1359 1131 sectantes
1386 1082 1442 1128 et
1472 1073 1822 1152 pecuniarum

201 1174 542 1247 aliarumque
559 1188 740 1229 rerum
750 1177 1141 1241 contemptum,
1161 1177 1391 1238 patrem,
1411 1165 1625 1231 domos,
1637 1178 1818 1234 agros,

188 1284 408 1325 uxores
434 1277 489 1324 et
519 1268 658 1320 ﬁlios
677 1307 697 1330 ,
728 1261 1091 1320 libentissime
1120 1259 1481 1330 reliquerunt.
1509 1259 1582 1312 At
1600 1256 1676 1311 illi
1704 1255 1822 1312 hac

201 1376 315 1416 non
342 1361 560 1424 dicunt;
583 1358 637 1412 hi
662 1370 796 1412 vero
820 1355 909 1409 illa
934 1350 1231 1424 proferunt,
1263 1365 1390 1422 qua:
1410 1363 1706 1423 numquam
1730 1347 1817 1402 di-

199 1469 334 1526 cere
352 1455 702 1526 oportuisset.
730 1449 824 1512 Illa
848 1462 979 1504 vere
1006 1455 1136 1501 sunt
1164 1444 1367 1500 diaboli
1394 1443 1729 1499 certamina:
1763 1441 1816 1496 in

199 1521 322 1603 liaic
348 1521 478 1603 vero
501 1558 682 1616 neque
703 1539 1042 1598 descendet!
1058 1538 1284 1610 dignum
1311 1546 1418 1592 est.
1458 1537 1550 1601 At,
1579 1535 1814 1606 inquies,

195 1641 510 1698 divitiarum
557 1636 907 1708 cupiditatem
946 1632 1187 1687 immittit
1214 1627 1483 1684 diabolus.
1520 1626 1714 1697 Fuge,
1761 1635 1817 1682 et

196 1750 273 1790 ne
300 1734 577 1796 admittas,
607 1747 644 1786 o
669 1730 854 1785 homo.
887 1727 1041 1782 Nunc
1081 1733 1261 1780 autem
1288 1723 1335 1779 si
1363 1737 1526 1793 quem
1555 1719 1756 1775 videris
1782 1733 1815 1775 a

197 1827 632 1882 tabulatolutum
658 1822 907 1893 rejicere,
930 1816 1130 1874 deinde
1149 1817 1316 1871 alium
1330 1813 1606 1869 videntem
1623 1819 1814 1868 contra

194 1920 414 1988 sejaci,
448 1928 596 1974 stare
618 1957 636 1983 ,
681 1925 748 1972 et
776 1923 947 1970 totum
975 1911 1155 1982 capite
1182 1910 1434 1980 excipere
1453 1948 1470 1973 ,
1501 1922 1611 1962 non
1650 1903 1815 1960 modo

193 2029 308 2068 non
337 2011 650 2078 misereris,
677 2008 775 2065 sed
803 2007 969 2062 etiam
1011 2002 1346 2074 indignaris,
1378 1999 1624 2069 dicisque
1654 1997 1808 2052 illum

191 2104 339 2175 justo
361 2117 580 2174 passum
600 2116 722 2158 esse
751 2119 766 2155 :
789 2109 1087 2167 omnesque
1110 2095 1187 2149 illi
1206 2093 1477 2191 dicereut,
1504 2089 1586 2145 Ne
1607 2089 1813 2191 stultus

193 2206 348 2262 esto;
398 2210 502 2250 nec
559 2205 670 2248 tam
723 2191 1053 2263 iacientem,
1093 2198 1259 2257 quam
1303 2183 1664 2252 excipientem
1696 2183 1809 2235 eri-

193 2291 555 2345 miiiarentur.
585 2287 743 2344 Nunc
767 2298 931 2357 porro
957 2283 1066 2340 scis
1098 2279 1412 2335 divitiarum
1455 2273 1808 2344 cupiditatem

192 2396 224 2434 a
269 2381 489 2436 diabolo
523 2378 793 2450 proﬁcisci
828 2393 847 2434 :
890 2376 1001 2431 scis
1051 2373 1203 2428 illum
1238 2372 1645 2425 innumerorum
1688 2379 1811 2422 esse

190 2473 459 2526 malorum
487 2485 739 2535 causam;
761 2467 920 2523 vides
945 2466 1095 2524 illum
1123 2461 1298 2519 foedas
1329 2470 1623 2529 turpesque
1650 2455 1805 2526 cogi-

192 2561 429 2627 tationes
465 2561 622 2631 quasi
649 2560 820 2614 lutum
849 2570 1135 2628 apparare,
1163 2568 1269 2609 nec
1293 2550 1550 2620 intelligis
1570 2555 1626 2604 te
1652 2545 1803 2603 nudo

190 2652 373 2722 capite
415 2651 808 2707 immunditiam
856 2649 1001 2704 illam
1039 2646 1334 2718 excipere,
1360 2657 1486 2698 cum
1527 2647 1812 2712 oporteret

189 2747 460 2816 tantisper
476 2732 799 2802 declinando
828 2743 880 2798 id
901 2741 1111 2798 vitare?
1134 2734 1607 2807 Quemadmodum
1631 2733 1742 2821 ille,
1759 2731 1808 2787 si

191 2851 222 2892 a
249 2837 374 2894 loco
396 2837 725 2902 declinaret,
758 2836 1102 2901 liberaretur,
1129 2832 1210 2888 sic
1237 2838 1295 2886 et
1338 2838 1396 2885 tu
1435 2827 1574 2882 tales
1604 2825 1810 2896 cogita-

190 2931 372 2986 tiones
399 2947 469 2986 ne
494 2931 756 3001 excipias,
779 2939 835 2986 et
857 2944 887 2981 a
921 2936 1145 2997 peccato
1173 2924 1346 2995 fugies
1374 2941 1388 2977 :
1417 2920 1624 2990 repelle
1648 2917 1808 2988 cupi-

184 3024 442 3080 ditatem.
481 3023 552 3078 Et
577 3021 851 3094 quomodo
878 3019 1138 3090 repellam
1161 3022 1187 3075 t
1219 3015 1455 3085 inquies.
1496 3013 1554 3066 Si
1587 3009 1808 3082 gentilis

1016 3148 1432 3164 ____________.

1933 529 2108 583 esses,
2133 526 2190 573 et
2208 518 2498 587 praesentia
2527 527 2737 575 tantum
2766 521 3137 590 admirareris,
3167 523 3313 582 forte
3335 540 3428 584 res
3453 545 3550 586 es-

1933 619 2021 664 set
2045 608 2316 676 difﬁcilis,
2347 612 2562 667 etiamsi
2589 613 2825 684 gentiles
2846 614 2950 671 hoc
2977 615 3210 673 fecerint
3238 628 3336 675 :at
3370 630 3427 675 tu
3454 628 3548 693 qui

1932 701 2450 760 cailnm'etcelestia
2463 715 2773 776 exspectas,
2791 707 2949 772 dicis.
2963 709 3550 784 Quomodorcpcllam?

1931 791 1988 848 Si
2007 796 2341 850 contrarium
2357 795 2648 866 dixissem,
2668 807 2799 855 tunc
2811 799 3060 858 dubitare
3075 809 3374 874 oporteret;
3395 807 3443 862 si
3458 807 3515 862 di
3525 837 3548 849 ο

1919 899 2112 941 θαι-ειη
2132 929 2151 954 ,
2195 887 2424 943 Divitias
2453 892 2808 960 concupisce,
2836 894 3200 965 responderes
3211 927 3242 971 ν,
3259 896 3550 964 Quomodo

1929 979 2312 1048 concupiscam
2331 980 2358 1034 ἳ
2376 982 2646 1036 cum~talia
2675 983 2914 1040 videres.
2937 985 3036 1041 Dic
3062 987 3193 1042 mihi
3212 1024 3230 1056 ,
3253 989 3301 1045 si
3326 1005 3464 1044 auro
3492 1004 3550 1046 et

1923 1069 2199 1140 lapidibus
2225 1073 2482 1142 pretiosis
2527 1078 2818 1147 propositis
2849 1078 3090 1136 dicerem
3145 1099 3162 1136 :
3207 1082 3548 1156 Concopisrc

1928 1160 2245 1232 plumbum,
2280 1179 2351 1218 an
2374 1164 2718 1224 'besitares?
2759 1169 2978 1227 Diceres
3007 1181 3157 1229 certe
3197 1192 3213 1229 :
3257 1174 3546 1243 Quomodo

1928 1257 2194 1326 possunt?
2221 1256 2319 1313 Sin
2339 1258 2578 1315 dicerem
2599 1301 2616 1328 ,
2644 1261 2723 1317 Ne
2747 1265 3146 1335 concupiscas:
3175 1267 3282 1324 hoc
3329 1269 3544 1325 facilius

1924 1357 2093 1402 esset.
2122 1347 2242 1404 Non
2267 1348 2512 1406 admiror
2534 1347 2902 1423 despicientes
2919 1346 2936 1423 ζ
2953 1356 3070 1414 ,sed
3100 1373 3208 1418 nou
3234 1359 3546 1431 despicien-

1925 1447 2008 1494 tes
2038 1457 2052 1492 :
2083 1439 2189 1497 hoc
2210 1443 2514 1498 estaninne
2533 1445 2746 1516 ignavia
2779 1431 2974 1518 plenae,
3007 1464 3132 1519 qua:
3163 1451 3296 1507 nihil
3324 1452 3546 1510 ditt'erat

1922 1545 1953 1600 a_
1978 1532 2180 1586 muscis
2206 1543 2262 1587 et
2287 1533 2571 1601 culicibus,
2601 1534 2751 1592 humi
2781 1541 3020 1608 repentis
3057 1578 3078 1608 ,
3124 1539 3180 1594 in
3219 1538 3341 1596 luto
3373 1543 3502 1601 vqu
3523 1576 3544 1586 -

1925 1629 2088 1689 him,
2123 1623 2259 1679 nihil
2301 1640 2560 1697 maguum
2605 1629 2915 1699 cogitantis.
2967 1630 3110 1698 Quid
3150 1631 3331 1688 dicis!
3365 1633 3539 1689 Vitam

1921 1723 2181 1770 :eteruani
2213 1715 2532 1794 bp-reditate
2558 1730 2886 1792 accepturus
2903 1739 2964 1778 es
2981 1765 2999 1789 ,
3029 1733 3087 1779 et
3109 1725 3212 1794 ais,
3255 1725 3542 1794 Quomodo

1922 1818 2246 1876 pra-sentem
2273 1814 2437 1865 vitam
2463 1826 2577 1883 pra:
2609 1812 2700 1868 illa
2722 1817 3116 1871 contemnam?
3142 1834 3272 1872 num
3303 1833 3394 1875 res
3413 1828 3542 1875 sunt

1917 1909 2109 1954 mutuo
2135 1902 2579 1972 comparabilest
2605 1904 2830 1978 Regiam
2862 1917 3071 1965 vestem
3097 1925 3159 1966 es
3181 1923 3503 1984 accejuurus
3519 1954 3538 1979 ,

1917 2000 1976 2047 et
2016 1991 2177 2058 dicis,
2208 1991 2499 2060 Quomodo
2534 2011 2745 2066 pannos
2797 2003 3190 2058 contemnam!
3228 2004 3284 2058 in
3332 2005 3539 2077 regiam

1918 2085 2259 2156 ingressurus
2284 2086 2422 2143 dicis
2443 2129 2461 2154 ,
2495 2089 2783 2157 Quomodo
2824 2107 3117 2164 pauperem
3170 2094 3314 2152 hanc
3353 2112 3539 2154 casam

1917 2175 2257 2248 despiciam?
2285 2179 2425 2237 Vere
2453 2197 2554 2237 nos
2593 2200 2818 2255 semper
2867 2186 3027 2243 nobis
3054 2203 3218 2244 causa
3269 2191 3539 2248 malorum

1914 2285 2128 2339 sumus,
2154 2273 2252 2344 qui
2273 2272 2526 2331 nolumus
2560 2277 2835 2346 paululum
2862 2279 3113 2337 excitari.
3139 2282 3276 2339 Nam
3309 2286 3404 2354 qui
3439 2302 3540 2340 vo-

1916 2364 2166 2432 luerunt,
2207 2374 2358 2422 recte
2381 2381 2444 2422 se
2488 2381 2812 2439 gesserunt;
2857 2371 3023 2444 idque
3043 2389 3168 2431 cum
3198 2391 3399 2447 magno
3429 2377 3541 2434 fer-

1913 2469 2050 2512 vore
2073 2466 2129 2512 et
2167 2456 2446 2515 facilitate.
2476 2459 2694 2517 Utinam
2722 2472 2780 2519 et
2805 2480 2902 2520 vos
2944 2476 3131 2522 nostra
3160 2468 3538 2528 admonitione

1915 2549 2184 2619 persuasi.
2215 2559 2366 2607 recte
2388 2552 2596 2623 agatis,
2628 2553 3038 2628 imitatoresque
3063 2558 3186 2614 sitis
3221 2575 3412 2617 eorum
3440 2564 3536 2634 qui

1917 2643 2178 2713 prazclam
2197 2657 2260 2701 se
2281 2658 2592 2716 gesserunt,
2622 2650 2796 2719 gratia
2817 2660 2873 2706 et
2897 2651 3233 2724 benignitate
3272 2655 3536 2728 unigeiiiti

1916 2735 2078 2801 Filii,
2103 2739 2321 2808 quicum
2349 2739 2533 2806 Patri,
2567 2757 2782 2814 unaque
2821 2757 3013 2801 sancto
3048 2746 3313 2818 Spiritui,
3339 2751 3536 2822 gloria,

1915 2828 2223 2898 imperium,
2256 2829 2453 2899 honor,
2483 2848 2627 2889 nunc
2649 2843 2706 2890 et
2740 2851 2980 2908 semper,
3009 2847 3068 2895 et
3096 2839 3151 2895 in
3181 2823 3383 2898 sa'cula
3428 2858 3539 2899 sa:-

1913 2920 2191 2977 culoruni.
2220 2923 2421 2978 Amen.

1547 3215 1898 3278 HOMILIA
1942 3216 2114 3279 VIII.

181 3383 322 3438 Car.
357 3380 413 3435 3.
457 3395 510 3432 v.
540 3380 594 3433 1.
619 3375 790 3432 Simul
818 3373 1002 3428 Petrus
1030 3380 1077 3425 et
1114 3368 1346 3423 Joannes
1367 3361 1711 3428 ascendebant
1752 3360 1807 3413 in

471 3465 718 3538 templum
745 3465 814 3518 ad
841 3466 1022 3518 horam
1054 3458 1302 3515 orationis
1323 3471 1532 3509 nonani.

260 3566 318 3619 1.
343 3561 408 3617 lli
433 3561 632 3630 ubique
653 3572 905 3629 magnam
945 3555 1096 3610 inter
1117 3548 1550 3617 sceonco‘rdiaiu
1599 3545 1806 3602 habere
1825 3562 1840 3596 .-

185 3655 615 3725 conspiciuntur.
653 3649 789 3704 Huic
829 3647 999 3702 innuit
1048 3644 1236 3699 Petrus
1267 3659 1289 3698 :
1319 3643 1477 3713 simul
1507 3639 1574 3693 ad
1618 3638 1803 3708 sepul-

181 3762 342 3802 mim
369 3744 532 3799 ambo
573 3742 796 3797 veniunt
826 3756 840 3792 :
869 3739 940 3794 de
965 3737 1175 3792 Joanne
1195 3734 1326 3789 dicit
1349 3734 1542 3787 Petrus
1565 3729 1802 3792 Christo,

190 3837 297 3895 llic
328 3846 502 3892 autem
541 3837 668 3908 quid
695 3832 890 3908 (Joau.
926 3832 1013 3886 l3.
1043 3829 1138 3884 24.
1175 3839 1220 3882 et
1243 3828 1335 3882 20.
1369 3826 1425 3880 5.
1464 3835 1511 3878 et
1543 3825 1635 3877 2|.
1664 3821 1727 3876 2t
1756 3822 1806 3892 )‘i

191 3937 312 3990 Min
340 3933 559 4004 quidem
584 3932 735 4000 signa
770 3925 1122 4000 praetermisit
1150 3922 1314 3990 hujus
1358 3919 1478 3973 libri
1526 3918 1800 3986 scriptor;

185 4027 332 4098 quod
361 4041 494 4082 vero
519 4024 574 4078 in
598 4033 876 4091 stuporem
916 4029 971 4072 et
1004 4016 1419 4071 admirationem
1448 4026 1641 4065 omnes
1668 4025 1803 4065 coii-

179 4121 428 4189 jieicbat,
455 4116 584 4172 illud
608 4115 869 4170 narravit.
898 4113 964 4165 Et
982 4109 1375 4166 animadverte.
1400 4105 1523 4196 illos
1545 4119 1652 4158 non
1671 4118 1803 4196 con?

186 4213 310 4268 sitio
355 4211 462 4264 lnic
511 4208 758 4271 venisse;
809 4205 881 4258 ita
909 4203 979 4257 ab
1027 4199 1176 4254 omni
1233 4195 1598 4252 Ostentatione
1649 4194 1800 4247 vacui

185 4315 381 4367 erant,
426 4301 816 4366 doetoremque
857 4309 1011 4347 suum
1064 4289 1430 4346 imitabantur.
1475 4285 1585 4340 Cur
1622 4296 1801 4337 autem

184 4393 554 4451 ascenderunt
582 4391 634 4443 in
685 4387 985 4457 templum”!
1027 4384 1164 4438 Num
1216 4381 1395 4436 adhuc
1446 4377 1674 4433 Judaice
1719 4377 1802 4429 vi-

184 4491 385 4544 vebant
407 4487 432 4540 2
456 4483 717 4546 Minime;
749 4478 846 4534 sed
874 4477 1086 4531 utiliter
1117 4473 1222 4527 hoc
1251 4473 1474 4526 faciunt.
1507 4469 1640 4524 Nam
1683 4483 1803 4522 rur-

183 4597 281 4636 sos
303 4582 518 4649 signum
540 4573 743 4634 editur,
767 4569 912 4641 quod
935 4569 1056 4622 illos
1080 4566 1392 4628 continuet,
1414 4562 1657 4631 aliosque
1680 4576 1803 4629 per-

185 4675 369 4728 trahat
400 4690 415 4726 :
443 4671 682 4739 signum,
707 4666 948 4734 inquam,
967 4661 1127 4728 quale
1154 4658 1396 4713 nondum
1417 4653 1679 4712 feci-rant.
1699 4653 1801 4707 Na-

187 4768 381 4824 turalis
404 4776 524 4818 erat
555 4761 800 4824 morbus,
828 4757 931 4811 arti
955 4755 1180 4810 medica:
1208 4770 1315 4806 non
1352 4752 1555 4806 cedens
1584 4767 1598 4802 :
1634 4750 1742 4803 imo
1771 4765 1800 4802 a

185 4859 543 4932 quadraginta
567 4854 725 4908 anuis
738 4850 1098 4912 claudicabat,
1120 4856 1178 4899 nt
1195 4845 1392 4900 deinde
1407 4845 1621 4906 dicitur,
1643 4858 1803 4898 nemo

189 4955 344 5008 illum
380 4949 432 5001 iu
485 4957 592 5000 tam
628 4947 788 5014 longo
829 4953 1076 4997 tenuiore
1105 4947 1407 4991 curavi-rat.
1440 4936 1603 4991 Scitis
1633 4949 1797 4998 vero,

187 5046 306 5100 haec
326 5060 357 5098 a
395 5041 664 5095 natalibus
693 5037 835 5091 mala
861 5043 1050 5090 curatu
1080 5047 1205 5087 esse
1237 5030 1563 5084 difﬁciliora.
1597 5028 1803 5082 Tantus

183 5148 306 5190 erat
332 5134 557 5188 morbus
575 5139 716 5184 utne
735 5128 955 5198 quidem
985 5123 1352 5179 necessarium
1379 5122 1480 5175 sibi
1505 5122 1684 5174 cibum
1709 5134 1803 5190 pa-

185 5244 311 5283 rare
343 5233 526 5295 posset
569 5219 937 5290 lioignisvcro
961 5225 1100 5280 erat,
1122 5226 1280 5267 iunia
1301 5215 1442 5275 loco,
1468 5221 1580 5266 tum
1598 5227 1627 5264 a
1656 5220 1802 5263 niur-

184 5323 256 5376 ιιι
277 5336 294 5382 ;
317 5312 682 5384 etquomod-i,
698 5310 842 5364 audi.
856 5309 912 5362 9..
933 5307 1002 5361 Et
1026 5307 1236 5378 quidam
1253 5307 1350 5371 vir,
1372 5305 1565 5372 inquit,
1587 5303 1802 5356 claudus

181 5430 248 5468 ex
269 5421 412 5463 utero
435 5405 610 5458 niutris
638 5419 747 5458 sua
765 5401 1092 5471 bajufubutur
1112 5414 1292 5464 :queui
1308 5399 1559 5465 ponebant
1578 5395 1805 5464 quotidie

184 5507 254 5559 ad
278 5511 481 5570 portum
504 5497 676 5567 tenipii
697 5538 712 5561 ,
736 5511 853 5568 qius
880 5494 1069 5547 dicitur
1095 5491 1362 5561 Speciosn,
1394 5501 1446 5542 ut
1467 5500 1652 5559 peteret
1675 5491 1804 5541 elec-

189 5607 459 5664 mosynani
486 5588 550 5641 ob
584 5585 956 5641 introeuntibus
983 5585 1036 5638 in
1074 5583 1342 5651 templum.
1383 5580 1800 5649 Eli-cinosynam

183 5702 319 5755 ergo
347 5681 560 5753 petebat
580 5719 595 5744 ,
624 5689 680 5732 et
708 5677 983 5732 nesciebat
1010 5673 1227 5744 quinam
1257 5673 1354 5725 ιιι-ἰ
1378 5682 1580 5729 essent.
1603 5672 1656 5724 Ξ.
1700 5670 1801 5737 Qui

185 5797 301 5834 cum
341 5777 546 5829 uidisset
582 5772 786 5824 Petrum
813 5781 857 5824 et
898 5769 1151 5824 Joannem
1178 5768 1472 5835 incipientes
1507 5766 1714 5818 introire
1749 5766 1802 5818 in

187 5881 457 5952 “replum,
487 5876 702 5946 rogubnt
724 5885 776 5928 iit
797 5874 1168 5940 elcemosynani
1198 5869 1470 5936 occiperet.
1503 5867 1555 5920 .i.
1587 5863 1802 5919 Intuens

1911 3368 2086 3413 autem
2119 3363 2173 3416 in
2210 3379 2324 3416 eum
2356 3363 2542 3420 Petrus
2574 3384 2691 3421 cum
2718 3369 2960 3437 Joanne,
3004 3374 3138 3428 dixit
3166 3393 3186 3430 :
3219 3377 3434 3448 Respice
3469 3382 3531 3435 in

1911 3468 2023 3506 nos.
2063 3453 2177 3508 Hoc
2204 3457 2350 3510 audit
2376 3474 2393 3523 ;
2427 3459 2517 3514 ille
2553 3475 2682 3515 vero
2714 3478 2890 3534 neque
2917 3467 2997 3520 sic
3023 3469 3268 3540 erigitur,
3299 3474 3397 3529 sed
3428 3476 3526 3529 acl-

1877 3559 1884 3565 ο
1912 3542 2019 3598 huc
2044 3555 2223 3612 manet
2271 3548 2501 3605 instans.
2539 3550 2694 3607 Talis
2719 3555 2868 3614 enim
2897 3566 2982 3611 est
3009 3570 3300 3629 paupertas
3323 3605 3341 3630 ,
3393 3565 3554 3622 dare-

1911 3638 2241 3706 ncgantibus.
2264 3641 2430 3696 instat
2471 3651 2528 3698 et
2565 3647 2714 3716 cogit
2757 3648 2898 3705 illos.
2951 3649 3351 3710 Erubcseaznus
3384 3674 3483 3712 nos
3507 3701 3524 3725 ,

1910 3729 2056 3796 quia
2091 3732 2343 3814 precibus
2373 3735 2664 3791 resilimns.
2703 3739 2837 3795 Vide
2865 3751 3070 3810 autem,
3101 3762 3263 3814 quam
3290 3752 3401 3804 cllo
3430 3750 3531 3806 Per

1912 3827 2028 3873 trus
2073 3809 2543 3881 mansuetudinem
2589 3830 2886 3897 exhibeat,
2933 3833 3171 3890 dicens:
3210 3838 3424 3907 "rspice
3469 3845 3524 3895 in

1910 3929 2026 3966 nos.
2071 3912 2165 3970 Sic
2195 3916 2408 3972 illorum
2447 3920 2664 3976 habitus
2705 3939 2804 3994 per
2836 3940 2897 3980 se
2927 3943 3108 3982 mures
3139 3930 3428 3986 iudicabat.
3472 3937 3526 3990 ii.

1911 4006 2088 4060 Atille
2111 4009 2406 4064 intendebat
2431 4012 2484 4065 in
2511 4030 2619 4077 eos,
2649 4033 2866 4085 sperans
2892 4035 2949 4072 se
2969 4021 3173 4091 aliquid
3194 4037 3525 4095 accepturum

1907 4097 1974 4150 ob
2001 4098 2093 4151 eis.
2125 4098 2179 4154 6.
2210 4099 2400 4157 Petrus
2423 4114 2595 4158 autem
2619 4105 2752 4160 dixit
2780 4123 2800 4161 :
2825 4099 3111 4180 Argentum
3132 4124 3180 4168 et
3213 4133 3398 4169 nurum
3425 4135 3530 4173 non

1908 4198 1982 4242 est
2011 4191 2139 4243 milii
2159 4232 2176 4251 ,
2217 4193 2356 4262 quod
2399 4205 2573 4250 autem
2602 4197 2785 4265 habeo,
2814 4201 2912 4254 hoc
2936 4205 3027 4257 tibi
3054 4196 3144 4258 do.
3195 4207 3317 4262 Non
3346 4210 3478 4264 dixit
3506 4250 3524 4279 ,

1909 4280 2045 4337 Rcui
2082 4285 2253 4340 multo
2283 4289 2660 4354 pretiosiorem
2684 4305 2913 4362 argento
2951 4297 3023 4352 do
3055 4300 3150 4353 tibi
3165 4314 3192 4363 ';
3225 4302 3321 4356 sed
3348 4305 3478 4374 quid
3499 4307 3524 4359 ?

1911 4375 1976 4429 In
2005 4380 2212 4437 nomine
2233 4379 2360 4435 Iesu
2377 4380 2568 4438 Christi
2592 4383 2860 4440 Nasareni
2878 4405 3034 4460 surge
3047 4401 3095 4445 et
3123 4395 3353 4450 ambula.
3379 4397 3430 4451 7.
3457 4397 3524 4451 Et

1909 4471 2234 4538 apprehensa
2254 4491 2410 4526 manu
2428 4477 2540 4546 ejus
2556 4478 2761 4544 dextra,
2781 4481 3022 4537 «(leuarit
3039 4469 3174 4538 eum.
3215 4491 3289 4542 lla
3321 4489 3448 4544 fet-it
3468 4501 3522 4546 et

1907 4562 2180 4628 Christus.
2202 4582 2347 4636 stupe
2376 4567 2595 4624 manuni
2627 4573 2888 4641 porrexit,
2909 4578 3124 4644 quando
3152 4594 3306 4633 erant
3333 4583 3387 4636 iu
3418 4586 3523 4640 ﬁde

1911 4654 2259 4722 inﬁrmiores,
2281 4668 2421 4713 utne
2438 4660 2714 4717 videretur
2734 4681 2822 4718 res
2853 4681 2922 4721 ex
2953 4681 3147 4736 Sponte
3176 4686 3271 4725 sua
3293 4673 3432 4729 ﬁeri.
3455 4676 3524 4730 Ιιί

1909 4751 2234 4820 apprehensa
2271 4770 2430 4808 manu
2455 4757 2566 4827 ejus
2591 4758 2788 4824 dextra,
2821 4760 3062 4817 allceaoit
3089 4782 3226 4820 eum.
3262 4768 3376 4824 lloc
3407 4788 3524 4826 ma—

1911 4842 2163 4897 nifestam
2214 4844 2343 4899 fecit
2381 4851 2834 4904 resurrectionem
2860 4870 2875 4906 :
2902 4853 3018 4908 Inec
3041 4858 3243 4926 quippe
3273 4875 3524 4917 resurre-

1909 4936 2106 4988 ctionis
2135 4937 2312 5006 imago
2336 4948 2474 4993 erat.
2506 4940 2573 4995 Et
2604 4945 2843 5011 protinus
2871 4949 3206 5003 consolidant
3231 4965 3350 5006 sunt
3379 4955 3524 5010 bases

1909 5028 2023 5096 ejus
2047 5038 2090 5081 et
2120 5028 2330 5098 plantis,
2354 5034 2411 5087 8.
2439 5042 2486 5085 et
2513 5036 2753 5090 assiliens
2777 5040 2914 5092 stetit
2930 5081 2944 5097 ,
2969 5051 3015 5094 et
3034 5045 3367 5098 mubulnbnta
3381 5047 3523 5102 Teu-

1913 5129 2032 5173 taus
2059 5119 2195 5174 forte
2224 5125 2461 5192 seipsuui
2482 5166 2498 5189 ,
2546 5134 2602 5180 et
2629 5128 2891 5196 majorem
2919 5129 3314 5200 experientiam
3350 5139 3520 5195 faeie-

1911 5209 1997 5263 bat
2024 5253 2041 5275 ,
2075 5228 2202 5264 imm
2231 5213 2428 5268 frustra
2458 5215 2509 5268 id
2537 5215 2736 5272 factum
2769 5232 2934 5275 esset.
2969 5223 3172 5279 Inﬁrmi
3204 5227 3325 5296 ejus
3353 5231 3522 5299 [ii-des

1910 5314 2102 5367 erant,
2135 5321 2241 5359 non
2292 5308 2542 5363 abseissi.
2579 5311 2807 5378 Quidam
2839 5331 2970 5369 vero
2997 5313 3185 5372 dicimt
3233 5320 3407 5387 igSum
3438 5326 3524 5376 in.

1910 5397 2108 5451 ('cdcre
2137 5402 2447 5455 liescivissc.
2479 5401 2544 5454 Et
2568 5403 2776 5458 intrarit
2803 5422 2919 5458 cum
2940 5408 3044 5460 illis
3071 5425 3123 5462 in
3147 5411 3392 5480 (turpium
3417 5432 3530 5467 um-

1912 5489 2114 5542 buluns.
2150 5489 2292 5544 Vere
2326 5493 2686 5550 admiratione
2737 5497 2895 5566 digna
2957 5516 3044 5554 res
3094 5514 3235 5556 erat.
3287 5503 3406 5558 t\'oii
3450 5509 3524 5561 illi

1913 5583 2088 5650 ipsum
2113 5583 2341 5646 ducunt,
2370 5586 2464 5638 sed
2493 5591 2759 5658 sequitur,
2781 5602 2834 5645 ct
2857 5593 3136 5660 sequendo
3160 5595 3531 5654 lienefaenirvs

1909 5675 2184 5737 ostendit;
2214 5685 2378 5745 atque
2405 5677 2567 5732 etiam
2598 5681 2742 5749 quod
2770 5683 3028 5738 exsilicns
3058 5685 3302 5741 laudaret
3331 5689 3524 5759 Deum,

1910 5783 2022 5824 rion
2051 5767 2173 5826 illos
2206 5769 2523 5825 admirando
2553 5773 2710 5827 lauda
2752 5789 2800 5838 s,
2830 5777 2925 5830 sed
2954 5777 3142 5843 Deum,
3173 5781 3262 5850 qui
3293 5799 3386 5852 per
3412 5785 3535 5842 ilio!

1912 5875 2169 5934 operatus
2197 5874 2335 5921 erat.
2389 5864 2460 5918 lia
2493 5877 2647 5936 grato
2678 5868 2757 5920 i'ir
2786 5869 2969 5922 animo
3007 5881 3146 5927 erat.
3199 5874 3305 5929 Sed
3340 5879 3525 5947 priora
