4054 6396
570 393 632 449 τι
1323 380 1380 440 s.
1420 373 1695 436 JOANSIS
1730 366 2202 428 CllRYSOSTOMl
2242 363 2559 420 AltClllEl‘.
2600 355 3130 420 coxsraivrtxo‘r.
3352 330 3355 333 ’
3795 361 3863 415 τι

574 515 895 576 repetamus.
928 496 1272 553 Ascendebant
1296 534 1312 561 ,
1360 493 1551 561 inquit,
1594 490 1661 542 ad
1696 489 1870 576 lteram
1909 484 2149 576 orationis

571 570 787 649 tto-nam.
842 582 1106 645 FortaSSis
1134 586 1226 639 illo
1262 588 1499 651 tempore
1527 572 1865 645 deporlatutn
1906 570 2153 627 claudum

577 687 933 755 deponebant,
965 680 1177 752 quando
1207 692 1435 732 maxunc
1468 670 1763 728 intrabatur
1790 672 1840 722 in
1876 665 2153 732 templum.

575 780 650 834 Ne
670 778 788 846 quis
809 790 937 831 vero
965 773 1191 843 putaret,
1216 770 1283 824 ob
1300 768 1455 821 aliam
1480 780 1590 819 rem
1614 764 1950 831 deportatum
1971 757 2153 820 fuisse,

574 879 628 923 ct
656 885 762 921 non
808 879 863 919 ttt
899 865 1203 933 aecipcl‘et;
1250 860 1370 912 vide
1420 854 1687 925 quomodo
1726 851 1775 905 id
1805 850 1949 904 clare
1990 846 2156 915 signi-

577 962 730 1025 licel,
775 957 1001 1011 dicendo
1035 972 1048 1008 :
1082 947 1343 1006 Ponebant
1372 947 1518 1001 illum
1549 957 1601 996 ut
1631 944 1996 1009 eleemosgnam
2019 936 2157 988 acci—

577 1062 715 1122 peret
740 1050 800 1103 ab
826 1046 1192 1101 introeuntibus
1219 1043 1272 1094 in
1309 1039 1569 1108 templum.
1616 1033 1737 1087 Ideo
1766 1036 1820 1084 et
1851 1030 1966 1099 loca
2006 1042 2157 1079 com-

590 1142 850 1196 memorat
891 1140 940 1191 in
962 1138 1327 1204 argumentum
1351 1142 1535 1183 eorum
1573 1139 1690 1193 qum
1724 1120 1929 1176 scribit.
1955 1117 2017 1170 Et
2040 1130 2154 1179 cur,

577 1232 805 1302 inquies,
824 1229 971 1283 illum
991 1240 1094 1279 non
1110 1221 1325 1279 Christo
1346 1213 1705 1273 adduxerunt?
1729 1212 1884 1265 Forte
1902 1206 2161 1302 increduli

576 1299 731 1377 erant
769 1320 843 1385 ii,
892 1318 979 1385 qui
1021 1314 1217 1383 templo
1249 1310 1555 1365 assidehant
1583 1349 1596 1372 ,
1630 1299 2059 1376 quandoquidem
2092 1312 2159 1352 ne

575 1411 830 1479 apostolis
850 1407 1063 1478 quidem
1084 1406 1255 1474 ipsum
1275 1402 1612 1462 obtulerunt,
1636 1411 1754 1450 cum
1782 1392 2022 1446 viderent
2042 1389 2160 1442 illos

575 1501 819 1572 ingredi,
859 1508 977 1569 post
1007 1507 1083 1552 tot
1108 1497 1248 1551 edita
1280 1491 1554 1546 miracula.
1587 1486 1837 1558 Rognbat,
1872 1483 2063 1553 inquit,
2104 1489 2159 1533 ut

576 1594 945 1661 ele'en‘tosynam
974 1589 1239 1656 acciperet.
1285 1583 1441 1637 Forte
1468 1598 1529 1635 ex
1563 1579 1743 1633 habitu
1772 1576 1892 1630 illos
1917 1584 1973 1629 ut
1998 1585 2160 1644 quos-

579 1684 699 1736 dam
735 1684 849 1750 pios
876 1680 1018 1733 viros
1044 1675 1401 1737 existimavit;
1431 1672 1658 1739 ideoque
1689 1668 1913 1721 detinuit
1937 1666 2049 1720 eos.

649 1772 832 1825 l’etrus
871 1784 1022 1839 quam
1064 1769 1257 1820 alienus
1294 1783 1325 1817 a
1368 1760 1757 1833 [estw—Vide
1800 1768 1997 1820 autem,
2029 1762 2159 1826 qu‘o-

575 1863 735 1917 modo
761 1861 993 1916 Joannes
1035 1858 1227 1925 ubique
1253 1857 1440 1918 sileat;
1486 1854 1676 1907 Petrus
1703 1853 1827 1905 vero‘
1858 1850 2017 1905 etiam
2062 1863 2160 1917 pro

578 1957 669 2007 illo
695 1954 951 2005 rationem
979 1948 1167 2003 reddat
1192 1966 1202 2000 :
1231 1946 1504 2015 Argentum
1530 1954 1577 1997 et
1598 1947 1780 1996 aurum
1804 1958 1899 1994 non
1922 1942 1992 1993 est
2014 1940 2156 2003 mihi;

576 2041 759 2110 inquit.
816 2038 930 2093 Non
961 2038 1123 2099 dixit,
1156 2031 1253 2089 llic
1285 2049 1392 2087 non
1424 2032 1626 2097 habeo,
1680 2043 1731 2084 ut
1766 2046 1861 2083 nos
1890 2030 2115 2083 dicimus
2139 2068 2155 2093 ,

575 2133 667 2187 sed
701 2142 945 2200 prersus,
988 2127 1104 2182 Non
1138 2125 1328 2179 habeo.
1378 2124 1514 2189 Quid
1546 2137 1673 2193 ergo
1702 2119 1963 2175 claudus?
2005 2118 2156 2172 Mene

576 2224 865 2292 supplicem
896 2219 1123 2290 despicis
1149 2218 1170 2271 ?
1198 2217 1309 2269 Non
1335 2257 1347 2281 ,
1382 2217 1571 2285 inquit;
1606 2214 1698 2268 sed
1737 2213 1803 2266 de
1834 2214 1898 2266 iis
1923 2228 2042 2281 qtue
2065 2211 2159 2264 ha-

578 2313 677 2365 beo
705 2312 905 2378 accipe.
966 2307 1168 2370 Viden‘,
1200 2307 1471 2373 quomodo
1499 2319 1527 2356 a
1555 2305 1690 2357 fastu
1718 2302 1921 2355 alienus
1958 2302 2028 2354 sit
2057 2300 2158 2355 Pe-

578 2415 689 2457 trus
715 2445 728 2467 ,
763 2416 861 2455 nec
890 2412 947 2455 se
976 2409 1209 2453 oS'entet
1239 2399 1396 2451 etiam
1430 2397 1476 2449 ei
1502 2437 1517 2461 ,
1568 2395 1659 2464 qui
1690 2408 1719 2446 a
1755 2409 1813 2448 se
1844 2392 2157 2446 beneﬁcium

576 2504 886 2561 accepturus
912 2490 1036 2544 est?
1078 2488 1150 2559 0s
1180 2489 1351 2555 itaque
1380 2496 1435 2538 et
1465 2498 1655 2537 manus
1688 2492 1853 2535 totum
1887 2481 2153 2535 fecerunt.

577 2584 735 2639 Tales
760 2591 912 2637 erant
949 2580 1114 2634 JUd‘JBl
1163 2578 1526 2631 claudicantes
1564 2591 1579 2640 ;
1612 2582 1665 2628 et
1694 2588 1815 2627 cum
1849 2587 1985 2642 opus
2014 2581 2158 2626 esset

575 2681 855 2735 sanitatem
884 2689 1063 2747 petere
1084 2716 1097 2738 ,
1130 2675 1206 2727 illi
1236 2672 1413 2741 potius
1446 2670 1699 2739 pecunias
1728 2667 1981 2737 petebant
2008 2666 2157 2720 ltumi

575 2771 810 2841 iacentes
838 2785 851 2819 :
884 2768 970 2835 qui
1002 2773 1055 2819 et
1088 2765 1206 2818 ideo
1235 2761 1433 2830 templo
1459 2758 1768 2814 assidebatit
1792 2800 1807 2824 ,
1838 2768 1893 2811 ut
1921 2758 2159 2811 ditaren-

579 2873 681 2915 tur.
740 2859 873 2927 Quid
918 2858 1073 2926 igitur
1112 2854 1349 2909 Petrus?
1408 2850 1521 2905 Non
1567 2850 1812 2919 despexit
1850 2865 2008 2910 eum,
2055 2858 2159 2903 non

576 2952 791 3006 divitem
820 2947 1091 3017 quaesivit,
1125 2959 1224 2998 nec
1251 2944 1420 3007 dixit,
1463 2940 1570 2995 Nisi
1605 2941 1656 2994 in
1686 2940 1776 2993 illo
1806 2939 1893 2993 flat
1927 2939 2159 2993 miracu-

577 3044 682 3097 lum
709 3083 724 3105 ,
771 3038 900 3092 nihil
933 3050 1179 3106 magnum
1211 3035 1314 3087 erit
1347 3049 1359 3085 :
1393 3048 1495 3085 non
1532 3032 1790 3085 honorent
1821 3030 2158 3099 exspectavit

577 3133 645 3186 ah
672 3132 782 3193 illo,
814 3144 983 3197 neque
1016 3125 1369 3195 pra'setttihus
1398 3121 1716 3190 quibusdam
1741 3122 1944 3174 curavit
1973 3121 2154 3174 illum:

576 3230 693 3277 erat
718 3220 858 3275 enim
889 3219 967 3271 vir
996 3220 1046 3271 in
1079 3218 1318 3285 ingressu
1347 3256 1360 3279 ,
1396 3228 1499 3267 non
1536 3213 1676 3266 intus
1698 3254 1712 3275 ,
1758 3213 1843 3265 ubi
1879 3222 1994 3267 erat
2026 3212 2161 3265 mul-

579 3312 769 3367 titudo.
794 3311 857 3364 At
887 3309 1013 3363 nihil
1038 3308 1229 3362 horum
1256 3306 1501 3375 quatsivit
1525 3299 1731 3370 Petrus,
1763 3320 1934 3374 neque
1957 3308 2164 3376 ingres-

578 3414 669 3459 sus
699 3402 1032 3471 prtedicavit,
1077 3399 1170 3453 sed
1210 3412 1278 3451 ex
1307 3397 1421 3449 solo
1450 3396 1632 3450 habitu
1660 3395 1904 3450 claudum
1932 3398 2153 3451 attraxit

580 3497 645 3551 ad
692 3494 996 3564 petendum.
1028 3478 1288 3559 Quodque
1321 3489 1511 3541 mirum
1540 3498 1659 3551 est,
1712 3488 1799 3541 ille
1830 3490 2007 3542 statim
2038 3503 2156 3543 cre-

581 3589 733 3642 didit.
781 3586 910 3640 Nam
938 3585 1026 3653 qui
1058 3598 1087 3635 a
1126 3582 1345 3635 diutinis
1386 3580 1586 3635 tttot'hls
1616 3580 1820 3633 liberati
1862 3588 2025 3646 sunt,
2069 3578 2157 3635 vii

578 3682 801 3737 eredunt
822 3679 984 3733 etiam
1010 3690 1072 3730 ea
1097 3689 1216 3745 qua:
1248 3673 1446 3727 vident.
1480 3672 1545 3725 Et
1573 3680 1788 3726 sanatus
1817 3671 2009 3727 deinde
2037 3688 2159 3727 cum

582 3770 838 3841 apostolis
863 3779 997 3833 erat,
1026 3767 1226 3836 gratias
1256 3772 1419 3835 agens
1450 3764 1578 3817 Deo.
1612 3761 1675 3816 Et
1704 3762 1931 3831 intravit,
1966 3762 2156 3832 inquit,

584 3875 697 3916 tum
724 3862 824 3915 illis
852 3861 904 3913 in
942 3858 1217 3926 templum,
1248 3856 1512 3908 ambulans
1532 3896 1546 3919 ,
1592 3854 1827 3908 exsilia"
1853 3865 1901 3907 et
1941 3854 2159 3908 (abdam

582 3954 766 4008 Deum.

652 4045 707 4098 2.
753 4042 916 4104 Vide,
947 4038 1217 4108 quomodo"
1242 4054 1345 4091 non
1377 4039 1617 4107 quiescat
1643 4075 1657 4100 ,
1688 4047 1797 4089 tum
1828 4051 1895 4091 ex
1926 4029 2119 4107 gaudio
2139 4077 2154 4103 ,

584 4143 695 4192 ttnn
726 4144 782 4188 ut
820 4131 1019 4187 Judzeis
1044 4144 1136 4184 ora
1166 4130 1427 4183 obstruat.
1461 4128 1530 4185 Ut
1557 4138 1734 4182 autem
1766 4128 1973 4183 videtur
2005 4129 2156 4194 mihi,

585 4245 651 4284 tre
683 4227 955 4282 videretur
991 4222 1243 4278 ementita
1283 4224 1402 4285 res,
1450 4220 1567 4273 ideo
1610 4222 1721 4288 ipse
1760 4220 1972 4273 saltavit
2007 4238 2019 4275 τ
2063 4219 2161 4277 h'oc

582 4319 723 4373 c‘nim
755 4316 898 4369 nullo
926 4312 1084 4367 modo
1112 4312 1347 4365 sim‘ulari
1380 4310 1604 4379 patera’t.
1638 4310 1737 4377 Qui
1768 4314 1911 4364 e‘nim
1940 4312 2162 4364 omnino

586 4413 691 4461 nan
720 4412 927 4475 poterat
971 4401 1259 4465 incedere,
1311 4401 1447 4453 fatue
1489 4399 1646 4453 etiam
1680 4406 1941 4469 cogente;
1989 4410 2162 4471 neque

585 4499 729 4553 enim
773 4495 1030 4548 voluisset
1067 4507 1189 4546 cum
1223 4492 1411 4560 bajulis
1451 4492 1821 4561 eleemosynas
1850 4493 2071 4561 partiri,
2116 4495 2160 4549 si

584 4590 731 4645 stilus
760 4589 839 4642 ire
865 4586 1160 4655 potuisset;
1191 4584 1354 4637 multo
1383 4585 1550 4653 magis
1578 4595 1722 4639 tunc.
1764 4587 2040 4653 Quomodo
2067 4604 2164 4642 an-

586 4687 692 4735 tem
731 4677 1033 4732 simulasset
1062 4676 1112 4728 in
1143 4675 1363 4743 gratiam
1394 4690 1575 4729 eorum
1601 4717 1616 4743 ,
1648 4676 1735 4746 qui
1766 4675 2161 4749 elcemosynam

590 4783 695 4823 non
724 4766 1026 4821 dederant?
1053 4765 1158 4819 Sed
1189 4766 1322 4835 grati
1348 4764 1513 4818 animi
1540 4765 1619 4819 vir
1644 4778 1777 4831 erat,
1812 4769 1972 4822 etiam
2001 4770 2162 4839 adep-

591 4871 673 4912 tus
701 4860 1000 4911 sanitatem.
1037 4856 1292 4925 Utrinque
1314 4871 1441 4925 ergo
1470 4856 1640 4911 lidelis
1668 4858 1989 4926 ostenditur,
2015 4870 2070 4914 et
2096 4878 2160 4916 ex

594 4950 874 5019 gratiarum
905 4948 1113 5001 actione
1133 4987 1147 5012 ,
1190 4952 1245 5002 et
1271 4962 1337 5001 ex
1364 4960 1429 5002 eo
1459 4947 1598 5017 quod
1630 4949 1841 5003 accidit.
1889 4950 2002 5005 Non
2034 4967 2163 5007 sane

597 5038 837 5093 nnnibus
863 5043 1020 5094 news
1044 5047 1197 5102 erat;
1250 5038 1388 5093 tmde
1414 5048 1468 5093 et
1497 5041 1859 5108 agnoscebant
1887 5041 2057 5096 illum.
2104 5043 2159 5098 9.

599 5132 654 5189 Et
698 5131 820 5186 vidit
851 5146 965 5184 eum
989 5169 1004 5195 ,
1049 5129 1253 5198 inquit,
1299 5131 1462 5182 omnis
1503 5130 1719 5199 populus
1748 5132 2085 5186 ambulantem
2115 5144 2162 5188 et

603 5222 875 5282 hndmttem
907 5222 1088 5275 Deum.
1119 5220 1206 5276 ιο.
1238 5220 1712 5292 Cognoscebuntqne
1738 5225 1903 5293 ipsum
1930 5240 2055 5285 esse,
2078 5228 2163 5297 qui

604 5316 658 5367 int
691 5314 1057 5381 eluetttosyttam
1090 5311 1287 5364 sedebat
1316 5312 1383 5364 ad
1410 5311 1705 5381 Speciosam
1736 5326 1931 5383 portam
1972 5317 2165 5386 templi.

592 5406 734 5457 liene
758 5405 895 5457 dixit
919 5445 933 5466 ,
974 5403 1345 5473 Cognoscebant
1376 5419 1393 5456 :
1421 5418 1544 5457 nam
1576 5416 1757 5473 postea
1788 5423 1891 5460 non
1918 5409 2168 5478 Cognosci

591 5499 793 5561 ttepit:
829 5496 925 5547 hac
951 5494 1146 5562 quippe
1190 5499 1317 5547 v'oce
1361 5494 1557 5547 utimur
1596 5496 1737 5549 circa
1776 5513 1904 5562 eos,
1950 5500 2037 5567 qui
2084 5501 2167 5554 vis

584 5593 959 5653 agnoscuntur.
978 5584 1134 5639 Credi
1157 5598 1285 5654 ergo
1304 5588 1602 5653 oportebat,
1626 5590 2024 5644 nontenChristi
2050 5609 2147 5661 pec

590 5684 705 5729 cata
734 5674 1006 5728 dimittere
1030 5715 1046 5740 ,
1074 5676 1215 5744 quod
1244 5685 1388 5729 tanta
1417 5690 1745 5745 operaretur.
1776 5680 1863 5733 ll.
1890 5680 2015 5735 Cum
2039 5695 2172 5735 tene-

584 5775 659 5820 ret
688 5776 854 5820 autem
880 5766 925 5821 is
948 5805 964 5833 ,
994 5768 1079 5837 qui
1104 5780 1315 5822 sanatus
1342 5773 1528 5838 fuerat,
1559 5752 1770 5825 Petrum
1804 5782 1848 5827 et
1878 5772 2167 5845 Joannem,

2264 480 2494 533 convenit
2540 482 2704 532 omnis
2749 482 2972 550 populus
3008 480 3076 531 ad
3126 477 3375 546 porticum
3412 491 3528 546 qum
3570 477 3868 545 appellatur

2262 570 2576 635 Salomonis,
2607 581 2880 639 stupentes.
2913 572 2987 623 lix
3017 564 3387 623 benevolentia
3414 581 3468 620 et
3490 566 3734 620 amicitia
3759 583 3865 621 non

2259 661 2604 727 separabatur
2643 662 2711 714 ah
2743 662 2871 729 ipsis
2900 660 3121 715 claudus
3142 700 3155 721 ,
3206 658 3432 713 fortasse
3467 659 3671 729 gratias
3700 668 3868 729 agens

2261 761 2314 804 et
2340 751 2559 805 laudans
2583 752 2720 804 illos.
2753 751 2819 803 Et
2843 750 3155 813 occurrebat,
3190 750 3392 820 inquit,
3428 750 3591 802 omnis
3620 750 3868 817 papulas.

2266 841 2351 895 12.
2395 841 2578 894 Viden:
2609 853 2773 898 autem
2804 843 2919 894 illos
2953 842 3163 905 Petrus,
3195 842 3476 911 respondit.
3515 842 3727 894 Rursus
3760 842 3871 908 ipse

2263 942 2318 986 et
2343 944 2592 1001 operatur
2620 944 2671 985 et
2701 934 3070 987 concinnatur.
3103 931 3238 986 Tum
3270 932 3484 1000 quidem
3529 933 3653 985 illos
3679 932 3750 985 ad
3780 949 3873 986 au-

2262 1024 2514 1078 diendum
2542 1027 2792 1080 excitavit
2821 1026 3117 1094 linguardm
3148 1024 3484 1086 miraculum,
3518 1032 3664 1078 nunc
3689 1032 3870 1079 autem

2264 1113 2367 1168 hoc
2394 1116 2599 1185 signum
2626 1134 2639 1170 :
2665 1122 2718 1170 et
2744 1127 2869 1169 tunc
2896 1115 3175 1169 exordium
3205 1114 3357 1167 duxit
3382 1130 3409 1166 a
3450 1114 3701 1181 crimine,
3727 1130 3873 1170 nunc

2264 1206 2330 1258 ah
2359 1206 2632 1274 opinione.
2685 1207 2968 1260 Videamus
3013 1216 3191 1259 autem
3215 1246 3230 1271 ,
3272 1205 3399 1273 quid
3426 1205 3493 1259 ab
3523 1206 3614 1260 illa
3656 1204 3873 1261 diﬂ'erat

2265 1296 2380 1351 lucc
2404 1300 2625 1364 cencio,
2658 1301 2712 1352 et
2741 1298 2867 1367 quid
2902 1313 3187 1353 commune
3218 1314 3338 1351 cum
3384 1298 3472 1351 illa
3516 1299 3735 1353 haheat.
3772 1298 3871 1353 llla

2264 1386 2407 1442 domi
2440 1390 2597 1443 ﬁebat
2619 1432 2632 1455 ,
2665 1405 2783 1443 cum
2816 1405 2975 1443 nemo
3004 1390 3180 1443 adhuc
3208 1390 3539 1455 accessisset,
3573 1406 3675 1445 nec
3708 1391 3872 1460 quida

2264 1481 2403 1548 piam
2433 1481 2503 1533 illi
2531 1482 2733 1550 operati
2767 1480 3029 1543 fuissent;
3066 1480 3179 1534 hzec
3208 1496 3337 1534 vero
3364 1481 3615 1535 omnibus
3658 1482 3871 1536 miran-

2265 1572 2406 1625 tlhus
2430 1613 2442 1635 ,
2498 1572 2588 1625 illo
2614 1575 2703 1641 qui
2734 1582 2950 1627 sanatus
2985 1572 3171 1626 fuerat
3192 1588 3358 1641 prope
3388 1572 3633 1628 adstante
3658 1612 3673 1637 ,
3709 1573 3868 1627 nullo

2263 1660 2571 1725 dubitante,
2619 1672 2678 1715 ut
2722 1670 2875 1726 tunc,
2926 1678 3044 1717 cum
3090 1661 3302 1731 quidam
3346 1661 3598 1716 dicebant
3642 1663 3873 1718 :Musto

2264 1752 2536 1819 plcnisnnt
2588 1751 2739 1822 (Act.
2778 1752 2833 1805 2.
2868 1754 2930 1807 l3
2958 1755 2995 1821 ).
3041 1752 3105 1805 Et
3149 1761 3273 1806 tunc
3316 1751 3405 1806 ille
3445 1767 3566 1807 cum
3609 1753 3874 1822 apostolis

2265 1843 2512 1898 ottin'thtts
2552 1842 2906 1912 loquebatur,
2958 1859 3098 1897 nunc
3134 1852 3254 1896 cum
3305 1844 3419 1897 Solo
3462 1842 3672 1899 Joanne
3707 1862 3719 1896 :
3753 1846 3871 1915 jam

2264 1934 2405 2001 enim
2438 1934 2525 1987 ille
2552 1944 2606 1987 et
2635 1934 2988 1987 conﬁdentius
3019 1934 3253 2002 loquitur
3278 1943 3331 1988 et
3377 1934 3775 1989 vehementius.

2346 2017 2512 2080 Virtus
2530 2043 2724 2094 semper
2741 2030 2940 2096 pro/itit
2962 2072 2976 2093 ,
3011 2046 3281 2099 numquam
3319 2032 3535 2101 gradum
3557 2032 3708 2085 sistit.
3740 2030 3874 2085 Pec-

2265 2130 2376 2173 cata
2405 2131 2519 2173 sunt
2559 2122 2983 2189 spiam—Talis
3018 2123 3212 2191 quippe
3245 2138 3329 2177 res
3356 2134 3437 2177 est
3468 2125 3637 2179 virtus
3666 2142 3681 2178 :
3713 2125 3873 2178 initio

2264 2220 2479 2279 sumpto
2512 2211 2868 2279 progreditur,
2899 2221 2952 2265 et
2981 2227 3266 2281 numquam
3293 2213 3515 2281 gradum
3542 2216 3704 2269 sistit.
3731 2215 3875 2271 Vide

2264 2309 2439 2354 autem
2498 2302 2767 2370 quomodo
2809 2304 3079 2370 provisum
3126 2304 3215 2370 sit,
3251 2314 3306 2358 ut
3338 2306 3391 2359 in
3424 2308 3622 2376 templo
3651 2308 3870 2379 s’gnum

2267 2391 2437 2459 fieret,
2468 2403 2591 2446 utet
2610 2394 2697 2446 alii
2729 2395 3079 2449 conﬁderent.
3106 2394 3289 2465 Neque
3312 2399 3452 2452 enim
3475 2399 3525 2453 in
3553 2402 3749 2470 angulo
3781 2403 3871 2458 vel

2264 2483 2400 2536 clam
2427 2484 2551 2537 illud
2584 2494 2911 2554 operantur;
2953 2497 3006 2540 at
3059 2504 3235 2557 neque
3276 2490 3414 2543 intra
3446 2492 3704 2562 templum
3726 2534 3741 2559 ,
3775 2496 3870 2550 tibi

2266 2582 2455 2643 magna
2492 2584 2606 2627 erat
2636 2577 2940 2631 multitudo.
2981 2578 3260 2644 Quomodo
3300 2590 3503 2646 autem,
3539 2582 3773 2654 inquies,
3810 2585 3868 2640 id

2264 2666 2523 2720 creditum
2545 2667 2679 2721 fuit?
2706 2669 2836 2735 Quia
2872 2671 2914 2722 is
2938 2670 3068 2737 ipse,
3097 2672 3185 2739 qui
3210 2680 3431 2726 sanatus
3466 2672 3661 2739 fuerat,
3696 2676 3872 2732 bene-

2267 2756 2440 2810 ficium
2476 2758 2815 2825 prredicahat.
2848 2759 3029 2829 Neque
3058 2763 3197 2815 enim
3238 2764 3495 2817 mentitus
3522 2764 3731 2830 fuisset,
3763 2783 3868 2823 ne-

2271 2847 2376 2915 que
2404 2848 2470 2901 ad
2498 2850 2631 2903 alios
2679 2849 2934 2918 quosdam
2964 2852 3212 2906 venisset.
3246 2852 3408 2922 Igitur
3434 2855 3519 2909 ubi
3549 2857 3714 2910 latum
3744 2862 3873 2925 spa-l

2266 2934 2395 2989 tium
2419 2948 2556 3002 erat,
2588 2938 2656 2992 ibi
2674 2940 2879 3007 signum
2909 2942 3111 3008 operati
3137 2952 3296 3006 sunt;
3324 2945 3475 3012 quasi
3508 2948 3656 3001 locus
3685 2963 3874 3003 semo-

2266 3038 2351 3084 tus
2393 3039 2554 3083 esset.
2602 3028 2669 3083 Et
2713 3029 2831 3084 vide
2873 3031 2997 3099 quid
3031 3032 3223 3087 factuiu
3285 3035 3371 3087 sit.
3420 3034 3499 3089 Ad
3540 3037 3699 3091 aliam
3748 3052 3872 3095 rem

2268 3121 2585 3185 ascendunt,
2627 3131 2681 3175 et
2728 3121 2869 3175 aliud
2916 3135 3221 3191 operantur.
3252 3125 3341 3180 Sic
3373 3138 3427 3193 et
3449 3128 3736 3185 Cornelius
3762 3132 3870 3186 alia

2262 3211 2510 3280 jejunans
2538 3212 2876 3281 precabatur,
2927 3221 2981 3265 et
3023 3213 3126 3267 alia
3178 3215 3335 3269 videt.
3371 3217 3641 3273 llactenus
3667 3222 3871 3290 ubique

2263 3300 2535 3357 Christum
2562 3302 2894 3357 Naztrcnum
2923 3304 3208 3373 appellant.
3233 3305 3298 3359 In
3323 3310 3523 3362 nomine
3551 3308 3680 3363 Jcsu
3716 3312 3873 3366 Chri-

2262 3389 2328 3446 sll
2369 3390 2653 3459 Nazareni,
2686 3394 2873 3462 inquit,
2906 3412 3056 3465 surge
3095 3408 3138 3449 et
3195 3398 3415 3451 ambula.
3459 3398 3673 3455 interitu
3719 3406 3870 3460 enim

2263 3481 2392 3536 illttd
2420 3488 2778 3553 qmerehatur,’
2812 3495 2867 3538 ιιι
2893 3487 2989 3554 ipsi
3021 3488 3351 3543 crederetur.
3384 3490 3488 3545 Sed
3520 3502 3606 3556 n'e,‘
3638 3510 3827 3562 quasso
3850 3537 3869 3561 ,

2264 3579 2413 3630 initio
2434 3579 2692 3632 Orationis
2716 3578 3019 3633 latisCamus
3041 3598 3054 3646 ;
3076 3582 3165 3635 sed
3186 3585 3390 3636 etiamsi
3417 3585 3536 3653 quis
3559 3599 3677 3654 post
3703 3582 3873 3643 enaré

2265 3682 2436 3725 ratum
2480 3671 2685 3727 faeinus
2732 3670 2961 3737 deSinat,
3016 3674 3221 3728 initium
3273 3680 3595 3746 repetamus.
3630 3678 3686 3735 Si
3729 3680 3872 3738 bene

2264 3762 2437 3816 alTecti
2468 3762 2656 3827 simus,
2685 3765 2791 3817 cito
2812 3764 2876 3816 ad
2910 3764 3066 3817 linem
3094 3767 3483 3834 perveniemus,
3518 3770 3625 3823 cito
3648 3771 3875 3829 culmcrl

2266 3856 2604 3923 attingemus.
2634 3854 2874 3908 Studium
2909 3856 3070 3915 enim.
3108 3858 3295 3925 inquit,
3330 3860 3561 3912 studium
3607 3874 3865 3931 generat;

2267 3947 2472 4015 ignavia
2498 3948 2782 4015 ignaviam.
2803 3949 2899 4013 Qui
2928 3950 3193 4001 modicum
3217 3951 3485 4019 quidpiam
3512 3968 3657 4009 recte
3684 3968 3873 4024 patra-

2268 4037 2360 4093 vil.
2402 4037 2573 4105 majus
2607 4037 2876 4106 quidpiam
2923 4039 3146 4093 lidentcr
3182 4043 3510 4111 aggreditur,
3546 4056 3599 4100 et
3640 4049 3878 4105 ulterius

2269 4128 2453 4181 tendit.
2505 4129 2580 4181 Ac
2619 4129 3063 4196 quemadmodum
3107 4132 3242 4201 ignis
3284 4143 3484 4203 quanto
3528 4136 3678 4206 plura
3723 4140 3873 4210 ligna

2269 4220 2510 4289 cbrripit,
2563 4228 2711 4272 tanto
2750 4221 3116 4275 vehementior
3166 4224 3393 4279 ellicitur
3429 4230 3548 4281 :sic
3596 4238 3649 4281 et
3690 4229 3869 4286 animi

2270 4307 2448 4362 fervor
2477 4314 2675 4379 qt'tanto
2710 4305 2883 4377 plures
2913 4312 3109 4365 excitat
3151 4316 3262 4382 pias
3307 4318 3678 4387 Cogitationes,
3715 4332 3874 4377 tanto’

2274 4400 2460 4455 fortius
2486 4411 2719 4453 armatur
2748 4402 3003 4455 adversus
3033 4405 3157 4457 alia.
3205 4405 3445 4476 Exempli
3478 4424 3637 4464 causa
3674 4429 3689 4467 :
3719 4422 3871 4470 stant

2272 4495 2323 4547 in
2349 4495 2500 4548 nobis
2521 4508 2617 4545 ceu
2641 4494 2803 4561 spina:
2823 4495 3139 4563 periurium,
3166 4499 3500 4552 mendacium
3524 4545 3537 4565 ,
3567 4502 3863 4569 simulatio.

2270 4586 2441 4650 dolus,
2490 4586 2743 4653 nequitia,
2772 4588 3090 4650 convicium,
3144 4590 3461 4655 sconunata,
3496 4593 3657 4656 risus,
3690 4599 3868 4667 turpi-

2270 4678 2472 4745 loquia,
2499 4676 2850 4731 scurrilitates
2884 4695 2895 4728 :
2930 4687 3110 4731 rursus
3132 4696 3197 4732 ex
3222 4681 3387 4735 altera
3409 4695 3576 4752 parte,
3610 4690 3865 4757 avaritia,

2272 4770 2477 4837 rapina,
2526 4768 2801 4837 injustitia,
2849 4770 3216 4839 sycoplrantia,
3263 4772 3506 4839 insiditu;
3558 4777 3871 4842 iterumque

2272 4863 2699 4932 concupiscentia
2724 4865 2880 4927 ma‘a,
2912 4865 3264 4928 itumutnlitia,
3290 4866 3527 4935 lascivia,
3559 4870 3866 4935 l'orniCatio,

2272 4955 2618 5018 adulterium;
2644 4971 2707 5009 ac
2734 4971 2965 5021 rursum,
2994 4955 3209 5021 invidia,
3238 4959 3518 5029 zelotypia,
3553 4963 3652 5025 ira,
3684 4963 3863 5030 furor,

2273 5047 2584 5115 iujuriarum
2619 5047 2941 5111 recordatio,
2974 5048 3223 5111 vindicta,
3252 5052 3601 5119 blasphemia",
3632 5064 3685 5108 et
3710 5057 3873 5110 intru-

2274 5153 2419 5191 mera
2452 5138 2571 5190 talia
2607 5138 2686 5191 :si
2716 5139 2889 5206 priora
2923 5147 3065 5191 recte
3096 5141 3384 5210 egerimus,
3416 5156 3521 5196 non
3552 5143 3638 5196 illa
3667 5146 3871 5209 solum,

2274 5227 2368 5281 sed
2396 5228 2552 5280 etiam
2577 5230 2870 5296 posteriora
2899 5242 3269 5297 exsequemur.
3320 5231 3532 5285 Fortior
3555 5233 3699 5287 enim
3743 5243 3873 5291 Na-

2274 5318 2351 5372 dit
2377 5319 2585 5370 animus
2604 5318 2665 5370 ad
2690 5328 2881 5371 canora
2911 5321 3215 5377 evertenda.
3242 5321 3400 5375 Verbi
3429 5325 3594 5392 gratia
3618 5327 3705 5393 qui
3733 5334 3876 5380 mn!-

2279 5418 2386 5463 tttm
2414 5410 2633 5478 jnravit,
2667 5410 2708 5461 si
2737 5410 2877 5463 hunc
2905 5413 3197 5465 salanicnnt
3232 5429 3435 5468 morem
3464 5416 3531 5470 de
3564 5420 3739 5472 medio
3767 5426 3871 5475 tol-

2278 5501 2365 5563 lat,
2402 5517 2505 5553 non
2540 5500 2640 5554 hoc
2668 5501 2836 5553 solum
2886 5514 3028 5556 recte
3057 5506 3279 5572 peregit.
3328 5507 3420 5559 sed
3448 5517 3500 5559 et
3540 5510 3639 5560 alia
3696 5514 3871 5579 pietas

2278 5593 2487 5648 inducta
2520 5592 2643 5646 erit.
2676 5591 2862 5645 Nullus
2903 5596 3041 5648 enim
3083 5612 3185 5649 nea
3213 5596 3504 5665 jurantium
3540 5599 3695 5655 facile
3728 5605 3871 5657 volet

2275 5686 2416 5736 aliud
2448 5687 2644 5736 malum
2694 5685 2937 5753 operari;
2973 5687 3064 5740 sed
3100 5705 3258 5756 quam
3290 5702 3609 5759 assequutus
3641 5706 3721 5746 est
3753 5696 3868 5748 vir-

2281 5786 2443 5830 tutetn
2472 5776 2819 5831 rever-chitur.
2846 5778 3303 5843 Quemadmodum
3345 5784 3486 5838 enim
3520 5785 3605 5854 qui
3646 5784 3867 5855 pulchra
