4054 6400
623 422 685 475 73':
1311 415 1366 469 S.
1410 411 1699 467 JUANNIS
1737 405 2240 465 CIIRYSOSTOMI
2281 405 2612 462 ARCIILEP.
2653 404 3208 461 CONSTANTILVUP.
3837 396 3897 451 τί

621 539 761 591 λίσιι
801 533 1023 588 ἑαυτόν·
1066 532 1210 586 οῦτω
1247 532 1309 601 δὴ
1349 531 1441 583 καὶ
1488 526 1660 590 οὗτος.
1720 529 1850 581 ’Λπὺ
1905 529 1960 581 δὲ
2005 527 2197 578 τούτου

621 625 740 692 ἥξει
769 624 847 684 εἰς
879 619 941 671 1:6
961 617 1036 690 μὴ
1062 616 1396 688 ὀργίζεσθαι,
1429 616 1565 686 μηδέ
1600 614 1847 679 τύπτειν,
1878 612 2011 683 μηδὲ
2043 611 2200 681 ὑϐρί-

621 709 755 770 ζειν.
789 707 887 756 Ἂν
932 703 1040 772 γὰρ
1085 701 1232 766 ἅπαξ
1268 700 1336 752 τὰ
1367 698 1540 769 μικρά
1579 697 1921 770 κατορθώσῃ,
1974 696 2035 749 τὸ
2091 697 2200 749 πᾶν

621 792 871 861 ήνυσται.
941 786 1232 855 Συμϐαίνει
1287 784 1344 838 δὲ
1396 782 1657 846 πολλάκις
1695 782 1792 836 καὶ
1843 782 1904 834 τὸ
1937 781 2204 843 ἐναντίον,

625 875 770 939 ἅπαξ
801 869 1250 942 κατορθώσαντάς
1280 877 1312 906 ί
1355 885 1408 920 τι
1437 867 1598 920 πάλιν
1637 867 1746 920 ἀπὸ
1789 865 2062 938 ῥᾳθυμίας
2093 866 2207 928 τοῖς

625 958 807 1019 αὑτοῖς
848 955 1182 1024 περιπεσεῖν,
1230 952 1306 1015 ὡς
1350 954 1414 1005 ἐκ
1447 949 1640 1004 τούτου
1672 950 1765 1004 καὶ
1809 951 1889 1012 εἰς
1944 949 2206 1002 ἀδύνατον

626 1039 948 1110 περιστῆναι
982 1037 1166 1091 λοιπὸν
1206 1037 1267 1088 1:6
1311 1037 1562 1106 πρᾶγμα.
1596 1029 1742 1100 Οίον,
1771 1032 2048 1104 ἐθήκαμεν
2081 1033 2208 1086 ἐαυ-

625 1127 738 1188 τοῖς
778 1125 938 1194 νόμον
986 1123 1060 1192 μὴ
1081 1119 1328 1191 ὀμνύναι,
1358 1117 1797 1188 κατωρθώσαμεν
1822 1117 2035 1187 ἡμέρας
2059 1116 2208 1187 τρεῖς

626 1210 659 1279 ἢ
708 1209 801 1263 καὶ
842 1207 1116 1276 τέσσαρας
1140 1221 1152 1234 ·
1191 1206 1308 1274 μετ’
1347 1203 1561 1267 ἐκείνας
1588 1203 1668 1268 είς
1699 1203 1947 1271 ἀνάγκην
1978 1218 2207 1271 περιπεο

627 1293 830 1356 σόντες,
863 1290 924 1343 τὸ
948 1287 1237 1358 ωλλεχθέν
1265 1287 1455 1359 κέρδος
1491 1287 1637 1340 ἆπαν
1658 1285 2064 1357 ἐσκορπίσαμεν
2090 1299 2103 1314 ·
2129 1286 2209 1345 εἰς

628 1375 903 1446 ρᾳθυμίαν
959 1375 1145 1428 λοιπὸν
1183 1374 1533 1442 ἐμπίπτομεν
1591 1370 1685 1424 καὶ
1716 1370 2073 1437 ἀπόγνωσιν,
2133 1368 2211 1428 ὡς

630 1460 762 1531 μηδὲ
806 1460 916 1512 τῶν
966 1459 1144 1512 αὑτῶν
1196 1456 1438 1527 ἅψασθαι
1485 1453 1810 1525 βουληθῆναι
1869 1452 2062 1506 πάλινο
2115 1450 2210 1505 καὶ

627 1546 870 1608 εἰκότως.
915 1544 972 1597 ’0
1020 1542 1130 1613 γάρ
1174 1558 1226 1594 τι
1279 1539 1636 1608 οἰκοδομήσας
1685 1537 1884 1607 ἐαυτῷ,
1934 1532 2054 1590 εἶτα
2089 1535 2210 1588 ἰδὼν

627 1627 1008 1701 καθῃρημένον
1032 1627 1092 1678 τὸ
1116 1625 1470 1694 οἰκοδόμημα,
1502 1623 1872 1696 ῥᾳθυμότερος
1908 1621 2057 1674 ἔσται
2083 1622 2212 1692 περὶ

624 1713 688 1765 τὸ
710 1712 872 1764 πάλιν
900 1709 1220 1778 οἰκοδομεῖν.
1249 1707 1388 1760 Ἀλλ’
1409 1708 1470 1760 οὑ
1493 1707 1573 1760 δεῖ
1589 1707 1853 1779 ῥᾳθυμεῖν
1870 1705 1990 1759 οὑδέ
2005 1705 2178 1769 οὕτως
2194 1721 2207 1736 ⁸

627 1797 762 1851 ἀλλά
792 1796 949 1848 πάλιν
973 1794 1190 1863 ἔχεσθαι
1219 1794 1318 1863 τῆς
1353 1792 1606 1861 σπουδῆς.

701 1878 765 1946 γ’.
786 1877 978 1948 Θῶμεν
995 1876 1172 1929 τοίνυν
1194 1877 1407 1939 ἑαυτοῖς
1423 1875 1618 1945 νόμους
1637 1874 2211 1947 καθημερινούςοτέως

628 1965 737 2016 ἀπὸ
778 1963 886 2015 τῶν
939 1961 1178 2014 εὑκὸλων
1220 1960 1547 2031 ἀρξώμεθα·
1618 1961 2004 2033 περικόψωμεν
2054 1960 2211 2031 ἡμῶν

626 2047 727 2115 τὴν
751 2045 1078 2116 πολυορκίαν
1105 2043 1198 2097 τοῦ
1229 2045 1516 2114 στόματος,
1557 2044 1772 2114 χαλινὸν
1822 2043 2099 2115 ἐπιθῶμεν
2143 2049 2212 2116 τῇ

630 2129 866 2201 γλώττῃ,
896 2129 1083 2199 μηδεὶς
1116 2127 1332 2197 ὀμνύτω
1362 2126 1451 2180 τὸν
1483 2127 1636 2180 Θεόν.
1665 2129 1779 2181 Οὐκ
1802 2127 1948 2181 ἔστιν
1982 2128 2216 2182 ἐνταῦθα

611 2215 866 2283 Τδαπάνη,
885 2213 1144 2266 οὐκέστιν
1159 2209 1390 2264 ἐνταῦθα
1413 2211 1675 2282 κάματος,
1693 2211 1794 2266 οὑκ
1815 2212 1961 2265 ἔστιν
1983 2211 2217 2266 ἐνταῦθα

634 2301 825 2370 χρόνον
866 2298 1064 2368 μελέτη
1095 2314 1108 2326 ·
1143 2298 1302 2367 ἀρκεῖ
1339 2296 1580 2366 θελῆσαι,
1620 2296 1710 2350 καὶ
1741 2296 1800 2349 τὸ
1832 2297 1940 2349 πᾶν
1985 2297 2174 2364 γέγονε
2199 2314 2211 2328 ·

636 2382 920 2453 συνηθείας
948 2383 1055 2451 γὰρ
1081 2380 1143 2432 τὸ
1181 2380 1412 2449 πρᾶγμά
1439 2383 1573 2434 ἐστι.
1597 2379 1708 2434 Ναὶ
1736 2381 2039 2449 παρακαλῶ
2067 2381 2095 2420 b
2123 2383 2216 2435 καὶ

629 2467 842 2535 δέομαι,
897 2463 1135 2535 σπουδὴν
1191 2463 1448 2533 τοιαύτην
1491 2464 1908 2534 είσενέγκωμεν.
1974 2465 2108 2518 Εἰπὲ
2151 2465 2214 2536 δή

638 2567 750 2618 μοι,
784 2551 831 2601 εἰ
866 2551 1122 2619 χρήματα
1159 2547 1418 2601 ἐκέλευσα
1450 2550 1800 2616 εἰσενεγκεῖν,
1835 2549 1934 2602 οὑκ
1975 2549 2041 2602 ἂν
2083 2567 2216 2620 προ-

637 2634 823 2702 υύμως
862 2631 976 2702 [67]
1012 2631 1242 2694 ⁴«ἕκαστος
1279 2631 1354 2684 .τά
1381 2631 1521 2702 κατά
1562 2630 1791 2701 δύναμιν
1822 2633 2216 2696 συνεϐάλεσθε;

637 2718 690 2768 εί
712 2701 783 2786 με
819 2701 880 2770 ἐν
907 2701 1167 2777 κινδύνοις
1187 2715 1394 2783 ἑωρᾶτε
1427 2701 1538 2776 τοῖς
1570 2715 1837 2784 ἐσχάτοις,
1882 2715 1982 2768 οὑκ
2027 2716 2094 2769 ἂν
2126 2716 2221 2769 καὶ

635 2801 743 2851 ἀπὸ
769 2799 867 2868 τῆς
903 2797 1122 2867 σαρκὸς,
1149 2795 1202 2848 εἴ
1232 2813 1294 2864 γε
1322 2791 1433 2850 οἷόν
1457 2814 1513 2850 τε
1553 2793 1642 2868 ἦν,
1676 2799 2050 2868 ἀποτεμόντες
2074 2798 2220 2851 ἔδοτε

635 2886 699 2937 ἄν
726 2901 740 2948 ;
787 2883 876 2935 Ἐν
900 2880 1131 2952 κινδύνῳ
1159 2881 1254 2933 καὶ
1283 2880 1378 2933 νῦν
1403 2882 1520 2952 είμι
1548 2881 1641 2934 καὶ
1674 2881 1875 2951 πολλῷ,
1913 2883 2008 2934 καὶ
2043 2881 2118 2944 ὠς
2155 2880 2221 2934 ἂν

638 2970 686 3020 εἰ
715 2968 809 3020 καὶ
844 2965 983 3037 μετά
1007 2965 1196 3018 τούτου
1220 2966 1313 3018 καὶ
1338 2966 1709 3036 δεσμωτήριον
1738 2965 1934 3036 ᾠκουν,
1961 2967 1993 3037 ἢ
2021 2966 2221 3036 μυρίας

640 3051 830 3104 ἔλαϐον
878 3049 1114 3120 πληγὰς,
1155 3050 1188 3119 ἢ
1241 3051 1320 3112 εἰς
1361 3047 1600 3118 μέταλλα
1648 3050 1964 3119 ἐτύγχανον,
2011 3049 2111 3102 οὑκ
2154 3049 2222 3104 ἂν

641 3134 828 3188 τούτου
864 3133 1024 3187 πλέον
1052 3132 1284 3204 ἤλγησα.
1317 3133 1488 3203 Χεῖρα
1524 3133 1703 3186 τοίνυν
1723 3134 1968 3203 ὀρέξατε.
2010 3134 2224 3204 Ἐννοή-

633 3236 768 3272 -σατε
802 3218 930 3288 γὰρ,
962 3218 1084 3280 ὅσος
1116 3217 1376 3280 κίνδυνος,
1416 3216 1549 3288 μηδὲ
1596 3216 1656 3270 τὸ
1702 3218 2026 3287 μικρότατον
2068 3217 2226 3272 τοῦτο

641 3303 1000 3374 (μικρότατον
1028 3301 1084 3353 δὲ
1112 3301 1274 3370 λέγω,
1299 3301 1424 3354 ὅσον
1450 3302 1530 3363 είς
1557 3301 1717 3355 πόνον
1741 3302 1904 3372 ἥκει)
1933 3302 2224 3373 δυνηθῆναι

643 3385 1004 3459 κατορθῶσαι.
1035 3386 1099 3438 Τί
1143 3385 1252 3456 ἐρῶ
1297 3387 1418 3440 τότε
1469 3387 1904 3458 ὲγκαλούμενος;
1954 3388 2097 3442 διατί
2149 3388 2224 3459 μή

636 3469 995 3540 ,διηλέγχθης;
1026 3469 1166 3522 διατί
1194 3467 1268 3539 μὴ
1301 3469 1603 3534 ἐπέταξαςς
1643 3470 1784 3524 διατί
1817 3471 1890 3541 μὴ
1914 3471 2075 3540 νόμον
2103 3471 2226 3542 έθη-

643 3571 780 3618 κας;
833 3554 974 3605 διατί
1029 3552 1157 3614 τοὺς
1195 3551 1269 3622 μὴ
1334 3552 1690 3623 πειθομένους
1762 3555 1862 3606 οὑκ
1911 3554 2223 3620 ἐκώλυσας;

644 3639 755 3691 Οὑκ
794 3638 955 3708 ἀρκεῖ
988 3654 1080 3708 μοι
1124 3638 1318 3699 εἰπεῖν,
1361 3637 1442 3690 ὅτι
1500 3637 1847 3706 ἐνουθέτησα.
1918 3637 2078 3691 ’Δλλά
2134 3639 2227 3691 καὶ

644 3721 1030 3792 σφοδροτέρας,
1061 3721 1257 3792 φησὶν,
1275 3721 1647 3791 ἐπιτιμήσεως
1692 3721 1798 3774 ἔδει
1824 3737 1837 3750 ⁸
1891 3721 2015 3774 ἐπεὶ
2060 3721 2154 3774 καὶ
2200 3724 2227 3774 6

660 3805 805 3859 Ίιλεὶ
856 3805 1143 3858 ἐνουθέτει.
1220 3805 1379 3858 Ἀλλὰ
1431 3803 1507 3875 μὴ
1557 3805 1764 3873 γένοιτο
1803 3804 1949 3874 ὑμᾶς
2000 3804 2228 3868 ἐκείνοις

647 3888 984 3961 παραϐαλεῖν
1038 3890 1149 3951 τοῖς
1217 3887 1391 3941 παισί.
1460 3888 1722 3951 Κάκεῖνος
1778 3889 2067 3953 ἐνουθέτει,
2135 3889 2228 3941 καὶ

638 3975 838 4042 ἑλεγε’
879 3973 975 4040 Μὴ
1021 3974 1224 4029 τέκνα.
1269 3973 1357 4042 μὴ
1411 3971 1631 4025 ποιεῖτε
1671 3973 1853 4026 οὕτω⁹
1901 3971 2134 4040 πονηρὰ
2189 3974 2227 4040 ἡ

646 4058 821 4124 ἀκοὴ,
857 4055 938 4124 ἣν
953 4054 1068 4125 ἐγὼ
1094 4055 1293 4109 ἀκούω
1322 4055 1454 4123 περὶ
1491 4053 1680 4124 ὑμῶν.
1723 4054 1880 4109 Ἀλλὰ
1913 4055 2173 4126 προϊοῦσα
2196 4057 2230 4126 ή

648 4142 835 4211 Γραφή
884 4157 1066 4209 φησιν,
1102 4139 1183 4194 ὃτι
1226 4138 1326 4192 οὑκ
1371 4139 1638 4192 ἐνουθέτει
1678 4139 1804 4202 τοὺς
1849 4140 1999 4204 υἰοὺς
2040 4141 2226 4195 αὑτοῦ.

651 4223 818 4276 Τοῦτο
839 4223 897 4276 δέ
922 4223 1092 4292 λέγει,
1122 4223 1310 4293 ἐπειδὴ
1337 4224 1395 4275 οὑ
1423 4223 1690 4293 σφοδρῶς,
1720 4223 1841 4276 οὑδέ
1868 4224 1984 4293 μετ’
2007 4223 2232 4294 ἐπιπλή-

653 4307 786 4371 ξεως
814 4307 971 4361 τοῦτο
1003 4307 1193 4361 ἐποίει.
1232 4309 1354 4369 Πῶς
1382 4309 1490 4378 γὰρ
1518 4309 1618 4361 οὑκ
1643 4310 1861 4374 ἄτοπον,
1895 4309 1953 4361 ἐν
1991 4311 2089 4378 μὲν
2115 4312 2233 4374 ταῖς

655 4393 994 4459 συναγωγαῖς
1017 4390 1124 4444 τῶν
1160 4390 1429 4445 Ἰουδαίων
1451 4391 1624 4454 οὑτως
1661 4394 1914 4464 ἰσχυροὺς
1939 4389 2078 4447 εἶναι
2108 4397 2233 4458 τοὺς

654 4473 872 4543 νόμους,
930 4474 1034 4527 κᾶν
1071 4475 1100 4527 6
1136 4473 1402 4527 διδάσκων
1458 4473 1688 4547 ἐπιτάξῃ
1731 4477 1909 4530 πάντα
1950 4476 2227 4544 γίνεσθαι·

648 4557 885 4611 ἐνταῦθα
915 4558 972 4611 δὲ
1000 4557 1340 4627 οῦτωςήμᾶς
1371 4559 1886 4629 καταπεφρονῆσθαι
1929 4560 2022 4612 καὶ
2062 4563 2233 4632 ἀπερ-

653 4643 876 4714 ρίφθαι;
915 4643 990 4695 υὺ
1021 4643 1120 4711 τῆς
1151 4643 1389 4712 ἐμαυτοῦ
1417 4643 1572 4713 δόξης
1611 4661 1700 4714 μοι
1735 4644 1885 4712 μέλει
1935 4645 2097 4716 (δόξα
2127 4647 2233 4716 γὰρ

654 4727 782 4796 ἐμὴ,
821 4727 854 4797 ή
903 4726 1146 4796 ὑμετέρα
1190 4726 1601 4798 εὐδοκίμησις),
1643 4727 1776 4782 ἀλλά
1822 4732 1920 4800 τῆς
1966 4730 2236 4800 ὑμετέρας

659 4808 948 4877 σωτηρίας.
983 4809 1117 4862 Καθ’
1146 4810 1384 4878 ἑκάστην
1413 4810 1631 4879 ἡμέραν
1656 4809 1890 4881 βοῶμεν,
1937 4813 2236 4883 ἐνηχοῦμεν

659 4891 811 4961 ὑμῶν
844 4893 963 4954 ταῖς
1008 4894 1233 4955 ἀκοαῖς·
1282 4895 1310 4944 ὁ
1355 4894 1410 4946 δὲ
1441 4893 1654 4947 ἀκούων
1681 4894 1886 4959 οὑδείς·
1939 4897 2032 4949 καὶ
2086 4898 2236 4950 οὐδὲν

659 4975 886 5047 σφοδρὸν
919 4976 1360 5045 ἐπιδεικνύμεθα.
1407 4979 1704 5048 Φοϐοῦμαι,
1752 4979 1826 5050 μὴ
1871 4985 1969 5052 τῆς
2007 4983 2236 5052 ἀκαίρου

655 5062 860 5130 ταύτης
913 5060 1005 5114 καὶ
1046 5059 1242 5129 πολλῆς
1298 5061 1705 5133 φιλανθρωπίας
1748 5064 1904 5131 λόγον
1959 5065 2099 5117 κατὰ
2142 5066 2240 5136 τὴν

662 5146 959 5216 μέλλουσαν
1019 5145 1231 5215 ἡμέραν
1297 5147 1643 5216 ὑπόσχωμεν.
1723 5147 1814 5199 Διὸ
1877 5147 2084 5219 μεγάλῃ
2147 5151 2240 5201 καὶ

661 5230 889 5300 λαμπρᾷ
917 5231 983 5300 τῇ
1015 5231 1165 5300 φωνῇ
1191 5229 1444 5299 κηρύττω
1473 5232 1628 5294 πᾶσι,
1659 5233 1752 5284 καὶ
1775 5231 2238 5302 διαμαρτύρομαι,

662 5317 801 5368 ὥστε
835 5315 959 5377 τοὺς
995 5313 1093 5382 τὴν
1144 5313 1455 5382 παράϐασιν
1497 5313 1698 5384 ταύτην
1745 5315 2239 5387 ἐπιδεικνυμένους,

664 5399 787 5463 τοὺς
827 5399 894 5452 τὰ
935 5402 999 5452 ἐκ
1036 5399 1130 5452 τοῦ
1179 5398 1417 5468 πονηροῦ
1453 5397 1856 5468 φθεγγομένους
1901 5399 2098 5470 (τοῦτο
2135 5403 2242 5471 γάρ

666 5485 811 5535 ἐστιν
847 5485 874 5536 6
896 5482 1130 5553 ὅρκος),
1163 5482 1272 5535 τῶν
1294 5482 1461 5534 οὑδῶν
1486 5483 1559 5552 μὴ
1581 5482 1881 5536 ἐπιϐαίνειν
1913 5483 2022 5536 τῶν
2054 5485 2244 5555 ἐκκλη-

668 5567 980 5620 σιαστικῶν.
1013 5566 1328 5636 Προθεσμία
1353 5565 1409 5618 δὲ
1453 5563 1578 5636 ὑμῖν
1603 5567 1742 5620 ἔστω
1773 5570 1800 5622 6
1832 5568 1938 5639 μὴν
1967 5570 1994 5622 6
2035 5569 2244 5640 παρὼν,

665 5651 807 5704 ὦστε
851 5648 1214 5718 κατορθῶσαι.
1248 5651 1339 5720 Μὴ
1370 5651 1478 5720 γάρ
1507 5667 1594 5720 μοι
1622 5651 1800 5721 είπῃς,
1841 5653 1922 5705 ὅτι
1964 5654 2048 5708 Με
2076 5657 2108 5724 ή
2141 5653 2246 5706 τῶν

669 5735 1011 5805 πραγμάτων
1067 5736 1278 5803 ἀνάγκη
1329 5736 1668 5804 κατεπείγει,
1741 5737 1822 5788 ὅτι
1890 5739 2246 5807 ἀπιστοῦμαι.

669 5819 818 5882 Τέως
853 5821 977 5882 τοὺς
1018 5819 1126 5872 ἀπὸ
1168 5819 1268 5886 τῆς
1315 5819 1601 5890 συνηθείας
1633 5819 1951 5890 περίκοπτε.
1986 5819 2136 5886 Οἶδα,
2166 5825 2247 5875 ὅτι

738 5950 761 5978 ³
791 5949 937 6012 L‘nusi
959 5949 1065 5996 00d.
1089 5949 1318 6002 πολλάκις
1341 5951 1420 5996 καὶ
1455 5948 1687 6000 τοιοῦτον.
1713 5950 1812 5997 οἷον
1841 5950 1965 6005 ἅπαξ
2005 5953 2248 6012 καταρυώ-

674 6011 956 6122 ῖῗντα;.)ξτ
984 6013 1117 6060 [Tuus
1158 6014 1311 6060 codex
1353 6012 1468 6059 ἐστι.
1508 6012 1590 6060 Διὸ
1613 6013 1891 6074 παρακαλῶ,
1933 6013 2083 6063 SaVil.
2129 6011 2246 6060 ἐστι.

729 6087 882 6122 emax:
904 6091 973 6121 .ω.

729 6087 973 6136 apum.»

2309 526 2492 577 πολλοὶ
2527 526 2845 592 γελάσονται
2872 525 3040 594 ἡμᾶς,
3070 521 3206 577 ἀλλά
3229 520 3435 592 βέλτιον
3462 519 3608 588 ἡμᾶς
3638 515 3900 584 γελᾶσθαι

2307 607 2422 671 νῦν,
2447 608 2480 676 ἢ
2515 607 2798 661 κλαίεσθαι
2825 618 2847 646 ε
2885 608 3035 659 τότε·
3089 605 3410 674 γελάσονται
3449 601 3506 654 δὲ
3534 603 3652 654 ὅσοι
3683 600 3902 670 μαίνον-

2307 709 2419 744 ται.
2471 692 2566 755 Τίς
2613 691 2744 762 γάρ,
2800 693 2922 744 εἰπέ
2978 710 3088 762 μοι,
3142 690 3264 743 νοῦν
3298 688 3435 758 ἔχων
3487 684 3904 756 φυλαττομένης

2308 776 2534 846 ἐντολῆς
2556 777 2888 842 γελάσεται;
2934 777 2995 828 Εἰ
3036 775 3093 828 δὲ
3137 775 3244 844 ἄρα
3274 773 3614 842 γελάσονται,
3648 769 3770 823 ἀλλ’
3809 771 3905 836 οὐχ

2311 861 2480 930 ἡμᾶς,
2540 859 2676 912 ἀλλά
2722 860 2816 912 τὸν
2868 858 3104 930 Χριστὸν
3156 859 3204 910 οἱ
3267 856 3496 909 τοιοῦτοι
3554 854 3903 922 γελάσονται.

2321 941 2606 1015 Ἐφρίξατε
2629 941 2692 996 τὸ
2717 941 3006 1013 εἰρημένον
3033 959 3046 1006 ;
3076 937 3205 994 Οἶδα
3245 939 3419 1006 κάγώ.
3457 940 3516 991 Εἰ
3543 940 3644 1008 μὲν
3673 932 3772 990 οὖν
3798 935 3908 1002 ἐγὼ

2308 1027 2402 1080 τὸν
2430 1027 2591 1097 νόμον
2611 1025 2803 1078 τοῦτον
2825 1026 3136 1095 είσήγαγον,
3161 1024 3290 1093 ἐμὸς
3314 1024 3376 1076 Ξιν
3405 1023 3490 1091 εἰη
3514 1021 3606 1074 καὶ
3634 1022 3663 1072 6
3695 1018 3874 1087 γέλως
3892 1034 3907 1050 ⁵

2311 1111 2358 1162 εί
2407 1110 2464 1163 δὲ
2511 1111 2541 1162 6
2591 1108 2891 1179 νομοθέτης
2935 1109 3122 1180 ἕτερός
3175 1107 3343 1168 ἐστιν,
3397 1109 3514 1160 ἐκεῖ
3546 1103 3822 1157 διαϐαίνει
3873 1104 3905 1170 ὴ

2310 1192 2596 1261 χλευασία.
2629 1192 2738 1245 Καὶ
2769 1191 3073 1261 ἐνεπτύσθη
3107 1191 3238 1244 ποτὲ
3287 1192 3314 1242 ὁ
3359 1189 3613 1259 Χριστὸς,
3669 1186 3767 1240 καὶ
3816 1187 3908 1238 ἐπὶ

2312 1275 2518 1345 κόρρης
2547 1274 2760 1344 ἐπλήγη
2808 1275 2900 1326 καὶ
2939 1274 3268 1346 ἐῤῥαπίσθη.
3334 1272 3609 1342 Ἀνέχεται
3664 1269 3760 1324 καὶ
3814 1268 3908 1321 νῦν

2310 1358 2504 1419 ταῦτα,
2538 1358 2632 1410 καὶ
2661 1357 2814 1409 οὐδὲν
2843 1357 3090 1419 ἀπεικός.
3122 1357 3220 1410 Διὰ
3247 1356 3403 1410 τοῦτο
3427 1356 3624 1425 γέεννα
3675 1353 3909 1424 ἡτοίμα-

2313 1460 2454 1503 σται,
2485 1442 2574 1495 διὰ
2600 1442 2758 1495 τοῦτο
2789 1440 3003 1513 σκώληξ
3031 1441 3405 1510 ἀτελεύτητος.

2397 1526 2528 1580 ἰδοὺ
2571 1526 2735 1580 πάλιν
2770 1519 2912 1592 λέγω
2943 1526 3039 1578 καὶ
3076 1525 3557 1594 διαμαρτύρομαι·
3612 1524 3672 1576 Ὀ
3722 1521 3908 1592 βουλό-

2317 1629 2476 1682 μενος
2498 1610 2731 1678 γελάτω,
2785 1611 2814 1662 6
2864 1609 3184 1680 βουλόμενος
3226 1607 3561 1678 χλευαζέτω·
3613 1607 3696 1669 εἰς
3747 1603 3910 1658 τοῦτο

2314 1679 2570 1764 κείμεθα,
2629 1695 2709 1757 εἰς
2768 1693 2830 1745 τὸ
2858 1693 3120 1762 γελᾶσθαι
3161 1693 3254 1744 καὶ
3302 1690 3684 1762 χλευάζεσθαι,
3726 1691 3810 1753 είς
3846 1690 3910 1742 τὸ

2316 1780 2493 1832 πάντα
2523 1777 2737 1832 παθεῖν.
2763 1776 3254 1846 Περικαθὰρματα
3282 1775 3388 1829 τοῦ
3430 1777 3662 1843 κόσμου
3692 1772 3908 1843 ἐσμὲν,

2314 1860 2456 1914 κατὰ
2484 1861 2575 1914 τὸν
2599 1861 2870 1930 μακάριον
2891 1859 3123 1915 Παῦλον.
3147 1860 3214 1913 Et
3240 1876 3322 1922 τις
3347 1857 3421 1928 μὴ
3445 1857 3695 1927 βούλεται
3719 1875 3911 1927 κατορ-

2316 1943 2488 1998 θῶσαι
2521 1943 2681 1996 τοῦτο
2707 1943 2771 1996 τὸ
2798 1944 3100 2012 ἐπίταγμα,
3134 1943 3324 2013 ῶσπερ
3366 1941 3629 2010 σάλπιγγί
3807 1957 3911 1992 τινι

2314 2026 2402 2080 διὰ
2433 2025 2529 2078 τοῦ
2557 2025 2718 2094 λόγου
2754 2025 3086 2096 ἀπαγορεύω
3113 2027 3136 2064 ι]
3168 2027 3276 2078 τῶν
3303 2025 3472 2078 οὑδῶν
3500 2025 3574 2096 μὴ
3606 2023 3912 2077 ἐπιϐαίνειν

2317 2111 2423 2164 τῶν
2464 2111 2938 2182 ἐκκλησιαστικῶν
2967 2110 3045 2181 τῷ
3081 2109 3329 2180 τοιούτῳ,
3366 2108 3686 2180 κᾶν-ἄρχων
3716 2105 3772 2180 ᾖ,
3808 2106 3914 2159 κᾶν

2317 2195 2480 2258 αὐτὸς
2517 2195 2545 2246 6
2574 2195 2635 2247 τὸ
2664 2195 2900 2265 διάδημα
2946 2195 3348 2266 περικείμενος.
3405 2194 3476 2246 ’Ἡ
3534 2191 3795 2247 καθέλετέ
3845 2208 3913 2260 με

2317 2281 2549 2352 ταυτησὶ
2577 2280 2677 2350 τῆς
2707 2280 2904 2350 ἀρχῆς,
2957 2280 2991 2352 ἢ
3041 2280 3270 2349 μένοντα
3304 2277 3377 2349 μὴ
3408 2276 3764 2348 περιϐάλλετε
3801 2293 3902 2328 κιν-

2317 2363 2513 2426 δύνοις.
2544 2363 2656 2415 Οὐκ
2687 2363 2952 2432 ἀνέχομαι
2987 2365 3080 2416 ἐπὶ
3112 2363 3204 2416 τὸν
3231 2363 3420 2433 θρόνον
3457 2360 3650 2414 τοῦτον
3681 2359 3912 2412 ἀναϐαί-

2318 2464 2429 2498 νειν
2453 2447 2527 2516 μὴ
2564 2445 2777 2516 μεγάλα
2803 2445 3104 2516 κατορθῶν.
3140 2447 3202 2498 Εἰ
3238 2446 3346 2516 γὰρ
3373 2444 3448 2515 μὴ
3477 2444 3632 2497 τοῦτο
3662 2442 3915 2498 δυνατὸν.

2322 2530 2528 2600 βέλτιον
2582 2531 2805 2583 ἑστάναι
2856 2527 3028 2584 κάτω.
3066 2530 3363 2599 Ἀρχοντος
3413 2527 3520 2598 γὰρ
3567 2525 3739 2596 μηδὲν
3786 2527 3915 2588 τοὺς

2320 2612 2658 2683 ἀρχομένους
2689 2611 3028 2682 ὠφελοῦντος
3047 2612 3200 2665 οὐδὲν
3221 2610 3572 2681 ἀθλιώτερον.
3618 2610 3741 2662 ΙἘτι
3789 2627 3916 2662 συν-

2322 2696 2529 2748 τείνατε
2569 2697 2816 2760 ἑαυτοὺς,
2853 2696 2948 2750 καὶ
2979 2695 3304 2767 προσέχετε,
3332 2692 3668 2765 παρακαλῶ·
3711 2692 3744 2763 ἢ
3773 2693 3886 2762 μᾶ).
3905 2720 3917 2728 ·

2323 2779 2410 2831 λον
2434 2781 2629 2844 εἰπεῖν,
2683 2780 3046 2850 συντείνωμεν
3085 2780 3332 2843 ἑαυτοὺς,
3368 2778 3462 2833 καὶ
3494 2779 3720 2841 πάντως
3759 2779 3920 2830 ἔσται

2323 2881 2373 2915 τι
2407 2862 2587 2916 πλέον.
2621 2862 2996 2932 Νηστεύοατε,
3026 2862 3447 2934 παρακαλέσατε
3489 2861 3581 2915 τὸν
3622 2861 3781 2921 Θεὸν,
3823 2863 3921 2914 καὶ

2323 2949 2483 3017 ἡμεῖς
2514 2945 2632 3015 μεθ’
2675 2947 2847 3015 ὑμῶν,
2880 2945 3022 2999 ῶστε
3047 2947 3147 3016 τὴν
3183 2945 3428 3017 ὀλέθριον
3462 2945 3665 3015 ταύτην
3715 2944 3920 3010 ἐξελεῖν

2328 3030 2633 3100 συνήθειαν.
2672 3031 2838 3084 Οὐδὲν
2873 3031 3018 3100 μέγα
3049 3033 3168 3084 ἐστὶ
3210 3043 3234 3071 ε
3273 3031 3526 3100 γενέσθαι
3559 3031 3920 3095 διδασκάλους

2327 3115 2426 3182 τῆς
2449 3114 2774 3184 οἰκουμένης
2796 3131 2808 3142 ·
2836 3114 2897 3166 οὑ
2927 3114 3120 3185 μικρὸν
3148 3114 3480 3185 ἀκουσθῆναι
3515 3116 3818 3184 πανταχοῦ,
3837 3116 3922 3168 ὅτι

2329 3194 2394 3266 δὴ
2428 3196 2485 3249 ἐν
2517 3197 2642 3267 τῇδε
2669 3199 2735 3268 τῇ
2761 3197 2913 3250 πόλει
2938 3197 3113 3262 οὐδείς
3146 3200 3292 3252 ἐστιν
3321 3201 3348 3252 6
3370 3197 3559 3268 ὀμνύς.
3605 3198 3734 3250 Ἐὰν
3760 3196 3924 3251 τοῦτο

2326 3279 2574 3349 γένηται,
2625 3281 2687 3332 οὑ
2741 3279 2850 3334 τῶν
2911 3282 3127 3334 οἰκείων
3187 3281 3627 3352 κατορθωμάτων
3678 3280 3921 3351 λήψεσθε

2331 3364 2492 3434 μόνον
2535 3363 2628 3416 τὸν
2660 3364 2871 3434 μισθὸν,
2902 3365 3038 3419 ἀλλὰ
3074 3365 3168 3418 καὶ
3204 3367 3300 3434 τῆς
3328 3366 3468 3436 ὑπὲρ
3511 3365 3620 3418 τῶν
3672 3365 3924 3434 ἀδελφῶν

2330 3446 2566 3516 σπουδῆς
2589 3463 2602 3476 °
2631 3447 2768 3518 ὅπερ
2804 3449 2910 3518 γὰρ
2953 3449 3082 3518 ὑμῖν
3122 3450 3237 3518 εἰμι
3273 3448 3405 3517 ἐγὼ,
3457 3446 3614 3502 τοῦτο
3659 3449 3817 3519 ὑμεῖς
3852 3452 3921 3517 τῇ

2327 3530 2620 3600 οἰκουμένῃ
2649 3532 2963 3601 γενήσεσθε.
2999 3531 3224 3594 Πάντως
3255 3533 3348 3584 καὶ
3378 3531 3551 3603 ἕτεροι
3584 3531 3926 3603 ζηλώσουσιν

2331 3615 2477 3682 ὑμᾶς
2500 3630 2512 3643 °
2548 3614 2765 3678 πάντως
2792 3615 2978 3668 ἔσεσθε
3023 3616 3216 3685 λύχνος
3252 3616 3345 3668 ἐπὶ
3378 3615 3598 3686 λυχνίας
3642 3615 3920 3686 κείμενος.

2331 3699 2438 3750 Καὶ
2470 3697 2629 3750 τοῦτό
2674 3700 2810 3760 ἐστι,
2859 3699 3012 3768 φησὶ,
3054 3699 3116 3751 τὸ
3161 3701 3302 3762 adv;
3360 3700 3436 3751 Οὑ
3491 3698 3650 3751 τοῦτό
3703 3701 3824 3754 ἐστι
3864 3702 3925 3754 τὸ

2331 3782 2460 3842 πᾶν,
2493 3780 2631 3833 ἀλλὰ
2664 3779 2823 3833 τοῦτο
2869 3781 3013 3852 ἀρχὴ
3059 3781 3168 3835 τῶν
3211 3781 3407 3836 ἄλλων.
3476 3779 3538 3835 ’0
3590 3780 3666 3852 μὴ
3724 3783 3921 3852 ὀμνὺς,

2331 3864 2551 3926 πάντως
2573 3863 2669 3915 ἐπὶ
2698 3863 2986 3916 εὐλάϐειαν
3018 3863 3140 3933 ἥξει
3165 3864 3256 3916 καὶ
3287 3863 3499 3932 ἑτέραν,
3521 3865 3616 3917 καὶ
3654 3864 3797 3919 ἑκὼν
3831 3869 3925 3920 καὶ

2331 3947 2498 4006 ἄκων.
2531 3947 2625 4000 καὶ
2658 3948 3045 4018 αἰσχυνόμενος
3071 3949 3166 4000 καὶ
3195 3948 3545 4018 φοϐούμενος.

2415 4030 2553 4082 Ἀλλ’
2578 4032 2678 4082 οὑκ
2706 4031 2989 4099 ἀνέχονται
3017 4031 3223 4093 πολλοὶ,
3257 4033 3441 4101 φησὶν,
3485 4032 3602 4086 ἀλλ’
3629 4032 3928 4104 ἀποπηδῶ

2334 4131 2435 4166 σιν.
2482 4114 2656 4166 Ἀλλὰ
2689 4113 2940 4177 ,βέλτιον
2968 4107 3056 4179 εἷς
3082 4113 3271 4167 ποιῶν
3302 4114 3367 4168 τὸ
3405 4117 3636 4184 θέλημα
3678 4119 3925 4185 Kvpiov,

2332 4198 2369 4263 ἢ
2400 4195 2602 4264 μυρίοι
2641 4195 2986 4264 παράνομοι.
3041 4197 3174 4250 ’Λπὸ
3203 4196 3333 4266 γοῦν
3363 4198 3550 4252 τούτου
3587 4202 3768 4254 πάντα
3795 4203 3929 4255 ἀνα-

2333 4281 2656 4350 τέτραπται,
2689 4281 2869 4333 πάντα
2897 4279 3010 4333 ἀνω
3037 4280 3130 4335 καὶ
3170 4283 3322 4335 κάτω
3355 4283 3598 4352 γέγονεν,
3629 4285 3712 4338 ὅτι
3750 4286 3927 4340 καθά-

2336 4380 2442 4433 περ
2469 4365 2527 4415 ἐν
2560 4366 2672 4427 τοῖς
2704 4363 2952 4435 θεάτροις
2983 4364 3220 4434 πλήθους
3251 4367 3538 4437 ἐφιέμεθα,
3575 4369 3636 4423 οὑ
3685 4369 3929 4438 πλήθους

2333 4445 2578 4516 δοκίμου.
2621 4446 2686 4500 Τί
2717 4447 2824 4516 γὰρ
2846 4447 3025 4516 ὄχλος,
3069 4449 3196 4503 είπέ
3231 4466 3344 4520 μοι,
3375 4449 3664 4523 δυνήσεται
3695 4451 3926 4523 όνῆσαι;

2335 4528 2524 4580 Βούλει
2552 4527 2765 4598 μαθεῖν,
2806 4530 2887 4582 ὅτι
2927 4531 3083 4600 ὄχλος
3123 4533 3174 4584 οί
3221 4533 3367 4600 ἀγιοί
3400 4535 3558 4601 εἰσιν,
3595 4535 3696 4606 οὑχ
3719 4537 3771 4588 οἱ
3803 4538 3930 4589 πολ-

2334 4612 2445 4675 λοῖς
2503 4611 2833 4680 Ἐξαγάγετε
2862 4615 2942 4670 είς
2987 4613 3225 4686 πόλεμον
3274 4617 3468 4670 ἑκατὸν
3519 4619 3792 4690 μυριάδας
3837 4623 3930 4674 καὶ

2336 4695 2433 4747 ἕνα
2469 4696 2622 4764 ἆγιον
2646 4713 2660 4726 ο
2690 4695 2889 4762 ἴδωμεν
2919 4705 3002 4761 τίς
3024 4696 3246 4752 πλείονα
3288 4701 3561 4770 κατορθοῖ.
3610 4702 3870 4772 Ἐξῆλθεν
3903 4706 3930 4756 6

2351 4779 2553 4848 Ἰησοῦς
2574 4781 2601 4831 6
2621 4779 2714 4832 τοῦ
2739 4780 2895 4850 Ναυῆ
2921 4782 3000 4844 είς
3019 4781 3110 4833 τὸν
3133 4782 3384 4852 πόλεμον,
3413 4785 3506 4838 καὶ
3523 4784 3685 4854 μόνος
3711 4786 3932 4840 ᾶπαντα

2340 4863 2718 4932 κατώρθωσεν,
2757 4862 2894 4916 ὥστε
2923 4865 2973 4915 οἱ
3011 4863 3160 4918 ἄλλοι
3192 4865 3342 4919 οὐδὲν
3373 4866 3609 4939 ὤνησαν.
3662 4870 3722 4921 Ὀ
3762 4870 3932 4932 πολὺς

2339 4945 2512 5014 ὄχλος,
2551 4947 2824 5016 ἀγαπητέ,
2879 4949 3008 5000 ὅταν
3045 4947 3258 5019 θέλημα
3314 4951 3409 5003 τοῦ
3457 4951 3592 5004 Θεοῦ
3644 4951 3730 5023 μὴ
3779 4958 3929 5024 ποιῇ,

2339 5029 2490 5081 οὐδὲν
2510 5029 2780 5101 διενήνοχε
2805 5030 2913 5083 τῶν
2939 5031 3038 5084 οὑκ
3067 5032 3252 5087 ὄντων.
3281 5033 3524 5105 Εὑχομαι
3557 5035 3656 5104 μὲν
3689 5032 3806 5102 οῦν,
3840 5041 3932 5091 καὶ

2347 5111 2630 5181 βούλομαι,
2651 5113 2744 5163 καὶ
2767 5112 2938 5180 ήδέως
2965 5113 3031 5165 ἂν
3057 5116 3150 5167 καὶ
3189 5117 3522 5185 κατεκόπην·
3549 5115 3690 5171 ὥστε
3723 5123 3935 5191 κοσμῆ-

2343 5213 2430 5248 σαι
2471 5197 2665 5266 πλήθει
2840 5195 3187 5267 Ἐκκλησίαν,
3221 5198 3358 5250 ἀλλά
3384 5198 3576 5270 πλήθει
3602 5201 3852 5274 δοκίμῳ·
3889 5208 3935 5258 εἰ

2341 5278 2397 5330 δέ
2422 5278 2579 5331 τοῦτο
2619 5279 2712 5349 οὐχ
2746 5273 2858 5331 οἷόν
2892 5296 2973 5343 τε,
3010 5282 3134 5344 τοὺς
3173 5282 3386 5350 ὀλίγους
3432 5285 3628 5350 αὑτοὺς
3675 5273 3938 5359 δοκίμους

2343 5360 2482 5414 εἷναι
2544 5362 2824 5432 βούλομαι.
2886 5365 2997 5435 Οὑχ
3058 5367 3243 5435 ὁρᾶτε,
3287 5368 3370 5420 ὅτι
3410 5367 3615 5437 βέλτιον
3656 5370 3752 5424 ἕνα
3790 5372 3940 5426 λίθον

2343 5447 2523 5517 τίμιον
2546 5446 2712 5516 ἔχειν,
2741 5447 2772 5516 ἢ
2811 5449 3036 5518 μυρίους
3056 5448 3306 5515 ὀϐολούς;
3352 5452 3448 5521 οὑχ
3492 5454 3676 5524 ὁρᾶτε,
3711 5455 3794 5507 ὅτι
3820 5455 3942 5526 βέλο

2346 5550 2459 5584 τιον
2495 5532 2584 5585 τὸν
2615 5531 2889 5602 ὀφθαλμὸν
2922 5535 3230 5601 ὑγιαίνοντα
3263 5535 3430 5604 ἔχειν,
3473 5537 3504 5608 ἢ
3539 5537 3747 5592 τούτου⁹
3761 5559 3942 5609 πεπη-

2349 5616 2599 5686 ρωμένου
2656 5616 2997 5686 πολυσαρκίᾳ
3051 5617 3415 5688 βαρύνεσθαι;
3472 5621 3571 5692 οὑχ
3615 5624 3800 5692 ὁρᾶτε,
3859 5626 3941 5677 ὅτι

2434 5776 2454 5804 ε
2519 5770 2667 5837 Hanc_
2698 5770 3000 5837 lectionem:
3047 5783 3118 5837 ex_
3170 5772 3328 5819 tribus
3382 5787 3494 5837 mss.
3547 5782 3816 5837 receptam,
3864 5790 3944 5825 se-

2346 5840 2489 5878 cmus
2527 5840 2603 5878 est
2656 5833 2921 5891 interpres.
2961 5832 3159 5889 Manlii,
3214 5842 3324 5894 post
3380 5835 3531 5885 Savil.
3587 5832 3942 5894 cl'CmnmeIW

2353 5895 2578 5961 cd_i_derat
2615 5896 2866 5961 μαίεσθαι.
2914 5894 3066 5961 Ευπι
3136 5895 3175 5961 εἴη
3203 5897 3377 5961 Morel.
3427 5901 3562 5947 solus
3608 5901 3943 5961 ἀπαγορεύσω.

2357 5969 2378 5994 ο
2407 5955 2589 6020 Fozsqn
2615 5957 2882 6012 logcndum
2910 5956 3097 6020 Οὐκοῦν
3120 5960 3239 6017 μέγα
3263 5959 3526 6020 ἐστί,αιιοό
3551 5955 3947 6011 τρόιίἱίί’ἰι’ἰυιρι·-

2351 6030 2486 6128 ervs,
2533 6017 2646 6064 dum
2693 6025 2867 6075 locum,
2916 6017 3089 6079 inquit,
3127 6020 3350 6070 \ilialum
3390 6017 3652 6073 divinando
3701 6031 3944 6073 verlerut.

2387 6093 2494 6126 ψιι.

2387 6093 2494 6126 Ll-ll'.
