4054 6404
189 412 302 501 ’π
1129 448 1197 504 IN
1236 449 1416 506 acra
1493 453 2028 516 APOSTOLORUM.
2068 458 2306 518 llOMlL.
2351 462 2484 521 vm.
3501 485 3573 545 η

221 569 375 618 veste
396 558 656 628 Induitur,
673 559 945 618 erubescit
966 575 1026 617 se
1043 563 1096 618 in
1118 562 1233 619 luto
1250 566 1492 624 volutare
1513 587 1526 623 :
1547 569 1625 626 sic
1645 581 1702 626 et
1720 571 1832 628 ille.

225 652 364 709 Hinc
384 659 568 707 autem
593 667 661 708 eo
681 652 864 708 veniet
882 661 944 708 ut
973 668 1080 709 non
1106 654 1390 725 irascatur,
1437 673 1613 731 neque
1637 676 1833 732 percn-

222 745 346 811 tiat,
380 759 557 815 neque
582 744 966 799 contumeliam
1012 744 1230 802 inferat.
1278 747 1334 803 Si
1385 765 1618 822 namque
1665 751 1836 808 semel

221 851 386 907 parva
418 845 672 907 operatus
703 836 885 904 fuerit,
915 845 1085 893 totum
1116 839 1415 910 perfectum
1439 851 1546 898 est.
1570 842 1728 914 Saepe
1757 855 1832 900 ta-

217 942 344 982 men
362 927 693 982 eontrarium
711 927 928 996 accidit,
948 930 1114 999 utqui
1130 931 1297 986 semel
1317 932 1454 988 bene
1471 936 1678 1005 operati
1700 937 1829 1005 sint,

219 1032 284 1074 ex
322 1018 531 1089 ignavia
561 1019 614 1073 in
635 1019 826 1076 eadem
851 1019 1115 1089 reddant,
1146 1021 1217 1078 ita
1244 1033 1303 1079 ut
1327 1025 1525 1083 deinde
1550 1029 1829 1086 emendari

213 1108 334 1165 fere
348 1119 642 1179 nequeant.
658 1108 1082 1184 Exemplieausa
1109 1131 1123 1168 :
1147 1115 1322 1186 legem
1359 1118 1516 1174 nobis
1551 1121 1830 1190 posuimus

211 1213 324 1255 non
342 1199 558 1270 jurandi
586 1198 690 1272 (a),
713 1201 782 1256 ad
803 1211 911 1258 tres
944 1215 1244 1274 quatuorve
1262 1207 1381 1264 dies
1423 1210 1475 1264 id
1508 1211 1826 1268 observavi-

211 1303 368 1354 mus,
397 1299 522 1359 post
560 1290 676 1347 hac
692 1307 755 1347 re
782 1295 1034 1364 quapiam
1063 1307 1307 1367 urgente,
1332 1307 1502 1361 totum
1534 1302 1823 1359 collectum

209 1381 426 1437 lucrum
469 1381 860 1454 dispersimus;
892 1394 1056 1459 atque
1089 1389 1308 1446 demum
1341 1392 1395 1447 in
1442 1396 1726 1465 segnitiem
1769 1407 1826 1455 et

204 1473 650 1546 desperationem
674 1478 983 1549 incidimus,
1006 1481 1077 1536 ita
1096 1493 1154 1539 ut
1171 1484 1361 1541 eadem
1387 1485 1584 1544 deinde
1603 1490 1822 1562 aggredi

206 1565 479 1634 nolimus;
505 1577 563 1624 et
585 1569 710 1639 jure
737 1571 977 1640 quidem.
1011 1572 1145 1629 Nam
1176 1577 1268 1646 qui
1301 1578 1506 1649 aliquid
1534 1580 1824 1645 tcdilicavit

1952 572 2036 629 Me
2066 577 2408 647 negotiorum
2439 591 2592 652 urget
2618 585 2934 656 necessitas,
2959 591 3081 662 quia
3109 592 3245 653 fides
3270 614 3379 656 non
3405 601 3568 663 halic-

1949 673 2036 720 tnr
2062 666 2217 723 mihi.
2242 669 2463 727 interim
2485 675 2574 729 illa
2601 691 2666 732 ex
2710 684 3106 743 consuetudine
3133 688 3442 758 iuramenta
3469 713 3562 754 re-

1947 770 2124 814 move.
2155 758 2283 816 Scio
2305 763 2570 833 quosdam
2593 782 2734 836 esse,
2763 772 2860 843 qui
2881 777 3334 852 uosirridebunt;
3365 800 3423 845 at
3443 806 3558 849 me-

1943 846 2048 904 lius
2103 861 2190 908 est
2237 870 2339 911 nos
2383 873 2529 916 nunc
2578 861 2814 932 irrideri,
2851 883 3014 940 quam
3065 881 3196 932 tunc
3245 846 3556 941 urizride-

1940 939 2074 999 bunt
2103 957 2284 1004 autem
2313 949 2511 1007 insani.
2544 953 2677 1023 Quis
2704 958 2874 1027 enim,
2903 977 3112 1035 quaeso,
3161 984 3312 1029 sanie
3355 939 3556 1035 mentis

1939 1034 2006 1091 de
2051 1047 2267 1094 servato
2295 1053 2570 1116 praecepto
2601 1047 2842 1107 ridebit?
2867 1053 3022 1122 Quod
3051 1034 3104 1114 si
3126 1061 3409 1136 irrideant,
3443 1034 3552 1128 non

1937 1138 2058 1192 nos,
2097 1129 2199 1184 sed
2227 1131 2504 1191 Christum
2552 1137 2875 1200 irridebunt.
2930 1145 3284 1211 lnhorruistis
3332 1129 3405 1214 ad
3449 1163 3557 1221 tale

1935 1215 2162 1276 dietum.
2186 1221 2301 1280 Hoc
2322 1225 2462 1285 bene
2479 1231 2624 1287 novi.
2643 1233 2701 1289 Si
2721 1250 2825 1308 ego
2851 1239 2990 1298 hanc
3005 1242 3179 1317 legem
3195 1215 3553 1326 induxiSsein,

1933 1324 2026 1368 me
2051 1313 2192 1371 risus
2212 1316 2306 1374 ille
2331 1332 2604 1391 spectaret
2629 1343 2646 1393 ;
2673 1329 2720 1383 si
2747 1339 2930 1389 autem
2957 1313 3099 1394 alius
3131 1340 3414 1415 legislator
3438 1313 3550 1420 est:

1931 1405 2002 1462 ad
2029 1406 2179 1464 illum
2209 1415 2405 1471 transit
2433 1416 2635 1476 irrisio.
2669 1422 2788 1494 Ipse
2825 1426 3074 1489 Christus
3098 1405 3396 1510 aliquando
3418 1405 3554 1504 con:

1928 1513 2252 1615 sputus
2289 1519 2454 1615 atque
2484 1516 2536 1572 in
2579 1521 2856 1580 maxillam
2903 1542 3219 1606 percussus,
3273 1548 3333 1596 et
3374 1541 3548 1615 alapis

1927 1607 2105 1698 caesus
2171 1598 2359 1698 Matth.
2382 1605 2474 1662 27.
2502 1609 2574 1665 30
2590 1610 2636 1682 ).
2661 1612 2790 1672 limo
2811 1597 2972 1677 etiam
2999 1638 3148 1682 nunc
3171 1597 3302 1698 fert,
3326 1643 3384 1690 et
3408 1597 3546 1694 nihil

202 1658 336 1728 sibi,
365 1661 414 1715 si
463 1661 764 1735 collapsum
795 1664 976 1719 videat
1002 1666 1312 1738 :edilicium,
1331 1671 1444 1742 jam
1492 1675 1711 1744 segnior
1737 1687 1821 1733 cst

200 1752 275 1806 ad
327 1769 517 1810 rursus
554 1754 957 1813 arditicandum.
995 1760 1067 1816 At
1093 1776 1161 1817 ne
1191 1771 1319 1820 tunc
1355 1766 1578 1836 quidem
1604 1779 1819 1840 oportet

201 1845 446 1916 segniter
472 1861 656 1918 agere,
686 1848 784 1904 sed
805 1849 861 1906 id
885 1866 1074 1908 rursus
1089 1853 1338 1912 studiose
1356 1857 1599 1928 aggredi.

1925 1683 2212 1838 ὧδδίωιίιθο
2237 1692 2366 1752 ίδθο
2390 1699 2639 1770 Bellen"!
2667 1717 2910 1780 Paratur,
2937 1712 3065 1774 ideo
3093 1683 3302 1780 vermis

1925 1787 2102 1836 morta
2128 1781 2194 1838 's.

1925 1787 2194 1839 mortalis.

280 1997 332 2052 '5.
365 1997 639 2053 Ponamus
669 1999 848 2071 itaque
875 2001 1031 2058 nobis
1055 2005 1396 2074 quotidianas
1422 2009 1570 2082 leges
1595 2020 1651 2065 et
1674 2025 1705 2066 a
1736 2011 1818 2067 fa-

199 2089 398 2145 cilihus
436 2091 758 2162 incipiamus
790 2108 805 2146 :
832 2094 1265 2164 juramentornm
1314 2099 1676 2172 frequentiam
1721 2106 1821 2163 ah-

197 2180 536 2247 scindamus,
587 2185 795 2239 frenum
837 2186 1175 2256 imponamus
1205 2189 1400 2261 linguae
1444 2209 1458 2245 :
1509 2209 1673 2249 nemo
1721 2211 1820 2266 per

201 2272 372 2328 Deum
391 2275 560 2344 juret.
591 2275 778 2330 Nullus
802 2277 888 2333 hic
911 2292 1158 2352 sumptus
1177 2291 1279 2349 est,
1311 2283 1462 2353 labor
1481 2285 1684 2356 nullus,
1707 2304 1817 2346 non

194 2365 453 2420 diuturna
481 2365 792 2433 meditatio;
812 2370 1014 2425 sullicit
1037 2372 1200 2440 velle,
1231 2385 1289 2429 et
1309 2383 1483 2432 totum
1513 2378 1813 2449 perfectura

193 2466 284 2512 est
311 2475 326 2512 :
347 2473 470 2512 nam
493 2461 902 2516 consuetudinis
925 2476 1013 2518 res
1032 2473 1136 2519 est.
1161 2465 1339 2522 Etiam
1364 2483 1463 2525 oro
1487 2480 1542 2524 et
1559 2471 1811 2542 obsecro,

197 2550 363 2606 talem
393 2566 582 2607 curam
607 2553 980 2611 adhibeamus.
1012 2557 1130 2624 Dic,
1159 2574 1362 2629 qumso,
1393 2562 1547 2630 mihi,
1576 2567 1622 2620 si
1652 2581 1815 2637 pecu-

194 2643 529 2699 niasinferre
553 2645 821 2716 iuberem,
842 2662 1022 2704 annon
1055 2651 1248 2723 singuli
1267 2668 1368 2724 pro
1391 2656 1596 2713 viribus
1608 2659 1812 2716 alacri-

193 2741 279 2789 ter
295 2736 660 2793 conferretis?
685 2737 744 2794 Si
773 2755 861 2795 mc
891 2741 943 2796 in
966 2746 1223 2800 extremis
1248 2750 1504 2817 periculis
1530 2752 1806 2823 videretis,

188 2841 374 2881 annon
405 2827 476 2882 de
523 2843 689 2885 carne
715 2843 893 2887 vestra
923 2834 1158 2891 excisam
1200 2849 1432 2908 partem,
1458 2843 1503 2897 si
1532 2843 1650 2900 fieri
1677 2862 1802 2917 pos-

187 2926 294 2984 set,
321 2916 568 2976 daretis?
591 2921 646 2975 In
671 2937 865 2993 magno
884 2941 1026 2980 nunc
1049 2942 1170 2982 sum
1195 2930 1464 2999 periculo,
1488 2935 1561 2989 ita
1591 2947 1649 2990 ut
1674 2916 1720 2992 si
1750 2939 1805 2995 in

186 3026 411 3068 carcere
439 3028 640 3079 essem,
665 3017 710 3071 si
741 3017 887 3072 mille
906 3020 1092 3090 plagas
1121 3025 1481 3094 excepissem,
1525 3028 1572 3083 si
1600 3030 1655 3084 in
1686 3048 1804 3087 me-

187 3103 331 3159 tallis
359 3120 600 3176 agerem.
629 3123 735 3163 non
764 3112 936 3180 magis
962 3111 1228 3170 dolerem.
1259 3117 1478 3174 Manum
1507 3136 1638 3192 ergo
1667 3139 1799 3195 por.

187 3197 369 3269 rigite.
395 3199 638 3269 Cogitate
689 3212 948 3272 quantum
978 3206 1047 3259 sit
1095 3209 1417 3277 periculum,
1445 3217 1588 3284 quod
1617 3233 1686 3272 ne
1715 3221 1799 3274 vel

185 3288 290 3345 hoc
317 3289 600 3346 minimum
627 3291 949 3367 (minimum
980 3311 1110 3352 vero
1156 3300 1298 3368 dico,
1329 3316 1591 3373 quantum
1619 3309 1686 3363 ad
1719 3309 1796 3364 la-

184 3378 409 3454 borem)
440 3384 658 3451 possitis
694 3385 974 3453 perlicere.
1007 3389 1146 3452 Quid
1190 3391 1368 3448 dicam
1418 3407 1543 3453 tunc
1572 3415 1794 3457 accusa-

184 3473 307 3526 tus?
332 3470 445 3527 Cur
465 3487 571 3528 non
601 3474 845 3531 hortatus
873 3479 972 3532 es?
999 3493 1096 3535 cur
1122 3498 1228 3536 non
1273 3466 1675 3558 redarguebas?
1699 3509 1797 3551 cur

180 3579 290 3621 non
311 3566 656 3638 praecepisti?
677 3584 775 3626 cur
799 3587 905 3626 non
930 3573 1102 3640 legem
1135 3580 1404 3645 posuisti?
1432 3597 1532 3638 cur
1562 3602 1668 3641 non
1698 3590 1796 3645 ob-

181 3665 554 3728 temperantes
575 3675 682 3715 non
697 3662 986 3719 cohibuisti
1004 3666 1027 3718 ?
1044 3666 1162 3722 Non
1189 3672 1322 3726 satis
1343 3675 1448 3729 erit
1474 3676 1603 3732 mihi
1626 3680 1793 3736 dixis-

177 3763 239 3804 se
260 3790 278 3815 ,
308 3750 604 3806 Admonui.
630 3753 717 3819 At,
772 3755 996 3826 inquiet,
1051 3760 1459 3822 vehementiore
1486 3785 1622 3840 opus
1674 3785 1791 3831 erat

176 3841 597 3914 increpatione:
643 3861 768 3901 nam
809 3848 890 3903 Eli
930 3866 1145 3924 quoque
1189 3856 1539 3917 admonebat.
1588 3864 1784 3924 Verum

173 3932 319 3989 absit
338 3943 397 3989 ut
417 3949 513 3989 vos
531 3950 656 3991 cum
680 3937 805 3993 filiis
829 3940 948 4010 ejus
976 3957 1310 4014 comparem.
1340 3950 1437 4006 llle
1459 3954 1786 4016 admonebat
2310 3932 2579 4068 :Momzmo
2616 3939 2771 3986 em's
2795 3933 3014 3999 lucem“
3052 3962 3218 4021 super

173 4032 228 4080 et
251 4025 508 4082 dicebat:
557 4026 659 4095 Ne,
690 4030 896 4097 Μίμας
942 4035 1016 4089 sic
1037 4039 1279 4097 facitote:
1304 4043 1499 4097 malum
1529 4066 1782 4097 rumorem
1883 4093 1894 4097 -
2291 4007 2313 4078 (
2377 4022 2450 4066 au
2494 4054 2508 4068 '
2562 4018 2618 4075 ⁵·
2676 4023 2798 4097 ¹⁵)·
2855 4031 3026 4094 Εείηθ
3083 4041 3206 4097 hoc-
3262 4069 3275 4097 I

2784 4067 2798 4081 .
2833 4055 3026 4128 estne
3083 4055 3207 4116 hoc,
3262 4055 3493 4128 inquies,

171 4032 228 4080 et
251 4025 508 4082 dicebat:
557 4026 659 4095 Ne,
690 4030 809 4097 lilii,
833 4050 896 4088 ne
942 4035 1016 4089 sic
1036 4039 1279 4106 facitote:
1304 4043 1499 4099 malum
1529 4066 1783 4108 rumorem
1879 4025 2049 4144 ἓξὲξ]
2531 4025 2798 4170 nimiis).
2855 4031 3049 4144 Esine.
3083 4041 3207 4148 {mc’
3262 4053 3303 4157 il.

171 4131 265 4177 ego
284 4117 442 4172 audio
469 4119 533 4173 de
569 4121 748 4177 uobisi
765 4124 787 4177 l
804 4163 817 4176 .
844 4124 974 4177 Rea.
1005 4126 1062 4177 2.
1089 4128 1161 4177 ΞΔ.
1179 4128 1220 4177 i-
1252 4132 1357 4177 Sed
1383 4150 1609 4177 nam...“
1630 4141 1777 4177 ρης-
2706 4159 2724 4177 .
2751 4121 2847 4177 sed
2877 4140 3204 4177 nuncnunm
3238 4146 3303 4177 αι.

169 4131 265 4186 ego
284 4117 442 4172 audio
469 4119 533 4173 de
569 4121 708 4185 nobis
728 4125 748 4194 (
765 4124 787 4177 l
804 4163 817 4176 .
844 4124 974 4196 Reg.
1005 4126 1062 4181 2.
1089 4128 1161 4183 24
1177 4128 1220 4203 ).
1251 4132 1357 4188 Sed
1381 4141 1778 4208 pcrgcnsSeri-

1941 4117 2049 4194 .nm
2075 4117 2090 4144 ι
2123 4117 2242 4153 non
2279 4117 2366 4158 est
2394 4117 2500 4164 hoc
2531 4120 2724 4185 totum,
2751 4121 2847 4177 sed
2875 4128 3204 4204 principium
3235 4117 3489 4212 alio-rum:

196 4179 220 4186 -
697 4179 748 4194 ..
884 4179 950 4196 κ..
1012 4179 1059 4181 η
1093 4179 1220 4203 --,-
1252 4179 1357 4188 η-
1381 4179 1778 4208 κνοωωμυ..-

168 4220 328 4280 ptura
357 4212 509 4282 dicit,
547 4214 724 4285 ipsum
753 4234 863 4273 non
905 4219 1255 4281 admonuisse
1294 4227 1436 4284 filios
1477 4247 1626 4289 suos.
1664 4237 1780 4293 Hoc

169 4316 301 4357 vero
337 4303 494 4373 dicit,
545 4307 671 4373 quia
715 4324 822 4364 non
851 4312 1072 4373 acriter.
1105 4331 1212 4372 non
1243 4335 1366 4373 cum
1407 4323 1778 4373 incrnnalimm

1943 4183 1984 4287 li.
2003 4200 2115 4242 non
2148 4190 2317 4262 jurat,
2348 4200 2416 4254 ad
2442 4202 2607 4261 aliam
2639 4211 2856 4279 pietatis
2875 4179 3096 4290 .partetln
3126 4179 3490 4308 \‘CDicierl'Ziii

1937 4277 2032 4344 νΙιι,
2063 4295 2159 4337 seu
2190 4287 2417 4358 pudore,
2445 4310 2542 4351 seu
2573 4301 2773 4361 timore
2801 4311 3086 4373 adductus.

169 4316 301 4357 vero
337 4304 494 4375 dicit,
545 4307 671 4378 quia
715 4324 822 4364 non
851 4312 1072 4414 acriter,
1105 4331 1212 4372 non
1243 4335 1366 4375 cum
1407 4323 1778 4431 increpatione
1873 4304 2161 4430 "0:51:55:
2165 4304 2258 4432 diu
2257 4304 3088 4479 Ξὶῗοῗῖειξιέᾙῗὲἶῖἓΐαῖἓ
3177 4420 3213 4474 Ἰ
3235 4425 3268 4478 Ἰ

169 4395 441 4451 monebat.
467 4398 751 4466 Quomodo
779 4419 924 4458 emm
945 4405 1240 4465 absurdum
1262 4427 1370 4468 non
1393 4414 1573 4483 fuerit,
1600 4436 1654 4475 In
1685 4437 1776 4483 δν-
1865 4458 1934 4483 ο,
1961 4464 1974 4483 .
2001 4481 2020 4483 η
2209 4472 2222 4483 .
2342 4479 2353 4483 -
3089 4457 3106 4481 ο
3133 4436 3186 4473 ’⁸⁸
3206 4441 3243 4477 ιι
3286 4440 3362 4483 εει

163 4395 441 4451 monebat.
467 4398 751 4466 Quomodo
779 4403 924 4458 enim
945 4405 1240 4465 absurdum
1262 4427 1370 4468 non
1393 4395 1654 4485 fuerit,.in
1685 4437 1776 4493 sy-
1882 4458 1903 4477 η
1949 4395 2233 4484 "munia?
2257 4399 2372 4488 qm?
2391 4395 2702 4495 vahfma‘em
2722 4398 2823 4455 θεί
2841 4421 2944 4460 ⁹⁸⁰η
2958 4411 3106 4481 fac“.
3133 4420 3268 4478 "illi!
3286 4440 3380 4485 eu.
3408 4465 3480 4477 .—

163 4488 391 4559 nagogis
416 4488 725 4547 Judmorum
750 4494 821 4548 ita
843 4509 1061 4553 severas
1089 4499 1238 4571 leges
1255 4520 1395 4573 esse,
1427 4511 1526 4564 etsi
1559 4513 1648 4577 qui
1670 4515 1772 4570 do-
1998 4469 2173 4577 Tum
2207 4490 2419 4577 mm"?
2441 4523 2457 4548 ’
2484 4483 2545 4577 id
2586 4503 2694 4544 non
2723 4491 2960 4557 feremes
2988 4511 3254 4572 τθδῖηθηῑο
3286 4523 3354 4577 Al
3377 4544 3480 4577 me-

162 4488 391 4559 nagogis
416 4488 725 4547 Judmorum
750 4494 821 4548 ita
843 4509 1061 4553 severas
1089 4499 1238 4571 leges
1255 4520 1395 4573 esse,
1427 4511 1526 4564 etsi
1559 4513 1648 4582 qui
1670 4488 1772 4570 do-
1993 4488 2173 4613 22⁸2⁸⁷
2207 4490 2419 4582 ηηηΙΫε
2441 4523 2457 4548 ’
2482 4488 2545 4585 ,ω
2586 4503 2694 4544 non
2723 4491 2960 4557 ferentes
2988 4511 3254 4615 τῗδξηθηί·
3286 4523 3354 4577 Α(
3377 4544 3487 4585 "'6-

162 4589 250 4634 cet
279 4579 513 4646 imperet
552 4585 732 4639 omnia
786 4582 1053 4646 iicri;"‘ltic
1081 4607 1209 4646 vero
1250 4610 1352 4646 nos
1383 4599 1452 4646 ita
1484 4601 1771 4646 dncnnntnc
2123 4579 2361 4637 ²⁸²⁸⁶’·⁴Ῑ⁷¹²
2387 4571 2514 4640 fac"
2549 4580 2863 4644 θθιαηιατεω
2883 4591 3094 4646 θουυηι
3122 4645 3125 4646 ν
3161 4625 3316 4646 ’πη-η·
3341 4621 3484 4646 --'“-

159 4589 250 4634 cet
279 4587 513 4649 imperet
552 4587 732 4639 omnia
786 4587 1053 4653 iicri;"‘hic
1081 4607 1209 4647 vero
1250 4610 1352 4651 nos
1383 4599 1454 4654 ita
1484 4601 1772 4672 deSpectos
1865 4587 2514 4727 ;:;;ﬂ;"('gc:Z-V;‘;lag;
2549 4587 2863 4727 υἵξξιηιαιεηι
2883 4591 3096 4699 [ξοηιὶηἱ
3119 4645 3133 4673 ,
3161 4625 3317 4678 quam
3341 4621 3486 4679 mill,

159 4679 215 4725 οι
241 4669 485 4727 abiectos
530 4675 695 4727 esse?
739 4675 855 4727 Non
903 4679 1131 4727 clm-inm
1186 4700 1360 4727 mnsam
1398 4706 1530 4727 mum
1561 4699 1766 4727 ...ιη-ι..
2247 4697 2262 4713 ⁸
2384 4703 2398 4719 ο
2521 4708 2536 4722 ο
2637 4691 2724 4727 Inc
2779 4697 2961 4727 omnia
3009 4695 3267 4727 culum---
3337 4723 3352 4727 -
3442 4725 3449 4727 ξ

158 4679 215 4725 ct
241 4669 485 4740 abjectos
530 4675 695 4729 esse?
739 4675 855 4731 Non
903 4679 1131 4749 gloriam
1186 4700 1360 4743 meam
1398 4706 1530 4748 curo
1561 4668 1768 4767 :‘gloria
2311 4668 2398 4719 ίθ·
2425 4668 2536 4767 _5)-
2586 4671 2724 4733 Πῖηο
2779 4685 2962 4743 omnia

155 4764 360 4834 quippe
387 4779 506 4821 mea
550 4775 634 4820 est
653 4779 828 4823 vestra
865 4772 1087 4840 probata
1119 4777 1266 4844 vita;
1296 4781 1389 4837 sed
1418 4764 1647 4843 salutent
1679 4807 1770 4846 ve-

153 4863 326 4910 stram
355 4872 539 4928 quer
584 4858 832 4926 Quotidie
856 4863 1176 4936 clamamus,
1199 4870 1514 4933 insonamus
1531 4880 1583 4935 in
1607 4900 1768 4942 aures

155 4958 366 4991 Tﬂﬁlrnt:
387 4967 399 4977 '
431 4959 484 4991 ρι
511 4966 668 4991 ιιρηιη
701 4964 777 4991 ..αι
803 4957 892 4991 nni
923 4960 1102 4991 οιιιιιςηο
1165 4965 1266 4991 ,αρε
1310 4968 1440 4991 _:|.:i
1467 4987 1485 4991 _
1511 4973 1550 4991 λι
2046 4970 2062 4983 ο

155 4958 401 5015 vestras;
431 4959 487 5005 et
510 4966 668 5009 nemo
701 4964 780 5009 est
803 4957 894 5026 qui
920 4960 1126 5029 audiat,
1164 4965 1268 5020 etsi
1309 4968 1443 5025 nihil
1467 4973 1766 5034 vehemen—

155 5041 259 5062 η---
294 5042 419 5062 ___..
451 5059 555 5062 __,,,
612 5061 620 5062 ,
683 5047 740 5062 η..
1053 5056 1064 5062 -

2199 4937 2208 4947 .
3066 4933 3299 4946 νπ---.ωη
3345 4933 3473 4967 μυ.

1937 4936 2062 4983 tam.
2109 4933 2268 5062 Qui'd,
2315 4957 2522 5014 quaeso,
2580 4955 2735 5011 turba
2776 4966 3039 5029 prodesse
3086 4984 3321 5046 poterit?
3379 4991 3473 5052 vis

1937 5037 2068 5062 Ll‘Dl'n
2084 5044 2189 5062 nun
2245 5039 2413 5062 ραι-...ιζ
2435 5041 2580 5062 --__l_-
2669 5048 2690 5062 ι-
2754 5054 2762 5062 .

152 5041 262 5095 tius
293 5042 651 5110 proferamus.
683 5047 890 5115 Timeo,
944 5069 1013 5110 ne
1051 5056 1444 5130 intempestiva:
1486 5077 1541 5123 et
1579 5071 1762 5130 uiniizc

152 5134 502 5206 indulgentiae
520 5139 573 5193 in
594 5139 773 5198 [antro
793 5143 986 5203 illodie
1002 5151 1267 5208 rationem
1296 5157 1604 5218 reddamus.
1635 5167 1762 5223 ldco

151 5246 346 5302 magna
364 5240 420 5287 et
441 5233 588 5289 clara
616 5252 747 5293 voce
773 5242 1024 5299 omnibus
1041 5248 1277 5315 praedico
1297 5263 1355 5307 et
1383 5257 1672 5330 testiﬁcor;
1705 5274 1762 5320 ut

149 5323 240 5393 qui
269 5322 350 5378 sic
378 5332 819 5398 prmvaricantur,
846 5337 1046 5408 quique
1071 5355 1159 5407 ea,
1189 5359 1310 5413 qure
1347 5349 1571 5422 maligni
1608 5322 1756 5426 sunt,

150 5414 445 5486 loquuntur
491 5418 632 5490 (hoc
670 5432 754 5478 est
787 5427 929 5481 enim
969 5431 1380 5512 juramentum)
1409 5483 1425 5508 ,
1475 5414 1543 5500 ne
1572 5414 1760 5506 limina

145 5507 515 5564 ecclesiastica
539 5515 853 5573 ascendant.
883 5519 1252 5583 Praestitutum
1281 5507 1413 5588 vero
1443 5545 1659 5611 tempus
1686 5544 1756 5600 sit

145 5600 306 5658 vobis
329 5601 419 5661 hic
457 5609 683 5678 mensis,
731 5621 788 5667 ut
835 5618 1203 5690 corrigamiui.
1231 5625 1312 5684 Ne
1341 5631 1472 5687 mihi
1503 5600 1751 5697 dixeris:
