4054 6432
563 415 659 473 ’Ἱδ
1331 410 1388 467 S.
1413 407 1689 467 JOANNIS
1727 407 2188 466 CIIRYSOSTOMI
2227 409 2537 466 ARCIllEP.
2578 413 3108 476 CONSTANTINOP.
3803 402 3876 472 71c”.

590 529 691 602 sia,
718 523 813 580 sed
864 522 1205 580 multitudine
1256 523 1476 593 probata
1519 539 1534 578 :
1584 523 1628 578 si
1676 513 1857 578 autem
1914 525 2016 577 hoc
2063 521 2177 578 fieri

592 630 842 691 nequeat,
863 627 920 675 ut
947 619 1140 674 saltem
1162 617 1312 688 pauci
1337 616 1542 686 probati
1571 616 1698 670 sint.
1723 619 1915 669 Annon
1942 615 2166 682 videtis,

591 712 786 769 melius
811 725 932 768 esse
964 725 1125 765 unum
1169 709 1396 780 lapidem
1428 706 1722 778 pretiosum
1750 706 1980 773 habere,
2010 719 2169 776 quam

588 807 908 868 innumeros
923 805 1109 859 obolos
1128 804 1152 856 7
1170 816 1346 858 annon
1371 801 1564 857 videtis
1602 800 1792 855 melius
1811 813 1932 855 esse
1955 798 2167 852 oculum

585 896 1040 959 suumn-habere,
1091 908 1288 966 quam,
1342 892 1446 948 hoc
1486 900 1795 958 excaecata,
1848 887 2169 960 pinguedine

586 991 761 1046 carnis
815 989 1067 1044 onerari?
1115 1000 1293 1041 annon
1343 985 1556 1051 videtis,
1613 983 1807 1039 melius
1858 996 1977 1037 esse
2011 995 2166 1036 ovem

586 1097 743 1144 unam
782 1094 966 1137 sanam
997 1079 1195 1140 habere
1218 1119 1232 1142 ,
1260 1092 1420 1148 quam
1457 1076 1705 1133 millenas
1730 1073 1911 1131 scabie
1946 1073 2168 1144 plenas?

581 1187 759 1227 annon
814 1168 1045 1238 videtis,
1094 1171 1286 1227 melius
1338 1184 1461 1227 esse
1507 1183 1715 1241 paucos
1760 1168 1959 1223 habere
1997 1167 2169 1222 bonos

583 1266 740 1333 lilios,
766 1279 926 1335 quam
951 1265 1148 1328 multos
1185 1263 1500 1334 improbos?
1529 1277 1596 1317 an
1623 1261 1860 1326 nescitis,
1885 1273 2084 1329 paucos
2112 1261 2164 1312 in

583 1371 749 1427 regno
776 1355 1137 1423 fore,.multos
1183 1356 1236 1410 in
1264 1355 1546 1426 gehennat
1566 1351 1703 1420 Quid
1733 1351 2007 1406 mihicum
2030 1349 2166 1403 mul-

582 1445 841 1503 titudine?
860 1462 980 1518 qua:
1008 1461 1072 1503 ex
1099 1462 1162 1502 ea
1191 1446 1435 1501 utilitas?
1463 1443 1617 1499 Nulla
1653 1461 1666 1497 :
1699 1443 1808 1497 imo
1835 1441 2013 1510 potius
2039 1439 2161 1494 aliis

582 1548 664 1593 est
690 1539 971 1609 pernicies.
1006 1538 1147 1593 Idem
1180 1539 1352 1606 ipsum
1379 1544 1464 1592 est
1484 1574 1500 1600 ,
1529 1549 1593 1591 ac
1614 1534 1657 1589 si
1684 1535 1768 1589 cui
1802 1533 1961 1588 liceat
1978 1531 2164 1587 decem

580 1644 740 1684 sanos
770 1628 987 1695 habere,
1013 1629 1096 1683 Vel
1124 1629 1272 1691 mille
1299 1627 1540 1682 inﬁrmos
1559 1667 1573 1691 ,
1603 1635 1658 1681 et
1691 1625 1782 1680 ille
1819 1624 1934 1679 istis
1976 1621 2162 1677 decem

584 1727 894 1779 innumeros
933 1723 1052 1777 illos
1093 1722 1325 1790 adjiciat.
1373 1721 1452 1776 llli
1495 1735 1627 1775 sane
1665 1717 1820 1775 multi
1863 1715 1994 1772 nihil
2024 1714 2163 1771 bene

579 1826 898 1889 operantes,
932 1816 1062 1871 nihil
1089 1814 1231 1871 aliud
1265 1814 1421 1870 nobis
1445 1813 1742 1879 conferent,
1773 1825 1930 1882 quam
1959 1808 2158 1877 suppli-

577 1909 739 1975 cium,
795 1910 849 1962 et
889 1906 942 1960 in
972 1906 1221 1976 praesenti
1267 1913 1530 1974 tempore,
1577 1902 1944 1973 ignominiam.
1991 1897 2161 1952 Nemo

587 2042 705 2055 -ι

2239 2027 2448 2038 -ου

711 2030 2209 2054 ___________________________

2287 526 2431 580 enim
2451 529 2591 597 quod
2615 530 2767 586 multi
2793 533 2963 589 simus
2983 535 3145 597 dicet.
3175 535 3424 607 sedquod
3458 537 3674 594 inutiles
3700 536 3875 592 simus

2278 618 2580 689 redarguet.
2600 622 2712 677 lloc
2734 625 2912 695 itaque
2935 626 3094 682 nobis
3119 642 3333 698 semper
3347 629 3633 698 objiciunt,
3651 628 3876 699 quando

2275 710 2524 776 dicimus,
2556 713 2700 769 Multi
2725 730 2915 772 smnus
2946 715 3092 774 :Sed
3113 719 3259 786 mali,
3291 720 3560 790 inquiunt.
3593 721 3735 775 Ecce
3766 722 3872 775 itc-

2275 820 2393 858 rum
2423 806 2682 862 denuntio
2702 819 2758 864 et
2785 810 2933 864 clara
2966 825 3100 866 voce
3126 811 3326 878 clamo,
3350 829 3512 869 nemo
3535 796 3720 882 jocum
3750 827 3875 867 esse

2275 905 2426 965 putet
2467 915 2481 951 :
2516 898 2808 955 Excludam
2855 912 2910 958 et
2934 903 3131 957 arcebo
3159 918 3264 956 non
3296 903 3744 974 obtemperantes
3768 945 3784 970 ,
3819 913 3876 958 et

2273 988 2448 1045 donec
2476 988 2530 1043 in
2544 989 2646 1048 hoc
2663 993 2854 1049 throno
2865 990 3082 1057 sedebo,
3095 989 3226 1045 nihil
3243 989 3877 1062 illiusjustiticatiouibus

2273 1082 2570 1150 praeferam.
2601 1078 2658 1135 Si
2703 1081 2824 1150 quis
2853 1097 2937 1136 me
2979 1081 3237 1152 dejecerit
3261 1122 3276 1146 ,
3325 1081 3434 1150 jam
3464 1097 3571 1135 non
3603 1079 3875 1135 obnoxius

2275 1187 2410 1237 cro;
2441 1171 2616 1229 donec
2643 1188 2771 1229 vero
2806 1173 3077 1228 obnoxius
3106 1189 3224 1227 sum
3247 1216 3260 1235 ,
3297 1187 3402 1228 non
3437 1189 3655 1244 possnm
3705 1173 3874 1242 negli-

2272 1281 2420 1337 gere,
2445 1281 2550 1320 non
2576 1276 2683 1320 tam
2713 1275 2858 1321 metu
2887 1267 3132 1335 supplicii
3163 1309 3176 1330 ,
3203 1281 3363 1335 quam
3395 1274 3614 1336 promer
3635 1274 3874 1318 vestram

2272 1359 2536 1425 salutem,
2568 1374 2728 1428 quam
2759 1358 3050 1413 admodum
3082 1360 3241 1428 cupio
3277 1377 3290 1414 :
3320 1374 3417 1428 pro
3448 1359 3536 1414 illa
3576 1358 3795 1412 crucior
3821 1367 3875 1410 ct

2273 1449 2452 1505 doleo.
2489 1449 2594 1505 Sed
2622 1446 2990 1517 obtemperate
3015 1491 3030 1515 ,
3071 1459 3126 1504 ut
3155 1459 3208 1504 et
3237 1449 3324 1503 hic
3351 1458 3406 1503 et
3431 1448 3486 1502 in
3521 1448 3702 1502 futuro
3731 1448 3869 1500 mul-

2276 1553 2382 1597 tam
2425 1540 2696 1612 accipiatis
2745 1540 3069 1607 mercedem,
3111 1551 3166 1596 et
3213 1541 3370 1596 simul
3421 1540 3577 1594 bouis
3627 1538 3875 1593 fruamur

2273 1633 2490 1690 aeternis
2516 1674 2532 1699 ,
2585 1633 2755 1704 gratia
2794 1643 2850 1688 et
2900 1633 3230 1705 benignitate
3261 1631 3522 1703 unigeniti
3570 1631 3715 1696 Filii,
3748 1632 3873 1699 qui-

2272 1743 2390 1782 cum
2423 1726 2567 1781 Patri
2607 1741 2817 1797 unaque
2843 1724 3059 1795 Spiritui
3087 1736 3273 1783 sancto
3292 1727 3493 1797 ,gloria
3513 1767 3528 1789 ,
3562 1724 3872 1795 imperium,

2272 1819 2466 1886 honor,
2519 1833 2661 1875 nunc
2713 1828 2767 1873 et
2816 1833 3053 1889 semper,
3094 1829 3148 1874 et
3184 1819 3236 1874 in
3278 1818 3474 1874 sazcula
3518 1815 3871 1873 saeculorum.

2270 1915 2462 1968 Amen.

3105 2025 3444 2036 —-—-——————

3463 2023 3841 2036 —_—_—

1966 2100 2309 2166 HOMILIA
2354 2099 2471 2164 IX.

576 2267 702 2324 Car.
735 2267 787 2323 3.
835 2281 886 2319 ν.
936 2264 1024 2322 12.
1078 2264 1266 2320 Videns
1307 2273 1473 2318 autem
1519 2261 1740 2326 Petrus,
1789 2253 2048 2326 respondit
2095 2250 2163 2303 ad

648 2358 892 2429 populum
920 2373 939 2411 :
971 2355 1077 2410 Viri
1104 2354 1376 2421 Israelitw,
1405 2354 1528 2420 quid
1559 2350 1814 2406 miramini
1843 2349 1896 2401 in
1926 2347 2043 2409 hoc,
2071 2353 2160 2396 aut

643 2452 768 2521 quid
793 2465 882 2504 nos
912 2446 1205 2513 intuemini,
1234 2447 1378 2516 quasi
1407 2455 1580 2500 nostra
1622 2443 1804 2497 virtute
1849 2447 1938 2492 aut
1978 2436 2160 2506 pietate

647 2544 914 2615 fecerimus
944 2541 1077 2594 hunc
1101 2539 1408 2592 ambulare?

646 2637 698 2689 1.
731 2632 960 2687 Oratoris
985 2631 1230 2684 modestia
1253 2629 1463 2683 multum
1483 2625 1686 2698 prodest
1702 2622 1943 2678 auditori.
1960 2649 2030 2660 -—
2049 2617 2160 2672 ida-

568 2728 689 2797 jorc
712 2725 901 2780 llducia
928 2724 1084 2795 plena
1112 2732 1194 2777 est
1220 2722 1334 2775 ha-c
1360 2721 1531 2774 oratio
1559 2733 1574 2770 :
1607 2734 1712 2772 non
1741 2715 1958 2788 quodin
1982 2712 2161 2783 priore

575 2820 820 2881 timeret,
852 2815 946 2870 Sed
973 2813 1094 2884 quia
1124 2813 1174 2867 id
1204 2813 1451 2874 homines
1476 2811 1550 2864 illi
1575 2809 1823 2862 inrisores
1852 2819 1958 2860 non
2006 2803 2160 2858 tulis-

570 2921 712 2966 sent.
745 2908 920 2976 Quare
962 2906 1014 2962 in
1062 2906 1206 2961 illius
1251 2904 1474 2960 exordio
1528 2902 1705 2957 statim
1753 2899 1872 2954 illos
1920 2904 2158 2951 attentos

569 3001 782 3066 reddit,
814 2999 997 3054 dicens
1024 3014 1039 3052 :
1072 2997 1184 3053 Hoc
1210 2997 1350 3052 vobis
1381 3005 1557 3050 notum
1581 2995 1679 3058 sit,
1712 3002 1756 3047 et
1791 2991 1998 3046 auribus
2045 3005 2158 3058 per-

571 3094 723 3156 cipite
750 3092 897 3145 verba
923 3107 1052 3144 mca.
1081 3089 1180 3145 llic
1208 3099 1387 3144 autem
1421 3105 1526 3143 non
1556 3085 1716 3142 habet
1757 3084 1845 3139 tali
1899 3091 2158 3153 apparatu

571 3199 726 3254 opus.
758 3182 874 3238 Non
901 3182 1042 3237 enim
1070 3194 1264 3251 segnes
1305 3190 1461 3236 erant
1490 3198 1501 3233 :
1535 3179 1743 3249 signum
1795 3176 1994 3248 quippe
2037 3175 2160 3230 illos

572 3285 806 3330 attentos
833 3274 1067 3339 iecerat;
1101 3271 1244 3327 unde
1257 3279 1315 3326 et
1329 3279 1548 3340 stupore
1569 3279 1623 3325 et
1644 3277 1788 3324 metu
1815 3267 2156 3338 plenierant.

571 3372 748 3434 Quare
775 3383 884 3423 non
911 3381 1047 3437 opus
1073 3365 1167 3419 l'uit
1199 3372 1256 3418 ut
1283 3363 1408 3418 inde
1444 3361 1724 3418 exordium
1765 3360 2021 3419 duceret:
2063 3357 2157 3413 sed

571 3459 787 3514 aliunde
809 3499 826 3524 ,
853 3474 959 3529 quo
987 3457 1106 3512 illos
1138 3456 1303 3524 magis
1331 3455 1431 3510 sibi
1461 3455 1770 3510 conciliaret
1792 3495 1807 3518 ,
1839 3453 2064 3523 gloriam
2090 3451 2158 3506 ab

570 3568 628 3607 se
649 3551 985 3623 depelleudo.
1010 3550 1150 3604 Nihil
1178 3550 1321 3605 enim
1347 3558 1451 3602 tam
1481 3547 1696 3618 prodest
1721 3546 1972 3611 auditori,
1999 3560 2155 3616 quam

571 3646 614 3697 si
643 3651 824 3698 orator
854 3641 984 3696 nihil
1011 3641 1185 3710 magni
1215 3640 1282 3694 de
1309 3653 1368 3694 se
1397 3639 1538 3694 dicat
1563 3679 1577 3703 ,
1612 3640 1706 3694 sed
1735 3653 1948 3694 omnem
1977 3653 2155 3708 super-

572 3735 676 3789 biae
698 3734 1056 3803 suspicionem
1077 3732 1247 3787 tollat.
1279 3732 1516 3787 Gloriam
1546 3747 1675 3787 vero
1688 3731 2054 3801 despicientes
2079 3731 2158 3786 sic

574 3828 833 3896 majorem
863 3826 963 3880 sibi
992 3825 1215 3895 gloriam
1251 3825 1541 3893 parabant,
1566 3823 2027 3894 ostendebantque
2053 3838 2156 3878 non

575 3920 864 3972 lnunanum
889 3959 902 3980 ,
936 3915 1296 3972 sed-divinum
1331 3915 1458 3968 illud
1487 3929 1606 3969 esse
1632 3930 1802 3986 opus,
1833 3923 1890 3970 et
1920 3930 2014 3984 par
2040 3928 2159 3969 esse

575 4019 630 4063 ut
658 4009 733 4063 illi
762 4008 923 4062 etiam
950 4022 1069 4063 cum
1097 4005 1219 4060 aliis
1245 4005 1642 4060 admirarentur
1666 4047 1680 4070 ,
1715 4022 1819 4062 non
1847 4006 1900 4059 in
1923 4003 2157 4059 adrnira-

575 4105 718 4156 tionc
747 4100 1097 4156 haberentur.
1136 4099 1296 4154 Vides
1317 4140 1330 4161 ,
1366 4114 1524 4168 quam
1554 4099 1624 4151 ab
1652 4098 1944 4153 ambitione
1976 4115 2156 4168 purus,

573 4194 793 4258 gloriam
819 4193 919 4247 sibi
950 4191 1183 4246 oblatam
1213 4189 1489 4259 depellat?
1515 4190 1601 4244 Sic
1643 4198 1697 4244 et
1746 4199 1956 4244 veteres
1997 4188 2158 4243 iacie-

577 4284 737 4347 baut,
771 4293 826 4337 ut
856 4281 1148 4352 Daniclqui
1180 4281 1391 4336 dicebat
1426 4298 1438 4333 :
1475 4279 1581 4350 Ego
1629 4289 1796 4334 autem
1840 4297 1943 4334 non
1986 4281 2038 4332 in
2080 4297 2164 4333 sa-

577 4377 798 4445 pientia,
839 4375 1025 4444 quwiu
1070 4391 1148 4427 me
1193 4375 1256 4426 sit
1307 4372 1484 4444 (Dan.
1532 4372 1587 4424 2.
1630 4372 1773 4443 50);
1824 4384 1879 4427 et
1921 4372 2117 4441 Joseph
2144 4413 2159 4436 ,

490 4533 493 4540 _
585 4469 768 4522 Nonne
794 4484 879 4538 per
905 4466 1063 4519 Deum
1087 4467 1423 4535 manifestatio
1467 4482 1641 4518 eorum
1686 4464 1853 4533 (Gen.
1902 4465 1991 4520 40.
2042 4465 2163 4533 8)?

578 4573 629 4614 et
661 4558 822 4612 David
845 4601 858 4623 ,
902 4557 1189 4611 Venientem
1217 4557 1408 4610 leonem
1435 4567 1480 4610 et
1511 4574 1685 4610 ursum
1712 4560 1765 4611 in
1807 4559 2010 4612 nomine
2052 4557 2162 4611 Do-

581 4651 703 4704 mini
724 4649 952 4704 manibus
975 4648 1316 4716 discerpebam
1347 4649 1420 4718 (1.
1455 4648 1584 4717 Reg.
1618 4649 1705 4701 17.
1734 4649 1928 4717 34).]1i
1951 4663 2164 4718 quoque

583 4757 723 4794 nune
755 4758 768 4792 :
802 4739 942 4806 Quid
970 4756 1060 4793 nos
1082 4739 1381 4804 intuemini,
1414 4739 1560 4807 quasi
1597 4739 1805 4808 prapria
1857 4740 2040 4792 uirtute
2078 4750 2164 4792 aut

583 4832 766 4900 pietate
782 4833 1060 4901 fecerimus
1087 4833 1219 4883 hunc
1249 4831 1561 4891 ambulare?
1602 4830 1717 4885 Non
1773 4830 1875 4884 hoc
1922 4841 2162 4886 nostrum

584 4931 704 4988 est,
738 4923 946 4991 inquit;
980 4939 1150 4991 neque
1179 4923 1318 4976 enim
1354 4923 1494 4993 quod
1541 4923 1682 4993 digni
1719 4939 1999 4987 essemus,
2041 4940 2166 4993 gra-

585 5017 708 5068 tiam
745 5015 833 5068 [)ei
862 5015 1203 5068 alti-animus.
1236 5014 1319 5067 15.
1346 5013 1482 5067 Deus
1507 5014 1794 5077 Abraham,
1828 5015 1966 5068 Deus
1994 5014 2160 5082 Isaac,

584 5118 625 5158 et
661 5108 797 5160 (lens
822 5104 1000 5171 Jacob,
1029 5106 1160 5160 Deus
1187 5118 1384 5175 patrum
1409 5107 1875 5170 ttostrOt'um.Vide,
1903 5109 2168 5176 quomodo

582 5216 637 5253 ει)
661 5199 965 5269 frequenter
986 5199 1050 5253 ad
1078 5200 1443 5267 progenitores
1471 5208 1784 5263 convertat;
1812 5215 1876 5254 ne
1898 5200 2167 5256 videretur

583 5309 772 5345 novum
797 5292 1063 5361 quoddam
1088 5291 1275 5360 dogma
1300 5291 1548 5346 i..ducere
1573 5310 1585 5345 :
1612 5301 1664 5346 et
1687 5291 1792 5346 illic
1816 5292 2166 5359 patriarcham

587 5382 834 5436 llavideut
870 5384 1220 5446 memoravit,
1260 5393 1310 5436 ct
1335 5382 1420 5436 hic
1451 5384 1810 5439 Abrahamum
1842 5394 1896 5439 et
1935 5400 2165 5454 sequen-

583 5483 682 5526 tes.
707 5473 1023 5542 'Gioriﬁcavit
1059 5471 1249 5527 Filium
1274 5491 1420 5526 suum
1450 5474 1644 5529 Jcsunt.
1676 5476 1879 5531 Rursus
1901 5479 2171 5533 humiliter

583 5566 720 5618 sicut
751 5565 800 5616 iu
832 5565 1113 5631 prouzmio.
1147 5565 1346 5618 Deinde
1372 5568 1421 5618 in
1455 5566 1663 5620 illorum
1695 5569 1927 5622 facinore
1953 5571 2166 5638 insistit,

581 5657 818 5725 illudque
847 5657 1092 5717 extollit,
1127 5673 1221 5711 nec
1252 5659 1350 5711 sub
1381 5661 1566 5712 umbta
1612 5661 1844 5728 loquitur
1895 5673 1948 5714 ut
2003 5663 2167 5728 prius.

583 5747 712 5802 Illud
741 5759 914 5802 autem
963 5747 1125 5811 facit,
1179 5759 1233 5801 ut
1283 5751 1399 5802 illus
1454 5752 1620 5819 magis
1671 5755 1906 5806 reducat.
1962 5754 2170 5819 Qilﬂllll)

584 5841 721 5894 enim
749 5842 914 5910 magis
946 5842 1117 5897 scelus
1150 5842 1449 5902 declarabit
1481 5887 1492 5909 ,
1528 5853 1672 5896 tamo
1705 5847 2018 5899 :tlictttiorcs
2054 5850 2163 5902 red-

2273 2244 2451 2301 debat.
2480 2243 2795 2314 Gioriﬁcavit
2814 2287 2826 2309 ,
2862 2245 3066 2315 inquit,
3103 2243 3292 2299 Filium
3322 2262 3467 2300 suum
3492 2244 3696 2312 Iesum,
3721 2261 3872 2314 quem

2270 2353 2358 2394 vos
2385 2339 2687 2403 tradidistis,
2719 2348 2765 2392 et
2790 2339 3015 2409 negastis
3039 2348 3158 2392 ante
3177 2339 3357 2408 {aciem
3387 2337 3548 2392 Pilati
3566 2380 3582 2406 ,
3595 2339 3872 2410 judicante

2267 2431 2358 2486 illo
2379 2430 2591 2485 dimitti.
2627 2430 2742 2484 Duo
2774 2439 2901 2485 sunt
2929 2431 3152 2485 crimina
3175 2471 3190 2497 ,
3217 2441 3272 2486 et
3297 2431 3441 2501 quod
3469 2430 3679 2486 Pilatus
3707 2432 3875 2488 vellet

2267 2525 2572 2592 dimittere,
2620 2533 2672 2578 et
2721 2523 2862 2594 quod
2903 2523 2995 2578 illo
3045 2523 3261 2580 volente
3305 2539 3401 2579 vos
3437 2523 3739 2579 nolueritis.
3776 2526 3867 2580 Η.

2277 2616 2378 2672 Vos
2398 2626 2564 2671 autem
2590 2628 2822 2672 sanctum
2852 2627 2898 2671 et
2915 2617 3115 2687 justum
3142 2617 3361 2686 negastis
3383 2657 3399 2682 ,
3446 2628 3494 2671 et
3536 2618 3753 2687 petiistis
3797 2618 3867 2671 ri-

2267 2728 2380 2766 rum
2401 2711 2707 2767 homicidam
2728 2711 2910 2765 donari
2931 2711 3108 2766 vobis:
3140 2710 3226 2766 15.
3269 2720 3529 2765 auctorem
3582 2727 3701 2765 vero
3754 2713 3870 2764 vita:

2265 2805 2602 2874 interfecistis,
2630 2821 2779 2873 quem
2801 2803 2942 2859 Deus
2961 2803 3217 2858 suscitauit
3243 2821 3275 2857 α
3302 2805 3510 2858 mortuis
3535 2845 3548 2868 ,
3591 2806 3746 2874 cujus
3774 2822 3870 2860 nos

2268 2907 2412 2952 testes
2440 2914 2633 2952 sumus.
2662 2898 2740 2951 Ac
2766 2896 2810 2951 si
2834 2896 3058 2958 diceret,
3088 2896 3192 2950 Pro
3219 2897 3308 2950 illo
3330 2897 3589 2952 latronem
3613 2898 3869 2968 petiiStis.

2266 2989 2398 3044 Rem
2429 2987 2716 3044 admodum
2739 3003 2957 3058 gravem
2985 2988 3241 3044 declarat.
3266 2987 3399 3057 Quia
3427 2989 3546 3044 illos
3573 2990 3674 3045 sub
3704 3007 3869 3046 manu

2267 3082 2487 3137 tenebat
2511 3123 2525 3148 ,
2555 3081 2902 3136 vehementer
2925 3082 3271 3152 pratstringit.
3294 3083 3560 3137 Auctorem
3583 3100 3701 3139 vero
3730 3085 3865 3151 vita',

2269 3175 2459 3244 inquit.
2488 3174 2582 3230 llic
2612 3175 3023 3229 resurrectionis
3057 3174 3213 3230 tidem
3245 3184 3485 3246 apparat.
3521 3175 3687 3244 Quem
3728 3179 3869 3234 Deus

2265 3269 2524 3322 suscitavit
2549 3285 2580 3321 ιι
2604 3269 2834 3322 mortuis.
2869 3267 2946 3322 Ne
2977 3268 3097 3339 quis
3139 3268 3379 3336 diceret,
3426 3269 3715 3326 Uudenam
3764 3273 3868 3328 hoc

2265 3359 2474 3429 liquet?
2501 3375 2605 3414 non
2635 3360 2743 3428 jam
2771 3360 2837 3414 ad
2874 3363 3162 3430 prophetas
3188 3359 3461 3433 confugit,
3496 3363 3588 3418 scd
3613 3364 3683 3417 ad
3718 3366 3866 3434 St‘ipo

2264 3465 2413 3518 sum,
2446 3451 2568 3520 quia
2597 3449 2708 3518 jam
2739 3449 2843 3505 lide
2873 3451 3063 3520 dignus
3113 3452 3427 3508 habebatur.
3473 3453 3625 3508 Tunc
3677 3457 3864 3523 cnim,

2263 3559 2385 3597 cum
2414 3542 2634 3597 dixisset
2666 3542 2812 3596 illum
2843 3544 3205 3597 rcsurrexisse
3228 3585 3242 3608 ,
3279 3543 3528 3599 Davidem
3561 3547 3868 3602 toStcm-iu-

2264 3633 2450 3698 duxit;
2491 3647 2632 3687 nunc
2661 3648 2792 3689 vero
2823 3632 2924 3688 hoc
2957 3635 3127 3702 ipsum
3154 3634 3359 3700 dicens,
3389 3635 3616 3691 chorum
3641 3650 3860 3709 aposto-

2266 3727 2446 3780 licum.
2490 3726 2649 3795 Cujus
2695 3743 2787 3781 nos
2831 3736 2978 3782 testes
3007 3745 3179 3782 sumus
3200 3768 3217 3796 ,
3249 3729 3436 3798 inquit.
3467 3731 3553 3785 16.
3593 3732 3656 3785 Et
3685 3735 3736 3788 in
3764 3737 3870 3804 ﬁde

2267 3819 2485 3872 nominis
2514 3820 2624 3888 ejus
2645 3862 2656 3880 ,
2692 3818 2826 3871 hunc
2846 3861 2860 3884 ,
2892 3835 3038 3889 quem
3065 3836 3150 3873 vos
3180 3821 3356 3875 ridetis
3379 3832 3424 3876 et
3447 3824 3601 3878 nostis
3621 3865 3635 3888 ,
3674 3828 3870 3894 cun/ir-

2265 3913 2420 3964 mavit
2445 3927 2625 3965 nomen
2655 3913 2806 3980 ejus;
2830 3921 2875 3965 et
2897 3912 3044 3980 ﬁdes,
3072 3929 3186 3982 qua:
3208 3931 3296 3982 per
3320 3931 3436 3969 eum
3483 3925 3553 3970 est
3576 3958 3591 3980 ,
3633 3920 3777 3974 dedit
3821 3923 3867 3975 ei

2263 4004 2508 4073 integrant
2536 4003 2801 4057 sanitatem
2829 4003 2975 4056 istaut
3005 4004 3057 4058 in
3079 4016 3347 4076 conspectu
3366 4011 3593 4063 omnium
3615 4023 3863 4067 uestrum.

2263 4096 2522 4160 Qumreus
2551 4109 2764 4149 oausam
2798 4096 3005 4158 dicere,
3038 4098 3217 4150 statim
3246 4099 3456 4168 signum
3502 4101 3690 4169 adjicit
3715 4146 3730 4168 ,
3777 4107 3866 4160 di-

2267 4200 2397 4240 cens
2423 4204 2438 4240 :
2472 4184 2536 4238 In
2569 4198 2838 4255 conspectu
2866 4188 3091 4240 omnium
3113 4200 3356 4243 vestrum.
3386 4193 3520 4259 Quia
3551 4195 3709 4250 valde
3742 4198 3865 4253 illus

2271 4277 2688 4345 perstrinxerat,
2720 4289 2774 4330 et
2803 4279 3113 4332 ostenderat
3140 4284 3452 4338 cruciﬁxum
3477 4290 3862 4357 TCSIII'I'CX1SSL,

2268 4383 2452 4422 rursus
2477 4382 2781 4422 sermonem
2815 4371 3054 4440 mitigat,
3087 4372 3221 4426 dans
3247 4374 3350 4428 illis
3399 4377 3726 4444 pmttitcntia:
3781 4383 3865 4438 fa-

2267 4463 2518 4516 Culzatem
2547 4504 2560 4525 ,
2590 4463 2796 4516 dicens.
2833 4463 2919 4517 17.
2960 4463 3022 4515 Et
3054 4481 3187 4517 nunc
3207 4508 3222 4531 ,
3252 4470 3434 4535 fratres
3455 4510 3468 4530 ,
3494 4476 3597 4523 scio
3625 4474 3747 4541 quia
3776 4493 3868 4542 per

2266 4557 2608 4626 ignorantiam
2635 4557 2822 4626 fecistis
2845 4599 2858 4619 ,
2901 4559 3028 4610 sicut
3055 4569 3099 4614 et
3123 4561 3377 4631 principes
3400 4565 3568 4617 vestri.
3598 4566 3697 4619 Per
3719 4569 3866 4638 igno—

2268 4650 2490 4700 rantium
2514 4649 2723 4719 fecistis.
2756 4649 2879 4702 llzec
2911 4665 3011 4701 una
3043 4654 3316 4705 excusatio
3348 4668 3467 4717 e51;
3497 4657 3686 4722 altera,
3719 4663 3866 4716 Sicut

2270 4753 2316 4796 et
2351 4743 2600 4812 principes
2645 4744 2814 4796 vestri.
2863 4743 3322 4807 Qtu-mmhntnlnm
3364 4747 3565 4818 Ioseph
3608 4749 3869 4810 fratribus

2270 4835 2478 4885 dimltat
2508 4851 2519 4887 :
2553 4832 2691 4886 Deus
2725 4852 2801 4886 me
2827 4835 2958 4887 misit
2990 4845 3105 4888 ante
3131 4853 3213 4889 vos
3250 4835 3415 4905 (Gen.
3457 4842 3547 4896 45.
3603 4844 3706 4910 5);
3756 4847 3873 4900 imo

2270 4926 2409 4991 quod
2440 4926 2660 4994 carptim
2697 4925 2804 4979 illic
2831 4914 3080 4991 dixerat,
3107 4926 3330 4995 Deﬁnito
3368 4933 3622 4998 consilio,
3655 4946 3702 4987 et
3733 4954 3870 5004 pra:-

2269 5018 2476 5068 scicntiu
2503 5016 2596 5070 Dei
2623 5017 2865 5069 traditum
2893 5020 3193 5088 accipientes
3226 5023 3364 5088 (Act.
3398 5023 3447 5075 2.
3481 5021 3596 5095 23),
3630 5026 3867 5096 idipsum

2271 5107 2356 5160 hie
2388 5123 2435 5161 e.‘
2496 5109 2645 5162 ‘ndit.
2683 5110 2770 5162 18.
2804 5107 2940 5162 Dens
2963 5120 3130 5162 autent
3154 5128 3266 5180 qua:
3293 5116 3651 5182 pra'nuntiavit
3690 5135 3782 5185 per
3813 5137 3871 5174 os

2271 5202 2495 5254 omnium
2519 5203 2881 5271 prophetarum
2913 5204 3017 5271 pati
3040 5203 3132 5258 Clu
3147 5205 3298 5257 istum
3320 5221 3490 5272 suum,
3522 5208 3594 5260 sic
3614 5210 3867 5279 implerit.

2273 5295 2442 5348 Simul
2473 5295 2708 5348 ostendit
2736 5310 2839 5348 non
2870 5296 3083 5350 illorum
3112 5312 3233 5351 esse
3253 5337 3266 5360 ,
3297 5299 3342 5351 si
3377 5299 3476 5353 hoc
3525 5298 3870 5356 demonstra-

2275 5399 2383 5440 tum
2408 5387 2514 5449 sit;
2560 5387 2652 5441 sed
2683 5402 2778 5456 per
2807 5389 3134 5443 voluntatem
3169 5391 3260 5443 [lci
3307 5389 3501 5445 factum
3533 5407 3676 5448 esse.
3732 5396 3872 5450 (tum

2273 5493 2400 5534 vero
2422 5480 2585 5544 dicit,
2625 5479 2750 5543 Qua:
2794 5484 3174 5549 prwnuntiarit,
3215 5485 3392 5549 verba,
3427 5486 3578 5554 queis
3600 5491 3873 5558 ‘crucilim

2277 5577 2691 5645 CXpl‘Ultl‘ulrﬂlll,
2727 5579 3027 5632 Slll'tllttlit'lll
3061 5598 3070 5630 :
3104 5579 3155 5631 Si
3189 5581 3298 5633 vult
3320 5583 3655 5644 eum,salvct
3697 5585 3871 5652 illum,

2275 5669 2548 5723 dicentes:
2583 5671 2721 5722 ιιῑλὶι
2749 5673 2912 5735 enim,
2949 5673 3112 5725 Filius
3147 5672 3236 5726 Dei
3266 5690 3382 5726 sum
3415 5691 3426 5726 :
3457 5677 3674 5729 conlidit
3720 5679 3769 5730 in
3812 5680 3871 5732 ii-

2278 5761 2420 5827 lum;
2456 5763 2561 5815 de.»
2625 5763 2745 5815 adat
2778 5779 2916 5817 uuae
2955 5764 3021 5817 de
3065 5781 3222 5818 crure
3255 5769 3272 5836 (
3301 5767 3488 5820 .llattlt.
3519 5769 3609 5823 ‘27.
3643 5772 3711 5824 40
3757 5788 3870 5838 sqq.

2279 5851 2399 5906 Luc.
2431 5854 2516 5908 25.
2549 5855 2613 5908 55
2718 5857 2794 5908 ΛΠ
2834 5872 2983 5923 lttlgu‘
3012 5866 3133 5908 .Sltttl
3168 5859 3313 5923 latro.7
3363 5876 3394 5914 ο
3440 5861 3628 5914 stulti?
3697 5869 3740 5912 χι
3765 5865 3872 5929 sit;
