4054 6408
118 338 189 390 77
1044 323 1109 377 IN
1150 319 1333 378 ACTA
1375 313 1904 374 APOSTOLORUM.
1949 312 2181 368 IIOMII..
2235 312 2325 366 IX.
3387 303 3456 358 78

118 450 216 504 sed
260 449 340 502 sic
384 444 666 513 oportebat
716 441 835 498 ﬁeri
864 456 875 492 :
909 445 965 494 et
1017 435 1371 492 testiﬁcantur
1419 429 1718 501 prophctze.

118 542 308 609 Itaque
335 556 441 592 non
469 538 540 592 ob
582 535 947 590 inﬁrmitatem
999 547 1105 584 non
1151 526 1471 590 descendit,
1519 522 1614 578 sed
1659 523 1728 576 ob

117 649 274 688 suam
297 632 572 686 \irtutem.
609 629 674 683 Et
703 627 806 680 hoc
829 624 978 694 ponit
1005 625 1057 677 in
1088 621 1492 677 excusationem
1516 615 1731 671 .Itldzuo-

118 740 268 788 rum,
299 733 360 778 ut
389 724 550 777 etiam
581 719 869 787 accipiant.
902 715 992 770 Sic
1017 713 1262 785 implwit,
1297 711 1488 781 inquit.
1518 707 1727 770 Viden’,

115 814 399 885 quomodo
429 822 600 868 totum
628 811 757 865 illuc
785 807 1024 863 referat?
1055 805 1147 862 9|.
1181 801 1507 859 Pwnitemini
1529 801 1687 869 igitur
1711 839 1726 865 ,

117 908 300 978 Inquit
321 949 336 972 ,
365 915 412 960 et
442 901 809 958 convertimini.
841 900 951 954 Nec
977 898 1141 965 dicit,
1176 897 1220 951 A
1250 895 1481 966 peccatis
1506 891 1729 958 vestris;

115 1000 216 1054 sed
239 1042 254 1064 ,
287 997 358 1055 Ut
380 997 648 1053 deleantur
677 1004 883 1065 peccata
914 1002 1101 1057 vestra,
1137 991 1367 1060 idipsum
1395 988 1727 1058 significans.

118 1090 332 1146 Deinde
359 1090 568 1146 lucrum
593 1087 814 1157 apponit
849 1104 860 1138 :
898 1083 966 1140 Ut
991 1100 1107 1138 cum
1136 1083 1358 1136 venerint
1386 1091 1610 1148 tempora
1647 1095 1730 1132 re-

114 1184 324 1254 frigerii
348 1199 380 1234 α
401 1190 672 1251 conspectu
703 1177 934 1233 Domini.
966 1174 1063 1229 llic
1092 1170 1310 1228 exhibet
1333 1173 1454 1226 illos
1479 1171 1531 1224 itt
1563 1171 1729 1224 mise-

115 1278 259 1328 riam
310 1275 601 1343 delapsos,
655 1271 944 1339 multisque
1007 1267 1230 1322 allectos
1287 1263 1726 1319 calamitatibus:

114 1367 357 1436 ideoque
384 1365 464 1420 sic
487 1364 724 1433 loquitur
748 1403 764 1429 ,
796 1373 997 1430 gnarus
1026 1359 1142 1414 hate
1191 1356 1353 1412 verba
1403 1355 1625 1425 patienti
1678 1362 1733 1408 ct

114 1459 552 1514 consolationem
585 1454 849 1523 quasrenti
880 1465 1200 1522 congruere.

185 1549 244 1602 2.
282 1550 351 1603 Et
382 1547 500 1602 vide
541 1542 814 1617 quomodo
863 1542 1137 1614 procedat.
1176 1541 1231 1595 Iti
1265 1541 1436 1612 prima
1461 1538 1726 1595 concione

110 1642 324 1696 sensim
355 1638 812 1694 resurrectionem
842 1645 898 1691 et
927 1635 1225 1690 sessionem
1253 1636 1305 1688 in
1331 1634 1466 1687 cado
1490 1632 1732 1687 subindi-

107 1733 291 1798 cavit;
335 1731 419 1786 hic
450 1745 582 1786 vero
610 1729 755 1784 clare
783 1727 1074 1783 adventum
1103 1726 1279 1782 cll'ert.
1320 1725 1411 1781 20.
1449 1724 1511 1777 Et
1542 1723 1732 1778 miserit

111 1843 251 1890 i-unt,
275 1825 364 1892 qui
393 1834 510 1877 ante
536 1821 840 1892 prtedicatus
862 1829 953 1884 cst,
975 1817 1011 1872 Ι
1015 1835 1152 1872 esum
1170 1818 1451 1879 Christum,
1471 1817 1560 1870 21.
1585 1834 1732 1886 quem

109 1928 318 1988 oportet
343 1917 548 1990 quidem
573 1915 754 1970 calum
783 1915 1077 1985 suscipere;
1111 1912 1160 1967 id
1190 1923 1302 1978 est,
1336 1928 1560 1968 necesse
1597 1923 1681 1967 est
1715 1930 1727 1964 :

109 2031 278 2085 usque
319 2015 389 2067 ad
435 2023 663 2081 tempora
709 2010 1041 2064 restitutionis
1083 2012 1330 2061 omnium.
1376 2006 1557 2074 Quare
1589 2020 1730 2060 nunc

109 2123 223 2162 non
269 2107 476 2173 veniat,
521 2119 681 2159 causa
728 2102 1006 2158 manifesta
1054 2109 1157 2154 est.
1212 2100 1340 2166 Qum
1381 2101 1618 2170 loquutus
1658 2108 1734 2151 est

109 2201 256 2256 Deus
284 2216 378 2269 per
407 2215 465 2253 os
499 2208 788 2253 sanctorum
819 2211 1027 2249 suorum
1058 2210 1090 2247 α
1120 2193 1306 2247 sceculo
1341 2193 1727 2262 praphetarum.

104 2294 199 2346 22.
230 2291 439 2361 Moyses
463 2290 667 2359 quidem
699 2288 927 2356 patribus
960 2286 1089 2340 dixit
1118 2303 1137 2339 :
1170 2285 1482 2354 Prop/letam
1508 2286 1728 2337 suscita-

106 2387 177 2438 bit
210 2384 354 2438 vobis
390 2381 641 2435 Dominus
672 2378 810 2432 Deus
838 2388 996 2432 vester
1022 2383 1085 2431 de
1112 2378 1359 2447 fratribus
1393 2378 1567 2431 vestris
1599 2387 1732 2429 tum-

104 2495 264 2546 quam
292 2494 374 2531 me
402 2496 421 2531 .'
453 2476 619 2547 ipsum
653 2474 869 2527 audietis
900 2474 1058 2542 juxta
1091 2473 1263 2524 omnia
1293 2487 1621 2540 quacumque
1657 2471 1734 2522 lo-

103 2580 298 2640 quutus
329 2570 488 2640 fuerit
517 2569 654 2622 vobis
683 2567 859 2640 (Deut.
895 2566 980 2618 18.
1015 2566 1126 2634 15).
1159 2565 1271 2619 Illic
1318 2565 1573 2618 Davidcm
1597 2605 1611 2629 ,
1648 2565 1734 2618 hic

106 2664 352 2734 Moysem
376 2662 716 2715 memoravit.
747 2659 1010 2725 Omnium,
1045 2658 1237 2728 inquit,
1261 2673 1375 2729 qua:
1401 2659 1638 2728 loquutus
1661 2666 1736 2722 est

108 2757 272 2811 Deus.
299 2755 415 2812 Non
439 2755 591 2819 dicit,
617 2756 746 2820 Qua:
775 2754 1026 2822 loquutus
1047 2761 1131 2806 est
1156 2751 1438 2816 Christus;
1463 2750 1580 2814 sed,
1606 2750 1736 2816 Qua:

105 2851 355 2918 loquutus
399 2859 474 2901 est
519 2846 692 2910 Deus;
722 2845 800 2899 sic
844 2843 945 2898 sub
984 2843 1170 2897 umbra
1209 2842 1467 2911 paulatim
1509 2841 1634 2897 illos
1665 2842 1731 2897 ad

107 2943 272 2996 tidem
301 2940 600 2995 adducens.
634 2937 826 2994 Postea
855 2936 922 2990 ad
954 2951 1068 2990 rem
1098 2934 1202 2990 fide
1228 2935 1446 3005 dignam
1469 2934 1730 3004 confugit,

103 3039 296 3090 dicens
329 3052 342 3088 :
379 3035 693 3105 Prophetam
723 3032 985 3088 suscitabit
1026 3032 1163 3086 vobis
1208 3030 1464 3084 Dominus
1504 3029 1645 3084 Deus
1670 3047 1736 3085 ea:

105 3131 356 3197 fratribus
381 3131 558 3184 vestris
582 3140 840 3198 tamquam
867 3144 947 3181 me
967 3144 985 3181 :
1009 3128 1176 3197 ipsum
1202 3127 1421 3180 audietis
1442 3128 1598 3198 juxta
1624 3141 1732 3178 ont-

106 3225 215 3276 m'a.
260 3221 470 3277 Deinde
513 3221 644 3276 ultio
685 3235 876 3292 magna
919 3220 1184 3290 sequitur.
1230 3218 1322 3273 25.
1367 3218 1481 3272 Erit
1520 3228 1729 3283 autem,

107 3315 304 3383 inquit,
333 3313 502 3366 omnis
524 3311 697 3366 anima
724 3327 837 3381 qua:
857 3327 959 3366 non
980 3310 1203 3366 audierit
1231 3310 1534 3381 prophetam
1560 3309 1728 3372 illum,

105 3406 533 3459 exterminabitur
560 3405 622 3458 de
653 3404 812 3473 plebe.
844 3404 935 3457 24.
972 3402 1038 3456 Et
1060 3419 1234 3457 omnes
1267 3403 1530 3472 praphetw
1558 3418 1590 3454 a
1625 3401 1730 3456 Sa-

106 3498 246 3552 muel
278 3507 325 3552 et
356 3498 625 3566 deinceps,
648 3496 736 3565 qui
766 3495 964 3565 loquuti
987 3503 1105 3548 sunt
1124 3537 1138 3561 ,
1167 3495 1598 3547 annuntiuuerunt
1623 3494 1731 3547 dies

106 3596 254 3644 istos.
287 3589 387 3644 llic
411 3599 558 3642 recte
586 3589 807 3643 exitium
833 3587 1030 3658 posuit.
1056 3585 1283 3653 Quando
1304 3586 1448 3640 enim
1476 3601 1729 3655 magnoin

106 3684 387 3753 quidpiam
417 3681 584 3748 dicit,
615 3681 682 3735 ad
723 3681 932 3750 priores
959 3676 1204 3750 confugit
1224 3723 1238 3742 ,
1270 3690 1327 3735 et
1359 3681 1728 3734 testimonium

107 3775 314 3844 reperit
363 3783 591 3844 utraque
632 3774 1045 3844 complectens;
1089 3781 1148 3828 ut
1188 3772 1298 3827 illic
1337 3772 1473 3826 dixit
1507 3789 1522 3826 :
1557 3771 1730 3826 Donec

108 3875 270 3934 ponat
295 3866 530 3919 inimicos
554 3863 646 3918 sub
677 3864 830 3934 pedes
862 3874 976 3917 tuos
1007 3862 1182 3928 (Psal.
1214 3863 1338 3918 109.
1362 3863 1439 3930 2).
1468 3862 1730 3932 Quodque

106 3963 308 4016 mirum
338 3970 444 4025 est,
475 3959 591 4015 hmo
615 3959 724 4014 duo
751 3958 936 4026 simul,
966 3958 1249 4028 subiectio,
1285 3959 1655 4026 prmvaricatio
1675 3966 1730 4012 et

107 4069 292 4121 ptem.
328 4052 610 4121 Tamquam
636 4067 736 4116 me,
760 4051 954 4121 inquit.
980 4049 1118 4118 Quid
1145 4065 1276 4121 ergo
1305 4050 1613 4104 miramini?
1634 4049 1740 4105 25..

120 4145 222 4199 Vos
263 4143 384 4198 estis
424 4143 524 4210 ﬁlii
568 4143 959 4212 praphetarum.
1006 4141 1190 4212 Itaque
1236 4142 1390 4196 vobis
1435 4142 1681 4196 dicebam
1711 4184 1726 4207 ,

109 4250 339 4309 pmpter
365 4253 462 4293 vos
485 4236 664 4292 omnia
691 4235 826 4290 facta
857 4251 997 4292 esse.
1027 4236 1160 4304 Quia
1187 4236 1331 4291 enim
1361 4245 1582 4307 preptcr
1612 4251 1729 4292 see-

109 4336 194 4385 lus
223 4329 482 4401 putabant
515 4343 574 4383 se
599 4328 933 4384 abalienatos
961 4343 1082 4382 esse
1111 4329 1342 4384 :etenim
1369 4329 1560 4384 rationi
1592 4344 1726 4383 con-

107 4435 433 4478 sentaneum
466 4437 572 4476 non
596 4430 679 4476 est
705 4421 956 4477 eumdem
985 4421 1147 4476 modo
1166 4422 1426 4492 crucifigi,
1452 4437 1575 4476 mox
1599 4437 1729 4478 suos

106 4531 306 4570 curare
331 4533 344 4579 ;
376 4525 428 4570 et
453 4514 556 4570 hoc
583 4523 637 4568 et
667 4513 796 4568 illud
825 4513 1023 4567 factum
1055 4529 1151 4583 per
1180 4514 1517 4584 prephetiam
1543 4525 1727 4570 osten-

108 4610 210 4661 ilit.
255 4605 358 4661 Vos
383 4606 502 4660 estis
522 4648 536 4672 ,
562 4605 770 4676 inquit,
806 4606 903 4672 ﬁlii
931 4606 1298 4677 prapltetarum
1329 4616 1375 4660 et
1407 4609 1726 4675 testamenti,

108 4700 249 4767 quod
276 4699 527 4767 disposuit
558 4697 694 4752 Deus
721 4700 790 4750 ad
826 4707 994 4767 patres
1023 4709 1234 4764 vestros,
1269 4699 1440 4753 dicens
1469 4699 1538 4752 ad
1567 4701 1729 4754 Abra-

115 4792 232 4842 ham
260 4805 279 4842 :
313 4787 376 4841 Et
404 4788 456 4842 in
479 4790 668 4843 semine
698 4799 784 4844 tuo
807 4790 1166 4844 benedicentur
1193 4807 1365 4844 onmcs
1389 4791 1602 4861 familia:
1630 4803 1730 4848 ter-

113 4901 186 4937 ra:
215 4882 391 4944 (Gen.
428 4881 515 4936 I2.
554 4883 644 4954 ὅ).
689 4882 780 4939 26.
839 4881 988 4938 Vobis
1033 4885 1288 4955 primum,
1334 4886 1544 4956 inquit,
1591 4887 1732 4943 Deus

112 4986 371 5032 suscitans
399 4973 446 5029 F
448 4975 596 5030 ilium
623 4993 792 5042 suum,
825 4979 979 5031 misit.
1013 4977 1206 5049 Utique
1233 4988 1288 5033 et
1315 4979 1439 5034 aliis
1463 4995 1477 5045 ;
1509 4979 1605 5034 sed
1633 4997 1729 5036 vo-

115 5070 199 5125 bis
229 5069 466 5140 primum
487 5109 501 5133 ,
532 5068 620 5139 qui
652 5070 1015 5126 crucifixistis.
1061 5070 1448 5126 Benedicentem
1479 5075 1652 5140 vobis;
1678 5085 1733 5128 ut

114 5175 376 5220 conrertat
396 5182 450 5220 se
470 5165 810 5236 unusquisque
839 5182 868 5219 a
896 5167 1118 5236 nequitia
1142 5184 1256 5222 sua.
1281 5168 1413 5235 Qua:
1443 5169 1578 5223 lecta
1606 5179 1733 5224 sntit

117 5261 426 5316 accuratius
469 5269 798 5330 repetamus.
843 5261 1087 5316 Suadere
1131 5273 1392 5328 conatur,
1439 5279 1544 5317 non
1588 5265 1733 5332 ipsos

120 5352 443 5408 miraculum
487 5352 679 5408 fecisse
703 5396 716 5417 ,
749 5369 873 5409 cum
900 5355 1065 5415 dicit,
1109 5355 1244 5422 Quid
1288 5356 1585 5409 miramini?
1624 5357 1733 5413 Nec

121 5445 387 5516 permittit
417 5453 474 5499 ut
501 5445 648 5500 dicto
677 5444 810 5500 ﬁdes
842 5463 946 5500 non
988 5446 1270 5501 habeatur.
1315 5451 1490 5517 Atque
1518 5457 1570 5503 ut
1605 5449 1732 5504 illud

122 5538 226 5595 lide
263 5536 483 5608 dignius
526 5538 808 5605 redderet,
853 5540 1066 5594 illorum
1111 5539 1374 5610 judicium
1421 5544 1730 5612 prazvertit,

121 5631 309 5686 dicens
339 5645 355 5682 :
392 5627 532 5696 Quid
560 5645 652 5683 nos
682 5630 980 5697 intuemini,
1011 5632 1157 5696 quasi
1198 5633 1408 5702 prapria
1443 5634 1625 5687 virtute
1658 5637 1736 5688 vel

123 5721 309 5791 pietate
330 5719 637 5791 fecerimus?
660 5720 713 5777 Si
747 5721 850 5776 hoc
877 5737 974 5777 vos
1005 5730 1173 5776 terret
1197 5731 1254 5778 et
1280 5724 1484 5788 turbat,
1517 5725 1731 5787 discite,

120 5815 239 5878 (piis
279 5810 509 5882 iecerit,
539 5823 593 5870 et
634 5828 710 5870 nc.
733 5814 1115 5885 obstupescite.
1149 5814 1214 5870 Et
1244 5815 1344 5871 hoc
1378 5817 1573 5888 ubique
1607 5833 1731 5887 pcr-

1842 426 2019 498 pende
2048 427 2173 482 :ubi
2203 425 2269 480 ad
2299 425 2468 479 Deum
2499 422 2760 493 confugit,
2788 419 3031 490 dixitque
3054 420 3228 487 ipsum
3260 417 3392 474 focis
3426 436 3457 475 e

1841 505 2022 574 omnia
2043 536 2056 584 ;
2081 529 2208 586 tunc
2234 519 2356 573 illos
2380 518 2499 572 sine
2527 525 2671 572 metu
2701 515 3035 585 perstringit.
3062 513 3186 568 Ideo
3208 517 3458 583 superius

1840 614 2072 670 dicebat.
2109 613 2287 668 Virum
2317 613 2653 682 approbatum
2681 629 2715 664 a
2746 611 2852 665 Deo
2884 610 2936 663 in
2973 607 3133 663 vobis.
3166 608 3229 662 Et
3259 608 3459 677 ubique

1843 709 1948 764 illis
1980 709 2080 763 hoc
2112 709 2321 763 facinus
2359 715 2750 762 commemorat
2773 747 2789 772 ,
2820 713 2877 759 ut
2917 703 3236 758 miraculum
3267 710 3402 755 ostri
3423 723 3454 734 -

1841 799 2018 866 datur,
2054 811 2106 854 et
2135 800 2463 854 resurrectio
2497 800 2759 853 tirmetur.
2793 797 2890 852 Hic
2919 805 3098 850 autem
3128 792 3271 847 aliud
3301 791 3460 845 addi-

1841 891 1918 947 dit
1951 910 1965 948 :
1994 908 2101 948 non
2125 894 2270 949 enim
2297 892 2408 962 jam
2439 892 2588 946 illum
2617 890 2954 945 Nazarcnum
2982 888 3133 953 dicit,
3163 885 3258 941 sed
3285 884 3457 955 quid?

1842 983 2021 1049 Deus,
2070 987 2276 1055 inquit,
2325 995 2528 1055 patrum
2576 994 2867 1038 nostrorum
2911 982 3218 1055 gloriﬁcavit
3263 980 3458 1035 Filium

1840 1093 1990 1130 suum
2017 1076 2220 1133 Iesum.
2255 1105 2260 1108 -

1916 1169 2030 1236 Quo
2057 1171 2155 1224 ritu
2185 1169 2370 1224 Petrus
2391 1171 2739 1224 concionetur.
2765 1197 2832 1208 -ι
2870 1168 3020 1231 Vide,
3050 1182 3209 1236 quam
3239 1167 3455 1222 alienus

1841 1265 1911 1320 sit
1939 1281 1968 1320 a
2001 1267 2156 1319 fastu.
2190 1264 2306 1319 Non
2334 1265 2628 1331 accusavit,
2664 1281 2840 1336 neque
2863 1281 2984 1318 mox
3016 1263 3151 1318 dixit
3219 1264 3284 1319 Et
3316 1279 3457 1316 nunc

1840 1357 2046 1412 credite
2083 1379 2093 1413 :
2127 1372 2255 1412 ecce
2297 1357 2500 1424 homo,
2551 1371 2675 1412 cum
2733 1372 2832 1427 per
2876 1356 3230 1427 quadraginta
3283 1371 3457 1409 annos

1839 1450 2063 1506 claudus
2095 1449 2306 1516 fuisset,
2341 1451 2392 1504 in
2421 1448 2641 1504 nomine
2667 1449 2796 1504 Jesn
2825 1448 3025 1502 Christi
3049 1449 3307 1502 surrexit.
3338 1445 3456 1500 Non

1841 1543 1910 1597 ita
1941 1543 2116 1608 dixit;
2151 1558 2273 1596 nam
2316 1541 2774 1597 contentiosiorcs
2813 1541 2936 1595 illos
2972 1539 3327 1603 reddidissvt;
3361 1538 3458 1595 sed

1841 1636 2055 1690 interim
2085 1634 2267 1690 laudat
2293 1635 2451 1702 illos,
2482 1634 2624 1704 quod
2659 1649 2774 1688 rem
2801 1633 3223 1688 admirarentur.
3257 1631 3325 1686 Et
3352 1634 3456 1685 ite-

1842 1744 1959 1782 rtnn
1989 1743 2016 1781 a
2048 1727 2390 1798 progenitore
2419 1735 2592 1783 vocat.
2637 1725 2746 1783 Nec
2778 1725 2910 1782 dicit
2943 1745 2956 1780 ε
2989 1725 3146 1780 .Iesus
3177 1725 3329 1780 illum
3359 1740 3457 1779 cn-

1841 1821 1999 1884 ravit,
2027 1821 2152 1876 licet
2179 1824 2352 1890 ipsum
2381 1835 2507 1877 vere
2533 1830 2808 1886 curasset;
2837 1821 2931 1876 sed
2961 1835 3029 1876 ne
3055 1819 3320 1882 dicerent,
3354 1819 3459 1874 Ec-

1839 1928 1944 1982 qua
1981 1912 2095 1968 ha:c
2131 1915 2336 1969 ratione
2377 1914 2640 1978 nituntur,
2675 1913 2720 1969 si
2749 1913 3222 1983 prmvaricatoreui
3249 1911 3460 1981 gloriﬁ-

1840 2006 1961 2059 cat?
2015 2005 2137 2061 ideo
2182 2006 2233 2061 in
2291 2016 2529 2062 mentem
2579 2007 2688 2062 illis
2737 2015 2958 2062 revocat
3005 2005 3268 2075 judicium
3319 2005 3460 2074 apud

1843 2099 2076 2154 Pilatum
2112 2117 2124 2153 :
2160 2101 2477 2168 ostendens,
2518 2099 2564 2154 si
2605 2101 2891 2156 attendere
2936 2100 3142 2162 velint,
3185 2116 3290 2154 non
3335 2114 3462 2155 esse

1842 2192 1991 2246 illum
2028 2194 2500 2261 przrvaricatorem
2534 2212 2544 2245 :
2583 2207 2760 2262 neque
2788 2192 2932 2248 enim
2965 2193 3169 2246 Pilatus
3199 2192 3464 2247 voluisset

1841 2295 1963 2338 eum
1991 2283 2286 2338 dimittere.
2322 2284 2430 2339 Nec
2456 2284 2606 2349 dicit,
2633 2284 2892 2352 Veiente;
2927 2284 3045 2351 sed,
3069 2283 3349 2339 Judicante
3373 2285 3463 2338 illo

1841 2378 2064 2441 dimitti;
2103 2379 2389 2433 declarans
2415 2393 2511 2433 vos
2545 2393 2669 2433 eum
2693 2420 2708 2444 ,
2741 2379 2832 2448 qui
2872 2377 3010 2432 alios
3041 2377 3345 2444 occidebat,
3376 2376 3459 2430 di-

1842 2474 1978 2528 mitti
2009 2473 2260 2544 petiisse;
2291 2488 2414 2527 eum
2439 2486 2570 2527 vero
2595 2514 2609 2538 ,
2640 2471 2729 2541 qui
2759 2471 2972 2526 occisos
3001 2471 3067 2524 ad
3101 2471 3263 2524 vitam
3294 2470 3460 2525 redu-

1841 2565 2018 2632 cebat,
2045 2566 2308 2620 noluisse.
2353 2564 2432 2620 Ne
2469 2580 2599 2620 vero
2628 2564 2827 2619 iterum
2859 2564 3101 2620 dicerent
3133 2582 3145 2618 :
3174 2564 3462 2632 Quomodo

1843 2674 1984 2715 nunc
2019 2659 2305 2731 glorilicat,
2338 2660 2431 2730 qui
2466 2670 2594 2713 tunc
2621 2675 2728 2713 non
2759 2659 3000 2728 adjuvit?
3025 2659 3308 2713 adducunt
3339 2674 3462 2728 pro-

1845 2752 2034 2822 phetas
2078 2752 2466 2820 testificantes,
2496 2752 2574 2806 sic
2601 2751 2912 2822 oportuisse
2946 2750 3084 2807 ﬁeri.
3141 2751 3365 2818 Deinde,
3396 2768 3463 2807 ne

1844 2854 2099 2915 putarent
2123 2845 2216 2900 Dei
2239 2845 2602 2900 (nconomiam
2625 2845 2865 2913 ipsorum
2885 2846 3292 2901 excusationem
3316 2861 3460 2911 esse,

1844 2938 1993 3006 prius
2023 2937 2146 2992 illos
2178 2937 2512 3008 perstringit.
2560 2937 2627 2991 Et
2666 2937 2808 3006 quod
2862 2938 2916 2993 in
2961 2947 3256 3008 conspectu
3305 2939 3461 2993 Pilati

1843 3039 2132 3100 negassent
2164 3030 2282 3084 leve
2313 3045 2420 3083 non
2459 3039 2579 3084 erat
2602 3071 2616 3095 ,
2650 3046 2773 3084 cum
2806 3030 2920 3100 ipse
2947 3030 3109 3086 vellet
3139 3031 3414 3086 dimittere
3447 3051 3459 3085 :

1842 3122 2095 3194 quodque
2140 3123 2192 3178 id
2239 3138 2438 3194 negare
2486 3139 2593 3177 non
2633 3134 2879 3194 possent,
2918 3124 3178 3194 arguebat
3209 3125 3274 3188 is,
3300 3141 3459 3194 quem

1844 3232 1941 3286 pro
1963 3215 2056 3270 illo
2082 3216 2367 3285 petierant.
2402 3215 2476 3270 Ita
2497 3215 2601 3270 hoc
2623 3232 2837 3286 quoque
2864 3230 2931 3270 ex
2961 3230 3154 3286 magna
3181 3216 3462 3284 dispensa-

1843 3312 1988 3364 tione
2006 3307 2230 3364 faetum.
2252 3307 2749 3380 Hicimpndentiam
2772 3311 3233 3380 petulantiamque
3249 3311 3460 3364 illorum

1841 3401 2115 3468 ostendit;
2143 3415 2212 3457 eo
2241 3401 2388 3471 quod
2417 3402 2634 3472 gentilis
2663 3402 2754 3472 qui
2789 3412 2916 3456 tunc
2947 3401 3180 3471 primum
3208 3402 3356 3457 illum
3388 3405 3462 3456 κί-

1839 3495 1936 3561 dit,
1969 3495 2144 3565 ipsum
2173 3494 2406 3550 liberare
2432 3495 2683 3561 voluerit,
2708 3495 2833 3551 licet
2864 3496 2998 3550 nihil
3031 3497 3207 3565 magni
3230 3499 3463 3551 audivis-

1837 3598 1953 3654 set;
1985 3589 2060 3644 illi
2079 3604 2206 3645 vero
2235 3589 2374 3644 inter
2395 3591 2546 3660 signa
2570 3590 2793 3646 enutriti
2817 3598 3006 3646 contra
3030 3589 3277 3646 fecerint.
3307 3592 3461 3660 Quod

1839 3697 1967 3736 vero
1993 3681 2082 3736 ille
2101 3680 2249 3750 juste
2270 3681 2541 3752 judicarct
2564 3680 2943 3736 dimittendum
2970 3697 3113 3746 esse,
3132 3700 3231 3737 nec
3254 3685 3318 3736 ad
3341 3701 3462 3754 gra-

1841 3774 1968 3827 tiam
1991 3774 2042 3827 id
2062 3771 2428 3839 faceret,audi
2455 3774 2628 3842 ipsum
2651 3775 2778 3828 alibi
2812 3773 3135 3845 (Matth.27.
3161 3775 3248 3830 15.
3289 3773 3459 3828 Marc.

1841 3866 1926 3920 15.
1957 3863 2023 3936 6)
2082 3864 2357 3920 dicentem
2408 3881 2422 3916 :
2468 3865 2562 3919 Est
2601 3855 2942 3920 consuetudo
2991 3865 3145 3920 vobis
3181 3865 3462 3920 dimittere

1838 3935 2340 4027 unumquemdam:
2369 3935 2534 4010 i'uftis
2553 3973 2675 4027 ergo
2703 3958 2836 4010 hunc
2863 3958 3116 4010 dimittam
3138 3959 3319 4012 vobis?
3362 3957 3459 4012 Vos

1836 4061 2008 4106 autem
2046 4061 2282 4107 sanctum
2323 4060 2371 4104 et
2390 4053 2591 4121 justum
2636 4051 2888 4120 negastis.
2950 4050 3068 4106 Non
3113 4051 3280 4116 dixit,
3325 4053 3458 4106 Τπ-ςι-

1837 4145 2075 4210 didistis;
2105 4145 2199 4201 sed
2230 4144 2450 4213 ubique,
2480 4143 2741 4214 Negastis.
2769 4143 2846 4214 (α)
2879 4143 3051 4216 pure.
3082 4144 3171 4201 Sic
3201 4147 3345 4199 enim
3374 4147 3454 4199 di-

1835 4238 2030 4292 cebant
2063 4235 2116 4309 ε]
2148 4235 2200 4289 Ν
2206 4254 2271 4290 οη
2304 4235 2545 4290 habemus
2572 4253 2740 4308 regem
2755 4237 2855 4290 nisi
2879 4237 3132 4292 (ἐπαινέω
3152 4237 3335 4310 (Joan.
3364 4241 3454 4294 I9.

1839 4331 1906 4386 15
1928 4331 1969 4401 ).
2014 4329 2126 4384 Nec
2169 4329 2327 4395 dixit,
2360 4329 2475 4383 Non
2501 4329 2734 4399 petiistis
2764 4330 3132 4400 inculpatum;
3164 4347 3342 4399 neque
3367 4349 3462 4389 ne-

1835 4424 2003 4494 gastis
2029 4423 2204 4479 solum
2226 4465 2242 4490 ,
2275 4423 2370 4477 sed
2402 4423 2564 4476 etiam
2593 4422 2887 4477 occidistis.
2937 4423 3165 4492 Quando
3192 4427 3456 4480 exczecati

1836 4526 1991 4571 erant
2013 4556 2027 4582 ,
2062 4515 2194 4570 nihil
2223 4516 2330 4570 tale
2355 4503 2530 4570 dixit:
2561 4531 2682 4568 cum
2713 4528 2894 4570 autem
2925 4531 3116 4571 eorum
3148 4518 3314 4571 animi
3343 4533 3458 4572 ma-

1835 4612 1918 4681 gis
1944 4619 2099 4665 erant
2120 4609 2374 4680 exagitati
2399 4652 2413 4673 ,
2441 4618 2567 4666 tunc
2592 4610 2773 4664 acrius
2804 4610 3155 4681 perstringit,
3182 4627 3304 4666 cum
3332 4627 3459 4668 sen—

1840 4707 1938 4760 tire
1965 4712 2236 4774 pctcranl.
2269 4702 2739 4769 Quemadmodum
2768 4713 2823 4757 et
2846 4719 2946 4758 nos
2969 4704 3136 4760 ebriis
3163 4705 3297 4759 nihil
3324 4707 3456 4761 dici-

1839 4815 1990 4863 mus;
2024 4813 2145 4852 cum
2174 4806 2358 4852 autem
2383 4797 2650 4852 ebrietate
2678 4797 2887 4852 sublata
2916 4798 3106 4868 vigiles
3137 4810 3264 4854 sunt
3287 4842 3300 4863 ,
3333 4811 3460 4856 tunc

1839 4891 2249 4962 carpimuszita
2296 4899 2353 4945 et
2401 4889 2626 4956 Petrus,
2669 4905 2793 4943 cum
2837 4891 3138 4961 intelligere
3187 4902 3458 4961 poterant,

1841 4996 1969 5040 tunc
2028 4986 2267 5055 linguam
2319 4983 2499 5051 acuit,
2549 4985 2866 5055 sceleraque
2918 4986 3084 5040 multa
3133 4998 3459 5052 enumerat;

1842 5092 2061 5148 nempe,
2085 5076 2230 5147 quod
2260 5092 2407 5142 eum,
2433 5092 2592 5147 quem
2624 5076 2766 5131 Deus
2792 5077 3137 5147 glorilicavit,
3166 5079 3263 5146 ipsi
3297 5079 3462 5133 tradi-

1842 5171 2054 5236 derint;
2100 5169 2246 5240 quod
2291 5183 2453 5240 quem
2502 5168 2709 5224 Pilatus
2753 5169 3025 5233 absolvit,
3069 5170 3122 5224 in
3165 5181 3461 5240 Conspectu

1843 5263 2011 5334 ipsius
2039 5263 2391 5333 negaverint;
2421 5262 2565 5333 quod
2596 5262 2859 5316 latronem
2887 5264 3241 5333 prurtulerint.

1914 5359 1971 5413 5.
2001 5357 2136 5412 Vide
2160 5371 2396 5422 rursum,
2419 5355 2695 5426 quomodo
2721 5355 2930 5410 occulte
2957 5355 3027 5410 de
3052 5357 3290 5424 potentia
3322 5358 3464 5413 illius

1844 5455 2112 5523 loquatur,
2140 5451 2283 5520 quod
2306 5451 2546 5520 seipsum
2573 5451 2934 5514 suscitaverit,
2962 5459 3020 5503 ut
3052 5451 3102 5504 in
3135 5451 3300 5519 priori
3330 5467 3461 5505 con-

1843 5547 2000 5601 cione
2021 5544 2235 5600 diccbat
2264 5560 2278 5597 :
2302 5543 2464 5597 Juxta
2493 5543 2629 5612 quod
2653 5545 2967 5613 impossibile
2996 5553 3105 5596 erat
3133 5545 3290 5598 teneri
3318 5545 3463 5598 illuni

1845 5643 1906 5694 ab
1933 5657 1992 5694 eo
2022 5638 2163 5710 (Act.
2184 5637 2239 5692 2.
2268 5638 2362 5708 2b)
2383 5653 2398 5704 ;
2421 5645 2477 5693 et
2504 5638 2608 5703 hic,
2632 5639 2920 5702 Auctorem,
2951 5637 3143 5706 inquit,
3165 5637 3278 5692 rita:
3301 5638 3457 5692 inter-

1913 5823 1988 5886 (a)
2021 5829 2133 5883 Qua
2157 5821 2350 5872 uncinis
2375 5818 2666 5870 clauduntur
2690 5817 2868 5869 desunt
2890 5820 2937 5868 in
2961 5831 3057 5867 uno
3083 5817 3276 5866 Codice.
