4054 6400
594 369 657 422 79
1406 357 1444 413 S
1490 351 2270 412 JOANMS‘CHRYSOSTOMI
2316 349 2628 407 ARCHIEP.
2669 347 3204 407 (IONSTANTiNd-P.

595 483 806 541 emittis.
851 479 963 536 Non
1007 493 1134 547 ergo
1166 475 1232 531 ab
1261 475 1431 530 altero
1459 473 1622 527 vitam
1657 471 1882 540 accepit.
1910 467 2085 539 ,Sicut
2126 475 2196 533 et,

595 578 684 648 qui
726 571 940 628 malitiae
970 579 1158 624 auctor
1181 575 1265 623 est
1285 608 1300 632 ,
1332 565 1446 636 ipse
1476 563 1732 618 malitiam
1760 563 1967 633 gignet;
2000 569 2055 615 et
2079 576 2179 613 au-

594 677 709 721 ctor
745 662 1045 726 homicidii,
1079 661 1170 731 qui
1207 656 1551 713 homicidium
1591 655 1795 724 primus
1834 653 2039 708 induxit
2065 653 2180 708 :sic

594 765 779 812 auctor
799 757 922 811 vitae
943 763 1048 818 est,
1073 744 1222 822 quia
1248 750 1428 818 scipso
1451 747 1612 825 vitam
1643 745 1823 801 habet.
1858 744 2016 811 Quem
2043 743 2180 799 De!!!

591 849 870 916 suscitavit,
901 843 1090 917 inquit.
1115 843 1403 911 Postquam
1435 840 1549 894 bare
1579 838 1823 902 dixerat,
1854 837 2032 891 subdit
2065 855 2077 889 :
2112 836 2179 888 Et

592 941 643 994 in
685 941 789 1008 ﬁde
820 938 1038 994 nominis
1081 937 1193 1007 ejus
1232 933 1394 996 hunc,
1423 947 1569 1000 quem
1596 945 1681 984 vos
1705 929 1883 1002 videtis
1908 937 1952 982 et
1979 928 2136 982 nostis
2160 969 2172 991 ,

592 1031 909 1099 conﬁrmavit
932 1038 1112 1083 nomen
1135 1026 1244 1094 ejus
1265 1038 1288 1079 :
1305 1031 1352 1077 et
1375 1023 1520 1093 ﬁdes,
1547 1037 1660 1089 qua
1684 1038 1773 1088 per
1791 1038 1905 1076 eum
1925 1031 2016 1084 est,
2043 1021 2179 1074 dedit

595 1119 642 1174 ei
664 1124 909 1191 integram
929 1118 1194 1173 sanitatem
1218 1116 1388 1168 istam.
1419 1114 1576 1182 Atqui
1602 1113 1650 1167 si
1679 1112 1813 1168 fides
1841 1112 1896 1166 in
1923 1127 2068 1174 eum,
2096 1121 2176 1166 to-

595 1223 706 1268 tum
726 1220 941 1282 operata
962 1217 1063 1276 est,
1083 1209 1205 1279 quia
1233 1207 1284 1262 in
1315 1206 1463 1262 illum
1489 1206 1755 1275 speravit;
1779 1219 1876 1261 cur
1895 1220 2000 1260 non
2023 1203 2175 1270 dixit,

594 1305 696 1358 Per
720 1317 935 1368 nomen,
965 1300 1059 1357 sed
1080 1341 1096 1368 ,
1129 1298 1198 1354 1η
1224 1298 1470 1374 nomine?
1492 1296 1627 1365 Quia
1654 1296 1886 1351 nondum
1910 1295 2179 1350 audebant

593 1395 793 1460 dicere,
825 1393 882 1448 in
911 1392 1059 1446 illum
1092 1389 1246 1446 lldcs.
1275 1390 1353 1447 Ne
1382 1404 1510 1444 vero
1537 1387 1684 1454 illud,
1713 1387 1817 1441 Per
1853 1387 2040 1456 ipsum,
2075 1386 2173 1439 litt-

595 1485 770 1538 tlliiilIS
797 1492 958 1550 esset,
988 1481 1266 1552 subjunxit
1292 1498 1307 1534 :
1339 1479 1408 1535 Et
1435 1496 1622 1534 nomen
1640 1481 1751 1548 ejus
1777 1479 2092 1548 conﬁrmavit
2115 1480 2178 1532 il-

591 1579 715 1630 lum.
747 1575 815 1630 Et
833 1590 954 1630 eum
981 1575 1082 1628 hoc
1103 1576 1248 1642 prius
1265 1573 1507 1639 dixisset,
1535 1581 1658 1626 tunc
1676 1572 1750 1625 ait
1771 1589 1783 1624 :
1804 1571 1870 1624 Et
1897 1572 2043 1640 ﬁdes,
2068 1589 2180 1642 qua:

594 1683 680 1734 per
706 1683 820 1722 eum
852 1675 943 1731 est,
969 1665 1106 1719 dedit
1129 1665 1207 1719 illi
1231 1666 1475 1734 integram
1503 1664 1772 1717 sanitatem
1799 1665 1970 1716 istam.
2003 1663 2136 1717 Vide
2161 1706 2175 1729 ,

592 1759 860 1825 quomodo
885 1757 1122 1813 declaret
1146 1771 1204 1812 se
1225 1765 1579 1826 attemperate
1601 1755 1730 1810 illud
1754 1755 1974 1811 dixisse.
1999 1756 2180 1826 Neque

594 1851 736 1903 enim
778 1841 883 1904 alio
917 1864 1052 1919 opus
1081 1850 1264 1903 habuit
1289 1849 1354 1904 ad
1381 1850 1827 1904 resurrectionem
1854 1891 1868 1914 ,
1907 1849 2060 1918 cujus
2087 1865 2179 1904 no-

598 1956 716 1994 lllCll
749 1940 997 1995 c'audum
1024 1981 1034 2003 ,
1067 1941 1155 2009 qui
1187 1956 1214 1993 a
1246 1950 1460 1994 mortuo
1490 1939 1621 1993 nihil
1651 1939 1946 2005 ditl‘erebat,
1979 1941 2176 1995 erexit.

595 2032 887 2101 Perpende.
922 2032 1188 2102 quomodo
1217 2032 1412 2101 ubique
1442 2033 1740 2086 testimonia
1767 2032 1976 2086 illorum
2010 2041 2177 2086 attra-

594 2122 703 2174 hat.
731 2121 986 2191 Superius
1015 2122 1157 2177 enim
1188 2121 1359 2176 dixit:
1392 2121 1540 2177 Sicut
1576 2133 1620 2175 et
1657 2123 1752 2191 ipsi
1789 2122 1962 2186 scitis;
2002 2133 2084 2188 et,
2115 2122 2182 2177 In

598 2215 757 2266 medio
803 2214 974 2277 "ostri;
1006 2229 1068 2268 ac
1112 2229 1364 2278 rursum,
1399 2213 1558 2278 Quem
1599 2213 1775 2266 videtis
1816 2225 1862 2267 et
1906 2215 2062 2267 nostis
2085 2257 2097 2278 ,
2130 2217 2183 2268 in

595 2318 864 2379 conspectu
886 2310 1108 2361 omnium
1129 2317 1342 2361 vestrum
1373 2305 1506 2378 (Act.
1530 2306 1583 2360 2.
1607 2307 1698 2361 ‘22.
1735 2319 1779 2360 et
1798 2309 1849 2362 5.
1878 2308 1986 2378 16).
2023 2307 2182 2377 Atqui

598 2401 928 2466 nesciebant,
971 2401 1142 2469 ipsum
1192 2400 1243 2452 in
1287 2399 1502 2453 nomine
1547 2400 1713 2468 ipsius
1752 2414 1940 2453 sanum
1984 2399 2179 2455 factum

597 2505 746 2555 esse;
780 2491 872 2544 sed
911 2489 1180 2556 sciebant,
1222 2490 1393 2558 ipsum
1435 2490 1682 2544 cla-udum
1736 2488 1920 2545 fuisse.
1968 2491 2036 2546 Et
2082 2493 2181 2561 ipsi

561 2611 566 2620 ι
597 2601 807 2655 quoque
834 2585 922 2653 qui
947 2586 1181 2639 fecerant
1202 2583 1615 2650 confitebantur,
1641 2599 1744 2639 non
1768 2599 1883 2650 sua,
1911 2583 2004 2639 sed
2028 2584 2184 2640 Citri-

600 2675 666 2728 sti
696 2676 893 2728 virtute
936 2675 1110 2743 ipsum
1153 2673 1544 2728 consolidatum
1582 2688 1722 2728 esse.
1767 2672 1823 2728 Si
1863 2689 1949 2729 res
1977 2691 2080 2729 non
2113 2677 2185 2730 ita

604 2766 810 2829 luisset,
843 2775 894 2818 et
928 2776 1054 2818 vere
1083 2762 1437 2818 credidissent
1466 2764 1638 2832 ipsum
1668 2765 2025 2820 resurrexisse
2050 2808 2063 2830 ,
2095 2781 2190 2820 no-

603 2857 825 2910 luissent
856 2855 1048 2909 mortui
1075 2854 1299 2924 gloriam
1332 2855 1498 2924 magis
1525 2869 1683 2924 quam
1715 2870 1866 2910 suam
1909 2865 2145 2915 statuere
2167 2901 2186 2926 ,

603 2947 979 3001 eutu~utaxime
1010 2945 1084 3000 illi
1107 2945 1174 3001 ad
1196 2961 1255 3001 se
1277 2948 1625 3016 respicerent.
1652 2947 1853 3002 Deinde
1873 2951 2188 3018 perterritos

604 3042 812 3095 animos
857 3039 1077 3095 fratrum
1119 3042 1337 3095 nomine
1377 3042 1555 3095 statim
1596 3043 1935 3107 consolatur,
1968 3043 2186 3111 dicens,

619 3132 724 3185 Viri
749 3138 950 3201 fratres.
996 3130 1108 3186 Illic
1137 3131 1351 3200 quidem
1397 3131 1528 3185 ttiltil
1567 3131 1634 3188 de
1672 3132 1862 3203 seipsis
1891 3133 2054 3202 dixit,
2096 3136 2190 3190 sed

609 3237 810 3281 tantum
838 3226 905 3281 de
931 3225 1166 3290 Christo,
1194 3225 1340 3280 Certo
1361 3227 1516 3295 igitur
1543 3237 1832 3297 cegnoscat,
1857 3214 2061 3295 dicetis,
2086 3247 2194 3284 ont-

609 3319 688 3373 nis
732 3318 909 3372 domus
947 3315 1116 3371 Israel
1147 3317 1274 3370 :bic
1319 3327 1495 3372 autem
1533 3317 1951 3375 admettitiouem
1991 3319 2191 3391 adjicit.

611 3410 720 3464 Illic
749 3408 1095 3479 exspectavit,
1126 3418 1182 3462 ut
1214 3408 1288 3463 illi
1318 3409 1590 3476 dicereut;
1641 3409 1724 3465 hic
1765 3411 1984 3478 sciebat,
2020 3427 2190 3482 quan-

614 3511 725 3557 tum
753 3502 958 3572 operati
986 3510 1209 3565 essent,
1253 3510 1309 3557 et
1347 3503 1486 3572 quod
1531 3504 1639 3571 jam
1681 3503 1758 3558 illi
1806 3506 2197 3564 tractabiliores

612 3603 811 3649 essent.
858 3591 998 3648 Sane
1046 3602 1100 3648 et
1138 3607 1258 3662 qua:
1300 3606 1458 3662 supra
1503 3594 1644 3648 dicta
1689 3595 1932 3663 fuerant,
1982 3613 2087 3652 non
2132 3614 2195 3655 ex

615 3684 908 3754 ignorantia
940 3694 1334 3754 processerant.
1381 3683 1511 3738 Nam
1553 3685 1692 3755 quod
1733 3687 1992 3743 latronem
2027 3691 2197 3757 petie-

620 3779 757 3842 rint,
794 3776 936 3846 quod
967 3790 1088 3831 cum
1118 3775 1477 3831 absolvendus
1501 3776 1852 3847 judicaretdr,
1880 3779 1930 3834 id
1961 3780 2061 3850 ipsi
2093 3797 2198 3837 non

615 3867 963 3934 admiserint,
996 3867 1136 3938 quod
1158 3867 1405 3922 occidere
1435 3868 1698 3924 voluerint
1719 3911 1733 3935 ,
1764 3871 1915 3941 cujus
1947 3872 2199 3941 ignoran-

617 3961 701 4013 tizc
742 3973 861 4014 esse
908 3957 1145 4026 poterat?
1183 3959 1431 4011 Attamen
1475 3958 1564 4012 dat
1609 3960 1713 4014 illis
1754 3971 2072 4030 potestatem
2103 3979 2201 4019 ne-

616 4052 771 4122 gandi
801 4060 853 4107 et
885 4049 1174 4120 paenitendi
1210 4050 1276 4105 de
1304 4049 1489 4117 factis;
1536 4051 1645 4108 imo
1679 4053 1840 4107 etiam
1871 4055 2200 4124 probabilem

619 4159 714 4214 pro
744 4144 872 4214 ipsis
894 4141 1259 4198 defensionem
1292 4151 1463 4210 parat,
1490 4151 1545 4196 et
1572 4143 1701 4198 dicit
1729 4162 1742 4197 :
1771 4144 1927 4210 Quod
1958 4147 2204 4201 innocen-

621 4251 724 4293 tem
748 4236 1084 4298 oceideretis.
1109 4235 1389 4301 sciebatis;
1420 4236 1560 4306 quod
1586 4237 1876 4308 principem
1901 4239 2044 4305 vitae,
2073 4239 2206 4294 forte

623 4329 965 4398 ignorabatis.
998 4327 1064 4381 Et
1093 4327 1217 4382 hinc
1247 4343 1350 4381 non
1377 4327 1498 4383 illos
1519 4328 1663 4382 solos
1685 4344 1714 4382 a
1737 4330 1961 4384 crimine
1992 4331 2203 4400 liberat,

624 4421 719 4476 sed
750 4423 909 4476 etiam
937 4420 1158 4474 sceleris
1186 4430 1449 4474 auctores.
1483 4420 1730 4489 Alioquin
1759 4423 2208 4478 contentiosiorcs

624 4513 743 4566 illos
771 4510 1124 4576 reddidisset,
1166 4510 1210 4563 si
1244 4524 1546 4564 sermonem
1576 4513 1626 4563 in
1655 4513 2048 4568 accusationem
2080 4529 2208 4568 cou-

627 4604 892 4658 vertisset.
943 4601 1074 4655 Nam
1122 4600 1210 4670 qui
1258 4615 1418 4670 grave
1458 4601 1727 4670 quidpiam
1768 4606 2056 4671 commisit,
2090 4622 2214 4661 cum.

624 4705 921 4758 accusatur,
946 4709 1064 4748 sese
1082 4707 1308 4763 purgare
1328 4702 1557 4760 tentans,
1583 4693 1948 4749 veltcmentior
1963 4695 2210 4750 eflieitur.

631 4787 810 4856 Neque
833 4785 965 4839 ultra
995 4784 1141 4848 dicit,
1176 4783 1549 4851 Crucilixistis,
1580 4787 1883 4852 occidistis;
1915 4788 2029 4850 sed,
2065 4787 2215 4842 Feci-

635 4881 746 4944 stis,
773 4878 839 4931 ad
865 4879 1070 4931 veniam
1099 4877 1218 4931 illos
1239 4877 1530 4932 deducens.
1556 4876 1609 4932 Si
1640 4878 1835 4947 illi-per
1862 4878 2215 4949 ignorantiam

637 4969 900 5034 fecerunt,
934 4967 1102 5022 multo
1129 4969 1296 5037 magis
1329 4969 1417 5033 hi;
1467 4970 1511 5023 si
1557 4969 1662 5023 illis
1704 4971 2012 5038 remittitur,
2047 4973 2219 5026 multo

641 5061 806 5131 magis
834 5060 938 5114 bis.
966 5058 1118 5126 Quod
1146 5068 1322 5113 autem
1351 5061 1594 5115 mirabile
1622 5071 1702 5115 est
1729 5103 1743 5127 ,
1777 5070 1830 5115 et
1860 5077 2020 5131 supra
2049 5073 2103 5118 et
2134 5064 2219 5118 hic

639 5171 760 5209 cum
797 5154 1037 5218 dixisset,
1082 5153 1189 5207 illic
1228 5153 1464 5222 quidem,
1496 5153 1716 5220 Deﬁnito
1757 5156 1967 5207 consilio
2004 5165 2048 5207 et
2084 5172 2219 5226 pra:-

640 5246 879 5308 scientia;
928 5244 1015 5296 hie
1043 5258 1172 5297 vero
1198 5284 1211 5308 ,
1258 5242 1623 5296 Prwnuntiavit
1652 5244 1899 5298 omnibus
1927 5244 2220 5312 Christum,

645 5337 847 5390 nullum
877 5333 1092 5390 adducit
1135 5334 1498 5388 tesumonium
1531 5354 1542 5387 :
1574 5336 1777 5404 singula
1809 5337 1949 5390 enim
1984 5337 2224 5392 testimo-

642 5430 749 5494 nia,
783 5444 901 5482 eum
928 5426 1242 5482 criminibus
1263 5468 1276 5492 ,
1308 5428 1563 5480 ultionem
1597 5429 1932 5482 annuntiant.
1972 5427 2039 5481 Et
2071 5430 2223 5495 dabo,

638 5521 847 5591 inquit,
876 5522 1055 5589 impios
1083 5537 1173 5588 pro
1198 5519 1461 5590 sepultura
1492 5522 1600 5589 ejus
1623 5563 1635 5585 ,
1667 5532 1712 5573 et
1740 5523 1915 5574 divites
1947 5539 2037 5592 pro
2066 5534 2226 5577 morte

641 5615 781 5669 illius
812 5612 957 5684 (lsai.
993 5613 1078 5667 55.
1105 5613 1193 5681 9);
1223 5621 1276 5667 et
1308 5614 1522 5678 iterum,
1556 5612 1681 5677 Qum
1706 5616 2065 5682 prtcnuntiuvit
2088 5658 2101 5681 ,
2145 5617 2228 5668 in-

645 5706 774 5776 quit,
811 5723 898 5772 per
929 5721 981 5758 os
1011 5706 1233 5757 omnium
1257 5705 1637 5772 pt‘Op/lt’lttl'ttllt,
1667 5705 1771 5772 pati
1795 5705 1978 5773 ipsum,
2007 5707 2229 5776 implevit

647 5803 718 5854 sic
771 5799 1013 5870 Magnum
1043 5799 1373 5852 demonstrat
1399 5798 1710 5852 consilium:
1748 5798 2011 5867 siquidem
2040 5817 2226 5856 omnes

3816 349 3898 406 80

2289 467 2390 523 hoc
2416 468 2684 530 dicebant,
2717 483 2820 520 non
2853 482 2988 520 unus
3017 476 3241 521 tantum.
3269 466 3449 533 Neque
3470 476 3616 521 certe
3637 463 3762 536 quia
3787 480 3890 538 per

2287 561 2638 631 ignorantiam
2669 560 2807 615 facta
2837 571 2960 614 sunt
2986 603 2999 624 ,
3033 569 3226 629 printer
3262 558 3353 614 Dei
3386 560 3712 614 voluntatem
3741 559 3886 614 facta

2363 745 2500 798 Deus
2521 745 2741 798 aliorum
2767 745 3082 814 malignitate
3106 746 3262 798 utitur
3297 744 3365 798 ad
3379 743 3584 797 bonum.
3613 774 3687 784 —
3708 743 3850 799 Yidc
3870 787 3886 810 ,

2285 846 2480 906 quanta
2522 837 2589 890 sit
2637 837 2728 890 Dei
2774 837 3032 902 sapientia
3059 877 3072 898 ,
3112 851 3233 906 qua:
3286 835 3511 889 aliorum
3552 835 3888 906 malignitate

2286 927 2452 982 utitur
2481 928 2547 982 ad
2579 926 2653 991 id,
2680 926 2820 997 quod
2849 925 2961 979 fieri
2995 939 3130 995 opus
3159 935 3260 980 est.
3296 924 3554 993 Implevit,
3591 926 3784 994 inquit.
3810 924 3896 979 Nc

2285 1029 2532 1090 putarent
2561 1018 2760 1088 aliquid
2789 1019 3001 1084 deesse,
3033 1018 3134 1072 hoc
3155 1017 3369 1086 adjecit,
3392 1017 3676 1072 declarans
3704 1019 3889 1071 omnia

2285 1126 2402 1182 qua:
2435 1111 2540 1181 pati
2571 1110 2742 1180 ipsum
2773 1111 3053 1180 oportebat
3079 1109 3295 1179 impleta
3323 1109 3507 1164 fuisse.
3543 1109 3650 1164 Sed
3685 1124 3755 1164 ne
3785 1125 3890 1179 pu-

2287 1205 2442 1269 tetis,
2475 1203 2600 1274 quia
2646 1203 2760 1256 hinc
2801 1203 3077 1272 propheta!
3122 1201 3410 1269 dixerunt,
3443 1211 3496 1256 et
3525 1203 3650 1272 quia
3689 1201 3743 1256 id
3792 1217 3893 1272 per

2286 1294 2636 1364 ignorantiam
2663 1293 2901 1358 fecistis,
2938 1295 3038 1348 hoc
3063 1294 3127 1348 ad
3151 1292 3520 1348 defensionem
3548 1295 3703 1348 vobis
3732 1296 3889 1349 suffi-

2285 1401 2428 1441 cere.
2454 1387 2521 1440 At
2549 1401 2652 1439 non
2683 1387 2752 1439 ita
2779 1385 2940 1450 dicit,
2971 1383 3066 1438 sed
3093 1385 3273 1439 mitius
3305 1401 3317 1438 :
3349 1383 3676 1439 Paenitemini
3701 1386 3889 1456 igitur.

2284 1477 2501 1545 Quare?
2526 1477 2592 1533 Ut
2613 1479 2874 1532 deleantur
2893 1487 3096 1545 peccata
3116 1485 3317 1539 vestra;
3338 1491 3443 1530 non
3462 1476 3549 1530 illa
3571 1477 3751 1531 solum
3770 1494 3894 1547 quac

2287 1573 2336 1625 iu
2368 1571 2724 1642 crueiligendo
2754 1571 3138 1626 admissa'sunt
3169 1588 3180 1623 :
3211 1571 3298 1625 illa
3330 1567 3552 1624 forsitan
3609 1633 3617 1639 _
3647 1586 3706 1624 er
3733 1571 3890 1639 igno-

2289 1663 2511 1716 rantiam
2542 1664 2674 1717 facta
2704 1674 2861 1727 sunt;
2892 1663 2987 1717 sed
3013 1661 3196 1717 utalia
3223 1676 3436 1732 quoque
3459 1671 3678 1732 peccata
3708 1672 3889 1717 vestra

2286 1755 2584 1808 deleantur.
2624 1755 2823 1809 Deinde
2849 1754 3059 1823 adjicit:
3086 1753 3154 1809 Ut
3181 1754 3224 1808 si
3246 1753 3467 1807 venerint
3492 1752 3630 1806 vobis
3660 1763 3893 1824 tempora

2287 1845 2554 1914 refrigerii.
2579 1844 2673 1899 l-lic
2693 1844 2760 1899 de
2782 1846 3173 1899 resurrectione
3198 1845 3424 1898 obscure
3451 1844 3689 1914 loquitur
3718 1861 3731 1896 :
3765 1861 3888 1897 nam

2288 1935 2374 1987 illa
2410 1951 2532 1989 vere
2557 1946 2681 1989 sunt
2714 1935 2974 2005 refrigerii
3006 1945 3265 2006 tempora,
3300 1950 3418 2005 qua:
3445 1936 3648 1990 Paulus
3674 1952 3888 2005 qumrr-

2285 2027 2394 2089 bat,
2424 2027 2609 2082 dicens
2635 2045 2647 2080 :
2680 2027 2744 2081 Et
2767 2044 2856 2082 nos
2881 2028 2964 2094 qui
2993 2044 3169 2081 sumus
3197 2028 3247 2080 in
3275 2026 3622 2091 tabernaculo,
3651 2029 3894 2098 ingemis-

2287 2119 2443 2172 citnus
2470 2121 2662 2190 gravati
2696 2120 2770 2190 (2.
2805 2118 2922 2175 Cor.
2957 2120 3008 2174 5.
3033 2122 3112 2189 4).
3139 2118 3340 2172 Deinde
3364 2119 3681 2184 ostendens,
3715 2121 3890 2187 ipsum

2289 2226 2407 2265 οδω
2429 2222 2724 2282 letnprtrum
2755 2211 3016 2282 refrigerii
3043 2219 3336 2277 auctorem,
3366 2208 3429 2262 Et
3457 2211 3669 2272 miserit,
3695 2211 3891 2280 inquit,

2290 2321 2436 2370 eum,
2469 2308 2554 2374 qui
2584 2306 2717 2359 vobis
2758 2316 2874 2358 ante
2919 2303 3220 2372 prtt’tlicatus
3251 2313 3356 2370 est,
3393 2295 3572 2356 Jesum
3607 2304 3888 2358 Christum.

2290 2396 2402 2450 Non
2436 2397 2589 2461 dixit,
2625 2397 2876 2450 Deloatur
2899 2406 3172 2463 peceatum
3206 2404 3465 2459 vestrum;
3495 2396 3611 2460 sed,
3650 2395 3893 2454 Peream,

2290 2498 2363 2554 et,
2394 2489 2523 2542 illud
2552 2489 2916 2552 subittdicans,
2945 2482 3162 2541 Μίδαι-ιι.
3189 2488 3300 2542 Hoc
3327 2489 3410 2540 tibi
3432 2489 3586 2554 dixit,
3609 2505 3717 2541 non
3748 2489 3897 2543 addit

2292 2580 2458 2646 unde;
2475 2580 2570 2635 sed
2589 2581 2758 2634 solum
2787 2580 2997 2648 adjicit:
3023 2580 3182 2646 Quem
3205 2589 3396 2649 Oportet
3414 2579 3592 2633 etvlttm
3615 2581 3895 2650 suscipere.

2293 2672 2486 2741 Utique
2511 2672 2804 2740 suscipere.
2830 2671 2896 2725 Et
2924 2686 3020 2725 cur
3044 2685 3148 2724 non
3177 2671 3332 2735 dixit,
3358 2671 3527 2737 Quem
3553 2673 3748 2725 easlum
3780 2686 3900 2726 sus-

2294 2764 2468 2833 cepit?
2508 2763 2621 2818 iloc
2662 2764 2814 2834 quasi
2854 2763 2923 2817 de
2965 2762 3158 2832 priscis
3199 2762 3528 2831 temporibus
3569 2762 3702 2816 dicit
3747 2781 3760 2816 :
3809 2763 3903 2817 Sic

2295 2857 2663 2926 dispensatum
2703 2866 2826 2923 est,
2870 2857 2948 2911 sic
2991 2857 3335 2910 constitutum
3385 2873 3397 2908 :
3435 2855 3503 2909 de
3524 2865 3726 2912 :rterna
3769 2873 3900 2913 vero

2294 2951 2410 3019 ejus
2433 2949 2712 3004 existentia
2739 2947 2974 3002 nondum
3002 2947 3153 3013 dixit;
3180 2946 3274 3002 sed
3299 2946 3477 3003 adhuc
3503 2948 3569 3003 de
3591 2952 3900 3005 meonomia

2295 3039 2796 3096 siveiuearnatione
2826 3039 2995 3110 pergit
3021 3039 3219 3094 dicere.
3242 3038 3446 3110 Moyses
3475 3041 3682 3112 quidem
3717 3042 3875 3114 loquis

2298 3144 2379 3187 tus
2407 3145 2477 3189 cst
2509 3134 2735 3204 patribus
2764 3148 2782 3188 :
2818 3133 3129 3203 Pronltetam
3167 3132 3305 3188 vobis
3343 3135 3577 3188 excitabit
3618 3134 3897 3190 Dominus.

2303 3224 2506 3281 Deinde
2555 3240 2676 3279 cum
2723 3224 2970 3293 superius
3020 3225 3240 3279 dixisset
3291 3242 3305 3278 :
3355 3223 3525 3292 Usque
3556 3224 3625 3278 ad
3669 3235 3904 3296 tempora

2300 3317 2630 3372 restitutionis
2655 3317 2903 3382 omnium,
2926 3332 3039 3386 quin
3068 3317 3304 3386 loquutus
3325 3325 3398 3370 est
3429 3315 3566 3371 Deus
3589 3333 3680 3386 per
3707 3334 3764 3371 os
3793 3333 3907 3370 om-

2302 3410 2442 3462 nium
2467 3417 2758 3462 sanctorum
2782 3423 2990 3462 suorum
3020 3407 3383 3478 prop/telarum
3408 3424 3439 3460 a
3468 3407 3654 3461 sa'cuio
3675 3451 3690 3474 ,
3724 3408 3904 3478 ipsum

2305 3502 2520 3557 tandem
2564 3501 2768 3557 inducit
2814 3500 3107 3556 Christum.
3133 3499 3267 3556 Nam
3308 3501 3351 3555 si
3398 3502 3561 3556 multa
3612 3500 3902 3570 praedixit,

2305 3594 2584 3662 ipsumque
2607 3591 2794 3646 audire
2831 3601 3044 3660 oportet
3092 3612 3106 3647 :
3149 3606 3255 3645 non
3301 3591 3630 3647 aberraverit
3670 3592 3827 3661 quis,
3861 3592 3906 3644 si

2304 3683 2446 3739 dicat
2475 3683 2590 3737 hare
2625 3682 2911 3752 prophetas
2940 3682 3161 3738 dixisse.

2376 3776 2429 3830 4.
2477 3774 2726 3845 Alioquin
2763 3789 2892 3829 vero
2922 3774 3034 3829 vult
3059 3773 3346 3830 ostendere
3370 3817 3384 3840 ,
3417 3775 3604 3830 eadem
3637 3776 3751 3844 ipsa
3782 3792 3912 3845 pro-

2307 3868 2495 3938 phetas
2522 3866 2853 3936 praedixisse.
2887 3867 2952 3920 Et
2985 3867 3029 3919 si
3061 3867 3180 3935 quis
3219 3875 3468 3920 accurate
3496 3865 3866 3934 exploraverit
3894 3910 3910 3933 ,

2309 3962 2399 4015 illa
2429 3959 2683 4025 inveniet,
2717 3959 2844 4013 licet
2891 3957 3119 4013 obscure
3145 3956 3288 4011 dicta
3318 3975 3330 4010 :
3367 3966 3423 4011 ut
3455 3957 3585 4012 nihil
3617 3959 3686 4012 sit
3716 3974 3914 4014 recens

2308 4053 2529 4108 dictum.
2561 4049 2907 4104 Pratdicatttm
2931 4091 2946 4114 ,
2984 4049 3174 4118 inquit.
3206 4047 3302 4104 Hic
3347 4049 3463 4103 illos
3507 4051 3667 4103 etiam
3701 4058 3874 4105 terret
3897 4094 3910 4115 ,

2310 4146 2457 4216 quasi
2507 4143 2669 4198 multa
2716 4142 2891 4198 adhuc
2919 4142 3130 4197 residua
3172 4151 3373 4198 essent.
3407 4141 3688 4210 Quomodo
3729 4152 3914 4197 autem

2312 4236 2522 4291 dicvbat
2551 4253 2563 4287 :
2596 4234 2832 4304 Implevit
2857 4251 2936 4295 ea,
2964 4251 3076 4303 qua:
3103 4235 3326 4302 oportuit
3360 4233 3502 4288 illum
3536 4234 3684 4303 pati?
3716 4233 3918 4305 Imple-

2314 4329 2399 4390 vit,
2431 4329 2617 4396 inquit,
2651 4341 2777 4391 non,
2811 4325 3092 4395 impletum
3123 4336 3239 4390 est;
3271 4325 3571 4392 declarans,
3604 4327 3777 4395 ipsum
3811 4343 3877 4382 ea
3900 4370 3913 4391 ,

2314 4436 2433 4490 qua:
2481 4419 2586 4487 pati
2643 4418 2961 4488 oportebat,
3015 4417 3355 4486 implevisse;
3401 4433 3519 4487 quae
3574 4433 3703 4472 vero
3734 4416 3917 4473 futura

2316 4512 2508 4567 deinde
2538 4519 2683 4578 sunt,
2711 4510 2928 4580 impleta
2957 4509 3194 4564 nondum
3223 4524 3369 4564 esse.
3418 4509 3733 4578 Prop/retain
3777 4512 3922 4568 vobis

2317 4605 2576 4660 suscitabit
2631 4603 2880 4656 Dominus
2920 4603 3057 4656 Deus
3104 4618 3166 4656 ea:
3223 4601 3462 4672 fratribus
3514 4603 3730 4668 vestris,
3782 4613 3920 4657 tant-

2319 4714 2470 4766 quatn
2496 4713 2594 4749 me.
2617 4693 2770 4762 Quod
2798 4694 2916 4748 illos
2940 4694 3172 4749 maxime
3193 4694 3531 4761 Conciliabat,
3553 4695 3704 4748 dicit.
3730 4695 3918 4761 Vides,

2321 4787 2591 4858 quomodo
2621 4785 2842 4841 humilia
2869 4786 3027 4839 simul
3061 4796 3112 4870 et
3140 4787 3386 4840 sublimia
3416 4789 3675 4857 spargat?
3705 4788 3922 4845 Humile

2324 4882 2465 4934 enim
2497 4890 2549 4934 et
2580 4880 2810 4935 sublime
2834 4886 2916 4934 est
2936 4923 2948 4945 ,
2976 4880 3022 4936 si
3057 4879 3099 4933 is
3121 4921 3134 4945 ,
3166 4880 3254 4949 qui
3283 4880 3335 4933 in
3376 4879 3565 4934 caelum
3594 4895 3924 4938 ascensurus

2325 4984 2428 5038 eSt,
2454 4953 2644 5026 similis
2665 4971 2733 5025 sit
2755 4970 2920 5041 Moysi
2948 4980 3346 5026 :verumtamcn
3368 4982 3489 5026 tunc
3507 4988 3760 5041 magnum
3783 4984 3925 5030 erat.

2324 5063 2440 5117 Non
2469 5072 2646 5116 autem
2677 5063 2970 5118 secundum
3001 5062 3238 5134 Moysem
3267 5073 3348 5117 est
3375 5063 3502 5117 illud
3537 5058 3551 5118 ξ
3582 5063 3649 5116 Et
3677 5067 3772 5118 erit
3816 5084 3927 5120 ont-

2328 5159 2406 5211 nis
2452 5157 2538 5226 qui
2583 5173 2684 5209 non
2727 5156 2980 5222 audierit,
3023 5157 3452 5211 exterminabitur.
3499 5158 3786 5213 lnnumera
3826 5162 3927 5214 alia

2329 5248 2501 5313 dixit,
2542 5264 2661 5317 quae
2691 5248 2920 5317 probant
2948 5247 3094 5301 illum
3137 5264 3241 5303 non
3283 5263 3404 5302 esse
3439 5248 3605 5320 Moysi
3647 5251 3882 5305 similem
3915 5272 3926 5304 :

2333 5343 2509 5411 itaque
2535 5356 2784 5410 magnum
2820 5341 3181 5394 testimonium
3211 5341 3403 5411 attigit.
3428 5341 3562 5396 Deus
3589 5342 3736 5395 illum
3764 5349 3920 5399 susci-

2335 5437 2453 5488 tabit
2479 5477 2492 5502 ,
2526 5435 2694 5505 inquit
2718 5478 2732 5500 ,
2766 5437 2828 5489 de
2857 5436 3095 5505 fratribus
3125 5439 3319 5490 vestris.
3359 5436 3571 5507 Moyses
3613 5438 3775 5505 igitur
3819 5441 3930 5510 ipse

2337 5528 2710 5582 interminatus
2736 5539 2813 5580 est
2847 5543 2952 5581 non
2981 5528 3339 5582 audientibus.
3374 5528 3495 5582 ΗΠ)ίῖ
3517 5531 3693 5582 omnia
3723 5532 3929 5600 adjecta

2338 5628 2478 5674 sunt.
2533 5619 2595 5671 lit
2623 5635 2794 5672 omnes
2840 5620 3098 5687 pt'Op/tette
3121 5661 3134 5683 ,
3167 5618 3370 5688 inquit,
3403 5635 3434 5672 a
3465 5619 3721 5674 Santttcle.
3754 5621 3930 5676 Noluit

2340 5710 2575 5779 singulos
2605 5725 2883 5764 recensere
2910 5751 2922 5773 ,
2958 5726 3022 5764 ne
3053 5710 3258 5780 longior
3287 5725 3464 5766 sermo
3503 5719 3678 5775 esset;
3711 5710 3806 5766 sed
3834 5729 3926 5780 op-

2345 5811 2572 5870 portuno
2604 5816 2726 5855 "Str;-
2760 5802 2950 5872 ΜαιμΞά
2979 5805 3305 5872 testimonio,
3338 5808 3477 5862 ultra
3506 5806 3647 5860 misit
3677 5819 3793 5860 cos.
3837 5803 3933 5859 νοῦ
