4054 6400
589 330 647 381 81
1287 324 1341 378 S.
1385 320 1672 377 JUANNIS
1709 319 2202 375 CIIIKYSOSTUMI
2246 322 2570 379 AIHLHIEP.
2613 320 3166 378 CONSTANTINOI‘.
3807 323 3888 377 εε

579 438 695 496 Οὐκ
725 436 896 502 εἶπεν,
937 437 1118 508 Ὑμῖν,
1156 435 1366 499 ἁπλῶς,
1394 434 1685 488 ἀπέστειλε
1723 433 1815 486 τὸν
1862 422 2033 486 Παίδα
2071 435 2160 486 αὐι

579 528 693 588 τοῦ,
729 527 864 580 ἀλλά
899 529 1012 589 καὶ,
1041 526 1180 595 μετά
1219 526 1319 594 τὴν
1351 523 1668 584 ἀνάσῖασιν,
1705 522 1799 574 καὶ
1833 521 1922 573 δτε
1966 522 2166 572 ὲσταυ-

581 618 749 690 ρώθη.
787 616 906 670 Ἵνα
937 615 1044 685 γὰρ
1081 613 1156 684 μὴ
1194 613 1506 683 νομίσωσιν,
1543 612 1625 664 ὅτι
1670 610 1833 673 αὐτὸς
1863 610 1962 680 μὲν
1992 608 2166 662 ταῦτα

579 706 885 777 ἐχαρίζετο,
919 710 947 759 6
972 706 1025 758 66
1056 706 1245 775 Πατὴρ
1277 703 1416 773 οὐχὶ,
1445 702 1532 755 διά
1556 699 1715 753 τοῦτο
1747 699 2054 770 προσέθηκε
2084 697 2166 759 16,

579 795 970 864 E6.lor06rta
991 793 1163 862 ὑμᾶς.
1201 791 1262 844 El
1296 791 1403 862 γὰρ
1441 789 1670 859 ἀδελφὸς
1699 788 1854 859 ὑμῶν
1882 787 2044 850 αὐτὸς
2075 787 2169 840 καὶ

578 883 790 952 εὐλογεῖ
816 884 978 952 ὑμᾶς,
1015 883 1308 951 ὑπόσχεσις
1334 879 1393 932 τὸ
1426 879 1661 950 πρᾶγμά
1704 880 1854 930 ἐστι’
1897 876 2165 938 τουτέστι,

579 971 841 1024 Τοσοῦτον
865 971 1096 1041 ἀπέχετε
1122 969 1215 1022 τοῦ
1259 969 1334 1039 μὴ
1369 968 1646 1020 κοινωνεῖν
1682 965 1911 1028 τούτοις.
1957 965 2040 1017 ὅτι
2074 965 2167 1016 καὶΙ

576 1063 689 1122 τοῖς
716 1058 895 1121 ἀλλοις
923 1059 1068 1128 ὑμᾶς
1086 1057 1290 1121 αίτίους
1313 1057 1403 1109 καὶ
1423 1056 1702 1126 ἀρχηγοὺς
1734 1053 1978 1123 βούλεται
2011 1052 2166 1121 γενέ-

579 1148 724 1200 σθαι.
750 1145 959 1200 Οὐκοῦν
983 1145 1056 1215 μὴ
1079 1146 1152 1209 ('0;
1180 1158 1205 1185 ι
1227 1144 1630 1216 ἀπερριμμένοι
1671 1142 1943 1197 διάκεισθε
1978 1142 2010 1212 ἢ
2033 1143 2166 1193 ἀπο-

576 1234 921 1304 δεϐλημένοι.
963 1234 1066 1286 Ἑν
1101 1231 1180 1296 τῷ
1215 1231 1635 1301 ἀποστρέφειν,
1679 1231 1864 1300 φησὶν,
1904 1229 2167 1283 ἕκαστον

576 1326 693 1378 ἀπὸ
729 1322 848 1378 τῶν
899 1323 1220 1391 πονηριῶν.
1257 1321 1446 1386 Οὕτως
1479 1322 1623 1392 ὑμᾶς
1657 1321 1887 1388 εὐλογεῖ,
1942 1319 2038 1373 καὶ
2067 1320 2165 1389 οὐχ

577 1413 782 1477 ἁπλῶς.
817 1415 928 1467 Kal
956 1413 1084 1466 ποία
1109 1412 1246 1484 αὐτη
1278 1411 1532 1480 εὐλογία;
1576 1410 1823 1480 Μεγάλη.
1856 1410 1930 1463 Ού
1961 1411 2070 1480 γάρ
2100 1408 2164 1480 δὴ

576 1502 635 1554 τὸ
661 1500 1001 1571 ἀποστρέψαι
1029 1501 1137 1553 ἀπὸ
1167 1499 1462 1570 πονηριῶν,
1494 1498 1650 1550 τοῦτο
1680 1500 1862 1551 ἱκανὸν
1886 1497 1979 1550 καὶ
2003 1495 2164 1549 λῦσαι

577 1590 762 1652 αὐτάς.
793 1590 852 1641 Εἰ
881 1589 936 1640 δὲ
964 1589 1054 1641 καὶ
1084 1588 1240 1641 λῦσαι
1286 1589 1382 1656 οὐχ
1417 1585 1598 1639 ίκανδν
1628 1582 1716 1656 ἦν,
1770 1586 1887 1648 πῶς
1919 1585 2165 1652 εὐλογίαν

578 1677 917 1748 παρασχεῖν;
948 1677 1022 1728 Οὐ
1056 1676 1164 1747 γὰρ
1193 1676 1256 1747 δὴ
1283 1677 1311 1727 6
1332 1674 1632 1745 ἠδικηκὼς,
1664 1674 1766 1744 ἤδη
1803 1675 1894 1726 καὶ
1925 1674 2164 1742 εὐλογεῖ-

575 1781 687 1830 ται,
722 1764 838 1816 ἀλλ’
874 1763 1288 1834 ἁμαρτημάτων
1313 1761 1549 1830 ἀφίεται.
1599 1761 1675 1814 Τὸ
1712 1761 1789 1823 δὲ,
1835 1760 1931 1826 Ὠς
1957 1760 2081 1829 ἐμὲ,
2116 1761 2164 1813 εί

581 1851 656 1922 μὴ
709 1851 850 1904 κατά
883 1850 971 1903 τὸν
1021 1850 1120 1919 τῆς
1153 1848 1472 1918 νομοθεσίας
1515 1865 1596 1911 τις
1635 1848 1835 1919 τρόπον
1865 1847 2160 1910 ὲκδέξαιτο,

577 1937 815 2008 οὐδαμοῦ
851 1937 1008 2005 λόγον
1035 1936 1100 1988 ἂν
1131 1934 1366 2004 ἀλλαχοῦ
1401 1935 1532 2001 ἕξοι.
1567 1933 1767 1988 Λὺτοῦ
1799 1935 2160 1998 ἀκουσεσθε,

577 2024 737 2094 φησί·
793 2025 885 2077 καὶ
915 2025 1013 2093 οὐχ
1063 2021 1268 2087 ἁπλῶς,
1314 2021 1451 2086 ἀλλ’,
1485 2024 1698 2076 Ἔσται
1758 2021 1928 2076 πιὶσα
1967 2022 2162 2090 ψυχὴ,

577 2111 708 2178 ἣτις
734 2111 810 2163 ἂν
839 2111 924 2178 μὴ
963 2111 1201 2176 ἀκούσῃ
1237 2109 1345 2163 τοῦ
1407 2108 1720 2178 προφήτου
1760 2110 2024 2171 ἐκείνου,
2066 2110 2165 2174 ἐξα

578 2198 1084 2265 ολοθρευθήσεται
1119 2197 1187 2248 ἐκ
1218 2195 1325 2249 τοῦ
1351 2195 1527 2252 λαοῦ.
1555 2196 1686 2248 Ὅτε
1720 2195 1918 2259 αὐτοὺς
1966 2196 2166 2261 ἔδειξεν

579 2283 991 2355 ἡμαρτηκότας,
1018 2285 1112 2336 καὶ
1146 2281 1480 2352 συγγνώμης
1513 2283 1805 2353 μετέδωκε,
1847 2285 1940 2335 καὶ
1987 2286 2161 2354 ἐπηγο

575 2372 792 2439 γείλατο
839 2372 1051 2440 χρηστά
1075 2387 1088 2399 ’
1122 2371 1242 2422 τότε
1272 2371 1335 2440 δὴ
1365 2371 1656 2432 δείκνυσιν,
1696 2371 1777 2422 ὃτι
1834 2373 1926 2423 καὶ
1959 2372 2164 2442 Μωσῆς

573 2457 633 2511 16
667 2458 799 2511 αὐτὸ
818 2458 983 2526 λέγει.
1014 2457 1122 2511 Καὶ
1147 2457 1274 2510 ποία
1293 2456 1430 2527 αῦτη
1456 2456 1746 2510 ἀκολουθία
1769 2460 1962 2523 είπεῖν,
1999 2448 2163 2528 Ἄχρι

575 2530 690 2618 [76]
716 2548 950 2614 χρόνων
980 2544 1553 2610 ἀποκαταστάσεως,
1591 2545 1686 2598 καὶ
1711 2547 2010 2615 ἐπαγαγεῖν
2034 2549 2165 2600 Mm-

577 2633 674 2686 σέα
695 2633 940 2702 λέγοντα,
967 2633 1051 2686 ὅτι
1079 2633 1256 2686 πάντα
1285 2632 1631 2697 ἀκούσουσιν,
1658 2632 1695 2687 ἀ
1713 2633 1828 2704 ὲρεῖ
1854 2636 1882 2687 6
1909 2635 2161 2705 Χριστός

576 2727 668 2778 καὶ
686 2724 782 2792 οὐχ
802 2723 1006 2785 ἁπλῶς.
1037 2722 1173 2776 ἀλλά
1205 2721 1343 2791 μετὰ
1365 2721 1591 2790 ἀπειλῆς
1614 2721 1886 2792 φοϐερᾶς;
1912 2724 2159 2793 Μεγάλη·

571 2813 809 2865 δείκνυσι
843 2811 969 2880 γάρ,
1005 2811 1087 2863 ὅτι
1122 2809 1215 2862 καὶ
1237 2809 1324 2862 διά
1351 2809 1510 2863 τοῦτο
1544 2811 1829 2864 πείθεσθαι
1858 2813 2163 2880 ὀφείλουσιν

571 2900 740 2972 αὐτῷ.
779 2901 1032 2963 Τίὲστιν,
1081 2900 1200 2953 ΥΙοὶ
1228 2898 1348 2952 τῶν
1379 2899 1722 2970 προφητῶν,
1759 2901 1998 2971 καὶτῆς·
2035 2903 2162 2957 δια-

573 2989 790 3058 θήκηςξ
819 2989 1176 3059 κληρονόμοι.
1216 2989 1469 3060 διάδοχοι.
1494 2991 1557 3042 Εἰ
1581 2986 1674 3042 οὖν
1699 2991 1824 3053 υίοὶ,
1858 2992 1910 3044 τί
1939 2992 2014 3055 ὡς
2036 2993 2164 3062 περ)⁸

573 3076 827 3147 ἀλλότρια
856 3075 1130 3129 διάκεισθε
1164 3076 1298 3146 πρὸς
1323 3076 1393 3129 τά
1421 3076 1701 3147 ὐμέτερα;
1745 3077 1890 3148 ΙἈρα
1925 3095 2163 3149 κατηγο-

577 3163 696 3234 ρίας
719 3164 817 3233 μὲν
841 3162 1114 3234 ἐπράξατε
1139 3162 1265 3226 ἀξια
1285 3179 1299 3192 ⁸
1328 3164 1626 3234 δυνήσεσθε
1654 3164 1709 3218 δὲ
1737 3163 1886 3235 ὅμως
1919 3166 2165 3235 συγγνώ-

575 3270 684 3324 μης
708 3255 913 3322 τυχεῖν.
937 3247 1069 3304 Εἶτα
1096 3252 1285 3322 ἐπειδὴ
1322 3249 1444 3305 εἷπε
1475 3252 1665 3317 ταῦτα,
1717 3253 1943 3318 εἰκότως
1978 3256 2164 3309 λοιπον

569 3339 720 3408 λέγει
740 3357 753 3370 ο
798 3339 969 3409 ’Υμῖν
988 3340 1350 3394 ἀπέστειλεν
1383 3342 1416 3394 ό
1451 3339 1593 3406 Θεὸς
1626 3340 1732 3394 τὸν
1755 3342 1944 3395 Παῖδα
1971 3345 2162 3400 αὑτοῦ

571 3427 942 3498 εὐλογοῦντα
963 3426 1136 3496 ὑμᾶς.
1173 3427 1288 3479 Οὐκ
1310 3424 1450 3492 εἷπε,
1479 3426 1749 3495 Σώζοντα,
1785 3429 1900 3482 ἀλλ’
1923 3431 1952 3483 6
1977 3433 2162 3502 μεῖζόν

573 3518 740 3581 ἔστιν,
771 3513 1158 3582 Εὐλογοῦντα
1176 3529 1188 3541 ·
1215 3515 1452 3578 δεικνὺς,
1485 3516 1568 3569 δτι
1587 3517 1615 3569 6
1649 3517 1986 3588 σταυρωθεὶς
2009 3520 2154 3573 εὐλοο

571 3604 661 3672 γεῖ
681 3603 808 3666 τοὺς
856 3600 1299 3671 σταυρώσαντας.
1335 3601 1725 3672 Μιμησώμεθα
1770 3604 1948 3658 τοίνυν
1975 3605 2162 3661 τοῦτον

571 3691 666 3745 καὶ
688 3692 865 3760 ἡμεῖς.
904 3688 1254 3758 Ἑκϐάλωμεν
1279 3688 1458 3760 ψυχὴν
1487 3690 1712 3763 φονικὴν
1747 3693 1842 3747 καὶ
1871 3695 2159 3767 πολεμίαν.

571 3779 684 3848 Οὐχ
709 3773 869 3849 ἀρκεῖ
901 3775 960 3829 16
996 3777 1070 3847 μὴ
1102 3776 1411 3846 ἀμύνασθαι
1437 3777 1631 3848 (τοῦτο
1653 3781 1749 3834 καὶ
1768 3796 1826 3833 εν
1854 3785 1917 3853 τῇ
1949 3783 2163 3856 Παλαιᾷ

571 3866 835 3936 γέγονεν),
858 3865 994 3920 ἀλλά
1029 3865 1208 3918 πάντα
1232 3866 1562 3936 πράττωμεν
1590 3868 1730 3940 ὑπὲρ
1761 3869 1871 3924 τῶν
1906 3871 2163 3942 ἠδικηκό-

571 3973 700 4019 των,
728 3955 804 4018 ὡς
838 3953 979 4025 ὑπὲρ
1007 3953 1176 4022 φίλων
1203 3953 1463 4024 γνησίων,
1497 3955 1573 4019 ὡς
1605 3957 1745 4028 ὑπὲρ
1772 3959 1933 4030 ἡμῶν
1953 3961 2156 4017 αὐτῶν.

583 4041 825 4132 ⁹Εκείνου
851 4041 1093 4132 μιμηταί
1124 4042 1322 4132 ⁸ἐσμεν,
1359 4041 1571 4132 ἐκείνου
1605 4043 1844 4116 μαθηταὶ
1885 4046 1979 4099 τοῦ
2023 4049 2162 4119 μετά

568 4130 630 4184 16
657 4117 1034 4201 σταυρωθῆναι
1067 4129 1246 4184 πάντα
1285 4129 1563 4195 κινοῦντος
1605 4132 1746 4204 ὑπὲρ
1775 4132 1883 4187 τῶν
1916 4117 2162 4208 σταυρω-

572 4218 800 4284 σάντων,
833 4218 926 4270 καὶ
955 4217 1080 4280 106;
1109 4218 1440 4281 ἀποστόλους
1461 4220 1855 4292 ἐκπέμποντος.
1877 4223 2069 4276 Καίτοι
2095 4240 2160 4292 γε

570 4308 732 4377 ἡμεῖς
769 4305 1032 4375 πολλαχοῦ
1061 4305 1154 4359 καὶ
1179 4306 1406 4370 δικαίως
1435 4307 1719 4379 πάσχομεν
1743 4325 1757 4340 ο
1781 4311 1990 4374 ἐκεῖνος
2018 4311 2076 4364 δὲ
2097 4313 2159 4365 οὐ

574 4395 733 4462 μόνον
765 4392 982 4456 ἀδίκως,
1014 4392 1150 4445 ἀλλά
1179 4392 1274 4446 καὶ
1309 4394 1521 4458 ἀσεδῶς
1543 4411 1556 4425 ·
1583 4396 1672 4450 τὸν
1701 4397 1998 4470 εὐεργέτην
2027 4399 2157 4471 γὰρ,

569 4479 661 4533 τὸν
691 4479 843 4533 οὐδὲν
891 4479 1208 4550 ἠδικηκότα,
1266 4480 1454 4536 τοῦτον
1493 4482 1866 4552 ἐσταύρωσαν.
1916 4485 2015 4540 Διά
2063 4489 2154 4554 τί;

569 4568 690 4620 είπέ
721 4585 831 4638 μοι,
865 4566 1022 4639 δόξης
1056 4567 1277 4633 ἒνεκεν;
1324 4570 1436 4622 Καὶ
1478 4571 1586 4642 μὴν
1617 4573 1780 4636 αὐτὸς
1808 4576 2006 4639 αὐτοὺς
2039 4577 2160 4629 606-

571 4673 758 4726 μνυνε.
791 4655 946 4723 Πῶς;
993 4657 1127 4710 Ἐπί
1157 4657 1268 4726 τῆς
1317 4659 1577 4724 Μωσέως
1608 4662 1919 4730 καθέδρας,
1969 4666 2155 4734 φησὶν,

566 4745 854 4798 ἐκάθισαν
881 4747 933 4797 οι
978 4746 1336 4814 γραμματεῖς
1371 4747 1471 4799 καὶ
1495 4750 1549 4800 οἱ
1594 4751 1922 4817 Φαρισαῖοι.
1955 4754 2160 4806 Πάντα

568 4825 684 4885 οὖν
709 4829 749 4883 d
768 4829 1052 4899 λέγουσιν
1097 4833 1238 4901 ὑμῖν
1265 4833 1478 4900 ποιεῖν,
1524 4836 1775 4890 ποιεῖτε·
1808 4840 1957 4893 κατὰ
1989 4840 2057 4894 δὲ
2090 4841 2160 4896 τὰ

568 4919 712 4986 ἔργα
733 4917 932 4972 αὐτῶν
950 4919 1036 4988 μὴ
1058 4921 1297 4975 ποιεῖτε.
1317 4923 1429 4976 Kal
1452 4924 1612 4978 πάλιν
1631 4925 1862 4997 ἀλλαχοῦ
1883 4942 1897 4958 ο
1915 4929 2155 5000 Ὕπαγε,

569 5006 772 5072 δεῖξον
791 5007 1053 5062 σεαυτὸν
1067 5008 1148 5074 τῷ
1174 5009 1333 5078 ἱερεῖ.
1358 5012 1468 5064 Kal
1487 5013 1782 5084 δυνάμενος
1833 5017 2027 5081 αὐτοὺς
2050 5022 2157 5074 ἀπ-

566 5093 773 5160 ολέσαι,
817 5093 1000 5158 σώζει.
1042 5093 1243 5150 Τοῦτον
1273 5093 1366 5152 οῦν
1408 5101 1799 5171 μιμησώμεθα,
1831 5106 1927 5156 καὶ
1965 5107 2157 5176 μηδεὶς

569 5183 762 5253 ἐχθρός
792 5199 938 5247 τινος
971 5180 1132 5248 ἔστω,
1168 5185 1356 5257 μηδεὶς
1389 5186 1665 5261 πολέμιος,
1697 5191 1812 5244 ἀλλ’
1837 5193 1871 5263 ἢ
1902 5193 1998 5246 τοῦ
2035 5196 2154 5249 δια-

569 5269 726 5322 ιόλου
760 5271 942 5342 μόνον.

648 5355 706 5412 ε’.
725 5359 798 5412 Οὐ
827 5359 1023 5431 μικρόν
1046 5375 1098 5412 τι
1116 5359 1253 5430 πρὸς
1271 5362 1429 5418 τοῦτο
1442 5365 1535 5418 καὶ
1557 5366 1616 5419 16
1633 5366 1710 5439 μὴ
1725 5367 1953 5438 ὀμνύναι
1975 5388 2156 5425 συντε-

569 5447 669 5510 λεῖ,
710 5448 802 5500 καὶ
831 5449 893 5501 16
925 5448 999 5520 μὴ
1028 5450 1366 5518 ὀργίζεσθαι.
1416 5454 1548 5506 Ἀπὸ
1576 5455 1668 5508 τοῦ
1726 5458 1801 5530 μὴ
1833 5460 2155 5529 ὀργίζεσθαι

564 5534 688 5587 οὐδὲ
717 5535 908 5605 ἐχθρὸν
936 5536 1146 5608 ἕξομεν.
1187 5538 1462 5607 Ἕκκοψον
1510 5541 1794 5613 ἀνθρώπου
1843 5547 1934 5599 τὸν
1963 5547 2150 5620 ὅρκον,

567 5624 660 5675 καὶ
685 5621 754 5674 τὰ
795 5622 970 5692 πτερά
997 5624 1324 5694 περιέκοψας
1353 5627 1454 5697 τῆς
1481 5628 1672 5700 ὀργῆς,
1689 5631 1782 5684 τόν
1804 5633 1972 5704 Θυμδν
2001 5637 2153 5690 ἕσσε-

568 5727 664 5774 σας
719 5711 954 5765 ᾶπαντα.
1005 5710 1213 5782 Ὥσπερ
1266 5713 1374 5785 γὰρ
1432 5715 1650 5786 πνεῦμα
1694 5719 1727 5788 ἡ
1773 5720 1932 5792 ὀργὴ,
1987 5725 2079 5777 καὶ
2127 5728 2155 5779 ὁ

567 5794 724 5863 ὅρκος
743 5794 927 5848 ὲστίδ.
954 5794 1202 5847 Χάλασον
1239 5797 1304 5848 τά
1336 5799 1498 5853 ἱστία·
1532 5799 1684 5853 οὐδὲν
1727 5801 1914 5871 ὄφελος
1959 5807 2149 5873 ἱστίον,

631 5925 654 5988 _a
691 5923 830 5988 pnqs
857 5926 1103 5988 γενέσθαι,
1137 5925 1216 5980 Μὴ
1246 5926 1333 5988 γὰρ
1356 5929 1436 5982 ὡς·

627 5982 656 6024 δ
680 5983 831 6036 δᾶνίὶ.
871 5982 1060 6047 πνεῦμα
1091 5987 1230 6050 ὀργῆς
1257 5982 1286 6036 δ
1311 5982 1459 6050 ’ὅρκος
1481 5991 1604 6040 ὶστίο

2275 437 2587 506 πνεύματος
2624 437 2724 490 οὐκ
2752 436 2923 502 ὄντος.
2948 438 3044 490 Ἂν
3066 437 3246 491 τοίνυν
3272 437 3346 507 μὴ
3383 436 3698 507 κράζωμεν,
3740 438 3887 505 μηδὲ

2272 521 2586 592 ὀμνύωμεν,
2633 523 2702 574 τά
2734 520 2902 592 νεῦρα
2955 522 3292 591 ἐξεκόψαμεν
3338 521 3433 574 τοῦ
3489 521 3689 592 θυμοῦ.
3722 521 3785 574 Εἰ
3825 522 3889 573 δὲ

2273 604 2573 666 ἀπιστεῖτε,
2634 609 2829 675 πεῖραν
2859 604 3049 658 λάϐετε
3107 605 3200 658 τοῦ
3235 606 3576 676 πράγματος.
3641 605 3737 658 καὶ
3796 606 3886 657 ὅτι

2271 686 2444 749 οῦτως
2469 687 2602 757 ἔχει,
2625 688 2744 740 τότε
2761 688 3055 757 γνώσεσθε.
3080 689 3183 752 Θὲς
3216 689 3294 759 τῷ
3341 688 3670 757 θυμουμένῳ
3710 688 3889 758 νόμον

2274 771 2546 841 μηδέποτε
2576 770 2826 840 ὀμνύναι,
2883 773 2976 826 καὶ
2999 772 3104 825 οὐκ
3134 772 3529 843 ἀναγκασθήσῃ
3549 788 3613 823 πε
3625 773 3678 839 ρὶ
3698 775 3887 823 ἐπιει-

2270 854 2423 918 κείας
2474 855 2622 926 αὐτῷ
2655 855 3022 926 διαλεχθῆναι.
3083 854 3241 909 Οὕτω
3273 857 3334 908 16
3363 858 3471 909 πᾶν
3493 858 3744 926 ἦνυσται’
3783 856 3887 906 καὶ

2265 932 2394 991 "'11;
2420 939 2802 1010 ὲπιορκήσετε,
2830 937 2950 991 οὔτε
2972 938 3234 1010 ὀμόσεσοε
3253 938 3411 1001 ὅλως.
3443 940 3558 991 Οὐκ
3599 938 3739 1000 ἴστε,
3797 938 3885 1000 είς

2269 1035 2402 1086 οσας
2433 1023 2663 1086 ἀτοπίας
2693 1023 2919 1084 ἑαυτοὺς
2947 1021 3196 1074 ἐντεῦθεν
3230 1021 3564 1091 ἐμϐάλλετε;
3627 1023 3882 1091 Ἀνάγκη

2270 1105 2379 1176 γάρ
2416 1106 2600 1177 δεσμῷ
2628 1108 2854 1170 ἑαυτοὺς
2886 1106 3322 1176 περιϐάλλοντες,
3347 1107 3439 1159 καὶ
3473 1107 3624 1179 πάσῃ
3653 1109 3882 1176 μηχανῇ

2272 1191 2666 1254 σπουδάζοντες
2703 1191 2844 1245 ὥστε
2871 1192 3123 1261 καθάπερ
3160 1191 3217 1257 ἐξ
3251 1191 3495 1259 ἀφύκτου
3523 1192 3668 1254 τινὸς
3701 1190 3884 1242 κακοῦ

2268 1275 2368 1345 τὴν
2387 1275 2565 1344 ψυχὴν
2591 1275 2779 1340 ὲξελκύ
2791 1293 2898 1342 σαι,
2940 1272 3058 1329 εἶτα
3079 1277 3153 1346 μὴ
3182 1276 3501 1345 δυνηθέντες
3519 1286 3567 1340 ο,
3588 1275 3778 1327 λοιπὸν
3822 1277 3885 1326 ὲν

2269 1359 2429 1430 ὀδύνῃ
2468 1358 2679 1429 διάγειν
2740 1359 2835 1410 καὶ
2866 1361 3087 1429 μάχαις,
3116 1361 3210 1410 καὶ
3255 1356 3488 1429 ἀρᾶσθαι
3540 1358 3618 1427 τῷ
3683 1356 3884 1427 θυμῷ·

2269 1442 2409 1495 ἀλλά
2442 1444 2621 1497 πάντα
2646 1443 2770 1513 είκῆ
2825 1443 2921 1495 καὶ
2973 1444 3153 1514 μάτην
3182 1442 3412 1510 γίνεται.
3460 1440 3673 1494 Οὐκοῦν
3723 1441 3886 1494 ἀπεί-

2269 1526 2454 1595 λησον,
2505 1526 2771 1596 διόρισαι,
2811 1529 2987 1581 πάντα
3033 1527 3262 1596 ποίησον
3297 1526 3464 1596 χωρὶς
3515 1525 3707 1595 ὅρκου.
3749 1524 3880 1589 Ἐξ-

2271 1627 2418 1663 εστιν
2452 1609 2716 1664 ἀναλῦσαι
2747 1611 2843 1664 καὶ
2869 1609 2937 1662 τὰ
2961 1609 3240 1678 λεχθέντα,
3271 1611 3363 1662 καὶ
3389 1611 3457 1662 τὰ
3492 1609 3785 1677 γενόμενα.
3813 1609 3886 1662 ἀν

2271 1693 2451 1767 θέλῃς,
2477 1693 2634 1748 Οῦτω
2671 1698 2910 1765 τήμερον
2955 1694 3165 1764 ἀνάγκη
3203 1694 3504 1762 πραότερον
3545 1694 3674 1760 ὑμῖν
3697 1692 3884 1744 διαλε-

2269 1777 2486 1847 χθῆναι.
2505 1777 2724 1850 Ἐπειδὴ
2751 1779 2858 1850 γὰρ
2874 1777 3164 1847 ἠκούσατε,
3182 1777 3272 1829 καὶ
3303 1776 3362 1830 τὸ
3395 1775 3557 1829 πλέον
3589 1778 3617 1827 6
3627 1779 3722 1846 μῖν
3749 1793 3888 1829 κατ-

2270 1861 2544 1930 ώρθωται.
2585 1863 2722 1932 Φέρε
2758 1862 2820 1934 δὴ
2856 1863 3062 1925 λοιπὸν,
3111 1863 3255 1924 τίνος
3281 1861 3466 1914 ἕνεκεν
3500 1860 3886 1930 ἐπεισῆλθενό

2271 1941 2578 2013 [77ιδρκος,
2597 1945 2691 1998 καὶ
2707 1944 2793 1998 διά
2805 1947 2857 1998 τί
2883 1945 3233 2015 συνεχωρήθη
3252 1941 3411 2007 εἶναι,
3431 1945 3866 2014 εἴπωμεν.Ἀνω

2270 2026 2362 2079 θεν
2386 2027 2483 2096 τὴν
2504 2027 2718 2094 γένεσιν
2749 2028 2914 2081 αὐτοῦ
2957 2029 3330 2098 διηγούμενοι,
3360 2030 3453 2079 καὶ
3481 2029 3608 2080 πότε
3651 2028 3883 2098 ἐτέχθη.

2271 2110 2364 2161 καὶ
2383 2108 2518 2172 πῶς.
2534 2111 2628 2163 καὶ
2645 2112 2795 2181 παρά
2813 2111 2995 2175 τίνων,
3013 2110 3358 2182 ἀμειψόμεθα
3379 2111 3522 2178 ὑμᾶς
3539 2113 3605 2179 τῇ
3625 2110 3885 2180 διηγήσει

2271 2192 2410 2261 ὑπὲρ
2436 2195 2536 2262 τῆς
2568 2193 2814 2263 ὑπακοῆς
2829 2194 2989 2248 ἀ.Τδν
3019 2196 3117 2265 μὲν
3152 2194 3259 2265 γάρ
3280 2192 3687 2263 κατωρθωκότα
3706 2196 3883 2260 ἀναγ-

2272 2278 2426 2328 καῖον
2468 2277 2561 2328 καὶ
2603 2277 2947 2346 φιλοσοφεῖνο
2997 2278 3088 2330 τὸν
3138 2278 3193 2330 δὲ
3255 2278 3503 2348 μηδέπω,
3556 2276 3680 2328 οὐδὲ
3722 2277 3887 2344 λόγον

2269 2358 2501 2412 ἀκοῦσαι
2541 2359 2708 2425 ἄξιον.
2753 2359 3045 2432 Ἐποῐησαν
3095 2359 3368 2431 συνθήκας
3422 2360 3622 2424 πολλάς
3653 2361 3704 2412 οί
3749 2362 3889 2431 περὶ

2267 2441 2360 2494 τὸν
2403 2441 2679 2513 Ἀϐραάμ,
2726 2443 2820 2495 καὶ
2847 2443 3089 2512 ἔσφαξαν
3121 2443 3356 2512 θύματα,
3395 2445 3488 2496 καὶ
3519 2443 3713 2507 θυσίας
3747 2445 3886 2511 ἀνή-

2268 2541 2492 2593 νεγκαν,
2511 2527 2605 2578 xal
2633 2525 2844 2580 οὐδέπω
2865 2526 2931 2599 ἦν
2959 2529 3143 2597 ὅρκος.
3173 2526 3346 2580 Πόθεν
3374 2522 3468 2579 οὖν
3488 2526 3822 2596 ἐπεισῆλθεν
3855 2530 3888 2581 ὀ

2267 2610 2464 2680 ὃρκος;
2512 2609 2642 2663 Ὅτε
2670 2610 2738 2664 τὰ
2773 2611 2920 2664 κακά
2959 2611 3195 2682 ηὐξήθη,
3256 2614 3345 2665 ὅτε
3382 2611 3556 2664 πάντα
3587 2611 3723 2682 ὀμοῦ
3763 2615 3883 2668 ἀνω

2271 2694 2364 2746 καὶ¹
2394 2695 2545 2747 κάτω
2563 2695 2805 2762 γέγονεν,
2820 2697 2908 2748 ὅτε
2939 2696 3072 2766 πρὸς
3087 2694 3530 2764 είδωλολατρείαν
3549 2696 3881 2750 ἀπέκλιναν*

2269 2778 2389 2830 τότε
2410 2777 2498 2848 δὴ,
2523 2778 2666 2844 τότε,
2695 2780 2784 2831 ὅτε
2831 2780 3049 2833 ἄπιστοι
3072 2778 3256 2832 λοιπὸν
3283 2780 3583 2847 ὲψαίνοντο,
3616 2779 3711 2832 16v
3745 2780 3887 2833 Θεὸν

2268 2861 2500 2914 ἐκάλουν
2526 2861 2801 2932 μάρτυρα,
2843 2861 3034 2932 ὥσπερ
3083 2862 3357 2934 ἐγγυητὴν
3389 2863 3622 2926 διδόντες
3651 2863 3762 2917 τῶν
3787 2865 3881 2916 λε-

2268 2945 2515 3014 γομένων
2547 2945 2869 3016 ἀξιόχρεων.
2931 2946 3106 2998 Τοῦτο
3136 2948 3244 3017 γάρ
3272 2949 3432 3018 ὅρκος
3461 2949 3599 3010 ἐστὶ,
3654 2949 3886 3018 τρόπων

2268 3029 2685 3099 ἀπιστουμένων
2703 3029 3070 3100 ὲγγύη.”Ωστε
3088 3031 3279 3102 πρώτη
3296 3032 3600 3103 κατηγορία
3623 3032 3764 3104 αὕτη
3783 3035 3884 3087 τοῦ

2268 3111 2578 3182 ὀμνύοντος,
2602 3115 2648 3164 εί
2679 3115 2754 3185 μὴ
2785 3115 3093 3166 πιστεύοιτο
3120 3115 3288 3184 χωρὶς
3310 3117 3642 3184 ὲγγύου,καὶ
3670 3119 3884 3186 ὲγγύου

2271 3194 2533 3263 μεγάλου³
2559 3194 2647 3248 διά
2675 3196 2782 3267 γάρ
2799 3197 2898 3266 τὴν
2936 3197 3139 3266 πολλὴν
3176 3199 3435 3251 ἀπιστίαν
3463 3200 3562 3252 οὐκ
3586 3200 3884 3266 ἄνθρωπον

2269 3274 2525 3346 ζητοῦσιν
2585 3279 2802 3346 ἔγγυον,
2840 3280 2976 3332 ἀλλά
3009 3281 3099 3333 τὸν
3129 3281 3278 3334 Θεόν.
3323 3282 3605 3353 Δεύτερον,
3639 3285 3735 3337 καὶ
3777 3287 3881 3339 τοῦ

2266 3360 2637 3430 λαμὸάνοντος
2662 3362 2754 3414 τὸν
2782 3363 2943 3432 ὅρκον
2968 3364 3028 3417 τὸ
3047 3364 3178 3417 αὐτὸ
3211 3365 3483 3437 ἔγκλημα.
3501 3368 3549 3420 εί
3589 3368 3732 3440 ὑπὲρ
3758 3388 3881 3422 συν·

2266 3445 2634 3516 αλλαγμάτων
2673 3447 3085 3518 διαφερόμενος,
3114 3449 3206 3502 τὸν
3250 3449 3384 3505 Θεὸν
3409 3451 3555 3504 ἕλκοι
3592 3453 3730 3525 πρὸς
3777 3456 3883 3526 τὴν

2267 3529 2492 3598 ἐγγύην,
2515 3529 2610 3582 καὶ
2626 3529 2774 3598 λέγοι
2799 3532 2872 3602 μὴ
2901 3531 3255 3599 ἀφίστασθαι,
3284 3535 3333 3586 εἰ
3358 3535 3434 3606 μὴ
3468 3537 3675 3588 ἐκεῖνον
3693 3536 3878 3593 λάὁοι.

2271 3617 2335 3670 Ὢ
2363 3617 2462 3686 τῆς
2497 3617 2950 3688 ὑπερϐαλλούσης
2985 3619 3362 3690 ἀναισθησίας,
3402 3621 3448 3675 ὣ
3475 3623 3573 3693 τῆς
3615 3623 3876 3695 ὕϐρεωςι

2268 3698 2483 3770 σκώληξ
2505 3701 2598 3753 καὶ
2620 3702 2689 3772 γῆ
2721 3701 2815 3754 καὶ
2843 3701 3036 3765 σποδὸς
3075 3703 3362 3773 τυγχάνων
3387 3706 3483 3758 καὶ
3521 3708 3748 3772 καπνὸς,
3780 3711 3881 3765 τὸν

2266 3785 2545 3862 Δεσπόεην
2578 3803 2669 3838 σου
2693 3786 2872 3849 ἕλκεις
2898 3788 2977 3848 εἰς
3008 3787 3503 3856 ὲγγύην,κάκεῖνον
3536 3792 3877 3860 ἀναγκάζεις

2265 3867 2470 3922 λαϐεῖν.
2507 3869 2642 3920 Εἰπέ
2671 3886 2762 3939 μοι
2788 3880 2835 3933 ε,
2870 3871 2918 3921 εί
2941 3869 3051 3922 τῶν
3090 3869 3297 3924 παίδων
3322 3872 3476 3942 ὑμῶν
3507 3874 3877 3942 φιλονεικούν-

2264 3969 2374 4005 των
2442 3950 2581 4023 πρὸς
2640 3952 2944 4023 ἀλλήλους,
3008 3955 3102 4006 καὶ
3160 3956 3575 4027 ἀπιστουμένων
3629 3960 3876 4026 ἑαυτοῖς,

2264 4033 2465 4105 ἔφησεν
2504 4037 2532 4088 6
2578 4037 2867 4106 ὀμόδουλος
2913 4037 2988 4110 μὴ
3033 4037 3472 4110 ἀποστήσεσθαι,
3521 4042 3626 4106 ἔως
3671 4043 3740 4097 ἀν
3778 4046 3876 4100 τὸν

2264 4121 2441 4174 κοινὸν
2470 4121 2736 4192 δεσπότην
2782 4123 3058 4192 ἐγγυητὴν
3095 4123 3271 4178 λάϐοι·
3301 4122 3410 4196 ἆρα
3449 4126 3550 4179 οὐκ
3582 4126 3647 4180 ἀν
3704 4128 3874 4186 ἔλασε

2265 4203 2480 4273 πληγὰς
2518 4204 2737 4274 μυρίας,
2763 4206 2859 4258 καὶ
2882 4205 3106 4284 ἔμαθεν,
3138 4207 3221 4260 ὄτι
3243 4208 3320 4278 τῷ
3357 4208 3595 4283 δεσπότῃ
3625 4212 3708 4276 είς
3731 4213 3876 4268 ἄλλα

2267 4286 2572 4358 κεχρῆσθαι
2603 4288 2702 4352 δεῖ,
2750 4289 2852 4342 οὐκ
2883 4291 2962 4353 είς
2991 4289 3195 4355 ταῦτα;
3261 4293 3326 4346 Τί
3350 4292 3494 4361 λέγω
3531 4294 3826 4364 ὁμόδουλον
3856 4316 3874 4366 ;

2265 4371 2328 4423 Εί
2366 4369 2475 4441 γὰρ
2525 4370 2949 4442 αἰδεσιμώτερον
3001 4374 3175 4427 είλετο
3212 4374 3402 4445 ἄνδρα,
3437 4377 3537 4448 οὐχ
3585 4378 3744 4450 ὓϐριν
3809 4383 3876 4436 16

2263 4456 2499 4525 πρᾶγμα
2530 4457 2776 4525 ἡγήσατο
2808 4457 2908 4523 άν;
2952 4458 3091 4510 Ἀλλ’
3121 4457 3232 4526 ἐγὼ
3265 4459 3325 4512 οὐ
3384 4460 3669 4532 βούλομαι,
3707 4467 3869 4536 φησί.

2263 4537 2479 4601 Καλῶς·
2509 4538 2706 4592 οὐκοῦν
2759 4539 2895 4610 μηδὲ
2931 4542 3139 4596 ἐκεῖνον
3169 4543 3471 4612 ἀνάγκαζε,
3498 4545 3625 4600 ἐπεὶ
3650 4548 3743 4600 καὶ
3777 4549 3874 4602 ἐπ’

2260 4619 2566 4691 ἀνθρώπων
2593 4622 2754 4675 τοῦτο
2786 4624 3014 4690 γίνεται,
3047 4625 3113 4678 ἂν
3151 4622 3302 4700 εἴπῃ,
3345 4628 3449 4681 Τὸν
3480 4629 3626 4684 δεῖνα
3669 4631 3871 4703 δίδωμι

2262 4704 2554 4775 ἐγγυητὴν,
2590 4706 2655 4772 σὺ
2683 4706 2785 4758 οὐκ
2814 4707 3002 4779 ἀνέχῃ.
3037 4709 3102 4761 Τί
3129 4704 3257 4774 οῦνς
3287 4712 3382 4762 καὶ
3410 4711 3681 4781 ἀπολέσω,
3703 4717 3867 4786 φησὶ,

2262 4786 2322 4839 16
2363 4789 2669 4858 διδόμενον;
2712 4792 2786 4844 Οὐ
2827 4791 2972 4860 λέγω
3020 4791 3212 4858 τοῦτο,
3264 4793 3402 4847 ἀλλά
3463 4797 3545 4850 ὅτι
3584 4798 3677 4851 16v
3729 4799 3872 4853 Θεὸν

2263 4875 2484 4946 ὑϐρίσαι
2511 4876 2703 4949 ἀνέχῃ.
2753 4879 2842 4932 Διὸ
2870 4882 2966 4934 καὶ
3018 4879 3219 4950 μᾶλλον
3252 4885 3279 4934 6
3317 4883 3760 4952 καταναγκάζων
3830 4889 3866 4958 ἢ

2261 4961 2287 5012 6
2316 4959 2485 5030 ὀμνὺς
2509 4960 2883 5032 ἀπαραίτητον
2914 4964 3026 5032 ἔχει
3054 4964 3151 5034 τὴν
3183 4965 3425 5020 κόλασινο
3474 4967 3740 5035 ὡσαύτως
3766 4975 3869 5027 καὶ

2260 5044 2288 5095 6
2312 5045 2537 5113 μηδενὸς
2567 5046 2844 5110 αἰτοῦντος
2858 5048 3044 5118 ὀμνύς.
3073 5048 3180 5102 Kal
3204 5049 3264 5102 16
3283 5050 3347 5120 δὴ
3364 5051 3766 5124 χαλεπώτερον,
3779 5056 3866 5112 δτι

2260 5127 2448 5198 ὀμνύει
2499 5130 2727 5194 ἕκαστος
2779 5131 2920 5213 ὑπὲρ
2957 5131 3143 5185 ὀϐολοῦ
3195 5134 3332 5198 ἑνὸς,
3365 5135 3506 5213 ὑπὲρ
3540 5139 3864 5213 προσθήκης

2263 5214 2483 5294 μικρᾶς,
2504 5214 2646 5284 ὑπὲρ
2677 5212 2911 5278 ἀδικίας.
2947 5214 3150 5276 Ταῦτα,
3172 5218 3299 5270 ὅταν
3322 5217 3397 5288 μὴ
3413 5212 3547 5272 ὦσιν
3559 5212 3860 5294 ἐπιορκίαι.

2259 5293 2325 5348 ἀν
2386 5296 2442 5349 δὲ
2498 5297 2751 5368 ἐπιορκία
2805 5300 3292 5373 παρακολουθήσῃ,
3356 5304 3535 5358 πάντα
3593 5293 3709 5360 ἀνω
3767 5312 3866 5365 καὶ

2261 5377 2427 5440 κάτω.
2459 5381 2555 5435 καὶ
2583 5383 2612 5433 6
2635 5380 2836 5443 λαϐὼν,
2861 5383 2954 5436 καὶ
2972 5385 2999 5436 6
3031 5384 3155 5448 δοὺς
3184 5387 3498 5458 πεποίηκεν.
3537 5390 3680 5442 Ἀλλ’
3710 5392 3864 5448 ἐστιν

2257 5460 2598 5534 ἀγνοούμενά
2625 5481 2766 5529 τινα,
2806 5465 2988 5534 φησίν.
3039 5467 3201 5521 ’Λλλά
3237 5469 3411 5524 ταῦτα
3446 5473 3861 5544 προορώμενος,

2261 5544 2430 5613 μηδὲν
2459 5547 2604 5599 ποίει
2659 5547 2939 5618 ῥᾳθύμωςο
2968 5551 3017 5603 εί
3050 5551 3104 5604 δὲ
3139 5552 3400 5624 ῥαθύμως
3435 5559 3640 5619 ποιεῖς,
3694 5560 3862 5612 ἀπαί-

2257 5644 2338 5680 τει
2392 5630 2589 5713 σαυτὸν
2625 5631 2781 5700 δίκην
2834 5634 3059 5704 ζημίας.
3116 5635 3334 5691 Βέλτιον
3389 5640 3531 5694 οῦτω
3575 5643 3862 5713 ζημιωθῆ-

2258 5729 2364 5795 ναι,
2395 5712 2426 5781 ἢ
2460 5714 2682 5782 ἑτέρως.
2738 5716 2872 5771 Είπὲ
2929 5719 3039 5790 γάρ
3091 5739 3202 5790 μοι,
3238 5723 3418 5788 ἕλκεις
3461 5729 3540 5788 είς
3572 5712 3736 5795 ὅρκον
3769 5729 3864 5780 τὸν

2257 5793 2446 5866 ἄνδρα,
2476 5797 2528 5848 τί
2565 5799 2906 5868 προσδοκῶν;
2957 5804 3039 5856 ὄτι
3093 5807 3448 5877 ὲπιορκήσει;
3501 5793 3659 5861 Ἀλλά
3700 5809 3864 5865 τοῦτο

2325 5937 2543 6007 ς’(ἶοάξι-
2571 5953 2720 6007 unus»
2741 5943 2990 5995 ἐξελκύσαι
3032 5948 3395 6005 σπουδάζοντες,
3417 5951 3446 6000 ἢ
3478 5952 3539 6007 μή
3567 5952 3856 6007 δυνηθέντες.

2263 5995 2288 6037 ά
2313 5999 2446 6048 Idem
2468 6002 2578 6063 ὑπὲρ
2599 6009 2676 6060 τῆς
2703 6005 2865 6062 ἀκοῆς.
2949 6009 3082 6057 fAlii
3102 6010 3275 6070 ἀνσγκο
3289 5995 3605 6072 ζειξ’ἑ)ιύο“αι,
3765 5995 3861 6079 μοί,
