4054 6400
100 318 164 372 81
1104 316 1168 370 lN
1212 317 1388 372 ACTA
1432 316 1963 376 APOSTOLORUM.
2008 320 2240 378 ll0.\lll..
2287 321 2375 378 IX.
3361 337 3432 394 82

92 427 248 492 estis,
284 426 488 500 inquit,
521 428 619 498 ﬁlii
644 429 1026 500 praplteturum,
1060 440 1105 483 et
1129 432 1413 484 testamenti
1437 431 1574 501 quod
1591 430 1702 485 dis-

89 517 266 582 posuit
293 513 456 575 Deus.
479 519 810 585 Testamenti,
843 519 1034 590 inquit,
1064 521 1193 588 ﬁlii,
1223 519 1272 575 id
1295 529 1400 589 est,
1435 519 1700 577 hmredcs.

88 605 166 660 Ne
197 608 520 664 viderentur
545 609 689 663 enim
720 610 834 663 haec
863 625 928 666 ex
961 611 1225 665 beneﬁcio
1250 611 1394 666 Petri
1419 612 1666 681 accipere
1684 651 1702 678 ,

83 697 335 752 ostendit
357 699 469 768 jam
501 699 628 753 olim
657 699 762 755 illis
791 701 893 755 hoc
934 700 1178 756 debitum
1217 703 1417 770 fuisse,
1449 711 1507 758 ut
1534 702 1705 773 magis

80 790 386 844 crederent
412 791 463 845 id
500 791 611 858 Deo
641 793 893 864 placitum
917 809 1061 848 esse.
1103 793 1250 848 Vobis
1280 796 1501 864 primum
1525 794 1662 850 Deus
1683 834 1700 859 ,

81 879 304 950 inquit,
336 897 454 936 cum
484 885 808 950 suscitassct,
841 885 1006 953 ﬁlium
1035 902 1188 940 suum
1233 888 1386 941 misit.
1425 886 1705 942 Non-sim-

79 971 306 1039 pliciter
335 974 472 1029 dixit
495 1017 512 1041 ,
541 975 709 1032 Vobis
735 978 880 1032 misit
923 977 1117 1032 Filium
1145 993 1302 1034 suum
1334 997 1346 1045 ;
1375 977 1472 1034 sed
1501 981 1660 1034 etiam
1684 1021 1700 1047 ,

79 1076 207 1133 post
248 1070 748 1138 resurrectionem,
782 1079 838 1127 et
875 1071 1091 1141 quando
1134 1073 1430 1129 cruciﬁxus
1467 1073 1591 1129 fuit.
1623 1072 1703 1129 Ne

75 1168 344 1227 putarent
372 1163 519 1217 enim
548 1163 722 1232 ipsum
752 1163 967 1234 quidem
999 1163 1113 1222 hare
1138 1165 1389 1236 largitum
1416 1182 1559 1232 esse,
1592 1182 1699 1221 non

74 1268 211 1308 vero
243 1255 465 1311 Patrem
487 1296 504 1323 ,
537 1256 658 1312 ideo
692 1257 896 1312 addidit
925 1257 1052 1313 illud
1078 1301 1094 1326 ,
1122 1257 1508 1313 Benediceutem
1539 1259 1698 1314 vobis.

72 1348 128 1400 Si
158 1349 315 1404 enim
346 1349 548 1405 fratres
575 1359 758 1406 vester
782 1361 866 1406 est
885 1362 939 1408 et
971 1352 1240 1409 benedicit
1263 1353 1433 1418 vobis,
1469 1354 1700 1424 promis'

70 1441 155 1493 sio
180 1456 273 1496 res
305 1451 420 1508 est;
451 1442 503 1499 id
532 1454 635 1509 est,
665 1443 895 1500 Tantum
925 1445 1100 1512 abest,
1124 1457 1181 1499 ut
1207 1461 1313 1501 non
1333 1446 1700 1503 communice-

73 1533 142 1588 tis
169 1547 301 1588 eum
337 1533 443 1597 his.
471 1545 530 1588 ut
559 1536 720 1590 etiam
745 1551 842 1590 vos
867 1535 992 1590 aliis
1026 1545 1276 1592 auctores
1303 1525 1358 1592 et
1381 1537 1549 1593 duces
1576 1551 1698 1594 esse

72 1625 228 1680 velit.
258 1624 344 1681 Ne
371 1627 552 1696 itaque
576 1642 673 1682 vos
711 1637 767 1681 ut
807 1628 1003 1696 abjecti
1031 1638 1087 1684 et
1122 1630 1390 1700 repudiati
1430 1630 1694 1686 habeatis.

74 1715 144 1770 Ut
171 1727 440 1772 conuertat
461 1736 533 1782 se,
555 1719 746 1790 inquit,
770 1723 1116 1792 unusquisque
1133 1723 1196 1776 ab
1218 1723 1584 1792 iniquitatibus.
1608 1724 1698 1780 Sic

69 1824 171 1863 vos
203 1810 497 1866 benedicet
517 1854 533 1877 ,
561 1821 616 1866 et
644 1827 751 1868 non
783 1814 1122 1882 simpliciter.
1150 1815 1336 1886 Ecqua
1370 1817 1487 1872 lucc
1526 1818 1693 1873 bene-

67 1901 280 1958 dictio?
303 1903 516 1974 Magna.
550 1905 735 1977 Neque
761 1907 905 1962 enim
932 1909 1176 1965 converti
1201 1909 1272 1964 ab
1300 1911 1692 1982 iniquitatibus,

67 1994 202 2050 satis
231 2006 321 2052 est
355 1996 424 2052 ad
470 1998 591 2054 illas
619 2000 905 2056 solvendas
933 2019 946 2055 :
975 2002 1018 2057 si
1046 2012 1228 2058 autem
1266 2003 1334 2058 ad
1377 2005 1693 2060 solvendqu

67 2102 178 2141 non
228 2087 477 2157 sufﬁcit,
522 2091 792 2161 quomodo
838 2092 1274 2148 benedictionem
1310 2094 1439 2150 dare
1487 2095 1695 2165 possit?

66 2178 260 2250 Neque
285 2181 436 2236 enim
463 2183 555 2253 qui
605 2183 804 2253 injuste
847 2185 989 2255 egit,
1031 2187 1142 2256 jam
1183 2186 1565 2252 benedicitur,
1596 2188 1692 2243 sed

68 2280 423 2338 peccatorum
467 2275 844 2331 remissionem
871 2278 1088 2347 accipit.
1121 2277 1251 2334 Illud
1281 2290 1463 2335 autem
1489 2321 1504 2346 ,
1540 2279 1690 2334 Tant-

63 2381 226 2431 quam
253 2381 356 2429 me,
387 2366 491 2422 nisi
514 2369 811 2423 secundum
834 2367 1191 2439 legislationis
1217 2371 1436 2427 modum
1467 2372 1695 2442 accipia-

66 2465 154 2510 tur
176 2499 194 2523 ,
230 2457 439 2513 nullam
471 2468 649 2529 potest
671 2460 936 2517 rationem
966 2462 1188 2519 habere.
1219 2461 1402 2535 Ipsum
1432 2467 1651 2521 audietis
1673 2507 1690 2534 ,

65 2549 275 2619 inquit:
307 2567 485 2620 neque
512 2553 847 2624 simpliciter,
876 2555 1117 2619 sed,Erit
1142 2561 1308 2615 omnis
1336 2562 1511 2616 anima
1533 2604 1550 2630 ,
1578 2579 1694 2633 qua:

63 2657 168 2695 non
214 2643 446 2698 audierit
481 2647 781 2715 prapltetam
796 2648 964 2715 illum,
987 2653 1407 2708 exterminabitur
1442 2655 1507 2710 de
1525 2657 1688 2725 plebe.

62 2732 303 2797 Quando
344 2733 466 2789 illos
516 2746 826 2805 peccatores
860 2741 1142 2808 ostendit,
1195 2743 1433 2816 ipsisque
1475 2748 1688 2803 veniam

62 2824 219 2879 dedit
244 2867 261 2892 ,
291 2825 543 2898 bonaque
575 2831 856 2898 promisit;
887 2841 1016 2888 tunc
1054 2836 1295 2892 ostendit
1319 2838 1556 2910 Moysem
1588 2841 1691 2896 hoc

65 2916 248 2984 ipsum
288 2916 512 2973 dixisse.
560 2919 625 2975 Et
669 2935 913 2992 quamam
959 2924 1077 2981 hmo
1128 2933 1512 3000 consequentia
1563 2945 1687 3001 est,

67 3006 248 3078 Usque
273 3009 346 3062 ad
382 3019 616 3081 tempora
653 3014 1018 3082 restitutionis;
1045 3028 1101 3074 et
1143 3018 1402 3077 inducere
1445 3023 1685 3096 Moysen!

63 3100 370 3169 dicentem,
397 3117 493 3158 eos
519 3106 701 3161 omnia
725 3148 742 3173 ,
775 3124 896 3177 qua:
918 3109 1063 3165 dicet
1090 3109 1338 3169 Christus
1361 3157 1377 3182 ,
1405 3116 1688 3175 audituros

63 3209 188 3251 esse
212 3213 229 3261 ;
263 3211 442 3268 neque
467 3200 789 3271 simpliciter
811 3242 826 3267 ,
855 3203 950 3258 sed
977 3219 1100 3260 cum
1131 3207 1356 3263 terribili
1385 3211 1684 3267 commina-

67 3289 264 3344 tione?
293 3289 483 3361 Magna
515 3311 527 3346 :
556 3295 795 3350 ostendit
822 3297 966 3352 enim
1012 3308 1066 3355 et
1099 3312 1320 3370 propter
1359 3302 1462 3374 hoc
1492 3307 1568 3360 illi
1595 3307 1686 3363 ob-

66 3382 366 3450 temperari
403 3387 679 3452 oportere.
713 3384 852 3453 Quid
890 3397 974 3444 est
999 3429 1014 3455 ,
1059 3389 1188 3445 Filii
1228 3395 1593 3464 prophetarum
1638 3408 1686 3454 et

65 3473 404 3527 testanienti?
435 3474 689 3534 [heredes
714 3520 730 3551 ,
771 3495 1137 3538 successores.
1167 3483 1223 3540 Si
1263 3501 1394 3558 ergo
1424 3489 1556 3556 ﬁlii,
1586 3507 1686 3548 cur

63 3580 193 3634 erga
221 3580 314 3621 res
339 3576 577 3634 vestras,
606 3579 666 3624 ut
688 3585 814 3643 erga
842 3574 1080 3643 alienas,
1108 3577 1285 3635 εσθαι
1316 3581 1487 3638 estis?
1519 3584 1685 3654 Igitur

63 3658 419 3714 accusatione
463 3660 683 3729 quidem
725 3663 882 3735 digna
927 3667 1174 3737 fecistis;
1221 3674 1465 3742 poteritis
1501 3685 1681 3733 tantum

64 3748 284 3802 veniam
315 3751 596 3822 consequi.
626 3753 829 3811 Deinde
855 3767 1140 3829 postquam
1163 3761 1278 3820 haec
1301 3764 1532 3836 dixerat,
1557 3768 1682 3837 jure

64 3842 257 3912 adjicit
286 3859 301 3897 :
346 3841 499 3898 Vobis
534 3845 670 3900 misit
708 3846 845 3904 Deus
886 3850 935 3904 F
937 3853 1082 3908 ilium
1120 3871 1270 3910 suum
1310 3857 1682 3916 benediceutem

63 3948 174 3987 ses.
208 3931 330 3988 Non
375 3935 526 4002 dicit,
554 3935 894 4011 Servantem,
924 3943 1042 4013 sed,
1070 3946 1215 4017 quod
1242 3951 1416 4018 majus
1443 3961 1547 4017 est,
1577 3951 1678 4008 Bo-

65 4029 425 4097 uedicentem;
450 4032 746 4088 ostendens
785 4035 1101 4094 cruciﬁxum
1141 4039 1548 4100 benedicturum
1583 4063 1680 4104 eos

64 4134 230 4186 esse,
279 4121 372 4191 qui
416 4137 476 4176 se
514 4123 922 4184 cruciﬁxcrunt.
971 4129 1126 4187 Hunc
1176 4148 1305 4205 ergo
1337 4151 1437 4193 nos
1464 4153 1680 4210 quoque

65 4215 349 4270 imitemur
379 4233 395 4270 :
421 4216 699 4286 cjiciamus
722 4221 957 4279 animam
986 4229 1386 4298 sanguinariam
1411 4243 1465 4291 et
1494 4237 1678 4292 inimi-

63 4323 208 4362 cam.
241 4308 362 4364 Non
407 4311 607 4368 sufﬁcit
641 4330 750 4370 non
791 4317 999 4375 ulcisci.
1033 4319 1144 4377 Hoc
1170 4333 1224 4379 et
1265 4325 1319 4380 in
1364 4332 1533 4384 veteri
1561 4331 1679 4403 lege

64 4399 270 4456 factum
298 4411 412 4469 est;
444 4403 542 4459 sed
565 4407 746 4462 omnia
771 4407 1030 4467 faciamus
1061 4429 1158 4484 pro
1187 4415 1274 4482 iis,
1307 4419 1398 4490 qui
1433 4437 1533 4477 nos
1578 4399 1674 4479 he-

63 4503 256 4548 serunt
278 4534 296 4560 ,
325 4495 478 4565 quasi
508 4511 609 4566 pro
645 4499 832 4556 amicis
860 4507 1135 4574 germanis
1159 4548 1174 4572 ,
1206 4510 1360 4580 quasi
1392 4527 1490 4583 pro
1519 4517 1676 4573 nobis

64 4584 224 4653 ipsis.
259 4583 415 4642 Illius
459 4587 757 4648 imitatores
797 4608 1023 4664 sumus,
1071 4597 1216 4657 illius
1259 4604 1542 4676 discipuli,
1582 4612 1674 4682 qui

63 4687 354 4747 postquam
389 4681 679 4741 cruciﬁxus
704 4686 824 4754 fuit,
856 4690 1036 4746 omnia
1058 4697 1228 4750 movit
1256 4714 1354 4767 pro
1380 4701 1466 4768 iis,
1493 4681 1674 4776 quise

60 4767 464 4837 cruciﬁxerant,
497 4777 843 4844 etapostolos
867 4781 1036 4840 misit.
1063 4786 1222 4856 Atqui
1249 4803 1350 4845 nos
1369 4767 1673 4864 sape-justi;

62 4861 334 4929 patimur;
366 4862 459 4920 ille
488 4881 614 4923 vero
651 4885 759 4926 non
796 4874 958 4930 modo
987 4877 1183 4948 injuste
1205 4923 1220 4948 ,
1254 4883 1348 4939 sed
1373 4895 1430 4943 et
1457 4861 1621 4960 impie
1653 4910 1668 4948 :

61 4953 468 5013 benefactorem
505 4962 650 5017 enim
673 5005 688 5030 ,
721 4965 813 5037 qui
855 4968 988 5025 nihil
1017 4985 1076 5028 se
1104 4974 1356 5047 laeserat,
1380 4953 1668 5042 cruciﬁxe-

62 5056 206 5101 runt.
249 5045 405 5145 Cur?
426 5049 513 5106 die
549 5052 682 5110 mihi
707 5075 729 5115 ι
755 5058 945 5127 gloria:
980 5067 1182 5120 causa?
1228 5045 1401 5141 Atqui
1431 5075 1545 5145 ipse
1573 5092 1674 5134 eos.

63 5136 272 5194 honore
287 5135 577 5198 afﬁciebat.
595 5145 920 5213 Quomodo?
947 5151 1121 5225 Super
1144 5135 1664 5238 cathedram-Moysi,

61 5230 267 5304 inquit,
307 5233 544 5290 sederunt
578 5240 757 5296 εει-ἰὸς
791 5254 839 5298 et
879 5244 1152 5304 Pharistei.
1184 5252 1370 5309 Omnia
1410 5276 1530 5330 ergo
1554 5230 1670 5333 qum

61 5325 232 5379 dicunt
261 5326 403 5381 vobis
430 5341 483 5384 ut
511 5333 748 5403 faciatis,
781 5338 936 5406 facile
954 5357 974 5395 :
1012 5347 1287 5402 secundum
1316 5325 1485 5421 operat
1499 5325 1666 5412 autem

57 5416 266 5508 illorum
292 5420 448 5476 nolite
469 5424 641 5492 facere
663 5429 876 5501 (Matth.
904 5434 995 5491 25.
1024 5436 1080 5494 2.
1105 5439 1182 5508 5);
1205 5450 1260 5497 et
1279 5416 1468 5500 rursus
1495 5449 1622 5505 alibi
1647 5469 1660 5505 :

70 5507 206 5566 Vade
228 5527 249 5566 :
269 5514 479 5570 ostende
516 5526 564 5574 te
586 5523 838 5578 sacerdoti
872 5525 994 5595 (ld.
1021 5527 1075 5586 8.
1096 5532 1129 5586 4
1158 5531 1197 5603 ).
1234 5535 1300 5588 Et
1335 5551 1456 5592 cum
1481 5551 1665 5609 posset

59 5601 178 5660 illos
223 5605 492 5676 perdere,
532 5615 802 5673 servabat.
849 5617 1005 5676 llunc
1049 5601 1210 5694 igitur
1259 5601 1569 5702 imitemur,
1610 5645 1666 5692 et

57 5710 217 5843 gemo
235 5702 537 5776 cuiuspiam
564 5708 632 5765 sit
647 5710 918 5784 inimicus,
935 5732 1110 5788 neque
1125 5718 1314 5792 hostis,
1332 5724 1433 5782 nisi
1459 5737 1663 5788 tantum

91 5789 272 5843 iaboli.

91 5789 272 5850 iaboli.

1891 433 1944 489 5.
1975 435 2458 508 Adrersusjuraudi
2484 444 3131 503 consuetudinem—Non
3162 463 3350 520 parum
3365 454 3431 507 ad

1818 524 1921 582 hoc
1961 528 2173 584 confert
2216 531 2382 586 etiam
2414 547 2520 588 non
2544 533 2751 604 jurarc,
2792 547 2846 591 et
2886 553 2993 592 non
3023 539 3203 595 irasci.
3232 540 3290 597 Si
3323 557 3431 597 non

1816 619 2144 690 irascamur,
2175 639 2354 695 neque
2380 626 2660 683 inimicum
2684 629 3025 687 habebimus.
3049 634 3326 691 Abscinde
3364 637 3434 691 ab

1815 709 2038 768 homine
2055 713 2448 784 juramentum,
2478 725 2535 773 et
2565 719 2660 774 ira:
2708 721 2824 775 alas
2869 724 3144 790 excidisti,
3175 726 3434 798 illamque

1816 811 1983 857 totam
2013 805 2345 862 exstinxisti.
2374 807 2471 864 Est
2495 811 2640 865 enim
2685 812 2825 867 sicut
2857 825 3050 870 ventus
3100 817 3181 872 ira
3209 818 3430 889 etjura-

1813 907 2059 952 mentum
2095 898 2110 930 ⁸
2145 916 2159 952 :
2192 899 2420 957 demitte
2449 903 2588 965 vela.
2619 905 2766 959 nulla
2791 906 2894 961 veli
2927 908 3132 964 utilitas
3153 953 3169 978 ,
3199 911 3243 965 si
3287 912 3432 968 desit

1812 1000 2026 1047 ventus.
2056 991 2113 1048 Si
2141 1008 2272 1064 ergo
2298 1009 2400 1050 nec
2423 996 2672 1066 juremns
2695 1015 2797 1055 nec
2820 1000 3147 1067 clamemus,
3179 1005 3273 1060 ira:
3295 1022 3425 1062 ner-

1810 1097 1908 1138 vos
1945 1084 2294 1142 succidimus.
2338 1087 2396 1143 Si
2419 1104 2550 1144 vero
2581 1108 2687 1145 non
2716 1093 2962 1158 creditis.
2999 1097 3300 1166 periculum
3346 1101 3427 1155 rei

1809 1174 1987 1242 facile,
2010 1185 2064 1231 et
2099 1192 2214 1232 rem
2245 1179 2324 1234 sic
2352 1194 2413 1234 se
2440 1179 2645 1237 habere
2684 1188 3053 1255 cognoscetis.
3086 1188 3287 1261 Legem
3315 1192 3426 1247 ira-

1809 1266 1988 1321 Cnndo
2016 1283 2180 1336 pone,
2205 1278 2264 1325 ut
2291 1286 2360 1327 ne
2382 1288 2640 1344 umquam
2668 1275 2837 1346 juret,
2865 1287 2920 1334 et
2945 1293 3052 1336 non
3096 1297 3234 1353 opus
3259 1283 3427 1341 babe-

1810 1356 1891 1411 bis
1918 1375 2038 1413 cum
2061 1360 2150 1416 illo
2170 1361 2239 1417 de
2261 1366 2673 1423 mansuetudine
2720 1371 3032 1427 sermonem
3072 1372 3296 1431 habere.
3328 1375 3421 1433 Sic

1809 1457 1978 1504 totum
2011 1451 2306 1520 perfectum
2331 1455 2464 1523 erit;
2507 1467 2562 1512 et
2592 1474 2690 1513 nec
2721 1461 3056 1532 pejcrabitis,
3088 1480 3190 1520 nec
3211 1466 3426 1536 jurabl-

1806 1535 1875 1596 tis
1924 1545 2164 1601 omnino.
2214 1545 2466 1614 Nescitis,
2515 1552 2567 1604 in
2600 1563 2804 1621 quanta
2854 1555 3093 1613 absurda
3146 1575 3244 1616 vos
3294 1561 3421 1618 inde

1805 1634 2157 1703 conjiciatis?
2213 1637 2448 1696 Necesse
2477 1643 2622 1696 enim
2641 1653 2746 1713 est,
2795 1653 2853 1700 ut
2900 1648 3117 1704 vinculo
3143 1665 3241 1705 vos
3280 1666 3422 1708 con-

1805 1728 2105 1796 stringatis,
2133 1738 2187 1783 et
2211 1745 2430 1787 omnem
2460 1734 2766 1790 machinam
2809 1737 3114 1795 adhibeatis
3137 1782 3152 1808 ,
3188 1751 3244 1797 ut
3266 1743 3420 1813 quasi

1803 1831 1867 1871 ex
1900 1820 2194 1876 inevitabili
2221 1825 2474 1893 quoliiam
2501 1827 2645 1889 malo
2663 1828 2901 1884 animam
2925 1821 3192 1902 eripiatis;
3218 1834 3420 1892 deinde

1804 1925 1952 1978 vero,
1981 1912 2027 1967 si
2053 1928 2159 1968 non
2183 1915 2422 1984 possitis,
2453 1917 2504 1971 in
2533 1918 2742 1985 dolore,
2775 1923 2926 1987 rixis,
2949 1925 3421 1982 exsecrationibus

1801 2003 2044 2072 degetis;
2077 2005 2172 2060 sed
2203 2008 2384 2064 omnia
2439 2007 2636 2065 frustra
2685 2011 2902 2070 cedent.
2962 2013 3132 2084 Igitur
3181 2019 3418 2085 minare,

1803 2096 2125 2163 prmscribc.
2181 2099 2362 2154 omnia
2415 2100 2534 2156 sine
2577 2102 2892 2170 juramento
2943 2105 3127 2163 facito.
3182 2107 3418 2165 Licctet

1801 2186 1942 2241 dicta
1963 2196 2017 2242 et
2045 2187 2186 2244 facta
2203 2191 2502 2258 resolvere,
2532 2197 2578 2249 si
2607 2195 2867 2251 volueris.
2888 2197 2980 2255 Sic
3002 2197 3169 2257 hodie
3185 2217 3414 2260 necesse

1799 2288 1904 2345 est,
1935 2291 1992 2335 ut
2021 2282 2173 2338 vobis
2200 2287 2533 2341 mansuetius
2565 2287 2870 2358 loquamur.
2898 2290 3038 2358 Quia
3055 2294 3416 2351 enim‘audis-

1801 2371 1889 2436 tis,
1919 2388 2111 2443 magna
2144 2391 2268 2444 pars
2297 2378 2376 2433 rei
2405 2392 2434 2431 a
2458 2378 2614 2434 vobis
2638 2379 2878 2450 perfecta
2907 2394 3012 2440 est.
3039 2387 3154 2458 Age
3183 2387 3254 2445 de
3281 2390 3414 2445 reli-

1798 2480 1926 2534 quo,
1955 2481 2054 2520 cur
2059 2465 2426 2536 juramentum
2451 2470 2721 2528 invectum
2751 2485 2857 2542 est,
2887 2485 2942 2532 et
2966 2493 3066 2534 cur
3084 2478 3382 2536 admissum
3401 2525 3415 2546 .

1797 2556 2060 2613 dicamus.
2094 2559 2428 2619 Enarrantes
2484 2565 2760 2634 quomodo
2802 2568 2979 2638 primo
3003 2577 3184 2628 ortum
3216 2575 3324 2640 sit,
3356 2585 3413 2630 et

1797 2650 2016 2720 quando
2063 2659 2119 2708 ct
2147 2667 2176 2707 a
2203 2654 2551 2724 quibusnam,
2602 2658 2975 2730 obsequentia
3028 2673 3226 2719 vestra:
3268 2665 3417 2722 vices

1802 2744 2184 2812 rependamus.
2214 2746 2367 2802 lllum
2390 2749 2558 2815 enim,
2588 2752 2678 2821 qui
2709 2761 2859 2810 recte
2883 2755 3016 2825 agit,
3050 2771 3275 2814 necesse
3320 2770 3407 2816 est

1801 2836 2175 2905 phiIOSOphari
2209 2856 2223 2892 :
2261 2839 2353 2910 qui
2384 2841 2625 2895 nondum
2656 2844 2782 2900 talis
2799 2853 2904 2911 est,
2937 2861 3038 2902 nec
3065 2845 3265 2919 dignus
3304 2851 3412 2908 erit

1795 2928 1885 2997 qui
1915 2929 2116 2985 audiat.
2159 2930 2312 2986 Fecit
2337 2933 2468 2986 olim
2499 2944 2655 3003 pacta
2677 2936 2850 2993 multa
2878 2938 3179 3007 Abraham,
3209 2951 3266 2998 et
3288 2943 3404 2998 vic-

1796 3017 1956 3072 timas
1988 3019 2312 3088 immolavit,
2344 3021 2660 3096 bestiasque
2685 3026 2901 3094 obtulit,
2925 3044 2990 3085 ac
3016 3031 3258 3087 nondum
3289 3043 3415 3090 erat

1789 3107 2186 3175 juramentum.
2219 3111 2376 3178 Unde
2403 3129 2534 3185 ergo
2556 3117 2926 3186 juramentum
2964 3130 3144 3178 ortum
3169 3123 3358 3180 habuit
3384 3127 3412 3182 ?

1795 3199 2025 3268 Quando
2063 3213 2219 3259 aucta
2251 3215 2377 3261 sunt
2402 3207 2566 3275 mala,
2590 3211 2809 3281 quando
2853 3217 3036 3271 omnia
3087 3231 3182 3272 sus
3227 3218 3411 3289 deque

1796 3294 1937 3348 facta
1959 3305 2106 3364 sunt,
2139 3298 2357 3368 quando
2381 3300 2448 3355 ad
2480 3301 2840 3360 idololatriam
2864 3307 3227 3366 declinarunt.
3251 3311 3407 3369 Tunc

1792 3401 1944 3456 ergo,
1975 3399 2124 3457 tunc,
2148 3405 2270 3447 cum
2295 3392 2561 3449 increduli
2608 3411 2831 3466 prorsus
2865 3411 3073 3469 essent,
3109 3403 3279 3459 Deum
3313 3405 3410 3461 ad-

1791 3479 2054 3536 vocabant
2077 3490 2291 3549 testcm,
2324 3485 2477 3555 quasi
2496 3485 2720 3557 dignum
2746 3489 3014 3547 dictorum
3037 3493 3414 3566 ﬁdejussorem

1789 3570 2001 3626 dantes.
2039 3573 2152 3629 [loc
2179 3575 2324 3630 enim
2355 3586 2441 3633 est
2464 3579 2874 3649 juramentum,
2893 3582 3193 3654 ﬁdejussio,
3220 3589 3309 3642 ubi
3339 3589 3414 3644 ob

1790 3677 2003 3718 morum
2049 3667 2456 3738 corruptionem
2480 3671 2613 3728 ﬁdes
2631 3689 2738 3730 non
2763 3675 3011 3732 habetur.
3063 3678 3250 3751 Itaque
3305 3682 3411 3738 hoc

1792 3756 2025 3824 primum
2050 3759 2257 3815 crimen
2303 3761 2538 3831 jurantis
2560 3777 2664 3832 est,
2689 3768 2736 3823 si
2766 3784 2876 3825 non
2905 3773 3158 3829 credatur
3189 3777 3308 3832 sine
3337 3777 3406 3832 ﬁ-

1789 3849 2096 3919 dcjussore,
2130 3861 2187 3908 et
2213 3870 2410 3927 magno
2433 3859 2787 3930 ﬁdejussore:
2820 3867 2946 3935 quia
2977 3869 3124 3924 enim
3164 3870 3307 3926 nulla
3341 3871 3408 3927 fl-

1787 3940 1886 3997 des
1932 3941 2182 4011 habetur,
2217 3963 2326 4002 non
2358 3947 2636 4008 hominem
2670 3957 2956 4027 requirunt
2985 3960 3360 4032 lidcjussorem
3387 4007 3404 4031 ,

1786 4034 1884 4089 sed
1941 4035 2133 4092 Deum.
2163 4037 2439 4110 Secundo,
2473 4045 2667 4100 eadem
2692 4063 2911 4120 quoque
2937 4052 3096 4124 culpa
3123 4065 3208 4111 est
3236 4057 3357 4128 ejus
3386 4101 3403 4128 ,

1785 4127 1876 4196 qui
1901 4128 2268 4198 juramentum
2301 4135 2512 4205 recipit,
2541 4138 2586 4193 si
2610 4138 2663 4192 in
2693 4141 2863 4209 paetis
2891 4143 3062 4200 Deum
3084 4146 3154 4202 ad
3179 4127 3404 4219 ﬁdéjusé

1786 4220 1995 4277 sionem
2025 4223 2223 4292 trahat,
2242 4234 2300 4281 et
2327 4226 2472 4282 dicat
2497 4245 2604 4284 non
2636 4230 3004 4290 discessurum
3034 4252 3095 4294 se
3119 4239 3224 4295 nisi
3248 4241 3403 4298 illum

1783 4313 2032 4383 accipiat.
2063 4315 2109 4371 Ο
2139 4317 2412 4389 ingentem
2457 4321 2866 4392 stupiditateml
2896 4343 2930 4384 o
2956 4333 3342 4390 contumeliam
3378 4336 3395 4390 l

1787 4403 2016 4472 Vermis,
2048 4415 2192 4462 terra
2222 4418 2276 4464 et
2303 4410 2443 4466 cinis
2489 4427 2614 4468 cum
2642 4416 2716 4471 sis
2745 4425 2908 4489 atque
2949 4419 3152 4486 fumus,
3213 4425 3395 4481 Domi-

1783 4511 1911 4550 num
1947 4506 2097 4552 tuum
2133 4501 2304 4557 trahis
2334 4502 2400 4557 a'd
2431 4503 2838 4575 ﬁdejussionem
2871 4521 2927 4566 et
2953 4512 3106 4568 illum
3138 4518 3399 4587 cogisac-

1781 4590 2001 4658 cipere?
2032 4591 2128 4646 Dic
2150 4594 2304 4660 mihi,
2336 4596 2381 4649 si
2412 4599 2587 4653 servis
2608 4601 2806 4656 vestris
2832 4604 2973 4661 inter
2991 4621 3050 4662 se
3069 4608 3398 4680 rixantihus,

1782 4696 1883 4736 nec
1906 4682 2008 4738 sibi
2043 4693 2233 4741 mutuo
2260 4688 2633 4761 credentibus,
2679 4693 2887 4752 diceret
2932 4713 3236 4757 conservus
3287 4720 3403 4761 non.

1779 4771 2165 4831 discedendum
2189 4793 2314 4835 esse
2342 4779 2516 4837 donec
2546 4787 2855 4842 communis
2884 4788 3142 4849 dominus
3167 4794 3400 4864 ﬁdcjus-

1779 4880 1871 4923 sor
1889 4867 2204 4936 accederet;
2233 4887 2414 4928 annon
2437 4875 2588 4932 mille
2607 4878 2793 4950 plagas
2811 4883 3104 4953 acciperet,
3135 4897 3194 4941 ut
3222 4888 3398 4946 disce-

1778 4967 1862 5012 set
1913 4958 2135 5016 domino
2163 4962 2231 5017 ad
2254 4964 2381 5032 alia,
2417 4982 2524 5021 non
2556 4969 2626 5023 ad
2655 4969 2774 5026 haec
2799 4973 2874 5028 uti
2902 4980 3202 5046 oportere?
3255 4981 3409 5049 Quid

1776 5048 1900 5105 dico
1925 5065 2250 5108 conservum
2273 5053 2299 5108 i
2325 5072 2451 5110 nam
2474 5059 2520 5113 si
2551 5060 2726 5116 virum
2785 5067 3245 5126 venerabiliorem
3289 5075 3394 5128 eli-

1775 5153 1963 5214 geret,
1994 5160 2176 5201 annon
2205 5146 2259 5202 id
2286 5147 2380 5204 ille
2405 5165 2504 5220 pro
2529 5155 2861 5213 contumelia
2891 5157 3114 5216 haberet
3142 5163 3166 5216 ?
3198 5165 3264 5217 At
3291 5181 3407 5236 ego;

1778 5238 1928 5304 nolo,
1959 5238 2194 5309 inquies.
2226 5241 2396 5299 Recte
2424 5261 2438 5298 :
2481 5260 2614 5316 ergo
2644 5264 2822 5320 neque
2851 5251 3004 5308 illum
3026 5270 3190 5327 cogas
3222 5276 3235 5313 :
3265 5274 3394 5315 nam

1774 5329 1879 5387 hoc
1908 5332 1969 5387 ﬁt
1993 5332 2157 5389 etiam
2176 5335 2319 5407 apud
2339 5338 2588 5396 homines
2606 5383 2622 5410 ,
2646 5342 2692 5397 si
2714 5342 2836 5414 quis
2863 5344 3101 5417 dixerit,
3127 5349 3279 5406 Illum
3311 5360 3393 5406 ta-

1841 5466 2225 5551 :{uxta‘Sa‘viL
2251 5472 2524 5551 legendum
2549 5485 2705 5535 esset.
2735 5483 2818 5531 Est
2855 5480 2986 5551 enim
3014 5484 3158 5551 quasi
3181 5486 3405 5551 spiritus-

1774 5526 1866 5600 iraz
1883 5528 2242 5605 juramentum.
2283 5526 2414 5605 Haec
2443 5552 2595 5600 porro
2617 5526 3386 5605 '.56n'ﬁir6iii"i'niﬁigiii'siliiii

1767 5591 2052 5668 iuramenta
2078 5591 2202 5643 dicit
2228 5609 2343 5668 esse
2371 5591 2475 5668 ala‘s
2502 5607 2555 5668 et
2584 5603 2693 5668 vela
2729 5591 2833 5665 irae,
2857 5591 3396 5668 quiimislibiaiiéim

1774 5654 1997 5736 toll-itur;
2019 5655 2304 5736 iuramenta
2317 5661 2621 5736 ⁸εειιὶιιινίηςιιί
2662 5654 2838 5736 ιειξιιιιίΔ
2862 5654 2918 5718 ἐι
2937 5654 3383 5736 'iiilafiigébémi

1774 5714 1959 5788 verum
1983 5723 2040 5788 ut
2061 5714 2427 5788 in__Pr:efa_li_oue
2455 5723 2693 5788 diximus,
2719 5724 2766 5776 in
2793 5714 2929 5780 hisce
2950 5714 3384 5788 ιιῖιῶίιῖίξῖιῖὧῖέ

1771 5784 1887 5855 sunt
1921 5777 2227 5855 reticentiaﬁ
2251 5784 2331 5855 ubi
2377 5798 2460 5835 res
2484 5777 2927 5855 itaenunliautur,
2950 5777 3242 5848 ﬁliisﬁliis
3266 5777 3400 5851 abii»

1773 5838 1944 5891 labore
1978 5848 2037 5890 ct.
2066 5841 2393 5898 meditatione
2429 5850 2671 5917 explicari
2699 5838 2908 5914 possint.
