4054 6438
665 411 739 471 as
1444 401 1499 456 s.
1538 398 1812 454 tos-ams
1847 383 2327 448 cuursosrout
2368 389 2686 448 ancumr.
2729 392 3261 450 CONSTANTINOP.
3891 395 3946 446 ει

668 528 772 581 lein
801 525 872 579 do
921 521 1309 591 fidejussorem,
1339 526 1394 570 ιιι
1421 530 1526 569 non
1564 509 1847 582 permittis.
1876 502 2198 574 Quid'igitur
2225 500 2249 554 τ

668 617 902 686 inquies,
936 613 1225 683 perdamne
1244 608 1385 679 quod
1429 604 1597 662 dedi?
1634 601 1751 656 Non
1798 600 1901 654 hoc
1951 596 2072 650 dico
2104 610 2119 656 ;
2155 591 2250 646 sed

672 722 868 778 queror
898 704 1040 776 quod
1072 703 1236 758 Deum
1258 700 1462 754 afficias
1503 689 2125 787 contumelia-ideoque
2158 701 2202 787 ts
2233 726 2248 750 ,

663 799 755 868 qui
784 797 962 868 cogit,
999 792 1356 850 inevitabilius
1385 786 1704 859 supplicium
1725 781 1963 848 habebit,
1989 781 2246 877 quam-is,

661 889 752 959 qui
779 888 925 958 jurat
949 904 962 940 :
986 886 1338 952 similiterque
1367 881 1434 944 is,
1461 878 1549 948 qui
1591 877 1805 930 nemine
1829 869 2133 959 postulante
2156 869 2246 936 ju-

665 957 1044 1047 rat.Quodque
1081 974 1296 1045 gravius
1320 978 1424 1036 est,
1476 966 1668 1036 singuli
1701 963 1786 1020 vel
1825 978 1919 1031 pro
1949 975 2054 1015 uno
2084 957 2248 1012 obolo

665 1069 865 1137 iurant,
895 1082 992 1136 pro
1014 1079 1172 1135 parva
1201 1078 1278 1128 re,
1310 1075 1408 1130 pro
1433 1058 1718 1130 iniustitia.
1761 1056 1887 1110 Htec
1915 1067 2067 1118 vero,
2123 1065 2242 1105 cum

665 1159 782 1212 sine
804 1156 1036 1227 perjurio
1075 1155 1288 1224 agitur:
1341 1165 1462 1206 nam
1519 1149 1565 1204 si
1619 1145 1908 1218 perjurium
1951 1151 2244 1212 sequatur,

664 1250 840 1303 omnia
865 1261 957 1302 sus
985 1245 1160 1315 deque
1203 1251 1506 1306 vertuntur,
1529 1250 1586 1296 et
1617 1240 1670 1294 in
1697 1251 1859 1294 causa
1885 1243 2010 1291 sunt
2043 1245 2148 1287 tam
2203 1233 2246 1286 is

664 1342 753 1412 qui
775 1340 1001 1411 accepit,
1028 1354 1187 1410 quam
1216 1337 1262 1392 is
1289 1338 1380 1408 qui
1408 1335 1577 1390 dedit.
1606 1335 1693 1399 At,
1742 1332 1970 1402 inquies,
2000 1327 2244 1400 quaedam

661 1441 786 1488 sunt
809 1447 927 1502 qua:
956 1432 1288 1502 ignorantur.
1317 1429 1513 1483 Verum
1541 1426 1655 1481 haec
1685 1425 1729 1479 si
1755 1421 2077 1493 praevidens,
2113 1418 2244 1474 nihil

660 1538 861 1578 temere
883 1523 1046 1578 facies
1074 1540 1087 1576 :
1116 1522 1160 1576 si
1184 1520 1310 1592 quid
1339 1534 1469 1575 vero
1496 1517 1826 1587 negligenter
1855 1527 1980 1585 agas
2004 1555 2019 1580 ,
2051 1528 2080 1567 a
2105 1512 2243 1581 teip-

659 1630 720 1667 ιιι)
751 1627 936 1682 ρωιιιιε
983 1613 1157 1681 exige.
1206 1609 1395 1672 Melius
1420 1615 1505 1664 est
1542 1607 1620 1662 sic
1640 1607 1840 1662 damno
1869 1603 2033 1669 affici,
2083 1617 2244 1674 quam

658 1704 764 1757 alio
795 1703 974 1758 modo.
1006 1703 1103 1758 Die
1123 1702 1266 1758 enim
1289 1701 1439 1766 mihi,
1477 1700 1645 1755 trahis
1665 1700 1973 1770 quempiam
2001 1697 2067 1751 ad
2088 1697 2243 1767 jura-

659 1805 928 1860 mentum,
967 1793 1092 1864 quid
1119 1792 1482 1862 exepectans?
1521 1806 1647 1846 num
1671 1790 1815 1861 quod
1853 1789 2098 1860 pejeret?
2139 1786 2244 1843 Sed

660 1887 764 1942 hoc
789 1897 1043 1942 extremae
1068 1894 1152 1941 est
1183 1885 1536 1955 insipientize;
1597 1885 1650 1938 in
1701 1892 1862 1953 caput
1915 1892 2062 1936 tuum
2111 1879 2243 1934 ultio

661 1986 902 2033 vertetur
931 1995 944 2031 :
983 1977 1174 2032 melius
1201 1984 1318 2032 erat
1348 1975 1604 2046 pecunias
1648 1982 1772 2028 tuas
1814 1973 1990 2041 perire
2014 2011 2031 2038 ,
2081 1985 2241 2041 quam

659 2068 829 2123 illum.
861 2066 967 2122 Cur
1007 2069 1109 2123 hoc
1136 2067 1202 2121 ad
1231 2065 1487 2121 damnum
1535 2073 1684 2120 tuum
1709 2073 1766 2120 et
1815 2063 1908 2118 Dei
1957 2071 2240 2117 contume-

662 2160 788 2214 liam
819 2159 996 2214 facis?
1023 2160 1149 2215 [hec
1197 2161 1374 2213 anima
1424 2159 1551 2212 fera:
1581 2168 1662 2213 est
1689 2165 1743 2212 et
1779 2155 1926 2225 impii
1967 2155 2087 2208 viri.
2135 2153 2242 2209 Sed

657 2268 837 2322 spero,
869 2248 1017 2307 illum
1051 2267 1156 2307 non
1185 2251 1549 2322 peieraturum
1576 2263 1719 2305 esse.
1748 2249 1889 2318 Ergo
1910 2247 2071 2302 etiam
2114 2245 2234 2300 sine

654 2348 957 2418 juramento
981 2344 1165 2401 crede.
1199 2340 1304 2400 Sed
1351 2344 1502 2397 multi
1539 2352 1684 2406 sunt,
1719 2340 1949 2410 inquies,
2002 2339 2094 2408 qui
2129 2353 2234 2391 non

652 2440 811 2509 jnrati
844 2437 1091 2493 fraudare
1119 2437 1315 2493 audent
1344 2478 1359 2503 ,
1387 2437 1551 2506 jurati
1597 2449 1775 2490 secus.
1809 2433 2063 2503 Teipsunt
2095 2432 2240 2486 deci-

655 2532 756 2601 pis,
788 2547 822 2585 o
850 2531 1030 2584 homo.
1062 2530 1164 2596 Qtti
1191 2529 1353 2583 furari
1377 2538 1432 2585 et
1458 2529 1761 2597 proximum
1789 2525 1988 2582 laedere
2014 2524 2201 2579 didicit
2221 2566 2236 2590 ,

653 2623 1170 2692 sa-pejuramentum
1199 2621 1359 2676 etiam
1391 2619 1755 2684 conculcabit;
1784 2618 1828 2672 si
1857 2625 2033 2671 autem
2060 2617 2241 2686 jurare

657 2723 929 2778 vereatur,
976 2713 1150 2766 multo
1187 2711 1355 2780 magis
1388 2710 1588 2779 injuste
1624 2724 1781 2779 agere
1809 2707 2096 2763 verebitur.
2136 2705 2240 2761 Sed

657 2805 854 2860 invitus
883 2804 984 2859 hoc
1012 2805 1208 2873 patitur
1230 2804 1258 2855 ἰν
1284 2803 1422 2872 Ergo
1455 2803 1606 2855 venia
1653 2801 1863 2870 dignus.
1905 2799 2009 2854 Sed
2039 2800 2241 2854 relictis

653 2895 759 2950 illis
785 2894 1089 2949 forensibus
1108 2893 1449 2963 juramentis,
1473 2891 1600 2961 quid
1624 2890 1854 2944 dehisce
1881 2890 2052 2943 dicant
2075 2891 2097 2943 ?
2129 2890 2238 2943 Illic

652 2989 782 3042 nihil
806 2987 912 3043 tale
930 2987 1112 3042 dicere
1138 2994 1294 3055 potes
1324 3003 1336 3038 :
1370 3000 1490 3038 nam
1531 2999 1626 3054 pro
1661 2983 1847 3038 decem
1884 2983 2055 3037 obolis
2088 2982 2236 3052 jura-

652 3091 828 3134 menta
853 3080 984 3133 ﬁunt
1002 3089 1055 3133 et
1079 3077 1329 3149 pcrjuria.
1345 3076 1476 3143 Quia
1499 3074 1642 3128 enim
1667 3073 1862 3128 fulmen
1885 3088 2116 3143 superne
2133 3089 2236 3126 non

651 3172 898 3237 mittitur,
923 3171 1043 3240 quia
1068 3185 1174 3223 non
1204 3170 1381 3223 omnia
1406 3167 1931 3232 subvertttntur,stas
1960 3165 2122 3219 Deum
2145 3165 2240 3219 ob-

649 3263 935 3330 stringens.
953 3260 1064 3328 Qua
1092 3260 1160 3314 de
1184 3258 1368 3313 causa?
1395 3256 1463 3312 Ut
1484 3257 1647 3320 olera,
1673 3266 1730 3310 ut
1747 3256 1958 3310 calceos
1985 3256 2234 3324 accipias,

652 3370 749 3424 pro
778 3354 985 3408 modica
1008 3353 1230 3424 pecunia
1259 3353 1310 3406 in
1334 3360 1523 3406 testem
1554 3350 1702 3405 illum
1728 3349 1976 3405 advocas.
2000 3349 2094 3411 Nc,
2113 3350 2233 3419 quia

651 3465 755 3501 non
790 3448 1069 3517 plectimur
1096 3489 1110 3511 ,
1142 3455 1388 3514 putemus
1413 3460 1510 3499 nos
1540 3461 1646 3498 non
1676 3460 1898 3515 peccare
1924 3463 1936 3498 :
1965 3446 2065 3499 hoc
2095 3446 2230 3500 divi-

653 3551 735 3593 nz‘e
780 3539 1163 3594 misericordia:
1191 3547 1274 3592 est
1296 3579 1314 3605 ι
1342 3552 1446 3591 non
1490 3546 1686 3591 nostrae
1721 3537 1951 3591 virtutis.
1986 3537 2110 3590 Jura
2141 3553 2235 3607 per

653 3647 869 3700 puerum
905 3638 1050 3683 tuum
1084 3648 1096 3693 ;
1147 3630 1262 3697 jura
1292 3644 1388 3698 per
1420 3632 1646 3698 teipsum
1674 3646 1687 3692 ;
1719 3629 1803 3683 die
1838 3647 1849 3680 :
1883 3629 1968 3684 Sic
1989 3645 2054 3682 ne
2081 3631 2234 3684 lictor

653 3725 823 3776 adslcl
860 3722 1117 3775 lateribus
1141 3723 1293 3775 meis.
1333 3720 1440 3776 Sed
1472 3721 1646 3774 times.
1673 3719 1950 3774 Lateribus
1972 3736 2099 3789 ergo
2131 3722 2233 3774 tuis

652 3816 808 3868 vilior
837 3825 917 3869 est
949 3814 1106 3879 Deus,
1136 3824 1190 3866 et
1214 3815 1387 3881 capite
1437 3822 1527 3865 tuo
1551 3812 1809 3881 ahjectior
1830 3812 2054 3866 ‘?°Dicito
2085 3832 2094 3865 :
2145 3815 2234 3868 Sic

651 3920 716 3958 ne
745 3919 1002 3958 excmcer.
1044 3907 1113 3956 At
1163 3903 1413 3957 Christus
1448 3903 1520 3955 ita
1551 3902 1706 3956 nobis
1762 3906 1967 3969 parcit,
2004 3914 2059 3957 ιιι
2090 3913 2234 3958 vetet

650 3996 810 4046 etiam
859 4009 954 4062 per
983 3994 1259 4062 prOprium
1297 4002 1454 4061 caput
1485 3992 1668 4060 jurare
1699 4011 1712 4046 :
1745 4007 1843 4046 nos
1871 4008 1998 4047 vero
2028 3994 2096 4047 ita
2127 4009 2230 4048 non

651 4087 919 4154 parcimus
949 4086 1130 4155 gloria:
1154 4087 1243 4140 Dei
1263 4127 1276 4151 ,
1307 4095 1362 4138 ut
1389 4085 1581 4153 ubique
1601 4085 1774 4157 ipsum
1795 4085 2085 4138 lraltatnus.
2113 4087 2234 4141 Nes-

649 4177 789 4241 citis,
817 4176 939 4245 quid
962 4178 1027 4230 sit
1056 4177 1212 4239 Deus,
1241 4184 1295 4231 et
1325 4191 1429 4246 quo
1448 4191 1541 4230 ore
1564 4174 1909 4229 advocandus
1935 4175 2022 4229 sit.
2058 4175 2163 4230 Sed
2189 4178 2232 4231 si

652 4268 721 4321 de
741 4268 855 4321 viro
892 4269 1087 4321 virtute
1135 4267 1278 4320 claro
1324 4267 1638 4336 loquamur,
1682 4265 1909 4320 dicimus
1936 4308 1949 4333 ,
1991 4265 2133 4320 Lava
2173 4282 2235 4321 os

655 4369 834 4425 tutnn,
868 4369 920 4413 et
945 4359 1021 4412 sic
1042 4369 1440 4420 commemora;
1476 4373 1614 4412 nunc
1644 4373 1771 4412 vero
1817 4359 2108 4426 pretiosum
2141 4373 2235 4411 ao-

654 4467 775 4506 men
803 4494 815 4516 ,
851 4452 989 4520 quod
1019 4463 1101 4507 est
1127 4467 1287 4520 super
1314 4467 1473 4506 omne
1500 4468 1690 4507 nomen
1717 4496 1732 4520 ,
1767 4453 2013 4508 mirabile
2039 4457 2093 4507 in
2119 4454 2234 4507 lllli-

653 4558 801 4595 versa
831 4553 992 4608 terra,
1017 4542 1159 4611 quod
1187 4542 1466 4598 audientes
1495 4543 1768 4600 diemones
1818 4545 2230 4610 exhorrescunt,

655 4644 857 4688 temere
887 4636 1377 4689 circumtrahimus.

725 4725 774 4777 ti.
817 4726 858 4778 Ο
885 4727 1321 4781 Consuetudinem
1351 4730 1361 4780 !
1394 4728 1460 4782 ab
1483 4728 1569 4782 illa
1600 4730 1741 4784 enint
1772 4732 2099 4799 contemptui
2132 4741 2233 4785 est.

656 4820 794 4869 Sane
821 4819 862 4871 si
906 4819 955 4871 in
986 4821 1150 4873 sacris
1185 4821 1390 4874 tedibus
1417 4821 1578 4876 alicui
1619 4825 1994 4879 necessitatem
2023 4826 2235 4894 jurandi

658 4909 1012 4976 iiuposueris,
1048 4913 1115 4963 ita
1149 4913 1369 4966 allectus
1399 4928 1456 4967 es
1496 4929 1558 4968 ac
1593 4915 1635 4968 si
1669 4915 1992 4971 horrendum
2047 4919 2236 4974 ieceris

651 5001 1031 5069 juramentum.
1064 5004 1218 5073 Atqui
1241 5022 1336 5058 cur
1365 5016 1468 5060 tam
1503 5007 1825 5063 horrendum
1853 5011 2061 5065 videtur
2083 5028 2201 5066 esse
2220 5055 2233 5079 ,

657 5096 758 5149 nisi
781 5097 903 5165 quia
934 5098 1022 5150 illo
1040 5097 1248 5166 quidem
1276 5099 1428 5154 facile
1452 5103 1667 5166 utimur,
1702 5102 1803 5157 hoc
1825 5119 1952 5157 vero
1979 5105 2196 5159 minimc
2221 5108 2239 5158 ἱ)

657 5203 831 5242 annon
879 5188 1099 5244 horrere
1133 5201 1402 5258 oporteret
1441 5207 1560 5247 eum
1601 5196 1906 5250 nominatur
1948 5196 2130 5252 Deus?
2177 5200 2240 5251 At

660 5282 798 5348 apud
828 5281 1041 5336 Judreos
1073 5283 1144 5335 ita
1179 5287 1541 5341 venerandum
1563 5300 1677 5344 erat
1708 5305 1901 5344 nomen
1931 5291 2066 5360 ejus,
2097 5303 2150 5344 ut
2188 5293 2238 5345 in

660 5373 866 5426 laminis
905 5374 1298 5428 describerctur
1332 5378 1517 5447 (Exod.
1554 5381 1640 5434 '59.
1680 5380 1807 5450 ‘29),
1838 5391 1892 5436 et.
1938 5383 2136 5436 nemini
2181 5383 2244 5436 li-

657 5474 805 5519 ccrt-t
835 5465 1013 5520 literas
1041 5467 1166 5522 istas
1203 5469 1340 5521 lci-re
1363 5511 1377 5535 ,
1413 5471 1508 5522 nisi
1551 5471 1650 5524 soli
1683 5487 1893 5527 summo
1932 5474 2195 5528 sacerdoti
2223 5491 2236 5538 ;

660 5573 801 5611 nunc
838 5569 1014 5612 autem
1050 5569 1151 5612 tam
1198 5561 1350 5615 facile
1390 5550 1580 5616 nomen
1628 5564 1741 5633 ejus
1789 5566 2236 5620 circumferimus.

659 5650 714 5705 Si
743 5651 1056 5720 simpliciter
1077 5655 1354 5709 nominare
1389 5657 1550 5710 Deum
1575 5673 1679 5711 non
1711 5660 1960 5714 omnibus
1986 5661 2058 5714 las
2091 5672 2237 5729 erat;

664 5745 833 5808 ipsum
875 5745 926 5796 in
968 5752 1159 5799 testem
1187 5762 1376 5801 vocare
1402 5789 1417 5814 ,
1449 5758 1664 5819 quanta:
1695 5753 1931 5808 audaciae
1961 5796 1973 5819 ,
2010 5769 2194 5823 qumso
2223 5799 2237 5820 ,

661 5841 843 5908 quanti
887 5838 1081 5896 furoris
1114 5843 1230 5898 est!
1281 5845 1332 5899 Si
1382 5847 1520 5899 enim
1566 5848 1742 5916 potius
1783 5851 1957 5904 omnia
2008 5851 2240 5920 abjicerc

2356 513 2653 572 oporteret,
2678 521 2857 562 annon
2881 507 3111 565 libenter
3138 509 3443 579 relinquere
3473 523 3567 578 par
3589 508 3780 563 esset?
3812 508 3950 563 Ecce

2353 592 2496 662 dico,
2520 605 2574 650 et
2601 596 2860 653 testiﬁcor
2885 616 2897 652 :
2923 599 3220 655 Emendate
3235 600 3533 669 juramenta
3565 600 3654 654 illa
3675 600 3947 660 forensia;

2356 698 2463 739 non
2508 686 2946 758 obtemperantes
2989 699 3167 746 autem
3205 706 3395 746 omnes
3438 691 3506 747 ad
3543 707 3630 746 me
3667 691 3945 746 adducite.

2356 774 2497 832 Ecce
2521 777 2672 833 vobis
2699 781 3058 848 praesentibus
3093 781 3302 851 impero
3341 783 3441 850 iis,
3473 782 3564 853 qui
3593 782 3660 837 ad
3699 781 3946 838 ministe-

2354 865 2493 926 rium
2519 878 2644 924 sunt
2668 868 2926 925 domuum
2948 872 3228 941 orationis,
3269 872 3457 929 hortor
3480 883 3538 930 et
3563 875 3720 930 edico
3739 916 3756 940 ,
3786 879 3942 931 nemi-

2354 958 2411 1013 ni
2434 959 2597 1016 licere
2619 971 2818 1018 temerc
2837 964 3056 1034 jurare;
3086 966 3194 1020 imo
3219 981 3393 1038 neque
3420 967 3528 1022 alio
3548 971 3742 1038 quovis
3764 971 3944 1025 modo.

2352 1049 2433 1104 Ad
2464 1065 2550 1106 me
2575 1068 2704 1123 ergo
2731 1054 2962 1109 ducatur
2988 1097 3002 1119 ,
3033 1057 3275 1128 quisquis
3300 1057 3407 1123 sit,
3437 1059 3560 1129 quia
3605 1059 3723 1115 lucc
3767 1063 3946 1115 omnia

2351 1132 2418 1187 ad
2459 1148 2558 1189 nos
2587 1151 2756 1206 usque
2779 1137 2979 1194 deferri
3005 1149 3219 1210 oportet
3241 1181 3256 1207 ,
3303 1155 3368 1198 ac
3396 1142 3440 1196 si
3474 1144 3682 1213 pueruli
3728 1147 3945 1204 essetis.

2352 1225 2506 1281 Absit
2536 1234 2594 1280 ut
2636 1226 2710 1282 ita
2750 1243 2839 1283 res
2864 1230 2953 1284 sit.
2985 1230 3167 1286 Pudor
3187 1233 3329 1288 enint
3353 1243 3436 1287 est
3459 1273 3474 1297 ,
3507 1233 3554 1289 si
3577 1234 3759 1291 adhuc
3784 1237 3949 1292 disci-

2351 1314 2495 1383 plina
2524 1319 2746 1388 egeatis.
2799 1319 2935 1375 Num
2983 1337 3189 1377 sacram
3238 1339 3480 1380 mensam
3511 1333 3736 1398 tangere
3783 1329 3947 1382 audes

2349 1424 2458 1464 non
2484 1411 2752 1467 initiatus?
2776 1411 2880 1469 Sed
2907 1415 3048 1485 quod
3072 1416 3221 1487 pejus
3244 1426 3347 1484 est,
3381 1425 3435 1472 tu
3467 1417 3706 1474 initiatus
3737 1434 3945 1474 sacram

2349 1517 2591 1559 mensam
2618 1514 2834 1577 tangere
2871 1508 3059 1575 audes,
3092 1526 3251 1580 quam
3281 1525 3383 1566 nec
3409 1512 3659 1568 omnibus
3688 1515 3944 1568 sacerdo-

2352 1595 2494 1651 tibus
2523 1606 2740 1668 tangere
2765 1598 2888 1655 lieet
2913 1641 2927 1664 ,
2959 1610 3013 1655 et
3042 1602 3120 1656 sie
3141 1601 3343 1670 jurare.
3373 1601 3442 1657 Et
3469 1612 3524 1657 tu
3550 1603 3772 1674 quidem
3798 1607 3944 1675 pueri

2349 1697 2512 1758 caput
2539 1704 2644 1744 non
2677 1699 2924 1762 tangeres
2948 1706 3221 1762 egressus,
3251 1703 3304 1747 et
3332 1709 3575 1748 mensam
3599 1699 3777 1766 tangis
3799 1737 3814 1762 ,
3851 1713 3944 1751 ne-

2349 1794 2455 1850 que
2480 1780 2818 1838 exhorrescis
2845 1798 2946 1839 nec
2967 1783 3258 1840 formidas?
3279 1786 3358 1841 Ad
3381 1802 3468 1844 me
3491 1788 3626 1844 tales
3647 1790 3907 1846 adilucito
3932 1812 3943 1845 :

2348 1884 2449 1942 ego
2472 1871 2731 1941 judicium
2763 1874 2930 1928 feram
2955 1916 2969 1942 ,
2999 1883 3054 1930 et
3079 1875 3599 1948 ambos-gaudentes
3643 1884 3941 1936 remittam.

2347 1961 2500 2030 Quod
2529 1964 2807 2020 volueritis
2829 2005 2846 2033 ,
2874 1966 3071 2034 facite;
3113 1968 3286 2040 legem
3320 1986 3483 2041 pono,
3517 1987 3586 2028 ne
3615 1975 3843 2030 omnino
3865 1976 3945 2046 ju-

2348 2065 2514 2110 retur.
2537 2055 2667 2124 Qua:
2696 2057 2884 2112 salutis
2909 2073 3034 2129 spes
3051 2061 3129 2116 sic
3156 2062 3314 2118 nobis
3334 2064 3512 2118 omnia
3540 2069 3942 2136 pessumdanti-

2348 2143 2488 2200 bus?
2514 2145 2635 2201 ideo
2660 2149 3000 2218 syngraplue,
3032 2149 3156 2207 ideo
3176 2153 3434 2224 symbolre
3452 2195 3468 2222 ,
3497 2166 3554 2210 ut
3582 2167 3729 2212 tuam
3762 2159 3944 2214 intutu-

2349 2236 2428 2291 les
2448 2238 2680 2293 animam
2707 2239 2731 2293 ?
2756 2241 2884 2311 quid
2917 2251 3119 2297 tantum
3144 2245 3390 2316 lucraris,
3422 2260 3690 2319 quantum
3716 2254 3901 2322 perdis
3925 2255 3944 2308 ἳ

2347 2328 2656 2399 Pejeravit?
2699 2332 2985 2390 Perdidisti
3023 2347 3078 2391 et
3129 2339 3278 2392 illum
3309 2349 3363 2395 et
3393 2342 3644 2412 teipsum.
3689 2344 3800 2400 Sed
3843 2363 3942 2403 non

2347 2422 2607 2491 pejeravit
2627 2424 2650 2477 ?
2673 2423 2848 2478 Etiam
2886 2426 2962 2480 sic
2997 2429 3296 2497 perdidisti,
3327 2433 3413 2502 qui
3438 2437 3684 2504 coegeris
3707 2451 3940 2508 praecep-

2347 2519 2457 2568 tum
2480 2513 2798 2586 transgredi.
2832 2517 2982 2574 Hunc
3010 2521 3259 2576 morbum
3282 2523 3348 2578 ab
3364 2526 3543 2580 anima
3567 2543 3631 2582 ex
3641 2529 3940 2598 pellamus;

2348 2603 2561 2659 interim
2598 2621 2627 2658 a
2669 2607 2785 2660 foro
2816 2607 2962 2662 illum
2991 2610 3270 2679 ejiciamus
3294 2654 3308 2679 ,
3341 2628 3370 2668 a
3404 2616 3643 2672 tabernis
3671 2633 3939 2677 mercato-

2346 2710 2486 2762 rum,
2515 2705 2568 2752 et
2591 2711 2620 2751 a
2642 2696 2866 2768 reliquis
2887 2698 3117 2757 oflicinis
3143 2720 3155 2754 :
3186 2705 3359 2775 major
3380 2708 3533 2763 nobis
3566 2709 3692 2764 hinc
3719 2727 3943 2781 proven-

2349 2798 2432 2841 tus
2457 2790 2579 2842 erit.
2610 2788 2688 2844 Ne
2719 2791 2918 2860 putetis
2960 2807 3056 2862 per
3105 2799 3590 2866 transgressionem
3632 2800 3939 2860 divinarum

2347 2881 2520 2950 legum
2566 2897 2652 2937 res
2698 2884 2857 2955 hujus
2899 2887 3020 2943 vita:
3062 2899 3208 2943 recte
3243 2889 3419 2961 dirigi.
3453 2894 3523 2946 At
3574 2910 3682 2949 non
3726 2900 3937 2967 credit,

2344 2974 2571 3044 inquies.
2605 2975 2737 3031 Nam
2763 2977 2865 3034 hoc
2893 2994 2993 3051 ego
3015 2981 3082 3035 ab
3105 2981 3372 3052 aliquibus
3393 2984 3573 3040 audivi
3609 3004 3620 3038 :
3653 2986 3770 3043 Nisi
3798 2991 3941 3045 mille

2340 3066 2640 3135 juramenta
2671 3068 2962 3138 proferam,
2995 3088 3102 3126 non
3130 3075 3334 3130 credet.
3360 3076 3437 3131 Tu
3471 3078 3525 3132 in
3551 3093 3715 3134 causa
3734 3096 3819 3148 es,
3852 3085 3937 3152 qui

2347 3169 2452 3212 tam
2484 3157 2638 3214 facile
2660 3160 2809 3229 juras
2836 3179 2848 3214 :
2887 3177 3010 3217 nam
3034 3165 3080 3218 si
3107 3165 3209 3220 hoc
3238 3181 3344 3222 non
3366 3176 3531 3238 esset,
3563 3171 3661 3226 sed
3685 3173 3938 3230 omnibus

2344 3249 2525 3307 notum'
2550 3264 2692 3309 esset
2723 3265 2773 3311 te
2803 3274 3091 3329 numquam
3124 3260 3324 3331 jurare,
3350 3263 3513 3319 crede
3539 3265 3669 3320 milii
3693 3266 3933 3336 dicenti,

2341 3345 2424 3400 vel
2455 3346 2692 3402 innuenti
2725 3349 2816 3403 tibi
2848 3353 3015 3422 magis
3038 3355 3365 3421 crederetur,
3398 3372 3555 3427 quam
3581 3360 3646 3414 iis
3673 3363 3764 3430 qui
3789 3365 3935 3418 mille

2334 3438 2633 3508 juramenta
2665 3442 2943 3500 devorant.
2967 3447 3098 3501 Nam
3122 3450 3229 3516 cui,
3255 3465 3456 3519 qumso,
3490 3454 3656 3522 magis
3685 3456 3931 3522 creditis,

2341 3532 2468 3584 mihi
2497 3549 2602 3586 non
2629 3534 2830 3602 juranti
2854 3578 2868 3603 ,
2899 3553 2964 3591 an
2988 3540 3339 3608 jurantibus?
3366 3542 3470 3597 Sed
3504 3554 3578 3607 tu,
3615 3546 3852 3616 inquies,
3875 3564 3933 3603 es

2340 3621 2587 3692 princeps
2617 3634 2672 3678 et
2699 3626 2986 3697 episc0pus
3010 3630 3031 3681 ?
3059 3629 3194 3697 Quid
3225 3631 3382 3700 igitur
3408 3675 3420 3695 ,
3453 3634 3495 3686 si
3526 3636 3820 3694 ostendero
3847 3655 3933 3693 me

2340 3731 2445 3770 non
2474 3717 2573 3772 hoc
2602 3720 2774 3773 solum
2804 3735 2921 3776 esse
2947 3723 2968 3776 ?
2994 3722 3124 3777 Cum
3157 3725 3384 3781 veritate
3409 3767 3423 3792 ,
3453 3743 3634 3796 qumso
3665 3770 3679 3794 ,
3717 3746 3932 3800 respon-

2337 3810 2459 3865 dete
2479 3812 2609 3868 mihi
2637 3833 2648 3867 :
2679 3814 2726 3869 si
2755 3816 3064 3886 frequenter
3089 3827 3146 3873 ct-
3167 3833 3379 3887 semper
3401 3820 3638 3889 juraretn
3663 3864 3677 3889 ,
3704 3839 3772 3877 an
3807 3841 3929 3895 pro.

2338 3905 2516 3961 desset
2564 3908 2692 3962 mihi
2735 3910 3371 3979 principatus?lllinitne.
3404 3913 3590 3968 Viden'
3635 3932 3740 3970 non
3785 3918 3928 3973 illam

2338 4014 2457 4055 esse
2487 4015 2700 4054 causam
2723 4001 2745 4055 ?
2771 4003 2905 4068 Quid
2936 4003 3093 4073 igitur
3119 4045 3131 4068 ,
3163 4020 3345 4073 qua-so
3367 4044 3381 4070 ,
3429 4006 3699 4061 lucraris?
3733 4010 3932 4066 Paulus

2337 4094 2606 4148 esui-iebat
2636 4112 2648 4146 :
2680 4105 2735 4148 et
2779 4106 2831 4149 tu
2872 4097 3079 4150 esurire
3126 4099 3301 4166 potius
3335 4100 3502 4170 eligas
3523 4143 3537 4166 ,
3568 4117 3730 4171 quam
3757 4113 3932 4162 trans-

2338 4186 2485 4251 gredi
2518 4185 2766 4253 quredam
2792 4202 2858 4240 ex
2889 4188 3083 4242 divinis
3123 4191 3404 4246 mandatis.
3436 4193 3544 4247 Cur
3581 4211 3713 4264 ergo
3755 4199 3932 4254 incre—

2341 4275 2493 4328 dulus
2523 4292 2581 4328 es
2602 4277 2622 4327 ?
2654 4277 2729 4328 'l‘u
2761 4292 2888 4347 ergo
2920 4279 3048 4331 niltil
3081 4295 3184 4332 non
3219 4298 3365 4350 ages,
3401 4293 3454 4338 et
3487 4287 3707 4355 patieris
3733 4331 3745 4354 ,
3783 4301 3932 4347 utne

2343 4385 2593 4438 Ullellalll
2617 4371 2802 4439 jurcs;
2833 4381 2888 4424 at
2923 4371 3010 4426 ille
3035 4382 3085 4427 te
3117 4388 3220 4428 non
3252 4379 3610 4431 remunerabit
3635 4381 3655 4432 ?
3683 4382 3845 4450 Atqui
3881 4399 3933 4439 et

2343 4462 2584 4531 perjuros
2607 4473 2661 4517 ct
2681 4464 3000 4532 juramcnlis
3027 4478 3270 4521 assuetos
3295 4469 3534 4535 ipiotidie
3561 4473 3655 4524 alit
3681 4490 3694 4537 ;
3730 4483 3779 4528 te
3805 4492 3935 4530 vero

2342 4554 2464 4609 lami
2497 4554 2707 4619 tradet,
2739 4557 2862 4625 quia
2905 4555 3050 4609 illum
3080 4557 3319 4611 audisti?
3365 4559 3568 4616 Omnes
3599 4562 3823 4618 videant
3863 4585 3928 4620 es

2342 4648 2406 4701 iis
2427 4688 2443 4710 ,
2471 4648 2558 4720 qui
2593 4648 2646 4701 in
2677 4646 2774 4702 hac
2801 4648 3023 4702 ecclesia
3054 4660 3477 4719 congregantur,
3509 4654 3777 4708 neminem
3813 4673 3934 4712 (δεμες

2343 4743 2430 4811 qui
2457 4741 2601 4810 juret
2629 4758 2642 4806 ;
2670 4750 2722 4796 et
2769 4742 2891 4794 hinc
2923 4742 3030 4794 noti
3077 4741 3246 4796 simus
3274 4782 3286 4806 ,
3317 4757 3420 4795 non
3450 4759 3512 4798 ex
3544 4743 3647 4800 lide
3678 4755 3885 4801 tantum
3922 4773 3931 4810 ;

2342 4833 2469 4887 hinc
2495 4849 2523 4886 a
2553 4831 2753 4888 Grmcis
2774 4843 2827 4886 et
2847 4832 2914 4885 ab
2941 4831 3058 4887 aliis
3090 4833 3336 4911 omnibus
3368 4834 3694 4891 differamus.
3743 4839 3936 4911 Signa-

2344 4927 2519 4981 culum
2548 4924 2871 4994 accipiamus
2898 4924 2964 4977 de
2993 4909 3158 4992 cmlis,
3192 4934 3247 4979 ut
3275 4928 3421 4994 quasi
3456 4929 3633 4998 regius
3659 4945 3788 5000 grex
3821 4935 3938 4989 ubi-

2345 5035 2447 5088 que
2470 5031 2823 5088 appareamus
2852 5034 2863 5070 :
2890 5017 2956 5069 ab
2982 5032 3076 5071 ore
3104 5027 3156 5070 et
3186 5032 3212 5068 a
3245 5017 3418 5087 lingua
3449 5034 3762 5089 noscantur,
3797 5024 3938 5078 sicut

2345 5109 2553 5163 barbari
2580 5124 2594 5173 ;
2623 5109 2760 5161 sicut
2803 5108 2835 5161 ii
2864 5108 2950 5175 qui
2990 5107 3172 5162 GI'LCCC
3199 5109 3373 5163 sciunt
3401 5153 3415 5176 ,
3447 5110 3571 5164 hinc
3614 5127 3643 5165 a
3689 5112 3942 5172 barbaris

2345 5201 2732 5255 discernamur.
2764 5200 2856 5253 Dic
2879 5201 3017 5253 enim
3045 5201 3194 5264 mihi,
3221 5200 3362 5254 unde
3387 5205 3493 5254 noti
3523 5214 3647 5257 sunt
3679 5207 3893 5274 psittaci
3921 5211 3944 5260 ’ἒ

2348 5307 2525 5346 nonne
2555 5307 2618 5344 ex
2648 5306 2732 5350 eo,
2767 5291 2905 5358 quod
2939 5289 3204 5359 tamquam
3237 5293 3482 5348 homines
3509 5295 3794 5364 loquantur
3822 5301 3845 5354 ἲ
3877 5301 3944 5355 Et

2349 5399 2445 5436 nos
2473 5397 2702 5452 quoque,
2732 5384 2870 5436 sicut
2899 5384 3146 5449 apostoli,
3178 5400 3240 5438 ex
3274 5386 3479 5454 l0qucla
3511 5389 3616 5440 noti
3651 5389 3844 5454 simus,
3877 5409 3944 5447 ex

2349 5491 2412 5528 co
2443 5475 2580 5544 quod
2631 5485 2685 5528 ιιι
2716 5475 2884 5544 angeli
2933 5475 3231 5544 loquamur.
3282 5476 3335 5530 Si
3366 5477 3484 5545 quis
3509 5477 3740 5546 dixerit,
3772 5481 3902 5535 Jura
3931 5503 3941 5537 :

2350 5569 2551 5633 audiat,
2585 5565 2828 5620 Christus
2866 5576 3026 5632 vetat,
3056 5576 3109 5621 ct
3142 5584 3244 5620 non
3274 5568 3418 5636 juro.
3453 5568 3564 5623 Hoc
3591 5573 3723 5624 satis
3763 5583 3845 5625 est
3879 5577 3945 5627 ad

2350 5676 2563 5715 omnem
2588 5658 2939 5713 inducendam
2969 5660 3238 5713 virtutem.
3266 5659 3430 5714 .lanua
3454 5662 3694 5730 quardam
3724 5675 3807 5717 est
3835 5669 3946 5733 pie-

2353 5756 2494 5815 tatis,
2527 5753 2606 5806 via
2640 5753 2703 5806 ad
2732 5752 3123 5822 philosophiam
3151 5753 3410 5825 (pictatis)
3437 5755 3715 5819 inducens,
3751 5760 3920 5824 palars

2357 5860 2433 5903 tra
2463 5850 2723 5919 quaedam.
2758 5847 2878 5903 lla'c
2909 5847 3297 5916 custodiamus,
3337 5860 3386 5904 ιιι
3421 5852 3701 5921 pra'sentia
3731 5850 3952 5907 etfutu-
