4068 6430
154 6051 318 6143 Χ

702 432 777 490 85
1341 432 1400 487 S.
1439 430 1723 487 JOANNlS
1759 426 2255 486 CHRYSOSTOMI
2295 424 2626 482 ARCHIEP.
2665 423 3225 482 CONS'I‘ANTIIVOP.
3913 423 3978 480 86
4038 439 4039 466 ι

699 548 1044 618 ἐπιτύχωμεν
1073 545 1313 614 ἀγαθῶν,
1330 547 1510 617 χάριτι
1535 546 1624 599 καὶ
1644 543 2026 615 φιλανθρωπίᾳ
2051 542 2145 595 τοῦ
2169 545 2280 595 Κυ-

703 630 824 704 ριου
848 631 1006 702 ἡμῶν
1045 629 1220 699 Ἰησοῦ
1254 629 1512 700 Χριστοῦ,
1558 629 1677 698 μεθ’
1709 622 1770 682 οὗ
1807 627 1884 697 τῷ
1924 627 2119 697 Πατρὶ,
2169 626 2283 696 ἅμα

2388 540 2466 611 τῷ
2495 541 2634 612 ἁγίῳ
2653 540 2952 610 Πνεύματι,
2982 540 3129 606 δόξα,
3163 538 3382 610 κράτος,
3422 536 3580 608 τιμὴ,
3617 536 3717 591 νῦν
3744 536 3844 590 καὶ
3873 537 3977 592 ἀεὶ.

2391 626 2486 678 καὶ
2521 626 2602 686 είς
2621 623 2748 686 τοὺς
2776 623 2976 686 αἰῶνας
3006 622 3116 676 τῶν
3147 623 3378 676 αἰώνων.
3423 622 3618 692 Ἀμήν.

2177 807 2422 861 ΟΜΙΛΙᾹ
2456 807 2512 861 I'.

699 907 1066 967 Δαλούντων
1091 904 1159 957 δὲ
1176 903 1374 958 αὐτῶν
1408 903 1558 970 πρὸς
1599 902 1706 955 τὸν
1726 903 1900 963 λαὸν,
1931 899 2281 970 ἐπέστησαν

804 975 1012 1040 αὐτοῖς
1035 978 1086 1029 oi
1115 977 1286 1043 Ιερεῖς
1313 974 1409 1028 καί
1436 977 1468 1026 ό
1497 969 1830 1041 στρατηγὸς
1853 971 1958 1024 τοῦ
1993 969 2172 1035 ἱεροῦ.

771 1059 842 1114 α’.
863 1058 1032 1113 Οῦπω
1048 1058 1159 1111 τῶν
1183 1050 1460 1128 προτέρων
1480 1054 1918 1117 ἀναπνεύσαντες
1937 1051 2277 1124 πειρασμῶν,

697 1142 901 1205 εὐθέως
928 1145 1007 1204 είς
1043 1141 1259 1210 ἐτέρους
1287 1138 1548 1209 ἐνέϐησαν
1574 1151 1622 1190 ο.
1656 1137 1764 1190 Καὶ
1792 1137 1914 1204 ὅρα,
1932 1135 2049 1198 πῶς
2067 1137 2278 1186 οἰκονο-

701 1225 971 1293 μεῖταιτὰ
998 1223 1320 1294 πράγματα.
1357 1221 1577 1293 Πρῶτον
1631 1218 2038 1288 ἐχλευάσθησαν
2077 1217 2279 1279 πάντες

695 1305 851 1376 ὁμοῦ·
890 1306 952 1358 οὐ
975 1305 1166 1376 μικρὸς
1195 1298 1347 1368 οὗτος
1390 1305 1419 1356 6
1453 1302 1778 1373 πειρασμός·
1819 1299 2091 1369 δεύτερον,
2125 1299 2279 1351 αὐτοὶ

693 1391 744 1442 οἱ
765 1392 1048 1458 κορυφαῖοι
1076 1389 1155 1451 εἰς
1191 1387 1466 1450 κινδύνους
1497 1387 1879 1457 ἐμπίπτουσιν.
1936 1384 2049 1436 Οὐκ
2080 1381 2276 1450 ἐφεξῆς

693 1471 752 1524 δέ
772 1471 840 1524 τὰ
866 1471 961 1525 δύο
987 1472 1229 1540 γέγονεν,
1264 1471 1386 1524 οὐδέ
1441 1469 1645 1531 ἁπλῶς
1704 1461 1840 1522 ἀλλὰ
1892 1465 2156 1537 πρότερον
2189 1465 2278 1516 εὐ·

691 1553 1086 1626 δοκιμήσαντες
1114 1555 1173 1606 ἐν
1197 1555 1316 1616 ταῖς
1354 1552 1735 1623 δημηγορίαις,
1783 1550 1879 1602 καὶ
1907 1548 2093 1618 θαῦμα
2114 1549 2278 1617 ἐργα-

694 1637 918 1706 σάμενοι
943 1637 1078 1706 μετὰ
1103 1633 1274 1688 ταῦτα
1321 1635 1483 1705 μέγα·
1537 1633 1680 1686 οὕτω
1715 1633 1781 1704 δὴ
1811 1632 2000 1685 λοιπὸν
2043 1629 2180 1702 μετά
2214 1628 2275 1682 τὸ

692 1718 986 1789 θαρρῆσαι,
1007 1718 1415 1787 συγχωροῦντος
1439 1715 1532 1768 τοῦ
1556 1714 1692 1768 Θεοῦ
1703 1715 1814 1770 τῶν
1835 1714 2064 1782 ἀγώνων
2085 1711 2276 1765 ἆπτονο

687 1819 800 1855 ται.
842 1801 913 1854 Σὺ
942 1800 998 1854 δέ
1039 1819 1129 1872 μοι
1147 1801 1264 1863 θέα,
1296 1801 1413 1862 πῶς
1443 1798 1534 1851 ἐπὶ
1563 1797 1658 1851 τοῦ
1690 1797 1928 1868 Χριστοῦ
1958 1796 2049 1850 τὸν
2107 1812 2276 1866 παραυ

686 1885 924 1938 δώσοντα
947 1885 1257 1954 ζητοῦντες.
1291 1883 1528 1936 ἐνταῦθα
1557 1881 1741 1935 λοιπὸν
1770 1881 1926 1934 αὐτοὶ
1947 1880 2048 1944 τὰς
2085 1882 2273 1950 χεῖρας

688 1967 1056 2026 ἐπιϐάλλουσι.
1094 1967 1418 2038 θρασύτεροι
1441 1965 1723 2034 γεγονότες
1747 1967 1841 2018 καὶ
1861 1964 2272 2033 ἀναισχυντότε-

684 2068 770 2122 ροι
810 2051 946 2121 μετά
978 2050 1070 2104 τὸν
1099 2051 1348 2122 σταυρόν.
1399 2050 1465 2102 Ἦ
1494 2049 1602 2119 γὰρ
1641 2049 1903 2119 ἁμαρτία,
1943 2049 2046 2112 ἕως
2076 2047 2175 2117 μὲν
2201 2048 2268 2101 ἂν

682 2133 960 2204 ὠδίνηται,
1001 2134 1113 2204 ἔχει
1141 2134 1265 2186 τινὰ
1302 2132 1586 2202 αἰσχύνηνο
1623 2132 1844 2183 ἐπειδὰν
1896 2131 1952 2183 δέ
2014 2130 2265 2201 τελεσθῇ,

682 2215 804 2268 τότε
837 2215 1345 2285 ἁναισχυντοτέρους
1372 2216 1520 2267 ποιεῖ
1566 2215 1689 2277 τοὺς
1721 2213 2118 2284 ἐργαζομένους
2165 2215 2266 2267 αύ-

681 2300 800 2368 τήν.
821 2298 884 2351 Τί
910 2293 1106 2369 δήποτε
1126 2297 1182 2350 δέ
1203 2299 1294 2351 καὶ
1307 2296 1607 2368 στρατηγὸς
1635 2296 1916 2364 ἐφίσταται
1936 2313 1952 2363 ;
1988 2297 2268 2364 Ἑπέστη-

679 2399 802 2436 σαν
836 2384 944 2454 γὰρ
971 2382 1171 2449 αὐτοῖς
1212 2385 1266 2436 οἱ
1295 2381 1466 2451 ίερεῐς
1499 2381 1600 2436 καὶ
1632 2384 1664 2435 ό
1685 2381 2018 2451 στρατηγὸς
2043 2379 2149 2433 τοῦ
2186 2382 2267 2433 ίε-

670 2465 804 2530 ροῦ,
831 2466 1012 2534 φησίν.
1050 2466 1165 2517 Ἵνα
1211 2465 1370 2517 πάλιν
1393 2465 1649 2534 δημόσιον
1694 2464 1945 2533 ἔγκλημα
2001 2462 2265 2534 περιθῶσι

677 2551 789 2610 τοῖς
822 2547 1144 2618 γινομένοις,
1169 2550 1263 2601 καὶ
1299 2549 1374 2620 μὴ
1403 2550 1475 2610 ὡς
1511 2548 1773 2602 ἰδιωτικὸν
1794 2547 2098 2600 ἐκδικῶσιν·
2127 2548 2262 2616 ὅπερ

677 2630 951 2700 πανταχοῦ
975 2632 1334 2696 σπουδάζουσι
1373 2633 1566 2686 ποιεῖν.
1588 2631 2055 2698 Διαπονούμενοι
2081 2630 2178 2682 διὰ
2194 2630 2261 2682 τὸ

676 2712 988 2767 διδάσκειν
1018 2714 1242 2778 αὐτοὺς
1263 2713 1368 2766 τὸν
1397 2715 1569 2768 λαόν.
1596 2711 1965 2777 Διεπονοῦντο,
2006 2713 2068 2764 οὐ
2102 2712 2262 2782 μόνον

674 2797 756 2849 ὅτι
774 2796 1068 2858 ἐδίδασκον,
1088 2797 1202 2850 ἀλλ’
1228 2797 1310 2849 ὅτι
1328 2797 1426 2849 οὐκ
1453 2796 1616 2848 αὐτὸν
1640 2796 1798 2866 μόνον
1822 2794 2006 2862 ἔλεγον
2027 2795 2262 2866 ἐγηγέρ-

674 2875 929 2939 θαι.ἀλλὰ
954 2881 1046 2932 καὶ⁵
1074 2882 1221 2949 ἡμᾶς
1251 2881 1318 2933 δι’
1352 2882 1561 2933 ἐκεῖνον
1587 2879 1928 2932 ἀνίστασθαι.
1959 2881 2062 2932 Διὰ
2091 2880 2157 2933 τὸ
2183 2880 2262 2931 δι-

671 2960 920 3014 δάσκειν
941 2964 1182 3029 αὐτοὺς,
1208 2965 1360 3033 φησὶ,
1385 2963 1492 3015 τὸν
1511 2963 1686 3028 λαὸν,
1712 2961 1810 3014 καί
1831 2962 2261 3031 καταγγέλλειν

670 3045 742 3098 ἐν
765 3043 845 3109 τῷ
883 3046 1076 3111 Ἰησοῦ
1130 3047 1245 3114 τὴν
1270 3047 1612 3100 ἀνάστασιν
1651 3046 1770 3099 τῶν
1799 3045 2045 3113 νεκρῶν.
2074 3045 2259 3109 Οὕτως

675 3129 871 3198 ισχυρὰ
894 3129 1108 3196 ἐγένετο
1134 3131 1167 3199 ἡ
1185 3131 1498 3193 ἀνάστασις,
1527 3130 1602 3192 ὼς
1637 3129 1730 3182 καὶ
1745 3130 1950 3199 ἑτέροις
1984 3129 2145 3182 αὐτὸν
2173 3132 2257 3182 αῖ-

671 3228 782 3263 τιον
811 3213 1060 3279 γενέσθαι
1078 3213 1447 3275 ἀναστάσεως.
1474 3214 1583 3268 Καὶ
1603 3213 1904 3266 ἐπέϐαλον
1930 3213 2135 3278 αὐτοῖς
2154 3214 2258 3279 τὰς

669 3282 892 3362 χεῖρας,
918 3293 1015 3348 καὶ
1036 3295 1239 3349 ἔθεντο
1263 3295 1486 3362 αὐτοὺς
1512 3298 1598 3362 είς
1615 3298 1870 3364 τήρησιν
1895 3299 1984 3361 είς
2014 3296 2130 3364 τὴν
2152 3300 2258 3352 αῦ-

661 3393 815 3445 ριον·
837 3373 916 3447 ἦν
939 3377 1046 3447 γὰρ
1092 3377 1320 3446 ἑσπέρα
1347 3378 1484 3447 ἤδη.
1515 3379 1579 3432 Ὢ
1606 3382 1705 3449 τῆς
1729 3379 2108 3448 ἀναισχυντίας
2130 3380 2141 3432 ί
2171 3379 2250 3434 ἐτι

668 3459 778 3512 τῶν
808 3462 1087 3531 προτέρων
1118 3462 1369 3532 αἱμάτων
1405 3461 1682 3532 γεμούσας
1735 3461 1836 3524 τὰς
1867 3463 2056 3532 χεῖρας
2082 3456 2247 3532 εἶχον,

669 3543 770 3598 καὶ
798 3546 898 3598 οὐκ
917 3546 1184 3616 ἐνάρκων.
1209 3545 1322 3597 ἀλλ’
1345 3545 1640 3599 ἐπέϐαλλον
1666 3545 1826 3598 πάλιν
1848 3545 2018 3608 αὐτὰς
2045 3547 2249 3617 ἑτέροις

668 3626 899 3698 αἵμασιν
924 3627 1064 3682 ὥστε
1107 3628 1478 3699 πληρῶσαιοῆ
1512 3629 1651 3698 τάχα
1685 3630 1776 3681 καὶ
1807 3629 2015 3682 ἔδεισαν
2050 3630 2249 3699 πλῆθος

669 3711 866 3776 αὐτοὺς
899 3711 1000 3781 ἤδη
1022 3712 1336 3779 γεγονότας,
1372 3711 1466 3765 καὶ
1503 3710 1591 3764 διὰ
1618 3710 1776 3764 τοῦτο
1801 3712 1985 3774 αὐτοῖς
2014 3713 2043 3764 6
2087 3729 2248 3784 στρα-

668 3793 838 3863 τηγὸς
888 3795 1212 3864 συνεπέστη.
1248 3791 1361 3848 Ἦν
1387 3793 1530 3866 γὰρ,
1567 3795 1766 3864 φησὶν,
1819 3794 2048 3862 ἑσπέρα
2104 3796 2243 3863 ἤδη.

679 3877 904 3929 Ἐκεῖνοι
933 3877 1033 3945 μὲν
1072 3873 1164 3930 οῦν
1205 3876 1514 3947 βουλόμενοι
1556 3878 1750 3940 αὐτοὺς
1791 3878 2058 3947 μαλάξαι,
2090 3879 2248 3932 τοῦτο

667 3959 883 4012 ἐποίουν
927 3961 1020 4014 καὶ
1071 3959 1400 4028 ἐφύλαττονο
1431 3962 1555 4024 τοὺς
1588 3961 1643 4014 δέ
1684 3962 2015 4025 ἀποστόλους
2041 3963 2245 4034 τολμη-

669 4045 923 4116 ροτέρους
971 4043 1170 4112 μᾶλλον
1209 4043 1493 4115 εἰργάζετο
1537 4047 1571 4116 η
1621 4044 1856 4117 ἀναϐολὴ
1900 4044 1994 4098 τοῦ
2029 4047 2241 4117 χρόνου.

666 4128 777 4182 Kal
806 4130 908 4200 δρα
929 4170 944 4193 ,
986 4129 1128 4192 τίνες
1170 4129 1675 4200 ἀπολαμϐάνονταιο
1707 4131 1757 4183 οἱ
1811 4133 2095 4202 κορυφαῖοι
2137 4133 2244 4185 τῶν

665 4210 995 4271 ἀποστόλων,
1021 4215 1131 4275 τοῖς
1156 4211 1335 4275 ἄλλοις
1379 4212 1563 4266 λοιπὸν
1600 4213 1904 4284 ὑπόδειγμα
1941 4215 2242 4286 γενόμενοι,

665 4296 750 4347 ἵνα
783 4296 978 4365 μηκέτι
1025 4295 1259 4367 ζητῶσιν
1287 4295 1567 4367 ἀλλήλους,
1609 4298 1744 4367 μηδὲ
1785 4298 1847 4351 τὸ
1888 4301 2040 4367 κοινῇ
2081 4298 2240 4353 εἶναι.

663 4379 888 4431 Πολλοί
918 4377 986 4430 δὲ
1014 4376 1131 4432 τῶν
1157 4378 1552 4433 ἀκουσάντων
1595 4379 1701 4433 τὸν
1737 4383 1923 4450 λόγον
1964 4381 2244 4435 ἐπίστευ-

636 4479 804 4523 war,
854 4463 952 4517 καί
1005 4462 1260 4533 ἐγενήθη
1295 4466 1328 4518 ό
1365 4463 1610 4533 ἀριθμὸς
1655 4463 1775 4520 τῶν
1815 4465 2052 4536 ἀνδρῶν
2099 4465 2242 4521 ὡσεί

662 4545 931 4615 χιλιάδες
960 4547 1160 4601 πέντε.

733 4627 799 4681 Τί
826 4628 1020 4692 τοῦτο;
1061 4629 1134 4700 μὴ
1167 4629 1274 4702 γὰρ
1314 4631 1774 4701 εὐδοκιμήσαντας
1808 4628 1979 4696 εἷδον;
2009 4632 2130 4702 οὐχὶ
2157 4633 2240 4685 δε-

662 4712 851 4775 θέντας
883 4712 1208 4779 ἐθεάσαντο;
1237 4713 1352 4778 πῶς
1377 4712 1470 4768 οὖν
1495 4715 1856 4780 ἐπίστευσαν;
1891 4717 2051 4787 Ὁρᾷς
2086 4718 2240 4786 ἐνέρ-

658 4811 815 4862 γειαν
842 4796 1114 4865 φανεράν,
1161 4798 1271 4850 Kal
1306 4798 1410 4867 μὴν
1435 4797 1549 4870 [81]
1590 4799 1683 4852 καὶ
1724 4799 1850 4861 τοὺς
1887 4800 1986 4870 ἤδη
2022 4800 2241 4852 πιστεύ-

662 4896 860 4942 σαντας
887 4879 991 4933 ἔδει
1034 4879 1451 4951 ἀσθενεστέρους
1492 4881 1775 4949 γενέσθαι’
1819 4882 1937 4936 ἀλλ’
1982 4884 2082 4937 οὐκ
2116 4885 2238 4952 ἐγέ-

659 4979 842 5016 νοντο·
891 4965 923 5033 ἡ
964 4963 1072 5034 γὰρ
1115 4965 1320 5034 Πέτρου
1346 4963 1374 5002 ι)
1411 4965 1721 5038 δημηγορία
1753 4967 1830 5030 είς
1861 4968 1921 5020 τὸ
1965 4967 2127 5037 βάθος
2169 4970 2240 5022 τά

661 5047 955 5118 σπέρματα
986 5047 1272 5112 κατέϐαλε,
1305 5048 1397 5101 καὶ
1423 5049 1521 5117 τῆς
1552 5050 1788 5114 διανοίας
1821 5051 2000 5106 αὐτῶν
2034 5053 2232 5122 ἥψατο.

658 5133 720 5184 Ui
742 5130 800 5183 δὲ
823 5131 910 5183 διὰ
935 5129 1090 5184 τοῦτο
1111 5131 1425 5200 ὠργίζοντο,
1451 5132 1531 5184 ὅτι
1555 5133 1705 5186 οὐδὲν
1726 5135 1919 5198 αὐτοὺς
1944 5137 2233 5202 ἐδεδίεσαν,

659 5216 740 5270 ὅτι
767 5214 917 5267 οὐδὲν
945 5215 1012 5268 τὰ
1043 5215 1286 5286 παρόντα
1317 5217 1465 5270 δεινά
1497 5216 1746 5288 ἡγοῦντο.
1781 5219 1841 5271 El
1873 5221 1981 5292 γὰρ
2008 5223 2036 5275 6
2069 5239 2235 5276 σταυ-

660 5297 874 5368 ρωθεὶς,
904 5298 1060 5368 φησι,
1085 5298 1310 5352 τοιαῦτα
1339 5299 1650 5369 ἐργάζεται,
1685 5301 1780 5354 καὶ
1801 5302 1892 5354 τὸν
1917 5304 2087 5373 χωλὸν
2111 5306 2234 5359 ἀνέ-

660 5397 874 5451 στησεν,
900 5383 960 5434 οὐ
995 5380 1310 5451 φοϐούμεθα
1347 5382 1466 5435 οὐδὲ
1493 5382 1733 5446 τούτους.
1768 5386 1908 5456 Ἀρα
1941 5389 2036 5444 καὶ
2076 5389 2234 5445 τοῦτο

654 5465 757 5533 τῆς
799 5465 890 5517 τοῦ
927 5464 1059 5518 Θεοῦ
1092 5463 1401 5534 οἰκονομίας
1438 5466 1650 5533 γέγονε.
1693 5467 1968 5523 Ἐντεῦθεν
2015 5472 2233 5537 πλείους

655 5550 705 5601 οἱ
734 5546 828 5602 νῦν
854 5547 1239 5612 πιστεύσαντες
1253 5548 1361 5600 τῶν
1379 5548 1607 5619 πρώτων
1635 5551 1899 5619 ἐγένοντο.
1930 5555 2044 5624 Ἐφ’
2065 5549 2108 5624 ᾧ
2138 5560 2231 5612 καὶ

652 5631 963 5695 δείσαντες,
994 5630 1087 5683 διὰ
1126 5630 1283 5684 τοῦτο
1337 5632 1516 5687 αὐτῶν
1571 5633 1822 5704 ὁρώντων
1866 5637 2059 5708 ἔδησαν
2103 5641 2229 5705 τοὺς

655 5716 1007 5782 ἀποστόλους,
1031 5717 1116 5769 ἵνα
1149 5717 1242 5770 καὶ
1276 5719 1472 5782 αὐτοὺς
1503 5719 1835 5791 δειλοτέρους
1867 5724 2223 5794 ἐργάσωνται.

653 5797 726 5850 Τὸ
756 5798 995 5853 ἐναντίον
1018 5799 1074 5851 δέ
1108 5801 1328 5867 γέγονεν
1358 5802 1389 5872 ἢ
1419 5805 1611 5856 ἐκεῖνοι
1633 5806 1926 5859 ἐϐούλοντο.
1949 5809 2046 5862 Διά
2072 5809 2227 5863 τοῦτο

652 5883 745 5933 καὶ
786 5882 883 5934 οὐκ
927 5883 1013 5936 ἐπ’
1046 5883 1224 5936 αὐτῶν
1274 5885 1468 5949 αὐτοὺς
1522 5887 1896 5957 ἐξετάζουσιν,
1941 5894 2072 5948 ἀλλὰ
2106 5898 2226 5948 κατ’

654 5999 867 6119 tPlNH
895 6001 1142 6052 ἐνέϐαινον.
1210 6005 1238 6044 ι’
1268 6003 1363 6053 Alii
1386 6005 1487 6053 ἀλλ’
1513 6008 1597 6055 οὐκ
1643 6009 1708 6056 ἔτι
1736 6010 1876 6060 τοῦτο
1939 6013 1998 6061 Ἦ
2020 6019 2104 6080 γεερ
2134 6016 2222 6064 Πέ-

2389 897 2546 963 ίδίαν,
2570 897 2658 953 ἵνα
2691 896 2765 968 μὴ
2802 895 2912 950 ἀπὸ
2936 895 3038 966 τῆς
3077 893 3393 965 παρρησίας
3433 893 3485 946 οί
3525 891 3822 956 ἀκούοντες
3855 908 3975 964 κερ-

2383 980 2636 1036 δάνωσιν.
2672 979 2941 1050 Ἐγένετο
2969 979 3038 1032 δὲ
3063 977 3162 1031 ἐπὶ
3189 976 3306 1045 τὴν
3339 977 3552 1045 αὔριον
3585 974 3974 1045 συναχθῆναι
4038 1003 4039 1020 ι

2381 1063 2581 1118 αὐτῶν
2635 1063 2778 1128 τοὺς
2832 1063 3131 1131 ἄρχοντας
3178 1061 3280 1114 καί
3355 1059 3811 1127 πρεσϐυτέρους
3880 1059 3972 1111 καί

2380 1148 2737 1214 γραμματεῖς
2762 1145 2832 1198 ἐν
2866 1141 3290 1213 Ἰερουσαλὴμ,
3327 1142 3427 1196 καί
3463 1143 3685 1196 Ἅνναν
3721 1140 3838 1193 τὸν
3873 1141 3972 1208 ἀρ-

2379 1226 2598 1295 χιε-ρέα,
2641 1228 2739 1280 καὶ
2773 1226 3068 1296 Καϊάφαν,
3100 1227 3198 1278 καί
3231 1224 3538 1291 Ἰωάννην,
3573 1223 3675 1277 καὶ
3706 1221 3971 1286 Ἀλέξαν-

2377 1309 2542 1378 δρον,
2570 1309 2666 1364 καί
2695 1311 2828 1364 ὅσοι
2856 1311 2926 1364 ἐκ
2951 1309 3167 1378 γένους
3196 1305 3360 1379 ἦσαν
3393 1307 3841 1377 ἀρχιερατικοῦ.
3868 1307 3971 1359 Πά-

2377 1392 2464 1446 λιν
2508 1393 2860 1467 συνέρχονται
2917 1392 3223 1447 ἐπιτοαυτό.
3261 1391 3462 1444 Οὐκέτι
3507 1390 3617 1459 γὰρ
3668 1387 3815 1456 μετά
3869 1389 3970 1440 τῶν

2377 1475 2553 1530 ἀλλων
2579 1476 2765 1530 κακῶν
2789 1475 2859 1530 τὰ
2889 1474 2984 1529 τοῦ
3031 1476 3197 1546 νόμου
3246 1474 3598 1544 ἐφυλάττετο.
3644 1473 3761 1526 Καὶ
3808 1471 3970 1526 πάλιν

2375 1558 2726 1630 δικαστηρίου
2775 1558 2962 1629 σχῆμα
2990 1551 3068 1628 τῷ
3110 1556 3398 1630 πράγματι
3439 1555 3848 1627 περιτιθέασιν,
3885 1556 3968 1608 ἵνα

2376 1643 2666 1701 ὑπεύθυνοι
2686 1646 2751 1714 τῇ
2782 1642 2952 1714 ἀδίκῳ
2977 1643 3240 1717 γένωνται
3264 1640 3466 1712 κρίσει.
3489 1639 3591 1694 Καὶ
3619 1638 3968 1704 στήσαντες

2373 1727 2597 1794 αὐτοὺς
2618 1729 2688 1780 ἐν
2711 1725 2898 1797 μέσῳ,
2932 1723 3361 1786 ἐπυνθάνοντο,
3389 1723 3494 1776 Ἑν
3519 1723 3661 1790 ποίᾳ
3687 1721 3964 1790 δυνάμει,

2372 1811 2412 1878 ἦ
2449 1811 2521 1863 ἐν
2562 1811 2713 1873 ποίῳ
2743 1810 2986 1876 ὀνόματι
3025 1806 3348 1873 ἐποιήσατε
3383 1805 3560 1858 τοῦτο
3589 1802 3810 1872 {ua-27¢;
3857 1805 3966 1856 Καὶ

2374 1893 2482 1963 μὴν
2525 1893 2774 1963 ⁴ᾔδεισαν·
2824 1890 3290 1958 Διαπονούμενοι
3339 1888 3484 1959 γὰρ,
3532 1887 3705 1956 φησὶ,
3755 1885 3859 1939 διὰ
3901 1886 3966 1938 τὸ

2369 1975 2803 2044 καταγγέλλειν
2831 1974 2902 2027 ἐν
2933 1973 3014 2038 τῷ
3053 1972 3257 2040 Ἰησοῦ
3296 1971 3412 2038 τὴν
3452 1970 3823 2026 ἀνάστασιν.
3866 1971 3965 2022 Διὰ

2367 2057 2432 2128 δὴ
2455 2059 2615 2110 τοῦτο
2648 2058 2743 2110 καὶ
2773 2054 3038 2126 κατέσχον
3061 2055 3276 2118 αὐτούς.
3295 2053 3454 2117 Τίνος
3487 2048 3579 2106 οὗν
3603 2052 3798 2106 ἕνεκεν
3828 2051 3962 2122 ἐρω-

2368 2139 2536 2205 τῶσι;
2580 2139 2989 2212 Προσδοκῶντες
3021 2138 3218 2200 αὐτοὺς
3247 2136 3338 2191 διὰ
3367 2136 3429 2190 τὸ
3463 2137 3670 2206 πλῆθος
3701 2135 3964 2206 ἐξάρνους

2368 2223 2715 2292 γενήσεσθαι,
2752 2221 2849 2274 καὶ
2884 2222 2945 2274 τὺ
2977 2222 3085 2274 πᾶν
3120 2221 3210 2273 διὰ
3245 2219 3437 2273 τούτου
3479 2217 3798 2288 νομίζοντες
3828 2234 3964 2270 κατ-

2366 2305 2706 2376 ωρθωκέναι.
2741 2306 2884 2376 Ὅρα
2909 2302 3041 2372 γοῦν
3068 2305 3162 2357 καὶ
3189 2303 3242 2356 τί
3263 2321 3428 2373 φασιν
3449 2317 3463 2332 ⁸
3505 2304 3609 2356 Ἐν
3638 2301 3796 2365 ποίῳ
3827 2302 3963 2354 ὀνό-

2362 2406 2502 2458 ματι
2531 2388 2857 2452 ἐποιήσατε
2902 2386 3078 2442 τοῦτο
3109 2387 3309 2456 ὺμεῖς;
3359 2389 3497 2442 Τότε
3537 2385 3764 2453 Πέτρος
3803 2387 3958 2451 πλη-

2365 2470 2531 2536 σθεὶς
2559 2471 2904 2538 Πνεύματος
2931 2470 3126 2536 άγιου,
3157 2471 3290 2524 εἷπε
3319 2470 3470 2538 πρὸς
3531 2468 3759 2532 αὐτούς
3779 2483 3794 2497 ·
3824 2467 3958 2520 ἀνα-

2367 2553 2638 2623 μνήσθητί
2677 2569 2766 2622 μοι
2801 2551 2895 2605 νῦν
2918 2551 3027 2606 τῶν
3059 2552 3153 2606 τοῦ
3188 2552 3425 2623 Χριστοῦ
3475 2552 3674 2620 λόγων,
3705 2551 3801 2604 καὶ
3842 2550 3960 2610 πῶς

2362 2635 2544 2705 ἐξέϐη,
2573 2636 2601 2687 ὃ
2625 2636 2807 2703 ἔλεγεν
2829 2650 2840 2662 ·
2878 2635 3064 2688 Ὀτιιν
3088 2634 3157 2687 δὲ
3185 2633 3596 2704 παραδιδῶσιν
3631 2631 3794 2703 ὑμᾶς
3817 2637 3908 2701 είς
3929 2647 3950 2674 ε
4038 2683 4039 2688 η

2362 2717 2741 2786 συναγωγὰς.
2763 2716 2849 2786 μὴ
2865 2717 3292 2786 μεριμνήσητε.
3318 2716 3444 2782 πῶς
3468 2719 3506 2785 ἢ
3537 2717 3594 2769 τί
3613 2716 3953 2783 λαλήσετε·
4038 2723 4039 2726 “

2361 2801 2431 2854 τὸ
2464 2801 2574 2872 γὰρ
2595 2801 2834 2870 Πνεῦμα
2871 2801 2976 2855 τοῦ
3003 2803 3229 2870 Πατρύς
3261 2800 3429 2871 ὑμῶν
3455 2803 3586 2854 ἐστι
3616 2801 3685 2853 τὸ
3716 2800 3957 2855 λαλοῦν

2360 2884 2430 2936 ἐν
2459 2884 2617 2952 ὑμῖν.
2642 2885 2788 2955 ΙἈρα
2816 2885 3097 2953 ἐνεργείας
3134 2885 3332 2955 πολλῆς
3358 2884 3650 2939 ἀπέλαϐον.
3677 2885 3744 2936 Τί
3773 2884 3834 2937 δέ
3861 2886 3956 2938 καὶ

2360 2965 2529 3033 λέγει,
2574 2968 2832 3020 ἄκουσον·
2873 2969 3199 3036 Ἄρχοντες
3237 2967 3343 3022 τοῦ
3377 2967 3530 3021 λαοῦ
3564 2966 3663 3020 καί
3691 2968 3956 3036 πρεσϐύ-

2358 3066 2516 3118 τεροι
2544 3052 2652 3105 τοῦ
2685 3050 2944 3120 Ἰσραήλ.
2961 3051 3103 3122 Ὅρα
3126 3051 3446 3120 φιλοσοφίαν
3466 3051 3681 3122 ἀνδρὸς,
3707 3052 3806 3104 καὶ
3837 3051 3955 3115 πῶς

2359 3136 2544 3202 γέμων
2575 3135 2889 3206 παρρησίας
2931 3135 3084 3187 οὐδὲν
3117 3134 3430 3204 ὑϐριστικὸν
3465 3135 3790 3204 φθέγγεται,
3815 3135 3954 3189 ἀλλὰ

2362 3217 2502 3285 μετὰ
2528 3221 2727 3288 τιμῆς·
2775 3219 3094 3285 Ἄρχοντες
3124 3216 3232 3270 τοῦ
3269 3217 3445 3283 λαοῦ,
3479 3218 3637 3288 φησὶ,
3673 3218 3777 3273 καί
3811 3237 3947 3289 ,πρε-

2359 3303 2637 3369 σϐύτεροι
2675 3301 2781 3355 τοῦ
2816 3300 3082 3368 Ἰσραὴλ,
3115 3304 3167 3355 εἱ
3197 3301 3369 3370 ἡμεῖς
3391 3301 3662 3371 σήμερον
3703 3304 3953 3373 ἀνακρι-

2358 3386 2579 3453 νόμεθα
2603 3384 3027 3454 ὲπίεύεργεσίᾳ
3041 3384 3356 3452 ἀνθρώπου
3382 3385 3710 3452 ἀσθενοῦς,
3730 3385 3805 3440 ἐν
3832 3387 3951 3440 τίνι

2351 3463 2529 3533 οὗτος
2549 3467 2873 3529 σέσωσται,
2905 3468 3178 3538 γνωστὸν
3206 3469 3362 3522 ἔστω
3401 3467 3593 3524 πᾶσιν
3639 3465 3808 3539 ὑμῖν,
3849 3473 3947 3525 καὶ

2351 3551 2530 3605 παντὶ
2565 3549 2644 3616 τῷ
2691 3550 2818 3616 λαῷ
2861 3552 3132 3621 Ἰσραήλ.
3189 3552 3404 3622 Σφόδρα
3453 3552 3634 3605 αὐτῶν
3684 3553 3951 3620 γενναίως

2351 3633 2633 3703 καθήψατο
2687 3634 2794 3687 ἀπὺ
2853 3635 2950 3688 τοῦ
3004 3635 3338 3705 προοιμίου,
3410 3635 3504 3688 καὶ
3548 3635 3948 3690 διεκωδώνισσο

2353 3714 2552 3784 μᾶλλον
2580 3716 2638 3769 δὲ
2673 3716 2873 3781 αὐτοὺς
2918 3718 3013 3770 καὶ
3044 3717 3316 3788 ἀνέμνησε
3361 3717 3470 3770 τῶν
3511 3716 3831 3789 προτέρων,
3865 3719 3947 3773 ὅτι

2351 3797 2439 3851 ἐπ’
2476 3799 2766 3871 εὐεργεσίᾳ
2796 3800 2993 3864 αὐτοὺς
3022 3801 3322 3870 κρίνουσιν,
3356 3801 3557 3854 ὡσανεὶ
3599 3801 3791 3870 ἐλεγεο
3827 3803 3947 3857 Μά-

2349 3880 2504 3933 λιστα
2537 3884 2635 3951 μὲν
2666 3883 2834 3953 ἐχρῆν
2864 3882 3260 3952 στεφανοῦσθαι
3293 3885 3437 3953 ἡμᾶς
3470 3883 3564 3936 ἐπὶ
3587 3883 3825 3948 τούτοις,
3850 3888 3945 3938 καὶ

2347 3963 2423 4026 ὡς
2447 3965 2741 4036 εὐεργέτας
2767 3965 3266 4038 ἀνακηρύττεσθαι·
3309 3966 3404 4020 νῦν
3434 3965 3492 4019 δὲ
3522 3965 3619 4019 καὶ
3642 3966 3946 4038 κρινόμεθα

2347 4046 2441 4099 ἐπὶ
2473 4048 2766 4120 εὐεργεσίᾳ
2808 4048 3102 4120 ἀνθρώπου
3155 4047 3440 4115 ἀσθενοῦς,
3486 4047 3610 4120 οὐχὶ
3657 4049 3944 4117 πλουσίου,

2343 4129 2466 4200 οὐχὶ
2498 4129 2784 4197 δυνάστου,
2813 4131 2933 4203 οὐχὶ
2963 4131 3206 4198 ἐνδόξου²
3239 4133 3418 4186 καίτοι
3447 4134 3506 4186 ἐν
3529 4132 3707 4204 τούτῳ
3750 4133 3838 4199 τίς
3877 4133 3945 4188 ἂν

2326 4211 2654 4290 ,ἐϐάσκηνε;

2418 4297 2484 4366 β’.
2507 4297 2716 4367 Πολλῆς
2743 4297 3047 4369 βαρύτητος
3065 4301 3099 4371 ἡ
3116 4299 3416 4368 ἐπαγγελία
3444 4300 3627 4372 γέμει.
3645 4300 3936 4355 Δείκνυται

2343 4383 2401 4437 δὲ
2416 4379 2683 4446 ἐντεῦθεν,
2702 4381 2783 4434 ὅτι
2801 4382 2956 4435 αὐτοὶ
2979 4384 3211 4447 ἑαυτοὺς
3231 4383 3259 4423 ἀ
3292 4385 3676 4456 περιπείρουσι
3705 4387 3823 4451 τοῖς
3850 4404 3944 4440 κα-

2343 4483 2481 4525 κοις.
2507 4464 2634 4518 Ὀτι
2665 4463 2736 4518 ἐν
2757 4463 2838 4529 τῷ
2863 4466 3106 4535 ὀνόματι
3139 4466 3346 4529 Ἰησοῦ
3379 4457 3649 4535 Χριστοῦ
3679 4469 3789 4524 τοῦ
3818 4472 3940 4525 Να-

2342 4547 2586 4617 ζωραίου
2603 4546 2744 4619 [82].
2768 4550 2834 4602 Ὀ
2864 4549 3100 4620 μάλιστα
3117 4551 3312 4613 αὐτοὺς
3343 4550 3551 4618 ἐλύπει,
3583 4553 3936 4627 προστίθησι,

2342 4631 2516 4684 Τοῦτο
2549 4627 2620 4702 ἦν
2644 4632 2774 4702 ἀρα,
2805 4631 2834 4685 ὃ
2872 4632 3057 4701 ἔλεγεν
3085 4632 3270 4697 αὐτοῖς
3293 4635 3322 4686 6
3354 4635 3587 4706 Χριστός
3606 4650 3621 4664 ·
3651 4637 3722 4690 Ὃ
3756 4638 3941 4705 ἠκού·

2341 4732 2490 4770 σατε
2512 4718 2598 4781 εις
2619 4716 2694 4769 τὸ
2716 4713 2848 4782 οὖς,
2872 4717 3169 4784 κηρύξατε
3199 4717 3296 4770 ἐπὶ
3320 4717 3437 4771 τῶν
3465 4718 3776 4786 δωμάτων.
3804 4722 3935 4776 Ὀτι

2340 4799 2410 4851 ἐν
2434 4797 2513 4864 τῷ
2535 4799 2783 4868 ὀνόματι
2824 4801 3031 4867 Ἰησοῦ
3055 4801 3315 4868 Χριστοῦ
3338 4801 3444 4855 τοῦ
3466 4802 3830 4874 Ναζωραίου,
3868 4809 3938 4861 ὃν

2341 4882 2510 4949 ὑμεῖς
2533 4882 2976 4949 ἐσταυρώσατε,
3000 4884 3073 4938 ὃν
3093 4887 3125 4938 ό
3151 4885 3294 4950 Θεὸς
3315 4883 3552 4954 ἤγειρεν
3580 4888 3649 4941 ἐκ
3677 4890 3934 4958 νεκρῶν,

2337 4967 2410 5018 έν
2436 4968 2622 5032 τούτῳ
2639 4964 2816 5035 οὗτος
2843 4969 3225 5038 παρέστηκεν
3254 4969 3508 5026 ἐνώπιον
3530 4973 3698 5043 ὑμῶν
3728 4978 3932 5046 ὑγιής,

2337 5050 2431 5118 Μὴ
2456 5051 2734 5122 νομίσητε,
2755 5054 2934 5126 φησὶν.
2963 5055 3044 5106 ὃτι
3071 5055 3386 5125 κρύπτομεν
3419 5057 3517 5127 τὴν
3537 5059 3777 5128 πατρίδα
3812 5061 3847 5134 ἤ
3874 5064 3935 5116 τὸ

2337 5134 2526 5198 πάθος.
2539 5137 2646 5188 Ὃν
2659 5136 2824 5204 ὑμεῖς
2841 5136 3281 5206 ἐσταυρώσατε,
3298 5139 3371 5193 ὃν
3390 5142 3424 5194 ό
3440 5141 3583 5207 Θεὸς
3607 5140 3848 5212 ἤγειρεν
3866 5147 3932 5200 ἐκ

2335 5217 2582 5285 νεκρῶν,
2600 5219 2669 5271 έν
2689 5222 2877 5285 τούτῳ
2892 5221 3074 5286 αὐτὸς
3089 5221 3471 5290 παρέστηκεν
3489 5224 3747 5278 ἐνώπιον
3761 5228 3932 5297 ὑμῶν

2333 5302 2703 5368 ὑγιής.Πάλιν
2718 5304 2780 5356 τὸ
2793 5303 2984 5369 πάθος,
2998 5305 3159 5358 πάλιν
3173 5308 3206 5375 ἡ
3225 5306 3741 5376 ἀνάστασις.Αὐτός
3756 5312 3931 5366 ἐστιν

2334 5389 2368 5440 ό
2387 5387 2558 5454 λίθος
2581 5390 2614 5441 ὁ
2638 5388 3057 5455 έξσυθενωθεὶς
3077 5390 3180 5459 ὑφ’
3200 5389 3368 5459 ὑμῶν
3399 5391 3518 5445 τῶν
3539 5394 3931 5465 οίκοδομούνι-

2333 5485 2469 5534 των,
2495 5473 2529 5524 δ
2560 5474 2882 5541 γενόμενος
2907 5474 2994 5538 είς
3018 5475 3297 5543 κεφαλὴν
3318 5476 3555 5544 γωνίας.
3592 5477 3928 5550 Ἀνέμνησεν

2333 5554 2531 5618 αὐτοὺς
2563 5557 2658 5608 καὶ
2690 5558 2932 5627 ῥήματος
2957 5556 3142 5610 ἱκανοῦ
3175 5559 3442 5629 φοϐῆσαι·
3479 5561 3541 5612 '0
3561 5562 3770 5616 πεσὼν
3791 5565 3923 5635 γὰρ,

2332 5639 2514 5708 φησὶν,
2563 5638 2664 5691 ἐπὶ
2698 5641 2804 5693 τὸν
2840 5642 3012 5695 λίθον
3063 5642 3298 5705 τοῦτον,
3343 5646 3885 5713 συνθλασθήσεται
3911 5663 3923 5678 ⁸

2329 5721 2420 5789 ἐφ’
2451 5721 2522 5775 ὃν
2549 5722 2602 5775 δ’
2627 5720 2706 5778 ἂν
2731 5722 2912 5795 πέσῃ,
2933 5726 3214 5794 λικμήσει
3239 5728 3445 5783 αὐτόν.
3467 5729 3572 5782 Καὶ
3599 5731 3713 5784 οὐκ
3744 5730 3921 5785 ἐστιν

2328 5804 2397 5861 έν
2427 5803 2594 5874 ἇλλφ
2632 5805 2833 5860 οὐδενὶ
2885 5808 2923 5875 ἡ
2968 5811 3230 5877 σωτηρία
3251 5820 3300 5862 ο.
3349 5811 3515 5875 Ποίας
3554 5813 3657 5866 οίει
3701 5815 3919 5884 πληγὰς

2395 5904 2418 5932 θ
2454 5901 2588 5971 U_nus
2610 5902 2938 5971 fo§__Xp¢<no§_
2974 5906 3400 5971 ).éyoy'§oc.__"0mv
3430 5909 3481 5955 δ’
3509 5908 3754 5970 ἀγάγωσιν
3795 5914 3917 5971 ὑμᾶς

2332 5964 2407 6030 εἰς.
2437 5965 2537 6020 τάς,
2601 5963 2626 6003 δ
2670 5963 3174 6027 mc‘quaedam'addn
3203 5963 3655 6030 Moreuus,quaiein
3682 5971 3793 6020 aliis
3819 5963 3914 6023 imn'

2334 6024 2594 6097 Imbenlur,
2632 6033 2684 6077 et
2721 6024 2901 6078 scri'cm
2948 6030 3298 6080 inlcrturbaut.
3369 6046 3391 6072 ε
3426 6024 3566 6083 Alius
3614 6033 3659 6081 ἐν
3701 6035 3835 6100 ἄλλῳ
3883 6042 3910 6090 ή

2335 6103 2566 6146 σωτηρισ.

426 6373 2586 6430 ﬂ
