4068 6408
182 439 255 492 85
1215 431 1278 486 IN
1320 431 1495 487 ACTA
1539 428 2064 488 APOSTULURUM.
2109 435 2341 492 IIOMIL.
2385 437 2454 493 Χ.
3443 448 3513 501 83‘»

169 573 231 611 ra
258 573 656 628 consequamur
697 557 836 613 bona
863 596 876 621 ,
902 555 1074 627 gratia
1115 564 1169 608 et
1197 554 1528 624 benignitate
1567 554 1780 610 Domini

170 658 343 703 nostri
371 648 499 704 Jasu
528 647 766 712 Christi,
799 646 1014 718 quicum
1053 645 1195 700 Patri
1239 659 1291 700 ct
1321 644 1546 714 Spiritui
1591 655 1782 700 sancto

513 783 3505 816 ___________—————————_______.__________________

241 791 503 803 ______.

1893 556 2085 627 gloria,
2119 557 2404 627 imperium
2433 601 2448 626 ,
2481 560 2677 626 honor,
2709 576 2849 616 nunc
2875 573 2931 618 et
2961 579 3180 635 semper
3203 605 3218 629 .
3241 576 3296 621 et
3319 572 3371 628 in
3397 585 3498 624 sua

1893 647 2014 702 cula
2040 650 2385 704 sreculorum.
2416 656 2606 706 Amen.

1585 855 1930 918 HOMILIA
1977 859 2064 920 X.

157 1013 299 1068 Cn.
334 1012 390 1067 4.
425 1028 476 1066 v.
521 1011 573 1066 I.
614 1007 964 1080 Loquentibus
1002 1016 1171 1062 autem
1213 1007 1319 1061 illis
1363 1006 1433 1059 ad
1483 1005 1771 1075 papulum,

237 1112 639 1174 supervenerunt
664 1108 953 1156 sacerdotes
973 1109 1022 1153 et
1053 1099 1383 1170 magistratus
1415 1098 1610 1166 templi.

236 1195 290 1253 1.
337 1195 584 1250 Nondum
630 1209 659 1248 a
708 1192 975 1264 prioribus
1019 1191 1421 1261 reSpiraverant
1463 1189 1761 1244 tentationi-

155 1291 283 1352 bus,
313 1300 368 1344 et
395 1288 575 1344 statim
605 1289 658 1342 in
689 1288 824 1341 alias
856 1284 1182 1340 inciderunt.
1217 1284 1282 1338 Et
1307 1283 1430 1338 vide
1456 1323 1472 1346 ,
1499 1295 1773 1352 quomoao

153 1398 249 1438 res
289 1382 694 1452 dispensentur.
738 1379 921 1433 Primo
957 1393 1079 1432 cum
1114 1376 1367 1432 irrisione
1394 1374 1608 1443 excepti
1647 1381 1775 1429 sunt

149 1492 393 1542 omnes,
437 1490 536 1529 nec
564 1487 724 1544 parva
764 1481 883 1527 erat
926 1470 1044 1526 [nec
1070 1470 1295 1526 tentatio
1321 1487 1334 1523 :
1359 1466 1600 1523 secundo
1624 1507 1640 1532 ,
1670 1465 1769 1535 ipsi

146 1567 432 1640 coryphtei
463 1567 516 1620 in
551 1565 785 1635 pericula
829 1563 1089 1618 incidunt.
1119 1561 1236 1617 Non
1267 1559 1615 1616 continenter
1642 1572 1771 1613 vero

149 1660 272 1714 haec
298 1659 408 1713 duo
433 1658 567 1713 facta
598 1665 744 1720 sunt,
772 1670 948 1725 neque
977 1653 1330 1721 simpliciter;
1361 1651 1455 1706 sed
1484 1661 1764 1721 postquam

150 1753 208 1806 in
258 1749 616 1806 concionibus
659 1748 1008 1811 claruerant,
1060 1753 1118 1800 et
1166 1743 1482 1798 miraculum
1513 1757 1765 1812 magnum

146 1849 464 1911 patrarant;
498 1842 576 1895 sic
606 1839 823 1895 demum
855 1846 1130 1906 assumpta
1161 1834 1355 1890 ﬁducia
1375 1874 1391 1899 ,
1425 1834 1542 1889 Deo
1569 1847 1765 1888 conce-

141 1934 314 1987 dente
360 1931 657 1986 certamina
705 1931 912 1984 ineunt.
959 1927 1041 1981 Tu
1091 1941 1220 1981 vero
1265 1924 1396 1979 mihi
1445 1923 1717 1994 perpende
1746 1963 1762 1988 ,

140 2026 456 2098 quomodo,
490 2027 581 2094 qui
619 2023 950 2092 qutesierant
977 2020 1311 2092 proditorem
1357 2018 1448 2088 qui
1489 2018 1760 2072 Christum

141 2118 392 2173 traderet
415 2159 429 2179 ,
465 2116 552 2171 hic
584 2115 684 2185 ipsi
719 2130 912 2168 manus
938 2112 1185 2181 injiciunt
1232 2111 1527 2166 ferociores
1557 2109 1681 2164 facti
1709 2119 1764 2164 et

141 2211 576 2281 impudentiores
629 2217 753 2280 post
801 2222 1041 2262 crucem.
1095 2205 1379 2260 Peccatum
1427 2203 1573 2258 enim
1629 2202 1759 2258 dntn

139 2304 444 2374 parturitur
471 2344 487 2369 ,
537 2301 828 2372 quemdam
877 2300 1039 2353 habet
1087 2299 1389 2369 pudorem;
1423 2312 1546 2352 cum
1576 2306 1757 2351 autem

140 2396 446 2467 perfectura
497 2403 620 2458 est,
657 2391 1084 2463 impudentiores
1129 2391 1307 2447 reddit
1350 2401 1620 2446 auctores.
1650 2389 1759 2445 Cur

136 2499 324 2544 autem
371 2487 722 2556 magistratus
768 2484 1126 2550 supervenit?
1165 2483 1294 2537 Nam
1343 2482 1758 2550 Supervenerunt

135 2584 269 2652 ipsis
290 2580 580 2635 sacerdotes
606 2591 652 2633 et
696 2580 1029 2650 magistratus
1058 2578 1269 2647 templi,
1315 2578 1506 2647 inquit.
1543 2575 1611 2630 Ut
1638 2591 1756 2631 rur-

134 2691 233 2730 sus
254 2675 530 2745 publicum
556 2674 760 2728 crimen
782 2672 950 2742 gestis
982 2671 1268 2737 inferrent,
1292 2680 1347 2726 et
1374 2685 1479 2725 non
1508 2678 1566 2724 nt
1592 2687 1756 2740 pecu-

134 2771 275 2824 liare
303 2779 358 2822 ct
386 2767 656 2838 privatum
685 2767 1079 2821 ulciscerentur
1109 2781 1123 2817 :
1155 2764 1298 2835 quod
1327 2764 1525 2834 ubique
1574 2762 1752 2819 facere

133 2857 452 2914 studebant.
491 2857 548 2911 2.
583 2857 824 2912 Dolentes
867 2857 1004 2928 quod
1033 2857 1272 2910 docerent
1319 2855 1584 2925 papulum.
1636 2855 1751 2910 Μο-

135 2951 279 3005 leste
309 2949 598 3014 ferebant,
632 2966 736 3002 non
764 2948 929 3003 modo
955 2948 1099 3018 quod
1125 2948 1422 3013 docerent;
1465 2947 1560 3002 sed
1589 2947 1750 3001 etiam

131 3043 284 3115 quod
301 3043 551 3098 dicerent
569 3057 674 3096 non
692 3041 868 3096 solum
883 3041 1056 3111 ipsum
1077 3039 1459 3104 resnrrexisse,
1479 3040 1574 3094 sed
1588 3039 1751 3094 etiam

135 3152 242 3192 nos
257 3152 356 3207 per
373 3135 526 3190 illum
544 3143 947 3190 resurrecturos
965 3148 1105 3187 esse.
1117 3132 1268 3200 Quod
1283 3131 1537 3197 docerent,
1560 3131 1748 3202 inquit,

134 3231 412 3301 populum,
439 3241 485 3283 et
505 3229 870 3287 annuntiarent
895 3231 951 3287 in
977 3225 1109 3287 Jesu
1151 3227 1568 3287 resurrectionem
1611 3247 1750 3284 mor-

132 3332 370 3383 tuorum.
387 3320 462 3379 Ita
493 3320 684 3382 efﬁcax
709 3328 805 3382 fuit
831 3326 976 3381 illius
997 3326 1342 3394 resurrectio,
1368 3335 1425 3380 ut
1449 3326 1610 3381 etiam
1633 3319 1752 3380 aliis

134 3431 331 3474 auctor
369 3417 438 3472 sit
470 3418 906 3473 resurrectionis.
948 3418 1002 3472 3.
1038 3416 1102 3471 Et
1141 3417 1426 3488 injeccrnnt
1452 3417 1506 3470 in
1535 3433 1620 3471 eos
1642 3433 1752 3469 ma-

132 3530 236 3568 nus
259 3554 275 3580 ,
303 3521 353 3566 et
379 3520 657 3584 posuerunt
683 3527 769 3566 eos
795 3512 850 3566 in
882 3511 1167 3565 custodiam
1194 3513 1247 3565 in
1290 3498 1572 3566 crastinum
1597 3525 1615 3564 :
1642 3520 1752 3563 erat

133 3608 273 3661 enim
308 3607 428 3676 jam
477 3621 709 3676 vespera.
757 3604 803 3660 Ο
853 3605 1282 3676 impudentiam!
1332 3605 1525 3660 Adhuc
1571 3606 1752 3675 priore

134 3699 406 3771 sanguine
458 3698 646 3769 plenas
699 3713 893 3754 manus
942 3697 1263 3762 habebant,
1323 3713 1425 3752 nec
1471 3698 1754 3768 segniores

139 3803 342 3860 erant,
374 3792 472 3848 sed
503 3792 805 3862 injeccrnnt
833 3791 1013 3847 denuo
1039 3791 1161 3846 illas
1185 3832 1202 3855 ,
1245 3799 1304 3846 ut
1345 3791 1451 3844 alio
1489 3789 1750 3860 sanguine

136 3886 434 3956 implerent
458 3902 473 3940 :
502 3885 585 3939 vel
611 3883 839 3939 fortasse
871 3884 994 3954 quia
1027 3884 1102 3938 illi
1122 3883 1235 3953 jam
1263 3883 1607 3938 multitudine
1627 3899 1748 3938 cre-

135 3986 353 4040 verant.
383 3977 697 4042 timuerunt,
724 3977 956 4047 ideoque
974 3974 1323 4046 magistratus
1353 3975 1537 4045 templi
1568 3990 1750 4046 super-

135 4071 305 4125 venit.
339 4068 470 4122 Erat
508 4070 643 4123 enim
667 4109 682 4134 ,
715 4069 928 4139 inquit,
967 4071 1083 4136 jam
1115 4083 1344 4137 vespera.
1372 4065 1451 4121 Illi
1497 4081 1626 4121 vero
1656 4082 1748 4123 vo-

135 4163 315 4217 lentes
351 4175 448 4216 eos
492 4160 737 4231 mitigare
766 4202 780 4226 ,
822 4161 902 4215 sic
945 4158 1214 4216 faciebant
1240 4169 1296 4216 et
1332 4159 1742 4216 custodiebant:

133 4254 417 4324 apostolos
442 4263 623 4309 autem
651 4253 970 4308 audaciores
995 4251 1254 4308 reddebat
1286 4267 1434 4308 mora
1464 4253 1743 4324 teInporis.

133 4349 200 4403 Et
249 4347 375 4402 vide
410 4388 428 4414 ,
475 4347 701 4416 quinam
742 4343 1272 4416 comprehendantur
1310 4363 1325 4400 :
1374 4344 1743 4415 apostolorum

129 4439 413 4512 coryphzri
439 4481 454 4503 ,
481 4437 604 4494 aliis
632 4448 819 4509 postea
868 4437 1176 4507 exemplum
1222 4436 1345 4492 tacti
1370 4477 1385 4501 ,
1417 4452 1486 4492 ne
1518 4437 1653 4492 ultra
1685 4451 1745 4492 se

131 4543 328 4586 mutuo
356 4532 659 4602 inquirant,
689 4545 864 4601 neque
892 4531 1253 4586 communiter
1289 4538 1469 4600 agant.
1501 4530 1555 4586 4.
1588 4529 1743 4584 Multi

133 4634 307 4677 autem
333 4638 508 4677 eorum
530 4664 546 4687 ,
591 4623 678 4691 qui
715 4621 988 4677 audierant
1025 4621 1230 4675 verbum
1255 4663 1271 4686 ,
1298 4622 1664 4690 crediderunt,
1695 4633 1743 4676 et

129 4720 303 4785 factus
329 4725 404 4768 est
432 4731 672 4769 numerus
701 4715 925 4768 virorum
954 4715 1152 4768 circiter
1175 4714 1397 4785 quinque
1425 4713 1609 4768 millia.

209 4805 356 4861 Petri
388 4807 451 4870 in
478 4806 829 4861 concionanda
870 4807 962 4860 vis.
994 4837 1066 4846 ——
1086 4805 1221 4874 Quid
1268 4806 1408 4860 hoc?
1438 4822 1570 4862 num
1620 4807 1741 4863 illos

128 4900 456 4969 conspicuos
489 4899 781 4955 videbant?
814 4914 990 4954 annon
1039 4899 1266 4969 ligatos?
1296 4900 1568 4969 quomodo
1596 4914 1731 4970 ergo

129 4990 524 5048 crediderunt?
557 4991 742 5046 Viden’
791 4990 1133 5046 manifestam
1183 4992 1527 5047 efﬁcaciam?
1574 4993 1737 5062 Atqui

126 5098 266 5151 eos,
298 5084 389 5153 qui
437 5081 820 5146 crediderant,
869 5083 1154 5152 oportebat
1206 5080 1530 5139 infirmiores
1576 5084 1732 5150 ﬁcri;

127 5175 227 5231 sed
251 5191 358 5230 non
381 5175 451 5230 ita
481 5173 580 5228 fuit
603 5193 616 5228 :
646 5174 787 5230 Petri
824 5190 1056 5246 namque
1079 5176 1268 5229 concio
1289 5176 1496 5230 semina
1515 5175 1573 5229 in
1599 5193 1728 5245 pro-

129 5267 353 5324 fundum
397 5267 640 5339 iecerat,
691 5279 1036 5338 mentemque
1087 5269 1298 5324 illorum
1350 5269 1622 5325 alleecrat.
1655 5269 1733 5325 Illi

127 5375 263 5415 vero
284 5359 407 5415 ideo
428 5360 851 5426 suecensebaut,
880 5360 1023 5431 quod
1052 5376 1158 5414 non
1190 5361 1260 5415 ab
1286 5362 1394 5415 illis
1421 5371 1731 5416 metueren-

131 5467 238 5521 tur,
259 5457 510 5524 quodque
526 5455 601 5509 illi
621 5454 904 5523 prazsentia
924 5455 1063 5510 mala
1089 5470 1185 5525 pro
1205 5455 1372 5509 nihilo
1395 5465 1728 5525 reputarent.

128 5548 189 5604 Si
215 5548 362 5604 enim
385 5547 674 5602 cruciﬁxus
695 5588 710 5614 ,
738 5544 956 5601 aiebant
979 5588 994 5612 ,
1029 5547 1150 5600 talia
1179 5555 1435 5618 operatur
1455 5589 1469 5613 ,
1501 5559 1554 5603 et
1584 5548 1731 5602 clau-

126 5645 254 5699 dum
285 5641 464 5712 erigit,
493 5656 562 5695 ne
592 5640 875 5696 timeamus
919 5641 1059 5695 illos.
1098 5641 1211 5696 Iloc
1240 5656 1370 5712 ergo
1398 5657 1464 5695 cx
1492 5641 1588 5698 Dei
1617 5644 1732 5697 dis-

130 5736 445 5808 pensatione
489 5733 690 5789 factum
735 5744 837 5790 est.
898 5733 1034 5788 Ilinc
1073 5750 1205 5789 vero
1234 5735 1332 5801 ﬁt,
1365 5745 1424 5789 ut
1450 5737 1540 5802 qui
1587 5753 1729 5793 nunc

129 5830 359 5887 credunt
386 5828 565 5898 plures
585 5827 711 5893 sint,
734 5843 893 5897 quam
921 5827 1149 5896 priores.
1189 5827 1419 5898 Ideoque
1441 5831 1692 5887 timentes
1709 5873 1723 5896 ,

130 5925 233 5980 illis
262 5921 566 5979 videntibus
595 5920 867 5991 apOStoIos
901 5921 1148 5993 ligarant,
1191 5930 1247 5979 ut
1278 5921 1396 5977 illos
1425 5923 1724 5980 timidiores

1887 1002 2194 1060 redderent.
2228 1008 2398 1064 Secus
2428 1018 2609 1065 autem
2636 1012 2871 1080 accidit,
2913 1030 3076 1086 quam
3108 1017 3183 1074 illi
3215 1017 3500 1074 volebant.

1884 1092 2118 1168 Ideoque
2151 1115 2257 1155 non
2289 1117 2471 1157 coram
2494 1097 2609 1160 illis
2640 1106 2789 1176 ipsos
2819 1109 3188 1183 interrogant,
3222 1113 3324 1168 sed
3352 1129 3504 1170 seor-

1881 1189 2018 1254 sim,
2053 1205 2119 1245 ne
2146 1206 2212 1246 ex
2261 1208 2450 1248 eorum
2499 1195 2752 1267 loquendi
2799 1199 3048 1258 libertate
3095 1203 3382 1260 auditores
3415 1206 3501 1260 Iu-

1880 1294 2031 1336 crum
2075 1285 2358 1340 referrent.
2387 1288 2441 1343 5.
2501 1288 2719 1346 Factum
2750 1303 2823 1347 est
2867 1303 3041 1350 autem
3069 1296 3123 1351 in
3168 1299 3460 1353 crastinum
3484 1341 3498 1366 ,

1879 1382 1933 1424 nt
1953 1389 2384 1447 congregarentur
2427 1381 2683 1453 principes
2711 1401 2886 1439 eorum
2916 1397 2964 1440 et
2989 1390 3216 1446 seniores
3244 1400 3291 1443 et
3320 1391 3502 1446 scriba:

1877 1463 1930 1516 in
1959 1464 2288 1524 Jerusalem:
2332 1471 2386 1527 6.
2444 1483 2492 1528 et
2537 1474 2713 1531 Annus
2766 1479 3007 1550 princeps
3060 1483 3426 1550 sacerdotum,
3455 1494 3502 1538 ct

1876 1553 2099 1627 Caiphas
2126 1570 2170 1613 et
2189 1560 2418 1618 Joannes
2441 1577 2485 1619 et
2509 1568 2820 1634 Alexander,
2835 1580 2882 1624 et
2904 1583 3148 1642 quotquot
3164 1585 3316 1628 eram
3334 1575 3398 1629 de
3417 1593 3502 1645 ge-

1875 1664 1995 1703 nere
2037 1654 2366 1709 sacerdotali.
2419 1657 2625 1713 Rursus
2671 1663 3004 1718 conveniunt
3044 1664 3098 1719 in
3129 1681 3330 1720 unum.
3358 1666 3499 1721 Cum

1874 1742 1995 1799 aliis
2023 1745 2184 1800 etiam
2218 1749 2374 1804 malis
2417 1749 2520 1806 hoc
2549 1752 2739 1808 aderat
2759 1795 2774 1819 ,
2803 1756 2948 1826 quod
2978 1756 3063 1813 lex
3096 1773 3204 1814 non
3237 1775 3490 1815 servare-

1875 1844 1983 1890 tur.
2017 1837 2095 1892 Ac
2125 1854 2315 1894 rursus
2341 1841 2527 1911 indicii
2577 1844 2807 1901 formam
2837 1848 2968 1905 huic
2995 1853 3215 1921 negotio
3247 1851 3449 1908 indunt
3480 1895 3496 1915 .

1874 1935 1930 1979 ut
1957 1927 2157 1997 iujusto
2181 1931 2385 2000 judicio
2417 1937 2605 1992 noxios
2637 1939 2756 1994 illos
2786 1940 3034 1998 reddant.
3066 1945 3118 1997 7.
3155 1943 3219 1998 Et
3249 1955 3496 1999 statuen-

1871 2025 1944 2069 tes
1969 2034 2053 2072 eos
2081 2020 2133 2073 in
2162 2023 2326 2078 medio
2348 2067 2364 2090 ,
2395 2026 2773 2099 interrogabant
2799 2046 2816 2085 :
2848 2029 2913 2086 In
2945 2048 3045 2104 qua
3073 2034 3286 2100 virtute,
3318 2046 3414 2089 aut
3443 2054 3495 2089 in

1868 2122 1968 2176 quo
1999 2113 2202 2166 nomine
2231 2116 2424 2183 fecistis
2470 2118 2564 2172 hoc
2604 2122 2734 2175 vos?
2763 2123 2922 2192 Atqui
2955 2123 3009 2178 id
3035 2126 3282 2180 sciebant
3312 2146 3324 2181 :
3361 2143 3493 2181 nam

1868 2201 2106 2258 dolebant
2132 2247 2146 2270 ,
2179 2206 2390 2277 inquit,
2442 2212 2580 2280 quod
2607 2216 2970 2268 annuntiarent
2996 2217 3049 2270 in
3090 2216 3218 2273 Iesu
3263 2236 3496 2275 resurre-

1865 2296 2104 2352 ctionem.
2136 2298 2260 2355 Ideo
2285 2303 2819 2373 comprehenderant
2847 2308 2990 2364 illos.
3023 2309 3132 2367 Cur
3150 2327 3282 2384 ergo
3305 2314 3484 2369 intern

1866 2390 2098 2459 rogant?
2153 2393 2558 2463 Exspectabam
2617 2399 2739 2454 illos
2797 2412 3022 2472 propter
3078 2405 3482 2462 multitudinem

1867 2491 2158 2551 negaturos
2185 2500 2340 2551 esse,
2376 2494 2433 2540 ct
2461 2488 2539 2543 sic
2571 2491 2833 2557 putabant
2860 2508 2919 2547 se
2951 2503 3122 2550 totum
3154 2499 3482 2554 emendatu-

1866 2590 1957 2630 ros
1983 2591 2126 2632 esse.
2159 2577 2296 2635 Vide
2324 2597 2456 2652 ergo
2482 2583 2610 2652 quid
2651 2584 2836 2639 dicant
2865 2605 2876 2640 :
2911 2585 2980 2641 In
3021 2605 3123 2658 quo
3157 2592 3360 2645 nomine
3386 2593 3483 2646 hoc

1864 2669 2062 2738 fecistis
2084 2688 2169 2724 vos
2188 2672 2212 2723 Ρ
2233 2673 2288 2727 8.
2309 2672 2455 2728 Tunc
2477 2675 2660 2730 Petrus
2686 2677 2909 2748 repletus
2931 2678 3325 2748 Spiritusancto
3347 2685 3480 2739 dixit

1859 2760 1930 2812 ad
1958 2777 2060 2814 eos.
2087 2761 2239 2818 Nunc
2260 2765 2547 2821 recordare
2581 2768 2869 2823 verborum
2894 2769 3095 2826 Christi
3115 2772 3216 2844 (a),
3244 2771 3321 2846 [et
3347 2789 3483 2845 quo-

1862 2852 2024 2907 modo
2054 2855 2300 2910 evenerit
2322 2856 2372 2910 id
2403 2857 2546 2927 quod
2577 2859 2791 2914 dicebat
2821 2878 2836 2914 :
2862 2858 2882 2932 ]
2917 2861 3046 2915 Cum
3077 2875 3249 2918 autem
3279 2868 3484 2922 tradent

1861 2962 1948 2999 vos
1990 2948 2042 3000 in
2071 2952 2381 3020 synagogis,
2419 2968 2483 3005 ne
2522 2953 2733 3006 solliciti
2780 2955 2893 3008 sitis
2923 2957 3178 3025 quomodo
3220 2968 3308 3011 aut
3353 2937 3479 3029 quid

1860 3037 2138 3110 loquamini
2167 3059 2185 3094 :
2217 3044 2446 3114 Spiritus
2472 3046 2604 3098 enim
2635 3044 2806 3100 Patris
2839 3050 2990 3102 vestri
3021 3059 3115 3114 est,
3141 3051 3229 3120 qui
3255 3051 3479 3122 loquitur

1858 3135 1909 3187 in
1942 3135 2080 3188 vobis
2111 3136 2129 3203 (
2157 3135 2284 3189 Luc.
2319 3137 2405 3190 12.
2442 3139 2526 3192 11.
2569 3138 2634 3192 12
2657 3138 2698 3208 ).
2754 3139 2896 3209 Ergo
2944 3156 3195 3211 magnam
3248 3158 3478 3213 accepe-

1861 3234 1983 3280 rant
2028 3226 2345 3282 efﬁcaciam.
2397 3229 2536 3296 Quid
2584 3246 2712 3284 vero
2759 3231 2940 3299 dicat,
2984 3235 3149 3287 audi:
3204 3233 3478 3307 Principes

1861 3322 2072 3392 papuli,
2122 3331 2169 3376 et
2213 3324 2436 3379 seniores
2492 3324 2680 3381 Israel.
2724 3326 2854 3382 \‘ide
2903 3328 3298 3399 philosOpliiam
3345 3333 3476 3399 viri,

1859 3425 1914 3470 et
1964 3416 2236 3486 quomodo
2282 3417 2472 3472 ﬁducia
2516 3419 2710 3488 plenus
2751 3419 2882 3473 nihil
2937 3423 3333 3479 contumeliose
3389 3425 3476 3479 di-

1855 3515 1974 3572 cat,
2021 3508 2115 3562 sed
2147 3523 2270 3563 cum
2303 3509 2409 3562 hon
2434 3525 2510 3563 ire
2543 3528 2555 3562 :
2594 3509 2862 3580 Principes
2910 3514 3122 3581 populi,
3176 3514 3385 3585 inquit,
3418 3529 3468 3571 et

1857 3600 2081 3654 seniores
2107 3600 2275 3656 Israel
2289 3617 2306 3654 :
2330 3601 2382 3657 9.
2411 3603 2456 3656 si
2479 3620 2571 3657 nos
2593 3603 2745 3658 hodie
2765 3605 3116 3670 diiudicaniur
3137 3608 3190 3659 in
3212 3607 3478 3678 benefacta

1857 3691 2078 3746 hominis
2107 3694 2299 3760 inﬁrmi
2318 3735 2334 3760 ,
2367 3695 2418 3747 in
2449 3712 2550 3765 quo
2577 3696 2670 3748 iste
2687 3697 2857 3750 salvus
2889 3700 3058 3767 factus
3090 3709 3164 3752 est
3191 3741 3206 3764 ,
3244 3700 3333 3756 10.
3369 3719 3470 3756 no-

1857 3792 1964 3836 tum
1993 3785 2058 3837 sit
2102 3784 2274 3848 vobis,
2308 3795 2355 3839 et
2402 3787 2542 3840 omni
2587 3786 2723 3857 plebi
2764 3785 2952 3842 Israel.
3005 3788 3239 3847 Strenue
3281 3793 3402 3848 illos
3443 3811 3474 3852 a

1857 3875 2123 3945 principio
2149 3877 2464 3947 perstringit
2492 3887 2547 3932 et
2570 3878 2786 3947 carpit;
2822 3878 2931 3934 imo
2954 3880 3060 3934 illis
3086 3882 3265 3951 priora
3287 3886 3339 3939 in
3361 3903 3474 3940 mc-

1856 3970 2082 4023 moriam
2115 3979 2367 4036 revocat,
2411 3971 2553 4040 quod
2608 3972 2726 4026 illos
2755 3971 2826 4028 de
2867 3973 3134 4029 beneﬁcio
3170 3977 3224 4031 in
3251 3977 3343 4048 jus
3371 3996 3471 4033 vo-

1855 4070 1979 4114 cent
2001 4102 2016 4127 ,
2045 4076 2107 4114 ac
2139 4061 2183 4115 si
2225 4062 2433 4118 diceret
2465 4081 2478 4116 :
2511 4063 2709 4133 Utique
2745 4067 3039 4136 oportebat
3069 4083 3169 4124 nos
3197 4070 3297 4125 hac
3320 4072 3388 4126 de
3414 4090 3472 4128 re

1853 4155 2142 4222 coronari,
2175 4167 2339 4226 atque
2370 4164 2431 4212 ut
2467 4156 2740 4213 beneﬁcos
2784 4161 3119 4232 promulgari
3146 4180 3161 4227 ;
3196 4179 3341 4220 nunc
3369 4181 3468 4219 au-

1854 4253 1962 4301 tem
1995 4248 2047 4302 in
2075 4248 2164 4318 jus
2187 4264 2464 4316 vocamur,
2506 4251 2629 4320 quia
2665 4251 2804 4308 bene
2831 4251 3060 4308 fecimus
3084 4255 3286 4310 homini
3311 4257 3467 4312 inﬁr-

1855 4355 1964 4404 mo,
1986 4356 2092 4396 non
2118 4342 2346 4412 potenti,
2371 4358 2476 4398 non
2496 4343 2685 4411 nobili;
2709 4360 3040 4418 quamquam
3061 4350 3190 4405 etin
3221 4349 3326 4407 hoc
3347 4368 3396 4423 q-
3424 4353 3466 4408 is

1852 4433 2172 4490 invidisset?

1921 4526 1975 4579 2.
1996 4526 2182 4597 Magna
2199 4528 2462 4597 gravitate
2487 4528 2770 4584 exordium
2815 4530 3034 4600 plenum
3057 4542 3160 4589 est.
3183 4533 3318 4590 Ilinc
3333 4550 3462 4590 vero

1850 4621 2152 4675 ostenditur
2187 4621 2335 4690 ipsos
2356 4635 2479 4676 sese
2503 4621 2662 4676 malis
2689 4621 2987 4692 implicare.
3014 4625 3146 4690 Quia
3169 4625 3221 4678 in
3253 4628 3463 4682 nomine

1849 4711 1976 4767 Jesu
2002 4711 2192 4767 Christi
2217 4713 2501 4767 Nazareni.
2527 4713 2682 4779 Quod
2724 4713 2847 4770 illos
2886 4716 3123 4771 maxime
3160 4717 3460 4772 contrista-

1848 4805 1961 4872 bat,
1995 4805 2196 4876 adjicit.
2241 4807 2353 4863 IIoc
2399 4815 2536 4873 erat,
2576 4807 2719 4878 quod
2760 4807 2976 4864 dicebat
3015 4809 3121 4864 illis
3165 4811 3455 4866 Christus:

1853 4891 2010 4960 Quod
2027 4897 2084 4952 in
2100 4911 2230 4950 aure
2255 4899 2472 4952 audistis
2497 4941 2512 4966 ,
2566 4901 2844 4969 pra'dicate
2873 4915 3030 4970 super
3054 4910 3185 4954 tecta
3227 4901 3455 4972 (Matth.

1848 4992 1935 5048 10.
1962 4991 2089 5061 ΞἸ).
2123 4993 2184 5046 In
2216 4995 2420 5048 nomine
2461 4993 2588 5048 Jesu
2635 4992 2828 5048 Christi
2861 4993 3161 5063 Nazareni,
3199 5012 3350 5068 quem
3369 5012 3456 5051 vos

1844 5087 2190 5154 cruciﬁxistis,
2209 5085 2357 5155 quem
2376 5085 2514 5141 Deus
2536 5088 2797 5142 suscitavit
2815 5105 2878 5142 ea:
2902 5090 3138 5155 mortuis,
3158 5089 3211 5143 in
3236 5090 3451 5168 hocjstt;

1842 5178 2011 5232 adstat
2042 5188 2214 5233 coram
2252 5181 2387 5233 vobis
2412 5197 2591 5235 sanus.
2618 5180 2696 5235 Ne
2726 5182 2946 5251 putetis,
2979 5182 3190 5252 inquit,
3221 5198 3322 5238 nos
3350 5200 3447 5240 oc-

1842 5271 2051 5327 euitare
2075 5273 2296 5340 patriam
2317 5272 2402 5326 vel
2431 5271 2759 5341 passionem.
2783 5272 2944 5340 Quem
2963 5290 3048 5327 vos
3066 5276 3205 5328 cruci
3212 5275 3400 5344 ﬁxistis
3421 5319 3437 5341 ,

1841 5382 1986 5435 quem
2012 5363 2149 5419 Deus
2175 5367 2511 5420 suscitavitex
2527 5366 2760 5430 mortuis,
2778 5366 2830 5418 in
2847 5365 2942 5420 Iwc
2961 5366 3049 5420 ille
3075 5367 3246 5420 adstat
3272 5384 3448 5429 coram

1841 5459 1980 5513 vobis
2005 5476 2180 5513 sanus.
2229 5459 2426 5515 lterum
2478 5460 2658 5530 passio
2685 5502 2700 5526 ,
2741 5461 2939 5515 iterum
2969 5463 3320 5516 resurrectio.
3355 5464 3446 5518 11.

1843 5551 1944 5605 Hic
1973 5562 2042 5610 est
2077 5554 2242 5622 lapis,
2275 5554 2366 5624 qui
2392 5555 2693 5623 reprobatus
2723 5565 2796 5608 est
2822 5571 2855 5606 a
2886 5555 3024 5608 vobis
3049 5555 3446 5624 aediﬁcantibus,

1838 5645 1926 5715 qui
1951 5648 2114 5716 factus
2156 5657 2227 5700 est
2261 5648 2313 5700 in
2350 5656 2506 5717 caput
2547 5647 2727 5718 anguli
2749 5645 2920 5715 (I’sal.
2953 5648 3076 5702 II7.
3110 5647 3225 5719 2‘2).
3254 5647 3310 5702 In
3334 5664 3448 5704 me-

1841 5737 2065 5790 moriam
2114 5737 2244 5806 ipsis
2293 5747 2513 5793 revocat
2567 5738 2831 5803 verbum,
2878 5733 3022 5807 quod
3074 5747 3278 5795 terrere
3325 5737 3450 5801 illos

1903 5915 1921 5949 ί
1955 5922 2067 5969 Quae
2095 5916 2282 5966 uncinis
2301 5917 2612 5975 clauduntur,
2641 5932 2768 5968 unus
2794 5931 2887 5967 non
2911 5917 3081 5968 habet.
