4068 6408
594 422 663 476 87

594 537 797 605 posset.
824 524 958 582 Nam
986 518 1097 574 ait:
1136 515 1236 584 Qui
1272 506 1505 566 ceciderit
1540 516 1692 572 super
1733 494 1954 563 lapidem
2005 489 2138 542 hunc
2161 526 2174 547 ,

593 590 973 692 confringetur;
998 626 1151 682 super
1172 621 1321 679 quem
1358 615 1473 656 vero
1500 591 1765 656 ceciderit,
1804 590 2027 640 conteret
2057 595 2173 633 eum

1600 686 1612 692 -
1713 681 1743 692 ..
1844 677 1875 692 ..
1961 691 1970 692 ί
2022 670 2156 692 __,__-

1136 670 1225 757 ιά.
1257 696 1321 751 Et
1363 708 1468 787 non
1487 697 1568 787 est
1594 686 1647 740 in
1672 681 1774 787 alio
1804 677 1977 748 aliquo
2017 670 2177 787 salus;

1133 791 1220 847 his
1265 785 1444 842 verbis
1487 780 1609 836 illos
1640 774 1822 848 plagas
1869 759 2182 879 accepisse?

914 887 1059 944 aliud
1083 897 1266 939 nomen
1289 886 1366 933 est
1390 873 1480 928 sub
1507 870 1633 927 ctzlo
1659 867 1833 921 datum
1857 858 2144 916 hominibus
2161 897 2180 923 ,

598 949 649 1044 in
675 949 775 1060 quo
797 991 1030 1054 oporteat
1054 993 1145 1033 nos
1169 974 1335 1029 salvos
1365 967 1498 1038 ﬁeri.
1530 964 1628 1019 Hic
1649 968 1703 1016 et
1729 953 1977 1014 sublimia
2001 949 2181 1060 loqui-

601 1041 708 1135 tur'.
733 1072 962 1146 Quando
985 1069 1127 1126 enim
1156 1080 1263 1120 non
1284 1069 1369 1118 est
1387 1054 1585 1127 aliquid
1609 1050 1864 1124 praeclare
1886 1041 2178 1115 agendum,

600 1171 693 1226 sed
729 1133 928 1224 malum
975 1175 1097 1217 cum
1145 1157 1394 1211 libertate
1436 1143 1761 1219 loquendum
1785 1183 1799 1206 ,
1830 1151 1936 1192 non
1969 1133 2138 1204 parcit
2168 1147 2181 1182 :

601 1277 706 1316 non
736 1259 880 1313 enim
911 1251 1166 1313 timebat,
1196 1261 1264 1301 ne
1305 1241 1716 1314 perstringeret.
1755 1230 1865 1285 Nec
1889 1225 2026 1280 dixit
2051 1222 2182 1276 sim-

601 1350 830 1424 pliciter,
860 1347 963 1402 Per
988 1335 1318 1406 alium;sed,
1352 1332 1474 1388 Non
1503 1340 1574 1384 est
1600 1329 1653 1381 in
1679 1325 1782 1379 alio
1812 1319 1981 1390 aliqua
2013 1315 2186 1416 salus:

601 1405 885 1497 declarans
919 1434 1060 1506 quod
1093 1432 1180 1485 hic
1212 1443 1310 1484 nos
1339 1433 1519 1498 potest
1561 1431 1808 1480 servare,
1864 1421 2026 1481 atque
2081 1405 2185 1459 illis

599 1533 758 1589 simul
790 1541 1052 1585 terrorem
1087 1525 1426 1577 incussuruSr
1456 1514 1544 1568 15.
1585 1507 1823 1564 Videntes
1850 1513 2019 1556 autent
2053 1495 2188 1551 Petri

600 1623 937 1679 constantiam
961 1626 1006 1671 et
1034 1612 1254 1669 Joannis
1271 1651 1284 1675 ,
1326 1616 1581 1675 comperto
1611 1598 1746 1671 quod
1775 1595 2003 1650 homines
2030 1596 2190 1644 essent

601 1721 710 1774 sine
737 1714 896 1770 literis
917 1722 964 1766 et
991 1709 1185 1773 idiotas,
1209 1701 1616 1761 admirabantur,
1636 1702 1682 1748 et
1699 1685 2061 1761 cognoscebant
2086 1697 2186 1744 eos,

602 1813 719 1884 quia
737 1805 894 1864 cumJ
900 1822 984 1860 esu
1006 1804 1226 1873 fuerant.
1247 1798 1314 1852 Et
1327 1788 1616 1865 quomodo,
1637 1785 1827 1855 inquit,
1860 1776 2094 1835 illiterati
2114 1773 2186 1827 illi

606 1864 627 1884 -,
675 1864 680 1866 ~
1006 1864 1016 1873 .
1349 1864 1357 1865 ,

606 1915 660 1960 et
689 1905 830 1973 ipsos
845 1909 898 1955 et
914 1911 1152 1952 summos
1176 1888 1484 1946 sacerdotes
1506 1879 1770 1937 rhetorica
1799 1889 1894 1929 sua
1917 1864 2193 1925 vicerunt?

608 1958 723 2050 Non.
747 1993 844 2062 ipsi
872 1978 1352 2058 loquebantur,sed
1379 1989 1474 2046 per
1501 1987 1595 2028 eos
1622 1969 1792 2042 gratia
1816 1962 2070 2034 Spiritus.
2101 1958 2188 2012 H.

611 2054 996 2154 Hominemque,
1025 2079 1108 2149 qui
1125 2082 1333 2130 sanatus
1353 2070 1541 2140 fuerat,
1566 2080 1680 2118 cum
1701 2061 1770 2114 eis
1791 2067 1927 2114 stare
1950 2054 2190 2113 videntes,

610 2180 737 2235 nihil
760 2184 986 2248 poterant
1012 2166 1373 2224 contradicere.
1400 2159 1585 2229 Magna
1608 2152 1843 2209 hominis
1868 2144 2191 2203 constantia,

609 2287 665 2330 ut
693 2243 866 2344 palam
892 2275 1062 2325 estex
1091 2277 1157 2318 eo
1179 2302 1195 2330 ,
1226 2255 1368 2329 quod
1400 2255 1451 2309 in
1476 2253 1594 2321 ipso
1616 2245 1800 2318 judicii
1831 2243 1948 2297 loco
1977 2253 2081 2292 non
2110 2250 2196 2290 rc-

609 2335 876 2436 linqueret
902 2374 996 2416 eos
1026 2375 1039 2412 :
1089 2358 1159 2411 ita
1189 2361 1248 2408 ut
1271 2352 1314 2407 si
1346 2348 1420 2405 illi
1450 2343 1713 2401 dixissent
1733 2381 1747 2406 ,
1782 2351 1889 2392 non
1920 2335 1991 2388 ita
2022 2345 2080 2386 se
2107 2341 2195 2385 res

617 2457 774 2512 habet
799 2494 815 2520 ,
847 2452 933 2506 ille
962 2445 1339 2515 redarguisset.

685 2515 1038 2616 Apostolorum
1062 2539 1239 2592 uirtus.
1269 2563 1340 2576 ——
1357 2531 1443 2587 l5.
1465 2529 1737 2582 Iusserunt
1757 2530 1924 2575 autem
1949 2533 2031 2572 eos
2056 2515 2197 2586 foras

611 2648 756 2694 extra
773 2632 1043 2691 concilium
1063 2626 1326 2683 secedere:
1351 2633 1395 2676 et
1416 2618 1734 2688 conferebant
1752 2613 1820 2666 ad
1845 2610 2074 2672 invicem,
2104 2605 2192 2662 16.

613 2732 834 2786 dicentes
858 2741 876 2780 :
906 2722 1041 2790 Quid
1067 2719 1311 2790 faciemus
1337 2712 1621 2768 hominibus
1641 2707 1788 2761 istis?
1814 2701 1977 2760 Vides
1998 2743 2010 2766 ,
2038 2713 2198 2768 quam

613 2823 800 2880 incerti
831 2819 970 2876 sint?
997 2815 1147 2870 vides
1173 2811 1462 2865 humanum
1495 2804 1742 2857 timorem
1767 2796 1944 2851 omnia
1975 2805 2205 2862 operan-

613 2914 760 2971 tem?
792 2911 859 2969 Ut
879 2924 998 2978 qua:
1029 2905 1273 2961 Christus
1303 2896 1623 2969 operabatur
1651 2892 1963 2946 subvertere
1987 2883 2065 2937 vel
2098 2881 2197 2934 ob-

613 3018 832 3062 scurare
862 2971 965 3056 non
999 3000 1266 3068 poterant,
1291 2989 1386 3044 sed
1407 2987 1513 3041 illis
1541 2991 1724 3039 contra
1753 2976 2040 3033 nitentibus
2068 2971 2199 3026 ﬁdes

616 3099 781 3168 magis
811 3092 1142 3164 augebatur:
1174 3085 1252 3140 sic
1282 3089 1336 3136 et
1359 3091 1500 3134 nunc
1528 3074 1726 3130 evenit.
1757 3066 1896 3137 Quid
1919 3063 2202 3138 faciemus?

614 3189 659 3244 Ο
685 3155 1071 3256 insipientiam,
1109 3173 1248 3246 quod
1291 3172 1409 3226 illos
1450 3175 1570 3238 post
1605 3164 1880 3234 degustata
1911 3155 2201 3212 certamina

617 3251 808 3337 terreri
838 3273 1120 3347 putabant;
1153 3269 1260 3323 imo
1288 3266 1331 3318 si
1362 3276 1482 3318 cum
1515 3257 1662 3313 initio
1698 3253 1826 3308 nihil
1873 3251 2200 3320 potuissent,

620 3381 738 3442 post
766 3339 968 3425 tantam
1013 3359 1221 3418 dicendi
1254 3355 1555 3412 facultatem
1585 3345 1962 3405 existimabant
1998 3356 2057 3396 se
2099 3339 2201 3393 ali-

617 3462 744 3533 quid
771 3474 888 3514 esse
915 3457 1166 3511 facturos.
1200 3450 1410 3517 Quanto
1435 3445 1591 3513 igitur
1616 3439 1787 3507 magis
1825 3433 2083 3503 impedire
2107 3446 2203 3483 vo-

619 3523 797 3608 lebant
817 3591 833 3616 ,
875 3557 1020 3602 tanto
1046 3543 1214 3612 magis
1235 3552 1322 3596 res
1341 3536 1688 3605 augebantur.
1725 3528 1981 3596 Quoniam
2003 3523 2205 3594 quidem

620 3653 794 3699 notum
820 3641 1018 3709 signum
1046 3639 1238 3706 factum
1261 3639 1332 3686 est
1361 3645 1450 3699 per
1479 3642 1580 3687 eos,
1611 3622 1841 3677 omnibus
1865 3616 2206 3673 habitantibus

618 3707 903 3791 Jerusalem
924 3730 1270 3800 manifestum,
1289 3731 1338 3778 et
1356 3738 1456 3775 non
1479 3732 1745 3788 possumus
1761 3720 1963 3782 negare.
1987 3710 2075 3763 17.
2103 3707 2207 3763 Sed

622 3845 684 3882 ue
707 3824 929 3895 amplius
955 3799 1242 3887 divulgetur
1260 3815 1313 3868 in
1343 3810 1605 3881 papulum,
1635 3804 2000 3880 comminemur
2029 3799 2119 3863 eis,
2147 3813 2209 3851 ne

624 3921 759 3975 ultra
787 3892 1060 3988 loquantur
1082 3913 1136 3966 in
1157 3908 1356 3964 nomine
1385 3905 1478 3959 hoc
1499 3903 1588 3955 ulli
1610 3900 1890 3954 hominum.
1916 3893 2003 3950 18.
2030 3892 2096 3945 Et
2123 3907 2209 3945 vo-

623 4021 791 4068 cantes
821 4027 905 4065 ros
931 4005 1347 4061 denuntiauerunt
1377 4015 1438 4052 ne
1473 3995 1676 4050 omnino
1707 3993 2028 4060 loquerentur
2051 4001 2211 4052 neque

624 4105 857 4158 docerent
883 4101 935 4152 in
964 4097 1165 4152 nomine
1189 4093 1332 4147 Iesu.
1380 4089 1510 4144 Vide
1539 4087 1753 4140 illorum
1789 4078 2171 4150 impudentiam
2193 4119 2207 4142 ,

624 4206 680 4251 et
706 4193 1069 4264 apostolorum
1094 4184 1501 4259 phil050pbiam.
1529 4181 1611 4236 19.
1647 4179 1830 4232 Petrus
1852 4189 1969 4229 vero
1989 4181 2034 4225 et
2059 4169 2214 4225 Joan-

629 4305 715 4341 nes
738 4284 1113 4354 respondentes,
1137 4280 1368 4333 dixerunt
1393 4275 1459 4327 ad
1481 4289 1562 4326 eos
1592 4288 1609 4326 :
1637 4272 1695 4326 Si
1722 4271 1911 4336 iustum
1936 4273 2005 4319 est
2027 4264 2078 4317 in
2104 4279 2219 4316 con-

629 4389 804 4446 spectu
822 4352 936 4437 Dei,
969 4389 1054 4425 vos
1077 4372 1242 4441 potius
1272 4366 1449 4420 audire
1472 4379 1623 4432 quam
1649 4359 1833 4420 Deum,
1853 4357 2103 4427 judicate.
2122 4352 2212 4407 20.

637 4467 748 4521 Nos
774 4482 874 4520 non
904 4478 1187 4534 possumus,
1219 4475 1332 4527 qua:
1363 4457 1576 4511 vidimus
1602 4463 1648 4506 et
1675 4451 1978 4512 audivimus,
2015 4462 2112 4500 non
2136 4444 2214 4497 lo-

631 4561 734 4630 qui.
764 4557 855 4611 21.
883 4557 946 4608 At
970 4555 1046 4607 illi
1084 4551 1440 4605 comminantes
1487 4547 1780 4599 dimiserunt
1807 4557 1921 4606 eos,
1951 4555 2050 4591 non
2074 4538 2216 4590 inve-

635 4652 858 4715 nientes,
885 4644 1138 4713 quomodo
1179 4642 1412 4712 punirent
1452 4654 1534 4690 eos
1555 4679 1568 4699 ,
1600 4643 1802 4703 propter
1840 4629 2102 4700 populum.
2133 4625 2218 4680 Si-

636 4740 856 4795 lentium
907 4736 1010 4792 illis
1065 4733 1397 4802 imperabant
1450 4727 1734 4788 miracula,
1789 4736 1851 4775 ac
1892 4726 2074 4788 postea
2117 4732 2222 4769 non

642 4831 974 4902 patiebant-ur
995 4829 1113 4881 illos
1134 4825 1354 4895 implere
1375 4833 1676 4876 sermonem
1701 4833 1714 4879 ;
1742 4813 1835 4869 sed
1861 4810 2073 4865 interim
2097 4823 2227 4862 con-

645 4924 920 4979 tumeliose
942 4918 1227 4974 admodum
1249 4918 1387 4976 illos,
1409 4930 1475 4967 ne
1497 4912 1861 4981 loquerentur,
1883 4903 2226 4959 cohibebant.

649 5018 781 5082 Quia
802 5029 973 5068 omnes
998 5008 1344 5078 clariﬁcabant
1376 5005 1539 5058 Deum
1563 5005 1612 5055 in
1643 5018 1719 5067 eo,
1749 4999 1885 5068 quod
1907 5003 2094 5068 factum
2118 4998 2231 5066 fue-

645 5120 742 5163 rat.
773 5107 868 5160 ἳὲ.
895 5106 1159 5156 Annorum
1182 5099 1312 5152 enim
1338 5105 1440 5149 erat
1465 5093 1682 5160 amplius
1703 5087 2040 5158 quadraginta
2058 5087 2228 5151 homo,

648 5205 698 5254 in
725 5217 820 5268 quo
843 5200 1031 5267 factum
1063 5199 1225 5265 fuerat
1257 5191 1456 5260 signum
1489 5187 1585 5239 hoe
1602 5184 1848 5237 sanitatis.
1873 5180 1976 5236 Sed
2006 5195 2090 5242 ea,
2115 5193 2233 5247 qua:

652 5309 804 5363 supra
836 5292 971 5344 dicta
1005 5294 1148 5350 sunt,
1182 5294 1502 5353 repetamus.
1535 5278 1612 5350 (a)
1644 5276 1778 5344 Quid
1801 5276 2043 5344 faciemus
2074 5270 2233 5322 hami--

657 5388 802 5438 nibus
846 5382 992 5436 istis?
1039 5379 1220 5434 Primo
1265 5377 1422 5445 igitur
1451 5381 1668 5440 propter
1693 5369 1916 5438 gloriam
1949 5366 2236 5419 humanam

658 5478 833 5531 omnia
868 5475 1161 5536 iaciebant;
1194 5476 1332 5522 n‘unc
1359 5475 1533 5519 autem
1563 5463 1939 5532 aliudqueque
1966 5461 2015 5512 in
2049 5471 2239 5527 prepo-

655 5571 756 5622 sito
789 5573 933 5628 erat,
977 5573 1034 5616 ιιι
1072 5577 1135 5616 ne
1179 5561 1488 5614 viderentur
1537 5552 1860 5622 sanguinarii
1901 5564 2054 5609 esse;
2100 5547 2242 5617 quod

661 5671 840 5732 postea
869 5655 1116 5711 dicebant
1145 5673 1158 5708 :
1196 5653 1362 5706 Vultis
1391 5650 1628 5703 inducere
1653 5662 1803 5715 super
1831 5661 1921 5697 nos
1948 5641 2241 5711 sanguinem

721 5793 792 5861 ta)
829 5790 921 5861 llic
947 5796 997 5839 et
1020 5787 1159 5849 infra,
1201 5783 1348 5835 multa
1382 5785 1587 5834 deerant
1633 5782 1680 5831 in
1712 5777 1873 5828 Morel.
1911 5789 2019 5840 qua:
2044 5789 2104 5826 ex
2130 5782 2235 5824 uss.

662 5860 778 5903 testi
788 5860 998 5903 tuuulur.

1337 396 1395 453 s.
1432 385 1707 449 JOANNIS
1745 371 2216 440 CllRYFOS’l‘OMt
2258 369 2577 428 ARClllEP.
2621 366 3151 424 consumma.

2287 482 2503 537 hominis
2529 481 2713 537 istius?
2741 480 3112 536 Connuincmur
3142 481 3240 544 eis,
3277 495 3340 535 ne
3365 481 3500 534 ultra
3525 481 3808 549 loquantur
3835 489 3886 534 in

2285 576 2487 630 nomine
2504 587 2508 616 ·-
2523 575 2619 628 hoc
2655 574 2752 628 ulli
2791 574 3071 628 hominum.
3103 574 3149 630 Ο
3189 574 3580 644 insipientiam!
3629 575 3886 632 Persuasi

2285 667 2425 739 quod
2449 667 2982 731 resurrexisset,cum
3000 667 3131 722 hinc
3151 677 3520 738 argumentum
3543 668 3889 735 accepissem

2288 761 2459 832 ipsum
2489 773 2611 816 esse
2645 759 2833 822 Deum,
2866 773 2987 813 eum
3019 759 3106 826 qui
3137 775 3165 811 a
3196 769 3368 814 morte
3393 759 3621 816 detineri
3651 776 3763 815 non
3793 776 3889 830 po-

2288 863 2481 918 tuerat,
2510 854 2620 909 suis
2653 854 2914 909 machinis
2933 852 3172 912 cohiberi
3197 870 3354 923 posse
3372 855 3726 924 sperabant‘.
3745 854 3888 923 Quid

2289 946 2412 1002 huic
2434 949 2655 1002 insanias
2678 949 2810 1017 par?
2835 949 2895 1004 Et
2922 964 2987 1004 ne
3009 948 3219 1003 mireris
3245 948 3386 1018 quod
3414 962 3522 1011 res,
3547 953 3669 1018 q’me
3695 949 3888 1018 perlici

2289 1057 2395 1095 non
2427 1050 2693 1110 poterant,
2723 1042 2911 1097 iterum
2930 1050 3214 1096 attentent.
3240 1039 3556 1109 Huiusmodi
3581 1050 3666 1096 est
3691 1041 3889 1111 iniqui-

2291 1141 2409 1187 tas:
2439 1132 2570 1186 nihil
2616 1134 2860 1202 respicit,
2905 1133 2998 1188 sed
3027 1134 3220 1202 ubique
3259 1133 3632 1187 tumultuatur.
3663 1133 3892 1190 Moleste

2289 1227 2433 1278 enim
2469 1224 2731 1290 ferentes,
2774 1226 2843 1279 ita
2878 1224 3058 1280 allecti
3091 1233 3280 1291 erant,
3321 1234 3378 1278 ut
3416 1224 3460 1279 si
3496 1223 3709 1296 decepti
3755 1226 3890 1281 fuis-

2289 1322 2411 1368 sent
2441 1316 2496 1378 ’;
2534 1313 2676 1382 quod
2719 1315 2912 1370 accidit
2951 1315 3052 1378 iis,
3091 1316 3181 1383 qui
3222 1317 3576 1385 praeoccupati
3610 1326 3665 1370 et
3710 1316 3891 1370 luditi-

2291 1404 2394 1459 cati
2436 1416 2563 1460 stmt
2605 1406 2658 1460 in
2699 1407 2871 1476 aliqua
2916 1421 2995 1468 re.
3047 1406 3126 1459 Illi
3168 1405 3309 1460 enim
3353 1406 3550 1476 ubique
3597 1406 3891 1471 dicebant,

2292 1499 2434 1569 quod
2478 1499 2619 1554 Deus
2661 1498 2832 1569 ipsum
2861 1498 3203 1572 suscitasset,
3234 1497 3378 1567 quod
3411 1497 3462 1550 in
3507 1499 3729 1553 nomine
3763 1499 3894 1554 Jcsu

2295 1591 2381 1646 hic
2409 1590 2645 1645 adstaret
2682 1604 2874 1657 sanus,
2914 1589 3259 1644 ostendentes
3291 1604 3418 1644 vere
3457 1591 3766 1646 surrexisse
3805 1591 3894 1646 Je-

2294 1698 2434 1737 sum.
2466 1681 2716 1752 Alioquin
2757 1697 2884 1736 vero
2915 1680 3013 1750 ipsi
3053 1682 3263 1750 quoque
3290 1683 3744 1736 resurreCtioneu.
3775 1698 3896 1738 esse

2296 1775 2590 1845 putabant,
2637 1771 2825 1843 frigide
2842 1773 3065 1843 quidem
3096 1782 3152 1826 et
3181 1771 3487 1841 pueriliter;
3523 1775 3785 1842 putabant
3813 1787 3897 1828 ta-

2298 1881 2421 1920 men
2447 1884 2458 1918 :
2492 1879 2634 1920 nunc
2660 1880 2789 1919 vero
2819 1880 2924 1918 non
2951 1863 3206 1928 credunt,
3237 1874 3290 1920 et
3318 1864 3621 1931 turbantur,
3652 1867 3782 1935 quid
3824 1866 3901 1920 fa-

2295 1957 2545 2014 ciendum
2585 1959 2653 2013 sit
2690 1957 3080 2013 consultantes.
3131 1957 3244 2012 Hoc
3286 1957 3528 2027 profecto
3570 1959 3752 2012 solum
3794 1976 3900 2014 non

2298 2051 2428 2104 satis
2454 2060 2571 2104 erat
2606 2049 2671 2103 ad
2708 2048 3169 2121 persuadendum,
3215 2063 3284 2104 ne
3312 2049 3437 2120 quid
3472 2049 3574 2104 illis
3621 2050 3864 2106 facerent
3886 2094 3902 2116 ,

2299 2141 2442 2211 quod
2488 2154 2681 2208 nempe
2709 2154 2828 2194 cum
2873 2146 3016 2194 tanta
3059 2140 3303 2194 libertate
3349 2139 3740 2210 loquerentur?
3768 2141 3903 2206 Cur,

2299 2246 2513 2304 qumso,
2561 2248 2666 2286 non
2696 2231 2870 2287 credis
2890 2271 2904 2296 ,
2947 2247 2980 2283 o
3019 2230 3242 2286 luds-ei
3274 2230 3407 2285 Nam
3433 2232 3588 2301 signo
3618 2233 3907 2286 attendere

2299 2324 2582 2396 oportebat
2613 2331 2670 2379 et
2705 2323 3076 2389 sermonibus,
3109 2338 3217 2378 non
3247 2335 3426 2378 autem
3472 2324 3771 2386 multorum
3801 2324 3906 2376 ini-

2300 2418 2510 2490 quitati.
2548 2410 3735 2483 thuarenantraduntillosRomanis?Jam
3768 2412 3909 2466 male

2298 2508 2588 2565 audiebant
2632 2505 2772 2577 apud
2824 2506 2946 2561 illos
2997 2506 3067 2560 ob
3104 2521 3189 2571 ea,
3249 2519 3368 2574 qua:
3413 2504 3466 2559 in
3511 2503 3795 2559 Chrismm
3827 2505 3909 2558 fe-

2301 2611 2518 2667 cerant,
2551 2611 2712 2670 atque
2741 2600 2814 2654 ita
2851 2599 2954 2653 sibi
2997 2599 3126 2668 ipsis
3157 2597 3356 2652 malum
3393 2595 3736 2657 inferebant,
3778 2594 3906 2649 dum

2301 2693 2582 2758 curabant,
2607 2701 2666 2746 ut
2691 2705 2878 2748 eorum
2912 2689 3203 2759 publicatio
3230 2686 3562 2743 dill‘erretur.
3594 2685 3654 2740 In
3683 2685 3908 2757 Christo

2303 2796 2480 2841 autem
2514 2787 2806 2849 nou‘item;
2837 2783 2928 2838 sed
2959 2782 3134 2838 media
3161 2790 3318 2837 nocte
3343 2792 3559 2850 raptum
3583 2779 3774 2835 statim
3807 2779 3904 2834 ab-

2301 2879 2591 2942 duxerunt,
2622 2892 2793 2946 neque
2814 2875 3157 2938 distulerunt,
3190 2871 3582 2928 multitudinem
3607 2872 3906 2927 admodum

2303 2965 2579 3024 timentcsf
2598 2967 2749 3023 Circa
2775 2966 2871 3021 hos
2888 2975 3064 3020 autem
3093 2964 3292 3017 nullam
3320 2961 3564 3017 fiduciam
3590 2961 3870 3017 habebant
3896 2982 3908 3018 :

2307 3077 2480 3132 neque
2510 3059 2782 3115 adducunt
2815 3073 2908 3114 eos
2946 3057 3012 3112 ad
3053 3057 3314 3123 Pilatum,
3343 3055 3485 3127 quod
3515 3057 3761 3126 priorum
3813 3073 3913 3126 pn-

2307 3157 2480 3220 derct,
2513 3171 2574 3209 ac
2607 3168 2673 3209 ne
2701 3153 2769 3208 de
2798 3152 2863 3207 iis
2885 3150 3354 3221 redarguerentur.
3393 3148 3608 3204 Factum
3635 3161 3712 3204 est
3736 3161 3915 3206 autem

2307 3251 2360 3304 in
2386 3249 2683 3314 crastinum,
2711 3254 2768 3299 ut
2812 3253 3239 3315 congregarentur
3279 3241 3533 3313 principes
3552 3259 3730 3297 eorum
3756 3253 3804 3297 et
3827 3259 3909 3297 se-

2308 3345 2478 3398 niores
2501 3352 2546 3396 et
2570 3341 2748 3394 scriba:
2776 3340 2828 3392 in
2851 3337 3160 3392 Jerusalem.

2379 3439 2431 3492 5.
2476 3434 2618 3487 Petri
2637 3431 2941 3486 constantia.
2959 3460 3031 3470 —
3049 3429 3255 3484 Rursus
3276 3428 3498 3483 concilia
3527 3427 3910 3498 Jcrosolymis,

2308 3539 2362 3586 et
2387 3530 2456 3584 ibi
2489 3527 2704 3598 sanguis
2721 3524 3044 3587 ell'unditur;
3072 3537 3242 3591 neque
3269 3523 3456 3575 urbem
3483 3520 3704 3574 rever-ili
3749 3531 3902 3573 sunt.

2310 3623 2513 3685 Atinas,
2548 3618 2736 3688 inquit,
2771 3623 2825 3670 et
2855 3614 3110 3684 Caiphas.
3147 3612 3312 3682 llujtts
3363 3627 3490 3665 vero
3533 3625 3602 3664 ne
3655 3611 3916 3665 ancillam

2309 3714 2523 3786 quidem
2569 3713 2989 3780 interrogantem
3022 3706 3277 3762 sustinuit
3326 3705 3517 3759 Petrus
3561 3703 3779 3773 (Matth.
3819 3703 3913 3757 26.

2311 3810 2400 3876 70)
2432 3825 2444 3861 :
2470 3805 2569 3860 sub
2595 3804 2697 3858 hoc
2720 3808 3026 3872 negaverat,
3060 3800 3188 3853 dum
3207 3798 3345 3852 alius
3371 3797 3731 3851 detineretur.
3759 3795 3918 3850 Nunc

2313 3917 2443 3958 vero
2469 3901 2520 3956 in
2550 3897 2756 3954 medios
2797 3895 2916 3949 illos
2945 3906 3256 3962 erumpens,
3281 3890 3404 3946 vide
3429 3889 3702 3960 quomodo
3729 3889 3921 3957 loqua-

2317 4005 2403 4050 tur
2436 4014 2448 4048 :
2485 3993 2548 4049 Si
2577 4008 2668 4047 nos
2717 3989 2867 4043 hodie
2893 3986 3238 4058 dijudicamur
3278 3985 3332 4036 in
3381 3983 3642 4052 benefacta
3694 3982 3921 4035 hominis

2313 4087 2527 4154 infirmi,
2555 4086 2609 4138 in
2639 4099 2736 4154 quo
2757 4084 2851 4136 iste
2875 4081 3043 4135 salvus
3074 4081 3238 4149 factus
3269 4087 3360 4142 est,
3391 4085 3565 4128 uotum
3591 4075 3653 4126 sit
3684 4075 3924 4128 omnibus

2317 4180 2478 4234 vobis.
2510 4177 2591 4232 llli
2624 4192 2775 4237 vero,
2810 4174 2876 4227 In
2906 4190 3004 4241 quo
3042 4173 3264 4234 nomine,
3294 4169 3566 4238 inquiunt,
3604 4169 3795 4238 fecistis
3827 4168 3926 4221 hoc

2319 4273 2444 4326 vos?
2469 4269 2577 4323 Cur
2607 4284 2712 4322 non
2736 4266 2837 4319 hoc
2865 4265 3019 4327 dicis,
3041 4262 3135 4318 sed
3170 4260 3445 4315 occultas?
3479 4258 3541 4311 In
3568 4275 3666 4328 quo
3717 4260 3927 4312 nomine

2322 4362 2509 4435 fecistis
2538 4362 2633 4414 hoc
2652 4359 2778 4413 vos?
2800 4357 2955 4426 Atqui
2984 4354 3213 4417 diccbat,
3243 4351 3359 4406 Non
3383 4365 3480 4405 nos
3511 4350 3754 4406 iecimus.
3791 4351 3927 4405 Vide

2320 4454 2659 4526 prudentiam
2696 4468 2708 4504 :
2745 4465 2849 4503 non
2873 4448 3007 4501 dixit
3034 4445 3236 4509 statim;
3269 4443 3324 4497 ln
3356 4443 3573 4497 nomine
3603 4441 3732 4498 Jesu
3787 4441 3924 4498 feci-

2325 4563 2475 4614 mus;
2507 4548 2599 4601 sed
2621 4544 2746 4616 quid
2770 4544 2792 4597 ?
2820 4542 2887 4600 In
2917 4541 3120 4595 nomine
3144 4541 3254 4609 ejus
3284 4537 3364 4591 hic
3386 4537 3553 4590 adstat
3581 4552 3755 4590 coram
3784 4537 3928 4589 vobis

2325 4657 2497 4696 sanus.
2533 4637 2717 4706 Neque
2739 4634 2886 4695 dicit,
2912 4632 3105 4686 Factus
3135 4638 3219 4683 est
3247 4644 3273 4682 a
3307 4627 3460 4682 nobis
3489 4640 3673 4680 sanus.
3708 4626 3773 4680 Et
3800 4641 3925 4681 rur-

2328 4748 2441 4797 sus,
2474 4731 2535 4786 Si
2564 4747 2653 4783 nos
2683 4728 3027 4797 dijudicamur
3054 4723 3106 4775 in
3159 4722 3419 4791 benefacta
3458 4719 3678 4773 heminis
3707 4719 3926 4787 infirmi.

2332 4821 2653 4891 Perstringit
2691 4820 2813 4874 illos
2853 4814 3026 4885 utqui
3075 4827 3288 4882 semper
3317 4810 3530 4866 easdem
3557 4810 3933 4865 accusationes

2333 4915 2607 4988 proferant
2628 4956 2642 4978 ,
2673 4922 2726 4966 et
2759 4908 3020 4964 beneﬁcia
3067 4906 3341 4959 hominum
3389 4901 3793 4973 reprehendant
3823 4919 3836 4954 :
3869 4916 3933 4954 ac

2336 5009 2601 5081 praeterita
2630 5009 2680 5059 in
2705 5001 3019 5057 memoriam
3049 5008 3284 5061 revocat,
3313 4995 3454 5066 quod
3477 5009 3692 5062 semper
3717 4992 3785 5046 ad
3823 5008 3931 5048 etc—

2338 5105 2431 5158 t'lCS
2460 5108 2677 5156 currant
2701 5114 2714 5161 ;
2738 5110 2912 5165 neque
2943 5093 3044 5149 hoc
3070 5099 3293 5153 tantum,
3339 5087 3437 5143 sed
3468 5087 3631 5142 etiam
3662 5084 3732 5140 tle
3763 5085 3938 5140 bene-

2343 5197 2474 5251 liciis
2529 5195 2792 5247 inrusent.
2828 5186 3007 5249 Vides,
3037 5182 3176 5254 quod
3219 5181 3426 5252 pondus
3456 5179 3618 5233 verba
3654 5178 3934 5234 habeant?

2343 5288 2396 5341 ln
2432 5287 2514 5340 bis
2541 5286 2686 5340 enim
2714 5277 3163 5341 exercitabantur,
3196 5289 3259 5328 ac
3286 5274 3541 5340 deinceps
3586 5270 3937 5339 imperterriti

2344 5390 2511 5434 erant.
2547 5379 2680 5431 l'line
2709 5372 2940 5429 ostendit
2985 5370 3103 5423 illos
3140 5367 3222 5422 vel
3268 5365 3464 5420 invitos
3492 5363 3768 5418 Christum
3801 5378 3940 5432 pra:-

2411 5517 2428 5547 ι
2498 5509 2634 5557 l'nus
2686 5506 2841 5554 codex
2895 5499 3041 5549 habet
3071 5539 3083 5560 ,
3169 5508 3331 5564 Ipsum
3354 5495 3729 5564 _ess_c__neu_m,_in
3752 5493 3942 5544 nomine

2346 5578 2474 5629 illius
2501 5585 2641 5633 quem
2664 5558 3138 5635 ntorsldrtiuerenon
3164 5558 3333 5623 potuit,
3348 5561 3399 5611 in
3422 5558 3550 5610 illius
3575 5559 3729 5623 ipsius
3752 5570 3942 5608 nomine

2349 5627 2669 5705 prtrdicautas
2691 5629 2905 5705 cohibere
2923 5627 3208 5705 audiuntur.

2414 5682 2433 5732 δ
2471 5682 2526 5748 lvi
2541 5682 2724 5745 eodem
2750 5692 2864 5741 titul.
2894 5693 2963 5738 sic.
2983 5690 3163 5750 legitur
3185 5686 3315 5756 ,_Sc_d
3339 5684 3535 5756 ubique
3553 5682 3875 5756 tumultmttur
3905 5689 3946 5751 et

2353 5768 2402 5815 in
2423 5745 2650 5823 seripsam
2668 5756 2901 5817 impingit.
2937 5760 2989 5801 (Il
3035 5745 3150 5812 Ergo
3174 5749 3215 5800 si
3250 5745 3441 5813 decepti
3462 5745 3682 5810 fuissent,
3704 5745 3773 5796 ita
3795 5745 3944 5796 consi-

2356 5828 2473 5879 tium
2495 5825 2673 5875 ineunt.
