4068 6408
135 310 210 369 87
1244 306 1318 365 IN
1347 309 1535 366 ACTA
1578 307 2120 368 APOSTOIDRUM.
2150 308 2387 367 IIOMIL.
2430 311 2497 375 Χ.
3388 306 3462 367 88

125 425 330 488 αὐτοὺς
364 421 668 495 λαμϐάνειν
714 424 779 478 ἐκ
833 421 1040 476 τούτων
1083 422 1192 477 τῶν
1242 423 1547 495 ρημάτων;
1591 422 1744 476 οὔτε

123 511 238 577 gap
273 509 463 578 ὄνομα
490 507 700 576 ἕτερόν
723 507 857 560 ἐστι
903 507 1025 562 ὑπὸ
1065 506 1174 561 τὸν
1199 507 1464 578 οἰιρανὸν
1492 506 1557 560 τὸ
1581 503 1744 559 δεδο-

116 593 315 662 μένον
364 590 436 646 ἔν
483 589 856 660 ἀνθρώποις,
897 590 968 643 έν
994 583 1042 656 ᾧ
1089 590 1186 644 δεῖ
1227 590 1499 660 σωθῆναι
1550 588 1731 660 ημᾶς.

137 677 414 731 Ἐνταῦθα
456 675 551 729 καὶ
585 674 764 746 ὑψηλά
804 673 1125 746 φθέγγεται.
1155 678 1326 730 Ὅταν
1367 676 1477 747 γὰρ
1515 672 1654 750 μὴῇ
1688 693 1742 729 τι

124 760 506 832 κατορθῶσαι,
536 759 676 814 ἀλλά
705 760 1016 832 παρρησίαν
1057 759 1432 824 ἐπιδείξασθαι
1466 761 1648 830 μόνον,
1679 759 1740 813 ού

125 846 413 915 φείδεται·
437 846 498 898 οὐ
525 844 636 916 γὰρ
676 845 955 907 ἐδεδοίκει,
987 845 1062 916 μὴ
1094 845 1305 917 πλήξῃ·
1345 846 1439 899 καὶ
1459 846 1560 898 οὐκ
1587 841 1744 899 εἶπεν

123 929 346 994 ἁπλῶς,
375 929 455 982 Δι’
478 929 641 984 ἄλλου
666 945 680 958 ·
715 928 858 992 ἀλλ’,
885 930 1007 982 Οὐκ
1036 929 1211 983 ἔστιν
1240 930 1310 983 ἐν
1331 921 1508 996 ’ἄλλῳ
1535 929 1740 983 οὐδενί

124 1017 167 1082 ἡ
194 1014 465 1082 σωτηρία
485 1029 498 1042 ·
551 1010 750 1081 δηλῶν,
783 1012 865 1064 ὅτι
916 1005 1073 1075 οὗτος
1103 1013 1250 1082 ἡμᾶς
1279 1011 1453 1065 σῶσαι
1493 1010 1740 1076 δύναται,

122 1097 270 1168 ὁμοῦ
303 1096 360 1150 δέ
392 1095 487 1150 καὶ
514 1094 836 1165 βουλόμενος
860 1095 1060 1158 αὐτοὺς
1087 1095 1342 1166 φοϐῆσαι.
1368 1094 1744 1166 Θεωροῦντες

123 1181 201 1234 δὲ
235 1179 355 1247 τὴν
383 1179 491 1233 τοῦ
519 1177 746 1248 Πέτρου
777 1177 1124 1247 παρρησίαν
1148 1179 1248 1233 καί
1289 1177 1603 1241 Ἰωάννου,
1645 1178 1743 1233 καί

124 1265 633 1334 καταλαϐόμενοι,
661 1263 751 1318 ὅτι
781 1261 1080 1332 ἄνθρωποι
1102 1263 1474 1334 ἀγράμματοί
1499 1265 1619 1318 εισι
1640 1262 1742 1320 καὶ

127 1348 382 1415 ίόιῶται,
405 1345 768 1417 ἐθαύμαζον,
806 1347 1222 1416 ἐπεγίνωσκόν
1269 1364 1333 1402 τε
1373 1348 1620 1416 αὐτοὺς,
1655 1347 1746 1403 ὅτι

124 1431 256 1486 σὺν
278 1431 363 1498 τῷ
392 1431 598 1500 Ἰησοῦ
629 1428 812 1502 ἦσαν.
838 1429 950 1485 Καὶ
981 1431 1121 1498 πῶς,
1145 1431 1333 1503 φησὶν,
1358 1433 1409 1486 ot
1441 1431 1745 1504 ἀγράμμα-

123 1533 214 1570 τοι
244 1514 764 1588 κατερρητόρευσαν
790 1515 885 1570 καὶ
912 1513 1094 1569 αὐτῶν
1119 1516 1213 1569 καὶ
1248 1515 1359 1568 τῶν
1397 1515 1740 1586 ἀρχιερέων;

127 1601 262 1655 Ὀτι
296 1601 401 1655 οὐκ
445 1600 602 1654 αὐτοὶ
654 1598 1007 1671 ἐφθέγγοντο,
1042 1599 1180 1654 ἀλλά
1227 1598 1294 1653 δι’
1340 1598 1523 1653 αὐτῶν
1563 1600 1597 1670 ή
1648 1597 1744 1668 τοῦ

128 1684 460 1753 Πνεύματος
489 1683 672 1755 χάρις.
722 1684 835 1738 Τόν
865 1700 930 1738 τε
971 1681 1292 1750 ὁνθρωπον
1323 1680 1582 1751 ὁρῶντες
1623 1679 1748 1736 σὺν

127 1768 344 1834 αὐτοῖς
369 1767 604 1822 ἑστῶτα
635 1769 743 1822 τὸν
775 1767 1310 1836 τεθεραπευμένον,
1357 1764 1542 1820 οὐδὲν
1577 1761 1747 1834 εἶχον

128 1854 467 1908 ἀντειπεῖν.
517 1851 696 1924 Πολλὴ
737 1853 770 1924 ή
805 1849 899 1906 τοῦ
948 1850 1239 1922 ἀνθρώπου
1283 1850 1596 1922 παρρησίαο
1649 1851 1746 1904 καὶ

126 1935 297 2006 δῆλον
325 1932 554 1991 ἀπὸτοῦ
593 1936 653 1989 ἐν
673 1933 826 2006 αὑτῷ
851 1932 931 2004 τῷ
955 1933 1296 2005 δικαστηρίῳ
1319 1933 1396 2004 μὴ
1425 1932 1747 1987 καταλιπεῖν

127 2019 338 2082 αὐτούς
353 2028 403 2074 ⁸.
430 2020 599 2074 Ὠστε
637 2021 688 2074 εί
712 2016 887 2086 εἷπον,
914 2021 998 2074 ὅτι
1027 2019 1141 2090 Ούχ
1169 2017 1344 2082 οὕτως
1365 2017 1500 2090 ἔχει,
1537 2019 1748 2082 ἐκεῖνος

128 2097 200 2158 ἂν
229 2103 613 2176 κατηγόρησε.

201 2182 630 2256 Κελεὺσαντες
678 2186 747 2242 δὲ
795 2188 1021 2254 αὐτοὺς
1071 2187 1189 2252 ἔξω
1245 2187 1357 2242 τοῦ
1420 2186 1747 2256 συνεδρίου

128 2273 450 2337 ἀπελθεῖν,
475 2272 869 2328 συνέϐαλλον
898 2273 1048 2342 πρὸς
1067 2271 1405 2340 ἀλλήλους,
1438 2269 1745 2341 λέγοντεςν

136 2358 200 2412 Τί
237 2357 582 2427 ποιήσομεν
619 2357 747 2424 τοῖς
786 2358 1123 2427 ἀνθρώποις
1165 2357 1434 2423 τούτοις;
1486 2356 1650 2428 Ὁρᾷς
1689 2355 1749 2410 ἐν

129 2442 345 2514 ἀπορίᾳ
376 2441 561 2506 ὄντας,
593 2444 692 2497 καὶ
735 2442 898 2496 πάλιν
942 2442 1034 2498 τὸν
1065 2440 1232 2511 φόϐον
1263 2442 1356 2495 τὸν
1401 2438 1750 2514 ἀνθρώπινον

132 2528 321 2582 πάντα
348 2527 741 2598 ἐργαζόμενον.
765 2527 979 2597 Ὠσπερ
1000 2521 1094 2581 οὖν
1120 2526 1212 2579 ἐπὶ
1236 2526 1333 2580 τοῦ
1355 2525 1594 2597 Χριστοῦ
1620 2525 1751 2579 ἀναν

129 2611 341 2682 τρέψαι
370 2611 433 2664 τὸ
458 2611 756 2682 γενόμενον
792 2612 895 2664 οὑκ
949 2611 1181 2681 ίσχυσαν
1231 2610 1358 2664 οὑδέ
1413 2611 1749 2678 συσκιάσαι,

131 2694 276 2748 ἀλλά
309 2694 630 2748 κωλυόντων
658 2692 840 2748 αὐτῶν
887 2693 1091 2764 μᾶλλον
1125 2693 1374 2747 ἐπεδίδου
1418 2692 1488 2748 τά
1527 2694 1628 2766 τῆς
1657 2694 1750 2748 πί-

135 2793 347 2841 στεως·
377 2777 522 2831 οὕτω
545 2778 644 2832 καὶ
665 2776 761 2831 νῦν
787 2777 1033 2846 γίνεται·
1066 2777 1129 2831 Τί
1154 2775 1495 2844 ποιήσομεν
1511 2794 1531 2842 ;
1554 2779 1621 2832 Ὢ
1651 2777 1753 2848 τῆς

133 2862 366 2927 ἀνοίαςῐ
401 2864 450 2916 εί
496 2861 876 2932 γευσαμένους
904 2861 1014 2916 τῶν
1058 2861 1289 2931 ἀγώνων
1337 2863 1525 2918 λοιπὸν
1578 2882 1752 2918 κατα·

135 2945 446 3016 πλήξεσθαι
483 2944 768 3016 ἐνόμιζον·
807 2945 1011 3016 μᾶλλον
1050 2946 1108 3000 δέ
1137 2947 1186 3000 εί
1234 2946 1387 3018 παρὰ
1430 2947 1530 3020 τὴν
1576 2948 1753 3019 ἀρχὴν

137 3028 313 3100 μηδὲν
364 3027 722 3098 ἰσχύσαντες,
783 3027 925 3099 μετά
988 3031 1090 3100 τὴν
1132 3031 1405 3100 τοσαύτην
1463 3031 1754 3104 ῥητορείαν

135 3111 562 3184 προσεδόκησάν
593 3129 649 3165 τι
696 3113 968 3183 ποιήσειν.
1001 3113 1156 3184 Ὀσῳ
1188 3111 1283 3168 οὖν
1331 3114 1613 3168 ἐϐούλοντο
1646 3132 1755 3168 κω-

134 3198 314 3263 λύειν,
365 3198 612 3268 τοσούτῳ
657 3197 859 3268 μᾶλλον
887 3196 1086 3269 ηὔξετο
1125 3199 1194 3252 τὰ
1235 3200 1576 3271 πράγματα·
1623 3200 1756 3254 Ὀτι

130 3282 257 3354 μὲν
285 3282 563 3353 γνωστὸν
583 3281 838 3352 σημεῖον
857 3286 1067 3353 γέγονε
1095 3283 1170 3337 δι’
1202 3283 1422 3348 αὐτῶν,
1451 3283 1601 3339 πᾶσι
1631 3282 1755 3351 τοῖς

136 3366 538 3422 κατοικοῦσιν
569 3366 962 3435 Ἰερουσαλὴμ
1007 3366 1296 3434 φανερὸν,
1335 3367 1435 3420 καί
1467 3370 1539 3422 οὺ
1573 3367 1757 3422 δυνά-

131 3453 296 3522 μεθα
321 3448 730 3520 ἀρνήσασθαι.
757 3447 934 3503 Ἀλλ’
960 3448 1062 3501 ἵνα
1085 3449 1172 3518 μὴ
1199 3449 1300 3503 ἐπὶ
1329 3451 1524 3504 πλέον
1551 3450 1756 3504 διανε-

133 3532 308 3605 μηθῇ
334 3535 422 3600 εις
445 3533 554 3588 τὸν
578 3533 752 3597 λαὸν,
789 3529 1014 3600 ἀπειλῇ
1047 3531 1516 3602 ἀπειλησώμεθα
1549 3533 1754 3600 αὐτοῖς

134 3617 364 3689 μηκέτι
399 3616 620 3672 λαλεῖν
655 3615 755 3670 ἐπὶ
782 3615 864 3682 τῷ
900 3617 1148 3684 ὀνόματι
1187 3617 1377 3686 τούτῳ
1401 3617 1620 3686 μηδενὶ
1653 3617 1751 3670 ἀν-

139 3701 416 3772 θρώπων.
438 3699 548 3754 Καὶ
575 3701 950 3766 καλέσαντες
972 3699 1216 3764 αὐτοὺς,
1249 3698 1665 3769 παρήγγειλαν
1691 3699 1758 3754 τὸ

141 3787 416 3841 καθόλου
447 3784 534 3855 μὴ
584 3785 977 3855 φθέγγεσθαι.
1011 3783 1172 3853 μηδὲ
1201 3783 1516 3838 διδάσκειν
1544 3784 1645 3838 ἐπὶ
1679 3783 1762 3850 τῷ

141 3869 400 3939 ὀνόματι
427 3868 457 3908 δ
487 3866 595 3922 τοῦ
637 3867 854 3937 Ἰησοῦ.
887 3867 1032 3938 Ὅρα
1078 3868 1174 3921 καλ⁸
1213 3866 1422 3920 τούτων
1462 3866 1565 3938 τὴν
1606 3869 1762 3922 ἀναι-

144 3950 433 4023 σχυντίαν,
463 3952 559 4006 καλ⁸
580 3952 690 4007 τῶν
727 3951 1044 4006 ἀποστόλων
1075 3940 1174 4024 τὴν
1202 3951 1550 4022 φιλοσοφίαν.
1597 3952 1660 4006 '0
1692 3951 1762 4005 δέ

145 4036 380 4105 Πέτρος
409 4037 508 4090 καὶ
569 4036 852 4103 Ἰωάννης
885 4035 1316 4104 ἀποκριθέντες
1336 4078 1350 4101 ,
1395 4033 1572 4091 εἶπον
1609 4039 1762 4115 πρὸς

144 4121 378 4185 αὐτούς
399 4137 413 4151 ο
458 4121 528 4174 Εί
548 4118 784 4174 δίκαιόν
816 4117 932 4191 [85]
967 4119 1140 4173 ἐστιν
1165 4119 1426 4174 ἐνώπιον
1461 4121 1566 4174 τοῦ
1610 4121 1762 4175 Θεοῦ

145 4202 324 4275 ὑμῶν
342 4204 590 4259 ἀκούειν
616 4201 861 4272 μᾶλλον
888 4203 927 4271 ἢ
950 4202 1060 4257 τοῦ
1085 4203 1260 4270 Θεοῦ,
1281 4205 1542 4271 κρίνατε.
1572 4204 1764 4274 Ἡμεῖς

146 4290 224 4342 οὐ
261 4286 589 4357 δυνάμεθα,
634 4285 673 4341 d
703 4286 945 4357 ειδομεν
982 4287 1081 4340 καί
1126 4287 1504 4356 ἠκούσαμεν,
1539 4287 1626 4357 μὴ
1656 4291 1762 4342 λαμ

146 4371 308 4427 λεῖν.
335 4374 400 4426 Ol
420 4371 490 4425 δὲ
512 4371 1153 4441 προσαπειλησάμενοι
1170 4369 1494 4426 ἀπέλυσαν
1515 4371 1760 4438 αὐτοὺς,

141 4455 350 4529 μηδὲν
385 4456 776 4527 εὑρίσκοντες
815 4455 884 4510 τὸ
931 4454 1059 4522 πῶς
1105 4455 1478 4511 κολάσονται.
1515 4455 1760 4523 αὐτοὺς,

147 4541 256 4596 διὰ
283 4540 394 4594 τὸν
417 4542 593 4595 λαόν.
639 4541 1044 4611 Ἐπεστόμισαν
1077 4540 1274 4602 αὐτοὺς
1298 4541 1367 4593 τά
1402 4544 1628 4610 σημεῖα,
1667 4540 1764 4594 καὶ

149 4624 347 4678 λοιπὸν
376 4623 498 4676 ούδέ
534 4623 827 4694 ἠνέσχοντο
872 4623 1160 4696 πληρῶσαι
1188 4622 1389 4686 αὐτοὺς
1431 4622 1525 4676 τὸν
1566 4622 1759 4692 λόγον’

149 4708 298 4763 ἀλλά
333 4707 540 4779 μεταξὺ
572 4707 830 4774 λέγοντας
869 4708 1125 4778 διέκοψαν
1166 4708 1375 4778 σφόδρα
1405 4707 1760 4778 ὑϐριστικῶς.

152 4793 292 4847 Ὅτι
329 4790 555 4858 πάντες
581 4790 864 4856 ἐδόξαζον
888 4794 997 4844 τὸν
1029 4791 1180 4845 Θεὸν
1206 4791 1305 4845 ἐπὶ
1341 4790 1423 4856 τῷ
1467 4794 1760 4862 γεγονότι.

166 4874 358 4933 Ἐ’τῶν
397 4876 509 4946 γὰρ
555 4873 635 4946 ἦν
677 4876 976 4931 πλειόνων
1019 4879 1052 4930 ό
1100 4875 1413 4944 ἄνθρωπος
1465 4876 1765 4945 τεσσαρά-

154 4977 384 5025 κοντα,
444 4960 538 5025 ἐφ’
570 4960 642 5014 ὃν
691 4961 957 5030 ἐγεγόνει
1015 4960 1082 5015 τὸ
1128 4960 1387 5029 σημεῖον
1423 4960 1602 5015 τοῦτο
1652 4959 1766 5030 τῆς

158 5046 399 5112 ίὰσεως.
431 5045 572 5098 Ἀλλ’
605 5043 806 5115 ἴδωμεν
832 5043 1040 5099 ἀνωθεν
1076 5043 1145 5097 τά
1177 5045 1467 5115 εἰρημένα.
1507 5046 1566 5099 Τί
1595 5044 1767 5112 ποιή-

157 5145 354 5199 σομεν
385 5126 512 5194 τοῖς
537 5117 872 5196 ἀνθρώποις
901 5129 1137 5194 τούτοις
1158 5144 1176 5192 ;
1194 5129 1267 5181 Τὸ
1297 5129 1398 5198 μὲν
1423 5123 1517 5182 οὖν
1547 5127 1766 5199 πρῶτον

158 5213 250 5266 διὰ
292 5213 454 5280 δόξαν
508 5210 862 5282 ἀνθρωπίνην
912 5213 1090 5267 πάντα
1119 5213 1341 5267 ἐποίουν
1364 5229 1378 5246 ο
1425 5214 1544 5268 νυνὶ
1579 5214 1636 5266 δὲ
1671 5214 1767 5268 καὶ

158 5298 349 5366 ἕτερον
387 5295 730 5370 προσέκειτο,
761 5297 824 5350 τὸ
857 5297 932 5367 μὴ
979 5295 1128 5360 δόξαι
1173 5297 1493 5367 μιαιφόνους
1527 5291 1702 5352 εἶναι’
1738 5297 1767 5350 ὃ

163 5381 306 5451 μετά
331 5380 506 5434 ταῦτα
548 5379 729 5448 ἔλεγον
747 5397 760 5409 ο
793 5382 1101 5435 Βούλεσθε
1137 5381 1464 5451 ἐπαγαγεῖν
1487 5381 1580 5450 ἐφ’
1608 5372 1768 5450 ἡμᾶς

160 5465 226 5517 τὸ
265 5459 412 5534 αἷμα
451 5464 558 5520 τοῦ
595 5465 914 5534 ἀνθρώπου
961 5465 1200 5519 τούτου.
1241 5464 1479 5534 Ἀπειλῇ
1517 5467 1768 5533 ἀπειλη-

161 5547 406 5617 σώμεθα
460 5548 667 5615 αὐτοῖς
708 5549 925 5618 μηκέτι
967 5549 1181 5604 λαλεῖν
1233 5550 1334 5603 ἐπὶ
1391 5549 1473 5615 τῷ
1521 5551 1767 5618 ὀνόματι

161 5633 356 5695 τούτῳ
372 5632 590 5701 μηδενί
621 5633 970 5701 ἀνθρώπων.
994 5635 1058 5688 Ὢ
1079 5634 1177 5704 τῆς
1203 5634 1387 5698 ἀνοίας
1407 5635 1420 5687 ί
1446 5635 1769 5700 Πεισθέντες

161 5716 249 5769 ὅτι
293 5715 520 5787 ἀνέστη,
558 5719 652 5771 καὶ
683 5717 844 5773 τοῦτο
887 5721 1192 5791 τεκμήριον
1222 5720 1484 5784 λαϐόντες
1521 5721 1605 5774 ὅτι
1651 5721 1768 5775 ἐστι

229 5905 259 5936 ⁸
301 5903 434 5972 εωγὶίι
479 5912 662 5972 θῑνιτθε
697 5921 814 5957 mss.
851 5911 916 5972 μή
948 5911 1354 5966 καταλελοιπῶος
1386 5911 1577 5972 αὐτούς,
1613 5914 1768 5963 omis-

170 5966 242 6017 ειε
285 5968 454 6020 verbis
476 5971 559 6017 καὶ
581 5971 741 6028 δῆλον.
814 5957 1577 6035 δἰιὸέειζέτέιτὸενόιὶαῖ

497 6062 746 6120 Pruna:
830 6063 920 6125 Gn
1005 6063 1134 6111 ιγ.

1847 423 2002 488 Θεὸς,
2052 425 2145 479 τὸν
2188 425 2295 478 ὑπὸ
2343 425 2442 488 τοῦ
2491 424 2726 480 θανάτου
2789 423 2865 496 μή
2894 423 3306 495 κατασχεθέντα
3353 423 3461 477 ὑπὸ

1848 509 2069 562 οἰκείων
2097 509 2512 581 προσεδόκησαν
2546 512 2962 580 μηχανημάτων
2986 507 3384 574 συσκιάζεσθαι
3409 520 3456 560 ε.

1852 593 1918 644 Τί
1950 593 2158 666 ταύτης
2205 595 2308 664 τῆς
2347 596 2533 658 ἀνοίας
2575 595 2726 660 ῐσον;
2773 595 2867 647 καῖ
2904 593 2982 665 μὴ
3013 593 3340 666 θαυμάσῃς,
3375 593 3457 647 ὅτι

1847 676 2014 730 πάλιν
2038 677 2330 748 ἀνηνύτοις
2373 677 2739 750 ἐπιχειροῦσι.
2775 677 3029 730 Τοιοῦτον
3063 677 3174 746 γὰρ
3205 677 3238 747 ὴ
3286 693 3456 748 πονη-

1850 762 1940 831 ρία
1961 777 1973 790 '
2004 762 2160 816 οὐδὲν
2189 763 2312 836 δρᾷ,
2339 764 2476 818 ἀλλά
2504 760 2784 833 πανταχοῦ
2813 763 3146 834 θορυϐεῖται.
3185 760 3460 833 Ἐπηρεα-

1847 843 2065 914 ζόμενοι
2099 846 2241 917 γὰρ,
2277 846 2354 912 ὡς
2398 846 2748 918 ἠπατημένοι
2793 846 2939 899 οὓτω
2970 845 3272 900 διέκειντο⁸
3319 846 3460 918 ὅπερ

1845 928 1997 983 ἐστὶν
2022 930 2116 982 ἐπὶ
2143 929 2256 984 τῶν
2283 929 2736 1002 προληφθέντων,
2766 929 2860 982 ἐπὶ
2896 929 3005 983 τῶν
3036 926 3462 1000 ἐμπαιχθέντων

1846 1013 1940 1065 ἐπί
1970 1031 2098 1068 τινι.
2129 1015 2243 1069 Καὶ
2269 1016 2378 1086 μὴν
2400 1015 2514 1070 ἀνω
2547 1015 2642 1069 καὶ
2663 1013 2814 1068 κάτω
2843 1013 2932 1067 διά
2956 1012 3117 1067 τοῦτο
3141 1013 3349 1082 ἔλεγον,
3373 1013 3458 1067 δτι

1843 1097 1886 1150 δ’
1901 1095 2036 1162 Θεὸς
2054 1099 2218 1153 αὑτὸν
2241 1100 2455 1171 ήγειρε,
2485 1101 2582 1154 καὶ
2603 1100 2686 1152 ὅτι
2712 1099 2772 1150 ἐν
2798 1097 2876 1170 τῷ
2897 1097 3125 1169 ὀνόματι
3151 1096 3245 1151 τοῦ
3279 1095 3458 1168 Ἰησοῦ

1844 1175 2000 1244 οὗτος
2047 1183 2399 1257 παρέστηκεν
2449 1183 2632 1254 ὑγιὴς,
2684 1181 3016 1248 δεικνύντες,
3065 1182 3148 1236 ὅτι
3195 1180 3397 1250 ἀνέστη
3430 1181 3460 1232 ό

1858 1265 2090 1336 Ἰησοῦς.
2125 1268 2341 1333 Ἄλλως
2393 1268 2450 1322 δέ
2495 1269 2592 1322 καὶ
2639 1265 2797 1319 αὑτώ¹
2840 1266 3142 1320 ἀνάστασιν
3183 1263 3458 1336 ἐνόμιζον,

1844 1347 2065 1420 ψυχρὰν
2095 1349 2193 1422 μέν
2229 1351 2327 1406 καὶ
2355 1349 2722 1424 μειρακιώδη,
2763 1348 3018 1420 ἐνόμιζον
3041 1349 3100 1403 δέ
3140 1349 3292 1420 ὅμως
3313 1365 3327 1380 ο
3363 1347 3462 1402 νῦν

1845 1431 1903 1486 δέ
1936 1432 2232 1488 ἀπιστοῦσι
2266 1435 2361 1488 καὶ
2384 1434 2768 1507 θορυϐοῦνται,
2807 1433 2862 1486 τί
2892 1434 3071 1486 ποιεῖν
3102 1431 3290 1494 αὐτοῖς
3331 1429 3461 1502 βου-

1845 1513 2156 1587 λευόμενοι.
2208 1515 2382 1572 Τοῦτο
2426 1518 2558 1587 γοῦν
2609 1520 2772 1591 μόνον
2809 1519 2909 1572 οὐκ
2947 1511 3018 1588 ἦν
3055 1515 3240 1570 ἱκανὸν
3274 1516 3463 1568 πεῖσαι

1848 1599 2049 1664 αὐτοὺς
2077 1599 2246 1670 μηδὲν
2278 1601 2464 1666 αὐτοῖς
2492 1602 2720 1673 ποιῆσαι
2741 1601 2791 1669 (ι,
2817 1600 2878 1656 τὸ
2902 1599 3046 1654 οὕτω
3071 1597 3214 1670 μετὰ
3245 1597 3464 1670 παρῤη-

1851 1682 1972 1746 σίας
2005 1683 2390 1753 διαλέγεσθαι;
2422 1685 2522 1739 Διὰ
2551 1685 2604 1739 τί
2636 1687 2916 1750 ἀπιστεῖς,
2948 1681 3070 1737 είπέ
3103 1699 3218 1754 μοι,
3255 1675 3301 1734 ὦ
3333 1683 3465 1736 Ἰου-

1847 1768 2006 1836 Bais;
2039 1769 2132 1840 Τῷ
2171 1771 2280 1839 γάρ
2315 1769 2596 1843 γενομένῳ
2637 1771 2852 1842 σημείῳ
2890 1767 3186 1838 προσέχειν
3224 1765 3330 1819 ἔδει
3369 1763 3464 1818 καὶ

1848 1854 1963 1915 τοῖς
2002 1851 2205 1922 λόγοις,
2235 1854 2297 1907 οὐ
2333 1856 2401 1924 τῇ
2442 1855 2553 1908 τῶν
2589 1853 2803 1908 πολλῶν
2838 1851 3100 1924 πονηρίᾳ.
3131 1850 3245 1905 Καὶ
3277 1848 3331 1901 τί
3365 1849 3463 1919 δή·

1851 1951 1984 1989 ποτε
2018 1935 2079 1988 οὐ
2123 1936 2520 2007 παραδιδόασιν
2542 1937 2746 2002 αὐτοὺς
2782 1936 3119 2007 Ῥωμαίοις;
3145 1932 3286 2004 Ἤδη
3322 1927 3465 2003 ἦσαν

1849 2019 2273 2091 διαϐεϐλημένοι
2311 2021 2451 2093 πρὸς
2483 2021 2683 2086 αὐτοὺς
2727 2022 2838 2076 ἀπὸ
2883 2018 2996 2074 τῶν
3030 2019 3160 2091 περὶ
3201 2017 3295 2071 τδν
3325 2017 3464 2087 Χριο

1853 2104 2000 2167 στὸν,
2041 2103 2186 2159 ὥστε
2225 2105 2429 2175 μᾶλλον
2477 2106 2708 2168 ἑαυτοὺς
2746 2103 3010 2167 ἐκάκιζον
3044 2100 3466 2173 ὑπερτιθέμενοι

1849 2187 1949 2259 τήν
1982 2188 2165 2242 αὐτῶν
2200 2188 2449 2262 ἔνδειξιν.
2481 2189 2607 2243 Ἐπὶ
2638 2189 2696 2244 δέ
2722 2188 2817 2244 τοῦ
2863 2186 3108 2262 Χριστοῦ
3139 2188 3240 2257 οὐχ
3268 2184 3466 2248 οὕτως,

1851 2270 1968 2324 ἀλλ’
1998 2273 2058 2326 ἐν
2095 2271 2292 2344 μέσαις
2321 2261 2442 2338 νυξὶ
2484 2272 2745 2336 λαϐόντες
2787 2261 2954 2326 αὐτὸν
2987 2271 3194 2334 εὐθέως
3241 2268 3469 2338 ἀπήγα-

1851 2373 1969 2425 γον,
1993 2358 2090 2411 καὶ
2111 2356 2214 2410 οὐκ
2243 2356 2574 2412 ἀνεϐάλοντο
2595 2356 2900 2420 δεδοικότες
2923 2355 3130 2426 σφόδρα
3154 2353 3216 2408 τὸ
3238 2351 3465 2425 πλῆθος.

1854 2440 1992 2512 Περὶ
2013 2440 2070 2494 δὲ
2092 2441 2299 2495 τούτων
2329 2440 2456 2495 οὕτε
2493 2441 2782 2515 ἐθάρρουν,
2817 2439 2942 2495 οὔτε
2978 2440 3086 2511 μὴν
3118 2438 3344 2508 ἄγουσιν
3370 2437 3462 2490 αὺ-

1852 2526 1981 2589 τοὺς
2008 2526 2146 2597 πρὸς
2170 2525 2406 2580 Πιλᾶτον
2425 2567 2442 2592 ,
2490 2524 2890 2596 εὐλαϐούμενοι
2929 2525 3026 2578 καὶ
3063 2521 3472 2582 ὑποπτεύοντες

1854 2609 1924 2664 τὰ
1958 2610 2242 2683 πρότερα,
2307 2610 2384 2682 μὴ
2435 2611 2533 2665 καὶ
2585 2610 2728 2682 ὑπὲρ
2787 2609 3016 2664 ἐκείνων
3077 2603 3390 2677 ἐγκληθῶσι
3419 2611 3467 2657 ⁸.

1868 2694 2138 2764 Ἐγένετο
2174 2694 2244 2748 δὲ
2284 2694 2386 2748 ἐπὶ
2430 2693 2549 2761 τὴν
2593 2693 2809 2760 αὔριον
2850 2689 3237 2762 συναχθῆναι
3271 2686 3475 2743 αὐτῶν

1853 2776 1999 2844 τοὺς
2027 2777 2331 2847 ἄρχοντας
2365 2776 2466 2830 καὶ
2497 2776 2948 2846 πρεσϐυτέρους
2981 2775 3080 2829 καὶ
3111 2769 3474 2846 γραμματεῖς

1853 2861 1926 2916 ἐν
1959 2860 2385 2930 Ἰερουσαλήμ.

1926 2953 1997 3016 γ’.
2037 2946 2212 3000 Πάλιν
2249 2947 2508 3020 συνέδρια
2542 2949 2601 3002 ἐν
2640 2945 3064 3019 Ἱεροσολύμοις,
3107 2943 3204 2998 καὶ
3238 2943 3359 2996 ἐκεῖ
3404 2940 3476 2995 τά

1854 3031 2070 3102 αἵματα
2104 3033 2371 3103 ἐκχεῖται,
2397 3032 2519 3086 οὑδέ
2554 3032 2656 3104 τὴν
2687 3031 2846 3085 πόλιν
2874 3028 3208 3102 ᾐδέσθησαν.
3245 3027 3472 3089 Ἀννας,

1858 3115 2012 3186 φησὶ,
2038 3115 2132 3169 καί
2159 3115 2443 3185 Καϊάφας.
2477 3115 2685 3169 Τούτου
2743 3113 2865 3167 οὐδὲ
2899 3111 2998 3184 τὴν
3020 3110 3216 3182 δούλην
3255 3107 3476 3182 ἐρωτῶ-

1860 3215 1957 3253 σαν
1980 3197 2094 3272 [84]
2143 3199 2378 3270 ήνεγκεν
2430 3201 2459 3252 ό
2512 3197 2746 3270 Πέτρος,
2795 3197 2888 3250 ἐπί
2921 3195 3115 3249 τούτου
3173 3195 3473 3267 ἠρνήσατο,

1859 3283 2053 3354 ἐτέρου
2089 3281 2545 3352 κατασχεθέντος.
2602 3282 2742 3342 Νυνὶ
2783 3279 2841 3332 δέ
2877 3281 2956 3343 είς
3016 3277 3218 3348 μέσους
3273 3277 3474 3340 αὐτοὺς

1859 3365 2172 3438 παρελθὼν,
2203 3365 2306 3438 ὅρα
2324 3364 2442 3428 πῶς
2463 3363 2785 3433 φθέγγεται.
2827 3366 2899 3417 El
2948 3362 3123 3432 ἡμεῖς
3156 3362 3477 3430 ἀνακρινό-

1855 3455 2010 3521 μεθα
2033 3450 2134 3504 ἐπὶ
2172 3449 2489 3517 εὐεργεσίᾳ
2519 3447 2839 3518 ἀνθρώπου
2875 3447 3200 3513 ἀσθενοῦς,
3240 3446 3311 3499 ἐν
3357 3446 3478 3499 τίνι

1861 3529 2044 3600 οὗτος
2069 3533 2398 3596 σέσωσται,
2432 3533 2710 3601 γνωστὸν
2727 3532 2884 3585 ἔστω
2909 3529 3101 3584 πᾶσιν
3125 3530 3286 3599 ὑμῖν.
3310 3531 3374 3585 Ol
3394 3531 3474 3592 δὲ,

1875 3619 1982 3674 Ἐν
2001 3619 2153 3686 ποίῳ
2185 3617 2434 3686 ὀνόματι
2478 3617 2839 3682 ἐποιήσατε,
2889 3615 3132 3684 λέγουσι,
3160 3613 3340 3668 τοῦτο
3357 3631 3377 3679 ;
3403 3615 3478 3669 Τὸ

1865 3706 2018 3758 ποῖον
2046 3703 2135 3756 διά
2171 3701 2226 3754 τί
2259 3700 2334 3772 μὴ
2364 3700 2566 3768 λέγεις,
2594 3700 2728 3753 ἀλλὰ
2767 3700 3123 3765 συσκιάζεις;
3188 3701 3284 3752 Ἐν
3326 3698 3479 3767 ποίῳ

1864 3789 2112 3858 ὀνόματι
2150 3785 2481 3853 ἐποιήσατε
2503 3785 2683 3839 τοῦτο
2711 3784 2884 3854 ὑμεῖς
2901 3803 2920 3850 ;
2979 3786 3088 3839 ﬂat.
3133 3784 3239 3856 μὴν
3265 3783 3474 3853 ἔλεγεν,

1863 3873 1946 3926 ὅτι
1981 3873 2094 3942 Οὐχ
2123 3872 2286 3942 ἡμεῖς
2325 3871 2688 3941 ἐποιήσαμεν.
2726 3870 2871 3940 Ὅρα
2896 3869 3136 3922 σύνεσιν⁹
3172 3869 3274 3923 οὑκ
3322 3864 3478 3923 εἶπεν

1863 3956 2092 4020 εὐθέως,
2130 3956 2215 4009 ὃτι
2258 3956 2348 4009 Ἐν
2371 3954 2452 4024 τῷ
2475 3953 2702 4024 ὀνόματι
2734 3952 2831 4006 τοῦ
2881 3950 3058 4024 Ἰησοῦ
3111 3954 3474 4024 ἐποιήσαμεν⁹

1864 4039 2001 4093 ἀλλὰ
2019 4041 2101 4105 τί;
2157 4042 2260 4093 Ἔν
2284 4035 2366 4102 τῷ
2398 4038 2644 4107 ὀνόματι
2665 4036 2855 4091 αὐτοῦ
2889 4032 3072 4102 οὗτος
3093 4035 3478 4105 παρέστηκεν

1863 4123 2125 4179 ἐνώπιον
2150 4121 2326 4194 ὑμῶν
2374 4121 2574 4192 ὑγιής.
2621 4121 2814 4175 Καὶοὺ
2864 4120 3039 4188 λέγει,
3075 4120 3332 4188 Ἐγένετο
3386 4122 3490 4192 by"

1864 4207 2024 4279 ήμῶν
2051 4208 2233 4278 ὑγιής.
2261 4208 2373 4260 Καὶ
2401 4206 2586 4271 πάλιν,
2609 4205 2679 4259 El
2714 4203 2886 4274 ἡμεῖς
2909 4204 3353 4274 ἀνακρινόμεθα
3378 4206 3480 4259 ἐπὶ

1863 4293 2183 4362 εὐεργεσίᾳ
2209 4290 2529 4360 ἀνθρώπου
2562 4287 2882 4355 ἀσθενοῦς.
2912 4288 3153 4359 ’Πλήττει
3183 4289 3383 4353 αὐτοὺς
3402 4289 3478 4352 ὡς

1864 4378 1954 4431 ἀεὶ
1976 4376 2204 4430 τοιαῦτα
2231 4375 2620 4446 ἐγκαλοῦντας,
2662 4373 2757 4427 καὶ
2784 4372 3127 4444 εὐεργεσίαις
3170 4371 3477 4444 ἀνθρώπων

1868 4482 1935 4536 με
1945 4464 2276 4534 μφομένους·
2319 4462 2414 4517 καὶ
2442 4460 2856 4532 ἀναμιμνήσκει
2882 4457 2993 4512 τῶν
3045 4457 3350 4530 προτέρων,
3395 4459 3477 4512 ὅτι

1866 4549 2026 4602 αὐτοὶ
2049 4547 2144 4600 ἐπὶ
2178 4547 2376 4615 φόνους
2404 4545 2682 4619 τρέχουσι·
2721 4544 2817 4596 καὶ
2839 4543 2902 4596 οὐ
2935 4540 3097 4594 τοῦτο
3125 4541 3307 4611 μόνον,
3338 4541 3478 4595 ἀλλά

1867 4635 1961 4687 καὶ
1984 4634 2077 4686 ἐπὶ⁸
2098 4632 2444 4702 εὐεργεσίαις
2479 4628 2827 4699 ἐγκαλοῦσιν.
2873 4627 3060 4698 Ὁρᾷς,
3094 4625 3214 4690 πῶς
3253 4626 3368 4697 ἔχει
3419 4625 3479 4680 τδ

1870 4718 2012 4789 βαρὺ
2040 4718 2135 4771 καὶ
2160 4717 2228 4771 τὰ
2270 4717 2519 4788 ρήματα;
2569 4715 2660 4768 Ἐν
2690 4713 2904 4776 τούτοις
2939 4712 3050 4783 γὰρ
3079 4711 3474 4781 ἐγυμνάζοντο,

1867 4806 1964 4857 καὶ
1984 4801 2171 4856 λοιπὸν
2201 4799 2617 4871 ἀκατάπληκτοι
2643 4793 2807 4869 ἦσαν.
2842 4797 2931 4864 Ἐξ
2965 4790 3041 4850 ὧν
3074 4795 3348 4850 δείκνυσιν
3377 4796 3477 4850 αὺ-

1866 4890 2001 4951 τοῖς,
2026 4888 2110 4940 ὅτι
2129 4886 2286 4940 αὐτοὶ
2312 4885 2514 4956 μᾶλλον
2540 4881 2905 4954 κηρύττουσιν
2958 4881 3188 4944 ἄκοντες
3221 4880 3312 4934 τὸν
3340 4881 3477 4950 Χρι-

1871 4972 2016 5035 στὸν,
2053 4972 2150 5024 καὶ
2182 4970 2336 5024 αὐτοὶ
2366 4969 2430 5024 τὸ
2453 4969 2632 5039 δόγμα
2661 4966 2984 5036 ἐπαίρουσιν
3011 4965 3059 5017 οί
3088 4963 3478 5028 ἀνακρίνοντες

1869 5057 1963 5110 καὶ
1985 5054 2355 5123 ἐξετάζοντες.
2388 5054 2500 5107 Ὃν
2517 5051 2690 5122 ὑμεῖς
2719 5048 3161 5120 ἐσταυρώσατε.
3178 5048 3356 5102 Βαϐα“ι
3379 5049 3478 5119 τῆς

1870 5142 2222 5214 παρῤησίαςί
2267 5143 2380 5193 Ὃν
2401 5141 2433 5192 ό
2462 5137 2608 5203 Θεὸς
2634 5135 2874 5206 ἤγειρεν
2916 5135 2986 5187 ὲκ
3022 5130 3273 5201 νεκρῶν.
3305 5130 3412 5185 Τοῦ
3425 5148 3478 5185 το

1871 5227 2036 5280 πάλιν
2079 5227 2326 5297 μείζονος
2386 5219 2898 5294 ἐλευθεροστομίας.
2947 5219 3014 5272 ’0
3070 5216 3252 5271 τοίνυν
3297 5216 3474 5284 λέγει,

1867 5310 2027 5364 τοῦτό
2059 5313 2197 5364 ἐστι’
2229 5309 2324 5380 Μὴ
2349 5307 2632 5377 νομίσητε,
2670 5305 2752 5358 ὅτι
2776 5305 2845 5357 τὰ
2872 5301 3217 5356 ἐπονείδιστα
3238 5301 3477 5372 κρύπτο-

1875 5411 1992 5466 μεν·
2047 5392 2304 5448 τοσοῦτον
2335 5391 2613 5460 ἀπέχομεν
2648 5387 2964 5448 συσκιάσαι,
3005 5387 3088 5438 ὅτι
3136 5387 3231 5438 καὶ
3260 5387 3478 5456 παρρη-

1873 5477 2194 5548 σιαζόμεθα.
2223 5476 2412 5529 Ταῦτα
2445 5475 2730 5546 μονονουχὶ
2781 5471 3056 5536 ὀνειδίζων
3087 5471 3271 5532 αὐτοῖς
3303 5470 3475 5537 λέγει,

1871 5565 1968 5617 καὶ
1999 5564 2100 5633 οὐχ
2127 5561 2336 5627 ἁπλῶς,
2359 5558 2497 5614 ἀλλά
2527 5559 2623 5613 καὶ
2652 5556 2978 5628 ἐνδιατρίϐει
2999 5554 3077 5625 τῷ
3105 5554 3270 5624 λόγῳ,
3288 5549 3477 5617 Οὗτός

1937 5725 1960 5753 ε
1985 5722 2183 5772 Unus...
2216 5721 2289 5769 ὅτι
2312 5722 2414 5769 ἐστὶ
2437 5719 2573 5775 Θεός.
2602 5722 2664 5768 Ol
2689 5719 2743 5766 δὲ
2763 5716 2850 5766 τοῦ
2881 5719 3002 5779 μηδέ
3023 5716 3117 5764 ὑπὸ
3136 5713 3222 5764 τοῦ
3255 5717 3297 5762 θ.
3325 5729 3474 5779 κατα-

1873 5786 2125 5848 σχεθέντος
2176 5785 2255 5848 ἐπὶ
2392 5784 2590 5848 ὀνόματι
2616 5782 2693 5848 Δτῷ
2732 5777 2904 5848 τούτου
2938 5779 3180 5828 διδάσκειν
3218 5777 3476 5848 πειρῶνται

1870 5838 2122 5897 κωλύειν.-
2164 5845 2192 5886 ἀ
2229 5838 2517 5894 ΑΙὶἴπεῖσαι
2541 5838 2687 5904 μηδὲν
2711 5843 2872 5898 αὐτοῖς
2911 5849 3162 5904 ποιῆσαι.--
3202 5850 3225 5877 θ
3250 5838 3340 5886 Hic
3377 5849 3474 5883 non

1874 5907 2463 5971 paucardesiderabanlur
2485 5900 2763 5966 in'Morel.,
2799 5919 2912 5967 quae
2936 5917 2998 5953 ex
3034 5900 3185 5952 Savil.
3225 5905 3278 5950 et
3301 5910 3473 5947 manu-

1876 5969 2074 6032 Scriplis
2095 5969 2287 6031 adjecta
2310 5976 2441 6019 sum.

3139 6061 3174 6109 ﬁ
