4068 6466
162 426 220 481 f9
1157 404 1226 459 ΙΝ
1266 399 1446 457 ACTA
1486 389 2016 453 APOSTOLURUM.
2061 393 2286 448 HOMIL
2330 394 2398 448 Χ.
3418 391 3487 446 0t)

161 544 352 603 ditare,
393 545 442 591 ct
478 534 605 588 dum
633 528 928 600 dijudicant
967 520 1370 581 ctexaminant,
1418 515 1521 568 hoc
1564 510 1759 603 dogma

162 598 436 690 extollere.
466 628 630 692 Quem
655 598 741 677 ros
766 616 1112 686 cruci/tristis.
1140 613 1301 679 Papzr.
1323 615 1518 677 quanta
1545 598 1760 655 dicendi

164 723 412 781 libertas!
445 721 605 787 Quem
634 715 774 769 Deus
795 709 1054 764 suscitavit
1092 724 1124 759 η
1150 702 1385 757 mortuis.
1421 698 1534 753 Hoc
1564 697 1761 787 iterum

163 819 418 889 majorem
451 785 563 883 pra:
593 823 652 863 se
678 804 1129 862 fertlibertatetn.
1163 797 1273 850 Iloc
1300 808 1429 862 ergo
1458 790 1568 844 vult

162 879 321 966 licam
355 925 370 959 :
403 879 484 961 Ne
515 901 713 974 putetis
746 913 843 952 nos
871 892 1224 966 ignominiosa
1254 887 1559 946 occultare;
1590 879 1677 932 illa
1703 879 1766 930 li-

161 1004 283 1057 bere
313 995 697 1068 prmdicamns,
728 989 925 1043 nedum
953 984 1210 1040 cclcmus.
1264 979 1390 1072 Ila‘c
1423 983 1626 1072 tantum
1657 983 1763 1072 non

160 1059 534 1162 improperans
563 1084 712 1145 dicit,
733 1094 907 1149 neque
937 1073 1273 1144 simpliciter,
1296 1068 1388 1122 sed
1408 1063 1650 1162 etiamin
1682 1059 1766 1162 his

158 1152 420 1238 moratur.
458 1177 556 1230 llic
579 1184 651 1227 est
682 1174 835 1240 lupis,
864 1169 951 1240 qui
977 1164 1276 1237 reprobatus
1306 1169 1378 1214 est
1415 1176 1447 1210 ιι
1473 1155 1610 1209 vobis
1638 1152 1766 1206 tudi-

157 1273 449 1342 ﬁcantibus.
476 1266 682 1323 Deinde
710 1262 1006 1320 ostendens
1049 1260 1196 1327 ipsos
1224 1253 1516 1308 admodum
1544 1244 1765 1342 conSpi-

156 1335 316 1420 cuum
334 1362 484 1418 illunt
501 1358 714 1423 fecisse,
730 1354 877 1409 addit
899 1372 910 1407 :
934 1351 1031 1418 Qui
1050 1351 1215 1420 [actus
1236 1355 1308 1399 est
1323 1345 1374 1397 in
1385 1350 1538 1411 caput
1555 1335 1732 1407 anguli
1748 1350 1767 1399 ;

156 1459 204 1514 id
232 1468 340 1523 est,
373 1456 464 1525 qui
509 1461 696 1506 natura
739 1447 1006 1518 pretiosus
1037 1457 1100 1496 ac
1132 1439 1390 1510 probatus
1413 1443 1548 1494 erat,
1570 1430 1657 1483 hic
1687 1444 1768 1525 re:

158 1520 419 1620 proba—tus
440 1554 542 1600 cst.
568 1542 796 1596 Tantam
820 1555 849 1592 a
871 1538 1025 1606 signo
1051 1535 1194 1588 facto
1222 1530 1493 1585 habebant
1512 1520 1768 1620 loquendi

158 1615 433 1696 ftduciam.
464 1636 546 1691 Tu
570 1649 698 1690 vero
728 1630 854 1684 mihi
881 1625 1172 1698 perpende,
1195 1620 1490 1694 quomodo,
1517 1632 1639 1673 cum
1667 1615 1768 1669 do-

156 1749 280 1789 cere
311 1738 546 1802 oportet,
609 1724 922 1796 prophetias
949 1720 1177 1776 afferant
1220 1716 1452 1780 multas;
1485 1726 1606 1768 cum
1641 1722 1770 1763 vero

159 1825 330 1881 libere
354 1801 694 1892 loquendum
728 1826 832 1880 est,
882 1811 1209 1868 sententiam
1263 1807 1437 1862 solmn
1470 1801 1766 1874 proferant.

160 1917 342 1988 Neque
371 1915 528 1978 enim,
561 1910 767 1982 inquit,
814 1908 958 1961 aliud
983 1921 1165 1960 nomen
1195 1912 1266 1956 est
1311 1899 1402 1956 sub
1437 1899 1562 1953 cwlo
1593 1896 1772 1948 datum

160 2011 470 2072 hominibus,
501 2008 553 2060 in
583 2022 681 2075 quo
709 2012 938 2074 oporteat
967 2017 1059 2054 nos
1088 1997 1257 2052 salvos
1282 1995 1413 2064 ﬁeri.
1435 1992 1570 2061 Quia
1594 1990 1774 2044 omni-

157 2105 256 2157 bus
289 2098 622 2162 hominibus,
655 2110 828 2164 neque
853 2093 958 2148 illis
1001 2088 1405 2153 solum,datum
1427 2093 1508 2140 est
1536 2093 1767 2138 nomen:

156 2211 258 2266 qua
293 2195 353 2250 in
377 2208 436 2247 re
468 2191 588 2244 illos
612 2188 774 2243 etiam
809 2173 1234 2240 testcsadducit.
1276 2178 1413 2245 Quia
1445 2176 1595 2266 enim,
1618 2174 1772 2266 dice—

156 2265 322 2341 bant:
379 2281 447 2335 In
495 2297 595 2349 quo
637 2279 854 2332 nomine
887 2275 1126 2346 fecistis?
1163 2272 1230 2324 In
1292 2270 1498 2322 nomine
1560 2265 1772 2332 Christi,

156 2375 432 2444 inquiunt,
467 2389 567 2425 non
598 2379 672 2424 est
697 2367 842 2422 aliud
873 2382 1077 2420 nomen.
1113 2361 1400 2429 Quomodo
1439 2374 1570 2428 ergo
1609 2358 1776 2412 inter-

156 2466 400 2537 rogatis?
456 2463 546 2519 Sic
576 2461 774 2530 ubique
828 2462 932 2514 hoc
960 2457 1306 2511 manifestum
1347 2463 1448 2507 est.
1485 2450 1597 2504 Nec
1641 2450 1777 2504 enim

154 2558 302 2613 aliud
335 2573 516 2610 nomen
539 2563 613 2608 est
655 2554 745 2607 sub
772 2552 917 2612 cwlo,
953 2548 1145 2618 inquit,
1196 2548 1249 2599 in
1286 2562 1385 2614 quo
1415 2551 1643 2613 oporteat
1683 2557 1777 2595 nos

154 2654 328 2706 salvos
376 2650 509 2716 ﬁeri.
557 2647 687 2701 [hec
733 2653 859 2699 sunt
887 2643 1083 2697 anima:
1114 2640 1278 2693 vitam
1327 2646 1650 2708 praesentem
1681 2634 1778 2689 de-

153 2742 470 2814 spicientis;
517 2739 762 2809 utargnit
783 2738 869 2791 illa
899 2746 1041 2790 tanta
1057 2736 1300 2788 libertas.
1317 2732 1454 2786 Hinc
1477 2730 1651 2802 palam
1671 2738 1774 2795 est,

154 2835 378 2906 quando
402 2832 623 2886 humilia
647 2831 716 2884 de
746 2830 961 2884 Christo
981 2826 1134 2892 dicit,
1165 2840 1272 2879 non
1305 2840 1416 2893 pra:
1442 2825 1656 2888 timore,
1682 2820 1778 2876 sed

153 2944 212 2982 se
251 2923 670 2996 attemperando
721 2921 772 2975 id
819 2935 980 2990 agere
1014 2936 1026 2971 :
1059 2919 1183 2989 quia
1231 2932 1363 2972 vero
1408 2917 1520 2986 jam
1565 2924 1779 2983 tempus

155 3031 296 3082 erat,
343 3019 422 3072 sic
447 3017 697 3071 sublimia
732 3015 1001 3083 loquitur;
1036 3012 1105 3065 ita
1135 3022 1195 3064 ut
1219 3010 1345 3065 hinc
1375 3011 1537 3064 etiam
1565 3007 1778 3063 audito-

154 3127 246 3165 res
290 3123 486 3163 omnes
524 3108 976 3177 obstupefaceret.
999 3106 1137 3159 Ecce
1163 3112 1216 3158 et
1237 3102 1381 3156 aliud
1410 3103 1620 3173 signum
1644 3116 1780 3170 prte-

154 3204 392 3256 cedente
415 3215 518 3254 non
550 3200 746 3253 minus.
777 3195 1498 3268 Coguosccbanteos,inquit,
1527 3195 1645 3264 quia
1664 3210 1780 3247 cum

153 3294 285 3348 Jesu
315 3297 541 3364 fuerant.
576 3290 689 3344 Νοιι
719 3291 834 3343 sine
864 3305 1023 3343 causa
1055 3289 1156 3342 hoc
1190 3289 1370 3358 posuit
1415 3286 1777 3356 Evangelista,

154 3388 252 3440 sed
301 3399 362 3438 nt
405 3386 642 3439 declirct
691 3384 874 3449 etiam,
909 3383 996 3436 ubi
1025 3381 1246 3436 fuerint.
1292 3382 1348 3434 ιιι
1382 3381 1658 3451 passione,
1691 3380 1778 3433 in-

153 3479 296 3545 quit.
331 3476 398 3530 lli
429 3477 573 3530 enim
605 3475 704 3530 soli
753 3483 878 3529 tunc
907 3490 1008 3528 una
1054 3485 1231 3536 erant,
1285 3473 1510 3542 quando'
1532 3472 1784 3527 tiderunt

157 3571 288 3625 illos
318 3568 576 3632 humiles,
606 3567 843 3636 dejectos
872 3585 885 3621 :
917 3566 1059 3637 quod
1094 3567 1213 3622 illos
1258 3567 1492 3621 maxime
1524 3567 1574 3619 in
1611 3565 1783 3620 admi-

158 3665 434 3716 rationem
463 3659 728 3728 rapiebat,
779 3661 1061 3728 rcpeutina
1106 3674 1304 3727 nempe
1355 3657 1599 3712 mutatio.
1647 3657 1782 3710 Nam

158 3755 274 3809 illic
311 3762 472 3808 erant
517 3755 701 3805 Annas
751 3760 805 3805 ct
848 3750 1102 3817 Caiphas,
1137 3759 1192 3804 et
1217 3751 1269 3802 hi
1301 3751 1466 3804 etiam
1499 3749 1786 3802 adstabant

159 3849 302 3911 illis;
339 3861 482 3900 nunc
510 3854 690 3899 autem
719 3843 1181 3912 obstupefaciebat
1208 3858 1307 3898 eos
1340 3843 1428 3896 illa
1461 3852 1604 3895 tanta
1628 3842 1785 3895 liber-

160 3950 270 3995 tas.
296 3939 484 4007 Neque
513 3937 660 3990 enim
689 3936 867 3990 verbis
901 3944 1107 3989 tantum
1132 3934 1515 3999 ostendebant,
1548 3949 1607 3988 se
1650 3933 1784 3988 nihil

157 4047 364 4086 curare
389 4031 457 4085 de
488 4029 650 4085 rebus
696 4028 1004 4096 hujusmodi
1052 4028 1102 4078 in
1127 4028 1216 4094 jus
1252 4026 1535 4092 adductos,
1566 4041 1690 4080 cum
1717 4025 1786 4080 de

159 4124 432 4182 extremis
458 4123 926 4192 periclitarentur;
952 4120 1044 4174 sed
1070 4129 1122 4174 et
1137 4120 1341 4183 habitu,
1367 4135 1518 4184 voce,
1541 4127 1782 4188 aspectu,

162 4228 223 4274 et
247 4216 506 4271 omnibus
529 4215 831 4268 libertatem
857 4212 1106 4281 loquendi
1130 4227 1312 4265 coram
1349 4213 1548 4280 p0pulo
1567 4207 1790 4265 exhibe-

163 4313 322 4364 bant.
354 4308 679 4363 Mirabantur
710 4321 839 4360 vero
869 4305 1096 4359 fortasse
1121 4347 1135 4370 ,
1167 4305 1309 4372 quod
1342 4304 1589 4358 homines
1632 4304 1790 4357 illite-

163 4403 276 4456 rati
300 4409 356 4455 et
387 4399 564 4452 idiota:
591 4407 793 4452 essent.
824 4397 1003 4451 Potest
1025 4397 1167 4449 enim
1191 4397 1310 4466 quis
1342 4397 1623 4451 illiteratus
1644 4411 1784 4460 esse,

164 4508 279 4547 nec
309 4491 507 4554 idiota;
531 4490 613 4543 vel
639 4489 825 4551 idiota,
849 4504 947 4543 nec
976 4488 1283 4541 illiteratus.
1308 4489 1405 4541 llic
1427 4503 1587 4557 porro
1603 4499 1790 4541 osten-

165 4585 254 4636 dit
288 4583 406 4635 lucc
433 4581 539 4634 duo
575 4581 937 4634 concurrisse.
971 4578 1358 4650 Compertoque,
1383 4580 1569 4648 inquit.
1596 4579 1792 4635 Unde?

165 4676 259 4729 Ex
295 4673 382 4738 iis,
415 4689 536 4741 qua:
577 4672 850 4728 dicebant.
884 4672 999 4727 Non
1033 4673 1225 4742 loagos
1254 4674 1459 4742 profert
1486 4687 1786 4739 sermones,

167 4769 274 4823 sed
314 4783 379 4822 ex
427 4768 539 4836 ipsa
590 4766 957 4822 enuntiatione
998 4777 1051 4820 et
1090 4769 1492 4822 constructione
1543 4768 1792 4822 fiduciam

169 4859 462 4923 ostendit;
497 4860 677 4928 itaque
727 4860 778 4912 in
827 4859 949 4913 illos
979 4861 1158 4913 acrius
1190 4861 1448 4929 egissent,
1501 4861 1600 4914 nisi
1631 4860 1794 4914 homo

171 4955 274 5008 ille
306 4953 496 5007 fuisset
525 4966 646 5005 cum
675 4951 774 5005 eis.
810 4951 1211 5023 Cognoscebant,
1256 4954 1449 5022 inquit,
1480 4954 1618 5021 illos,
1663 4971 1792 5023 quo-

170 5047 321 5102 niam
349 5061 466 5098 cum
506 5043 633 5098 Jesu
668 5047 890 5115 fuerant.
919 5044 1078 5101 Unde
1119 5045 1414 5100 credebant
1456 5045 1573 5100 lucc
1615 5046 1734 5100 illos
1765 5061 1795 5100 a

170 5137 310 5192 Jesu
357 5135 633 5200 didicisse,
680 5147 736 5189 et
767 5147 823 5200 ut
868 5138 986 5205 ejus
1018 5137 1314 5206 discipulos
1361 5137 1795 5193 omniafacere.

170 5229 296 5286 Nec
324 5229 589 5282 minorem
622 5229 834 5282 illorum
866 5229 1025 5284 dictis
1071 5246 1258 5284 vocem
1289 5231 1569 5285 emittebat
1623 5232 1796 5302 ipsum

172 5320 543 5385 miraculum;
575 5321 717 5389 quod
744 5330 797 5374 et
829 5322 1064 5376 maxime
1088 5321 1302 5374 illorum
1335 5338 1430 5375 ora
1462 5323 1795 5377 obstruebat.

175 5414 465 5483 Sijustum
490 5422 580 5474 est,
613 5413 805 5482 inquit,
854 5415 906 5466 in
937 5424 1211 5482 conspectu
1243 5413 1340 5466 Dei
1383 5430 1468 5467 vos
1507 5417 1675 5483 potius
1703 5434 1799 5468 au-

174 5507 313 5570 dire,
338 5521 493 5572 quam
514 5505 695 5569 Deum,
713 5507 962 5575 judicate.
989 5507 1214 5572 Quando
1233 5516 1409 5562 metus
1433 5510 1607 5562 minor
1630 5508 1800 5564 factus

175 5607 302 5651 erat
331 5599 482 5663 (nam
517 5597 853 5652 intertninari
880 5599 1011 5652 nihil
1050 5600 1196 5652 aliud
1226 5610 1362 5663 erat,
1391 5617 1550 5670 quam
1579 5602 1700 5655 illos
1722 5603 1800 5656 di-

178 5689 377 5756 mitti),
412 5698 536 5742 tunc
558 5690 739 5743 mitius
778 5691 1100 5760 loquuntur;
1121 5692 1190 5745 ita
1223 5693 1406 5762 procul
1435 5705 1588 5748 erant
1609 5695 1675 5748 ab
1702 5711 1802 5748 att-

177 5778 362 5834 dacia.
399 5780 534 5848 Quia
559 5792 744 5836 natura
767 5783 978 5852 signum
1008 5793 1112 5851 est,
1141 5784 1261 5838 Non
1296 5803 1564 5852 possumus
1597 5805 1799 5858 negare.

184 5869 377 5940 itaque
434 5882 744 5946 negassent,
794 5875 897 5929 nisi
925 5889 1014 5930 res
1045 5877 1114 5931 ita
1149 5889 1208 5930 se
1235 5875 1530 5947 habuisset,
1555 5881 1654 5936 nisi
1678 5898 1799 5938 om-

1870 506 2016 561 nium
2075 509 2384 563 testimonio
2430 512 2640 566 firmata
2700 511 2930 565 fuisset:
2971 509 3225 565 omnibus
3283 511 3485 581 quippe

1870 608 1996 654 nota
2027 612 2165 656 erat.
2206 601 2312 656 Sed
2362 602 2481 657 talis
2510 611 2595 657 cst
2621 603 2880 672 nequitia,
2931 601 3106 656 audax
3151 601 3405 656 nimirum
3432 613 3487 654 ct

1870 693 2139 761 petulans.
2176 693 2575 750 Comminemur.
2610 694 2750 762 Quid
2774 693 2990 750 dicitis?
3017 709 3084 749 an
3117 695 3280 748 minis
3306 708 3487 763 Spera-

1869 787 1940 840 tis
1969 801 2066 840 vos
2111 787 2549 858 prmdicationem
2580 804 2706 845 esse
2751 789 3131 844 cobibituros?
3164 789 3254 844 Sic
3284 789 3489 858 ubique

1873 878 2132 948 principia
2159 889 2281 933 sunt
2305 881 2473 935 ardua
2505 891 2555 935 et
2590 879 2847 936 difﬁcilia.
2868 880 3181 952 Magistrum
3210 881 3492 936 interemi-

1870 972 1988 1034 stis,
2019 986 2120 1027 nec
2159 972 2598 1042 prmdicatiouem
2649 972 3011 1037 cohibuistis;
3069 982 3126 1028 et
3152 986 3300 1027 nunc
3327 972 3491 1026 minis

1870 1077 1969 1115 vos
1996 1063 2193 1133 putatis
2221 1065 2510 1120 absterreri
2537 1079 2633 1120 nos
2653 1065 2860 1134 posse?
2893 1063 3117 1119 Vincula
3149 1079 3258 1118 non
3299 1077 3491 1118 suase-

1871 1167 2000 1211 runt
2030 1166 2084 1211 nl
2136 1159 2420 1213 remissius
2472 1160 2821 1230 loqueremur
2847 1200 2862 1224 ,
2905 1168 2962 1214 et
3001 1175 3100 1214 vos
3146 1158 3492 1214 suadebitis?

1872 1248 2061 1318 Nobis,
2095 1251 2334 1321 inquam,
2364 1253 2452 1322 qui
2483 1269 2578 1306 vos
2598 1253 2681 1306 vel
2712 1254 3024 1306 minitantes
3059 1252 3211 1306 nihili
3241 1251 3491 1306 facimus.

1876 1344 1939 1397 Si
1954 1346 2157 1413 justum
2185 1355 2280 1409 est,
2313 1345 2507 1415 inquit,
2537 1346 2591 1399 in
2612 1357 2887 1417 conspectu
2922 1344 3037 1412 Dei,
3067 1361 3155 1400 vos
3181 1345 3346 1414 magis
3387 1362 3491 1397 au-

1874 1440 1986 1491 dire
2013 1455 2163 1510 quam
2188 1438 2373 1494 Deum.
2401 1439 2498 1494 llic
2549 1440 2716 1494 Deum
2765 1457 2864 1510 pro
2885 1438 3104 1494 Christo
3152 1437 3364 1493 dicunt.
3397 1436 3494 1490 Vi-

1845 1542 1847 1544 '
1875 1531 1998 1586 den’
2018 1533 2292 1602 quomodo
2324 1549 2464 1590 nunc
2497 1535 2742 1590 evenerit
2784 1532 2928 1604 quod
2953 1533 3172 1588 dicebat
3202 1533 3332 1598 illis,
3364 1531 3497 1586 Ecce

1877 1640 1966 1694 ego
1986 1625 2130 1679 mitto
2159 1641 2244 1680 eos
2269 1626 2401 1680 sicut
2437 1641 2553 1681 ores
2594 1628 2647 1679 in
2675 1626 2845 1680 medio
2876 1626 3154 1696 luporum:
3181 1640 3244 1677 ne
3269 1625 3498 1677 timueri-

1876 1719 1940 1770 tis
1965 1734 2050 1772 eos
2079 1719 2293 1788 (Matth.
2329 1720 2415 1774 10.
2446 1719 2534 1775 16.
2559 1719 2674 1790 26).

1950 1811 2006 1864 4.
2034 1810 2237 1866 Deinde
2269 1813 2722 1866 resurrectionem
2749 1811 3075 1867 confirmant
3108 1826 3206 1882 per
3226 1824 3287 1865 ea
3313 1853 3327 1874 ,
3377 1823 3499 1878 qum

1878 1903 2140 1973 adjiciunt
2172 1923 2183 1957 :
2203 1902 2318 1959 Nos
2339 1921 2442 1959 non
2466 1922 2736 1975 possumus
2756 1921 2870 1974 quo:
2892 1905 3113 1959 vidimus
3133 1915 3180 1958 et
3205 1903 3498 1958 audivimus

1879 2011 1982 2048 non
2027 1997 2187 2066 loqui.
2239 1996 2422 2067 Itaque
2463 2011 2564 2052 nos
2608 1995 2714 2051 fide
2758 1997 2903 2067 digni
2934 2005 3103 2052 testes
3144 2010 3369 2060 sumus,
3401 2009 3500 2049 vos

1880 2097 2061 2140 autem
2092 2086 2288 2142 frustra
2333 2089 2780 2143 interminamini.
2827 2088 2961 2142 Cum
3004 2103 3135 2158 ergo
3162 2089 3500 2158 oportuisset

1880 2178 2075 2231 mutari
2107 2192 2203 2232 eos
2231 2194 2328 2248 pro
2366 2193 2426 2233 ea
2459 2193 2519 2234 re
2541 2222 2556 2246 ,
2589 2179 2657 2235 de
2686 2193 2792 2249 qua
2823 2179 3055 2250 populus
3097 2181 3268 2235 Deum
3298 2181 3502 2250 glorifi-

1880 2268 2078 2336 cabat,
2110 2270 2183 2324 illi
2210 2279 2400 2325 contra
2443 2286 2631 2325 necem
2679 2271 3236 2338 comminanturyita
3269 2272 3368 2327 Dei
3405 2271 3504 2327 ho-

1881 2371 1992 2415 stes
2019 2370 2194 2415 erant.
2229 2361 2298 2416 Et
2331 2361 2528 2416 additis
2571 2363 2756 2429 minis,
2801 2361 3126 2419 dimiserunt
3165 2364 3308 2418 illos.
3363 2364 3502 2420 lline

1882 2455 1961 2508 illi
1998 2455 2256 2509 clariores
2308 2455 2738 2526 illustriorcsque
2788 2456 2912 2511 factt
2957 2466 3108 2510 sunt.
3153 2455 3287 2511 Nam
3330 2455 3506 2512 Virtus

1883 2564 2032 2614 mea,
2065 2548 2270 2618 inquit,
2292 2549 2347 2601 in
2383 2549 2683 2617 inﬁrmitate
2719 2551 3002 2619 perﬁcitur.
3035 2549 3158 2604 Jam
3187 2550 3262 2603 illi
3307 2548 3505 2604 testifi-

1883 2639 1988 2693 cati
2031 2648 2159 2693 suut
2197 2640 2463 2695 adversus
2516 2641 2697 2695 omnia
2742 2641 3013 2695 instructi.
3062 2641 3200 2712 Quid
3244 2642 3344 2695 sibi
3386 2642 3505 2695 vult

1884 2729 2014 2784 illud
2035 2773 2050 2798 ,
2082 2730 2196 2785 Nos
2220 2748 2323 2784 non
2365 2748 2637 2800 possumus
2687 2749 2767 2798 ea,
2812 2749 2927 2802 qua:
2962 2733 3184 2786 vidimus
3219 2743 3265 2786 et
3299 2733 3504 2785 audiri-

1885 2839 2038 2889 mus,
2064 2839 2167 2877 non
2207 2823 2386 2892 loqui?
2413 2823 2471 2879 Si
2512 2823 2644 2878 falsa
2691 2834 2855 2890 sunt,
2902 2826 3082 2891 aiunt,
3125 2841 3188 2880 ea
3219 2841 3340 2895 qum
3369 2825 3506 2879 dici-

1885 2928 2007 2969 mus
2026 2955 2041 2980 ,
2066 2914 2409 2984 reprehendo
2432 2931 2447 2980 ;
2477 2914 2562 2968 sin
2592 2929 2720 2970 vera
2744 2957 2758 2980 ,
2788 2929 2884 2969 cur
2909 2915 3214 2986 prohibes?
3243 2916 3390 2970 Talis
3418 2931 3508 2970 res

1885 3016 1971 3064 est
2001 3006 2365 3078 philosophia.
2416 3009 2498 3063 llli
2541 3009 2592 3062 in
2630 3009 2876 3078 angustia
2901 3051 2915 3075 ,
2951 3007 3005 3062 hi
3055 3009 3106 3062 in
3152 3008 3336 3062 lartitia
3372 3029 3384 3063 :
3429 3011 3506 3063 illi

1887 3103 2060 3156 multo
2098 3101 2304 3172 pudore
2338 3102 2478 3171 pleni
2506 3143 2520 3167 ,
2555 3101 2609 3154 hi
2648 3101 2877 3156 fidenter
2918 3102 3101 3156 omnia
3130 3101 3334 3155 faciunt
3363 3120 3375 3154 :
3426 3103 3506 3156 illi

1889 3195 2113 3260 timent,
2143 3194 2196 3248 hi
2226 3194 2418 3249 fiducia
2445 3194 2585 3264 pleni
2613 3203 2759 3248 sunt.
2795 3194 3055 3263 Quinam,
3091 3209 3311 3266 quaeso,
3346 3196 3504 3251 timc-

1888 3288 2066 3344 bant?
2110 3289 2218 3344 iine
2265 3290 2354 3358 qui
2392 3288 2682 3343 dicebant:
2714 3287 2800 3342 Ne
2847 3290 3072 3357 amplius
3118 3289 3411 3360 diuulgatur
3455 3290 3512 3342 in

1888 3381 2106 3451 vulgus;
2133 3394 2200 3432 an
2223 3381 2312 3448 qui
2337 3379 2625 3445 dicebant,
2660 3379 2778 3432 Non
2810 3395 3083 3449 possumus
3109 3396 3168 3433 ea
3187 3420 3203 3444 ,
3232 3395 3348 3451 qua:
3378 3380 3509 3433 vidi-

1888 3487 2003 3524 mus
2042 3479 2089 3524 et
2118 3471 2408 3524 audivimus
2431 3510 2443 3534 ,
2474 3487 2576 3523 non
2609 3470 2794 3540 loqui?
2825 3470 2887 3523 lli
2912 3482 3061 3526 certe
3094 3472 3145 3524 in
3173 3472 3380 3541 majore
3417 3488 3514 3526 vo-

1891 3563 2093 3633 luptate
2117 3606 2131 3631 ,
2187 3563 2434 3618 libertate
2455 3575 2509 3618 et
2533 3563 2716 3617 lwtitia
2749 3565 3144 3628 versabantur;
3192 3565 3270 3618 illi
3295 3565 3346 3618 in
3372 3580 3512 3620 ma:-

1889 3671 2014 3710 rore
2036 3697 2050 3720 ,
2093 3655 2300 3725 pudore
2327 3663 2381 3710 et
2411 3665 2558 3709 metu
2593 3672 2610 3707 :
2656 3655 2915 3724 populum
2947 3656 3093 3710 enim
3125 3656 3411 3711 timebant.
3445 3657 3510 3710 lli

1890 3764 2012 3818 qua:
2042 3748 2329 3810 volebant,
2374 3748 2766 3818 loquebantur;
2817 3749 2894 3802 illi
2925 3765 3045 3818 qua:
3079 3751 3368 3813 volebant,
3401 3767 3508 3806 nun

1895 3840 2184 3895 faciebant.
2237 3841 2469 3907 Quinam
2514 3855 2648 3894 vero
2679 3840 2732 3894 in
2766 3841 2999 3896 vinculis
3043 3850 3098 3897 et
3151 3843 3202 3897 itt
3249 3842 3513 3914 periculis

1892 3935 2088 3988 erant?
2138 3949 2320 3988 nonne
2353 3933 2439 3989 isti
2473 3934 2751 3989 maxime?

1970 4025 2306 4079 Tlteatrorum
2325 4027 2629 4079 vanilas.—
2656 4025 2850 4082 Virtuti
2891 4042 3022 4098 ergo
3051 4028 3358 4084 ltzereamus
3387 4048 3398 4081 :
3444 4045 3513 4082 ne

1893 4118 1960 4171 ad
1981 4119 2310 4187 voluptatem
2333 4128 2384 4173 et
2402 4118 2833 4175 consolationem
2861 4130 3067 4175 tantum
3091 4121 3252 4175 dictis
3276 4133 3511 4175 utamur.

1895 4209 2012 4263 Non
2056 4219 2140 4262 est
2184 4208 2289 4262 hoc
2336 4210 2641 4274 theatrum,
2689 4211 2921 4276 dilecte,
2969 4212 3395 4267 citharmdorunt
3431 4213 3516 4266 vel

1898 4301 2264 4371 tragmdorum
2291 4344 2306 4367 ,
2342 4302 2498 4370 cujus
2529 4302 2737 4357 fructus
2772 4314 2856 4358 est
2893 4303 3145 4374 voluptas
3176 4313 3416 4368 tantum,
3463 4319 3517 4358 et

1896 4395 2129 4450 decurso
2155 4395 2244 4449 die
2272 4397 2487 4450 transiit
2511 4396 2781 4466 voluptas.
2818 4399 2996 4467 Atque
3028 4399 3230 4451 utinam
3267 4399 3517 4468 voluptas

1900 4498 2110 4544 tantum
2150 4499 2331 4554 esset,
2378 4499 2433 4543 ct
2479 4507 2586 4544 non
2618 4491 2876 4545 damnum
2915 4507 3036 4547 cum
3078 4493 3356 4562 voluptate
3383 4507 3517 4545 con-

1893 4584 2140 4654 junctum
2165 4600 2180 4648 ;
2208 4594 2446 4640 attamen
2486 4583 2610 4638 inde
2632 4583 2853 4638 domum
2897 4585 3092 4655 singuli
3121 4600 3180 4639 se
3210 4586 3482 4655 recipiunt
3502 4627 3514 4649 ,

1908 4677 2042 4732 hinc
2099 4677 2266 4732 multa
2299 4679 2452 4747 quasi
2477 4693 2544 4731 es
2580 4677 2810 4748 quadam
2836 4680 2920 4734 lue
2956 4688 3140 4734 coacta
3172 4681 3472 4734 referentes
3505 4697 3517 4730 :

1902 4778 1957 4822 et
1986 4769 2306 4824 adolescens
2337 4771 2556 4839 quidem
2597 4785 2661 4823 ex
2705 4771 2963 4825 satanicis
3009 4759 3299 4826 cantilenis
3343 4771 3521 4838 aliqua

1903 4870 2179 4915 mutuatus
2200 4904 2214 4928 ,
2247 4878 2367 4930 quze
2399 4864 2572 4933 potuit
2609 4864 2869 4918 memoria
2911 4866 3182 4930 retinere,
3213 4865 3526 4934 frequenter

1904 4951 2048 5007 domi
2097 4963 2314 5020 cantat;
2366 4956 2550 5009 senior
2595 4965 2816 5024 autem,
2871 4967 3056 5027 utpote
3115 4959 3366 5027 gravior,
3420 4957 3525 5010 huc.

1904 5047 2122 5116 quidem
2147 5063 2254 5102 non
2285 5049 2444 5115 facit,
2469 5049 2566 5103 sed
2597 5051 2777 5102 omnia
2802 5067 2922 5120 qua:
2945 5052 3016 5106 ibi
3045 5051 3189 5105 dicta
3209 5061 3333 5104 sunt
3357 5053 3525 5105 verba

1908 5153 2194 5196 memorat.
2229 5143 2359 5198 inde
2396 5144 2528 5197 nihil
2557 5143 2822 5199 habentes
2854 5145 3164 5201 absceditis.
3198 5145 3267 5200 Et
3297 5133 3529 5216 quomo-

1907 5235 1978 5289 do
2010 5252 2116 5289 non
2159 5237 2228 5290 sit
2279 5237 2409 5290 illud
2439 5237 2663 5306 dignum
2697 5239 2943 5304 pudore?
2970 5239 3170 5309 Legem
3204 5241 3483 5308 posuimus
3511 5256 3526 5305 ;

1910 5328 2019 5382 imo
2047 5344 2154 5382 non
2189 5343 2288 5382 nos
2318 5331 2600 5398 posuimus
2627 5349 2639 5384 :
2668 5331 2845 5395 absit;
2879 5330 3058 5385 Nolite
3083 5349 3296 5398 vocare,
3332 5333 3527 5402 inquit,

1912 5423 2208 5492 magistrum
2247 5440 2402 5492 super
2431 5433 2618 5477 terram
2651 5424 2865 5495 (Matth.
2893 5424 2984 5480 ‘25.
3016 5427 3106 5495 8);
3141 5426 3314 5495 legent
3351 5428 3529 5496 posuit

1910 5514 2190 5581 Christus,
2228 5532 2296 5570 ne
2340 5519 2461 5586 quis
2505 5518 2671 5587 juret.
2723 5518 2905 5584 Quid,
2940 5535 3167 5589 qnarso,
3202 5521 3341 5574 circa
3391 5520 3532 5574 hanc

1911 5610 2084 5679 legem
2131 5609 2328 5664 factum
2363 5611 2489 5666 est?
2523 5627 2699 5681 neque
2724 5614 2868 5666 enim
2904 5612 3066 5667 finem
3098 5613 3287 5667 faciam
3335 5614 3434 5668 hac
3459 5616 3530 5668 de

1909 5718 1971 5756 re
2023 5701 2276 5770 loquendi
2303 5743 2318 5767 ,
2352 5701 2434 5756 Ne
2457 5703 2588 5770 forte
2613 5705 2801 5757 iterum
2831 5707 3066 5771 veniens,
3098 5717 3155 5758 ιιι
3187 5708 3261 5759 ait
3295 5709 3526 5774 Aposto—

1910 5796 1994 5849 lus
2020 5837 2034 5861 ,
2069 5812 2168 5849 non
2199 5813 2409 5863 parcam
2441 5796 2519 5867 (2.
2561 5795 2679 5852 Cor.
2729 5799 2814 5853 13.
2863 5799 2946 5863 2).
2979 5798 3115 5853 Nunt
3150 5799 3202 5854 id
3249 5800 3528 5853 curastis?

1914 5904 2042 5945 num
2085 5888 2300 5944 solliciti
2354 5888 2530 5944 fuistis
2561 5901 2651 5944 aut
2701 5890 2968 5946 studiosi?
3015 5909 3082 5946 an
3128 5892 3319 5947 eadem
3370 5891 3528 5946 nobis
