4068 6456
676 360 736 418 9t
1379 359 1431 415 s.
1476 354 1749 415 Jt).\.\‘NIS
1787 348 2259 408 CIIIIYSUSTO)"
2302 348 2618 406 sumitur.
2661 349 3197 409 CONSTANTINOP.
3898 354 3966 408 93
4038 355 4039 434 ἐ

668 493 853 535 rursus
875 478 1099 533 dicenda
1127 478 1285 533 sunt?
1311 477 1422 533 lino
1449 479 1562 533 sive
1589 474 1785 546 aliquid
1808 473 2002 527 factum
2026 471 2116 533 sit,
2141 470 2252 522 sive

671 586 774 623 non
799 608 812 632 ,
844 569 1034 625 eadem
1077 570 1187 638 ipsa
1233 569 1604 639 aggrediemur
1625 609 1640 631 ,
1670 576 1726 620 ut
1753 579 1936 619 curam
1968 560 2208 616 habeat's
2233 601 2248 625 ,

670 668 726 712 ut
765 660 892 714 illud
935 659 1140 714 lirmius
1171 660 1466 715 observetis
1513 669 1568 714 et
1595 659 1730 712 alios
1759 652 2070 710 hortemini.
2103 649 2252 707 Unde

667 765 796 822 ergo
820 751 1181 821 incipiemus?
1205 751 1374 807 Vultis
1404 769 1432 804 a
1463 751 1628 806 veteri
1659 748 1815 818 lege?
1845 747 2002 816 Atqui
2030 744 2132 800 hoc
2155 758 2251 797 no-

671 842 751 894 his
782 841 970 909 pudori
1014 852 1119 909 cst,
1153 842 1295 912 quod
1342 857 1402 897 ea
1428 884 1444 908 ,
1474 856 1592 911 qua:
1634 842 1686 895 in
1719 839 1888 895 veleri
1921 837 2036 906 lege
2082 843 2246 900 sunt,

664 945 783 999 qum
809 945 1137 1001 exsuperare
1159 940 1453 1002 oporteret,
1478 947 1548 986 ne
1577 943 1854 986 servemus
1875 926 2115 997 quidem.
2141 922 2251 977 Nos

663 1030 812 1075 certe
842 1036 946 1075 non
977 1022 1044 1078 dc
1076 1023 1158 1076 his
1187 1021 1376 1077 audire
1422 1020 1775 1077 conveniebat
1804 1017 2062 1088 (Iudaica:
2105 1013 2248 1069 enim

671 1111 889 1166 vilitatis
938 1111 1054 1166 hmo
1120 1123 1384 1182 prmcepta
1433 1111 1634 1176 sunt),
1683 1110 1778 1165 sed
1832 1109 1922 1163 illa
1971 1107 2275 1178 perfecta:

663 1200 835 1270 ahjice
868 1203 1121 1271 pecunias
1142 1243 1156 1270 ,
1201 1211 1281 1257 sta
1307 1203 1519 1258 fortiter
1544 1244 1559 1267 ,
1603 1202 1838 1256 animam
1862 1214 1960 1270 pro
1987 1197 2246 1270 praedica-

665 1292 809 1346 tione
847 1293 973 1347 dato
994 1335 1008 1361 ,
1041 1301 1250 1348 terrena
1293 1293 1470 1347 omnia
1499 1293 1616 1348 ride
1640 1332 1656 1358 ,
1686 1290 1818 1346 nihil
1866 1290 1955 1344 tibi
1995 1290 2065 1343 sit
2093 1302 2245 1343 cum-

663 1397 826 1438 mune
855 1399 974 1437 cum
1021 1386 1271 1454 prmsenti
1301 1386 1441 1451 vita;
1474 1385 1517 1438 si
1547 1384 1666 1454 quis
1697 1392 1750 1438 te
1796 1380 1956 1436 laedat
1976 1420 1992 1445 ,
2024 1376 2246 1434 benefa-

660 1476 799 1543 cito;
829 1476 872 1529 si
906 1484 956 1532 te
980 1477 1291 1542 defraudet,
1323 1476 1664 1541 benedicito;
1711 1476 1756 1530 si
1787 1483 1976 1530 contra
2020 1481 2070 1527 te
2099 1470 2245 1525 blas-

661 1566 908 1634 phemet,
938 1569 1232 1635 honorato;
1271 1569 1520 1624 omnibus
1549 1569 1798 1639 superior
1838 1576 1978 1623 esto.
2028 1565 2152 1622 Haec
2191 1573 2246 1621 et

660 1660 854 1713 similia
883 1661 1068 1717 audire
1093 1662 1393 1732 oportebat.

730 1749 919 1804 Contra
933 1753 1246 1821 juramenta.
1275 1783 1344 1793 —
1363 1752 1515 1809 Nunc
1536 1761 1713 1809 autem
1742 1751 1810 1808 dc
1833 1751 2138 1823 iuramento
2168 1749 2246 1806 l0-

655 1840 905 1908 quimur;
937 1851 1097 1911 atque
1129 1841 1357 1912 idipsum
1406 1843 1698 1912 contingit,
1742 1857 1803 1896 ac
1843 1842 1889 1895 si
1933 1841 2050 1911 quis
2077 1855 2200 1896 eum
2223 1880 2238 1905 ,

655 1937 744 2004 qui
771 1935 879 2005 jam
910 1936 1104 1992 debeat
1132 1937 1496 2007 philosophari
1524 1979 1538 2004 ,
1571 1951 1600 1990 a
1629 1935 1943 1992 doctoribus
1987 1934 2101 1990 suis
2146 1933 2242 1988 ah-

655 2028 900 2092 strahat,
950 2037 1111 2097 atque
1159 2029 1394 2098 syllabas
1422 2037 1475 2084 et
1522 2029 1788 2084 elcnrenta
1842 2027 2023 2097 legere
2064 2033 2240 2096 cogat.

654 2117 839 2186 Cogita
873 2119 1001 2172 mihi
1048 2129 1279 2188 quantus
1305 2120 1479 2188 pudor
1506 2119 1577 2174 sit
1618 2118 1888 2173 hominem
1925 2117 2239 2188 profundam

655 2208 938 2263 habentem
973 2207 1214 2275 barbam,
1249 2210 1497 2263 baculum
1531 2208 1793 2264 ferentem
1816 2217 1867 2263 et
1897 2207 2111 2277 pallium
2142 2206 2237 2276 (a),

652 2299 717 2350 ad
749 2301 1030 2369 magistros
1077 2315 1198 2356 cum
1229 2301 1409 2370 pueris
1438 2299 1587 2355 abire
1609 2340 1624 2367 ,
1668 2308 1727 2354 ιιι
1757 2298 1946 2355 eadem
1977 2313 2098 2354 cum
2137 2298 2240 2353 illis

649 2389 821 2442 discat
845 2407 857 2441 :
887 2405 1065 2444 nonne
1092 2389 1216 2445 hinc
1244 2406 1469 2460 magnus
1499 2390 1683 2446 risus?
1710 2389 1816 2446 Sed
1847 2389 1950 2459 jam
1979 2389 2148 2458 major
2173 2403 2236 2444 ex

648 2480 821 2534 nobis.
845 2479 958 2534 Non
981 2482 1123 2536 enim
1160 2491 1365 2535 tantum
1398 2481 1726 2536 discriminis
1744 2489 1825 2535 est
1848 2479 2233 2550 phi1050phiam

648 2572 787 2625 inter
817 2580 869 2625 et
898 2573 1165 2627 elementa
1189 2611 1203 2637 ,
1237 2580 1493 2641 quantum
1524 2573 1663 2626 inter
1689 2570 1910 2626 Judaica
1935 2579 1990 2624 et
2017 2579 2194 2625 nostra
2218 2586 2231 2634 ;

646 2660 740 2715 sed
771 2670 1028 2730 quantum
1058 2661 1198 2715 inter
1222 2661 1440 2731 angelos
1465 2671 1519 2716 et
1546 2661 1812 2715 homines.
1845 2660 1901 2715 Si
1926 2661 2066 2729 quis,
2090 2675 2237 2730 qua:-

600 2758 606 2762 ‘
645 2765 706 2803 so
739 2760 788 2804 te
813 2791 826 2814 ,
859 2751 1108 2819 angelum
1147 2750 1214 2805 de
1240 2751 1371 2805 caelo
1397 2750 1686 2805 deductum
1712 2750 1929 2819 juberct
1961 2751 2048 2804 hic
2093 2759 2236 2805 stare

645 2847 698 2890 et
745 2838 905 2894 verba
938 2849 1120 2892 nostra
1161 2839 1377 2903 audire,
1424 2847 1483 2893 ut
1513 2839 1806 2894 secundum
1833 2853 1896 2894 ea
1925 2853 1986 2894 se
2015 2855 2234 2908 compo-

641 2937 836 2994 neret,
868 2942 1046 2982 annon
1095 2928 1264 2996 pudor
1313 2928 1439 2983 inde
1489 2937 1543 2982 et
1590 2927 1729 2982 risus
1773 2928 2135 2996 sequeretur?
2176 2927 2231 2984 Si

643 3035 772 3072 vero
799 3019 865 3073 de
894 3020 955 3072 iis
981 3018 1090 3089 jam
1115 3018 1316 3073 erudiri
1349 3017 1632 3073 ridiculum
1663 3027 1746 3072 est
1771 3057 1785 3084 ,
1817 3017 1901 3071 his
1926 3032 1995 3071 ne
2016 3018 2232 3088 quidem

639 3109 946 3176 attendere,
998 3119 1192 3179 quanta
1260 3109 1574 3163 damnatio?
1626 3117 1857 3179 quantus
1905 3109 2119 3178 pudor?
2168 3110 2234 3164 Et

638 3199 911 3268 quomodo
941 3215 1048 3253 non
1091 3199 1262 3268 pudor
1288 3198 1391 3265 sit,
1432 3198 1574 3268 quod
1602 3198 1779 3253 adhuc
1804 3196 2096 3255 Christiani
2137 3198 2232 3254 ad-

636 3290 844 3345 discaut
873 3306 980 3344 non
1007 3305 1128 3346 esse
1172 3288 1502 3360 jurandum?
1531 3291 1781 3345 Attamen
1828 3305 1929 3345 nos
1973 3292 2231 3360 reprima-

636 3398 755 3435 mus
776 3421 790 3445 ,
819 3396 886 3436 ne
914 3383 1085 3450 magis
1135 3380 1426 3436 rideamur.
1458 3382 1576 3450 Age
1605 3381 1768 3451 igitur
1796 3396 1867 3435 ex
1899 3383 2064 3436 veteri
2110 3382 2229 3454 lege

643 3473 795 3525 vobis
821 3471 1147 3526 disseramus
1177 3470 1360 3526 hodie.
1389 3470 1526 3536 Quid
1553 3479 1732 3525 autem
1759 3470 1889 3526 dicit
1915 3471 2049 3526 illa?
2077 3471 2229 3527 Jura-

637 3573 803 3616 mcnto
852 3579 914 3616 ne
957 3564 1267 3632 nssuefacias
1310 3579 1368 3618 os
1428 3573 1567 3616 tuum
1593 3603 1608 3628 ,
1659 3579 1820 3632 neque
1871 3580 1987 3618 cum
2029 3565 2230 3621 nomine

635 3654 816 3708 Sancti
865 3670 1188 3709 consuescas.
1229 3653 1446 3722 Quare?
1489 3652 1636 3708 Sicut
1697 3654 1831 3706 cnim
1879 3669 2093 3719 servus,
2141 3657 2227 3725 qui

635 3756 892 3818 torquetur
933 3747 1165 3812 assidue,
1209 3764 1240 3800 a
1281 3747 1437 3802 livore
1472 3762 1573 3800 non
1611 3745 1947 3816 purgabitur;
1972 3747 2044 3800 sic
2070 3763 2227 3816 neque

628 3845 807 3910 juruns
838 3839 1025 3910 (Eccli.
1052 3840 1143 3896 2'5.
1173 3841 1262 3895 9-1
1282 3841 1356 3911 l).

700 3936 753 3990 5.
797 3935 930 3990 Vide
975 3935 1309 4007 prudentiam
1363 3931 1520 4002 hujus
1566 3931 1844 4000 sapientis.
1891 3928 2009 3984 Non
2054 3929 2219 3996 dixit,

629 4027 935 4081 Juramcnto
983 4043 1049 4081 ne
1094 4023 1418 4079 assuefacias
1468 4031 1706 4077 mentem
1753 4028 1935 4083 tuam;
1984 4019 2101 4084 sed,
2150 4018 2222 4074 0s

630 4130 805 4182 tuum;
855 4119 976 4188 quia
1013 4127 1178 4173 totum
1207 4133 1274 4172 ex
1301 4131 1395 4170 ore
1425 4129 1545 4169 esse
1577 4112 1800 4177 sciebat,
1833 4121 1888 4166 et
1917 4111 2041 4180 quia
2071 4110 2223 4166 facile

628 4212 930 4280 corrigitur.
980 4211 1111 4264 Nam
1145 4207 1480 4264 consuetudo
1507 4216 1590 4261 est
1623 4206 1838 4259 demum
1874 4203 1992 4257 sine
2019 4217 2218 4271 prepo-

629 4304 732 4356 sito
776 4303 910 4356 facta
946 4320 958 4355 :
993 4312 1054 4356 ut
1085 4311 1210 4356 sunt
1240 4301 1393 4355 multi
1419 4299 1510 4369 qui
1539 4300 1591 4352 in
1622 4296 1809 4350 balnea
1844 4294 2099 4364 ingressi,
2133 4293 2221 4348 ubi

630 4392 770 4448 fores
810 4393 1157 4461 transierunt,
1197 4407 1258 4447 se
1305 4392 1538 4461 signant.
1593 4388 1706 4442 lloc
1738 4387 1878 4442 solet
1904 4399 2093 4439 manus
2122 4401 2218 4439 nc-

629 4485 771 4537 mine
790 4483 1013 4552 jubente
1043 4499 1106 4537 ex
1136 4482 1521 4537 consuetudine
1549 4480 1746 4535 facere.
1769 4479 1975 4533 Rursus
1993 4492 2219 4532 accensa

631 4577 871 4640 lucerna,
912 4585 1090 4631 mente
1129 4575 1271 4630 aliud
1300 4574 1570 4644 quidpiam
1605 4572 1999 4634 considerante,
2028 4584 2219 4624 manus

629 4669 836 4736 signum
861 4667 1002 4722 facit.
1029 4667 1105 4722 lta
1134 4674 1189 4722 et
1217 4681 1298 4731 os,
1325 4679 1427 4719 non
1452 4680 1518 4719 ex
1547 4664 1726 4717 animo
1758 4662 2011 4731 loquitur,
2036 4659 2128 4714 sed
2153 4676 2218 4714 ex

629 4760 1039 4825 consuetudine,
1068 4769 1344 4828 totumque
1366 4769 1448 4812 est
1475 4758 1527 4811 in
1556 4757 1754 4826 lingua.
1789 4753 1969 4823 Neque
1993 4770 2109 4806 cum
2137 4769 2222 4807 no-

629 4852 764 4903 mine
794 4850 970 4904 Sancti
996 4867 1309 4904 consuescas.
1343 4849 1489 4904 Sicut
1520 4849 1653 4902 enim
1677 4862 1868 4906 servus,
1902 4847 1990 4915 qui
2009 4855 2214 4915 torque-

630 4951 712 4994 tur
727 4941 947 5010 assidue,
973 4956 1004 4992 a
1025 4941 1181 4994 livore
1204 4957 1304 4994 non
1326 4940 1619 5010 purgabitur
1644 4956 1660 4991 :
1687 4939 1756 4992 sic
1779 4953 1935 5007 neque
1952 4937 2035 5006 qui
2053 4937 2215 5008 jurat.

628 5030 743 5087 Non
773 5008 1064 5101 perjurium
1096 5030 1201 5098 hic,
1236 5008 1332 5086 sed?
1358 5008 1719 5100 juramentum
1757 5027 2019 5083 exseindit
2059 5042 2216 5097 pmna

693 5165 779 5226 (a)
802 5163 857 5212 In
876 5163 1004 5226 hunc
1026 5165 1184 5215 locum
1207 5165 1315 5215 haec
1337 5169 1474 5214 notat
1509 5163 1757 5213 Dounacus
1793 5161 1921 5226 apud
1951 5159 2213 5226 Saviliumrz

634 5224 1104 5288 Ha’c‘insiqniaisnut
1124 5226 1526 5288 philosonliorum,
1553 5242 1678 5286 πώγων
1703 5236 1813 5288 βιρδς
1830 5224 2005 5285 (spissa
2025 5224 2215 5288 barba),

634 5301 807 5356 βωετιρεα
830 5285 1095 5356 (baculus),
1120 5285 1258 5348 ἐξυρξς,
1284 5301 1427 5356 quam
1468 5285 1712 5356 captiuum
1753 5285 2062 5356 interpretor,
2089 5285 2217 5356 quod

634 5350 698 5395 ad
736 5345 1014 5413 magisteria
1047 5345 1219 5413 nostra
1247 5345 1447 5413 videtur
1479 5345 1691 5413 ajn'isco
1732 5345 2214 5413 more’translatnm,

634 5408 921 5478 quamquam
946 5411 1177 5462 Ludimus
1192 5409 1241 5458 in
1264 5410 1427 5460 habitu
1439 5408 1823 5478 philosophorum
1835 5421 2067 5478 nusqnmn
2079 5408 2217 5478 lquod

633 5469 844 5532 immuni,
870 5479 1116 5531 memorat,
1136 5487 1201 5528 τήν
1225 5483 1397 5532 tiones...
1421 5469 1506 5522 sed
1525 5469 1721 5520 barbam
1747 5469 2218 5532 ῃνοηιὶδδατην,ἔ)αειι·

635 5529 1044 5595 tumentium,
1071 5529 1157 5582 hac
1179 5541 1265 5587 est.
1290 5529 1469 5583 trinum
1493 5533 1704 5595 pallium.
1730 5529 1784 5580 λι
1805 5531 1960 5581 Julius
1988 5529 2159 5595 tantum
2197 5545 2214 5581 .·

634 5592 843 5658 Cantica,
872 5591 1038 5658 inquit,
1063 5596 1202 5645 vestis
1233 5608 1342 5658 qua?
1368 5591 1557 5658 exornis
1602 5601 1792 5658 vocatur
1821 5606 1839 5658 :_
1866 5605 1959 5641 non
1981 5591 2118 5641 aliud
2141 5601 2210 5642 est

635 5654 767 5714 enim
787 5655 878 5703 nisi
911 5654 1071 5706 timtca
1111 5657 1219 5706 alba
1245 5654 1301 5707 'et
1338 5655 1542 5714 servilis,
1570 5669 1599 5703 α
1624 5655 1768 5704 latere
1805 5655 1979 5704 dextro
1999 5661 2216 5702 suturam

635 5726 727 5763 non
749 5713 940 5766 habens.
962 5718 1021 5768 Et
1045 5719 1145 5768 vult
1170 5732 1280 5767 esse
1305 5719 1496 5767 servilis
1519 5713 1795 5766 vestimenti
1819 5727 1993 5777 genus,
2012 5716 2082 5764 sic
2100 5715 2214 5765 dicti

636 5777 763 5836 quod
788 5777 942 5827 latere
967 5789 1136 5840 aperto
1157 5781 1383 5830 dextrum
1407 5780 1665 5830 humerum
1687 5779 2007 5829 exserehant.

2365 465 2437 520 illi
2460 469 2718 537 apposita.
2744 469 2881 539 Ergo
2905 469 3262 539 juramentum
3289 479 3562 540 peccatum
3588 479 3688 524 est.
3713 469 3864 527 Talis
3888 483 3964 526 est
4038 481 4039 504 ³

2360 559 2556 623 anima,
2591 559 2786 614 talibus
2803 570 2974 617 scatet
2993 562 3319 628 vulneribus,
3349 563 3653 632 talibusque
3675 563 3960 619 livoribus.
4038 547 4039 550 η

2359 648 2442 703 An
2471 659 2522 702 tu
2548 665 2652 704 non
2681 651 2869 706 vides?
2895 651 3008 707 lloc
3036 655 3179 708 enim
3211 668 3370 725 grave
3395 663 3479 709 est
3508 672 3521 707 :
3552 657 3806 724 quamvis
3833 671 3959 726 pos—

2358 740 2433 795 sis
2478 739 2657 796 videre
2705 743 2750 796 si
2799 743 2972 809 velis;
3027 745 3176 799 dedit
3211 747 3408 816 quippe
3437 746 3531 802 tibi
3561 747 3703 801 Deus
3749 748 3957 802 oculos.

2359 831 2577 888 Talibus
2607 835 2778 889 oculis
2805 835 3020 891 videbat
3052 837 3337 906 propheta,
3370 837 3556 892 dicens
3587 855 3601 891 :
3636 835 3959 893 Pun-uerunt

2357 933 2403 979 ct
2432 935 2686 995 corruptae
2710 937 2828 980 sunt
2857 927 3115 981 cicatrices
3139 942 3266 982 mea:
3285 944 3316 980 a
3343 927 3475 996 [acie
3499 928 3815 1000 insipientia
3836 946 3959 984 mea

2357 1013 2548 1087 (Psat.
2593 1016 2682 1070 57.
2720 1015 2818 1086 6).
2868 1017 3035 1072 Deum
3085 1016 3464 1087 despeximus,
3505 1032 3703 1072 nomen
3754 1018 3954 1073 bonum

2353 1107 2480 1164 odio
2520 1107 2826 1176 habuimus,
2869 1109 3141 1165 Christum
3180 1110 3648 1175 conculcavitnus,
3693 1109 3954 1165 solvimus

2354 1200 2633 1270 pudorem,
2687 1217 2846 1258 nemo
2893 1218 3013 1257 cum
3058 1201 3264 1257 honore
3304 1216 3498 1257 nomen
3537 1201 3632 1257 Dei
3663 1211 3948 1257 memorat.

2355 1289 2422 1343 Et
2451 1299 2504 1344 tu
2532 1290 2770 1360 quidem,
2799 1292 2843 1346 si
2875 1292 3181 1362 quempiam
3209 1292 3482 1359 dilexeris,
3507 1291 3579 1348 ad
3604 1306 3806 1348 nomen
3839 1292 3952 1360 ejus

2352 1380 2576 1452 erigeris
2602 1397 2616 1446 ;
2660 1381 2827 1437 Deum
2859 1398 2988 1438 vero
3018 1384 3096 1438 sic
3127 1393 3388 1455 perpetuo
3424 1399 3586 1441 vocas
3611 1384 3768 1455 quasi
3796 1385 3946 1440 nihil.

2352 1469 2496 1526 Voca
2525 1487 2646 1527 eum
2674 1471 3016 1528 benefaciens
3039 1474 3278 1543 inimico,
3307 1490 3439 1532 voca
3465 1476 3531 1530 ad
3572 1476 3802 1531 salutem
3833 1476 3943 1530 ani-

2356 1580 2459 1620 ma:
2489 1574 2593 1621 tuae
2628 1585 2641 1621 :
2673 1576 2801 1622 tunc
2827 1568 3001 1634 adest,
3033 1578 3159 1623 tunc
3185 1569 3426 1626 ltetificas
3458 1570 3608 1626 illum
3639 1585 3827 1637 ;nunc
3851 1585 3946 1624 au-

2351 1665 2459 1711 tuu
2502 1660 2814 1714 exacerbas.
2867 1660 3014 1715 Voca
3061 1661 3209 1715 illum
3260 1671 3316 1716 ut
3354 1662 3567 1717 vocavit
3611 1662 3941 1733 Stephanus.

2349 1748 2488 1816 Quid
2531 1751 2753 1806 dicens?
2788 1751 3022 1818 Domine,
3072 1769 3135 1807 ne
3177 1763 3372 1808 statuas
3413 1755 3516 1808 illis
3555 1755 3652 1808 hoc
3683 1765 3947 1824 peccatum

2349 1842 2486 1910 (Act.
2508 1843 2560 1896 7.
2592 1842 2708 1911 59).
2747 1842 2888 1897 Voca
2921 1843 3070 1898 illum
3095 1853 3151 1898 ut
3175 1844 3381 1898 vocavit
3405 1858 3542 1898 uxor
3569 1844 3807 1909 Eleanzr,
3827 1859 3946 1897 cum

2347 1931 2617 2003 lacrymis,
2664 1947 2786 1987 cum
2829 1933 2979 2000 fletu,
3025 1949 3145 1988 cum
3189 1935 3433 1989 oratione
3474 1933 3549 2005 (ί.
3582 1934 3713 2006 Reg.
3751 1933 3946 2003 1.10).

2345 2021 2461 2076 Νοη
2504 2021 2785 2092 prohibeo,
2831 2024 2926 2078 sed
2967 2024 3122 2078 valde
3168 2023 3376 2079 hortor.
3410 2023 3548 2080 Voca
3583 2024 3735 2079 illum
3769 2036 3827 2079 ut
3857 2040 3950 2079 vo-

2346 2115 2488 2168 cavit
2526 2114 2758 2185 Moyses,
2795 2126 2848 2169 et
2878 2116 3146 2170 clamabat
3172 2131 3336 2170 orans
3375 2131 3472 2185 pro
3510 2116 3592 2180 iis,
3640 2117 3732 2185 qui
3769 2116 3948 2185 ipsum

2347 2205 2398 2259 in
2432 2203 2609 2275 fugam
2636 2213 2860 2274 egerant
2891 2205 3075 2277 (Nam.
3106 2206 3194 2259 12.
3225 2205 3338 2276 15).
3372 2205 3440 2259 Ει
3463 2215 3518 2260 ιιι
3545 2205 3764 2276 quidem
3795 2207 3839 2260 si
3873 2208 3951 2259 v—i-

2345 2313 2463 2352 rum
2490 2297 2793 2366 quempiam
2823 2296 3179 2351 reverendam
3213 2305 3416 2352 temere
3445 2311 3738 2362 memores,
3772 2297 3824 2351 id
3854 2312 3952 2366 pro

2344 2387 2664 2442 contumelia
2719 2386 2981 2451 habetur;
3021 2387 3064 2441 si
3109 2402 3241 2442 vero
3281 2387 3449 2443 Deum
3493 2388 3670 2443 verbis
3710 2389 3951 2442 circum-

2343 2476 2499 2542 feras,
2549 2491 2652 2532 non
2678 2477 2838 2532 modo
2865 2485 3087 2542 temere,
3114 2478 3206 2532 sed
3234 2480 3395 2532 etiam
3423 2479 3824 2548 intempestive,
3853 2495 3950 2549 pm

2343 2571 2511 2625 nihilo
2537 2586 2651 2625 rem
2677 2570 2886 2626 habes?
2939 2571 3004 2625 Et
3041 2581 3243 2640 quanto
3287 2571 3552 2640 supplicio
3592 2569 3790 2640 dignus
3834 2588 3943 2627 non

2344 2661 2546 2717 fueris?
2575 2661 2688 2716 Non
2711 2661 2970 2731 prohibeo
2997 2661 3167 2716 Deum
3193 2676 3406 2731 semper
3437 2662 3491 2715 in
3518 2671 3698 2717 mente
3719 2662 3946 2728 habere,

2342 2756 2444 2811 hoc
2474 2756 2618 2810 enim
2674 2764 2729 2811 et
2773 2755 3003 2826 optarim
3036 2764 3088 2810 et
3114 2756 3311 2820 velim;
3361 2763 3414 2809 at
3451 2770 3555 2809 non
3601 2764 3800 2825 praeter
3833 2758 3948 2825 pla-

2338 2849 2503 2904 citum
2547 2848 2685 2917 ejus,
2732 2863 2920 2902 verum
2951 2863 3072 2903 eum
3102 2848 3258 2903 laude
3286 2859 3340 2903 et
3381 2848 3607 2903 honore.
3668 2849 3860 2919 Magna
3896 2850 3948 2905 id

2337 2941 2489 2995 nobis
2512 2947 2724 3008 pareret
2746 2939 2905 3004 bona,
2930 2939 2975 2994 si
3001 2955 3121 2994 cum
3145 2949 3376 3008 oportet,
3401 2949 3454 2996 et
3478 2941 3530 2995 in
3561 2940 3756 3010 quibus
3784 2957 3947 3011 Opor-

2339 3039 2436 3095 tet,
2469 3040 2676 3084 tantum
2717 3045 3035 3085 vocaremus
3071 3045 3214 3085 eum.
3248 3030 3377 3097 Cur,
3407 3045 3612 3100 qumso,
3644 3032 3944 3101 apostolo—

2339 3138 2458 3176 rum
2501 3136 2617 3175 arvo
2657 3128 2735 3175 tot
2775 3129 3043 3190 tantaeque
3083 3121 3310 3176 virtutes
3349 3120 3567 3186 fiebant,
3603 3133 3785 3176 nostra
3815 3139 3946 3178 vero

2337 3221 2494 3266 aetate
2519 3210 2760 3275 minime,
2813 3210 2938 3266 licet
2969 3212 3108 3264 idem
3139 3210 3252 3281 ipse
3282 3212 3350 3264 sit
3372 3212 3546 3291 .Deus,
3575 3212 3812 3282 idipsum
3841 3229 3942 3268 no-

2335 3304 2499 3356 men?
2520 3303 2625 3359 Sed
2656 3319 2761 3357 non
2789 3319 2887 3374 par
2913 3318 3002 3359 res
3022 3313 3125 3360 est.
3153 3303 3472 3371 Quomodo?
3498 3304 3632 3372 Quia
3663 3305 3737 3359 illi
3770 3306 3821 3359 in
3853 3306 3940 3374 iis,

2332 3409 2453 3464 qua:
2489 3393 2619 3458 dixi,
2653 3394 2828 3464 ipsum
2861 3395 3126 3450 vocabant
3153 3393 3359 3459 solum;
3399 3409 3499 3449 nos
3543 3409 3672 3450 vero
3717 3411 3830 3450 non
3891 3397 3941 3450 in

2335 3486 2440 3549 his,
2485 3486 2581 3541 sed
2611 3487 2662 3540 in
2697 3486 2839 3542 aliis.
2871 3486 2927 3541 Si
2960 3495 3138 3540 autem
3167 3486 3287 3541 ideo
3310 3485 3480 3554 juras,
3524 3487 3648 3556 quia
3698 3487 3791 3542 ille
3832 3504 3940 3543 non

2339 3573 2514 3632 credit
2544 3595 2557 3630 :
2587 3577 2673 3632 dic
2704 3577 2943 3646 quidem,
2979 3576 3181 3641 Crede;
3214 3585 3470 3630 cancrum
3495 3576 3540 3630 si
3569 3575 3670 3639 vis,
3697 3576 3818 3646 jura
3843 3592 3942 3648 per

2333 3674 2386 3722 te
2419 3671 2612 3737 ipsum.
2640 3667 2766 3722 liceo
2785 3667 2994 3731 dicens,
3020 3681 3128 3722 non
3151 3667 3419 3721 contraria
3446 3665 3650 3722 Christi
3679 3668 3784 3736 legi
3817 3685 3941 3738 pro-

2333 3754 2467 3822 fero,
2497 3756 2638 3810 absit
2666 3774 2678 3810 :
2713 3771 2839 3810 nam
2861 3757 2955 3821 ait,
2982 3755 3063 3811 Sit
3091 3765 3263 3810 autem
3288 3772 3451 3809 sermo
3477 3765 3659 3822 vester,
3695 3756 3810 3823 Est,
3839 3769 3938 3824 est;

2334 3846 2476 3912 Non,
2511 3865 2612 3900 non
2639 3847 2848 3915 (Matth.
2884 3850 2936 3904 5.
2967 3849 3057 3916 57)
3087 3865 3100 3913 ;
3126 3849 3218 3903 sed
3252 3863 3338 3903 me
3361 3848 3512 3903 vobis
3541 3858 3935 3918 attentpcratts,

2334 3950 2392 3994 ut
2424 3942 2593 4010 magis
2621 3939 2686 3994 ad
2716 3940 2819 3995 hoc
2843 3956 2937 3995 vos
2965 3940 3214 3995 inducam
3247 3949 3300 3995 et
3324 3955 3354 3994 a
3380 3941 3661 4010 tyrannica
3703 3957 3938 3998 consue—

2332 4030 2514 4084 tudine
2551 4031 2800 4086 liberem.
2830 4030 2974 4098 Quot
3011 4031 3063 4085 in
3095 4032 3213 4086 aliis
3241 4030 3403 4086 rebus
3436 4032 3670 4101 probati,
3720 4033 3822 4086 hae
3867 4033 3937 4089 de

2328 4137 2484 4177 causa
2517 4123 2792 4190 perierunt
2829 4122 2840 4175 !
2881 4121 3059 4177 Vultis
3085 4122 3318 4188 discere,
3357 4137 3456 4176 cur
3487 4121 3681 4190 priscis
3707 4121 3817 4177 illis
3850 4123 3937 4192 ju-

2329 4230 2448 4269 rare
2482 4214 2931 4283 permitteretur?
2963 4213 3229 4285 (pejerare
3271 4215 3413 4269 enim
3448 4229 3623 4283 neque
3661 4216 3767 4268 illis
3800 4231 3935 4272 eon~

2329 4319 2539 4361 cessum
2568 4303 2727 4374 erat).
2749 4306 2880 4373 Quia
2915 4320 3012 4375 per
3041 4305 3177 4359 idola
3197 4305 3468 4375 jurabant.
3503 4304 3620 4359 Non
3647 4321 3742 4359 vos
3765 4307 3934 4375 pudet

2329 4397 2383 4451 in
2417 4397 2478 4452 iis
2512 4411 2730 4451 munere
2761 4395 2987 4466 legibus,
3036 4396 3086 4449 in
3130 4396 3323 4465 quibus
3359 4397 3435 4450 illi
3461 4397 3818 4450 versabantur
3851 4399 3933 4451 in-

2330 4489 2488 4543 firmi.
2524 4488 2653 4543 Nam
2685 4489 2726 4542 si
2756 4503 2898 4541 nunc
2925 4487 3178 4555 gentilem
3211 4487 3447 4553 adoriar,
3495 4501 3601 4541 non
3633 4489 3818 4541 statim
3855 4489 3932 4542 illi

2330 4580 2431 4633 hoc
2457 4574 2682 4649 impero,
2710 4578 2803 4633 sed
2835 4579 3046 4632 interim
3071 4587 3126 4631 ut
3151 4579 3286 4633 sciat
3311 4577 3585 4632 Christum
3615 4577 3889 4632 admoneo
3914 4598 3928 4632 :

2329 4671 2498 4724 fidelis
2521 4685 2669 4734 vero,
2701 4670 2789 4739 qui
2817 4669 3086 4724 Christum
3112 4667 3297 4722 didicit
3325 4677 3379 4722 et
3403 4669 3625 4732 audivit,
3651 4671 3696 4722 si
3729 4669 3926 4724 eadem

2328 4777 2427 4831 qua
2458 4761 2679 4816 Graecus
2708 4759 3037 4828 indulgentia
3090 4772 3225 4827 opus
3267 4758 3483 4821 habeat,
3533 4773 3653 4827 quae
3684 4759 3931 4814 utilitas?

2326 4855 2464 4925 quod
2492 4853 2741 4907 lucrum?
2774 4852 2878 4906 Sed
2900 4852 3079 4920 gravis
3106 4866 3194 4925 res
3216 4862 3300 4905 est
3325 4852 3677 4914 consuetudo,
3706 4861 3760 4906 et
3785 4851 3933 4906 diffi-

2326 4945 2426 4999 cile
2472 4942 2838 4998 abstraheris?
2872 4941 3033 5012 Ergo,
3084 4941 3207 5011 quia
3240 4949 3386 4998 tanta
3409 4953 3492 4997 est
3512 4942 3933 4998 consuetudinis

2326 5035 2586 5106 tyrannis,
2627 5049 2748 5089 eam
2779 5034 2830 5087 in
2858 5033 3016 5085 aliam
3067 5033 3297 5088 transfer
3334 5031 3803 5087 consuetudinem.
3861 5033 3931 5089 Et

2324 5125 2614 5197 quomodo,
2639 5125 2872 5194 inquies,
2899 5124 3013 5179 ﬁeri
3039 5126 3255 5194 potest?
3300 5124 3453 5192 Quod
3484 5137 3628 5194 sa-pe
3653 5125 3787 5190 dixi,
3825 5125 3932 5182 hoc

2322 5229 2376 5274 et
2403 5233 2542 5272 nunc
2564 5217 2684 5271 dico
2719 5234 2730 5269 :
2761 5215 2881 5272 Sitit
2909 5216 3286 5271 emendatores
3309 5217 3574 5270 dictorum
3605 5217 3782 5281 multi,
3818 5218 3931 5271 sint

2325 5308 2671 5378 inquisitores
2715 5315 2769 5361 et
2815 5317 3172 5362 correctores.
3225 5306 3344 5361 Non
3389 5306 3559 5376 pudor
3587 5318 3670 5362 ρει
3697 5306 3768 5361 ab
3803 5308 3931 5362 aliis

2322 5399 2553 5469 corrigi;
2591 5400 2698 5452 imo
2724 5397 2897 5467 pudor
2938 5406 3022 5452 est
3055 5397 3319 5467 repellere
3354 5397 3712 5467 corrigentes,
3757 5406 3814 5450 et
3873 5398 3927 5451 in

2326 5492 2555 5562 prepriaz
2594 5487 2783 5543 salutis
2828 5488 3083 5542 damnum
3118 5487 3217 5543 hoc
3245 5487 3441 5543 facere.
3491 5488 3558 5542 Et
3602 5497 3658 5541 tu
3702 5487 3926 5556 quidem

2325 5583 2366 5636 si
2395 5590 2594 5636 vestem
2624 5578 2814 5632 induas
2839 5579 3131 5645 iuversam,
3181 5580 3441 5648 permittis
3469 5587 3522 5633 te
3550 5594 3579 5632 a
3612 5593 3781 5648 puero
3822 5581 3927 5633 ad-

2325 5673 2551 5739 moneri,
2577 5685 2676 5725 nec
2705 5680 2755 5725 te
2786 5670 2948 5740 pudet
2980 5670 3045 5723 ah
3077 5670 3169 5724 illo
3193 5672 3436 5738 discere;
3477 5673 3720 5742 quamvis
3747 5674 3850 5726 hac
3872 5675 3924 5727 in

2327 5781 2383 5820 re
2413 5779 2635 5834 magnus
2667 5764 2734 5817 sit
2764 5762 2936 5834 pudor
2966 5778 2978 5816 :
3012 5762 3099 5820 hic
3135 5773 3312 5821 autem
3351 5763 3403 5820 in
3444 5750 3619 5820 anima
3647 5763 3836 5830 laesus,
3861 5775 3916 5819 te
