4068 6406
109 343 178 400 σι
1185 358 1254 415 IN
1295 359 1480 417 ACTA
1519 358 2072 429 APOSTOLORUM.
2117 363 2355 421 HOMIL.
2400 367 2467 420 χ.
2572 377 2578 382 ο
3043 343 3045 345 ’
3371 372 3442 430 92

103 457 267 515 οὕτω
301 463 670 537 φυλάττομεν.
689 467 867 540 Ἠμᾶς
895 469 1005 541 γὰρ
1031 474 1091 524 οὐ
1124 476 1252 546 περὶ
1280 476 1486 529 τούτων
1505 473 1727 536 ἀκούειν

105 546 230 634 ἔδει
267 548 393 618 (τῆς
419 550 527 623 γὰρ
559 553 859 626 Ἰουδαϊκῆς
893 559 1170 625 εὐτελείας
1185 562 1361 617 ταῦτα
1412 563 1482 616 τὰ
1513 579 1728 634 παραγ-

102 633 420 703 γέλματα),
456 639 572 693 ἀλλ’
593 641 776 696 ἐκεῖνα
801 642 870 697 τά
886 645 1087 700 τέλεια·
1132 648 1318 719 Ῥῖψον
1346 651 1414 704 τὰ
1439 633 1719 722 χρήματα,

105 722 281 794 στῆθι
298 728 590 793 γενναίως,
615 730 715 801 τὴν
739 731 920 806 ψυχὴν
944 736 1126 802 ἐπίδος
1152 738 1295 810 ὐπὲρ
1321 738 1415 793 τοῦ
1433 757 1503 809 κη
1513 741 1728 811 ρύγμα-

102 827 231 877 τος,
263 816 644 883 καταγέλασον
672 820 781 874 τῶν
809 823 905 876 ἐπὶ
941 823 1040 893 τῆς
1093 825 1199 897 γῆς
1234 827 1513 892 ἁπάντων,
1557 827 1725 898 μηδὲν

101 898 262 953 ἔστω
306 918 391 954 σοι
428 904 608 959 κοινὸν
637 906 778 979 πρὸς
805 909 897 964 τὸν
921 913 1166 983 παρόντα
1213 914 1347 985 βίον·
1382 915 1449 970 ἂν
1486 916 1723 988 ἀδικήσῃ

97 1001 222 1076 τις,
283 989 672 1063 εὐεργέτησονο
719 995 786 1049 ἂν
843 998 1236 1073 πλεονεκτήσῃ,
1288 1003 1606 1076 εὐλόγησον·
1655 1005 1724 1059 ἂν

101 1072 516 1162 βλασφημήσῃ,
541 1081 795 1154 τίμησον·
825 1086 1042 1140 πάντων
1079 1072 1353 1162 άνώτερος
1385 1072 1492 1148 ἔσο.
1535 1093 1719 1149 Ταῦτα

102 1161 215 1214 καὶ
239 1163 314 1216 τὰ
339 1165 568 1221 τοιαῦτα
589 1170 812 1227 ἀκούειν
838 1172 967 1229 ἔδει.

178 1249 330 1338 Νυνὶ
352 1251 409 1305 δὲ
443 1253 588 1328 ὑπὲρ
607 1257 1180 1335 δρκουκδιαλεγόμεθα·
1219 1267 1314 1321 καὶ
1342 1267 1538 1323 ταύτὸν
1569 1269 1720 1338 γίνε-

96 1354 226 1401 ται,
250 1337 446 1413 ὥσπερ
463 1341 532 1396 ἃν
555 1344 613 1396 εῐ
638 1361 724 1409 τις
749 1347 843 1402 τὸν
871 1349 1156 1419 ὀφείλοντα
1181 1354 1516 1425 φιλοσοφεῖν,
1549 1337 1718 1427 άφελ-

96 1427 290 1515 κύσας
315 1429 428 1484 τῶν
455 1430 792 1491 διδασκάλων
823 1438 1200 1515 ὲκείνων,[87]
1219 1443 1492 1508 συλλαϐὰς
1519 1444 1602 1500 ἔτι
1621 1445 1718 1501 καὶ

94 1513 164 1567 τὸ
222 1516 372 1606 κατὰ
430 1522 697 1591 στοιχεῖον
747 1513 1147 1593 ἀναγινώσκειν
1182 1513 1363 1588 Ῠποιοῖ.
1429 1532 1717 1606 Ἐννόησόν

97 1618 204 1694 μοι
261 1605 366 1674 ὅση
393 1607 544 1663 ἐστὶν
579 1611 832 1683 αἰσχύνη,
865 1613 1154 1687 ἄνθρωπόν
1197 1636 1322 1674 τινα
1374 1621 1588 1694 ὑπήνην
1606 1605 1717 1693 ίβα-

94 1690 264 1780 θεῖαν
290 1693 520 1780 έχοντα,
561 1699 658 1753 καὶ
695 1701 933 1772 ῥόπαλον
985 1707 1406 1780 ἐπιφερόμενον,
1455 1690 1552 1764 καί
1575 1690 1714 1776 ἔξω·

95 1777 241 1847 μίδα
271 1779 490 1851 ἔχοντα,
513 1785 597 1850 εἰς
626 1786 984 1855 διδασκάλους
1034 1777 1176 1862 μετά
1203 1777 1314 1850 τῶν
1347 1798 1553 1852 παίδων
1606 1800 1715 1853 άπ-

95 1866 372 1958 ιέναι,καὶ
398 1873 469 1928 τά
498 1874 641 1929 αὐτὰ
658 1876 891 1944 ἐκείνοις
919 1882 1236 1951 μανθάνειν,
1272 1882 1381 1958 ἆρα
1407 1886 1468 1940 οὐ
1489 1886 1658 1952 πολὺς
1683 1891 1712 1943 6

89 1955 311 2047 γέλως;
351 1960 517 2015 ’Δλλά
538 1963 738 2019 πλείων
771 1961 930 2033 οὗτος
952 1970 981 2021 ὀ
1008 1971 1296 2045 ἡμέτερος.
1316 1955 1399 2027 ’οὐ
1438 1975 1549 2047 γὰρ
1586 1976 1712 2030 ὅσον

89 2043 430 2135 φιλοσοφίας
459 2050 522 2102 τὸ
559 2052 725 2120 μέσον
770 2055 866 2108 καὶ
889 2043 1258 2128 γραμμάτων,
1318 2043 1576 2116 τοσοῦτον
1606 2064 1708 2135 τῆς

101 2132 420 2224 ξίουδαῖκῇς
448 2139 728 2206 πολιτείας
756 2144 850 2198 καὶ
886 2145 984 2216 τῆς
1015 2148 1294 2220 ἡμετέρας
1325 2150 1386 2204 τὸ
1424 2132 1702 2223 διάφορον,

85 2218 212 2273 ἀλλ’
237 2218 379 2275 ὅσον
397 2226 646 2293 ἀγγέλων
664 2231 759 2284 καὶ
775 2231 1099 2305 ἀνθρώπων.
1122 2218 1314 2300 Είήτις,
1334 2237 1457 2290 είπέ
1477 2218 1708 2309 μοιξάγ-

84 2311 257 2379 γελον
282 2313 349 2367 ἐκ
365 2313 460 2368 ¹ιοῦ
474 2315 708 2387 οὐρανοῦ
743 2322 1097 2391 καταγαγὼν,
1127 2326 1438 2381 κελεύσειεν
1469 2326 1702 2384 ἐνταῦθα

82 2400 323 2490 ἐστάναι
342 2405 436 2458 καὶ
456 2407 762 2478 ἀκροᾶσθαι
791 2410 900 2468 τῶν
932 2414 1220 2488 ἡμετέρων
1249 2417 1446 2488 λόγων,
1466 2419 1540 2484 ώς
1557 2419 1705 2490 ὀφεί-

81 2488 258 2580 λοντα
271 2495 384 2548 άπὸ
399 2496 604 2551 τούτων
622 2498 1005 2570 ρυθμίζεσθαι,
1022 2501 1130 2576 ἆρα
1151 2506 1252 2560 οὐκ
1266 2509 1497 2580 αἰσχύνη
1516 2488 1706 2579 καῖγέ-

79 2577 295 2678 λωςιῆν
314 2599 329 2649 ;
345 2584 408 2678 εἰ
439 2585 496 2639 δὲ
511 2585 573 2639 τὸ
593 2589 722 2678 περὶ
734 2590 937 2646 τούτων
949 2593 1030 2648 ἔτι
1055 2577 1407 2651 παιδεύεσθαι
1424 2577 1704 2678 γέλωςοὴτὸ

82 2669 232 2759 μηδὲ
267 2670 484 2736 τούτοις
515 2675 824 2747 προσέχειν,
853 2679 977 2734 είπέ
1007 2699 1117 2753 μοι,
1149 2683 1288 2754 πόση
1313 2685 1656 2756 κατάγνωσις

79 2758 236 2828 πόση
264 2761 537 2832 αἰσχύνης
568 2764 678 2818 Καὶ
711 2765 829 2830 πῶς
878 2768 985 2840 γὰρ
1024 2771 1125 2825 οὐκ
1158 2772 1443 2845 αἰσχύνης,
1479 2775 1561 2829 ὅτι
1615 2758 1698 2832 ἔτι

80 2845 414 2917 Χριστιανοί
456 2853 586 2922 περὶ
611 2852 706 2907 τοῦ
743 2855 819 2927 μὴ
845 2855 956 2910 δεῖν
1012 2859 1245 2929 ὀμνύναι
1303 2863 1694 2930 παιδεύονται;

79 2935 240 3006 Πλὴν
279 2937 400 3024 αλλ’
451 2939 840 3011 άνασχώμεθα,
892 2945 978 2998 ἵνα
1011 2947 1086 3017 μὴ
1127 2949 1329 3018 μᾶλλον
1383 2951 1693 3024 γελώμεθα.

250 3020 346 3114 οῦᾉν
367 3027 478 3080 ἀπὸ
503 3028 605 3098 τῆς
628 3031 873 3096 Παλαιᾶς
891 3033 1020 3104 ὑμῖν
1040 3035 1412 3108 διαλεχθῶμεν
1427 3020 1692 3114 τήμερον.

77 3110 146 3165 Τί
169 3111 232 3165 δὲ
262 3112 404 3185 αῦτη
429 3116 633 3185 φησίνς
667 3118 864 3186 Ὀρκῳ
880 3121 967 3190 μὴ
991 3123 1204 3193 ἐθίσῃς
1234 3125 1303 3179 τὸ
1325 3110 1521 3198 στόμα
1551 3110 1693 3194 σου,

70 3199 240 3268 μηδὲ
262 3202 345 3268 τῷ
383 3204 632 3275 ὀνόματι
682 3208 789 3262 τοῦ
819 3210 992 3280 ἁγίου
1049 3216 1444 3285 συνεθισθ-ᾗς.
1480 3218 1580 3272 Διὰ
1603 3218 1657 3271 τί
1676 3235 1690 3279 ;

76 3286 320 3357 Ὠσπερ
345 3289 457 3360 γὰρ
486 3293 724 3361 οἰκέτης
753 3296 1175 3368 ἐξεταζόμενος
1199 3302 1551 3374 ἐνδελεχῶς,
1575 3307 1694 3363 ἀπὸ

69 3374 379 3445 μώλωπος
420 3380 494 3434 οὐ
539 3385 1070 3456 καθαρισθήσεται,
1125 3389 1316 3458 οὕτως
1344 3393 1490 3447 οὐδὲ
1527 3397 1560 3449 ό
1590 3395 1692 3465 όμ-

73 3466 270 3521 νύων.
1007 3487 1010 3490 ‘

149 3562 216 3610 ε’.
270 3556 416 3627 Ὅρα
441 3559 542 3629 τὴν
561 3561 779 3616 σύνεσιν
801 3562 894 3617 τοῦ
926 3565 1092 3635 σοφοῦ
1124 3567 1338 3623 τούτου.
1363 3569 1480 3626 οὐκ
1511 3565 1688 3639 εἶπεν,

74 3641 281 3732 Ὀρκῳ
317 3645 392 3717 μὴ
438 3645 629 3720 ἐθίσῃς
655 3649 756 3720 τὴν
782 3650 1026 3707 διάνοιάν
1056 3671 1173 3719 σου,
1199 3657 1356 3721 ἀλλὰ,
1385 3659 1455 3713 Τὸ
1492 3663 1692 3732 στόμα

73 3747 223 3785 σου·
252 3731 338 3784 ὅτι
360 3733 456 3786 τοῦ
479 3735 750 3805 στόματος
770 3737 829 3791 ὃν
859 3740 919 3794 τὸ
939 3742 1048 3794 πᾶν
1069 3738 1200 3808 οἶδε,
1224 3746 1319 3798 καὶ
1344 3746 1424 3800 ὃτι
1451 3747 1690 3814 εὐκόλως

72 3819 469 3907 κατορθοῦται.
497 3823 763 3895 Συνήθεια
798 3827 904 3898 γάρ
933 3830 1051 3883 ἐστι
1090 3830 1277 3885 λοιπὸν
1305 3836 1689 3907 ἀπροαιρέτως

72 3911 369 3982 γινομένη·
412 3905 525 3966 οἷόν
540 3914 647 3968 εἰσι
677 3915 883 3977 πολλοὶ,
911 3918 964 3972 οἳ
993 3921 1052 3974 ὲν
1082 3920 1387 3991 βαλανείοις
1404 3905 1686 3996 εἰσιόντες,

73 4000 199 4067 ἅμα
239 3997 319 4069 τῷ
352 3999 454 4063 τὰς
488 3999 658 4074 θύρας
694 4003 999 4076 ὑπερϐῆναι
1059 4011 1471 4078 σφραγίζονται.
1517 4013 1687 4069 Τοῦτο

71 4082 220 4140 οἶδεν
252 4089 286 4158 ἡ
328 4089 452 4159 χεὶρ
506 4091 601 4143 καὶ
630 4092 859 4161 μηδενὸς
897 4093 1214 4162 κελεύοντος
1246 4099 1357 4154 ἀπὸ
1387 4104 1488 4173 τῆς
1523 4120 1686 4173 συνη-

73 4175 230 4240 θείας
254 4179 449 4230 ποιεῖν.
481 4178 648 4232 Πάλιν
673 4179 866 4252 λύχνου
930 4184 1214 4253 άφθέντος,
1264 4188 1527 4255 πολλάκις
1584 4191 1686 4260 τῆς

69 4264 315 4328 διανοίας
333 4265 523 4353 ἕτερόν
550 4284 602 4322 τι
634 4272 1090 4347 σκεπτομένης,ή
1120 4276 1242 4348 χεὶρ
1275 4278 1375 4350 τὴν
1410 4282 1685 4353 σφραγῖδα

70 4355 241 4440 ποιεῖ.
277 4351 440 4407 Οὕτω
469 4355 534 4425 δὴ
564 4357 658 4410 καὶ
688 4357 752 4411 τὸ
787 4359 962 4430 στόμα
988 4399 1002 4425 ,
1064 4365 1126 4416 οὐ
1178 4365 1320 4434 μετὰ
1351 4367 1453 4438 τῆς
1493 4351 1684 4440 ἡψυχῆς

69 4439 398 4530 φθέγγεται,
418 4441 555 4499 ἀλλὰ
582 4443 693 4498 άπὸ
726 4446 829 4518 τῆς
851 4449 1160 4521 συνηθείας,
1179 4454 1274 4506 καὶ
1299 4454 1356 4508 ὲν
1377 4458 1441 4527 τῇ
1465 4439 1683 4530 γλώττῃ

67 4529 132 4581 τὸ
159 4529 273 4582 πᾶν
301 4530 440 4617 ἐστι.
477 4533 589 4586 Καὶ
614 4533 696 4600 τῷ
725 4535 994 4606 ὀνόματι,
1020 4542 1186 4609 φησὶ,
1221 4541 1331 4598 τοῦ
1370 4545 1572 4615 Ἀγίου
1591 4529 1680 4617 μὴ

67 4616 452 4704 συνεθισθῇς
474 4627 514 4674 ⁸.
549 4620 782 4692 ’Ὥσπερ
823 4624 933 4694 γὰρ
977 4628 1215 4697 οἰκέτης
1257 4616 1682 4704 ἐξεταζόμενος

66 4703 429 4774 ἐνδελεχῶς,
459 4707 577 4762 ἀπὸ
593 4709 888 4779 μώλωπος
919 4716 992 4768 οὐ
1021 4721 1550 4789 καθαρισθήσεται.
1579 4725 1680 4779 οὕ-

69 4810 186 4859 τως
230 4793 378 4880 ούδὲ
403 4798 435 4849 ό
467 4798 725 4865 ὀμνύων.
761 4802 896 4871 Οὐχὶ
924 4803 1025 4874 τὴν
1069 4806 1360 4879 ἐπιορκίαν
1420 4812 1677 4880 ἐνταῦθα,

68 4880 208 4934 ἀλλά
236 4879 333 4934 τὸν
364 4882 527 4972 ὅρκον
557 4887 835 4953 ἐκκόπτει,
866 4891 959 4943 καὶ
989 4893 1141 4964 αὐτῷ
1172 4895 1354 4968 τίθησι
1371 4898 1472 4970 τὴν
1500 4879 1677 4972 τιμωε

73 4969 215 5040 ρίαν.
251 4971 396 5041 Ἄρα
428 4971 491 5024 τὸ
521 4975 744 5043 ὀμνύειν
761 4979 1028 5052 ἁμαρτία.
1062 4983 1302 5056 Τοιαύτη
1330 4969 1499 5054 ὅντως
1528 4969 1677 5045 ἐστὶν

71 5058 309 5151 η-ψυχὴ,
339 5060 612 5151 τοσούτων
653 5064 813 5134 γέμει
847 5072 1198 5140 τραυμάτων,
1261 5075 1532 5132 τοσούτων
1562 5097 1677 5151 μω-

72 5145 290 5203 λὼπων.
347 5149 486 5203 Ἀλλ’
521 5151 623 5221 οὐχ
654 5154 1001 5226 ὀρᾷς;Τοῦτο
1029 5159 1138 5232 γὰρ
1172 5162 1234 5215 τὸ
1263 5164 1457 5220 δεινόν·
1496 5145 1674 5224 καίτοι

72 5250 133 5302 γε
151 5235 415 5324 δύνασαι,
467 5237 562 5292 ἐὰν
589 5238 770 5312 θέλῃς,
804 5243 960 5316 ὀρᾷψ
1011 5247 1180 5302 ἔδωκε
1211 5252 1321 5323 γάρ
1362 5272 1442 5308 σοι
1468 5257 1672 5324 ὀφθαλ-

76 5322 209 5418 μοὺς
228 5322 426 5388 ὀΘεός.
482 5327 757 5418 ’Ῑξο-ιούτοις
787 5332 1086 5406 ὀφθαλμοῖς
1113 5338 1260 5410 ἑώρα
1363 5322 1670 5418 προφήτης,

72 5410 267 5503 λέγων*
315 5413 722 5503 μηροσώζεσαν
755 5420 855 5474 καὶ
907 5422 1239 5492 ἐσάπησαην
1291 5432 1345 5483 οἱ

68 5515 187 5594 μρυ
213 5498 334 5553 ἀπὸ
363 5503 688 5594 προσώπου
711 5505 822 5574 τῆς
847 5508 1192 5582 ἀφροσύνη(
1220 5535 1358 5586 μου.
1381 5498 1673 5594 Κατεφροῖ

73 5587 316 5658 νήσαμεν
338 5588 439 5680 τοῦ
491 5590 1018 5669 Θεοῦ,ὲμισήσαμεν
1047 5601 1109 5654 τὸ
1152 5603 1325 5675 ὄνομα
1384 5607 1445 5662 τὸ
1485 5587 1670 5680 καλὸν,

75 5679 534 5750 κατεπατήσαμεν
559 5681 652 5735 τὸν
673 5686 929 5756 Χριστὸν,
952 5689 1226 5762 ὲλύσαμεν
1259 5696 1360 5767 τὴν
1395 5700 1548 5763 αἰδῶ,
1590 5703 1673 5756 οὐ-

75 5761 182 5824 δεὶς
217 5765 357 5836 μετὰ
403 5769 566 5840 τιμῆς
602 5771 878 5844 μέμνηται
937 5777 1030 5830 τοῦ
1059 5761 1326 5851 ὀνόματος
1380 5788 1474 5841 τοῦ
1511 5761 1667 5844 Θεοῦ.

90 5944 489 6072 Πυιπὲῒὶὲυςυω
533 5961 816 6019 corruptum
841 5962 1149 6014 resliluimus
1185 5978 1245 6015 ex
1286 5968 1435 6021 Savil.
1485 5979 1535 6025 et
1569 5987 1671 6027 ma-

1829 475 1940 530 Καὶ
1967 479 2032 532 σὺ
2064 478 2167 549 μὲν
2195 479 2263 533 ἂν
2298 481 2462 552 φιλῇς
2479 499 2621 547 τινα,
2677 482 2773 536 καί
2797 482 2936 555 πρὸς
2967 485 3025 536 τὸ
3067 485 3240 555 ὄνομα
3274 485 3442 540 διανί-

1832 583 2049 623 στασαι·
2074 571 2168 623 τὸν
2195 571 2254 624 δὲ
2276 572 2412 625 Θεὸν
2435 572 2578 627 οὕτω
2636 575 3096 645 συνεχῶςκαλείς
3135 577 3212 640 ὡς
3262 579 3437 634 οὐδέν.

1830 665 2076 719 Κάλεσον
2109 668 2273 721 αὐτὸν
2307 668 2400 722 ἐπὶ
2429 670 2725 742 εὐεργεσίᾳ
2763 669 2985 743 ἐχθροῦ·
3026 671 3259 725 κάλεσον
3276 673 3441 727 αὐτὸν

1824 757 1920 810 ἐπὶ
1951 757 2196 830 σωτηρίᾳ
2236 758 2340 828 τῆς
2384 760 2484 830 σῆς
2513 759 2712 831 ψυχῆς·
2769 762 2893 815 τότε
2953 761 3263 832 παρέσται,
3316 764 3439 817 τότε

1823 847 2140 919 εὐφραίνεις
2155 849 2339 903 αὐτόν·
2374 850 2469 904 νῦν
2511 850 2567 904 δὲ
2600 850 2948 922 παροξύνεις.
2984 851 3234 907 Κάλεσον
3251 853 3436 916 αὐτὸν,

1823 939 1900 1002 ώς
1948 940 2177 993 ἐκάλεσε
2213 941 2510 1010 Στέφανος.
2553 941 2620 994 Τί
2675 942 2888 1011 λέγων;
2921 944 3123 1013 Κύριε,
3165 943 3255 1013 μὴ
3289 945 3440 1010 στή-

1821 1043 1945 1100 σῃς
1971 1031 2176 1097 αὐτοῖς
2204 1030 2320 1099 τὴν
2349 1032 2645 1103 ἁμαρτίαν
2672 1033 2919 1100 ταύτην.
2953 1033 3202 1090 Κάλεσον
3248 1035 3434 1103 αὐτὸν,

1821 1119 1898 1186 ὡς
1927 1123 2189 1177 ἐκάλεσεν
2217 1126 2250 1196 ή
2279 1123 2375 1178 τοῦ
2418 1125 2656 1179 Ἑλκανᾶ
2705 1125 2844 1196 γυνὴ
2873 1165 2888 1189 ,
2951 1125 3092 1196 μετὰ
3148 1126 3434 1198 δακρύων,

1825 1211 1969 1283 μετὰ
1998 1211 2234 1284 θρήνων,
2260 1213 2402 1286 μετὰ
2433 1215 2623 1285 εὐχῆς.
2652 1215 2726 1268 Οὐ
2755 1215 2974 1282 κωλύω,
3011 1215 3132 1289 [88]
3166 1216 3305 1272 άλλά
3337 1219 3434 1271 καὶ

1822 1308 2031 1379 σφόδρα
2051 1307 2306 1380 παραινῶ
2330 1309 2380 1364 δ.
2408 1310 2656 1364 Κάλεσον
2681 1309 2847 1364 αὐτὸν
2879 1311 2956 1375 ὡς
2992 1313 3223 1368 ἐκάλεσε
3262 1315 3432 1368 Μωῦ·

1820 1399 1940 1470 σῆς,
1961 1399 2057 1453 καὶ
2097 1400 2230 1456 ὲσόα
2261 1401 2601 1472 παρακαλῶν
2632 1403 2776 1476 ὑπὲρ
2820 1403 2933 1458 τῶν
2967 1404 3431 1474 φυγαδευσάντων

1816 1492 2001 1548 αὐτόν.
2035 1493 2146 1546 Καὶ
2177 1495 2242 1547 σύ
2292 1494 2391 1564 μὲν
2420 1494 2486 1548 ἄν
2519 1512 2666 1560 τινος
2713 1495 2962 1568 μνησθῇς
3022 1497 3208 1562 ἁπλῶς
3235 1497 3429 1571 ἀνδρὸς

1815 1584 2120 1656 αἰδεσίμου,
2158 1585 2319 1656 ὕϐρις
2344 1587 2404 1641 τὸ
2442 1589 2697 1660 πρᾶγμαο
2723 1589 2818 1643 τὸν
2846 1589 2903 1643 δὲ
2928 1589 3062 1644 Θεὸν
3085 1591 3425 1662 περιφέρων,

1813 1677 1874 1730 οὐ
1910 1677 2070 1748 μόνον
2098 1678 2309 1748 ἁπλῶς,
2345 1679 2485 1733 ἀλλὰ
2508 1681 2603 1735 καὶ
2658 1682 2908 1752 ἀκαίρως
2955 1684 3015 1737 ἐν
3038 1685 3153 1747 τοῖς
3193 1686 3306 1747 σοῖς
3334 1683 3426 1736 λό-

1810 1783 1951 1835 γοις,
1978 1768 2132 1822 οὐδὲν
2156 1768 2218 1822 τὸ
2240 1772 2476 1841 πρᾶγμα
2497 1768 2776 1839 νομίζειςς
2821 1773 2933 1826 Καὶ
2974 1772 3150 1844 πόσης
3174 1773 3298 1843 οὐχὶ
3329 1789 3424 1826 κο-

1809 1859 2020 1925 λάσεως
2040 1859 2189 1926 ἄξιος
2204 1860 2271 1916 ἂν
2286 1862 2426 1934 εἴης;
2450 1862 2525 1916 Οὐ
2543 1862 2740 1917 κωλύω
2753 1863 2846 1918 τὸν
2868 1863 3002 1918 Θεὸν
3022 1863 3168 1934 ἔχειν
3193 1863 3427 1919 διαπαν-

1807 1951 1899 2016 τὸς
1919 1955 1976 2006 ὲν
1993 1954 2204 2026 διανοίᾳ
2250 1955 2431 2024 (τοῦτο
2455 1957 2562 2028 γὰρ
2587 1957 2685 2009 καὶ
2726 1955 2958 2027 εὔχομαι
2984 1959 3080 2011 καὶ
3110 1956 3419 2028 βούλομαι),

1809 2043 1945 2099 ἀλλὰ
1971 2046 2046 2117 μὴ
2089 2048 2241 2118 παρὰ
2265 2049 2328 2101 τὸ
2377 2049 2573 2103 δοκοῦν
2603 2050 2776 2121 αὐτῷ,
2804 2051 2922 2105 ἀλλ’
2945 2051 3222 2118 αἰνοῦντα,
3285 2051 3423 2107 ἀλλὰ

1805 2133 2072 2204 τιμῶντα.
2093 2137 2324 2205 Μεγάλα
2345 2137 2411 2192 ἂν
2434 2137 2594 2191 τοῦτο
2628 2141 2926 2212 εἰργάσατο
2962 2142 3096 2212 ἡμῖν
3120 2141 3324 2210 ἀγαθὰ,
3369 2144 3422 2197 εἰ

1805 2225 1894 2280 ὅτε
1919 2226 2047 2291 ἔδει,
2066 2230 2160 2282 καὶ
2183 2231 2267 2297 ἐφ’
2299 2223 2379 2293 οἷς
2408 2229 2516 2282 ἔδει
2558 2231 2721 2300 μόνον
2755 2232 3063 2304 ἐκαλοῦμεν
3086 2233 3270 2289 αὐτόν.
3320 2235 3421 2289 Διὰ

1807 2317 1878 2384 τί,
1902 2318 2025 2373 εἰπέ
2057 2336 2169 2390 μοι,
2198 2320 2293 2373 ἐπὶ
2323 2321 2421 2392 μὲν
2445 2320 2558 2374 τῶν
2604 2323 2920 2378 ἀποστόλων
2968 2325 3230 2380 τοσαῦται
3258 2324 3420 2381 δυνά-

1806 2429 1927 2483 μεις
1948 2413 2215 2481 ἐγίνοντο,
2242 2415 2336 2468 ἐπὶ
2357 2414 2416 2469 δὲ
2436 2417 2466 2484 ἡ
2477 2415 2596 2486 μῶν
2621 2415 2744 2488 οὐχί
2765 2433 2779 2482 ;
2812 2417 2993 2472 καίτοι
3020 2419 3050 2471 6
3073 2418 3240 2482 αὐτός
3299 2422 3418 2474 ἐστι

1800 2503 1956 2571 Θεὸς,
1988 2504 2048 2558 τὸ
2079 2505 2211 2559 αὐτὸ
2241 2505 2432 2577 ὗνομα.
2466 2505 2612 2560 Ἀλλ’
2630 2508 2732 2562 οὐκ
2757 2507 2907 2564 ἐστιν
2929 2509 3065 2564 ἴσον.
3098 2511 3258 2576 Πῶς;
3292 2511 3416 2567 Ὅτι

1800 2597 1999 2650 ἐκεῖνοι
2019 2597 2121 2666 μὲν
2145 2598 2236 2651 ἐπὶ
2248 2597 2462 2663 τούτοις
2490 2609 2536 2665 ο,
2555 2594 2636 2664 οἷς
2665 2594 2841 2666 εἷπον,
2874 2602 3039 2655 αὐτὸν
3065 2602 3296 2656 ἐκάλουν
3315 2603 3415 2673 μό-

1799 2708 1910 2746 νον’
1959 2691 2124 2762 ἡμεῖς
2145 2691 2202 2746 δὲ
2226 2691 2328 2745 οὐκ
2361 2692 2456 2746 ἐπὶ
2493 2693 2728 2758 τούτοις,
2759 2694 2876 2747 ἀλλ’
2910 2695 2999 2748 ἐπ’
3029 2695 3236 2760 ἄλλοις.
3267 2696 3331 2749 Εἰ
3358 2695 3414 2749 δὲ

1797 2785 2038 2851 ἀπιστεῖ,
2075 2785 2171 2838 καὶ
2201 2783 2290 2839 διὰ
2317 2784 2478 2839 τοῦτο
2502 2785 2747 2857 ὀμνύεις,
2778 2787 2906 2856 λέγε
2940 2788 3059 2858 μὲν,
3088 2788 3410 2845 Πίστευσον

1799 2875 1941 2946 πλήν
1971 2876 2020 2928 εἰ
2072 2874 2276 2947 βούλει,
2300 2875 2502 2947 ὄμοσον
2537 2877 2682 2932 κατὰ
2729 2878 2954 2932 σαυτοῦ.
2979 2879 3095 2932 Οὐκ
3122 2880 3413 2950 ἀντινομο-

1796 2963 1968 3018 οετῶν
1989 2965 2066 3036 τῷ
2087 2965 2311 3037 Χριστῷ
2331 2965 2583 3040 λέγω,μὴ
2597 2967 2828 3034 γένοιτο*
2852 2967 3053 3023 Ἔστω
3072 2968 3202 3039 γὰρ,
3221 2970 3409 3040 φησιν,
3437 3031 3451 3052 ⁸

1795 3055 1964 3124 ὑμῶν
1986 3059 2054 3110 τὸ
2081 3057 2218 3123 Ναί,
2247 3056 2370 3121 ναί,
2403 3058 2501 3112 καί
2524 3059 2592 3112 τὸ
2627 3057 2733 3124 Οὒ,
2765 3058 2858 3113 οὔ·
2883 3057 3020 3112 άλλά
3037 3057 3412 3127 συγκαταϐαί-

1793 3149 2067 3218 νωνύμίν,
2095 3149 2184 3202 ἵνα
2221 3150 2428 3219 μᾶλλον
2446 3151 2527 3214 εἰς
2551 3149 2713 3204 τοῦτο
2765 3150 2913 3220 ὑμᾶς
2979 3150 3259 3220 ἐναγάγω,
3317 3151 3411 3204 καὶ

1792 3232 1893 3303 τῆς
1914 3232 2204 3303 συνηθείας
2217 3234 2495 3304 άπαγάγω
2521 3233 2624 3304 τῆς
2647 3234 3002 3307 τυραννικῆς.
3022 3235 3190 3290 Πόσοι
3214 3236 3272 3289 ἐν
3295 3236 3411 3298 τοῖς

1792 3323 1974 3387 ἄλλοις
1989 3321 2413 3394 εὐδοκιμοῦντες
2445 3325 2731 3380 ἀπώλοντο
2761 3326 2870 3380 ἀπὸ
2893 3325 3100 3380 τούτων
3122 3327 3234 3380 τῶν
3267 3343 3411 3397 πρα-

1792 3415 2056 3486 γμάτων;
2083 3416 2349 3470 Βούλεσθε
2386 3418 2601 3488 μαθεῖν,
2623 3416 2712 3472 διὰ
2731 3419 2784 3471 τί
2804 3417 3148 3490 συνεχώρουν
3169 3419 3285 3482 τοῖς
3310 3419 3409 3489 ἁρ-

1791 3509 1969 3580 χαίοις
1995 3507 2253 3580 ὀμνύειν;
2281 3509 2584 3580 (ἐπιορκεῖν
2610 3509 2722 3580 γάρ
2757 3510 2878 3563 οὐδὲ
2931 3510 3169 3573 ἐκείνοις
3209 3526 3411 3578 συγκε-

1790 3600 2076 3674 χώρητο·).
2127 3601 2349 3673 Ἐπειδὴ
2396 3603 2455 3654 ὲν
2482 3604 2597 3665 τοῖς
2621 3602 2862 3666 εἰδώλοις
2894 3603 3130 3672 ὤμνυον.
3163 3603 3279 3655 Οὐκ
3324 3605 3410 3655 aio

1791 3689 2056 3760 σχύνεσθε
2078 3690 2288 3754 τούτοις
2311 3690 2649 3760 ἐμμένοντες
2684 3695 2802 3755 τοῖς
2853 3694 3065 3763 νόμοις,
3100 3688 3183 3756 οἷς
3206 3695 3407 3748 ἐκεῖνοι

1788 3783 2049 3853 ὲνήγοντο
2075 3782 2125 3836 οἰ
2158 3781 2442 3846 άσθενεῖς;
2471 3781 2629 3837 Ἐπεὶ
2651 3783 2746 3836 καὶ
2779 3783 2872 3837 νῦν
2903 3782 3147 3855 Ἕλληνα
3180 3785 3278 3838 ἐὰν
3305 3785 3405 3838 λά-

1788 3873 1889 3940 ϐω,
1913 3875 2013 3928 οὐκ
2033 3875 2239 3938 εὐθέως
2266 3874 2417 3946 αὐτῷ
2442 3876 2730 3931 ἐπιτάσσω
2762 3877 2948 3942 τοῦτο,
3001 3877 3140 3931 ἀλλὰ
3165 3879 3303 3942 τέως
3325 3882 3406 3932 εἰ-

1787 3966 1935 4020 δέναι
1953 3967 2045 4021 τὸν
2071 3966 2309 4039 λριστὸν
2334 3966 2608 4039 παραινῶ·
2647 3970 2676 4022 6
2730 3969 2788 4022 δὲ
2819 3969 3014 4033 πιστὸς
3045 3970 3143 4022 καὶ
3213 3969 3406 4040 μαθὼν

1787 4060 1950 4113 αὐτὸν
1974 4061 2072 4112 καὶ
2103 4059 2368 4125 ἀκούσας,
2401 4061 2452 4112 εἰ
2506 4060 2693 4131 μέλλοι
2720 4061 2821 4130 τῆς
2852 4062 3026 4132 αὐτῆς
3065 4061 3143 4132 τῷ
3175 4063 3404 4131 Ἕλληνι

1788 4151 2256 4218 συγκαταϐάσεως
2285 4152 2518 4216 δεῖσθαι,
2547 4152 2600 4206 τί
2625 4152 2686 4207 τὸ
2707 4154 2897 4223 ὄφελος
2922 4173 2935 4222 ;
2994 4158 3144 4209 ποῖον
3173 4155 3234 4209 τὸ
3266 4157 3404 4227 κέρε-

1785 4244 1910 4309 δο;;
1955 4244 2096 4297 Ἀλλ’
2121 4245 2156 4315 ἡ
2183 4242 2443 4315 συνήθεια
2490 4244 2751 4314 χαλεπὸν,
2793 4248 2890 4299 καὶ
2919 4246 3402 4312 δυσαποσπάστως

1785 4339 1928 4410 ἔχεις
1950 4339 2193 4404 ;Οὐκοῦν
2213 4339 2338 4392 ἐπεὶ
2363 4338 2604 4407 τοσαύτη
2624 4339 2724 4409 τῆς
2750 4339 3041 4412 συνηθείας
3064 4343 3399 4414 ἡτυραννὶς,

1783 4431 1863 4494 είς
1895 4431 2088 4502 ἑτέραν
2114 4431 2285 4502 αὐτὴν
2306 4431 2590 4502 μετάγαγε
2624 4433 2938 4504 συνήθειαν.
2969 4435 3082 4487 Καὶ
3109 4434 3230 4498 πῶς
3246 4436 3401 4490 δυναο

1781 4527 1908 4594 τόνς
1947 4525 2130 4596 φησίν.
2175 4526 2251 4586 Ὃ.
2274 4525 2538 4588 πολλάκις
2567 4521 2739 4592 εἷπον,
2773 4525 2931 4580 τοῦτο
2956 4527 3052 4580 και
3079 4526 3174 4581 νῦν
3229 4527 3395 4596 λέγω·

1787 4620 2071 4672 Ἔστωσαν
2111 4617 2360 4686 λογισταί
2391 4616 2501 4671 τῶν
2542 4616 2857 4688 λεγομένων
2889 4619 3109 4683 πολλοὶ,
3153 4619 3398 4674 ἔστωσαν

1782 4711 2068 4777 ἐξετασταὶ
2109 4713 2204 4764 καὶ
2245 4709 2557 4783 διορθωταί.
2618 4712 2734 4765 Οὐκ
2759 4709 2909 4766 ἐστιν
2943 4711 3176 4783 αἰσχύνη
3222 4713 3284 4765 τὸ
3306 4714 3395 4781 ὐφ’

1782 4806 1984 4878 ἐτέρων
2006 4804 2375 4876 διορθοῦσθαι·
2406 4805 2609 4875 μᾶλλον
2636 4804 2739 4875 μὲν
2772 4799 2866 4858 οῦν
2900 4805 3134 4876 αἰσχύνη
3153 4805 3216 4859 τὸ
3243 4807 3396 4860 ἀπω-

1782 4896 1993 4952 θεῖσθαι
2026 4899 2151 4960 τοὺς
2173 4895 2545 4967 διορθοῦντας,
2588 4895 2799 4949 καὶέπὶ
2839 4895 3016 4968 βλάϐῃ
3060 4897 3161 4966 τῆς
3179 4896 3395 4972 οἰκείας

1783 4990 2059 5061 σωτηρίας
2087 4989 2246 5044 τοῦτο
2272 4993 2468 5042 ποιεῖν.
2508 4988 2619 5042 Καὶ
2665 4989 2731 5041 σὺ
2786 4989 2887 5057 μὲν
2942 4988 3042 5059 τὴν
3080 4989 3287 5058 ἐσθῆτα
3326 4989 3394 5043 ἂν

1781 5081 2013 5146 ἐναλλὰξ
2036 5079 2334 5152 περιϐάλῃ,
2383 5082 2478 5134 καὶ
2506 5081 2673 5134 παῖδα
2696 5079 3023 5151 ἐπιτρέπεις
3070 5080 3391 5151 διορθῶσαι,

1780 5175 1875 5228 καὶ
1903 5175 2004 5227 οὐκ
2031 5172 2263 5244 αἰσχύνῃ
2288 5175 2420 5244 παρ’
2437 5173 2647 5226 ἐκείνου
2684 5172 2998 5243 μανθάνων,
3046 5173 3226 5226 καίτοι
3248 5191 3308 5242 γε
3335 5176 3392 5226 ἐν

1778 5267 1951 5338 τούτῳ
1985 5265 2154 5320 πολλὴ
2187 5267 2219 5337 ἠ
2249 5266 2502 5337 αἰσχύνη·
2561 5264 2796 5320 ἐνταῦθα
2836 5266 2894 5320 δὲ
2932 5266 3030 5337 τὴν
3051 5266 3230 5338 ψυχὴν
3264 5266 3386 5336 βλα‹

1778 5363 2068 5430 πτόμενος,
2102 5359 2370 5431 αἰσχύνῃ,
2413 5358 2539 5412 εἰπέ
2595 5378 2710 5431 μοι,
2733 5363 2864 5431 παρ’
2922 5361 3112 5431 ἑτέρον
3161 5361 3388 5414 παιδεύ-

1776 5457 1967 5522 εσθαι;
1998 5457 2094 5510 καὶ
2111 5453 2426 5526 κοσμοῦντα
2450 5456 2550 5525 μέν
2583 5473 2643 5508 σε
2671 5457 2804 5527 περὶ
2835 5457 2936 5529 τὴν
2968 5459 3173 5529 ἐσθῆτα
3198 5460 3390 5528 φέρεις

1775 5546 1867 5599 τὸν
1889 5546 2108 5617 οἰκέτην
2140 5548 2235 5599 καὶ
2273 5545 2598 5610 ὐποδοῦντα,
2625 5547 2936 5618 κοσμοῦντα
2986 5549 3045 5602 δὲ
3075 5549 3175 5620 τὴν
3205 5549 3390 5621 ψυχὴν

1775 5639 1835 5689 οὐ
1862 5637 2047 5708 φέρεις
2069 5654 2083 5702 ;
2103 5638 2216 5691 Καὶ
2233 5637 2407 5707 πόσης
2434 5639 2496 5690 ού
2527 5637 2702 5691 ταῦτα
2732 5638 2956 5704 ἀνοίας;
2998 5639 3184 5692 Ἔστω
3202 5640 3296 5693 καὶ
3316 5643 3389 5694 οἰ-

1776 5729 1940 5802 κέτης
1970 5731 2176 5785 τούτων
2213 5730 2557 5795 διδάσκαλος,
2613 5730 2754 5785 ἔστω
2786 5733 2880 5786 καὶ
2930 5733 3142 5788 παιδίον
3171 5775 3185 5798 ,
3245 5733 3390 5788 έστω

1838 5971 1866 6012 h
1894 5972 2031 6049 Lfnusi
2054 5975 2236 6049 σιεοδρα
2257 5974 2490 6048 βούλομαι
2518 5978 2596 6024 καὶ
2620 5980 2853 6041 παραινῶ.
2929 5985 2946 6007 ¹’
2964 5979 3063 6029 Alii
3089 5981 3211 6028 ἴσον.
3231 5979 3389 6029 Ἐκεῖ-

1780 6051 1853 6083 νοι
1879 6037 1961 6096 μὲν
1983 6037 2072 6098 γὰρ
2095 6037 2170 6085 ἐπὶ
2189 6037 2390 6093 τούτοις.
