4068 6416
125 332 188 385 95
1121 319 1188 375 IN
1227 319 1406 374 ACTA
1450 316 1976 376 APOSTOLOllUM.
2021 320 2254 376 llOMlL.
2298 285 2390 375 XI.
3382 327 3453 380 ss

121 435 276 506 pudet
300 434 372 491 ab
401 434 511 490 alio
536 431 778 490 erudiri?
803 441 859 488 et
886 447 1102 488 servum
1135 431 1243 488 lers
1266 441 1317 487 te
1353 432 1494 486 circa
1519 439 1725 485 vestem

117 533 403 580 «nantem
431 534 490 580 et
525 525 860 580 calceantem
887 565 902 590 ,
951 539 1076 578 eum
1125 532 1307 577 autem
1355 522 1445 592 qni
1489 522 1726 576 animam

118 627 257 672 tuam
286 627 449 672 ornat
485 633 594 672 non
622 616 904 671 sustines?
945 616 1011 670 Et
1050 625 1264 686 quantm
1309 613 1414 668 hoc
1445 628 1553 667 non
1601 614 1727 667 insi-

113 708 329 778 pientia:
359 709 520 764 fuerit
546 711 560 763 ι
584 707 667 763 Sit
694 717 750 763 et
778 722 968 763 servus
995 706 1207 769 doctor,
1238 707 1308 760 sit
1339 703 1616 774 puerulus,
1654 705 1728 758 sit

113 817 269 868 uxor,
296 802 368 856 sit
385 802 598 856 amicus
621 802 663 870 ⁸,
686 809 968 872 cognatus,
991 799 1220 854 vicinus.
1243 797 1395 853 Sicut
1414 795 1558 852 enim
1579 797 1723 861 Tcra,

108 908 230 961 qua:
259 891 504 962 undique
525 891 765 962 pellitur,
795 906 901 946 non
932 898 1108 961 potest
1129 889 1368 960 elfttgere
1399 906 1411 941 :
1442 886 1519 942 sic
1543 887 1609 951 is,
1631 886 1725 955 qui

108 994 185 1038 tot
216 984 384 1042 habet
410 985 688 1052 custodes,
731 991 815 1038 tot
841 993 1201 1046 correctores,
1246 981 1337 1052 qui
1376 980 1613 1050 undique
1643 978 1724 1033 le-

104 1080 270 1144 riant,
303 1093 410 1134 non
451 1086 631 1149 potest
652 1092 760 1134 non
782 1077 885 1132 sibi
927 1091 1138 1132 cavere.
1167 1075 1236 1130 Et
1279 1074 1454 1145 primo
1503 1071 1720 1143 quidem

100 1171 188 1279 “ut
411 1168 538 1233 legit
563 1182 576 1218 :
600 1167 672 1220 sit
712 1174 761 1220 et
792 1181 964 1220 servus
986 1171 1175 1227 doctor.
1200 1165 1263 1217 δίε
1285 1163 1492 1225 mc”:
1524 1162 1721 1214 οωίδδίδ

179 1243 348 1280 (ει-παι
371 1243 432 1280 is.

179 1243 432 1293 armentis.

99 1359 382 1373 —————

1834 431 1922 488 dic
1953 437 2096 504 aegre
2132 436 2268 489 teret
2307 445 2467 506 atque
2500 437 2553 491 in
2590 437 2831 494 secundo
2869 447 2924 493 ct
2964 440 3126 495 tertio
3163 458 3176 494 :
3206 450 3263 497 at
3300 445 3460 500 dein-

1834 537 1964 592 ceps
2003 540 2091 579 res
2115 526 2213 580 erit
2246 523 2477 593 facilior,
2510 537 2565 582 et
2597 538 2718 597 post
2741 539 2994 600 quartum
3031 547 3138 588 non
3174 533 3317 591 idem
3347 535 3454 592 erit

1832 616 2130 684 negotium.
2154 617 2460 673 Periculum
2489 619 2670 684 facite,
2699 624 2744 675 si
2770 623 2990 692 quidem
3023 640 3133 679 non
3165 628 3406 684 credatis
3433 648 3447 686 :

1832 722 2015 763 curam
2046 707 2263 772 habete,
2297 710 2550 766 obsecro.
2597 712 2715 768 Non
2747 726 2830 769 est
2853 715 2974 772 leve
3005 729 3310 788 peccatum,
3354 738 3452 778 tte-

1829 816 1936 870 que
1964 802 2100 857 levis
2128 806 2433 869 correctio;
2476 805 2573 860 sed
2611 809 2867 880 utrinque
2911 825 3166 882 magnum
3211 828 3309 870 seu
3353 816 3451 868 bo-

1830 908 1960 947 num
1985 907 2080 948 seu
2114 895 2346 949 malum.
2369 894 2587 952 Utinam
2619 899 2821 954 bonum
2861 900 2975 966 ﬁat,
3008 905 3181 974 gratia
3210 914 3267 961 et
3297 907 3452 963 beni-

1828 985 2032 1054 gnitate
2062 985 2273 1039 Domini
2302 989 2473 1043 nostri
2498 988 2626 1046 Jesu
2655 991 2880 1056 Christi,
2931 995 3150 1064 quicum
3193 997 3341 1053 Patri
3394 1010 3452 1056 et

1828 1075 2051 1144 Spiritui
2075 1085 2265 1130 sancto
2286 1077 2480 1147 gloria,
2507 1079 2819 1150 imperium,
2842 1083 3040 1154 honor,
3067 1101 3216 1143 nunc
3245 1095 3448 1145 etsum-

1826 1181 1947 1236 per,
1979 1177 2032 1222 et
2066 1167 2117 1220 in
2145 1170 2342 1224 smcula
2380 1172 2727 1228 sa-culornm.
2759 1178 2957 1234 Amen.

2049 1343 3445 1383 “Mm

1531 1421 1885 1488 HOMILIA
1927 1422 2046 1485 XI.

98 1578 232 1634 Car.
261 1580 320 1635 4.
353 1595 407 1632 v.
439 1578 527 1634 23Δ
566 1575 778 1632 Dimissi
805 1587 974 1631 autem
1000 1586 1242 1632 verterunt
1262 1577 1330 1630 ad
1360 1587 1516 1638 suos;
1547 1581 1594 1626 et
1614 1587 1723 1624 au-

174 1670 542 1723 nuntiaverunt
562 1668 654 1732 eis,
685 1677 876 1737 quanta
901 1667 971 1721 ad
995 1683 1078 1723 eos
1109 1667 1366 1738 principes
1392 1662 1714 1719 sacerdotum

170 1775 220 1818 et
249 1762 478 1817 seniores
498 1761 763 1815 dixissent.

172 1935 228 1988 1.
271 1931 394 1988 Non
431 1945 565 1987 vana
605 1930 778 2002 gloria
825 1929 957 1984 moti
1003 1937 1263 1984 narrant:
1309 1927 1398 1997 qui
1424 1925 1568 1982 enim
1597 1922 1710 1976 ﬁert

97 2023 386 2097 potuerit?
432 2022 527 2078 sed
562 2021 679 2077 bzec
696 2022 884 2093 gratia:
912 2019 1112 2076 Christi
1141 2027 1270 2076 sunt
1296 2017 1515 2073 indicia.
1546 2014 1673 2071 ldeo
1692 2056 1708 2080 ,

93 2131 460 2188 quacumque
501 2115 578 2170 illi
620 2113 905 2180 dixerant,
951 2119 1245 2170 enarrant:
1292 2125 1389 2167 sua
1411 2125 1541 2164 vero
1566 2106 1709 2162 dicta

95 2211 224 2264 licet
248 2216 603 2279 praetereant,
635 2206 760 2263 hinc
790 2215 969 2261 tamen
996 2205 1257 2275 majorem
1285 2203 1536 2258 ﬁduciam
1558 2216 1710 2255 assu-

95 2309 279 2356 munt.
306 2299 378 2353 Et
405 2297 681 2368 perpende
702 2339 717 2362 ,
742 2296 1017 2368 quomodo
1045 2310 1265 2353 rursum
1291 2293 1361 2349 ad
1393 2308 1578 2349 verum
1610 2307 1709 2346 an-

92 2394 290 2447 xilium
321 2389 659 2461 confugiant,
687 2389 755 2444 ad
773 2388 1076 2444 subsidium
1099 2388 1383 2454 invictum,
1412 2401 1476 2440 ac
1494 2400 1707 2440 rursum

91 2484 430 2539 unanimiter
451 2493 507 2539 et
540 2498 662 2538 cum
686 2483 866 2537 studio
893 2500 906 2536 :
932 2497 1109 2553 neque
1134 2482 1280 2537 enim
1302 2491 1387 2536 est
1413 2481 1587 2535 oratio
1610 2489 1699 2533 ut-

88 2593 335 2648 cumque
391 2577 612 2631 emissa.
652 2576 745 2631 24.
796 2577 899 2644 Qui
926 2593 1040 2631 cum
1069 2577 1365 2643 audissent,
1398 2575 1709 2629 unanimiter

89 2671 390 2722 levaverunt
414 2684 585 2722 vocem
608 2670 676 2721 ad
697 2667 886 2735 Deum,
911 2679 957 2722 et
987 2670 1246 2725 dixerunt.
1275 2669 1408 2724 Vide
1433 2683 1592 2738 quam
1621 2669 1708 2722 di-

87 2761 331 2829 ligenter
400 2760 535 2815 ﬁant
582 2760 799 2815 illorum
859 2776 1068 2831 preces.
1117 2761 1345 2831 Quando
1401 2762 1706 2831 apostolatu

86 2852 321 2921 dignum
361 2851 578 2906 ostendi
614 2851 715 2906 sibi
763 2852 1050 2921 petebant,
1103 2853 1183 2907 sic
1229 2853 1527 2907 dicebant:
1590 2851 1703 2917 Tu,

89 2944 346 3009 Domine,
372 2945 465 3015 qui
488 2943 648 2998 corda
675 2946 808 2999 nosti
835 2946 1064 3000 omnium
1089 2986 1103 3010 ,
1131 2945 1339 3000 ostende
1363 2946 1500 3019 (Act.
1531 2947 1581 2999 l.
1609 2945 1704 3014 24)

85 3035 189 3103 (ibi
221 3035 369 3088 enim
395 3034 734 3104 praescientia
765 3050 903 3105 opus
919 3036 1059 3106 erat)
1085 3053 1098 3088 :
1131 3035 1219 3092 hic
1247 3051 1401 3101 vero,
1444 3037 1570 3107 quia
1603 3038 1704 3091 ad-

84 3127 462 3181 versariorum
502 3140 598 3181 ora
633 3127 841 3182 obstrui
868 3127 1190 3198 oportebat,
1221 3129 1290 3184 de
1314 3128 1592 3184 dominatu
1622 3129 1703 3182 lo-

82 3228 368 3289 quuntur;
402 3218 524 3274 ideo
543 3219 625 3275 sic
646 3221 754 3275 orsi
782 3231 909 3276 sunt
938 3240 952 3276 :
1000 3220 1220 3276 Domine
1242 3219 1416 3287 Deus,
1437 3222 1523 3290 qui
1541 3222 1706 3290 fecisti

82 3315 274 3366 etclam
297 3355 314 3376 ,
351 3323 399 3368 et
431 3323 620 3368 terram
639 3356 655 3378 ,
685 3325 734 3369 et
764 3331 933 3382 mare,
960 3327 1008 3368 et
1029 3318 1202 3369 omnia
1225 3333 1339 3386 qua:
1367 3317 1419 3369 in
1446 3316 1517 3369 eis
1538 3325 1657 3369 sunt
1685 3331 1704 3370 :

80 3407 175 3461 25.
202 3406 294 3476 qui
317 3422 411 3475 per
431 3422 490 3459 os
507 3404 679 3460 David
695 3407 843 3475 pueri
863 3406 1128 3461 tuidixisti
1152 3422 1170 3460 :
1196 3406 1372 3472 Quare
1387 3411 1705 3478 fremuerunt

81 3509 283 3569 gentes,
317 3507 367 3550 et
390 3498 570 3567 populi
597 3497 830 3552 meditati
856 3508 977 3552 sunt
1011 3500 1230 3553 inania?
1255 3498 1347 3555 26.
1378 3499 1696 3553 Adstiterunt

79 3608 229 3659 reges
255 3599 409 3645 terra:
437 3600 486 3644 et
531 3590 790 3660 principes
818 3603 1161 3646 convenerunt
1185 3593 1241 3648 in
1269 3609 1428 3647 unum
1456 3594 1705 3646 adversus

84 3680 375 3734 Dominum
404 3689 454 3732 et
475 3681 720 3736 adversus
747 3679 1005 3738 Christum
1045 3684 1155 3753 ejus
1185 3683 1359 3754 (l’sal.
1392 3685 1485 3746 2|.
1514 3684 1596 3755 2).
1627 3686 1705 3739 Ac

80 3771 125 3825 si
159 3782 322 3841 pacta
354 3787 384 3825 a
414 3771 526 3826 Deo
545 3773 848 3843 exigerent,
872 3774 1212 3844 prophetiam
1243 3775 1295 3829 in
1317 3775 1554 3830 medium
1574 3774 1706 3830 aﬁ’e-

80 3871 233 3926 runt,
267 3862 482 3932 scipsos
524 3863 684 3919 simul
711 3864 1088 3932 consolantes,
1116 3866 1259 3936 quod
1296 3870 1478 3922 omnia
1507 3868 1702 3925 frustra

81 3953 426 4009 meditantur
471 3955 696 4011 inimici.
750 3957 864 4010 lloc
901 3968 1082 4010 autem
1124 3958 1433 4028 signiﬁcare
1473 3959 1698 4014 volunt:

82 4045 182 4099 Illa
213 4043 271 4098 in
315 4044 554 4100 medium
605 4047 805 4115 profer,
837 4055 892 4101 ct
921 4047 1148 4103 ostende
1187 4049 1330 4119 quod
1366 4066 1501 4105 rana
1532 4051 1703 4106 medi-

83 4135 181 4189 tati
213 4136 351 4190 sint.
372 4134 466 4189 27.
497 4153 520 4189 ι
544 4135 1096 4193 Conreneruntenim
1119 4155 1243 4196 vere
1272 4141 1324 4195 in
1356 4144 1575 4199 civitate
1599 4145 1698 4200 ista

81 4227 350 4281 adversus
377 4235 623 4282 sanctum
655 4227 886 4284 Puerum
920 4237 1068 4284 tuum
1095 4229 1302 4301 Iesum,
1333 4249 1494 4304 quem
1550 4237 1701 4292 unxi-

81 4320 175 4382 sti,
195 4317 447 4374 Herodes
461 4329 519 4373 et
540 4318 763 4374 Pontius
787 4320 990 4376 Pilatus
1002 4337 1124 4378 cum
1146 4326 1398 4394 gentibus
1419 4337 1472 4383 et
1490 4331 1701 4399 populis

83 4409 289 4477 lsrael,
338 4410 432 4466 28.
479 4419 538 4466 ut
581 4410 824 4468 lacerent
869 4429 1228 4487 qutecumque
1272 4435 1464 4476 manus
1510 4429 1598 4477 tua
1645 4432 1702 4479 et

81 4503 376 4559 consilium
402 4513 551 4560 tuum
581 4504 696 4562 ﬁeri
721 4510 1028 4578 prtelinivit.
1052 4510 1142 4568 29.
1171 4513 1236 4568 Et
1257 4531 1422 4584 nunc,
1448 4517 1693 4586 Domine,

85 4597 302 4666 respice
342 4596 396 4652 in
438 4599 615 4653 minas
654 4614 897 4656 eorum.»
953 4604 1145 4660 Viden'
1172 4606 1572 4680 philos0phiam
1596 4654 1611 4678 ,
1645 4622 1701 4669 et

83 4687 363 4756 quomodo
390 4687 477 4743 his
498 4704 603 4744 non
632 4690 1000 4762 imprecentur
1022 4698 1196 4753 mala?
1222 4700 1393 4758 Minas
1415 4706 1696 4774 speciatim

85 4796 192 4836 non
236 4792 644 4852 exposuerunt,
691 4785 787 4840 sed
829 4785 1016 4842 dicunt
1062 4798 1266 4846 tantum
1311 4794 1434 4849 illos
1461 4798 1697 4856 minatos

82 4889 206 4930 esse
239 4893 253 4928 :
280 4889 406 4928 nam
429 4876 753 4944 compendio
780 4879 1019 4951 loquitur
1039 4884 1289 4953 scriptor.
1324 4886 1392 4942 Et
1417 4890 1561 4956 vide,
1587 4908 1694 4948 non

83 4969 372 5035 dixerunt,
421 4968 677 5040 Dirumpe
721 4971 878 5039 illos,
911 4974 1088 5046 dejice
1113 4976 1274 5045 illos;
1308 4981 1403 5036 sed
1431 4985 1600 5054 quid?
1627 4986 1696 5041 Et

84 5060 150 5113 da
173 5060 334 5115 sentis
359 5059 462 5114 tuis
483 5077 600 5114 cum
623 5065 763 5117 omni
791 5065 985 5133 ﬁducia
1015 5066 1151 5138 loqui
1181 5073 1387 5126 verbum
1407 5084 1573 5131 tuum.
1604 5080 1695 5135 Sic

85 5166 184 5205 nos
212 5166 432 5222 quoque
457 5151 728 5209 discamus
757 5172 934 5214 orare.
967 5159 1085 5215 Etsi
1113 5178 1222 5232 quo
1248 5181 1356 5221 non
1385 5167 1566 5226 lurore
1590 5173 1694 5226 im-

85 5245 292 5312 pleatur
313 5248 403 5316 qui
429 5246 480 5301 in
510 5248 656 5303 viros
685 5250 873 5306 incidit
902 5255 1155 5312 occidere
1187 5259 1361 5328 ipsum
1393 5275 1689 5334 conantes,

81 5347 132 5388 et
171 5337 298 5391 talia
341 5338 783 5397 minitantes?Et
819 5361 928 5415 quo
959 5362 1068 5402 non
1103 5351 1228 5405 odio
1254 5353 1582 5422 impleatur?
1628 5363 1694 5416 At

82 5441 186 5482 non
219 5429 299 5484 sic
340 5429 395 5484 lti
431 5434 626 5488 sancti.
662 5434 749 5491 50.
779 5435 846 5490 In
861 5455 920 5492 eo
949 5442 1088 5509 quod
1114 5460 1320 5499 manum
1348 5458 1490 5502 luant
1517 5464 1690 5506 exten-

83 5523 172 5575 das
220 5524 290 5575 ad
326 5525 593 5591 sanitates,
637 5540 684 5581 et
728 5532 876 5601 signa
912 5544 960 5587 et
986 5537 1224 5608 prodigia
1247 5540 1361 5607 ﬁeri
1387 5561 1477 5612 per
1503 5561 1689 5601 nomen

81 5617 242 5668 sancti
290 5614 450 5671 Pueri
481 5620 557 5672 tui
581 5619 729 5675 Jesu.
761 5623 817 5678 Si
845 5626 899 5680 in
932 5630 1153 5684 nomine
1184 5633 1279 5687 illo
1323 5634 1462 5692 ﬁunt
1495 5655 1690 5708 opera-

81 5707 282 5774 tiones,
333 5709 544 5780 inquit,
584 5728 774 5784 magna
805 5721 906 5775 erit
947 5720 1199 5791 loquendi
1247 5726 1461 5782 ﬁducia.
1498 5707 1586 5787 5t.
1622 5735 1687 5788 Et

80 5816 188 5854 cum
215 5815 464 5870 orassent,
496 5816 659 5861 motus
697 5821 768 5863 est
806 5811 969 5878 locus,
997 5814 1047 5866 in
1081 5832 1177 5886 quo
1201 5831 1342 5875 erant
1366 5832 1682 5896 congregati.

1826 1566 1946 1636 Quo
1976 1568 2100 1624 illos
2123 1572 2411 1629 exauditos
2440 1590 2562 1633 esse
2583 1588 2639 1632 et
2657 1579 2898 1639 divinam
2933 1585 3050 1644 ﬁeri
3074 1590 3440 1652 visitationem

1823 1658 2246 1727 signiﬁcabatur.
2263 1662 2335 1716 Et
2351 1665 2534 1736 repleti
2545 1679 2662 1724 sunt
2675 1689 2849 1728 omnes
2869 1676 3071 1748 Spiritu
3082 1697 3276 1740 sancto.
3303 1687 3441 1755 Quid

1822 1762 1925 1813 est.
1957 1751 2160 1824 Repleti
2187 1760 2350 1812 sunt?
2368 1760 2423 1814 Id
2451 1773 2555 1828 est,
2583 1763 2791 1834 Spiritu
2819 1776 3068 1831 succensi
3095 1789 3245 1846 sunt,
3272 1751 3444 1837 etiar-

1820 1844 1984 1900 debat
2004 1849 2055 1902 in
2073 1848 2177 1906 illis
2199 1850 2493 1912 charisma.
2519 1857 2588 1910 Et
2604 1858 2947 1930 loquebantur
2972 1870 3176 1927 verbum
3198 1844 3300 1929 Dei
3323 1894 3445 1932 cum

1819 1935 2032 2003 ﬁducia.
2048 1939 2119 1994 52
2127 1983 2140 1994 .
2167 1940 2523 2002 Multitudinis
2534 1959 2704 2004 autent
2721 1955 3034 2013 credentium
3050 1973 3162 2016 erat
3174 1980 3266 2020 cor
3277 1973 3440 2024 unm}:

1818 2036 1872 2117 et
1892 2029 2069 2084 anima
2094 2048 2217 2086 una.
2279 2034 2464 2105 Vides,
2494 2041 2640 2110 quod
2667 2058 2790 2098 cum
2818 2049 2992 2117 gratia
3022 2051 3118 2108 Dei
3148 2056 3310 2112 etiam
3339 2075 3440 2115 sua

1816 2116 2140 2221 aﬁ’ereban-t.
2166 2123 2384 2221 Pbique
2411 2130 2566 2185 enim
2585 2132 2689 2188 hoc
2715 2116 3116 2199 observandum
3148 2157 3230 2203 est
3249 2191 3264 2215 ,
3291 2157 3437 2221 quod

1816 2225 1939 2265 cum
1964 2214 2136 2283 gratia
2164 2214 2283 2282 Dei,
2316 2231 2413 2273 sua
2436 2222 2598 2277 etiam
2625 2225 2941 2298 exhibeant,
2976 2243 3034 2289 ut
3057 2214 3256 2294 Petrus
3283 2214 3437 2299 dice-

1815 2300 1908 2355 bat
1938 2320 1952 2355 :
1982 2303 2264 2375 Argentum
2293 2319 2545 2366 claurum
2567 2331 2670 2370 non
2695 2328 2770 2373 est
2800 2323 2930 2376 mihi
2959 2325 3100 2395 (Act.
3136 2331 3189 2385 3.
3216 2331 3296 2402 6).
3331 2335 3438 2391 Ita-

1814 2408 1922 2463 que
1945 2397 2088 2494 quod
2112 2401 2364 2494 superius
2395 2403 2629 2473 dicebat,
2660 2424 2855 2468 omnes
2881 2414 3051 2474 fuisse
3075 2419 3142 2475 In
3183 2397 3430 2494 utipsam,

1815 2500 2004 2542 rursus
2038 2489 2123 2543 hic
2150 2489 2392 2549 declarat
2420 2513 2434 2547 :
2466 2497 2824 2559 Multitudinis
2851 2510 3171 2568 credentium
3201 2489 3312 2571 erat
3342 2489 3452 2575 cor]

1814 2592 1977 2631 unum
2003 2590 2052 2633 et
2077 2583 2252 2636 anima
2279 2602 2404 2640 una.
2432 2589 2570 2645 Cum
2601 2593 2823 2652 dixisset
2853 2611 3033 2657 autem
3063 2606 3183 2662 illos
3205 2615 3434 2669 exaudi-

1817 2677 1901 2721 tos
1923 2670 2109 2738 luisse,
2137 2689 2324 2729 eorum
2360 2691 2545 2747 postea
2573 2685 2834 2744 virtutem
2852 2704 3056 2751 narrat.
3089 2698 3436 2771 lngressurus

1815 2777 2048 2833 namque
2067 2776 2150 2820 est
2179 2767 2230 2822 in
2252 2774 2619 2831 narrationem
2638 2779 2922 2850 Sapphirte
2943 2796 2999 2842 et
3024 2767 3269 2851 Ananim.
3304 2798 3446 2856 Ideo-

1815 2854 2031 2911 illorum
2075 2861 2256 2917 scelus
2293 2873 2616 2924 ostensurus
2640 2911 2654 2934 ,
2686 2875 2838 2941 prius
2866 2877 2936 2934 de
2966 2881 3198 2940 aliorum
3231 2854 3434 2950 virtute

1815 2945 2073 3017 loquitur.
2112 2952 2229 3022 Dic,
2281 2971 2401 3022 oro,
2480 2960 2758 3020 caritasne
2818 2984 3191 3042 paupertatem
3249 2945 3430 3054 parit,

1811 3052 1880 3139 an
1933 3052 2223 3111 paupertas
2269 3049 2600 3107 caritatem?
2653 3056 2882 3116 Videtur
2950 3068 3084 3124 mihi
3157 3049 3301 3144 quod
3330 3049 3425 3135 ca;

1812 3140 1950 3243 ritas
2007 3145 2386 3243 paupertatem
2416 3159 2604 3243 ,“qu.e
2660 3153 2832 3222 magis
2903 3157 3048 3214 illam
3117 3140 3431 3243 adstringit.

1813 3222 1951 3278 Audi
2006 3241 2171 3294 vero,
2217 3231 2345 3300 quid
2411 3235 2604 3294 dicat:
2647 3240 2894 3301 Omnium
2940 3263 3051 3306 erat
3099 3272 3190 3310 cor
3248 3222 3434 3319 vulturii

1811 3324 1860 3368 et
1884 3318 2059 3371 anima
2082 3337 2206 3374 una.
2232 3322 2376 3380 Ecce
2403 3342 2499 3383 cor
2524 3339 2579 3385 ct
2601 3335 2783 3392 anima
2811 3339 3046 3411 idipsum
3084 3360 3229 3407 sunt.
3321 3357 3434 3414 Nec

1811 3407 2102 3513 quisquam
2152 3429 2343 3507 eorum
2374 3461 2389 3484 ,
2438 3436 2562 3491 qua:
2611 3407 2924 3495 possidebat
2955 3477 2970 3501 ,
3019 3440 3221 3513 aliquid
3267 3407 3429 3507 suum

1811 3515 1935 3558 esse
1963 3505 2200 3575 dicebat,
2235 3511 2331 3567 sed
2359 3525 2517 3571 erant
2548 3518 2653 3574 illis
2681 3526 2860 3580 omnia
2889 3505 3222 3593 communia.
3248 3542 3340 3598 55.

1811 3594 2012 3652 virtute
2049 3614 2242 3671 magna
2295 3606 2600 3666 reddebant
2646 3619 2880 3684 apostoli
2926 3594 3434 3692 testimonium

1811 3692 2167 3749 surrectionis
2209 3697 2426 3755 Domini
2477 3702 2608 3761 Jesu
2653 3706 2913 3767 Christi.»
2955 3716 3120 3786 Quasi
3167 3726 3248 3781 eis
3283 3744 3436 3785 com-

1809 3784 2037 3888 missum
2055 3787 2173 3888 sit,
2192 3788 2296 3846 hoc
2323 3792 2587 3863 declarat,
2619 3809 2673 3855 et
2694 3806 2847 3872 quasi
2876 3806 2946 3864 de
2977 3784 3162 3869 ofﬁcio
3192 3819 3431 3888 ipsorum

1812 3875 2051 3946 loquitur
2078 3898 2091 3933 :
2120 3881 2174 3936 id
2207 3893 2311 3950 est,
2347 3888 2718 3948 testimonium
2749 3900 2902 3968 regni
2934 3917 3057 3959 cum
3091 3875 3284 3967 ﬁducia
3315 3933 3433 3971 ont-

1809 3967 1971 4025 nibus
2020 3971 2342 4031 reddebant.
2403 3977 2587 4036 Gratia
2630 3967 2832 4058 quoque
2872 4008 3062 4066 magna
3099 4001 3152 4055 in
3196 3967 3434 4066 omnibus

1809 4073 1917 4158 erat
1945 4081 1964 4117 :
2006 4066 2097 4122 54.
2143 4084 2305 4139 neque
2345 4074 2481 4128 enim
2521 4078 2789 4149 quisquam
2809 4100 2960 4156 egens
2987 4103 3095 4145 erat
3129 4096 3262 4152 inter
3287 4103 3428 4158 illos.

1809 4154 1962 4257 §icut
1989 4158 2041 4212 in
2070 4168 2294 4228 paterna
2328 4165 2492 4221 domo
2516 4168 2611 4224 ﬁlii
2643 4154 2973 4247 omnes—pari
3004 4194 3129 4240 sunt
3176 4154 3428 4262 honore,

1922 4248 1996 4302 illi
2033 4249 2210 4306 all'ecti
2254 4264 2428 4309 erant.
2477 4256 2596 4315 Non
2645 4241 3024 4327 licebat-cnim
3055 4241 3429 4355 dicere—Iquotl

1808 4340 1943 4394 alios
1975 4346 2316 4414 enutrirent;
2349 4365 2414 4405 ac
2437 4352 2480 4406 si
2511 4368 2575 4408 ex
2608 4358 2723 4413 suis
2754 4359 2879 4417 illos
2911 4369 3206 4441 nutrirent,
3345 4382 3431 4436 af-

1808 4431 1930 4487 fecti
1976 4445 2153 4530 erant.
2202 4439 2309 4494 Sed
2351 4441 2456 4499 hoc
2498 4457 2583 4502 est
2613 4451 2901 4524 mirabile,
2931 4462 3076 4530 quod
3118 4431 3430 4530 rebusisuis

1807 4526 2083 4594 sepositis,
2117 4528 2189 4584 ita
2215 4533 2551 4605 nutriebant,
2583 4555 2652 4595 ne
2679 4557 2744 4597 ex
2772 4547 2888 4602 suis
2906 4591 2922 4617 ,
2947 4526 3052 4608 sed
3085 4571 3154 4611 ex
3182 4526 3428 4618 comma:

1807 4619 1966 4675 nibus
2007 4621 2076 4676 ali
2121 4624 2460 4682 viderentur.
2511 4633 2822 4707 «Quotquot
2851 4652 3032 4700 autem
3081 4627 3429 4719 possessores

1805 4726 2061 4783 agrorum
2097 4717 2184 4771 vel
2221 4718 2508 4778 domorum
2546 4737 2702 4782 erant
2727 4771 2740 4794 ,
2785 4717 3093 4796 vendentesﬁ
3124 4745 3426 4808 all‘erebant

1806 4805 1980 4874 pretia
2005 4822 2194 4864 eorum
2221 4851 2236 4876 ,
2268 4828 2391 4883 qua:
2425 4818 2753 4877 vendebant.
2781 4824 2871 4880 55.
2905 4829 2970 4883 Ει
2997 4837 3271 4901 ponebant
3299 4805 3426 4900 ante

1804 4899 1972 4968 pedes
2023 4903 2416 4970 apostolorum.
2481 4910 2838 4971 Dividebatur
2907 4899 3089 4980 autem
3156 4931 3422 5009 singulis,

1805 5003 1963 5061 prout
1995 4997 2190 5067 cuique
2217 5015 2355 5070 Opus
2380 5015 2550 5059 erat.»
2585 5009 2809 5079 Magnus
2840 5015 3032 5086 honor,
3059 5027 3202 5092 quod
3234 4997 3338 5084 non
3371 4997 3422 5089 in

1804 5104 1998 5144 manus
2024 5133 2038 5156 ,
2072 5091 2166 5146 sed
2199 5095 2266 5148 ad
2301 5098 2466 5164 pedes
2493 5105 2866 5170 apostolorum
2894 5091 3178 5180 ponerent.
3204 5122 3293 5179 56.
3322 5126 3422 5181 Jo—

1801 5184 1925 5251 seph
1956 5194 2124 5237 autem
2151 5228 2164 5251 ,
2191 5188 2279 5257 qui
2299 5196 2690 5260 cognominatus
2718 5212 2789 5253 est
2819 5201 3088 5265 Barnabas
3117 5213 3180 5267 ab
3210 5232 3418 5287 aposto-

1803 5276 1904 5342 lis,
1947 5280 2086 5345 quod
2129 5291 2199 5334 est
2245 5282 2670 5357 interpretatum,
2710 5294 2852 5360 ﬁlius
2882 5276 3266 5364 consolationis.
3302 5313 3421 5372 Non

1802 5367 2015 5422 videtur
2061 5370 2191 5424 mihi
2247 5373 2333 5428 hic
2369 5376 2460 5432 illc
2505 5395 2663 5446 esse,
2719 5389 2806 5452 qui
2855 5403 2978 5444 cum
3025 5394 3285 5456 Maltltia:
3331 5367 3422 5463 ille

1801 5475 2035 5531 namque
2063 5462 2266 5533 Josepb
2308 5471 2601 5527 vocabatur
2627 5475 2915 5548 Barsahas,
2953 5499 3136 5554 postea
3173 5511 3296 5552 vero
3327 5462 3422 5554 Co;

1798 5556 2144 5620 gnotninatus
2189 5569 2271 5613 est
2331 5562 2556 5630 Justus;
2607 5568 2694 5626 hic
2735 5588 2865 5628 vero
2913 5579 3228 5656 Barnabas,
3277 5595 3421 5651 titius

1799 5649 2190 5705 consolatimtis
2211 5693 2225 5716 ,
2268 5655 2336 5708 ab
2378 5661 2640 5725 apostolis
2667 5671 3083 5736 cognominatus
3113 5649 3232 5734 cst':
3262 5649 3415 5742 vide;

1801 5748 1993 5808 tut-que
2027 5742 2156 5796 mihi
2185 5761 2214 5798 a
2243 5748 2438 5804 virtute
2484 5767 2678 5810 nomen
2711 5762 3005 5830 accepisse,
3034 5784 3096 5823 ac
3127 5773 3170 5825 si
3198 5775 3263 5828 ad
3293 5793 3413 5834 eam

1800 5850 1914 5887 rem
1942 5847 2088 5891 esset
2119 5848 2277 5907 aptus
2309 5853 2361 5896 ct
2388 5843 2636 5903 idoneus.
2673 5849 2870 5909 Levites
2896 5897 2910 5921 ,
2958 5857 3180 5930 Cyprius
3212 5885 3415 5940 grnrrc,
