4068 6408
197 281 262 339 97
1203 268 1269 324 ΙΝ
1307 267 1491 324 ACTA
1530 263 2059 321 APOSTOLOBUM.
2102 262 2337 320 HOMIL.
2381 263 2470 320 XI.
3447 269 3519 327 θα

193 392 504 466 giebantur;
536 388 632 444 sed
664 385 730 441 ad
758 386 922 456 pedes
957 383 1254 438 afferebant
1275 423 1288 448 ,
1320 391 1376 437 et
1404 381 1525 436 illos
1565 378 1790 448 dispeno

191 497 399 542 satorcs
447 499 568 539 esse
622 482 898 545 sinebant,
954 477 1309 547 dominosque
1353 473 1678 537 reddebant;
1737 479 1795 524 ut

191 579 343 649 quasi
392 591 464 632 ex
510 571 889 629 communibus
918 570 1176 636 deinceps
1221 569 1652 628 insumerentur,
1683 577 1793 615 non

187 670 339 742 quasi
376 685 441 723 ex
498 665 748 737 propriis.
784 663 919 717 llinc
961 671 1140 716 autem
1189 659 1372 724 fiebat,
1421 666 1480 711 ut
1522 671 1626 710 non
1660 669 1794 708 vana

187 761 354 831 gloria
385 757 800 812 extollerentur.
833 752 946 806 lloc
971 751 1017 805 si
1048 763 1193 805 nunc
1219 764 1438 818 quoque
1469 749 1646 808 fieret,
1669 758 1795 798 eum

189 853 394 921 majore
420 850 725 904 viveremus
756 845 1030 914 voluptate
1059 851 1113 897 et
1156 841 1349 896 divites
1385 849 1440 894 et
1479 849 1791 907 pauperes:

188 961 286 1001 nec
329 943 594 1012 majorem
647 937 975 1010 pauperibus
998 978 1015 1001 ,
1048 950 1208 1006 quam
1233 933 1488 988 divitibus
1513 930 1617 984 hoc
1643 928 1796 982 volu-

188 1045 390 1106 ptatem
424 1033 666 1088 afferret.
703 1031 769 1084 Et
797 1030 840 1082 si
873 1029 1068 1098 placet,
1099 1026 1204 1081 hoc
1229 1038 1484 1081 sermone
1509 1020 1793 1077 describa-

187 1143 329 1190 mus,
361 1135 417 1180 et
441 1123 571 1178 hinc
598 1123 927 1190 voluptatem
954 1119 1340 1188 decerpamus,
1368 1114 1584 1185 quando
1610 1112 1794 1183 operi-

182 1219 283 1273 bus
307 1231 416 1271 non
436 1215 616 1270 vultis.
647 1211 876 1266 Maxime
902 1221 1082 1266 autem
1106 1225 1174 1265 ex
1201 1207 1306 1264 illis
1321 1206 1660 1261 manifestum
1687 1213 1792 1270 est,

181 1325 306 1380 qure
336 1319 468 1380 tunc
498 1307 635 1362 facta
665 1313 818 1372 sunt;
850 1303 974 1374 quia
1021 1302 1318 1358 renidentes
1351 1315 1460 1356 non
1490 1298 1647 1371 egeni
1693 1299 1793 1354 fie-

183 1402 338 1470 bant,
371 1383 466 1456 sed
497 1409 552 1454 et
581 1413 844 1469 pauperes
872 1396 1068 1450 divites
1092 1393 1410 1450 reddebant.

255 1489 703 1558 Constantinopoli
737 1497 854 1558 quot
894 1503 1031 1555 opes,
1061 1494 1282 1557 quantus
1310 1483 1492 1555 populi
1529 1498 1789 1537 numerus.

180 1617 254 1629 -ο
284 1587 551 1641 Caeterum
578 1583 681 1636 hoc
707 1596 850 1636 nunc
877 1594 1128 1635 sermone
1156 1577 1528 1633 describamus
1560 1594 1572 1628 :
1602 1589 1793 1630 omnes

180 1693 278 1734 sua
321 1675 501 1730 omnia
531 1672 766 1728 vendant
811 1681 866 1726 et
897 1672 948 1724 in
981 1670 1216 1725 medium
1246 1668 1513 1731 afferant,
1542 1681 1794 1721 sermone

179 1771 351 1826 dico:
384 1782 544 1823 nemo
593 1765 838 1820 turbetur
883 1777 1058 1833 neque
1105 1761 1297 1822 dives,
1342 1774 1516 1830 neque
1564 1755 1798 1829 panper.

180 1863 453 1928 Quantum
484 1866 643 1929 putas
673 1855 791 1910 auri
824 1854 1110 1909 collectum
1165 1853 1271 1907 iri?
1323 1853 1435 1922 Ego
1476 1867 1608 1905 sane
1656 1865 1792 1905 eon-

176 1955 308 2026 jicio
339 1952 359 2026 (
388 1967 561 2023 neque
589 1948 734 2005 enim
766 1948 820 2003 id
846 1955 996 2003 certo
1022 1945 1127 2000 diei
1153 1945 1371 2016 potest)
1400 1986 1416 2010 ,
1439 1945 1483 1999 si
1516 1944 1712 2014 singuli
1739 1950 1796 1997 et

178 2047 411 2117 singulae
435 2058 560 2098 suas
578 2055 772 2097 omnes
793 2039 881 2095 hic
902 2038 1156 2109 pecunias
1177 2043 1521 2101 evacuarent,
1546 2035 1590 2090 si
1610 2049 1787 2106 agros,

179 2136 576 2207 possessiones,
607 2132 799 2186 domos
831 2130 1106 2185 traderent
1133 2129 1346 2200 (servos
1377 2143 1484 2181 non
1533 2126 1786 2192 dixerim,

177 2242 362 2298 neque
386 2225 530 2280 enim
561 2234 692 2279 tunc
717 2231 891 2289 erant,
920 2220 1014 2276 sed
1061 2221 1292 2275 fortasse
1318 2219 1522 2273 liberos
1549 2218 1792 2272 dimitte-

178 2322 374 2391 bam);
414 2319 597 2374 forsan
640 2316 823 2371 decies
869 2326 1098 2370 centena
1153 2313 1322 2367 millia
1369 2313 1624 2366 librarum
1676 2311 1792 2366 auri

177 2417 680 2482 congregarentur;
727 2408 835 2461 imo
855 2413 910 2460 et
937 2404 1021 2460 bis
1052 2413 1202 2459 terve
1243 2404 1492 2474 amplius.
1528 2403 1621 2458 Dic
1646 2403 1790 2457 enim

181 2504 354 2568 mihi,
385 2502 574 2556 civitas
620 2511 804 2554 nostra
839 2507 1097 2568 quantum
1144 2497 1574 2567 promiscuurum
1616 2495 1791 2550 homi-

181 2612 314 2651 num
343 2608 628 2649 numerum
647 2591 928 2646 contiuet?
955 2599 1087 2659 quot
1107 2589 1268 2643 vultis
1285 2603 1406 2643 esse
1428 2587 1793 2644 Christianos?

181 2688 420 2743 vultisne
440 2699 562 2740 esse
589 2692 808 2738 centum
839 2681 1023 2736 mille?
1053 2689 1287 2750 quantus
1330 2695 1587 2734 nmnerus
1614 2682 1792 2750 genti-

181 2781 315 2834 lium
338 2787 394 2833 et
420 2774 771 2831 Judazorum?
797 2781 931 2843 quot
959 2772 1130 2826 millia
1157 2772 1270 2825 auri
1303 2774 1792 2841 congregarentur?

180 2880 419 2942 quantus
446 2883 576 2924 vero
600 2878 683 2923 est
708 2880 1002 2936 pauperum
1031 2863 1330 2918 numerus?
1361 2863 1476 2917 Non
1512 2874 1644 2933 puto
1671 2879 1793 2920 esse

181 2980 350 3034 supra
401 2960 792 3033 quinquaginta
823 2959 1013 3013 millia.
1050 2957 1159 3012 Hos
1187 2971 1315 3010 vero
1356 2957 1597 3025 quotidie
1625 2958 1788 3024 alere,

181 3064 382 3127 quanta
411 3051 566 3122 copia
598 3050 777 3106 foret?
802 3050 961 3106 Certe
991 3047 1265 3103 communi
1288 3047 1409 3102 cibo
1435 3056 1489 3101 et
1517 3049 1790 3105 communi

183 3163 374 3204 mensa
407 3146 538 3216 ipsis
578 3142 846 3214 apposita,
905 3155 1010 3196 non
1058 3148 1259 3194 tantam
1309 3145 1437 3207 puto
1491 3137 1790 3207 impensam

183 3244 321 3295 fore.
362 3236 504 3304 Quid
530 3250 680 3305 ergo,
734 3234 960 3303 inquies,
1007 3231 1197 3286 facturi
1227 3245 1470 3285 essemus
1505 3231 1791 3301 insumptis

182 3332 375 3402 Opibus
399 3331 420 3383 ?
448 3327 603 3383 Tune
634 3334 788 3394 putas
837 3338 998 3394 posse
1038 3337 1292 3392 umquam
1331 3318 1577 3376 insumi?
1607 3338 1790 3378 annon

185 3423 383 3478 millies
413 3417 773 3476 abundantior
814 3416 984 3490 gratia
1025 3413 1118 3472 Dei
1146 3415 1337 3473 esset?
1365 3429 1544 3469 annon
1571 3414 1792 3486 largiter

182 3514 358 3586 gratia
387 3512 483 3568 Dei
516 3510 925 3581 effunderetur?
971 3508 1112 3577 Quid
1145 3508 1318 3564 vero?
1363 3522 1544 3563 annon
1592 3515 1789 3563 terram

184 3607 532 3662 efficeremus
560 3602 790 3657 cwlum?
820 3601 875 3656 Si
907 3601 957 3655 id
991 3602 1042 3654 in
1080 3600 1252 3654 tribus
1277 3600 1520 3654 millibus
1548 3609 1602 3655 et
1628 3600 1788 3670 quin-

185 3714 296 3770 que
324 3695 560 3752 millibus
591 3695 663 3749 ita
693 3693 921 3760 refulsit,
951 3702 1006 3746 et
1035 3691 1214 3746 nullus
1243 3705 1432 3746 eorum
1459 3691 1530 3746 de
1558 3707 1791 3761 pauper-

189 3799 302 3844 tate
343 3795 674 3857 conqueslus
719 3792 822 3850 est,
856 3791 1058 3854 quanto
1083 3783 1255 3853 magis
1282 3783 1335 3836 in
1370 3791 1513 3837 tanta
1545 3783 1791 3838 multitu-

186 3882 355 3938 dine?
385 3882 507 3951 quis
535 3881 700 3934 etiam
725 3887 1072 3933 externorum
1105 3892 1212 3930 non
1255 3876 1458 3944 aliquid
1493 3875 1793 3945 adjiceret?

191 3975 260 4029 l.‘t
279 3981 461 4026 autem
487 3970 790 4034 ostendam,
808 3970 886 4023 sic
899 3968 1185 4021 distractas
1201 3981 1332 4035 opes
1355 3967 1525 4038 magis
1536 3969 1786 4038 expendi,

186 4077 244 4121 et
271 4063 602 4135 paupertatis
643 4076 862 4116 causam
909 4074 1032 4116 esse
1059 4058 1134 4130 (a)
1163 4077 1174 4112 :
1200 4059 1271 4114 sit
1301 4060 1496 4120 domus
1520 4103 1536 4128 ,
1567 4062 1654 4116 ubi
1687 4048 1794 4118 sint

190 4157 345 4229 pueri
389 4156 579 4210 decem
619 4161 675 4208 et
701 4167 838 4207 uxor
863 4161 919 4206 et
947 4151 1060 4216 vir;
1089 4162 1145 4206 et
1172 4150 1263 4206 illa
1293 4151 1512 4221 quidem
1554 4153 1792 4210 lanificio

190 4247 490 4313 incumbat,
506 4245 596 4300 ille
608 4260 738 4299 vero
756 4243 968 4299 deforis
983 4252 1281 4314 proventus
1292 4241 1482 4296 afferat
1501 4261 1514 4296 :
1535 4245 1624 4299 die
1637 4245 1791 4311 mihi,

187 4359 257 4396 an
315 4339 389 4394 illi
439 4341 490 4393 in
535 4335 808 4392 communi
853 4336 1098 4389 viventes
1148 4343 1203 4388 et
1243 4335 1296 4388 in
1350 4349 1450 4388 una
1494 4335 1677 4402 domo,
1724 4353 1790 4391 an

186 4430 422 4500 dispersi
451 4430 570 4499 plus
613 4425 966 4496 impendant?
997 4425 1182 4479 Palam
1224 4434 1309 4480 est
1337 4425 1482 4495 quod
1526 4426 1778 4496 dispersi.

190 4525 329 4580 Nam
355 4522 400 4577 si
429 4521 805 4590 dispergantur
832 4517 1024 4573 decem
1053 4517 1168 4583 filii,
1197 4518 1385 4572 decem
1413 4518 1664 4574 domibus
1689 4520 1793 4574 erit

187 4630 348 4685 Opus,
383 4612 572 4667 decem
597 4611 798 4665 mensis
820 4650 835 4674 ,
863 4609 1051 4664 decem
1082 4608 1294 4664 famulis
1316 4648 1332 4674 ,
1380 4618 1688 4680 cmteroque
1717 4612 1792 4664 si~

190 4705 396 4761 utiliter
423 4709 699 4772 proventu.
729 4700 866 4769 Quid
897 4715 1046 4764 vero,
1079 4701 1167 4755 ubi
1197 4715 1476 4755 servorum
1505 4710 1587 4755 est
1616 4702 1796 4757 multi-

192 4797 364 4853 tudo?
410 4810 589 4852 nonne
620 4793 740 4848 ideo
769 4808 958 4848 omnes
1002 4793 1248 4848 eamdem
1282 4809 1522 4850 mensam
1558 4793 1790 4861 habent,

191 4907 260 4946 ne
291 4890 464 4959 major
490 4887 582 4942 fiat
609 4887 891 4955 impensa?
921 4886 1053 4940 Nam
1086 4886 1280 4940 divisio
1302 4901 1516 4956 semper
1545 4887 1798 4944 imminu-

191 4982 398 5037 tionem
433 4979 605 5048 parit;
647 4977 934 5032 concordia
976 4988 1030 5031 et
1059 4992 1357 5032 consensus
1378 5019 1393 5043 ,
1422 4989 1792 5048 augmentum.

190 5077 281 5130 Sic
311 5075 362 5126 in
390 5069 732 5126 monasteriis
760 5085 903 5124 nunc
933 5070 1127 5123 vivitur
1147 5111 1162 5136 ,
1194 5079 1252 5124 ut
1277 5070 1404 5125 olim
1434 5071 1620 5127 fideles
1647 5073 1794 5126 vive-

190 5168 344 5221 bant.
374 5163 505 5228 Quis
537 5161 678 5216 fame
705 5169 950 5214 mortuus
978 5160 1096 5214 est?
1125 5160 1246 5230 quis
1274 5177 1382 5214 non
1423 5163 1646 5230 copioso
1674 5164 1796 5219 cibo

192 5269 382 5329 pastus
410 5255 534 5311 est?
558 5255 707 5309 Nunc
737 5264 913 5308 tamen
946 5253 1051 5307 hoc
1094 5255 1265 5324 magis
1295 5255 1485 5309 timent
1511 5254 1757 5311 homines
1778 5299 1793 5324 ,

190 5366 359 5422 quam
389 5352 441 5403 in
472 5348 690 5418 pelagus
717 5349 1036 5403 immensum
1061 5347 1322 5403 incidere.
1351 5347 1406 5404 Si
1437 5357 1616 5403 autem
1639 5348 1799 5419 hujus

226 5490 304 5552 (a)
327 5496 441 5547 Quae
473 5487 540 5537 de
567 5487 876 5552 pauperibus
909 5484 1458 5552 Constantinopolitanis
1489 5486 1684 5552 alendis
1719 5487 1799 5552 hic

191 5549 442 5608 dilatatur,
469 5549 652 5610 similia
680 5557 795 5597 sunt
835 5550 896 5598 iis
921 5562 1033 5610 qua:
1057 5550 1122 5597 de
1147 5551 1448 5610 pauperibus
1473 5549 1802 5597 Antiochenis

196 5624 345 5675 supra
375 5613 574 5675 dixerat
608 5609 820 5662 Homilia
852 5609 996 5675 I.x_vt.
1025 5612 1074 5659 in
1120 5609 1421 5668 stattlneum,
1446 5619 1593 5658 ‘romo
1627 5611 1798 5675 7.‘t’bi

198 5671 426 5726 advertas
453 5673 602 5735 longe
634 5675 868 5735 majorem
903 5672 1055 5722 fuisse
1095 5687 1363 5736 pauperum
1400 5685 1657 5722 numerum
1682 5671 1802 5725 (lon-

193 5737 690 5804 staiitinopoii,quatu
714 5737 1008 5786 Antiochiae.

1907 376 1983 430 rei
2004 375 2300 445 periculum
2319 378 2658 446 fecissemus,
2673 393 2787 435 rem
2805 378 3061 438 audacter
3076 380 3514 453 aggredercmur.

1905 473 2170 540 Quantam
2200 484 2356 545 putas
2402 474 2552 529 illam
2592 489 2714 529 esse
2737 475 3017 545 gratiam?
3061 473 3118 529 Si
3166 477 3311 531 enim
3346 487 3475 532 tunc
3500 517 3515 539 ,

1904 580 2027 620 cum
2055 567 2233 623 nullus
2265 582 2402 637 pene
2428 576 2573 622 esset
2601 565 2796 632 fidelis,
2821 567 2917 622 sed
2947 567 3122 622 solum
3154 568 3254 622 tria
3282 575 3338 622 et
3363 567 3522 636 quin-

1903 673 2011 727 que
2043 658 2240 724 millia;
2280 674 2404 714 cum
2431 674 2658 724 omnes,
2688 661 2780 728 qui
2813 659 2866 713 in
2900 658 3103 713 mundo
3126 667 3303 723 erant,
3335 658 3520 713 hostes

1905 759 2129 816 essent;
2163 765 2285 806 cum
2316 765 2580 821 nusquam
2625 750 3054 805 consolationem
3098 759 3515 820 exspectarent,

1907 855 2015 899 tam
2044 856 2267 902 strenue
2299 862 2414 916 rem
2442 846 2682 917 aggressi
2713 855 2843 901 sunt
2873 863 2885 898 :
2916 855 3121 916 quanto
3143 845 3316 914 magis
3345 859 3516 910 nunc,

1904 952 2028 992 cum
2057 953 2154 1007 per
2187 937 2280 992 Dei
2323 940 2554 1008 gratiam
2581 953 2676 1008 per
2703 946 2874 992 totum
2919 938 3108 994 orbem
3138 937 3328 993 ﬁdeles
3355 937 3519 993 sunt?

1904 1043 2025 1100 quis
2067 1030 2178 1099 jam
2225 1040 2537 1098 superesset
2588 1029 2846 1100 gentilis?
2887 1029 3114 1096 Nullus,
3163 1029 3398 1102 opinor;
3446 1031 3518 1085 ita

1904 1134 2096 1175 omnes
2129 1123 2544 1178 attraxisscmus
2575 1133 2627 1177 et
2657 1123 2815 1178 nobis
2839 1123 3309 1178 conriliassemus.
3341 1121 3518 1178 C:ete-

1904 1229 2024 1268 rum
2049 1213 2095 1268 si
2125 1213 2227 1269 hac
2257 1207 2342 1268 via
2389 1215 2803 1286 progrediamur
2825 1255 2842 1280 ,
2894 1230 2990 1284 per
3038 1216 3204 1270 Deum
3249 1228 3415 1285 spero
3441 1215 3520 1270 sic

1904 1318 2019 1359 rem
2049 1303 2281 1358 futuram
2309 1319 2450 1360 esse.
2484 1305 2870 1374 Obtemperate
2906 1305 3038 1360 mihi
3066 1314 3272 1359 tantum
3295 1347 3309 1372 ,
3342 1316 3397 1360 ct
3425 1321 3522 1376 per

1902 1395 2148 1450 ordinem
2170 1411 2285 1452 rem
2315 1397 2450 1452 bene
2468 1412 2722 1468 geremus
2746 1412 2759 1450 :
2788 1409 2838 1452 et
2863 1399 2909 1453 si
2936 1397 3078 1452 Deus
3097 1397 3261 1452 vitam
3283 1396 3517 1462 dederit,

1902 1489 2069 1545 credo
2087 1489 2200 1546 fore
2226 1499 2284 1545 ut
2297 1492 2405 1546 cito
2423 1491 2474 1545 in
2494 1493 2630 1545 hanc
2648 1494 2772 1547 vita:
2791 1493 3054 1547 rationem
3075 1506 3173 1547 nos
3191 1493 3517 1564 ingeramus.

1976 1577 3073 1660 4.Contrajuramenta.--Interimlegem
3097 1585 3167 1641 de
3204 1585 3520 1656 juramento

1904 1674 2124 1744 implete
2149 1690 2212 1730 ac
2242 1673 2470 1730 firmiter
2499 1685 2678 1732 tenete
2702 1694 2714 1730 :
2739 1687 2794 1732 et
2819 1678 2909 1749 qui
2937 1686 3138 1745 servat,
3164 1691 3270 1732 non
3296 1691 3520 1732 servan-

1905 1775 2010 1824 tem
2040 1767 2384 1822 manifestum
2412 1767 2592 1835 faciat,
2625 1769 2834 1824 incuset
2858 1769 3319 1840 vehementerque
3345 1769 3521 1824 incrcc

1905 1868 2015 1930 pet.
2047 1859 2379 1914 Prmfinitum
2413 1862 2557 1915 enim
2591 1868 2803 1930 tempus
2829 1876 2999 1932 prope
3026 1871 3110 1916 est
3131 1904 3146 1928 ,
3178 1870 3235 1915 et
3271 1862 3346 1916 rei
3393 1877 3521 1932 per-

1901 1951 2246 2019 quisitionem
2292 1951 2520 2017 faciam,
2569 1951 3079 2022 deprehensumque
3118 1952 3416 2024 segregabo
3466 1961 3525 2010 et

1901 2041 2204 2097 excludam.
2240 2042 2396 2097 Absit
2427 2052 2609 2098 autem
2631 2085 2645 2108 ,
2674 2059 2744 2099 ne
2768 2047 2889 2113 quis
2918 2045 3042 2099 talis
3069 2044 3213 2114 apud
3240 2059 3341 2100 nos
3373 2045 3523 2101 inve-

1901 2133 2114 2200 niatur;
2145 2135 2239 2189 sed
2268 2149 2460 2190 omnes
2485 2146 2740 2192 accurate
2767 2136 2871 2192 hoc
2895 2145 3112 2207 pactum
3151 2147 3368 2193 servent
3411 2139 3526 2209 spi-

1901 2225 2115 2280 rituale.
2147 2225 2218 2282 Ut
2254 2228 2397 2282 enim
2431 2227 2484 2282 in
2525 2227 2670 2284 bello
2706 2244 2774 2284 ex
2813 2239 3019 2286 tessera
3047 2230 3444 2287 commilitones
3469 2239 3527 2288 et

1901 2317 1992 2372 alii
2020 2318 2431 2388 dignoscantur,
2462 2321 2535 2377 ita
2580 2330 2636 2376 et
2679 2337 2823 2377 nunc
2864 2321 2977 2380 fiat.
3007 2323 3144 2380 Nam
3186 2333 3244 2380 et
3283 2340 3426 2380 nunc
3469 2325 3523 2381 in

1903 2409 2044 2465 bello
2064 2428 2268 2478 sumus,
2296 2422 2352 2467 ut
2374 2423 2428 2470 et
2446 2412 2640 2470 fratres
2653 2417 3306 2485 agnoscamus.Quantmn
3321 2418 3524 2474 bonum

1899 2509 2002 2560 erit
2031 2505 2188 2560 nobis
2215 2505 2320 2561 hoc
2345 2507 2686 2577 signaculum
2716 2518 2771 2563 et
2800 2509 2887 2566 hic
2919 2519 2975 2564 et
3023 2511 3076 2564 in
3104 2510 3284 2566 aliena
3320 2522 3463 2568 terra
3499 2514 3525 2568 ?

1899 2597 2078 2668 qualia
2106 2607 2231 2652 sunt
2270 2598 2386 2654 hzuc
2425 2615 2573 2654 arma
2614 2601 2876 2657 adversus
2914 2601 3114 2658 diaboli
3163 2604 3478 2659 machinas‘
3501 2606 3527 2658 ?

1899 2692 1974 2746 Os
1998 2692 2143 2746 enim
2160 2692 2349 2759 jurare
2377 2694 2645 2758 nesciens,
2671 2696 2780 2749 cito
2806 2695 2973 2750 Deum
3003 2696 3054 2750 in
3083 2697 3336 2766 precibus
3357 2709 3528 2754 attra—

1901 2786 2014 2850 hct,
2037 2795 2091 2840 et
2107 2785 2252 2855 gravi
2277 2785 2430 2857 plaga
2453 2786 2726 2846 diabolum
2751 2786 2938 2843 feriet:
2965 2804 3026 2843 os
3041 2789 3228 2859 jurare
3249 2792 3521 2858 nesciens,

1901 2892 2000 2933 nec
2023 2877 2475 2932 contumeliosum
2508 2878 2630 2932 erit.
2665 2877 2736 2933 Ut
2767 2895 2832 2932 ex
2875 2879 3070 2946 domo,
3094 2881 3192 2950 ,sic
3234 2897 3300 2936 ex
3343 2881 3526 2951 lingua

1900 2967 2045 3022 hunc
2073 2968 2248 3039 ignem
2279 2968 2417 3038 ejice
2441 3011 2456 3034 ,
2501 2979 2556 3024 et
2601 2969 2744 3024 foras
2790 2972 2965 3026 trabe.
3001 2971 3076 3025 Da
3109 2972 3209 3042 ipsi
3242 2972 3438 3045 lingua:
3467 2983 3527 3029 ut

1899 3062 2116 3128 paulum
2145 3060 2374 3129 respiret
2403 3103 2418 3126 ,
2468 3069 2523 3115 et
2552 3061 2707 3116 ulcus
2751 3061 3020 3118 infirmius
3061 3063 3295 3119 reddito.
3343 3065 3523 3122 Etiam

1899 3152 2147 3218 obsecro,
2198 3161 2256 3206 ut
2305 3152 2468 3206 aliam
2511 3151 2664 3207 vobis
2709 3153 3052 3223 disciplinam
3093 3155 3300 3210 tradam
3347 3174 3361 3210 :
3398 3173 3524 3213 cum

1899 3245 2041 3298 enim
2070 3244 2171 3298 hoc
2193 3243 2431 3298 nondum
2454 3243 2800 3298 emendatum
2826 3245 2916 3309 sit,
2944 3262 3053 3301 non
3077 3249 3254 3303 ausim
3281 3248 3348 3304 ad
3374 3249 3525 3305 aliud

1899 3335 2104 3389 venire.
2136 3334 2251 3390 lloc
2279 3349 2404 3390 cum
2433 3334 2710 3406 diligentia
2737 3350 2767 3389 a
2795 3336 2947 3391 vobis
2977 3338 3283 3409 corrigatur
3316 3357 3328 3393 :
3362 3340 3524 3414 hujus

1899 3429 2081 3498 operis
2110 3443 2330 3484 sensum
2360 3429 2589 3499 accipite
2609 3470 2625 3496 ,
2669 3437 2725 3483 et
2767 3439 2894 3484 tunc
2933 3428 3085 3484 vobis
3109 3430 3244 3486 alias
3273 3431 3524 3488 inducam

1903 3521 2085 3591 leges;
2134 3520 2243 3574 imo
2283 3535 2391 3574 non
2431 3535 2568 3590 ego,
2611 3520 2707 3575 sed
2751 3520 3017 3576 Christus.
3067 3521 3181 3577 lloe
3221 3522 3425 3578 bonum
3466 3525 3526 3581 in

1899 3612 2076 3666 anima
2109 3619 2289 3667 vestra
2321 3613 2581 3681 plantate,
2615 3621 2668 3667 et
2702 3613 2957 3681 paulatim
2996 3614 3276 3682 paradisus
3307 3617 3403 3670 Dei
3437 3618 3523 3673 ef-

1902 3705 2195 3770 ficicmini,
2245 3705 2419 3759 multo
2459 3705 2651 3759 melior
2699 3705 2793 3759 illo
2839 3705 2969 3759 olim
3019 3706 3291 3775 paradiso.
3337 3707 3537 3780 Neque-

1901 3802 2046 3857 enim
2077 3800 2218 3871 apud
2247 3814 2348 3854 nos
2373 3814 2598 3868 serpens
2636 3809 2737 3864 est,
2781 3813 2957 3870 neque
2999 3800 3165 3856 arbor
3204 3804 3482 3859 mortifera
3505 3847 3522 3872 ,

1902 3909 2078 3962 neque
2107 3892 2250 3946 aliud
2279 3891 2477 3946 simile.
2523 3890 2696 3961 Figite
2728 3891 2780 3944 in
2828 3890 3095 3961 profundo
3127 3892 3266 3948 hanc
3293 3909 3526 3951 consue-

1903 3983 2162 4038 tudinem.
2196 3982 2310 4036 lloe
2337 3982 2380 4034 si
2412 3981 2504 4033 flat
2528 4022 2543 4044 ,
2591 3996 2697 4035 non
2745 3981 2898 4036 vobis
2928 3992 3133 4038 tantum
3163 3986 3527 4055 praesentibus

1903 4075 2166 4146 proderit,
2197 4072 2292 4128 sed
2319 4073 2483 4128 etiam
2513 4073 2765 4127 omnibus
2792 4075 2881 4143 qui
2913 4074 2966 4128 in
2997 4076 3131 4131 orbe
3153 4085 3309 4142 sunt;
3337 4086 3392 4132 et
3415 4095 3524 4134 non

1903 4167 1988 4222 his
2020 4174 2250 4229 tantum,
2284 4164 2379 4219 sed
2408 4173 2459 4218 et
2493 4164 2556 4217 iis
2588 4165 2676 4233 qui
2717 4173 2838 4234 post
2883 4162 3046 4220 futuri
3090 4177 3235 4220 sunt.
3283 4169 3528 4225 Consue-

1905 4258 2032 4314 tudo
2059 4271 2293 4327 namque
2322 4256 2464 4311 bona
2495 4256 2759 4326 ingressa,
2792 4263 2847 4311 et
2874 4257 2943 4310 ab
2973 4259 3227 4314 omnibus
3269 4271 3484 4316 servata
3505 4303 3523 4330 ,

1905 4354 1957 4407 in
1987 4352 2144 4422 longa
2179 4350 2430 4403 transibit
2469 4358 2734 4417 tempora,
2769 4359 2824 4402 et
2871 4349 3073 4408 nullum
3108 4350 3278 4420 ipsam
3315 4362 3528 4424 tempus

1903 4443 2220 4500 exscindere
2248 4441 2467 4512 poterit.
2502 4441 2559 4496 Si
2592 4442 2656 4503 is,
2688 4442 2779 4512 qui
2811 4443 2952 4511 ligna
2983 4443 3271 4513 colligebat
3303 4445 3354 4498 in
3400 4447 3524 4500 sab—

1903 4536 2051 4598 bato,
2081 4533 2347 4603 lapidatus
2376 4534 2475 4587 fuit
2520 4532 2728 4603 (Nam.
2765 4534 2854 4589 15.
2888 4535 2991 4604 55)
3024 4555 3036 4589 :
3083 4538 3170 4606 qui
3203 4537 3525 4594 collectione

1904 4629 1994 4684 illa
2023 4627 2182 4698 longe
2206 4627 2456 4696 graviora
2485 4626 2749 4691 admittit,
2798 4635 2853 4681 et
2883 4639 3224 4697 peccatorum
3254 4632 3522 4689 sarcinam

1903 4721 2111 4791 colligit
2164 4720 2300 4790 (hoc
2340 4719 2486 4774 enim
2527 4729 2613 4773 est
2654 4720 3084 4788 juramentorum
3135 4720 3524 4799 frequentia),

1905 4817 2032 4888 quid
2062 4831 2167 4869 non
2200 4814 2438 4869 subibit?
2463 4813 2591 4883 quid
2625 4829 2730 4868 non
2765 4814 3032 4883 patietur?
3064 4816 3315 4887 Magnum
3349 4835 3377 4872 a
3413 4820 3526 4876 Deo

1905 4908 2180 4978 accipietis
2206 4907 2487 4969 auxilium,
2519 4905 2561 4959 si
2592 4904 2695 4959 hoc
2727 4904 3083 4974 perfeceritis.
3113 4907 3168 4962 Si
3201 4908 3403 4977 dicam,
3448 4911 3526 4968 Ne

1906 5001 2230 5058 contumelia
2263 4999 2486 5065 afﬁcias,
2538 5000 2719 5053 statim
2752 4998 2882 5053 mihi
2915 4999 3151 5055 furorem
3185 5001 3238 5056 in
3285 5004 3524 5060 medium

1906 5096 2065 5150 affers
2095 5113 2108 5149 :
2134 5094 2179 5147 si
2209 5094 2404 5155 dicam,
2434 5092 2510 5146 Ne
2538 5091 2800 5159 invideas,
2828 5094 2986 5147 aliam
3010 5110 3227 5151 causam
3258 5097 3524 5167 proferes.

1910 5190 2006 5245 llic
2037 5203 2165 5243 vero
2195 5187 2326 5241 nihil
2377 5187 2482 5241 tale
2524 5186 2690 5240 babes
2720 5186 3030 5241 dicendum.
3065 5189 3191 5244 Ideo
3221 5207 3250 5243 a
3284 5193 3527 5248 facililms

1908 5283 2046 5350 (δωμί
2076 5323 2090 5348 ,
2135 5281 2259 5351 quia
2305 5281 2360 5333 in
2408 5279 2618 5333 artibus
2661 5279 2912 5335 omnibus
2961 5282 3038 5336 sic
3079 5281 3196 5337 fieri
3243 5286 3401 5339 solet.
3437 5286 3530 5341 Sic

1909 5377 2030 5447 quis
2058 5374 2124 5429 ad
2156 5374 2359 5442 majora
2389 5372 2650 5441 procedit,
2688 5387 2811 5427 cum
2841 5376 2988 5443 prius
3035 5375 3271 5432 faciliora
3318 5378 3525 5435 didicit.

1909 5469 2103 5524 Scietis
2132 5482 2291 5536 quam
2323 5466 2393 5520 sit
2423 5465 2525 5518 hoc
2567 5465 2753 5531 facile,
2802 5467 3020 5535 quando
3053 5485 3112 5523 re
3153 5486 3249 5538 per
3281 5471 3372 5526 Dei
3398 5487 3527 5543 gra-

1913 5561 2040 5615 tiam
2073 5559 2339 5630 perfecta,
2373 5558 2528 5612 aliam
2559 5561 2878 5628 acceperitis
2908 5560 3100 5631 legem.
3133 5563 3266 5620 Date
3293 5564 3419 5620 mihi
3448 5565 3530 5620 Ια-

1981 5739 1996 5769 ¹
2047 5735 2102 5786 In
2172 5751 2270 5787 uno
2343 5737 2545 5800 legitur,
2574 5738 2806 5792 adversus
2845 5741 3024 5796 diaboli
3050 5752 3212 5807 caput.
