4068 6408
546 314 614 372 ου
1263 307 1322 364 S.
1362 302 1638 363 JOANNIS
1674 301 2151 361 CllliYSOSTOMI
2190 301 2512 360 ARCHIEP.
2552 301 3087 359 COXSTANTINOP.

538 429 734 504 queudi
766 428 1128 495 ﬁduciam,.et
1150 440 1333 482 coram
1374 422 1665 495 gentilibus
1710 429 1765 477 et
1808 435 1990 476 coram
2035 418 2134 477 Ju-

542 522 686 585 dazis,
721 531 797 589 et,
831 521 972 593 quod
1002 528 1128 576 ante
1152 518 1330 573 omnia
1374 525 1458 570 est
1483 555 1497 580 ,
1543 528 1727 570 coram
1774 514 1908 569 Deo.
1964 513 2136 568 Etiam

538 616 764 669 obsecro
795 631 893 685 per
918 614 1192 669 caritatem
1212 650 1227 677 ,
1267 624 1360 679 per
1386 607 1625 662 dolorem
1659 613 1841 677 partus
1861 646 1877 671 ,
1908 620 2015 674 quo
2044 619 2138 660 vos

540 705 831 773 parturivi,
880 704 1058 760 Filioli
1100 702 1215 756 ntei.
1261 698 1415 766 Quod
1446 698 1689 768 sequitur
1743 711 1849 752 non
1901 695 2135 762 addam,

542 794 682 859 Quos
719 796 902 851 iterum
932 793 1196 865 parturio;
1223 806 1401 861 neque
1426 791 1599 845 dicam
1620 831 1635 855 ,
1679 788 1852 842 Donec
1894 791 2140 859 formetur

542 884 773 942 Christus
797 889 850 941 in
877 886 1013 942 vobis
1067 883 1208 957 (Gal.
1236 885 1290 939 ι.
1317 882 1440 953 19).
1470 881 1647 937 Credo
1671 880 1837 943 enim,
1865 878 2137 935 Christum

541 977 597 1034 in
633 979 784 1033 vobis
810 967 1096 1034 formatum
1124 991 1270 1032 esse.
1298 974 1405 1031 Sed
1432 975 1533 1029 alia
1564 972 1718 1026 vobis
1741 970 1917 1028 dicam
1952 988 1964 1024 :
1998 972 2136 1025 Fra-

541 1078 642 1124 tres
684 1071 783 1124 mei
820 1070 993 1126 dilecti
1031 1080 1080 1124 et
1116 1068 1418 1129 desiderati,
1464 1066 1708 1138 gaudium
1738 1073 1785 1119 et
1812 1080 2001 1119 corona
2029 1079 2138 1117 mea

542 1159 815 1230 (Philipp.
843 1162 897 1217 4.
929 1162 955 1216 1
979 1160 1021 1233 ).
1052 1160 1267 1217 Credite
1297 1158 1460 1223 mihi,
1502 1173 1590 1213 me
1632 1171 1737 1211 non
1774 1157 1931 1211 aliter
1968 1155 2138 1210 dictu-

539 1267 659 1306 rum
689 1267 831 1308 esse.
866 1252 921 1309 Si
948 1253 1067 1323 quis
1097 1251 1241 1306 mille
1267 1263 1497 1306 coronas
1522 1241 1697 1319 regias
1723 1247 1953 1319 gemmis
1981 1261 2139 1301 orna-

541 1352 623 1399 tas
646 1344 806 1415 capiti
834 1359 955 1399 meo
983 1359 1122 1399 nunc
1146 1342 1468 1412 imponeret,
1498 1355 1605 1395 non
1636 1340 1705 1393 ita
1732 1337 2020 1409 gauderem
2038 1378 2052 1403 ,
2082 1346 2139 1391 ut

539 1435 743 1505 gaudeo
774 1437 825 1490 in
855 1435 1093 1505 profectu
1120 1441 1338 1499 vestro;
1369 1434 1475 1487 imo
1504 1447 1603 1487 nec
1629 1432 1802 1501 ipsum
1849 1428 2139 1497 imperato-

537 1538 652 1579 rem
681 1527 752 1579 ita
795 1526 1031 1596 gaudere
1074 1532 1226 1594 puto,
1258 1534 1318 1579 ut
1345 1538 1443 1594 ego
1471 1520 1539 1577 de
1564 1520 1717 1577 vobis
1743 1519 1970 1590 gaudeo.
2002 1515 2136 1584 Quid

545 1614 703 1669 dico?
734 1615 790 1670 Si
807 1616 1056 1671 omnibus
1088 1614 1325 1670 adversis
1355 1613 1603 1684 gentibus
1635 1611 1950 1681 expugnatis
1972 1610 2141 1664 victor

546 1705 780 1769 rediret,
829 1720 892 1760 ac
938 1715 1132 1776 praeter
1153 1705 1365 1760 solitam
1409 1718 1665 1758 coronam
1694 1701 1827 1756 alias
1872 1701 2140 1771 acciperet

535 1809 769 1851 coronas
786 1807 842 1852 et
861 1796 1160 1851 diademata
1180 1797 1417 1851 victoriae
1454 1794 1695 1866 symbols
1717 1834 1732 1859 ,
1765 1808 1870 1847 non
1924 1799 2051 1860 puto
2078 1790 2138 1843 il-

542 1889 653 1943 lum
681 1889 747 1943 de
775 1888 989 1958 tropteis
1008 1888 1077 1942 ita
1094 1888 1400 1959 gavisurum
1424 1901 1569 1949 esse,
1589 1894 1647 1939 ut
1673 1900 1774 1955 ego
1800 1884 1868 1939 de
1895 1882 2137 1954 profectu

540 1990 723 2035 vestro
738 1981 961 2051 gaudeo.
989 1980 1119 2035 Nam
1153 1982 1221 2035 ita
1244 1979 1479 2043 exsulto,
1507 1992 1569 2033 ac
1585 1978 1629 2032 si
1652 1977 1798 2031 mille
1809 1991 2036 2031 coronas
2058 1989 2140 2029 ca-

540 2072 649 2142 pite
664 2081 929 2141 gestarem
952 2089 967 2139 ;
997 2088 1059 2126 ac
1082 2072 1203 2141 jure
1235 2072 1449 2127 merito.
1468 2070 1602 2125 Nam
1621 2072 1665 2125 si
1688 2086 1785 2140 per
1803 2069 1896 2123 Dei
1914 2069 2137 2136 gratiam

541 2161 683 2216 hunc
725 2177 932 2217 morem
961 2163 1319 2233 assequamini
1342 2202 1357 2228 ,
1386 2170 1673 2217 sexcentos
1713 2161 1895 2215 hostes
1921 2172 2141 2227 supera-

3746 305 3851 364 ιω

2241 420 2360 485 stis,
2390 419 2493 474 illis
2518 418 2675 489 longe
2696 419 2991 487 graviores,
3021 418 3111 488 qui
3140 424 3325 472 contra
3368 418 3541 473 malos
3568 420 3848 476 dmnionas

2241 520 2296 567 et
2319 510 2527 565 feroces
2551 508 2939 580 pugnaveritis,
2968 523 3073 562 non
3100 506 3297 578 gladio,
3322 507 3417 562 sed
3444 507 3622 578 lingua
3650 519 3703 564 et
3733 525 3850 578 pro-

2243 602 2437 673 posito.
2470 600 2658 655 Videte
2686 614 2917 669 namque
2943 614 3101 669 quam
3132 598 3270 655 bene
3296 613 3411 654 rem
3438 600 3720 669 gesseritis
3743 642 3758 666 ,
3801 602 3849 656 si

2243 695 2348 749 hoc
2387 694 2693 763 perliciatis.
2738 692 2919 747 Primo
2954 707 3172 763 gravem
3212 692 3657 747 consuetudinem
3706 695 3851 749 esci-

2240 784 2426 851 distis;
2454 783 2692 839 secundo
2715 783 2906 836 malam
2933 783 3335 852 cogitationem,
3364 783 3507 839 unde
3530 784 3714 837 omnia
3745 799 3847 838 ma-

2242 876 2326 941 la,
2356 889 2550 945 nempe
2575 874 2716 944 quod
2758 873 2956 942 putetis
2993 888 3109 929 rem
3149 886 3272 928 esse
3313 873 3709 930 indill‘erentem
3751 890 3851 930 nec

2242 966 2492 1031 noxiam;
2548 966 2707 1020 tertio
2756 965 3030 1029 furorem,
3084 972 3279 1033 quarto
3326 965 3609 1020 avaritiam
3666 982 3682 1020 :
3736 965 3850 1021 haec

2241 1056 2439 1127 quippe
2464 1056 2641 1110 omnia
2672 1056 2842 1125 gignit
2863 1052 3253 1124 juradlcutum.
3284 1054 3396 1109 lmo
3424 1072 3490 1110 ex
3520 1057 3625 1111 hoc
3650 1057 3717 1111 ad
3746 1057 3848 1111 alia

2239 1147 2376 1202 bona
2397 1161 2559 1217 opera
2588 1161 2835 1215 magnam
2859 1148 3196 1201 occasionem
3225 1148 3521 1217 accipietis.
3547 1148 3681 1203 Nam
3710 1151 3849 1204 sicut

2242 1241 2349 1307 illi,
2378 1240 2467 1311 qui
2494 1241 2761 1296 elementa
2790 1242 3009 1309 puerilia
3040 1241 3285 1307 discunt,
3330 1257 3436 1296 non
3477 1242 3565 1296 illa
3610 1244 3723 1295 sola
3770 1244 3847 1297 di-

2240 1342 2426 1396 scunt,
2467 1333 2559 1389 sed
2602 1349 2698 1403 per
2736 1334 2824 1389 illa
2868 1334 3119 1404 paulatim
3160 1334 3225 1388 ad
3255 1335 3533 1404 legendum
3566 1337 3849 1392 instituun-

2240 1435 2369 1481 tur:
2414 1426 2493 1481 sic
2531 1436 2585 1481 et
2624 1426 2776 1482 vobis
2818 1427 3026 1481 accidet
3075 1442 3089 1478 :
3139 1442 3246 1480 non
3290 1427 3430 1481 ultra
3472 1443 3569 1481 vos
3613 1428 3848 1497 decipiet

2241 1517 2380 1570 mala
2407 1517 2682 1586 cogitatio,
2712 1533 2886 1587 neque
2911 1517 3103 1573 dicetis
3126 1534 3235 1572 rem
3264 1533 3387 1573 esse
3411 1518 3803 1575 indill‘erentem
3830 1539 3844 1586 ;

2242 1624 2347 1663 non
2376 1610 2511 1665 ultra
2551 1626 2617 1665 ex
2656 1612 3044 1667 consuetudine
3081 1611 3409 1681 loqucmini,
3451 1612 3545 1667 sed
3587 1612 3847 1670 adversus

2240 1704 2419 1756 omnia
2462 1703 2669 1759 fortiter
2700 1704 2930 1771 stabilis,
2964 1714 3020 1758 ut
3047 1720 3143 1774 per
3168 1705 3349 1758 omnia
3376 1705 3627 1759 virtutem
3656 1721 3850 1760 serun-

2239 1794 2366 1848 dum
2396 1794 2562 1849 Deum
2592 1797 2761 1859 nacti,
2808 1797 3023 1851 aeternis
3062 1796 3218 1851 bonis
3256 1794 3539 1862 fruamini,
3580 1798 3748 1865 gratia
3791 1806 3848 1851 et

2240 1886 2567 1957 benignitate
2594 1888 2849 1956 nnigeniti
2880 1887 2997 1942 Filii
3025 1888 3172 1956 ejus,
3204 1874 3418 1957 quicum
3459 1888 3601 1943 Patri
3632 1900 3685 1943 et
3730 1890 3847 1958 Spi-

2242 1982 2364 2036 ritui
2388 1991 2574 2035 sancto
2593 1982 2781 2050 gloria.
2804 1980 3111 2049 imperium,
3142 1980 3337 2048 honor,
3364 1996 3506 2037 nunc
3525 1990 3580 2037 et
3603 1996 3842 2050 semper,

2242 2081 2297 2128 et
2328 2074 2379 2127 in
2406 2074 2599 2128 saecula
2626 2072 2970 2127 sxculorum.
2998 2072 3194 2126 Amen.

1856 2367 2207 2429 HOMILIA
2251 2365 2398 2425 XII.

542 2507 671 2564 CAP.
716 2508 767 2561 Δ.
834 2523 886 2561 v.
934 2508 1021 2564 36.
1064 2508 1256 2578 Joseplt
1284 2520 1484 2577 autem,
1519 2512 1604 2582 qui
1632 2512 2012 2581 cognominatus
2058 2518 2129 2565 est

616 2599 879 2653 Barnabas
904 2602 966 2654 ab
992 2602 1233 2667 apostolis
1254 2600 1276 2674 (
1290 2602 1427 2672 quod
1454 2612 1526 2657 est
1552 2603 1968 2673 interpretatum,
1997 2601 2134 2671 ﬁlius

613 2692 1017 2761 consolationis),
1040 2692 1268 2758 Levites,
1300 2692 1518 2764 Cyprius
1545 2711 1754 2765 genere,
1783 2695 1874 2749 37.
1903 2711 2016 2748 cum
2046 2695 2139 2748 lia-

612 2780 744 2833 beret
766 2798 965 2850 agrum,
994 2782 1211 2836 vendidit
1231 2799 1364 2849 eum,
1387 2794 1433 2837 et
1453 2784 1623 2838 attulit
1643 2787 1878 2854 pretium,
1905 2795 1951 2839 et
1970 2786 2137 2856 posuit

617 2886 730 2927 ante
760 2875 910 2943 pedes
931 2876 1297 2943 apostolorum.

619 2967 671 3021 l.
711 2966 1032 3021 Narraturus
1061 2966 1128 3022 de
1157 2968 1361 3023 Anania
1390 2977 1446 3023 et
1481 2968 1741 3039 Sapphira
1763 3008 1777 3034 ,
1806 2979 1865 3024 ut
1891 2968 2139 3024 ostendat

544 3055 693 3112 illum
728 3056 780 3110 iu
813 3057 1100 3110 maximum
1133 3067 1403 3127 peccaturo
1442 3058 1726 3125 incidisse,
1757 3059 1903 3129 prius
1929 3074 2137 3114 memo-

545 3157 628 3203 rat
653 3162 773 3202 eum
800 3185 817 3209 ,
844 3147 931 3216 qui
963 3157 1109 3202 recte
1139 3162 1197 3202 se
1225 3158 1469 3218 gesserat
1494 3165 1510 3203 ;
1539 3150 1659 3218 quia
1691 3164 1813 3204 cum
1847 3160 2024 3204 tantus
2052 3164 2139 3205 es-

544 3248 628 3293 set
668 3252 921 3291 numerus
959 3251 1147 3292 eorum
1174 3279 1189 3305 ,
1218 3239 1307 3308 qui
1350 3238 1422 3293 ita
1462 3240 1738 3305 fecerant,
1770 3248 1913 3295 tanta
1943 3242 2133 3311 gratia,

544 3337 688 3383 tanta
718 3329 889 3399 signa,
917 3342 947 3381 a
976 3328 1123 3382 nullo
1148 3327 1340 3383 horum
1368 3330 1683 3386 emendatus
1706 3371 1723 3399 ,
1750 3332 1845 3388 sed
1876 3332 2043 3388 semel
2067 3332 2137 3388 ab

484 3419 489 3423 ’
541 3418 762 3472 avaritia
791 3426 1115 3481 exotecatus,
1138 3420 1431 3488 perniciem
1446 3419 1609 3483 capiti
1626 3436 1723 3476 suo
1747 3424 1981 3477 attraxit.
2008 3422 2137 3479 Cum

544 3510 744 3563 haberet
773 3526 950 3581 agrum
973 3525 994 3573 ;
1024 3509 1102 3566 sic
1130 3510 1301 3580 inquit
1323 3552 1338 3578 ,
1366 3522 1425 3566 ut
1452 3511 1763 3569 ostenderet
1792 3513 1935 3569 hunc
1962 3515 2133 3570 solum

541 3602 641 3672 ipsi
674 3601 875 3664 fuisse;
918 3600 1141 3654 vendidit
1168 3611 1213 3654 et
1244 3602 1413 3655 attulit
1452 3604 1667 3671 pretium
1687 3644 1701 3669 ,
1735 3613 1781 3658 et
1814 3607 1980 3675 posuit
2020 3616 2138 3661 ante

543 3690 691 3760 pedes
720 3690 1082 3759 apostolorum.
1115 3692 1164 3745 1.
1208 3688 1299 3743 Vir
1327 3701 1492 3746 autem
1518 3694 1733 3764 quidam
1766 3697 1969 3749 nomine
1994 3697 2135 3750 Ana-

544 3784 679 3846 nias,
711 3798 825 3835 cum
855 3780 1116 3852 Sapphira
1148 3798 1304 3837 uxore
1331 3800 1423 3836 sna
1443 3826 1461 3851 ,
1486 3785 1707 3840 vendidit
1736 3788 2135 3857 possessionem,

544 3872 599 3927 2.
630 3882 674 3926 et
704 3872 957 3943 fraudavit
984 3872 1046 3924 de
1067 3874 1248 3940 pretio,
1281 3875 1481 3927 conscia
1504 3891 1665 3929 uxore
1688 3893 1818 3933 sua:
1848 3888 1893 3931 et
1922 3878 2140 3944 a/I'erens

544 3975 739 4036 partem
768 3965 1039 4033 quamdam
1062 4006 1078 4030 ,
1106 3965 1172 4018 ad
1214 3966 1365 4036 pedes
1409 3970 1756 4037 apostolorum
1786 3972 1971 4039 posuit.
2006 3971 2137 4027 Illud

541 4071 705 4126 grave
730 4065 843 4109 erat
864 4096 879 4119 ,
908 4054 1051 4125 quod
1092 4065 1278 4111 mutuo
1304 4071 1569 4113 consensu
1601 4058 1705 4114 hoc
1738 4058 1975 4116 iacerent
2016 4078 2139 4131 pec-

544 4146 897 4212 catum,nullo
922 4146 1026 4199 alio
1052 4149 1291 4202 conscio.
1324 4146 1479 4205 Unde
1507 4151 1670 4205 subiit
1697 4153 1898 4208 misero
1928 4154 2029 4209 hoc
2056 4154 2138 4209 la-

544 4237 712 4291 cere?
760 4237 811 4291 3.
854 4235 995 4291 Dixit
1039 4249 1205 4292 autem
1250 4237 1433 4293 Petrus
1469 4256 1489 4295 :
1515 4240 1736 4308 Anania,
1780 4260 1872 4297 cur
1915 4246 2140 4315 implevit

547 4326 771 4382 Satanas
790 4342 878 4380 cor
902 4335 1063 4392 tuum,
1081 4330 1281 4383 mentiri
1306 4340 1351 4383 te
1376 4330 1597 4401 Spiritui
1620 4344 1816 4398 sancto,
1840 4345 1885 4390 et
1898 4339 2140 4406 fraudare

546 4420 610 4473 de
655 4422 813 4487 pretio
853 4421 1006 4490 agri?
1045 4421 1177 4476 Vide
1207 4424 1367 4476 etiam
1407 4440 1547 4479 nunc
1588 4426 1797 4495 signum
1844 4446 2092 4500 magnum
2120 4474 2135 4500 ,

548 4513 823 4575 multoque
866 4512 1038 4580 majus
1070 4514 1265 4581 priore.
1295 4516 1348 4569 ὁ.
1393 4514 1580 4571 Nonne
1608 4535 1815 4573 manens
1846 4522 1934 4575 tibi
1963 4541 2139 4580 mane-

548 4601 653 4654 bat:
679 4609 725 4653 et
750 4602 1105 4655 venumdatam
1131 4604 1184 4655 in
1211 4614 1295 4656 tua
1319 4615 1426 4658 erat
1460 4610 1741 4677 potestate?
1770 4610 1880 4667 [loc
1907 4624 1989 4669 est
2012 4656 2027 4683 ,
2057 4620 2137 4673 An

550 4692 840 4745 necessitas
866 4700 921 4745 et
948 4693 1196 4747 violentia
1222 4696 1469 4765 qumdam
1495 4702 1648 4753 erat?
1674 4717 1801 4757 num
1824 4719 1917 4759 vos
1946 4708 2137 4764 invitos

552 4781 854 4834 trahimus?
882 4780 1052 4846 Quare
1079 4787 1290 4853 posuisti
1315 4788 1365 4840 in
1392 4789 1543 4843 corde
1570 4800 1655 4845 tuo
1685 4794 1818 4847 Itane
1846 4800 1987 4852 rem?
2016 4798 2138 4855 Non

548 4887 602 4924 es
630 4872 860 4924 mentitus
885 4872 1189 4942 hominibus,
1217 4878 1303 4929 sed
1329 4877 1457 4932 Deo.
1483 4881 1535 4935 5.
1560 4884 1780 4938 Audiens
1807 4898 1974 4943 autent
2001 4894 2139 4945 Ana-

550 4962 661 5014 nias
685 4962 793 5017 lucc
819 4961 983 5026 verba,
1007 4966 1184 5018 cecidit
1205 4976 1251 5019 et
1278 4970 1571 5039 exspiravit.
1598 4973 1782 5030 Viden’
1803 4980 1942 5033 unde
1969 4984 2140 5052 majus

548 5057 759 5126 signum
790 5056 931 5110 hoc?
960 5056 1110 5125 Quod
1141 5060 1387 5126 occidat,
1420 5065 1560 5133 quod
1593 5082 1653 5121 ea
1679 5110 1695 5135 ,
1727 5086 1845 5140 qua:
1877 5074 1928 5126 in
1961 5089 2141 5133 mente

548 5157 603 5201 et
631 5161 749 5215 qua:
778 5146 917 5199 clam
954 5146 1089 5204 facta
1118 5163 1261 5217 sunt,
1292 5158 1538 5211 noscat‘.
1579 5158 1643 5213 Et
1681 5166 1849 5233 factus
1884 5179 1956 5222 est
1991 5172 2141 5227 timor

552 5254 762 5307 magnus
804 5253 956 5307 super
992 5255 1163 5295 omnes
1200 5248 1289 5313 qui
1325 5248 1614 5305 audierunt.
1650 5253 1701 5307 6.
1737 5255 2015 5330 Surgentes
2044 5282 2141 5319 auo

553 5340 649 5382 tem
676 5328 885 5395 juvenes
906 5371 921 5396 ,
954 5345 1244 5387 amoverant
1270 5351 1384 5389 eum
1402 5376 1417 5399 ,
1446 5350 1495 5394 et
1524 5342 1786 5408 eﬂ'erentes
1815 5328 2137 5420 sepelierunt.

550 5415 603 5468 7.
640 5415 851 5471 Factum
888 5432 960 5475 est
988 5434 1156 5478 autem
1182 5428 1326 5492 quasi
1356 5429 1505 5484 trium
1535 5432 1773 5492 horarum
1806 5415 2026 5511 spatium
2048 5489 2062 5513 ,
2096 5462 2142 5505 et

550 5520 680 5561 uxor
705 5509 861 5577 ipsius
883 5552 899 5579 ,
926 5516 1149 5571 nesciens
1176 5519 1311 5588 quod
1348 5520 1545 5593 factum
1570 5528 1775 5601 fuerat,
1808 5509 2059 5594 introivit;
2087 5542 2139 5597 8.

618 5652 637 5732 ξ
660 5650 785 5732 Ϊςρε
816 5668 929 5732 mss.
967 5656 1186 5732 habent“.
1299 5658 1608 5732 ςιςξέιῖρὶνιηξῑζἰ
1636 5680 1653 5711 ι
1684 5668 1785 5716 Hoc
1812 5667 1998 5732 signum
2031 5683 2134 5732 ma-

561 5718 737 5795 ius-pst
752 5716 999 5795 sanatione
1019 5719 1207 5795 claudi,
1243 5716 1423 5795 scilicet
1451 5722 1685 5795 occidisse
1708 5735 1753 5779 et
1780 5716 2133 5795 cd'éo'g'nbvtsie

562 5784 670 5833 gate
689 5778 737 5825 in
756 5782 909 5829 mente
931 5778 1135 5833 latebant
1165 5789 1207 5835 et
1230 5787 1352 5834 clam
1372 5782 1498 5847 facta
1522 5795 1678 5839 erant.

2241 2506 2383 2561 Dixit
2408 2518 2574 2563 autem
2603 2510 2647 2564 ei
2684 2508 2870 2566 Petrus
2895 2528 2913 2566 :
2936 2511 3030 2567 Dic
3056 2514 3178 2567 mihi
3228 2515 3271 2569 si
3301 2515 3429 2569 tanti
3457 2532 3636 2587 agrum
3665 2520 3845 2573 vendi-

2242 2598 2429 2651 distis?
2460 2598 2607 2654 llanc
2633 2600 2840 2654 volebat
2869 2616 3089 2658 servare
3112 2620 3125 2658 :
3152 2603 3243 2658 ille
3272 2620 3502 2675 namque
3531 2608 3634 2661 dux
3666 2606 3847 2665 fuerat

2244 2693 2469 2760 peccati.
2503 2692 2571 2747 Et
2620 2695 2742 2749 ideo
2779 2694 3005 2752 fortasse
3039 2696 3130 2752 dat
3170 2697 3247 2752 illi
3294 2708 3503 2769 tempus
3542 2703 3607 2756 ad
3655 2703 3843 2759 delen-

2240 2784 2483 2850 sionem,
2531 2793 2586 2840 et
2631 2787 2959 2855 paenitentiae
3005 2790 3331 2847 facultatem.
3373 2791 3501 2849 Ideo
3543 2796 3708 2860 dicit,
3743 2795 3844 2851 Dic

2240 2876 2367 2928 mihi
2408 2878 2452 2930 si
2492 2878 2619 2931 tanti
2660 2896 2841 2951 agrum
2868 2880 3213 2938 vendidistis?
3240 2884 3304 2938 At
3343 2885 3435 2939 illa
3466 2886 3592 2940 dixit
3617 2903 3637 2942 :
3668 2886 3844 2943 Etiam

2242 2967 2389 3019 tanti.
2422 2968 2473 3023 9.
2509 2967 2695 3023 Petrus
2738 2981 2908 3026 autent
2942 2973 3011 3027 ad
3051 2990 3206 3028 eam:
3235 2976 3372 3042 Quid
3410 2978 3583 3048 utique
3608 2983 3845 3037 convenit

2242 3056 2381 3113 vobis
2404 3066 2592 3112 tentare
2619 3059 2872 3130 Spiritum
2898 3066 3170 3121 sanctum?
3198 3064 3329 3121 Ecce
3356 3069 3507 3138 pedes
3532 3088 3733 3138 eorum,
3753 3073 3843 3143 qui

2242 3151 2547 3218 sepelierunt
2579 3152 2743 3208 virum
2772 3165 2911 3208 tuttur
2937 3196 2953 3222 ,
2982 3158 3050 3211 ad
3081 3161 3265 3213 ostium
3288 3202 3302 3227 ,
3333 3172 3379 3215 et
3406 3162 3615 3230 elferent
3649 3178 3716 3221 te.
3750 3168 3839 3224 10.

2243 3240 2434 3296 Cecidit
2453 3255 2620 3298 autem
2646 3249 2812 3300 statim
2835 3249 2903 3301 ad
2924 3250 3074 3319 pedes
3102 3252 3229 3321 ejus,
3253 3263 3297 3307 et
3319 3257 3610 3324 exspiravit.
3639 3257 3849 3315 Intrano

2243 3343 2316 3388 tes
2339 3346 2505 3390 autem
2525 3339 2741 3408 juvenes
2770 3340 3063 3396 invenerunt
3088 3344 3231 3398 illam
3261 3357 3546 3414 mortuam,
3577 3361 3625 3403 et
3655 3351 3846 3407 elatam

2242 3426 2543 3493 sepelierunt
2576 3429 2733 3498 juxta
2772 3431 2933 3485 virum
2973 3451 3140 3488 suum.
3186 3436 3274 3491 Η.
3302 3437 3369 3490 Ει
3395 3438 3561 3507 factus
3588 3452 3663 3496 est
3693 3446 3848 3499 timor

2243 3531 2455 3586 magnus
2482 3519 2533 3571 in
2560 3520 2794 3575 universa
2823 3520 3071 3591 Ecclesia,
3103 3536 3149 3580 et
3177 3543 3329 3597 super
3354 3544 3526 3599 omnes
3550 3535 3640 3601 qui
3665 3536 3849 3590 audie-

2241 3619 2361 3663 runt
2400 3610 2527 3663 lucc.
2560 3611 2686 3667 Post
2726 3614 2971 3679 timorem
3005 3617 3151 3673 illum
3184 3619 3338 3689 plura
3368 3623 3518 3693 signa
3550 3624 3799 3682 fecerunt
3830 3648 3841 3682 :

2243 3709 2297 3753 et
2317 3701 2455 3769 quod
2489 3701 2732 3769 fecerint,
2763 3706 2909 3760 audi.
2942 3707 3028 3761 12.
3059 3708 3163 3763 Per
3183 3727 3364 3766 manus
3390 3723 3558 3767 autem
3579 3721 3846 3783 apostolo-

2244 3807 2359 3843 rum
2385 3792 2568 3859 ﬁebant
2598 3794 2743 3864 signa
2767 3805 2813 3849 et
2842 3799 3075 3869 prodigia
3106 3802 3266 3856 multa
3306 3804 3359 3857 in
3400 3805 3558 3874 plebe.
3595 3807 3664 3860 Et
3701 3822 3847 3864 erant

2244 3886 2547 3938 unanimiter
2572 3904 2744 3942 onmes
2772 3891 2826 3942 in
2852 3893 3047 3961 porticu
3072 3892 3366 3952 Salomonis
3389 3914 3408 3955 .°
3431 3900 3515 3955 15.
3545 3912 3845 3957 cteterorum

2243 3984 2412 4027 autem
2440 3992 2586 4030 nemo
2613 3978 2829 4032 audebat
2856 3998 2911 4035 se
2936 3985 3245 4056 coniungere
3268 3988 3404 4055 illis;
3428 3992 3517 4046 sed
3543 3997 3845 4065 magni/ita-

2242 4060 2327 4116 bat
2353 4081 2436 4118 eos
2463 4066 2700 4136 populus.
2725 4069 2851 4127 Jure
2878 4094 2890 4128 :
2920 4074 3107 4132 Petrus
3128 4079 3271 4133 enim
3291 4081 3400 4150 jam
3426 4060 3682 4141 terribilis
3704 4060 3841 4155 erat,

2246 4157 2491 4222 puniens,
2519 4166 2575 4211 et
2601 4175 2721 4229 quae
2748 4162 2800 4216 in
2831 4174 3010 4221 mente
3037 4178 3191 4223 erant
3218 4171 3544 4243 redarguens
3572 4194 3585 4229 :
3613 4178 3698 4232 eui
3732 4196 3847 4234 ma-

2244 4245 2323 4314 gis
2356 4245 2649 4339 haerebant,
2682 4260 2737 4306 et
2765 4264 2983 4323 propter
3010 4258 3219 4328 signum
3237 4304 3251 4329 ,
3280 4272 3333 4318 et
3361 4276 3580 4335 pr0ptcr
3607 4272 3843 4339 priorem

2244 4337 2578 4402 concionem.
2608 4355 2671 4395 :Ic
2697 4346 2987 4401 secundam
3016 4350 3352 4422 tertiamque.
3385 4355 3502 4427 Ipse
3530 4337 3764 4432 namque
3790 4373 3846 4421 et

2243 4428 2472 4495 primum
2500 4430 2707 4500 signum
2742 4433 2958 4503 fecerat,
2990 4447 3045 4493 et
3070 4443 3395 4512 secundum,
3426 4457 3475 4501 et
3508 4448 3609 4504 hoc
3638 4428 3803 4509 eiiam
3823 4496 3840 4522 ,

2244 4519 2383 4587 quod
2412 4521 2617 4576 videtur
2642 4524 2770 4579 mihi
2800 4544 2903 4583 non
2931 4546 3118 4597 unum,
3146 4535 3238 4589 sed
3265 4536 3462 4607 duplex
3489 4556 3645 4609 esse;
3675 4519 3840 4602 unum

2244 4613 2479 4681 quidem,
2500 4631 2559 4671 ea
2582 4634 2699 4688 qure
2722 4622 2774 4674 in
2798 4634 2974 4679 mente
2996 4636 3151 4681 erant
3172 4628 3522 4701 redarguere;
3542 4640 3838 4696 secundum

2243 4713 2452 4801 autem,
2499 4710 2649 4776 jussu
2679 4712 2945 4769 occidere.
2978 4718 3062 4771 ll.
3100 4718 3267 4790 Magis
3310 4733 3477 4779 autem
3521 4733 3840 4801 augebatur,

2244 4793 2453 4863 inquit,
2497 4799 2804 4855 credentium
2849 4804 2901 4857 in
2948 4799 3167 4864 D‘omino
3213 4815 3480 4871 multitudo
3520 4821 3745 4877 virorum
3781 4793 3843 4881 ac

2244 4886 2531 4949 mulierum,
2568 4890 2652 4944 15.
2690 4892 2763 4944 ita
2808 4904 2861 4946 ut
2900 4897 2952 4949 in
2994 4899 3186 4965 plateas
3227 4905 3461 4972 ejicerent
3491 4909 3725 4979 inﬁrmos
3750 4956 3764 4977 ,
3798 4926 3843 4971 et

2249 4989 2486 5045 ponerent
2512 4982 2563 5033 in
2594 4983 2792 5038 lectulis
2819 5002 2879 5038 ac
2909 4989 3131 5057 grabatis
3152 5035 3165 5055 ,
3194 5006 3249 5047 ut
3278 5000 3504 5053 veniente
3533 4999 3707 5069 Petro,
3736 5010 3845 5063 sal-

2248 5078 2342 5121 tem
2384 5072 2561 5125 umbra
2604 5075 2743 5129 illius
2782 5077 3098 5137 obumbrare:
3127 5103 3425 5159 quemquam
3465 5094 3694 5151 illorum.
3730 5100 3846 5161 Hoc

2248 5160 2301 5215 in
2338 5163 2553 5218 Christo
2600 5182 2704 5222 non
2747 5168 2941 5227 factum
2987 5187 3070 5231 est
3109 5198 3121 5231 :
3158 5181 3300 5237 unde
3342 5184 3523 5241 videre
3569 5200 3651 5245 est
3701 5160 3845 5251 nunc

2248 5267 2408 5345 opere
2437 5257 2762 5326 completum
2805 5261 2856 5315 id
2882 5305 2896 5328 ,
2934 5268 3074 5335 quod
3124 5270 3210 5326 ille
3246 5272 3471 5330 dixerat.
3513 5278 3798 5345 Quodnam
3826 5289 3849 5340 ’Ξ

2250 5344 2353 5442 Qui
2376 5348 2530 5400 credit
2560 5349 2611 5401 in
2640 5367 2745 5417 me,
2778 5370 2933 5423 opera
2960 5376 3071 5428 qua:
3097 5378 3185 5433 ego
3216 5366 3347 5433 facio
3374 5378 3419 5422 et
3443 5344 3555 5439 ipse
3582 5376 3771 5442 faciet,
3802 5391 3848 5432 et

2246 5437 2449 5506 majora,
2472 5439 2655 5494 Iterum
2681 5445 2831 5513 faciet
2862 5448 3062 5517 (Joan.
3099 5454 3163 5509 H
3218 5456 3344 5528 12).
3380 5437 3472 5516 id.
3500 5437 3846 5522 Concurrebat

2247 5536 2413 5581 autem
2439 5537 2486 5583 et
2516 5532 2785 5589 multitudo
2810 5540 3085 5596 vicinarum
3117 5546 3373 5604 civitatum
3397 5551 3687 5611 Jerusalem
3710 5601 3724 5623 ,
3757 5562 3843 5628 af-

2248 5620 2459 5725 ferentes
2500 5640 2662 5695 wgros
2704 5639 2751 5684 et
2794 5644 2997 5690 vexatos
3039 5654 3070 5690 a
3112 5642 3369 5709 spiritibus
3414 5646 3724 5718 immundis,
3756 5663 3844 5725 qui

2246 5715 2553 5769 curabantur
2578 5735 2768 5777 omnes.

2327 5803 2444 5861 Vita
2488 5808 2845 5880 Apostolorum
2890 5835 2950 5876 ex
2993 5827 3259 5884 contrariis
3312 5832 3664 5891 contuebatur
3717 5860 3850 5913 quo-
