4068 6416
212 338 275 389 ﬁt)
1176 329 1240 385 IN
1289 328 1471 384 ACTA
1514 333 1550 382 Α
1565 329 1794 384 l‘USTO

1910 331 2055 387 um.
2101 331 2338 384 ΙΙΗᾹΙΞΙ..
2389 331 2498 383 (ιι.

205 453 580 518 ἐπιπόθητοι,
631 449 784 519 καίά
822 449 920 502 καὶ
964 447 1275 516 στέφανός
1299 465 1438 515 μου.
1466 445 1808 499 Πιστεύσατε

205 538 315 607 γάρ
349 554 464 606 μοι,
492 537 575 587 ὅτι
606 536 707 586 οὐκ
742 533 918 593 ἄλλως
942 531 1072 603 ἐρῶ.
1102 532 1167 584 Εἰ
1201 531 1429 599 μυρῖους
1451 545 1536 592 ’τις
1563 529 1810 582 λιθοκολ-

200 621 396 692 λήτους
442 619 741 690 στεφάνους
777 616 1094 687 βασιλικοὺς
1124 614 1367 684 ἐπέθηκέ
1405 631 1508 683 μου
1535 616 1602 684 τῇ
1645 631 1807 682 κεφα-

197 705 266 775 λῇ
292 702 424 766 νῦν,
480 704 582 756 ούκ
618 701 684 755 ἂν
739 700 1058 771 εύφράνθην
1102 698 1179 761 ὡς
1211 697 1578 767 εύφραίνομαι
1615 696 1708 749 ἐπὶ
1741 699 1807 767 τῇ

200 789 458 859 προκοπῇ
502 789 568 857 τῇ
603 784 882 856 ὑμετέρᾳ·
937 783 1144 854 μᾶλλον
1185 782 1262 848 δὲ,
1296 782 1417 834 οὐδὲ
1450 781 1543 833 τὸν
1583 780 1809 850 βασιλέα

196 877 374 939 οὕτως
401 873 556 945 οἶμαι
590 875 823 946 χαίρειν,
854 873 930 936 ὡς
976 871 1090 940 ἐγὼ
1132 873 1220 940 ἐφ’
1248 871 1398 940 ὑμῖν.
1436 869 1503 922 Τί
1534 870 1709 939 λέγω;
1745 871 1808 924 Εί

198 965 412 1018 πάνταιι
442 964 514 1017 τὰ
547 962 678 1032 ἔθνη
707 962 776 1015 τά
800 959 1142 1031 πολεμοῦντα
1184 957 1335 1028 αὐτῷ
1375 958 1609 1026 νικήσας
1638 960 1808 1012 ἐπανο

193 1048 352 1116 ⁴ἦλθε,
385 1046 610 1100 καὶτοῦ
660 1043 1052 1114 νενομισμένου
1117 1043 1387 1110 στεφάνου
1429 1041 1648 1104 πλείους
1688 1041 1806 1093 ἐτέ-

197 1148 329 1203 ρους
359 1130 520 1184 ἔλαϐε
555 1129 872 1198 στεφάνους,
913 1128 1006 1181 καὶ
1028 1126 1193 1197 ἕτερα
1213 1125 1520 1197 διαδήματα
1560 1123 1806 1195 σύμϐολα

193 1216 296 1284 τῆς
335 1216 520 1286 νίκης,
570 1214 674 1267 ούκ
713 1212 778 1266 ἂν
815 1211 979 1268 αὑτὸν
1026 1211 1204 1274 οὕτως
1260 1206 1416 1279 οἶμαι
1455 1209 1670 1280 χαίρειν
1713 1209 1808 1262 ἐπὶ

191 1301 310 1362 τοῖς
341 1297 652 1369 τροπαίοις,
678 1296 757 1359 ὡς
782 1294 893 1364 ἐγὼ
922 1294 1016 1347 ἐπὶ
1045 1296 1113 1364 τῇ
1149 1297 1406 1365 προκοπῇ
1441 1295 1506 1362 τῇ
1537 1291 1800 1362 ὑμετέρα.

193 1382 414 1453 Ὥσπερ
470 1381 582 1452 γάρ
641 1378 870 1451 μυρίους
911 1378 1216 1446 στεφάνους
1274 1378 1369 1430 ἐπὶ
1407 1377 1506 1446 τῆς
1555 1376 1804 1445 κεφαλῆς

191 1470 360 1540 ἔχων,
379 1468 557 1531 οὕτως
584 1467 892 1537 ἁγάλλομαι
915 1482 930 1497 ·
957 1466 1053 1519 καὶ
1083 1465 1440 1528 είκότως.’“Αν
1457 1464 1565 1534 γὰρ
1600 1466 1667 1533 τῇ
1704 1461 1800 1515 τοῦ

191 1556 329 1610 Θεοῦ
373 1558 558 1628 χάριτι
589 1555 749 1609 τοῦτο
781 1556 912 1625 ύμῖν
945 1552 1275 1624 κατορθωθῇ
1304 1551 1365 1604 τὸ
1399 1550 1544 1615 ἔθος,
1572 1550 1802 1620 μυρίους

189 1647 521 1715 νενικήκατε
555 1644 848 1713 πολέμους,
879 1643 973 1695 καὶ
1004 1639 1186 1710 πολλῷ
1223 1637 1641 1710 χαλεπωτέρους
1660 1637 1802 1690 ὲκεί-

188 1749 286 1785 νου
308 1750 320 1761 ·
345 1733 482 1804 πρὸς
516 1733 777 1802 δαίμονας
821 1730 1094 1800 πονηρους
1116 1771 1130 1794 ,
1168 1728 1310 1797 πρὸς
1340 1726 1650 1797 ἀλάστορας
1693 1743 1796 1779 πα-

188 1819 481 1884 λαίσαντες
520 1821 614 1874 καὶ
651 1819 1046 1889 μαχεσάμενοι,
1080 1816 1140 1869 οὐ
1175 1815 1267 1868 διὰ
1316 1815 1626 1885 μαχαίρας,
1659 1813 1796 1867 ἀλλὰ

186 1899 279 1951 δια
302 1900 554 1969 γλώττης
585 1900 679 1953 καὶ
708 1897 1108 1970 προαιρέσεως.
1136 1897 1280 1966 Ὅρα
1307 1895 1435 1967 γὰρ,
1473 1895 1574 1946 ὅσα
1607 1910 1797 1963 κατορ-

186 1982 399 2047 θοῦται,
439 1983 535 2036 ἐάν
558 1982 667 2055 ἄρα
689 1982 784 2035 καὶ
805 1979 1216 2051 κατορθώσητε.
1251 1978 1502 2050 Πρῶτον,
1530 1978 1611 2029 ὅτι
1640 1978 1796 2048 συνή-

188 2090 214 2117 ⁸
253 2088 368 2138 MSS.
403 2090 604 2152 quidam
644 2090 715 2151 ἐφ’
753 2087 882 2150 ὑμῖν,
932 2087 975 2135 εἶ
1020 2103 1090 2141 τις
1128 2084 1301 2134 πάντα.

3427 336 3531 388 1ου

1917 447 2070 503 θείαν
2097 449 2344 520 χαλεπὴν
2372 448 2673 500 ἐκκύπτετε
2700 466 2711 476 ·
2749 444 3022 516 δεύτερον,
3064 444 3328 517 λογισμὸν
3357 464 3528 519 πονη-

1918 539 2038 610 ρὸν,
2092 540 2188 592 καὶ
2227 539 2351 593 ὅθεν
2397 537 2582 590 πάντα
2611 537 2680 590 τὰ
2722 534 2896 599 κακὰ,
2949 533 3028 604 τῷ
3057 535 3351 607 νομίζεινιι
3382 537 3533 596 ἀδιά-

1914 640 2082 693 φορον
2111 618 2253 677 εἶναι
2291 622 2354 676 τὸ
2388 622 2625 691 πρᾶγμα
2657 620 2752 674 καὶ
2781 617 2949 689 μηδὲν
2983 617 3251 688 βλάπτειν
3271 634 3286 650 ο
3317 619 3528 690 τρίτον,

1912 708 2004 762 τὸν
2033 709 2230 779 θυμόν·
2255 707 2543 780 τέταρτον,
2568 706 2668 776 τὴν
2703 703 3150 774 φιλοχρηματίαν
3171 720 3184 733 ⁸
3210 705 3391 759 πάντα
3417 705 3531 776 γὰρ

1910 793 2086 848 ταῦτα
2123 795 2152 846 ὁ
2183 794 2347 863 ὅρκος
2385 792 2582 846 τίκτει.
2622 788 2786 843 Ἀλλά
2815 787 2925 841 ἀπὸ
2955 786 3148 840 τούτου
3193 789 3291 841 καὶ
3337 790 3419 851 είς
3456 790 3528 843 τά

1912 877 2050 931 ἄλλα
2067 878 2479 950 κατορθώματα
2512 874 2752 947 λήψεσθε
2781 872 2986 943 πολλὴν
3014 873 3302 943 ἀφορμήν.
3369 873 3525 926 K010-

1911 962 2058 1033 άπερ
2087 963 2199 1034 γὰρ
2236 964 2285 1015 οί
2317 963 2386 1014 τά
2433 962 2679 1031 στοιχεῖα
2730 955 3103 1029 μανθάνοντες
3125 955 3238 1009 τῶν
3277 957 3488 1011 παίδων
3509 1001 3524 1024 ,

1909 1048 2011 1101 οὐκ
2045 1048 2233 1100 ἐκεῖνα
2277 1046 2417 1115 μόνα
2460 1043 2851 1116 μανθάνουσιν,
2884 1039 3004 1094 ἀλλ’
3033 1041 3092 1092 ἐν
3127 1040 3363 1104 ἐκείνοις
3392 1061 3523 1096 παι-

1908 1131 2153 1185 δεύονται
2178 1129 2321 1183 κατά
2341 1129 2540 1200 μικρὸν
2563 1123 2969 1195 ἀναγινώσκειν
2989 1141 3002 1153 ⁸
3028 1121 3148 1196 [96]
3175 1123 3321 1178 οὕτω
3343 1125 3409 1198 δὴ
3432 1127 3528 1179 καὶ

1911 1217 2069 1287 ὑμεῖς
2092 1229 2107 1243 ⁸
2127 1214 2227 1268 ούκ
2257 1213 2337 1267 ἔτι
2366 1212 2552 1266 λοιπὸν
2584 1212 2731 1282 ὑμᾶς
2761 1213 2790 1265 ὁ
2820 1208 3060 1280 πονηρὸς
3085 1208 3351 1279 λογισμὸς
3381 1211 3527 1263 ἁπα-

1909 1300 2084 1369 τήσει,
2122 1299 2244 1352 οὐδὲ
2287 1298 2486 1368 ἐρεῖτε,
2509 1295 2592 1348 ὅτι
2639 1293 2963 1366 Ἀδιάφορόν
2993 1295 3112 1346 ἐστι
3141 1291 3286 1356 τόδε,
3318 1293 3422 1345 οὐκ
3445 1293 3528 1346 ἔτι

1908 1390 1972 1456 τῇ
2013 1383 2273 1454 συνηθείᾳ
2309 1381 2632 1451 φθέγξεσθε,
2668 1380 2806 1433 ἀλλά
2833 1379 2968 1449 πρὸς
2998 1378 3220 1432 ἅπαντα
3253 1378 3528 1448 στήσεσθε

1905 1471 2172 1540 γενναίως
2195 1481 2242 1534 ε,
2269 1469 2356 1521 ἵνα
2374 1468 2463 1521 διὰ
2491 1469 2712 1522 πάντων
2730 1465 2829 1536 τὴν
2861 1466 3009 1519 κατά
3053 1465 3187 1518 Θεὸν
3214 1465 3421 1534 ἀρετὴν
3451 1465 3526 1516 διο

1905 1557 2224 1618 ανύσαντες,
2254 1552 2363 1605 τῶν
2385 1551 2621 1605 αἰωνίων
2649 1548 3004 1618 ἁπολαύσητε
3046 1546 3297 1615 ἀγαθῶν,
3340 1547 3530 1619 χάριτι

1905 1641 2002 1694 καὶ
2034 1635 2421 1707 φιλανθρωπίᾳ
2471 1632 2568 1687 τοῦ
2622 1629 2952 1702 μονογενοῦς
2987 1630 3158 1684 αὐτοῦ
3199 1628 3332 1682 Υίοῦ
3357 1669 3370 1691 ,
3402 1627 3523 1698 μεθ’

1899 1718 1960 1778 οὗ
1990 1721 2069 1793 τῷ
2098 1721 2277 1791 Πατρὶ
2297 1762 2310 1784 ,
2345 1719 2464 1790 ἄμα
2492 1716 2572 1787 τῷ
2597 1716 2740 1785 ἁγίῳ
2769 1714 3077 1785 Πνεύματι,
3109 1711 3265 1779 δόξα,
3293 1713 3521 1784 κράτος,

1899 1809 2058 1880 τιμὴ,
2114 1807 2210 1860 νῦν
2238 1805 2333 1859 καὶ
2364 1804 2475 1870 ἀεὶ,
2513 1804 2608 1857 καὶ
2639 1804 2719 1866 είς
2747 1803 2874 1866 τοὺς
2902 1800 3109 1863 αἰῶνας
3141 1798 3252 1853 τῶν
3277 1797 3520 1851 αίώνων.

1914 1893 2112 1963 Ἀμήν.

1965 2010 1994 2050 δ
2036 2013 2174 2088 ςηυε
2195 2011 2265 2074 τῷ
2307 2011 2373 2073 μὴ
2399 2010 2624 2073 νομίζειν.
2695 2011 2720 2040 ε
2743 2006 2883 2057 Idem
2911 2004 3024 2070 πρὸς
3056 2004 3248 2054 ἅπαντα
3269 2002 3519 2066 φθέγξεσθε

1904 2093 2150 2138 γενναιως.

199 2187 3490 2224 ______________________________________._______

1672 2263 1919 2318 ΟΜΙΛΙΑ
1958 2257 2062 2310 ΙΒ’.

194 2360 414 2428 Ἰωσὴφ
442 2373 469 2400 ιι
497 2359 565 2412 δὲ
594 2362 626 2414 ό
650 2361 996 2428 ἐπικληθεὶς
1018 2359 1333 2427 Βαρνάϐας
1358 2359 1475 2412 ὑπὸ
1514 2357 1632 2411 τῶν
1651 2358 1792 2411 ἀπο⁹

254 2433 499 2483 στόλων
537 2431 593 2500 (ὅ
623 2431 752 2484 ἐστι
789 2433 1408 2500 μεθερμηνευόμενον,
1449 2428 1579 2494 υίὸς
1606 2444 1793 2500 παρα-

253 2499 594 2568 κλήσεως),
624 2499 902 2566 Λευίτης,
947 2503 1212 2568 Κύπριος
1262 2499 1343 2564 τῷ
1372 2500 1564 2568 γένει,
1595 2499 1792 2565 ῠπάρο

255 2589 478 2638 κοντος
504 2570 664 2635 αὐτῷ
690 2571 896 2637 ἀγροῦ,
926 2571 1223 2637 πωλήσας
1244 2569 1464 2637 ἤνεγκε
1494 2569 1560 2622 τὸ
1588 2568 1792 2638 χρῆμα

253 2653 353 2707 καὶ
387 2655 568 2721 ἔθηκε
601 2655 761 2722 παρὰ
791 2653 934 2721 τοὺς
961 2653 1156 2720 πόδας
1181 2653 1303 2706 τῶν
1330 2653 1716 2706 ἀποστόλων.

252 2737 324 2790 α’.
348 2737 551 2792 Μέλλει
588 2738 897 2807 διηγεῖσθαι
920 2737 980 2790 τὸ
1015 2736 1160 2790 κατὰ
1201 2736 1455 2789 Ἀνανίαν
1488 2735 1673 2787 λοιπὸν
1697 2733 1791 2787 καὶ

179 2821 544 2890 Σάπφειραν,
604 2823 698 2874 καὶ
741 2820 912 2874 θέλων
965 2819 1136 2886 δεῖξαι
1181 2820 1272 2873 τὸν
1318 2819 1491 2891 ἄνδρα
1539 2821 1791 2890 χείριστα

177 2904 570 2974 ἡμαρτηκότα,
607 2902 829 2976 πρώτου
879 2903 1156 2975 μέμνηται
1185 2903 1280 2956 τοῦ
1319 2901 1751 2973 κατωρθωκότος
1773 2918 1785 2931 ·

177 2987 264 3039 ὅτι
304 2986 564 3040 τοσούτου
588 2986 828 3058 πλήθους
848 2986 1001 3051 ὄντος
1017 2986 1113 3039 τοῦ
1139 2984 1312 3040 ταῦτα
1329 2986 1630 3047 ποιοῦντος,
1661 3000 1787 3037 τοσ-

177 3068 359 3140 αύτης
386 3071 632 3142 χάριτος,
662 3070 940 3124 τοσούτων
998 3071 1264 3141 σημείων,
1300 3070 1398 3139 οὐχ
1446 3069 1538 3122 ὑπ’
1573 3068 1789 3132 οὐδενὸς

177 3152 391 3206 τούτων
419 3153 729 3226 διωρθώθη,
766 3154 904 3207 ἀλλά
950 3152 1212 3218 καθάπαξ
1253 3153 1359 3206 ὑπὸ
1388 3155 1487 3222 τῆς
1524 3152 1789 3224 φιλοχρη-

179 3236 386 3308 ματίας
417 3235 755 3306 τυφλωθεὶς,
795 3236 889 3291 τὸν
939 3235 1162 3308 ὄλεθρον
1191 3238 1401 3290 ἐκεῖνον
1435 3235 1790 3288 ἐπεσπάσατο

177 3324 245 3391 τῇ
272 3319 473 3374 ἐαυτοῦ
505 3320 740 3390 κεφαλῇ.
780 3319 1200 3390 ’Υπιίρχοντος
1241 3319 1403 3386 αὐτῷ
1443 3320 1632 3395 ἀγροῦ
1655 3337 1668 3349 ·
1694 3320 1789 3372 οὖ-

174 3423 290 3468 τως
314 3401 493 3472 εἶπεν,
517 3404 715 3475 δηλῶν,
743 3404 822 3458 ὅτι
848 3404 1037 3458 τοῦτον
1068 3406 1230 3476 μόνον
1257 3405 1525 3474 ἐκέκτητο
1542 3421 1555 3436 ·
1587 3404 1791 3474 πωλή-

174 3505 299 3554 σας
329 3488 550 3557 ἤνεγκε
575 3488 644 3541 τὸ
667 3487 891 3559 χρῆμα,
917 3487 1017 3541 καὶ
1037 3487 1217 3557 ἔθηκε
1239 3489 1402 3558 παρά
1426 3488 1569 3555 τοὺς
1595 3487 1789 3555 πόδας

174 3572 301 3627 τῶν
332 3573 721 3627 ἀποστόλων.
763 3572 947 3642 Ἀνὴρ
974 3572 1042 3627 δέ
1067 3591 1159 3640 τις
1190 3573 1438 3643 ὀνόματι
1480 3573 1784 3638 Ἀνανίας,

175 3657 306 3712 σὺν
322 3655 632 3724 Σαπφείρο
657 3653 734 3724 τῇ
757 3655 996 3724 γυναικὶ
1021 3655 1233 3721 αὑτοῦ,
1260 3655 1545 3722 ἐπώλησε
1565 3653 1788 3724 κτῆμα,

173 3741 279 3795 καί
321 3740 702 3809 ἐνοσφίσατο
737 3739 858 3794 ἀπὸ
891 3738 1004 3808 τῆς
1043 3739 1241 3809 τιμῆς,
1289 3736 1647 3806 συνειδυίας
1693 3738 1790 3793 καί

173 3824 292 3893 τῆς
330 3825 617 3894 γυναικός
641 3841 654 3855 ·
690 3824 789 3876 καὶ
817 3822 1074 3892 ἐνέγκας
1104 3823 1289 3892 μέρος
1326 3842 1404 3890 τι,
1447 3823 1611 3892 παρὰ
1643 3822 1790 3889 τοὺς

174 3907 375 3973 πόδας
398 3905 518 3960 τῶν
554 3907 920 3961 ἀποστόλων
946 3905 1145 3974 ἔθηκε.
1187 3907 1262 3960 Τὸ
1298 3906 1494 3970 δεινὸν,
1529 3908 1612 3961 ὅτι
1649 3905 1791 3976 μετά

176 3989 642 4059 συγκαταθέσεως
671 3991 706 4060 ή
739 3989 1009 4058 ἁμαρτία,
1041 3988 1138 4042 καί
1161 3988 1338 4052 οὐδεὶς
1364 3989 1551 4060 ἕτερος
1579 3986 1696 4058 ᾔδει
1727 3989 1790 4041 τὸ

173 4075 498 4146 γενόμενον.
539 4073 711 4127 Πόθεν
759 4073 964 4143 ἐπῆλθε
1001 4073 1080 4144 τῷ
1114 4072 1452 4145 ταλαιπώρῳ
1483 4072 1790 4144 τούτῳκαὶ

174 4159 353 4229 ἀθλίῳ
426 4157 591 4211 τοῦτο
661 4156 1034 4227 ἐργάσασθαι;
1090 4157 1241 4210 Εϊπε
1307 4155 1377 4208 δὲ
1423 4159 1458 4210 ό
1523 4157 1787 4226 Πέτρος’

175 4241 431 4296 Ἀνανία
451 4284 466 4308 ,
499 4240 597 4294 διὰ
629 4241 688 4293 τί
720 4239 1081 4309 ἐπλήρωσεν
1126 4242 1160 4294 ό
1192 4238 1469 4306 Σατανᾶς
1501 4240 1617 4310 τὴν
1647 4258 1790 4310 καρ-

171 4328 320 4382 δίαν
351 4343 469 4381 σου
491 4326 844 4394 ψεύσασθαί
880 4341 954 4378 σε
979 4324 1047 4379 τὸ
1075 4324 1322 4396 Πνεῦμα
1355 4325 1419 4379 τὸ
1446 4326 1641 4395 ἅγιον,
1686 4328 1789 4384 καὶ

172 4411 602 4480 νοσφίσασθαι
644 4408 766 4464 ἀπὸ
816 4407 929 4477 τῆς
963 4408 1142 4478 τιμῆς
1195 4410 1303 4463 τοῦ
1354 4411 1613 4479 χωρίου;
1644 4411 1789 4484 Ὅρα

176 4497 275 4550 καὶ
305 4494 401 4549 νῦν
436 4495 578 4564 μέγα
622 4494 849 4563 σημεῖον
899 4493 1191 4563 γενόμενον
1217 4533 1231 4557 ,
1269 4491 1366 4546 καὶ
1400 4493 1582 4564 πολλῷ
1624 4495 1788 4552 πλέον

175 4579 396 4633 ἐκείνου
438 4578 532 4630 τοῦ
576 4577 870 4646 προτέρου.
903 4577 1051 4644 Οὐχὶ
1089 4576 1282 4646 μένον
1319 4577 1420 4631 σοι
1464 4579 1661 4648 ἔμενε,
1687 4580 1788 4636 καί

177 4662 413 4733 πραθὲν
445 4660 545 4714 ἐπὶ
571 4660 646 4730 τῇ
675 4659 761 4729 σῇ
791 4659 1046 4728 ἐξουσίᾳ
1065 4659 1338 4729 ὑπῆρχε;
1361 4660 1626 4717 Τουτέστι
1651 4704 1665 4729 ,
1692 4667 1786 4738 Μὴ

175 4748 290 4818 γὰρ
317 4745 534 4814 ἀνάγκη
585 4763 670 4809 τις
705 4741 774 4815 ἦν
821 4746 916 4798 καὶ
948 4744 1074 4814 βία;
1111 4746 1196 4816 μὴ’
1216 4744 1326 4818 γὰρ
1373 4746 1611 4811 ἄκοντας
1641 4749 1788 4821 ὑμᾶς

176 4831 420 4903 ἕλκομεν
437 4832 524 4896 ;Τί
553 4831 641 4885 ὅτι
664 4832 808 4886 ἔθου
829 4832 898 4885 ἐν
921 4829 997 4900 τῇ
1032 4829 1251 4899 καρδίᾳ
1274 4847 1395 4886 σου
1436 4832 1504 4886 τὸ
1544 4833 1789 4906 πρᾶγμα

179 4915 403 4978 τοῦτο;
464 4916 586 4968 Οὐκ
633 4915 881 4982 ἐψεύσω
914 4913 1284 4982 ἀνθρώποις,
1327 4915 1491 4970 ἀλλὰ
1528 4916 1610 4983 τῷ
1646 4917 1788 4986 Θεῷ.

192 5001 462 5054 Ἀκούων
484 4997 553 5051 δὲ
577 5000 608 5074 ό
648 4997 935 5064 Ἀνανίας
962 4997 1105 5063 τοὺς
1132 4997 1358 5068 λόγους
1388 5001 1664 5068 τούτους,
1690 5019 1797 5057 πε-

178 5084 318 5141 σὼν
344 5082 673 5152 ἐξέψυξεν.
750 5083 939 5154 ’Θρᾷς,
990 5083 1154 5136 πόθεν
1208 5081 1396 5153 μεῖξον
1451 5083 1512 5136 τὸ
1566 5089 1795 5157 σημεῖον

177 5169 374 5234 τοῦτο;
423 5166 561 5221 Ἀπὸ
603 5164 700 5220 τοῦ
751 5165 985 5230 ἀνελεῖν,
1037 5167 1148 5220 ἀπὸ
1174 5166 1270 5220 τοῦ
1315 5167 1387 5221 τὰ
1416 5169 1474 5222 ἐν
1521 5169 1733 5243 διανοίᾳ
1765 5172 1794 5214 b

180 5253 405 5316 εἰδέναι,
445 5253 541 5306 καὶ
567 5250 635 5304 τά
665 5250 841 5322 λάθρᾳ
870 5251 1154 5319 γεγονότα.
1205 5250 1474 5321 Ἐγένετο
1507 5251 1576 5306 δὲ
1606 5256 1793 5324 φόϐος

173 5334 368 5407 μέγας
397 5335 499 5388 ἐπὶ
543 5335 780 5400 πάντας
813 5335 960 5401 τοὺς
992 5335 1330 5400 ἀκούοντας
1367 5337 1578 5391 ταῦτα.
1623 5339 1792 5395 Ἀνα-

179 5417 444 5484 στιίντες
483 5417 552 5471 δὲ
580 5421 635 5472 οί
677 5419 953 5488 νεώτεροι
977 5419 1390 5477 συνέστειλαν
1433 5421 1621 5475 αὐτὸν
1646 5466 1660 5490 ,
1692 5424 1793 5478 καὶ

180 5501 616 5572 ἐξενέγκαντες
640 5501 898 5572 ἔθαψαν.
935 5503 1201 5573 Ἐγένετο
1228 5503 1298 5557 δὲ
1319 5505 1402 5569 ὡς
1428 5503 1599 5574 ὡρῶν
1617 5506 1795 5575 τριῶν

181 5583 512 5654 διάστημα,
537 5585 635 5640 καί
665 5587 701 5652 ἡ
732 5585 889 5654 γυνὴ
911 5585 1100 5642 αὑτοῦ
1115 5586 1202 5657 μὴ
1231 5587 1424 5642 εἰδυῖα
1452 5588 1519 5643 τὸ
1547 5591 1795 5659 γεγονὸς

181 5665 496 5737 εἰσῆλθεν.
537 5670 845 5738 Ἀπεκρίθη
871 5669 942 5723 δέ
967 5669 1123 5738 αὐτῇ
1150 5674 1182 5724 ό
1206 5670 1431 5740 Πέτρος
1451 5686 1464 5700 ·
1501 5674 1651 5726 Εἰπέ
1667 5671 1792 5743 μοι,

183 5753 236 5805 εί
267 5752 569 5806 τοσούτου
602 5751 670 5806 τὸ
692 5753 911 5821 χωρίον
933 5753 1270 5820 ἀπέδοσθε;
1299 5755 1519 5826 Ταύτην
1542 5756 1796 5812 ἐϐούλετο

250 5849 466 5929 ςνροάρι
494 5863 622 5924 υηυε
655 5851 870 5929 Ἰώ-σῆς..
911 5850 938 5921 ξ
980 5850 1106 5929 Τςεξ
1147 5853 1345 5929 οορἱεε
1370 5854 1601 5929 ἐξέψυξεκ
1621 5854 1779 5929 Τοῦτο

186 5911 419 6038 ἰὰ
446 5912 647 5974 σημεῖον
668 5911 754 5962 τοῦ
777 5911 960 5976 χωλοῦ,
988 5915 1044 5963 τὸ
1073 5914 1271 5977 ἀνελεῖν,
1312 5917 1393 5965 καὶ
1419 5911 1497 5977 τὰ,
1526 5918 1605 5968 vel
1629 5919 1704 5969 τὸ.
1730 5921 1777 5968 ἐν

1901 2355 2074 2408 σῶσαι
2092 2372 2106 2388 ο
2143 2354 2352 2414 ἐκεῖνος
2379 2350 2489 2420 γὰρ
2514 2342 2583 2419 ἦν
2607 2349 2635 2400 ὁ
2667 2344 2914 2418 ἀρχηγὸς
2942 2344 3041 2414 τῆς
3071 2343 3367 2414 ἁμαρτίας.
3407 2343 3521 2397 Καὶ

1896 2438 1984 2492 διὰ
2018 2437 2178 2490 τοῦτο
2208 2436 2347 2506 αὐτῇ
2381 2433 2563 2486 δίδωσι
2590 2430 2736 2500 τάχα
2768 2428 2962 2499 καιρὸν
2989 2426 3106 2501 [97]
3145 2425 3447 2496 ἀπολογίας
3465 2436 3516 2491 ε,

1896 2523 1991 2575 καὶ
2028 2521 2280 2587 ἐξουσίαν
2313 2516 2627 2589 μετανοίας.
2663 2514 2756 2568 Διὸ
2787 2514 2884 2568 καὶ
2904 2511 3056 2580 λέγει
3079 2527 3092 2543 ·
3136 2510 3288 2566 Είπέ
3308 2526 3433 2580 μοι,
3465 2512 3521 2564 εί

1893 2607 2197 2662 τοσούτου
2232 2604 2299 2657 τὸ
2351 2601 2574 2671 χωρίον
2617 2596 2962 2662 ἀπέδοσθε;
3005 2595 3080 2649 Ἠ
3109 2593 3178 2647 δὲ
3215 2594 3369 2657 εἷπε,
3401 2595 3520 2649 Ναί

1895 2691 2216 2744 τοσούτου.
2262 2688 2317 2738 '0
2346 2684 2415 2738 δὲ
2448 2683 2674 2752 Πέτρος
2707 2677 2839 2735 εἷπε
2873 2678 3026 2747 πρὸς
3063 2677 3295 2745 αὐτήν*
3341 2679 3405 2732 Τί
3427 2677 3521 2733 ότι

1894 2769 2302 2841 συνεφωνήθη
2329 2767 2473 2837 ὑμῖν
2506 2763 2793 2833 πειρᾶσαι
2826 2762 2892 2817 τὸ
2928 2761 3178 2831 Πνεῦμα
3210 2760 3278 2814 τὸ
3308 2760 3519 2830 (irier;

1906 2856 2062 2911 Ἰδοὺ
2091 2859 2146 2909 οἱ
2178 2853 2362 2916 πόδες
2390 2850 2511 2904 τῶν
2537 2848 2868 2917 θαψάντων
2905 2845 3014 2900 τὸν
3046 2846 3238 2914 ἄνδρα
3267 2861 3386 2900 σου
3416 2846 3517 2899 ἐπὶ

1892 2938 1968 3008 τῇ
1996 2941 2166 3006 θύρᾳ,
2199 2935 2299 2991 καὶ
2323 2934 2643 2999 ἐξοίσουσι
2672 2949 2766 2986 σε.
2800 2930 3116 2985 Ἔπεσεδὲ
3148 2927 3520 2998 παραχρῆμα

1895 3023 2055 3090 παρὰ
2087 3021 2230 3087 τοὺς
2263 3018 2455 3083 πόδας
2479 3015 2691 3080 αὑτοῦ,
2717 3014 2815 3068 καὶ
2833 3013 3162 3081 ἐξέψυξεν.
3191 3014 3520 3068 Εἰσελθόν-

1892 3125 1992 3173 τες
2011 3105 2078 3158 δὲ
2105 3108 2159 3158 οί
2188 3103 2504 3158 νεανίσκοι
2527 3096 2713 3167 εὖρον
2735 3096 2934 3165 αὐτὴν
2953 3097 3199 3166 νεκρὰν,
3228 3093 3327 3149 καί
3350 3096 3520 3162 ἐξεν-

1891 3192 2180 3262 έγκαντες
2243 3187 2484 3254 ἔθαψαν
2541 3183 2694 3250 πρὸς
2745 3181 2856 3234 τὸν
2908 3180 3100 3249 ἄνδρα
3133 3177 3345 3248 αὐτῆς.
3402 3179 3519 3234 Καὶ

1894 3276 2133 3344 ἐγένετο
2172 3271 2358 3341 φόϐος
2388 3267 2577 3338 μέγας
2616 3265 2709 3334 ἐφ’
2742 3264 2900 3332 ὅλην
2945 3263 3064 3332 τὴν
3118 3264 3514 3332 Ἐκκλησίαν,

1893 3359 1992 3412 καὶ
2025 3356 2126 3410 ἐπὶ
2172 3354 2409 3418 πάντας
2441 3350 2584 3416 τοὺς
2629 3349 2972 3413 ἀκούοντας
3012 3344 3226 3400 ταῦτα.
3258 3348 3418 3402 Μετὰ
3454 3349 3522 3402 τὸ

1893 3440 2146 3511 γενέσθαι
2177 3438 2270 3492 τὸν
2310 3435 2475 3506 φόϐον
2502 3432 2679 3487 αὐτῶν
2699 3473 2715 3499 ,
2759 3431 2986 3485 πλείονα
3011 3434 3222 3503 σημεῖα
3252 3432 3477 3485 ἐποίουν
3501 3447 3515 3461 ·

1895 3527 1990 3580 καὶ
2013 3526 2092 3578 ὅτι
2118 3523 2360 3584 ἐποίουν,
2390 3521 2577 3574 ἄκουε.
2603 3516 2709 3571 Διά
2736 3515 2806 3569 δὲ
2832 3515 2952 3569 τῶν
2978 3515 3198 3585 χειρῶν
3222 3514 3344 3570 τῶν
3368 3517 3520 3573 ἀπο-

1897 3609 2140 3665 στόλων
2190 3607 2423 3676 ἐγίνετο
2479 3604 2704 3672 σημεῖα
2749 3600 2849 3654 καὶ
2898 3600 3117 3668 τέρατα
3160 3600 3230 3654 ἐν
3257 3599 3340 3666 τῷ
3387 3602 3519 3667 λαῷ

1898 3691 2120 3746 πολλά.
2149 3691 2261 3745 Καὶ
2282 3686 2447 3760 ἦσαν
2468 3684 2854 3756 ὁμοθυμαδὸν
2873 3684 3144 3749 ἅπαντες
3166 3685 3236 3738 ἐν
3261 3682 3336 3753 τῇ
3362 3684 3519 3752 στοᾷ

1898 3775 2292 3845 Σολομῶντος
2309 3789 2321 3802 ·
2370 3771 2492 3826 τῶν
2520 3769 2591 3823 δὲ
2611 3767 2844 3824 λοιπῶν
2873 3767 3078 3833 οὐδεὶς
3101 3769 3330 3838 ἐτόλμα
3371 3774 3516 3825 κολ-

1896 3859 2122 3914 λᾶσθαι
2159 3856 2367 3923 αὐτοῖς
2386 3897 2400 3921 ,
2448 3854 2588 3910 ἀλλ’
2613 3851 2993 3922 ἐμεγάλυνεν
3020 3851 3247 3920 αὐτοὺς
3278 3856 3511 3922 ἀλαός.

1899 3944 2160 4008 Εἰκότως.
2202 3941 2317 3995 Καὶ
2347 3940 2457 4011 γὰρ
2487 3941 2515 3993 ὁ
2549 3939 2757 4010 Πέτρος
2785 3933 2853 4007 ἦν
2882 3935 3079 4011 λοιπὸν.
3115 3936 3379 4009 φοϐερὸς,
3424 3955 3517 3993 κο..

1897 4026 2079 4093 λάζων
2120 4028 2216 4081 καὶ⁹
2259 4025 2331 4080 τά
2383 4027 2464 4089 είς
2497 4023 2622 4078 νοῦν
2667 4022 3005 4094 ἐξελέγχων·
3064 4015 3109 4090 ᾧ
3157 4024 3255 4078 καὶ
3312 4023 3520 4094 μᾶλλον

1898 4112 2257 4183 προσέκειντο
2283 4110 2372 4164 διά
2405 4126 2466 4162 τε
2504 4108 2566 4161 τὸ
2598 4109 2848 4177 σημεῖον,
2887 4107 2982 4160 καὶ
3015 4107 3116 4178 τὴν
3151 4105 3381 4178 πρώτην
3417 4107 3516 4178 δη-

1901 4194 2193 4268 μηγορίαν,
2227 4195 2324 4247 καὶ
2357 4193 2458 4264 τὴν
2500 4191 2788 4262 δευτέραν,
2825 4191 2921 4245 καὶ
2959 4190 3058 4262 τὴν
3081 4191 3297 4262 τρίτην.
3339 4193 3516 4257 Αὐτὸς

1896 4281 2008 4351 γάρ
2055 4279 2152 4333 καὶ
2200 4279 2262 4330 τὸ
2303 4278 2531 4348 σημεῖον
2569 4274 2869 4345 είργάσατο
2915 4275 2976 4328 τὸ
3016 4275 3270 4346 πρῶτον,
3315 4277 3411 4330 καὶ
3451 4278 3520 4331 τὸ

1895 4364 2172 4435 δεύτερον,
2228 4362 2324 4415 καὶ
2365 4360 2426 4414 τὸ
2465 4359 2594 4425 νῦν,
2643 4358 2782 4429 ὅπερ
2812 4359 2937 4429 ἐμοὶ
2983 4362 3078 4413 καὶ
3117 4359 3363 4430 διπλοῦν,
3395 4363 3517 4417 ἀλλ’

1896 4448 1996 4518 ούχ
2021 4444 2213 4508 ἁπλῶς
2240 4445 2298 4498 ἓν
2322 4462 2374 4498 τι
2418 4444 2513 4498 καὶ
2539 4443 2702 4514 μόνον
2735 4440 2876 4496 εἶναι
2900 4442 3052 4497 δοκεῖ
3072 4461 3086 4476 ο
3122 4443 3180 4497 ἓν
3208 4447 3328 4517 μὲν,
3353 4447 3415 4500 τὸ
3441 4447 3514 4505 τὰ

1893 4533 2043 4589 κατά
2065 4534 2307 4587 διάνοιαν
2343 4530 2582 4601 ἐλέγξαιο
2620 4530 2875 4602 δεύτερον
2903 4531 2982 4596 δὲ,
3016 4532 3077 4586 τὸ
3107 4534 3319 4589 ἀνελεῖν
3340 4555 3515 4610 προσ-

1897 4621 2164 4691 τάγματι.
2207 4619 2463 4673 Μᾶλλον
2492 4616 2563 4670 δὲ
2598 4618 3031 4686 προσετίθεντο
3079 4623 3512 4693 πιστεύοντες,

1898 4706 2086 4777 φησὶν,
2121 4704 2202 4771 τῷ
2227 4705 2425 4774 Κυρίῳ
2455 4705 2661 4773 πλήθη
2693 4702 2934 4772 ἀνδρῶν
2957 4722 3023 4759 τε
3054 4707 3148 4761 καί
3182 4711 3514 4780 γυναικῶν,

1896 4790 2056 4846 ὥστε
2084 4790 2238 4845 κατὰ
2269 4791 2374 4856 τὰς
2405 4792 2700 4855 πλατείας
2727 4789 3008 4858 ἐκφέρειν
3030 4792 3174 4856 τοὺς
3204 4791 3509 4864 ἀσθενέῖς,

1896 4876 1996 4931 καὶ
2025 4875 2251 4930 τιθέναι
2295 4875 2393 4928 ἐπὶ
2440 4874 2560 4927 τῶν
2607 4874 2836 4928 κλινῶν
2869 4874 2968 4929 καὶ
2998 4878 3369 4946 κραθϐἀτων,
3410 4885 3513 4938 ἵνα

1891 4961 2224 5031 ἐρχομένου
2267 4959 2498 5027 Πέτρου
2539 4959 2660 5014 κᾶν
2705 4960 2742 5029 ἡ
2801 4963 2950 5016 σκιὰ
2993 4963 3334 5033 ἐπισκιάσῃ
3389 4971 3506 5024 τινὶ

1892 5006 2218 5031 νενηνεσννν-
2267 5006 2491 5027 --"'r"
2539 5006 2636 5014 ν-νπ
2709 5006 2739 5029 -ι
2803 5006 2947 5016 ν---νν
2993 5006 3277 5019 ν-*ινσιυκυ
3301 5006 3333 5033 ιι
3392 5006 3506 5024 ιυι

1892 5045 2113 5100 αὐτῶν.
2138 5044 2311 5098 Τοῦτο
2340 5045 2434 5097 ἐπὶ
2460 5043 2554 5097 τοῦ
2585 5044 2829 5116 Χριστοῦ
2864 5047 2924 5100 ού
2955 5047 3183 5117 γέγονεν
3204 5067 3216 5080 ·
3255 5042 3382 5105 ὄθέν
3418 5006 3540 5108 καὶὴ

1891 5131 2028 5202 ὀρᾷν
2051 5129 2148 5183 νῦν
2175 5132 2325 5184 ἐστιν
2342 5130 2491 5201 ἔργῳ
2528 5131 2591 5184 τὸ
2625 5131 2718 5184 ὑπ’
2750 5131 2916 5185 αὑτοῦ
2941 5135 3235 5205 είρημένον
3269 5136 3508 5201 ἐξελθον.

1893 5216 2054 5268 Ποῖον
2076 5215 2140 5287 δὴ
2178 5215 2373 5281 τοῦτο;
2420 5217 2483 5270 '0
2514 5218 2824 5270 πιστεύων
2866 5223 2956 5285 εὶς
2990 5220 3118 5288 ἐμὲ,
3152 5222 3227 5276 τὰ
3258 5222 3404 5290 ἔργα
3426 5264 3440 5286 ,
3476 5225 3512 5279 ἀ

1888 5298 2006 5368 ἐγὼ
2037 5298 2209 5362 ποιῶ,
2241 5299 2525 5368 κάκεῖνος
2551 5301 2826 5368 ποιήσει,
2861 5302 2961 5356 καὶ
3002 5303 3251 5372 μείζονα
3279 5309 3508 5362 τούτων

1890 5381 2153 5458 ποιήσει.
2186 5384 2538 5453 Συνήρχετο
2566 5385 2637 5439 δὲ
2661 5387 2760 5440 καὶ
2794 5388 2862 5440 τὸ
2903 5388 3142 5458 πλῆθος
3170 5392 3290 5446 τῶν
3334 5392 3508 5462 πέριξ

1890 5467 2130 5521 πόλεων
2152 5470 2240 5533 εις
2289 5469 2693 5542 Ἰερουσαλὴμ
2713 5514 2728 5538 ,
2769 5473 3060 5543 φέροντες
3092 5478 3373 5545 ἀσθενεῖς
3409 5479 3506 5533 καί

1891 5550 2312 5619 ὀχλουμένους
2335 5553 2456 5608 ὑπὸ
2481 5557 2842 5626 πνευμάτων
2877 5560 3249 5632 ἀκαθάρτων,
3286 5565 3507 5630 οἵτινες

1890 5633 2326 5701 ἐθεραπεύοντο
2352 5637 2639 5704 ἅπαντες.

1964 5717 2037 5770 Σὺ
2085 5717 2143 5771 δέ
2196 5738 2288 5791 μοι
2330 5723 2562 5787 σκόπει,
2610 5723 2729 5788 πῶς
2775 5725 2962 5791 αὐτοῖς
2996 5727 3025 5779 ὁ
3067 5727 3182 5798 βίος
3215 5730 3505 5800 ὑφαίνεται

1893 5801 2002 5886 πᾷς
2036 5800 2125 5854 διὰ
2167 5804 2277 5857 τῶν
2316 5805 2596 5863 ἐναντίων.
2642 5803 2788 5872 Οἷον,
2819 5811 3029 5882 ἀθυμία
3077 5814 3268 5886 πρώτη
3309 5817 3503 5886 γέγονε

1887 5883 1975 5938 διὰ
2004 5886 2103 5958 τήν
2137 5888 2409 5960 ἀνάληψιν
2443 5892 2537 5945 τοῦ
2568 5894 2831 5964 Χριστοῦ,
2862 5891 2982 5949 εἶτα
3013 5883 3503 5973 εὐθυμία-διάττὴν

1953 5982 1975 6012 ⁸
2000 5983 2101 6033 Alii
2127 5984 2294 6034 δίδωσι
2327 5989 2619 6050 προθεσμίαν
2660 5989 2934 6050 ἀπολογίας.
