4068 6412
647 385 745 438 101

632 499 727 552 τοῦ
750 496 1064 566 Πνεύματος
1093 496 1316 550 κάθοδον
1334 512 1348 525 ’
1378 495 1538 548 πάλιν
1573 494 1779 563 ἀθυμία
1805 490 1890 543 διά
1915 490 2038 550 τοὺς
2065 485 2219 556 χλευ-

634 581 884 645 άζοντας,
913 577 1030 632 εἶτα
1065 578 1299 646 εὐθυμία
1332 576 1420 629 διὰ
1463 576 1585 638 τοὺς
1629 575 1854 636 πιστοὺς
1890 572 1984 624 καὶ
2027 569 2090 621 16
2126 585 2220 636 ση⁸

640 667 810 734 μεῖονο
831 662 996 715 πάλιν
1013 661 1215 729 ἀθυμία
1231 659 1318 711 διὰ
1334 659 1395 712 16
1411 659 1831 728 κατασχεθῆναι,
1850 650 1967 708 εἶτα
1983 653 2111 704 εύθυ
2121 652 2217 720 μία

627 747 717 799 διὰ
734 745 832 813 τῆς
848 742 1157 810 ἀπολογίας.
1176 741 1346 794 Πάλιν
1361 740 1597 793 ἐνταῦθα
1616 742 1710 792 καὶ
1729 736 1962 803 εὐθυμία
1979 736 2071 786 καὶ
2087 735 2218 786 ἀθυ-

631 828 750 898 μία.
778 829 898 880 Ὀτι
930 827 1026 894 μὲν
1055 825 1164 895 γάρ
1191 820 1328 893 ἦσαν
1346 835 1370 862 δ
1402 823 1663 892 λαμπροὶ,
1693 823 1786 874 καὶ
1815 822 1844 872 6
1871 819 2002 879 Θεὸς
2033 817 2220 876 αὐτοῖς

628 908 996 977 ἀπεκάλυψεν,
1038 906 1304 976 εὐθυμίαο
1343 906 1423 958 ὅτι
1463 905 1521 957 δὲ
1563 905 1692 966 τοὺς
1740 901 1920 956 αὐτῶν
1957 899 2216 970 ἀνῄρουν,

631 991 859 1060 ἀθυμία.
888 989 1056 1042 Πάλιν
1089 987 1322 1057 εὐθυμία
1352 988 1459 1040 ἀπὸ
1488 990 1586 1058 τῆς
1613 985 2022 1056 λαμπρότητος²
2055 981 2218 1033 πάλιν

629 1073 838 1141 ἀθυμία
876 1073 984 1124 ἀπὸ
1029 1070 1120 1124 τοῦ
1171 1071 1494 1141 ἀρχιερέως.
1539 1070 1646 1122 Καὶ
1679 1069 1853 1121 διόλου
1904 1067 2061 1118 τοῦτο
2096 1080 2219 1116 σκο-

630 1156 918 1225 πουμένοις
951 1154 1076 1206 ίδεῖν
1109 1153 1331 1206 δυνατόν
1350 1171 1363 1183 ·
1398 1154 1491 1206 καὶ
1517 1155 1608 1205 ἐπὶ
1637 1153 1744 1204 τῶν
1780 1150 2020 1204 παλαιῶν
2045 1148 2102 1201 δὲ
2129 1147 2219 1199 οῦ-

627 1256 735 1301 τως
763 1239 911 1307 εῦροι
958 1255 1040 1300 τις
1074 1237 1138 1289 ἄν
1161 1237 1210 1289 ιι.
1239 1237 1464 1306 Ἷδωμεν
1494 1237 1551 1290 δὲ
1590 1236 1794 1291 ἀνωθεν
1828 1236 1894 1289 τά
1929 1234 2214 1303 εἰρημένα.

641 1319 961 1384 Ἐπώλουν,
992 1319 1159 1390 φησὶ,
1201 1319 1296 1372 καὶ
1331 1321 1548 1388 ἔφερον
1585 1321 1690 1385 τὰς
1726 1320 1915 1387 τιμὰς,
1959 1317 2057 1370 καὶ
2097 1317 2217 1370 ὲτί·

624 1409 775 1457 00w-
799 1403 959 1471 παρὰ
987 1403 1128 1467 τοὺς
1158 1402 1347 1469 πόδας
1378 1402 1496 1455 τῶν
1520 1404 1902 1456 ἀποστόλων.
1930 1401 2072 1474 Ὅρα
2105 1417 2215 1471 μοι,

623 1486 899 1554 ἀγαπητὲ,
936 1485 1054 1547 πῶς
1077 1486 1138 1537 ού
1171 1488 1282 1547 τοῖς
1307 1485 1625 1547 ἀποστόλοις
1655 1485 1956 1554 ἐπέτρεπον
1992 1483 2213 1545 πωλεῖν,

625 1569 740 1618 ἀλλ’
765 1567 918 1618 αὐτοὶ
947 1567 1210 1630 ἐπώλουν,
1241 1569 1336 1619 καὶ
1369 1567 1466 1630 τὰς
1493 1567 1658 1637 τιμὰς
1690 1567 1920 1628 ἐκείνοις
1945 1566 2208 1618 ἐδίδοσαν.

639 1651 776 1702 Ἀλλ’
816 1651 912 1718 οὐχ
957 1648 1131 1711 οὕτως
1159 1638 1195 1700 δ’
1223 1651 1492 1716 Ἀνανίας,
1522 1649 1638 1702 ἀλλ’
1677 1651 1990 1720 ὑφαιρεῖταί
2020 1667 2072 1701 τι
2116 1649 2217 1718 τῆς

623 1734 794 1802 τιμῆς
823 1727 884 1785 οὗ
918 1733 1149 1786 ἀπέδοτο
1174 1733 1345 1802 ἀγροῦ
1368 1749 1380 1762 ·
1410 1732 1489 1785 διὸ
1517 1731 1630 1804 [98]
1666 1735 1759 1786 καὶ
1789 1735 2112 1802 τιμωρεῖται
2141 1731 2217 1793 ὠς

623 1817 685 1869 16
715 1817 948 1885 πρᾶγμα
996 1815 1070 1884 μὴ
1117 1815 1296 1875 καλῶς
1337 1814 1688 1884 διαθέμενος,
1731 1815 1824 1867 καὶ
1872 1814 2120 1867 κλέπτων
2149 1813 2217 1865 τά

622 1899 818 1951 ἐαυτοῦ
869 1896 1164 1967 φωραθείς.
1205 1889 1374 1959 Οὗτος
1407 1897 1642 1949 καὶτῶν
1684 1896 1777 1949 νῦν
1820 1897 2008 1966 ἱερέων
2041 1897 2216 1965 ἥψατο

621 1985 650 2035 6
679 1982 856 2048 λόγος,
891 1980 987 2033 καὶ
1021 1980 1224 2050 σφόδρα
1254 1980 1394 2032 κατά
1437 1980 1658 2048 κράτος.
1707 1980 1858 2032 Ἐπεὶ
1895 1980 1952 2031 δέ
1997 1978 2215 2048 συνῄδει

621 2065 700 2135 τῷ
727 2064 1006 2134 γενομένῳ
1032 2063 1126 2115 καὶ
1153 2065 1186 2133 ή
1215 2062 1404 2115 τούτου
1433 2062 1590 2133 γυνὴ,
1621 2063 1708 2114 διὰ
1737 2061 1895 2114 τοῦτο
1924 2063 2016 2114 καὶ
2045 2062 2215 2133 αὐτὴν

626 2148 893 2212 ἐξετάζει.

698 2229 761 2296 β’.
799 2228 935 2280 Ἀλλ’
960 2229 1090 2291 ίσως
1117 2227 1258 2280 είποι
1295 2247 1379 2292 τις
1401 2229 1488 2295 ἂν,
1511 2229 1591 2281 ὅτι
1614 2227 1817 2299 σφόδρα
1845 2227 2058 2298 πικρῶς
2076 2228 2213 2298 αὐτῇ

624 2312 915 2381 ἐχρήσατο.
947 2311 1011 2362 Τί
1033 2311 1249 2378 λέγεις;
1283 2311 1404 2363 εἰπέ
1441 2327 1551 2379 μοι,
1583 2312 1707 2362 ποία
1734 2311 1960 2381 πικρία;
1992 2311 2054 2362 Et
2084 2311 2215 2376 ξύλα

622 2410 706 2454 τις
734 2393 990 2457 συλλέξας
1015 2392 1394 2454 καταλεύεται,
1422 2392 1601 2462 πολλῷ
1633 2391 1832 2462 μᾶλλον
1855 2396 1882 2444 6
1908 2391 2210 2461 ἱερόσυλος⁸

623 2477 720 2529 καὶ
743 2476 914 2528 ταῦτα
942 2475 1051 2545 γὰρ
1077 2474 1197 2544 ἱερά
1223 2474 1408 2527 λοιπὸν
1439 2470 1506 2544 ἦν
1539 2477 1608 2528 τά
1639 2477 1913 2544 χρήματα.
1946 2475 2154 2528 Οὐκοῦν
2186 2478 2215 2528 ὁ

623 2558 874 2627 ἐλόμενος
915 2558 980 2609 τά
1015 2556 1180 2609 αὑτοῦ
1214 2556 1466 2625 πωλῆσαι
1513 2558 1607 2609 καὶ
1639 2556 1926 2622 διαδοῦναι,
1959 2553 2075 2610 εἶτα
2121 2558 2216 2610 λα-

624 2641 756 2703 ϐὼν,
793 2641 1066 2710 ἱερόσυλος
1105 2640 1170 2692 ἂν
1205 2639 1310 2709 εἴη.
1345 2640 1408 2692 EE
1441 2640 1496 2692 δέ
1522 2641 1550 2692 6
1584 2643 1647 2692 ἐκ
1676 2641 1782 2693 τῶν
1811 2639 1975 2694 αὑτοῦ
2009 2641 2210 2706 λαϐὼν,

627 2724 934 2796 ἱερόσυλος,
972 2721 1150 2792 πολλῷ
1198 2722 1396 2792 μᾶλλον
1445 2723 1472 2773 6
1504 2725 1566 2774 ἐκ
1613 2723 1719 2776 τῶν
1764 2723 2080 2793 ἀλλοτρίων.
2120 2725 2211 2795 Μὴ

581 2869 589 2877 η
622 2809 750 2878 γάρ,
791 2805 972 2876 ἐπειδὴ
1009 2804 1102 2857 νῦν
1136 2805 1209 2874 μὴ
1239 2805 1446 2871 γίνεται
1484 2804 1660 2866 τοῦτο,
1705 2808 1798 2857 καὶ
1844 2807 2031 2858 ἕπεται
2062 2806 2211 2875 παρά

621 2890 789 2950 πόδας
830 2889 862 2957 ὴ
904 2887 1146 2950 κόλασις,
1197 2885 1454 2955 νομίσητε
1499 2887 1812 2956 ἀτιμωρητὶ
1854 2887 2026 2939 ταῦτα
2062 2890 2210 2954 γίνε-

624 2971 767 3025 σθαι.
804 2969 1101 3040 Ὀρᾷςπότι
1129 2969 1287 3020 τοῦτο
1319 2968 1655 3035 ἐγκαλεῖται,
1688 2970 1767 3022 ὅτι
1808 2971 2035 3039 ποιήσας
2070 2973 2208 3023 αὐτὰ

625 3054 742 3124 ἱερὰ
789 3055 1076 3123 χρήματα,
1120 3051 1240 3103 τότε
1279 3051 1478 3115 ἐλα6ε;
1528 3049 1620 3120 Μὴ
1667 3051 1776 3120 γὰρ
1819 3052 1916 3103 οὐκ
1954 3053 2208 3120 ἡδύνασο,

625 3137 779 3206 φησὶ,
822 3136 916 3187 καὶ
953 3134 1091 3204 μετά
1121 3134 1180 3186 τὸ
1224 3134 1476 3202 πωλῆσαι
1509 3131 1647 3184 αύτά
1685 3133 1761 3194 ὡς
1793 3133 1940 3194 ἰδίοις
1970 3135 2212 3205 ἀποχρή-

624 3219 855 3283 σασθαι;
894 3217 967 3287 μὴ
1010 3215 1118 3286 γὰρ
1159 3215 1462 3286 ἐκωλύθης;
1504 3216 1592 3267 διὰ
1628 3216 1680 3268 τί
1717 3216 1855 3284 μετά
1885 3217 1946 3268 16
1980 3218 2210 3287 ὑποσχέ-

624 3300 747 3354 σθαι
778 3299 1104 3368 λαμϐάνεις;
1133 3300 1294 3368 Ὅρα,
1327 3299 1442 3360 πῶς
1467 3299 1670 3361 εὐθέως
1698 3299 1756 3361 ἐξ
1790 3301 1962 3371 ἀρχῆς
1985 3302 2210 3354 ἐπέθετο

622 3385 651 3436 6
683 3383 926 3446 διάϐολος
962 3382 1163 3451 μεταξὺ
1215 3382 1457 3450 σημείων
1502 3383 1811 3451 γενομένων
1862 3386 1955 3436 καὶ
1994 3385 2207 3454 θαυμά-

622 3482 731 3518 των
762 3464 1063 3517 τοσούτων·
1114 3463 1311 3531 μᾶλλον
1341 3463 1395 3514 δέ
1432 3463 1549 3525 πῶς
1599 3465 1691 3516 καὶ
1725 3459 1875 3527 οὗτος
1910 3467 1998 3517 ὑπ’
2042 3467 2209 3523 αὐτοῦ

623 3547 915 3617 ἐπωρώθη.
945 3545 1195 3597 Τοιοῦτόν
1224 3562 1274 3596 τι
1303 3548 1397 3598 καὶ
1427 3549 1484 3598 ἐν
1511 3550 1576 3617 τῇ
1612 3548 1821 3615 Παλαιᾷ
1854 3549 2096 3616 γέγονεν,
2122 3552 2209 3603 ὅτε

623 3635 653 3685 6
683 3630 870 3701 Χαρμὶ
897 3629 958 3681 16
989 3628 1247 3696 ἀνάθημα
1277 3629 1479 3696 κλέψας
1514 3631 1684 3683 ἐάλω·
1717 3632 1830 3683 ἀλλ’
1857 3633 2006 3701 ὅμως
2041 3635 2209 3700 ἔγνως

627 3715 722 3766 καὶ
759 3715 874 3765 ἐκεῖ
916 3710 1033 3768 μεθ’
1074 3711 1205 3780 ὅσης
1253 3711 1494 3773 ἐκδικίας
1527 3713 1808 3783 διωρθώθη
1843 3715 1903 3767 τὸ
1954 3719 2206 3786 πρᾶγμα.

637 3794 934 3865 ’ἱεροσυλία
959 3794 1068 3863 γάρ
1093 3792 1295 3863 σφόδρα
1317 3794 1573 3862 χαλεπὸν,
1597 3797 1870 3865 ἀγαπητὴ
1891 3801 1983 3850 καὶ
2011 3799 2210 3868 πολλῆς

627 3880 794 3948 γέμον
824 3877 1307 3946 καταφρονήσεως.
1335 3876 1470 3929 Οὔτε
1503 3880 1750 3949 πωλῆσαι
1788 3882 2207 3953 ἠναγκάσαμεν,

628 3962 814 4030 φησὶν,
843 3958 964 4011 ούτε
999 3957 1325 4026 πωλήσαντα
1346 3960 1527 4014 δοῦναι
1553 3962 1620 4014 τά
1647 3965 1930 4034 χρήματα·
1969 3967 2033 4019 σὺ
2063 3967 2208 4020 εἵλου

625 4043 684 4109 ἐξ
721 4043 929 4104 οἰκείας
960 4041 1363 4112 προαιρέσεωςσ
1398 4045 1448 4094 τί
1487 4046 1665 4096 τοίνυν
1697 4046 1924 4115 ἔκλεψας
1965 4049 2072 4101 ἀπὸ
2100 4050 2209 4101 τῶν

628 4126 786 4196 ἱερῶν
834 4126 1166 4195 χρημάτων;
1201 4125 1302 4178 Διὰ
1343 4128 1399 4178 τί
1432 4129 1770 4194 ἐπλήρωσε,
1813 4132 1997 4201 φησὶν,
2027 4136 2058 4185 ό
2097 4137 2208 4186 Σα-

625 4209 811 4275 τανᾶς
841 4209 954 4276 τὴν
996 4206 1247 4275 καρδίαν
1281 4224 1432 4273 σου;
1473 4214 1580 4264 Καὶ
1627 4215 1674 4264 εί
1714 4215 1741 4265 6
1781 4215 2023 4277 Σατανᾶς
2055 4215 2210 4268 τοῦτο

627 4293 871 4361 ἐποίησε,
915 4290 966 4341 τί
1002 4291 1163 4352 αὐτὸς
1210 4292 1552 4358 ἐγκαλεῖται;
1604 4297 1783 4358 Αἴτιος
1820 4297 2006 4363 γέγονε
2056 4297 2210 4363 δεξά-

631 4386 789 4437 μενος
844 4369 1005 4420 αὑτοῦ
1049 4372 1146 4440 τὴν
1193 4375 1490 4443 ἐνέργειαν,
1549 4375 1641 4426 καὶ
1697 4375 2026 4444 πληρωθείς.
2073 4377 2208 4428 Ἀλλ’

628 4451 730 4503 ἔδει
761 4451 1069 4522 διορθῶσαι,
1096 4455 1277 4522 φησίν.
1317 4456 1452 4506 Ἀλλ’
1481 4457 1579 4508 ούκ
1609 4456 1673 4507 ἂν
1697 4457 1977 4528 διωρθώθη
2001 4475 2014 4488 ⁸
2047 4461 2074 4511 6
2103 4459 2208 4530 γὰρ

628 4535 852 4585 τοιαῦτα
879 4534 1019 4602 όρῶν
1045 4537 1136 4586 καὶ
1167 4537 1242 4605 μὴ
1275 4537 1560 4606 κερδάνας,
1597 4538 1774 4607 πολλῷ
1800 4541 1997 4608 μᾶλλον
2017 4544 2118 4593 ούκ
2143 4543 2208 4594 ἂν

626 4617 829 4684 ἑτέρως
872 4616 1179 4686 ἐκέρδανεν.
1213 4620 1325 4670 Οὐκ
1357 4619 1462 4669 ἔδει
1492 4620 1668 4673 τοίνυν
1700 4623 1883 4684 ἁπλῶς
1920 4624 2208 4693 παρελθεῖν

627 4699 688 4750 τὸ
726 4698 970 4766 γεγονὸς,
1005 4698 1119 4751 ἀλλ’
1152 4701 1228 4763 ὡς
1261 4701 1529 4770 σηπεδόνα
1568 4702 1690 4754 τινά
1728 4706 2092 4774 ἐκτμηθῆναι,
2127 4708 2209 4758 ἵνα

634 4780 709 4849 μή
744 4781 821 4850 τῷ
849 4781 1019 4850 λοιπῷ
1063 4782 1368 4853 λυμήνηται
1409 4784 1642 4853 σώματι.
1683 4786 1798 4838 Νῦν
1837 4788 1935 4856 μὲν
1973 4789 2080 4858 γὰρ
2117 4790 2210 4841 καὶ

628 4859 782 4924 οὗτος
805 4864 1079 4934 ὠφέληται
1114 4866 1185 4935 μὴ
1218 4866 1494 4936 προελθὼν
1525 4870 1835 4940 περαιτέρω
1869 4872 2086 4934 κακίας,
2117 4874 2209 4924 καὶ

630 4949 678 4996 of.
713 4945 886 4996 λοιποὶ
918 4946 1321 5018 σπουδαιότεροι
1352 4951 1664 5019 γενόμενοι·
1705 4954 1826 5006 τότε
1858 4954 1913 5006 δὲ
1951 4955 2019 5007 ἂν
2048 4957 2205 5007 τούν-

630 5028 812 5079 αντίον
839 5028 1055 5098 συνέϐη.
1096 5029 1191 5081 Διά
1225 5029 1381 5082 τοῦτο
1413 5035 1627 5100 πρῶτον
1677 5035 1904 5104 ἐλέγχει,
1936 5039 2027 5088 καὶ
2053 5048 2073 5074 ε
2109 5037 2210 5089 δεί-

629 5127 836 5174 κνυσιν,
868 5112 950 5162 ὅτι
996 5113 1096 5163 ούκ
1129 5111 1318 5164 ἔλαθεν
1366 5115 1526 5166 αὑτὸν
1567 5117 1625 5167 τὸ
1658 5119 1904 5184 γεγονὸς,
1942 5121 2036 5171 καὶ
2086 5121 2207 5172 τότε

631 5191 996 5256 καταδικάζει.
1033 5196 1134 5246 Διά
1167 5195 1223 5246 τί
1258 5195 1385 5266 γάρ,
1419 5199 1571 5265 φησὶ,
1609 5199 1783 5251 τοῦτο
1831 5204 2207 5268 πεποίηκας;

632 5275 818 5344 ῆθελες
843 5275 1016 5346 ἔχειν;
1057 5279 1200 5329 Ἔδει
1235 5279 1375 5348 ἔχειν
1417 5282 1472 5345 ἐξ
1509 5283 1701 5351 ἀρχῆς,
1745 5286 1838 5335 καὶ
1871 5287 1943 5354 μὴ
1977 5288 2206 5356 ὑποσχέ-

633 5357 781 5410 σθαιο
817 5359 910 5411 νῦν
941 5361 996 5412 δὲ
1028 5361 1208 5413 λαϐὼν
1246 5363 1380 5430 μετὰ
1413 5364 1471 5413 16
1503 5365 1817 5430 ἀναθέσθαι,
1852 5369 2075 5436 μείζονα
2108 5372 2208 5438 τὴν

636 5443 932 5512 ἱεροσυλίαν
968 5444 1227 5512 εἰργάσω.
1272 5447 1328 5496 '0
1361 5447 1459 5513 μὲν
1487 5448 1594 5515 γάρ
1625 5449 1690 5499 τά
1723 5451 1829 5501 τῶν
1865 5451 2038 5504 ἄλλων
2071 5453 2207 5520 λαμ-

631 5521 826 5586 ϐάνων,
859 5529 986 5588 ίσως
1021 5528 1312 5597 ἀλλοτρίων
1344 5529 1499 5580 ἐπιθυ
1509 5531 1685 5599 μήσας
1715 5533 1981 5601 λαμϐάνει
2005 5551 2016 5564 ’
2047 5538 2126 5587 σοι
2150 5537 2204 5588 δὲ

632 5605 757 5673 ἐξῆν
786 5606 927 5674 ἔχειν
953 5611 1018 5661 τὰ
1053 5610 1137 5662 σά.
1171 5611 1233 5662 Τί
1263 5612 1443 5663 τοίνυν
1479 5613 1740 5681 ἐποίησας
1767 5618 1907 5670 αύτά
1944 5619 2082 5687 ἱερά,
2114 5623 2206 5672 καὶ

630 5690 748 5739 τότε
797 5690 984 5752 ἔλαϐες
1012 5691 1074 5756 ά;
1128 5693 1259 5744 Ἀπὸ
1307 5696 1506 5764 πολλῆς
1554 5704 2009 5771 καταφρονήσεως
2051 5703 2208 5755 τοῦτο

695 5790 718 5816 ⁸
763 5792 855 5839 Ᾱῖίί
881 5794 952 5839 ὅτι
978 5793 1058 5852 μὲν
1092 5795 1171 5841 οὖν
1195 5796 1333 5852 ἦσαν.
1399 5798 1426 5836 b
1455 5799 1588 5846 linus
1612 5802 1717 5849 cod.
1753 5806 1831 5849 καὶ
1870 5807 1927 5851 δι’
1974 5809 2085 5853 ὅλου
2127 5808 2178 5852 οὗ

634 5865 722 5922 ξωέ
765 5854 860 5902 ἴδοι
885 5871 953 5922 τις
995 5856 1067 5911 ἀν,
1096 5859 1173 5902 καὶ
1209 5861 1283 5904 ἐπὶ
1316 5861 1409 5905 τῶν
1446 5866 1660 5909 παλαιῶν
1702 5868 1852 5918 οὕτως
1887 5870 1978 5914 ἱόοι
2025 5886 2094 5922 τις
2132 5872 2188 5914 ειν

638 5911 664 6018 ἓ
686 5911 804 5984 ἰ’τςε
828 5915 967 5982 quid.
993 5921 1180 5975 συνέϐη.
1219 5922 1444 5983 Δεύτερον
1479 5925 1656 5986 ἐλέγχει
1702 5928 1798 5975 καί.
1834 5906 1852 5918 Ἴ
1872 5927 1895 5965 d
1915 5906 2207 5995 ίιίλριιίξζζαξ

667 5987 712 6018 εί
733 5987 868 6018 αυτα.

667 5987 712 6026 ες
733 5987 868 6023 dum.

1361 379 1419 432 S.
1459 374 1744 433 JOANNIS
1779 356 2266 430 CHRYSOSTOMI
2308 364 2624 421 ARCIIIEP.
2667 360 3212 418 CONSTANTINUP.

3814 361 3923 415 H32

2329 484 2655 551 πεποίηκας.
2682 483 2794 534 Οὐκ
2823 481 2934 549 ἔχει
2967 480 3028 531 16
3056 479 3343 547 γενόμενον
3375 479 3730 550 συγγνώμην,
3759 478 3922 540 ἐκτός

2328 569 2475 617 ἐστιν
2505 564 2826 632 ἀπολογίας.

2393 655 2597 726 Μηδεὶς
2630 656 2688 707 δέ
2740 654 3199 717 σκανδαλιζέσθω,
3231 655 3283 707 εί
3311 671 3453 716 τινες
3486 654 3582 707 καὶ
3636 653 3734 706 νῦν
3780 653 3924 706 εἰσιν

2322 739 2610 808 ἱερόσυλοι.
2653 739 2715 790 El
2772 741 2880 808 γάρ
2918 741 3041 790 τότε
3082 733 3244 808 ἦσαν,
3312 737 3491 806 πολλῷ
3544 737 3750 807 μᾶλλον
3801 735 3921 798 νῦν,

2319 823 2406 876 ὅτε
2436 821 2607 874 πολλὰ
2631 820 2699 874 τά
2726 819 2890 873 κακά.
2931 821 3070 873 Ἀλλ’
3097 821 3406 889 ἐλέγχωμεν
3430 822 3629 884 αὐτοὺς
3657 821 3752 872 ἐπὶ
3784 820 3925 873 πάν-

2319 924 2448 970 των,
2482 907 2567 957 ἵνα
2593 906 2685 957 καὶ
2714 908 2761 957 οἱ
2789 904 2967 956 λοιποὶ
2995 903 3160 972 φόϐον
3190 903 3406 973 ἔχωσιν.
3444 904 3502 956 '0
3536 903 3740 967 Ἰούδας
3773 903 3923 973 ἱερό-

2322 989 2480 1052 συλος
2508 985 2605 1059 ἦν’
2638 989 2752 1041 ἀλλ’
2780 989 2879 1040 ούκ
2920 987 3271 1040 ἐσκανδάλισε
3298 986 3456 1040 τοῦτο
3481 987 3609 1049 τοὺς
3638 986 3919 1056 μαθητάς.

2329 1071 2513 1141 Ὁρᾷς,
2542 1071 2643 1124 ὅσα
2674 1071 2822 1124 κακά
2864 1072 2896 1139 ή
2934 1069 3041 1122 τῶν
3083 1070 3385 1140 χρημάτων
3430 1067 3704 1138 ἐπιθυμία
3743 1071 3920 1131 ποιεῖς

2319 1155 2428 1208 Καὶ
2476 1153 2736 1219 ἐγένετο,
2767 1154 2920 1222 φησὶ,
2950 1155 3135 1222 φόϐος
3160 1152 3350 1221 μέγας
3389 1151 3502 1225 [99]
3551 1152 3652 1206 ἐπὶ
3683 1151 3923 1218 πάντας

2319 1236 2462 1301 τοὺς
2508 1237 2846 1301 ἀκούοντας
2884 1236 3090 1289 ταῦτα.
3131 1236 3369 1298 Ἐκεῖνος
3423 1235 3744 1307 ἐτιμωρήθη
3771 1277 3784 1297 ,
3827 1236 3921 1288 καὶ

2319 1317 2470 1372 ἄλλοι
2499 1318 2815 1389 ἐκέρδαναν.
2845 1320 3010 1371 Ὥστε
3053 1317 3153 1388 οὐχ
3189 1317 3375 1380 ἁπλῶς
3405 1316 3564 1369 τοῦτο
3609 1319 3919 1388 οἰκονομεῖ-

2320 1420 2444 1456 ται’
2480 1402 2657 1456 καίτοι
2694 1402 2750 1455 δέ
2786 1403 3027 1471 σημείων
3061 1401 3237 1454 ἄλλων
3271 1401 3537 1470 πρότερον
3582 1401 3918 1471 γενομένων,

2319 1487 2470 1554 ὅμως
2511 1487 2610 1539 οὐκ
2659 1481 2727 1556 ῆν
2773 1487 2937 1553 φόϐος
2989 1484 3250 1547 τοιοῦτος.
3285 1485 3471 1547 Οῦτως
3517 1483 3720 1555 ἀληθές
3771 1487 3922 1537 ἐστιν

2318 1569 2513 1631 ἐκεῖνο,
2539 1570 2621 1620 ὅτι
2659 1567 2989 1620 Γινώσκεται
3027 1567 3232 1637 Κύριος
3263 1566 3508 1636 κρίματα
3539 1567 3731 1620 ποιῶν.
3761 1567 3922 1619 Οὕτω

2318 1654 2414 1704 καὶ
2450 1652 2541 1704 ἐπὶ
2567 1654 2664 1722 τῆς
2693 1651 2930 1704 κιϐωτοῦ
2957 1650 3208 1718 γέγονεν’
3243 1648 3404 1709 Ὀζῖἱν
3433 1650 3791 1718 ἐτιμωρήθη,
3819 1651 3918 1703 καί

2324 1736 2563 1803 ἐγένετο
2595 1735 2721 1802 τοῖς
2772 1735 2988 1800 ἄλλοις
3040 1735 3243 1803 φόϐος.
3287 1732 3429 1785 Ἀλλ’
3456 1735 3574 1786 ἐκεῖ
3608 1734 3706 1803 μὲν
3739 1733 3920 1800 φοϐη-

2322 1821 2436 1882 θεὶς
2472 1821 2501 1872 6
2543 1819 2796 1889 βασιλεὺς
2840 1816 3102 1871 ἀπώσατο
3144 1819 3240 1888 τὴν
3274 1816 3541 1870 κιϐωτόνο
3576 1816 3813 1871 ἐνταῦθα
3861 1817 3921 1869 δέ

2315 1898 2460 1955 οῦτοι
2498 1902 2698 1972 μᾶλλον
2727 1900 3225 1971 προσεκτικώτεροι
3276 1901 3539 1967 γίνονται.
3585 1895 3762 1964 Εἶδες,
3798 1899 3919 1962 πῶς

2315 1985 2417 2036 οὐκ
2461 1984 2690 2037 ἐκάλεσε
2725 1981 2892 2035 αὑτὸν
2934 1984 2962 2034 6
2997 1984 3236 2055 Πέτρος,
3273 1983 3387 2035 ἀλλ’
3439 1983 3726 2053 ἀνέμεινεν
3770 1981 3917 2034 ὥστε

2314 2066 2610 2120 εἰσελθεῖν·
2640 2066 2763 2120 ούδέ
2795 2066 2902 2119 τῶν
2938 2066 3114 2120 ἀλλων
3139 2084 3224 2130 τις
3253 2066 3555 2137 ἐτόλμησεν
3586 2066 3827 2132 ἐξειπεῖν
3859 2065 3923 2118 16

2317 2152 2562 2218 γεγονός.
2632 2151 2809 2204 Τοῦτο
2893 2151 3057 2218 φόϐος
3107 2150 3468 2215 διδασκάλου,
3540 2149 3699 2203 τοῦτο
3779 2151 3920 2221 τιμὴ

2320 2233 2604 2304 μαθητῶν,
2646 2233 2804 2286 τοῦτο
2855 2234 3092 2304 ὑπακοή.
3145 2233 3326 2301 Τριῶν
3368 2231 3535 2301 ὡρῶν
3587 2231 3918 2300 διάστημα.

2317 2318 2429 2370 Καὶ
2457 2316 2557 2369 οὐκ
2591 2316 2789 2387 ἔμαθεν
2821 2318 2854 2386 ή
2883 2318 3044 2386 γυνὴ,
3076 2316 3197 2370 οὐδέ
3227 2315 3409 2382 ἐξεῖπέ
3449 2333 3533 2378 τις
3570 2315 3680 2367 τῶν
3712 2317 3922 2385 παρόν-

2315 2414 2445 2460 των,
2483 2399 2658 2451 καίτοι
2701 2415 2763 2465 γε
2797 2400 2980 2451 ἱκανὸν
3005 2395 3073 2468 ἦν
3100 2398 3422 2469 ἐξηχθῆναιο
3458 2398 3573 2450 ἀλλ’
3597 2397 3917 2466 ἐφοϐοῦντο.

2316 2480 2488 2532 Τοῦτο
2523 2481 2652 2548 γοῦν
2691 2481 2785 2533 καὶ
2830 2481 3125 2550 θαυμάζων
3163 2482 3192 2531 6
3229 2482 3582 2552 συγγραφεὺς
3620 2479 3795 2548 λέγει,
3834 2482 3922 2534 ὅτι

2315 2562 2412 2628 Μὴ
2451 2564 2643 2616 εἰδυῖα
2692 2564 2759 2615 τὸ
2803 2565 3072 2632 γεγονὸς,
3119 2565 3390 2632 εἰσῆλθε.
3439 2563 3638 2616 Καίτοι
3686 2581 3752 2632 γε
3805 2565 3923 2617 ἀπὸ

2315 2645 2506 2698 τούτου
2541 2647 2670 2716 ἐνῆν
2712 2647 2924 2716 μαθεῖν,
2955 2650 3039 2700 ὅτι
3078 2645 3185 2700 οἶδε
3224 2647 3294 2700 τά
3335 2644 3688 2700 λανθάνοντα.
3728 2646 3831 2699 Διά
3865 2647 3920 2700 τί

2315 2728 2426 2797 γὰρ
2463 2730 2667 2798 μηδένα
2706 2731 3015 2800 ἐρωτήσας,
3067 2725 3210 2800 ὑμᾶς
3246 2731 3459 2801 ἐρωτᾷ;
3494 2730 3567 2781 ’Ἡ
3617 2729 3797 2799 δῆλον,
3835 2731 3920 2784 ὅτι

2313 2811 2388 2873 ὡς
2420 2812 2611 2876 είδώς;
2649 2812 2789 2864 Ἀλλ’
2825 2816 2859 2881 ἡ
2895 2812 3065 2882 πολλὴ
3097 2811 3355 2883 πώρωσις
3385 2812 3485 2864 οὐκ
3517 2812 3700 2864 εἴασεν
3744 2812 3920 2884 αὐτὴν

2312 2893 2374 2946 16
2418 2893 2672 2966 ἔγκλημα
2719 2895 3133 2958 ἀποδύσασθαι,
3187 2895 3322 2948 ἀλλά
3375 2893 3515 2965 μετά
3568 2895 3863 2958 αὐθαδείας
3894 2910 3917 2935 ο

2308 2978 2511 3048 πολλῆς
2569 2979 2966 3049 ἀποκρίνεται·
3020 2977 3239 3047 ἐνόμιζε
3278 2977 3384 3048 γάρ
3433 2977 3572 3047 πρὸς
3621 2978 3919 3047 ἄνθρωπον

2310 3065 2675 3133 διαλέγεσθαι.
2705 3066 2778 3117 T6
2811 3065 2984 3118 δεινὸν
3012 3063 3191 3130 τοῦτο,
3217 3065 3298 3116 ὅτι
3331 3063 3406 3126 ὡς
3451 3066 3515 3117 ἐκ
3553 3066 3684 3134 μιᾶς
3717 3065 3919 3136 βουλῆς

2310 3151 2405 3202 ἐπὶ
2451 3150 2550 3219 τὴν
2593 3149 2869 3220 ἁμαρτίαν
2919 3145 3104 3219 ἦλθον,
3156 3147 3414 3217 ἢῶσπερ
3468 3147 3578 3201 ἀπὸ
3632 3149 3917 3219 συνθήκης

2311 3233 2473 3295 τινός.
2514 3234 2574 3286 Τί
2628 3233 2715 3286 ὅτι
2766 3232 3167 3300 συνεφωνήθη
3207 3230 3369 3297 ὑμῖν,
3411 3233 3581 3299 φησὶ,
3630 3231 3915 3300 πειρᾶσαι

2311 3316 2380 3366 τὸ
2416 3316 2660 3382 Πνεῦμα
2694 3316 2759 3368 τὸ
2795 3315 3003 3383 ἄγιονς
3047 3313 3192 3366 Ἰδοὺ
3229 3317 3283 3365 οἱ
3314 3313 3497 3378 πόδες
3527 3313 3650 3365 τῶν
3679 3315 3917 3381 θαψάν-

2317 3414 2436 3450 των
2485 3399 2593 3450 τὸν
2641 3399 2831 3464 ἄνδρα
2888 3413 3005 3449 σου
3055 3394 3154 3447 ἐπὶ
3209 3395 3326 3461 τὴν
3368 3397 3576 3462 θύραν,
3614 3398 3711 3449 καὶ
3756 3399 3916 3463 ἐξοί-

2311 3481 2497 3532 σουσι
2535 3494 2626 3532 σε.
2661 3481 2929 3550 Πρότερον
2962 3479 3131 3548 αὐτὴν
3169 3477 3408 3530 διδάσκει
3438 3478 3497 3530 τὸ
3529 3477 3546 3515 τ
3581 3480 3913 3550 ἁμάρτημα,

2313 3563 2406 3614 καὶ
2442 3563 2562 3615 τότε
2595 3564 2888 3625 δείκνυσιν,
2916 3564 2997 3615 ὅτι
3031 3561 3256 3623 δικαίως
3285 3562 3350 3614 τά
3377 3561 3516 3613 αὐτὰ
3549 3561 3806 3617 πείσεται
3835 3565 3915 3633 τῷ

2311 3645 2496 3714 ἀνδρί·
2527 3645 2714 3714 ἐπειδὴ
2747 3647 2840 3697 καὶ.
2879 3645 2947 3697 τά
2991 3645 3130 3698 αύτά
3159 3646 3395 3715 ἥμαρτε.
3430 3647 3537 3697 Καὶ
3574 3646 3714 3709 πῶς,
3750 3649 3911 3718 φησὶ,

2310 3728 2679 3796 Παραχρῆμα
2715 3728 2897 3781 ἔπεσε
2947 3731 3106 3796 παρὰ
3141 3718 3285 3793 τοὺς
3318 3729 3508 3793 πόδας
3554 3731 3771 3795 αὐτοῦ,
3811 3734 3911 3785 καὶ

2309 3811 2642 3877 ἐξέψυξεν;
2668 3811 2791 3863 Ὅτι
2824 3811 3048 3880 πλησίον
3077 3814 3339 3882 εἱστήκει.
3369 3811 3554 3874 υῦτως
3586 3813 3742 3864 αὐτοὶ
3787 3815 3911 3867 καθ’

2310 3894 2521 3947 ἐαυτῶν
2555 3895 2652 3962 τὴν
2686 3895 2953 3965 τιμωρίαν
3002 3897 3401 3948 ἐπεσπάσαντο.
3446 3896 3540 3959 Τίς
3585 3895 3776 3950 λοιπὸν
3809 3901 3911 3953 οὐκ

2314 3976 2379 4029 ἂν
2412 3976 2724 4046 ἐξεπλάγης
2768 3977 2852 4038 τίς
2896 3978 2995 4029 οὐκ
3027 3975 3092 4029 ἂν
3124 3977 3293 4029 ἔδεισε
3330 3978 3420 4029 τὸν
3452 3979 3792 4046 ἀπόστολον;
3825 3984 3910 4044 τίς

2310 4060 2408 4110 οὐκ
2433 4059 2497 4111 ἂν
2537 4059 2814 4127 ἐθαύμασέ
2841 4076 2854 4123 ;
2883 4059 2991 4111 Καὶ
3028 4054 3190 4126 ἦσαν
3229 4062 3254 4099 ε
3286 4061 3682 4128 ὀμοθιζμαδιέν,
3715 4065 3905 4133 φησὶν,

2312 4141 2577 4204 ἅπαντες
2607 4142 2675 4192 ἐν
2713 4140 2786 4208 τῇ
2826 4142 2977 4208 στοᾷ
3011 4142 3415 4210 Σολομῶντος.
3453 4145 3546 4197 Ἐκ
3584 4145 3776 4198 τούτου
3811 4148 3905 4216 δῆ-

2311 4223 2422 4288 λον,
2471 4227 2551 4275 ὅτι
2601 4225 2701 4275 οὐκ
2735 4227 2790 4275 ἐν
2823 4226 2989 4291 οἰκίᾳ,
3021 4225 3157 4276 ἀλλὰ
3209 4225 3268 4275 16
3307 4227 3449 4296 ἱερὸν
3499 4227 3904 4292 καταλαϐόντες

2311 4309 2427 4358 ἐκεῖ
2455 4305 2719 4375 διέτριϐον
2743 4323 2756 4336 ’
2788 4305 2907 4358 οὔτε
2945 4307 3047 4375 μὴν
3077 4306 3259 4358 λοιπὸν
3282 4310 3604 4378 ἀκαθάρτων
3628 4311 3903 4365 ᾶπτεσθαι

2311 4388 2699 4456 ἐφυλάττοντο,
2732 4386 2843 4439 ἀλλ’
2873 4389 3057 4450 ἁπλῶς
3093 4390 3326 4458 ἣπτοντο
3374 4391 3481 4442 τῶν
3526 4392 3756 4462 νεκρῶν.
3790 4396 3904 4447 Καὶ

2311 4472 2445 4540 ὅρα,
2489 4472 2606 4534 πῶς
2643 4473 2700 4522 ἐν
2744 4471 2841 4539 μὲν
2887 4475 2997 4534 τοῖς
3045 4475 3268 4535 οἰκείοις
3318 4477 3423 4526 εἰσὶ
3471 4476 3710 4545 σφοδροὶ,
3748 4479 3809 4531 ἐν
3841 4479 3900 4531 δὲ

2311 4558 2420 4617 τοῖς
2472 4554 2775 4624 ἀλλοτρίοις
2811 4555 2870 4605 ού
2916 4555 3210 4625 κέχρηνται
3252 4559 3315 4626 τῇ
3359 4557 3606 4625 δυνάμει.
3641 4557 3904 4614 Μᾶλλον

2311 4639 2408 4703 δὲ,
2446 4641 2612 4708 φησὶ,
2661 4639 3083 4704 προσετίθεντο
3140 4641 3526 4695 πιστεύοντες
3570 4640 3648 4705 τῷ
3700 4645 3904 4710 Κυρίῳ

2311 4722 2512 4789 πλήθη
2541 4720 2776 4788 ἀνδρῶν
2810 4739 2873 4773 τε
2900 4724 2996 4774 καὶ
3043 4721 3369 4790 γυναικῶν·
3399 4722 3555 4776 ὥστε
3594 4727 3742 4779 κατὰ
3788 4727 3901 4795 τὰς

2311 4807 2598 4868 πλατείας
2635 4803 2855 4857 τιθέναι
2900 4805 3042 4869 τοὺς
3077 4805 3353 4871 ἀσθενεῖς
3377 4807 3475 4858 ἐπὶ
3525 4807 3750 4861 κλινῶν
3795 4814 3897 4865 καὶ

2311 4887 2667 4954 κραόϐάτων,
2720 4888 2818 4939 ἵνα
2870 4888 3194 4955 ἐρχομένου
3247 4890 3468 4957 Πέτρου
3498 4892 3614 4944 κᾶν
3665 4893 3703 4961 ἠ
3746 4898 3900 4949 σκιὰ

2308 4974 2635 5041 ἐπισκιάσῃ
2670 4992 2722 5026 τι
2731 4975 2790 5026 νὶ
2820 4975 3013 5027 αὐτῶν
3026 5016 3038 5028 .

2381 5065 2446 5124 γ’.
2470 5058 2642 5126 Πολλὴ
2670 5057 2778 5108 τῶν
2823 5060 3155 5126 προσιόντων
3205 5063 3236 5131 ἠ
3269 5062 3466 5130 πίστις,
3499 5064 3592 5117 καὶ
3621 5065 3825 5134 μείζων
3860 5071 3894 5140 ἢ

2311 5143 2404 5193 ἐπὶ
2429 5142 2520 5194 τοῦ
2550 5140 2810 5210 Χριστοῦ.
2855 5140 3025 5193 Πόθεν
3055 5143 3116 5213 δὴ
3139 5145 3296 5198 τοῦτο
3325 5147 3579 5214 γέγονεν;
3609 5151 3740 5202 Ἀπὸ
3797 5153 3894 5204 τοῦ

2308 5224 2398 5275 τὺν
2421 5225 2653 5293 Χριστὸν
2674 5223 3053 5294 ἀποφήνασθαι
3087 5229 3179 5280 καὶ
3236 5231 3430 5281 εἰπεῖν·
3486 5231 3548 5284 '0
3587 5236 3896 5287 πιστεύων

2308 5309 2392 5370 εις
2423 5308 2548 5374 ἐμὲ,
2570 5308 2641 5360 τὰ
2657 5308 2821 5373 ἔργα,
2845 5305 2881 5358 ἃ
2900 5307 3013 5374 ἐγὼ
3047 5311 3208 5376 ποιῶ,
3243 5312 3500 5378 ποιήσει,
3534 5317 3629 5368 καὶ
3647 5316 3895 5383 μείζονα

2309 5391 2562 5454 ποιήσει,
2593 5391 2876 5442 Μενόντων
2889 5392 2994 5460 γὰρ
3014 5393 3190 5446 αὐτῶν
3206 5397 3322 5447 ἐκεῖ
3348 5400 3439 5448 καὶ
3456 5399 3516 5450 ού
3548 5395 3889 5468 περιιόντων,

2309 5471 2499 5540 ἔφερον
2542 5473 2740 5533 πάντες
2794 5473 2883 5524 ἐπὶ
2923 5475 3028 5526 τῶν
3082 5478 3276 5529 κλινῶν
3316 5482 3406 5532 καὶ
3447 5481 3769 5551 κραϐϐἀτων
3795 5484 3891 5548 οὓς

2308 5549 2450 5621 εἶχον
2509 5555 2774 5619 ἀσθενεῖς,
2821 5557 2912 5609 καὶ
2960 5560 3224 5613 πάντοθεν
3277 5549 3784 5636 αὐτοῖςήσυνὴγετο
3827 5571 3886 5622 1'0

2309 5644 2509 5713 θαῦμα.
2536 5646 2641 5697 ἀπὸ
2667 5646 2773 5698 τῶν
2803 5653 3228 5716 πιστευσάντων,
3254 5655 3360 5707 ἀπὸ
3395 5658 3500 5710 τῶν
3525 5658 3892 5727 θεραπευθέν-

2379 5878 2398 5902 ε
2425 5869 2520 5916 Alii
2546 5869 2826 5928 παρρησίας.

2380 5930 2396 5966 ῐ
2539 5931 2764 6005 πρότερον
2785 5931 2928 6005 αὐτῆς
2952 5933 3158 5980 παιδεύει
3178 5934 3250 5983 τό.
3319 5937 3344 5976 ⁸
3381 5937 3479 5987 Alii
3514 5939 3751 6000 ἐθαύμασε
3772 5957 3787 6005 ;
3810 5947 3887 6000 Τίς

2313 5993 2401 6040 οὐκ
2424 5995 2478 6038 ἀν
2503 5992 2737 6052 ἐφοϐηθιπ
2783 5995 2875 6040 Καὶ
2899 5992 3041 6052 ἦσαν.
