4068 6430
203 390 290 440 ιω
1309 377 1373 431 ΙΝ
1414 373 1592 431 ACTA
1636 369 1785 427 ΑΡΟΕ

1896 367 2163 424 ιιοιιωι.
2204 365 2437 423 ΠΟΜΞΙ..
2482 368 2596 424 Xll.

193 503 363 556 modo.
392 531 462 540 —-
491 498 573 569 Tu
602 511 734 553 vero
761 496 892 552 mihi
921 492 1227 559 considera,
1255 489 1530 562 quomodo
1564 495 1672 542 tota
1700 485 1809 539 vita

192 593 300 647 illis
323 607 391 647 ex
421 589 711 647 contrariis
742 597 1085 643 contexatur.
1111 583 1312 638 Mmror
1344 581 1551 651 primus
1578 577 1679 632 fuit
1707 591 1799 630 as-

189 683 432 754 sumptio
475 679 717 745 Christi;
749 677 946 734 deinde
982 676 1169 731 laetitia
1202 689 1297 745 per
1323 671 1555 742 Spiritus
1580 669 1811 724 descen-

188 789 312 829 sum
339 791 356 840 ;
390 788 578 828 rursus
621 785 826 828 matror
851 770 922 825 ob
952 770 1207 824 irrisores
1251 785 1264 821 :
1293 764 1490 821 deinde
1521 762 1702 818 laetitia
1742 775 1809 815 ex

190 867 446 923 ﬁdelibus
470 875 525 921 et
548 881 615 921 ex
639 867 826 934 signo;
867 861 1062 918 iterum
1087 873 1310 924 mceror,
1333 856 1476 928 quod
1497 854 1809 926 apprehen-

189 960 493 1024 derentur;
523 958 650 1013 hinc
675 957 858 1012 latitia
900 971 1000 1026 per
1040 953 1340 1025 apologiam
1370 965 1546 1006 suam.
1574 949 1808 1004 Rursum

189 1050 281 1106 hic
323 1049 509 1106 laetitia
539 1060 594 1104 et
631 1063 855 1105 maeror.
884 1047 1018 1102 Nam
1056 1045 1200 1117 quod
1227 1041 1500 1113 conspicui
1546 1049 1730 1096 essent
1754 1047 1811 1094 et

191 1143 290 1200 Dei
320 1142 744 1199 revelationibus
768 1141 1102 1205 fruerentur,
1129 1138 1313 1194 laetitia
1331 1147 1449 1194 erat
1473 1153 1487 1203 ;
1516 1135 1658 1206 quod
1677 1149 1808 1189 vero

189 1236 355 1291 etiam
397 1247 526 1289 suos
587 1233 936 1298 occiderent,
983 1230 1261 1287 maestitia.
1297 1229 1498 1284 lterum
1527 1227 1711 1283 lretitia
1737 1243 1806 1282 ex

187 1325 503 1395 splendore,
537 1324 845 1394 iterumque
870 1337 1075 1378 mceror
1100 1337 1130 1377 a
1161 1321 1407 1392 principe
1431 1318 1799 1374 sacerdotum.

189 1415 262 1472 Et
285 1416 386 1471 hoc
397 1416 599 1486 ubique
624 1412 1020 1469 considerando
1039 1413 1221 1468 videre
1240 1424 1561 1481 possumus:
1583 1409 1633 1464 id
1658 1408 1805 1478 quod

187 1509 353 1564 etiam
375 1507 516 1579 apud
543 1516 756 1563 veteres
785 1507 1026 1563 invenire
1047 1513 1148 1561 est.
1177 1502 1376 1560 Verum
1394 1503 1506 1573 jam
1536 1516 1698 1572 supra
1723 1501 1806 1556 di-

186 1613 274 1658 cta
305 1613 636 1672 repetamus.
678 1597 995 1666 Vendebant,
1023 1597 1216 1668 inquit,
1246 1595 1589 1664 ctu/ferebant
1615 1596 1800 1667 pretia,

185 1706 234 1750 et
280 1696 537 1764 ponebant
583 1702 702 1748 ante
743 1693 897 1762 pedes
945 1691 1318 1761 apostolorum.
1376 1689 1531 1755 Vide,
1581 1688 1799 1756 dilecte,

183 1786 459 1858 quomodo
502 1797 610 1839 non
657 1785 1035 1855 permitterent
1082 1782 1359 1852 apostolos
1403 1780 1673 1845 vendere;
1705 1781 1800 1836 sed

184 1877 288 1947 ipsi
317 1875 635 1942 venderent,
667 1884 723 1931 et
748 1875 858 1930 illis
878 1874 1050 1944 pretia
1075 1872 1288 1929 darent.
1313 1875 1385 1928 At
1413 1888 1518 1927 non
1547 1873 1626 1927 sic
1649 1875 1799 1929 Ana-

183 1970 338 2030 nias;
381 1968 476 2023 sed
517 1966 790 2023 subtrahit
837 1965 1039 2037 aliquid
1088 1965 1157 2021 de
1205 1965 1378 2035 pretio
1436 1967 1591 2035 agri,
1636 1980 1797 2035 quem

181 2059 534 2126 vendiderat;
589 2059 819 2129 ideoque
867 2059 1108 2129 punitur,
1165 2065 1351 2126 utpote
1395 2057 1486 2126 qui
1529 2071 1643 2112 rem
1690 2071 1797 2111 non

179 2154 324 2209 bene
348 2161 579 2224 gereret,
607 2161 663 2208 et
684 2167 780 2207 sua
808 2151 975 2206 furari
1003 2149 1528 2221 deprehenderetur.
1553 2150 1652 2205 Hic
1668 2164 1797 2220 per-

177 2247 528 2318 stringuntur
550 2245 898 2312 sacerdotes,
926 2253 982 2300 et
1008 2244 1227 2316 quidem
1260 2245 1631 2300 vehementer.
1660 2245 1793 2312 Quia

179 2353 320 2394 vero
361 2353 498 2392 uxor
524 2337 643 2407 ejus
667 2337 746 2392 rei
791 2336 1008 2393 conscia
1041 2344 1196 2403 erat;
1243 2336 1367 2392 ideo
1403 2336 1548 2391 illam
1578 2353 1796 2409 quoque

177 2432 476 2489 examinat.

248 2524 307 2577 2.
341 2525 410 2578 At
453 2523 660 2579 dixerit
684 2523 921 2580 fortasse
945 2523 1216 2594 quispiam
1241 2564 1257 2589 ,
1290 2522 1638 2578 acerbissime
1666 2538 1790 2579 cum

173 2617 266 2672 illa
290 2627 469 2672 actum
496 2632 638 2672 esse.
663 2615 1223 2688 Quid,quteso,dicis?
1251 2632 1371 2687 qua:
1396 2617 1663 2673 acerbitas
1690 2617 1791 2674 ‘lSi

171 2710 242 2776 is,
273 2709 364 2780 qui
396 2707 536 2779 ligna
565 2707 784 2779 collegit
805 2707 860 2762 in
890 2706 1138 2773 sabbato,
1173 2707 1442 2779 lapidatur
1473 2707 1666 2777 (Nunt.
1697 2709 1786 2766 15.

170 2802 314 2872 35),
352 2801 524 2856 multo
553 2802 723 2872 magis
750 2802 842 2871 qui
867 2815 1021 2856 sacra
1045 2801 1232 2871 diripit
1262 2820 1274 2855 :
1308 2803 1510 2857 etenim
1545 2804 1788 2873 pecunia;

170 2895 280 2950 illa:
306 2896 418 2964 jam
448 2909 620 2950 sacrm
660 2903 834 2950 erant.
875 2895 1062 2964 Itaque
1103 2895 1192 2965 qui
1223 2895 1394 2950 voluit
1419 2910 1516 2950 sua
1547 2898 1788 2954 vendere

168 2996 226 3041 et
249 2985 386 3040 dare
409 3026 426 3052 ,
451 2984 756 3057 deindeque
793 2986 1054 3056 subripit,
1090 2986 1383 3057 sacrilegus
1411 2998 1560 3043 certe
1602 2989 1782 3045 fuerit.

167 3075 231 3133 Si
263 3092 398 3132 vero
422 3077 488 3142 is,
522 3077 614 3147 qui
645 3092 709 3131 ex
736 3078 847 3132 suis
872 3077 1126 3146 subripit,
1156 3078 1450 3147 sacrilegus
1478 3087 1584 3147 est,
1617 3079 1785 3138 multo

166 3170 344 3240 magis
370 3170 416 3224 is
441 3211 456 3236 ,
490 3170 581 3240 qui
623 3184 689 3225 ex
719 3171 935 3226 alienis.
975 3170 1053 3225 Ne
1087 3172 1285 3240 putetis
1314 3172 1461 3226 enim
1482 3213 1496 3237 ,
1523 3173 1646 3243 quia
1674 3175 1783 3244 jam

166 3275 276 3315 non
324 3260 394 3314 ita
435 3261 519 3327 ﬁt,
568 3276 668 3316 nec
713 3263 894 3316 statim
940 3263 1186 3334 sequitur
1226 3263 1376 3332 ultio,
1410 3263 1527 3321 bmc
1567 3267 1784 3336 impune

163 3353 302 3409 fore.
328 3353 522 3408 Viden’
554 3353 656 3409 hoc
709 3355 762 3410 in
806 3355 1012 3410 crimen
1061 3357 1280 3424 vocari,
1311 3356 1453 3426 quod
1494 3374 1616 3434 cum
1663 3359 1782 3415 illas

165 3448 430 3517 pecunias
471 3462 656 3503 sacras
684 3449 902 3505 fecisset
926 3493 940 3514 ,
973 3449 1041 3505 de
1074 3451 1178 3505 illis
1204 3450 1511 3522 subripiat?
1542 3454 1737 3509 Annon
1763 3496 1778 3520 ,

165 3537 372 3607 inquit,
408 3546 626 3606 poteras
667 3539 772 3594 illis
819 3539 1082 3606 venditis,
1118 3549 1176 3595 ut
1221 3544 1454 3611 propriis
1484 3544 1607 3598 uzi?
1653 3561 1779 3599 num

164 3629 470 3698 prohibitus
511 3632 615 3684 es?
656 3646 754 3685 cur
798 3633 1056 3703 subripis,
1106 3644 1392 3704 postquam
1443 3638 1782 3705 promisisti?

165 3719 322 3787 Vide,
351 3721 627 3791 quomodo
656 3723 839 3777 statim
869 3739 900 3778 a
930 3724 1196 3794 principio
1224 3740 1345 3780 sese
1375 3726 1632 3781 immittat
1660 3728 1778 3782 dia-

162 3812 323 3868 bolus
368 3813 513 3868 inter
556 3814 709 3884 signa
739 3823 794 3869 ct
823 3815 1084 3870 miracula
1128 3824 1316 3880 tanta;
1349 3817 1458 3872 imo
1504 3819 1779 3888 quomodo

162 3904 251 3962 hic
274 3905 346 3962 ab
378 3905 473 3961 illo
501 3916 806 3962 excrcatus
846 3909 935 3962 sit.
966 3906 1099 3963 Tale
1123 3907 1403 3978 quidpiam
1441 3918 1499 3965 et
1526 3909 1579 3965 in
1610 3914 1775 3965 veteri

162 3999 279 4068 lege
312 3999 511 4052 factum
541 4007 664 4062 est,
712 3999 928 4069 quando
969 3997 1192 4054 Charmi
1232 4001 1519 4054 anathema
1571 4001 1777 4057 furatus

159 4089 537 4161 deprehensus
566 4099 650 4145 est
678 4109 690 4146 :
724 4099 961 4146 attamen
993 4091 1157 4158 nosti,
1197 4101 1396 4162 quanta
1429 4093 1564 4147 ultio
1595 4095 1663 4149 de
1687 4095 1770 4148 la-

158 4184 348 4237 cinore
393 4193 608 4251 sumpta
638 4183 708 4236 sit
737 4182 890 4253 (los.
923 4183 978 4237 7.
1003 4183 1062 4238 2.
1108 4192 1154 4238 et
1183 4183 1275 4239 20.
1315 4184 1447 4255 22).
1482 4185 1773 4242 Sacrorum

159 4274 305 4328 enim
327 4273 586 4343 expilatio
613 4274 906 4329 admodum
937 4274 1113 4344 gravis
1140 4285 1244 4343 est,
1264 4274 1482 4345 dilecte,
1507 4288 1559 4332 et
1576 4294 1774 4350 magno

157 4375 473 4435 contemptu
520 4364 702 4436 plena.
738 4365 923 4436 Neque
959 4367 1197 4423 vendere
1228 4368 1541 4438 coegimus,
1577 4370 1770 4442 inquit,

157 4472 337 4527 neque
366 4458 624 4527 pecunias
655 4473 721 4514 ex
754 4459 988 4514 venditis
1025 4471 1277 4531 acceptas
1316 4461 1445 4518 dare
1477 4481 1490 4516 :
1521 4473 1575 4518 tu
1625 4464 1677 4518 id
1705 4483 1773 4520 ex

155 4549 441 4619 pr0posito
493 4559 583 4604 tuo
632 4549 807 4605 fecisti
863 4569 876 4606 :
930 4566 1028 4606 cur
1072 4567 1203 4623 ergo
1256 4568 1324 4608 ex
1374 4555 1545 4610 sacris
1604 4571 1768 4626 pecu-

154 4641 263 4696 niis
317 4639 526 4695 l‘uratus
576 4642 676 4698 es?
727 4642 830 4697 Cur
871 4643 1098 4713 implevit
1128 4685 1145 4713 ,
1195 4646 1386 4715 inquit,
1439 4658 1650 4702 satanas
1684 4668 1773 4704 cor

155 4734 342 4790 tuum?
381 4734 447 4788 Et
488 4734 534 4788 si
582 4746 798 4789 satanas
846 4736 948 4793 hoc
988 4737 1134 4803 fecit,
1182 4753 1281 4793 cur
1316 4739 1388 4792 illi
1438 4739 1771 4810 imputatur?

154 4829 212 4885 ln
253 4843 418 4885 causa
465 4837 569 4895 est,
615 4831 737 4900 quia
767 4830 886 4900 ejus
927 4834 1297 4901 Operationem
1341 4835 1570 4904 accepit,
1600 4836 1770 4892 ctilla

155 4921 416 4992 impletus
483 4929 588 4976 est.
648 4926 719 4975 At
772 4923 1098 4992 oportebat,
1155 4924 1406 4993 inquies,
1471 4926 1766 4996 corrigere.

154 5013 266 5069 Sed
324 5026 433 5067 non
486 5020 760 5068 correctus
802 5014 1029 5079 luisset;
1077 5029 1201 5067 nam
1241 5017 1334 5083 qui
1371 5015 1494 5068 talia
1535 5017 1766 5084 viderat,

153 5105 476 5176 nullumque
521 5105 647 5159 inde
689 5106 899 5160 lucrum
954 5106 1177 5174 tulerat,
1208 5108 1379 5162 multo
1410 5110 1589 5163 minus
1618 5121 1770 5178 pote-

151 5209 240 5253 rat
271 5199 381 5252 alio
421 5197 586 5252 modo
630 5197 840 5253 lucrum
882 5198 1152 5268 accipere.
1194 5199 1311 5254 Non
1358 5204 1600 5271 oportuit
1640 5219 1770 5273 ergo

153 5305 271 5346 rem
327 5289 781 5358 praetemiittere;
840 5290 936 5345 sed
991 5289 1145 5360 quasi
1206 5293 1412 5345 saniem
1478 5294 1768 5363 quamdam

151 5381 428 5449 exscindi,
447 5397 515 5436 ne
539 5382 805 5452 reliquum
835 5395 1036 5452 corpus
1072 5382 1333 5438 inliceret.
1368 5385 1522 5440 Nunc
1547 5388 1691 5441 enim
1718 5397 1772 5442 et

155 5476 246 5529 hic
276 5473 566 5529 utilitatem
597 5474 833 5542 accipit,
866 5489 936 5529 ne
961 5474 1191 5530 ulterius
1230 5476 1282 5529 in
1319 5467 1520 5532 malitia
1551 5492 1769 5548 progre-

155 5566 370 5632 diatur,
430 5573 486 5621 et
527 5565 617 5618 alii
659 5567 828 5635 magis
875 5566 1102 5620 studiosi
1144 5566 1444 5622 redduntur
1482 5586 1495 5622 :
1529 5571 1767 5640 alioquin

159 5666 338 5712 autem
359 5657 693 5712 contrarium
724 5656 1028 5712 accidisset.
1054 5657 1182 5712 Ideo
1210 5659 1440 5728 primum
1471 5661 1766 5731 redarguit,

156 5759 214 5803 et
253 5747 493 5804 ostendit
537 5761 650 5803 rem
698 5763 757 5802 se
829 5763 935 5803 non
1001 5748 1263 5814 latuisse;
1334 5760 1569 5822 tuncque
1635 5769 1769 5808 con-

155 5841 373 5897 demnat
401 5837 575 5894 illum.
600 5837 734 5905 Cur,
766 5839 909 5894 enim
930 5877 946 5905 ,
980 5838 1173 5908 inquit,
1210 5839 1308 5896 hoc
1328 5842 1533 5910 fecisti?
1563 5844 1769 5902 habere

3438 370 3537 424 (Οἳ

1924 481 2181 536 voluisti?
2211 484 2254 537 Α
2286 485 2552 553 principio
2604 486 2843 541 retinere
2881 488 3121 557 oportuit
3147 528 3162 552 ,
3191 497 3248 544 et
3274 504 3381 544 nou
3415 507 3534 559 pro-

1919 574 2136 628 mittere
2170 592 2183 627 :
2217 591 2364 630 nunc
2412 585 2592 632 autem
2645 587 2929 649 postquam
2960 594 3382 636 consecraveras
3409 595 3538 637 sun-

1918 665 2138 733 ripiens,
2171 666 2346 737 majus
2373 670 2716 740 sacrilegium
2749 671 3042 730 admisisti.
3067 672 3203 728 Nam
3229 675 3324 746 qui
3349 676 3532 731 aliena

1923 756 2089 825 rapit,
2133 756 2274 813 forte
2303 774 2370 814 ex
2416 760 2713 817 alienarum
2760 779 2942 818 rerum
2983 765 3284 834 cupiditate
3335 769 3474 838 rapit
3513 786 3530 823 :

1918 847 2014 901 tibi
2045 863 2174 904 vero
2205 849 2405 906 licebat
2434 860 2522 907 tua
2559 854 2784 909 habere.
2823 853 2934 910 Cur
2958 872 3089 928 ergo
3118 858 3205 912 illa
3230 873 3382 914 sacra
3409 862 3535 918 red-

1915 938 2130 1006 didisti,
2183 951 2239 998 et
2280 953 2470 1012 postea
2517 946 2792 1015 rapuisti?
2837 948 2918 1003 Ex
2973 966 3170 1022 magno
3217 963 3531 1027 contemptu

1915 1032 1966 1087 id
2000 1033 2195 1090 fecisti.
2240 1036 2474 1094 Facinus
2517 1041 2732 1095 veniam
2776 1056 2883 1096 non
2921 1041 3124 1113 habet,
3173 1050 3526 1107 excusatione

1913 1134 2085 1182 caret.

1986 1217 2270 1276 Sacrorum
2296 1224 2606 1293 expilatores
2652 1235 2880 1297 tempore
2923 1228 3292 1301 Chrysostomi.
3321 1266 3395 1276 —-
3422 1236 3529 1294 Nc-

1912 1311 2042 1365 mini
2075 1322 2255 1368 autem
2286 1315 2614 1373 oll‘cndiculo
2665 1320 2769 1386 sit,
2816 1321 2860 1375 si
2891 1323 2982 1392 qui
3027 1323 3140 1393 jam
3191 1327 3302 1382 sint
3343 1343 3526 1386 sacro-

1910 1416 2029 1456 rum
2057 1406 2404 1474 expilatores.
2437 1408 2570 1462 Nam
2603 1410 2648 1465 si
2700 1419 2828 1468 tunc
2875 1411 3116 1481 fuerunt,
3148 1418 3324 1474 multo
3352 1423 3527 1492 magis

1911 1510 2074 1560 nunc,
2123 1512 2246 1552 cum
2300 1502 2469 1555 multa
2517 1511 2646 1556 sunt
2690 1504 2851 1558 mala.
2910 1504 3018 1560 Sed
3059 1508 3527 1577 reprehendamus

1909 1585 2032 1641 illos
2071 1602 2255 1643 coram
2306 1592 2560 1647 omnibus
2583 1634 2598 1657 ,
2636 1602 2773 1650 utet
2802 1600 2984 1651 cteteri
3015 1609 3224 1654 metum
3260 1599 3520 1659 habeant.

1906 1678 2073 1735 Judas
2105 1681 2404 1754 sacrilegus
2430 1693 2550 1739 erat
2577 1702 2592 1750 ;
2617 1701 2804 1741 verum
2833 1687 2884 1742 id
2908 1688 3190 1760 discipulis
3213 1707 3320 1747 non
3349 1694 3526 1750 oll'en-

1907 1773 2091 1831 diculo
2120 1775 2242 1830 fuit.
2276 1777 2682 1850 Viden‘quanta
2711 1782 2850 1837 mala
2872 1785 3226 1851 pecuniarum
3253 1789 3522 1857 cupiditas

1904 1868 2112 1937 pariat?
2132 1867 2198 1923 Et
2215 1873 2386 1940 factus
2411 1882 2505 1938 est,
2523 1872 2716 1943 inquit,
2743 1875 2897 1929 timor
2909 1891 3128 1946 magnus
3147 1895 3304 1949 super
3318 1895 3517 1950 omnes,

1903 1960 1990 2029 qui
2008 1961 2119 2014 haec
2142 1962 2437 2017 audierunt.
2455 1964 2550 2018 Ille
2564 1967 2783 2034 punitus
2809 1975 2912 2028 est.
2932 1976 2987 2022 et
3014 1968 3105 2024 alii
3128 1970 3317 2025 lucrati
3350 1983 3476 2028 sunt
3502 1993 3516 2028 :

1904 2048 2083 2120 itaque
2095 2065 2202 2106 non
2221 2054 2336 2108 sine
2349 2069 2510 2108 causa
2526 2055 2596 2108 ita
2609 2052 2982 2125 diSpensatum
2995 2067 3098 2114 est.
3115 2058 3228 2115 Etsi
3247 2061 3350 2117 alia
3366 2065 3520 2134 signa

1903 2139 2054 2207 prius
2080 2140 2216 2196 facta
2247 2141 2481 2206 fuerant,
2518 2154 2758 2200 attamen
2789 2161 2894 2200 non
2920 2147 3044 2202 talis
3065 2159 3184 2204 erat
3208 2160 3406 2208 metus.
3427 2153 3521 2211 Sic

1903 2245 2088 2287 verum
2115 2243 2198 2288 est
2225 2235 2354 2289 illud
2389 2254 2402 2289 :
2435 2235 2782 2307 Cagnosce'tur
2813 2237 3065 2296 Dominus
3081 2243 3290 2313 judicia
3318 2248 3518 2317 faciens

1901 2323 2074 2399 (Psal.
2108 2328 2162 2383 9.
2196 2329 2310 2398 17).
2339 2328 2430 2386 Sic
2457 2341 2513 2385 et
2543 2332 2594 2386 in
2624 2347 2750 2388 arca
2780 2334 2978 2389 factum
3010 2346 3132 2391 est:
3175 2337 3320 2394 Ozan
3353 2342 3518 2411 puni-

1901 2426 1986 2473 tus
2006 2426 2090 2473 est
2122 2418 2197 2488 (2.
2229 2419 2360 2492 Reg.
2399 2421 2455 2476 (ι.
2496 2422 2574 2493 7),
2624 2432 2679 2478 ct
2709 2423 2836 2479 hinc
2865 2425 3028 2481 timor
3069 2428 3210 2484 aliis.
3260 2429 3369 2486 Sed
3406 2433 3518 2489 illic

1865 2508 2117 2580 ‘quidem
2149 2522 2400 2568 metuens
2431 2529 2553 2578 rex,
2583 2529 2765 2570 aream
2811 2518 3047 2584 amovit;
3082 2519 3170 2575 hic
3199 2530 3380 2579 auten.
3422 2526 3515 2581 alii

1895 2603 2213 2658 sttentiores
2238 2604 2360 2658 facti
2384 2614 2528 2660 sunt.
2559 2605 2746 2672 Vides,
2770 2609 3042 2678 quomodo
3074 2625 3182 2666 non
3210 2615 3414 2669 vocavit
3443 2617 3514 2670 il-

1895 2696 2002 2752 lam
2037 2698 2252 2767 Petrus,
2303 2702 2399 2756 sed
2444 2705 2781 2772 exspectavit
2825 2703 3000 2762 donec
3032 2707 3303 2764 intraret:
3336 2725 3514 2780 neque

1894 2789 2035 2844 alius
2064 2792 2334 2862 quispiam
2376 2807 2542 2849 ausus
2569 2803 2654 2850 est
2682 2798 3009 2853 annuntiarc
3038 2800 3185 2870 quod
3215 2802 3508 2858 acciderat.

1894 2880 2008 2936 lloc
2036 2884 2277 2954 magistri
2323 2885 2485 2940 timor
2511 2899 2648 2952 erat,
2681 2887 2860 2942 honor
2883 2889 3273 2962 discipulorum
3299 2903 3355 2949 et
3377 2894 3512 2951 obe~

1892 2974 2115 3031 dientia.
2154 2975 2330 3031 Trium
2362 2980 2607 3033 horarum
2637 2981 2882 3048 spatium.
2908 2982 3094 3053 Neque
3132 2984 3320 3042 didicit
3349 3003 3507 3054 uxor,

1891 3081 1993 3120 nec
2021 3067 2140 3138 quis
2173 3071 2516 3139 prmsentium
2547 3073 2834 3140 nuntiavit,
2863 3076 3108 3144 quamvis
3139 3077 3205 3131 ad
3228 3077 3510 3149 divulgan-

1889 3158 2018 3213 dum
2041 3167 2124 3213 sat
2150 3161 2413 3231 temporis
2443 3173 2624 3229 esset;
2657 3178 2844 3218 verum
2881 3166 3165 3222 timebant.
3198 3167 3312 3224 Hoc
3341 3171 3504 3225 etiam

1889 3251 2168 3306 admirans
2207 3253 2441 3323 scriptor
2463 3255 2576 3309 ait:
2613 3254 2865 3313 Nesciens
2894 3259 3032 3330 quod
3085 3262 3281 3330 factum
3313 3263 3503 3332 fuerat,

1887 3345 2133 3398 introivit.
2165 3345 2328 3416 Atqui
2362 3346 2486 3401 hinc
2506 3347 2718 3405 discere
2745 3350 2944 3405 licebat
2971 3352 3147 3422 ipsum
3178 3356 3394 3412 novisse
3415 3373 3501 3424 ea,

1887 3450 2007 3504 quae
2034 3437 2246 3490 occulta
2276 3447 2453 3492 erant.
2482 3439 2594 3494 Cur
2619 3441 2764 3496 enim
2789 3443 2878 3513 qui
2905 3445 3179 3502 neminem
3200 3447 3506 3520 interroga-

1887 3536 2059 3590 verat,
2084 3543 2181 3583 vos
2213 3529 2550 3600 interrogat?
2571 3533 2791 3598 Annon,
2816 3545 2874 3588 ut
2897 3535 3086 3606 liquet,
3118 3539 3243 3608 quia
3270 3541 3505 3597 sciebat?

1885 3619 1990 3674 Sed
2023 3621 2188 3675 nimia
2215 3624 2432 3678 czecitas
2479 3640 2585 3679 non
2631 3628 2876 3696 permisit
2916 3629 3064 3684 illam
3094 3632 3302 3687 crimen
3331 3634 3505 3704 depo-

1886 3726 2048 3776 nere;
2093 3713 2188 3768 sed
2236 3729 2359 3769 cum
2406 3715 2630 3771 audacia
2680 3720 2847 3774 multa
2898 3723 3194 3792 respondet
3227 3765 3241 3777 .
3271 3724 3504 3782 Putabat

1883 3804 2028 3857 enim
2055 3819 2116 3860 se
2136 3819 2259 3859 cum
2293 3806 2511 3863 homine
2533 3808 2698 3879 loqui.
2729 3810 2842 3866 lloc
2865 3826 3031 3882 grave
3051 3823 3188 3880 erat,
3221 3816 3363 3886 quod
3394 3833 3507 3872 uno

1883 3899 2110 3953 consilio
2162 3907 2218 3953 et
2269 3900 2420 3970 quasi
2478 3916 2547 3957 ex
2591 3911 2752 3972 pacto
2798 3915 3081 3973 peccatum
3126 3908 3498 3967 admisissent.

1887 3991 2025 4058 Quid
2057 3992 2229 4061 utique
2272 3997 2506 4049 convenit
2547 3997 2707 4062 vobis,
2758 3998 2964 4068 inquit,
3011 4010 3208 4056 tentare
3244 4003 3501 4073 Spiritum

1883 4086 2158 4140 sanctum?
2199 4084 2336 4140 Ecce
2381 4088 2535 4157 pedes
2585 4104 2764 4142 eorum
2788 4132 2804 4156 ,
2846 4093 2933 4159 qui
2980 4093 3289 4160 sepelierunt
3333 4097 3500 4152 virum

1882 4185 2048 4240 tuum,
2076 4179 2146 4230 ad
2176 4179 2400 4244 ostium;
2422 4189 2468 4233 et
2495 4178 2706 4242 e/l'erent
2732 4191 2800 4234 te.
2825 4182 2981 4236 Prius
3003 4183 3150 4238 illam
3175 4185 3335 4242 docet
3355 4188 3501 4258 quod

1882 4270 2212 4338 peccaverit,
2242 4279 2298 4325 et
2328 4278 2458 4326 tunc
2487 4272 2725 4327 ostendit
2751 4274 2896 4328 illam
2915 4274 3081 4344 juste,
3114 4292 3235 4347 qua:
3267 4279 3349 4331 vir
3371 4296 3497 4349 pas-

1880 4375 1974 4415 sus
2013 4369 2152 4424 erat,
2193 4377 2473 4431 passuram
2515 4379 2658 4428 esse,
2710 4365 2833 4435 quia
2884 4366 3106 4435 perinde
3152 4381 3496 4438 peccaverat.

1881 4453 1948 4507 Et
1965 4454 2257 4524 quomodo,
2283 4455 2517 4525 inquies,
2539 4455 2819 4529 Confestim
2846 4459 3024 4513 cecidit
3047 4471 3165 4515 ante
3191 4463 3345 4530 pedes
3359 4466 3494 4536 ejus,

1880 4556 1925 4600 et
1954 4547 2269 4617 exspiravit?
2300 4548 2435 4615 Quia
2481 4564 2651 4620 prope
2679 4550 2946 4606 adstabat.
2977 4550 3067 4608 Sic
3096 4553 3170 4608 illi
3201 4558 3254 4608 in
3283 4557 3496 4626 seipsos

1879 4638 2143 4692 ultionem
2175 4646 2534 4694 attraxerunt.
2564 4641 2695 4708 Quis
2726 4643 2945 4697 demum
2966 4659 3072 4698 non
3101 4645 3494 4716 obstupuisset?

1877 4731 1998 4800 quis
2027 4733 2329 4801 apostolum
2372 4750 2479 4788 non
2508 4735 2810 4790 timuisset?
2841 4737 2962 4806 quis
3011 4752 3117 4791 non
3149 4739 3376 4794 miratus
3403 4757 3496 4797 es-

1878 4824 1995 4877 set?
2029 4822 2096 4876 Et
2126 4835 2292 4892 erant,
2324 4827 2517 4898 inquit,
2546 4829 2854 4883 unanimiter
2874 4846 3048 4885 omnes
3076 4832 3130 4885 in
3161 4834 3360 4902 porticu
3386 4837 3493 4891 Sa-

1880 4917 2113 4973 lomonis.
2149 4919 2249 4974 Hic
2289 4921 2464 4990 palam
2495 4933 2599 4987 est,
2647 4923 2769 4978 illos
2797 4938 2902 4977 non
2936 4927 2989 4978 in
3015 4924 3180 4980 domo
3214 4929 3489 5000 quapiam,
3570 4927 3579 4934 ’

1878 5011 1972 5066 sed
2012 5013 2064 5066 in
2119 5014 2322 5084 templo
2371 5026 2618 5069 versatos
2656 5031 2798 5071 csse.
2842 5016 3028 5088 Neque
3062 5018 3200 5073 ultra
3231 5023 3492 5093 cavebant

1878 5103 1981 5157 sibi
2022 5119 2090 5160 ne
2144 5106 2418 5162 immunda
2469 5108 2869 5178 contingerent,
2923 5109 3017 5164 sed
3074 5111 3193 5166 sine
3231 5115 3492 5184 scrupulo

1880 5205 2124 5251 mortuos
2154 5198 2470 5269 tangebant.
2517 5199 2582 5253 Et
2610 5200 2754 5265 vide,
2787 5199 3062 5268 quomodo
3088 5216 3214 5270 erga
3251 5217 3381 5258 suos
3407 5221 3493 5260 se-

1877 5290 1989 5342 veri
2020 5290 2150 5353 sint,
2202 5305 2329 5360 erga
2361 5292 2496 5346 alios
2541 5301 2723 5346 autem
2777 5301 3047 5361 poteSIate
3090 5309 3195 5347 non
3247 5304 3490 5352 utantur.

1885 5378 2058 5450 Magis
2079 5392 2275 5446 autem,
2311 5384 2504 5454 inquit,
2531 5384 2812 5455 augebatur
2835 5386 3152 5440 credentium
3186 5388 3240 5441 in
3267 5387 3494 5445 Domino

1880 5473 2154 5527 multitudo
2185 5476 2412 5529 virorum
2441 5487 2487 5528 et
2513 5478 2784 5530 mulierum
2810 5493 2828 5539 ;
2856 5477 2928 5530 ita
2955 5487 3010 5530 ut
3039 5477 3092 5530 in
3127 5478 3307 5545 plateis
3328 5499 3493 5550 pone-

1877 5578 1991 5621 rent
2028 5568 2265 5638 inﬁrmos
2303 5572 2357 5623 in
2393 5570 2593 5625 lectulis
2637 5589 2698 5624 ac
2734 5572 2989 5642 grabatis,
3035 5580 3088 5624 ut
3129 5574 3356 5628 veniente
3392 5574 3493 5630 Pes

1879 5671 1956 5715 tro
1994 5663 2175 5716 saltem
2200 5664 2380 5717 umbra
2406 5665 2544 5718 illius
2572 5665 2898 5718 adumbraret
2919 5681 3224 5734 quemquam
3260 5667 3494 5726 illorum.

1955 5754 2008 5808 5.
2044 5754 2230 5824 Magna
2263 5755 2635 5811 accedentium
2683 5756 2847 5820 ﬁdes,
2894 5766 2950 5810 et
2987 5757 3164 5826 major
3190 5773 3351 5826 quam
3395 5758 3497 5814 sub

1880 5845 2000 5916 ipso
2027 5845 2259 5902 Christo.
2286 5846 2443 5904 Unde
2473 5857 2651 5904 autem
2682 5848 2783 5905 hoc
2807 5847 3004 5904 factum
3029 5847 3150 5903 est?
3179 5847 3313 5917 Quia
3335 5848 3496 5904 Chri-
