4068 6412
592 340 694 397 103

585 465 705 507 stus
732 451 831 503 hoc
860 441 1241 515 praenuntiant
1276 448 1333 494 et
1366 436 1595 491 dixerat.
1640 431 1740 499 Qui
1767 427 1927 483 credit
1962 426 2164 515 iri-me,

589 556 746 611 opera
767 578 781 601 ,
810 512 923 605 quis
953 548 1043 603 ego
1075 531 1241 602 facio,
1272 528 1454 597 faciet,
1495 533 1544 578 et
1586 523 1785 591 majora
1810 517 1959 611 faciet
1991 512 2171 587 (loan.

592 608 679 686 η.
713 626 821 699 12).
853 623 1187 679 Manentibus
1211 628 1387 672 autem
1420 616 1523 669 illis
1544 614 1684 679 istic,
1708 625 1809 665 nec
1838 608 2177 664 circumeun-

591 698 985 786 tibus,romnes
1013 711 1309 769 afferebant
1350 709 1402 763 in
1448 706 1653 761 lectulis
1681 711 1735 759 et
1776 698 2012 772 grabatis
2041 710 2180 769 quos

593 817 865 873 habebant
892 812 1167 875 inﬁrmos,
1199 816 1253 863 ct
1280 803 1512 871 undique
1552 800 1658 854 illis
1694 794 1995 853 conﬂuebat
2024 791 2181 845 mira-

593 910 796 973 culum,
841 920 871 960 a
912 900 1275 963 credentibus,
1320 910 1351 949 a
1390 892 1625 954 sanatis,
1656 888 1724 942 ab
1767 901 1833 941 eo
1862 886 1951 955 qui
1993 882 2182 952 plexus

596 1002 791 1067 fuerat,
822 1013 852 1051 a
888 993 1076 1050 ﬁducia
1103 1004 1260 1061 quam
1290 1000 1415 1056 erga
1449 984 1571 1037 illos
1600 978 1902 1040 habebant,
1931 990 1962 1028 a
1985 973 2183 1067 virtute

600 1065 820 1155 eorum,
862 1086 951 1157 qui
997 1098 1101 1138 non
1146 1090 1432 1147 utcumque
1469 1073 1797 1129 credebant:
1828 1082 2003 1137 neque
2038 1065 2183 1157 enim

600 1182 740 1253 quod
769 1152 956 1241 ﬁebat,
999 1173 1167 1244 signis
1213 1178 1418 1226 tantum
1459 1164 1762 1222 constabat.
1790 1159 1924 1216 Nam
1962 1158 2061 1212 etsi
2110 1152 2185 1253 illi

602 1244 843 1327 modeste
872 1267 1155 1335 loquentes
1183 1271 1349 1315 totum
1378 1256 1480 1327 Ipsi
1510 1256 1775 1325 imputcnt
1814 1249 2053 1305 dicentes
2074 1286 2089 1311 ,
2131 1244 2187 1298 in

603 1359 820 1415 nomine
864 1354 1062 1411 Christi
1107 1366 1166 1407 se
1198 1351 1313 1404 hare
1358 1348 1569 1410 facere;
1623 1341 1718 1397 sed
1747 1341 1852 1394 vita
1882 1349 2096 1408 quoque
2136 1340 2192 1387 et

602 1452 774 1504 virtus
798 1450 1034 1501 virorum
1076 1444 1177 1498 hoc
1204 1439 1352 1495 fecit.
1386 1434 1663 1505 Perpende
1692 1440 1894 1493 autem,
1923 1424 2191 1498 quomodo

607 1543 695 1596 hic
720 1552 1002 1595 numerum
1033 1534 1366 1589 credentium
1398 1544 1506 1585 non
1536 1526 1745 1593 afferat,
1777 1520 2006 1578 auditori
2034 1518 2195 1575 relin-

606 1648 776 1705 quens
804 1641 861 1685 ut
889 1630 940 1684 id
962 1642 1027 1684 ex
1049 1640 1108 1682 se
1134 1624 1400 1695 eonjectet
1428 1638 1442 1674 :
1473 1622 1551 1675 sic
1576 1617 1646 1674 ad
1676 1618 1992 1672 immensam
2018 1609 2195 1667 multi-

612 1702 848 1783 tudinem
868 1722 998 1778 ﬁdes
1018 1717 1422 1776 ostendebatur.
1450 1714 1584 1769 llinc
1608 1722 1660 1767 et
1677 1707 2000 1766 resurrectio
2032 1702 2198 1774 magis

609 1814 1019 1887 praediCabatur.
1046 1809 1211 1863 Nemo
1238 1817 1406 1861 autem
1435 1802 1652 1858 audebat
1675 1817 1727 1856 se
1746 1800 2048 1869 conjungere
2069 1792 2193 1856 illis,

610 1909 700 1964 sed
736 1904 1095 1976 magni/icabat
1122 1917 1204 1957 eos
1234 1899 1472 1971 papulas.
1500 1896 1590 1953 Sic
1618 1896 1722 1961 ait,
1755 1891 2045 1949 ostendens
2076 1887 2200 1941 illos

609 2003 716 2073 jam
742 2014 847 2055 non
876 1994 1207 2065 contemptui
1238 1992 1437 2057 fuisse,
1466 1998 1525 2044 ut
1566 1989 1714 2058 prius
1739 1992 1893 2040 erant
1917 1999 1930 2035 :
1958 1996 2022 2037 ac
2051 1976 2199 2035 brevi

612 2070 855 2160 tempore
885 2100 1101 2156 unoque
1127 2091 1401 2140 momento
1426 2081 1540 2135 haec
1566 2093 1598 2133 a
1625 2078 1893 2148 piscatore
1914 2081 1970 2128 et
1994 2070 2205 2141 privato

615 2182 836 2238 homine
862 2178 1000 2234 facta
1023 2176 1208 2232 fuisse.

694 2274 861 2340 Quam
885 2271 1017 2325 mira
1038 2268 1316 2338 primorum
1337 2262 1741 2320 Christianorum
1767 2258 1889 2311 vita.
1908 2284 1981 2295 —
2003 2253 2204 2309 Cteium

618 2367 800 2435 itaque
820 2364 928 2434 jam
959 2368 1076 2416 erat
1120 2366 1259 2413 terra
1288 2371 1352 2412 ex
1382 2352 1596 2410 vivendi
1633 2350 1868 2416 ratione,
1912 2344 2124 2402 dicendi
2152 2345 2208 2399 li-

624 2456 852 2517 bertate,
869 2450 1165 2514 miraculis,
1184 2447 1501 2516 ueterisque
1514 2442 1761 2500 omnibus
1783 2458 1797 2496 :
1817 2455 1879 2496 ac
1894 2440 2038 2495 velut
2055 2450 2211 2508 ange-

621 2548 658 2602 ii
678 2543 1016 2613 admirationi
1042 2548 1216 2606 erant,
1239 2538 1306 2593 ad
1337 2537 1471 2592 nihil
1498 2550 1558 2591 se
1585 2542 1977 2598 convertentes,
2009 2545 2114 2585 non
2141 2527 2209 2584 ad

623 2640 820 2707 risum,
848 2653 955 2694 non
981 2637 1049 2692 ad
1078 2634 1285 2701 minas,
1333 2648 1439 2688 non
1470 2632 1536 2687 ad
1575 2631 1849 2702 pericula:
1884 2646 1990 2684 non
2030 2645 2093 2684 ea
2123 2642 2213 2683 so-

624 2734 737 2787 lum
774 2731 841 2787 de
872 2726 1167 2792 causa,scd
1190 2726 1351 2783 etiam
1386 2724 1526 2795 quod
1565 2723 1851 2778 admodum
1880 2720 2097 2775 humani
2127 2733 2215 2774 es-

623 2832 765 2889 sent,
789 2832 844 2879 et
872 2822 1100 2877 sollicite
1130 2827 1409 2883 curarent;
1440 2818 1574 2872 alios
1618 2815 1760 2870 enim
1793 2814 2051 2883 pecunia,
2081 2812 2216 2866 alios

624 2915 891 2987 corporali
917 2913 1192 2970 curatione
1219 2908 1499 2979 iuvabant.
1527 2905 1629 2961 Cur
1650 2905 1872 2975 impleuit
1891 2900 2101 2960 satanas
2128 2918 2216 2956 cor

628 3008 813 3064 tuum?
839 3007 976 3061 Fere
1016 3018 1138 3060 sese
1170 3007 1360 3073 purgat
1400 2999 1592 3054 Petrus
1624 2997 1768 3051 illum
1816 2996 2100 3067 pnniturus
2120 3034 2135 3056 ,
2165 3000 2220 3046 et

629 3101 764 3155 alios
791 3096 988 3153 erudit.
1018 3094 1151 3162 Quia
1190 3092 1334 3147 enim
1380 3089 1614 3144 futurum
1643 3094 1794 3153 erat,
1840 3095 1897 3139 ut
1930 3084 2032 3140 hoc
2066 3082 2222 3139 valde

631 3192 825 3245 durutn
848 3193 1151 3257 appareret,
1182 3183 1303 3238 ideo
1331 3181 1383 3235 in
1414 3180 1562 3234 illum
1592 3179 1721 3233 etin
1747 3191 1973 3232 uxorem
1999 3186 2223 3230 tremen-

631 3281 759 3335 dum
791 3286 1007 3334 exercet
1022 3275 1311 3345 judicium.
1339 3270 1395 3329 Si
1426 3279 1604 3324 autem
1631 3270 1834 3333 ambos,
1865 3266 1954 3336 qui
1982 3266 2222 3320 irremis-

634 3372 864 3426 sibiliter
894 3373 1265 3436 peccaverant,
1294 3376 1401 3418 non
1429 3360 1520 3415 tali
1546 3358 1815 3415 aﬁ‘ecissct
1843 3372 2021 3428 poena,
2055 3370 2225 3426 quan-

636 3470 724 3516 tus
738 3460 863 3513 hinc
881 3458 970 3512 Dei
992 3464 1327 3525 contemptus
1350 3452 1558 3507 futurus
1577 3448 1888 3517 crat?Quod
1909 3457 2084 3503 autem
2106 3447 2226 3503 ideo

638 3553 719 3606 sic
740 3548 935 3603 factum
958 3546 1047 3611 sit,
1077 3545 1244 3614 liquet
1268 3557 1335 3599 ex
1361 3556 1448 3609 eo,
1480 3538 1621 3610 quod
1653 3553 1760 3594 non
1785 3538 1963 3593 statim
1988 3537 2052 3592 ad
2081 3537 2229 3592 uiti0«

641 3658 762 3699 nem
795 3641 1030 3705 venerit,
1078 3638 1173 3695 sed
1220 3636 1396 3706 primo
1441 3640 1721 3705 peccatum
1766 3630 2034 3686 ostendat.
2078 3629 2228 3687 Unde

643 3747 803 3789 nemo
835 3731 1122 3801 ingemuit,
1156 3742 1317 3784 nemo
1343 3726 1596 3795 ejulavit;
1630 3723 1724 3779 sed
1753 3736 1941 3777 omnes
1987 3722 2229 3777 exterriti

646 3830 790 3879 sunt.
819 3820 945 3876 iure
973 3828 1172 3885 autem,
1194 3818 1317 3888 quia
1345 3816 1479 3872 ﬁdes
1504 3816 1714 3870 illorum
1737 3801 2052 3885 augebatur,
2081 3813 2231 3884 signa

646 3914 801 3985 plura
839 3910 1156 3973 edebantur,
1194 3916 1249 3963 ct
1293 3908 1483 3977 ingens
1523 3905 1665 3976 apud
1709 3920 1834 3960 suos
1875 3913 2050 3960 metus
2094 3913 2229 3968 erat,

648 4005 775 4076 quia
803 4016 908 4057 non
939 4001 1017 4055 sic
1062 4006 1284 4053 externa
1316 4012 1412 4053 nos
1458 3996 1678 4052 turbant
1703 4004 1762 4049 ut
1809 3995 2120 4050 domestica.
2176 3994 2231 4049 Si

658 4110 787 4168 ergo
816 4096 982 4149 simus
1008 4100 1193 4147 mutuo
1219 4089 1492 4160 conjuncti
1516 4130 1531 4157 ,
1554 4104 1722 4145 nemo
1747 4087 1904 4143 nobis
1930 4087 2128 4143 bellum
2158 4087 2235 4142 in-

657 4192 827 4257 feret;
860 4191 941 4245 sin
973 4196 1157 4245 contra
1189 4185 1545 4242 dissideamus
1566 4227 1580 4248 ,
1620 4199 1807 4239 onmes
1833 4197 1933 4238 nos
1963 4181 2233 4236 invadent.

656 4284 795 4340 Hinc
821 4282 892 4336 illi
919 4296 1039 4335 cum
1068 4277 1255 4334 fiducia
1280 4286 1334 4333 et
1356 4278 1602 4331 libertate
1639 4275 1691 4329 in
1722 4274 1893 4330 forum
1916 4315 1929 4338 ,
1971 4282 2027 4328 et
2055 4272 2106 4326 in
2136 4287 2240 4327 me-

655 4375 805 4430 dium
835 4372 1168 4427 inimicorum
1190 4382 1249 4423 se
1276 4367 1623 4423 conferebant
1647 4374 1701 4420 et
1723 4364 2117 4435 praevalebant;
2151 4364 2242 4418 im.

659 4466 1008 4537 pichaturque
1036 4462 1234 4516 dictum
1266 4458 1393 4513 illud
1424 4478 1438 4513 :
1474 4458 1745 4512 Dominare
1778 4459 1831 4512 in
1866 4458 2031 4512 medio
2065 4457 2241 4511 inimi-

658 4574 838 4613 corum
865 4567 1062 4610 tuorum
1085 4552 1261 4624 (Psal.
1290 4551 1409 4607 109.
1428 4549 1505 4624 2).
1532 4550 1643 4606 Hoc
1665 4551 1881 4622 majoris
1901 4560 2015 4606 erat
2034 4550 2245 4605 virtutis

661 4647 936 4711 indicium,
968 4645 1108 4716 quod
1136 4644 1360 4709 detenti,
1388 4644 1573 4709 vincti,
1606 4643 1727 4698 talia
1762 4642 2011 4698 facerent.
2036 4643 2090 4698 Si
2117 4656 2246 4711 ergo

664 4742 735 4807 ii,
776 4741 865 4811 qui
901 4740 1108 4795 mentiti
1152 4738 1388 4802 fuerant,
1434 4738 1559 4792 talia
1610 4738 1749 4807 passi
1780 4745 1937 4802 sunt,
1969 4736 2095 4805 quid
2140 4751 2246 4791 non

667 4834 936 4903 patientur
978 4832 1047 4893 ii,
1095 4831 1184 4899 qui
1225 4831 1515 4901 pejerant?
1568 4830 1678 4885 imo
1728 4834 1773 4885 si
1822 4830 2053 4894 mulier,
2104 4827 2247 4899 quod

670 4923 883 4984 dixerit,
915 4920 1085 4973 Etiam
1113 4920 1274 4987 tanti,
1305 4920 1566 4989 ejusmodi
1598 4935 1782 4991 ptenas
1807 4920 1972 4985 dedit,
2004 4935 2102 4975 nec
2126 4920 2249 4976 eﬁ‘u-

670 5016 748 5084 git
769 5032 781 5066 :
810 5012 1039 5081 cogitate
1059 5024 1164 5081 quo
1185 5011 1301 5065 sitis
1316 5026 1411 5067 vos
1427 5012 1685 5082 supplicio
1701 5012 1863 5081 digni,
1887 5012 1975 5082 qui
1990 5012 2176 5081 juratis
2197 5021 2251 5067 et

671 5104 919 5175 pejeratis
936 5102 1016 5158 1E
1035 5117 1092 5157 re
1111 5102 1270 5157 fuerit
1283 5102 1442 5157 hodie
1462 5118 1528 5157 ex
1544 5102 1709 5158 veteri
1725 5103 1841 5173 iege
1856 5103 2072 5173 perjurii
2085 5102 2253 5171 gravi-

676 5204 832 5250 tatem
852 5192 1155 5247 ostendere.
1174 5192 1702 5263 Falx,inquit,uolans
1718 5204 1845 5259 erat,
1866 5196 1968 5248 lata
1984 5195 2149 5247 decem
2167 5210 2257 5246 cu-

674 5284 939 5356 bilis(Zac.
957 5286 1011 5339 5.
1027 5284 1334 5355 2).\’olatus
1349 5287 1687 5341 celerrimum
1702 5286 2255 5357 suppliciijuramenta

675 5376 941 5447 sequentis
969 5376 1254 5430 adventum
1281 5376 1569 5445 signiﬁcat;
1593 5377 1732 5447 quod
1754 5388 1930 5431 autem
1951 5378 2136 5431 decem
2164 5392 2258 5430 cu-

677 5472 905 5523 bitorum
936 5465 1019 5521 'sit
1049 5467 1329 5523 latitudine
1370 5476 1426 5522 et
1469 5468 1827 5538 longitudine,
1862 5468 2254 5524 vehementiam

673 5573 727 5614 t-t
758 5558 1173 5627 magnitudinem
1204 5560 1464 5616 maiorum
1504 5561 1734 5627 indicat;
1786 5561 1929 5631 quod
1968 5570 2144 5616 autem
2191 5576 2255 5615 ex

674 5650 808 5703 caelo
835 5648 998 5714 volet,
1027 5650 1233 5720 signum
1253 5662 1333 5707 est
1360 5653 1675 5707 sententiam
1704 5669 1766 5708 ex
1790 5654 1988 5709 caelesti
2008 5652 2257 5708 tribunali

675 5740 838 5810 ferri;
868 5740 1012 5816 quod
1054 5744 1106 5798 in
1136 5746 1350 5801 modum
1380 5744 1561 5815 falcis,
1596 5746 1903 5805 inevitabile
1932 5748 2246 5819 supplicium

1312 321 1368 380 S.
1409 315 1685 380 JOANNIS
1720 304 2190 370 CIIRYSOSTOMI
2233 299 2550 357 ARClliEP.
2589 290 3124 353 CONSTANTINOP.

3786 284 3885 341 104

2286 417 2539 473 ostendit.
2564 415 2716 471 Sicut
2739 414 2885 470 enim
2908 412 3015 467 falx
3046 411 3098 466 in
3134 408 3327 465 coiium
3361 404 3624 471 immissa,
3659 419 3775 459 non
3801 418 3890 458 re-

2287 509 2539 577 trahitur,
2572 507 2669 563 sed
2697 515 2879 561 manet
2901 505 3062 561 etiam
3089 503 3322 559 abscissa
3348 500 3600 557 cervice:
3634 498 3717 553 sic
3743 506 3801 553 et
3827 496 3898 551 ui-

2289 602 2365 656 tio
2388 601 2630 671 jurantes
2655 598 2943 662 invadens,
2972 594 3229 651 terribilis
3254 603 3359 659 est,
3389 606 3489 648 nec
3517 590 3727 647 desinit
3749 629 3767 655 ,
3796 588 3900 643 nisi

2288 695 2439 765 prius
2465 689 2609 762 quod
2636 704 2791 745 suum
2813 695 2930 744 erat
2956 686 3261 757 perfecerit.
3294 682 3446 752 Quod
3473 681 3520 738 si
3546 680 3801 751 iurantes
3828 676 3895 733 ef-

2288 784 2579 856 fugeritnus
2600 824 2615 847 ,
2650 797 2715 835 ne
2744 778 3113 842 conﬁdamus;
3158 792 3281 831 nam
3310 776 3366 830 in
3409 772 3616 829 malum
3646 778 3900 826 nostrum

2290 876 2391 931 hoc
2420 876 2670 931 vertitur.
2698 871 2836 942 Quid
2860 871 3003 928 enim
3026 868 3264 942 putatis?
3287 872 3417 937 quot
3443 873 3569 921 sunt
3588 864 3686 936 qui
3708 861 3905 919 eadem

2289 982 2411 1037 qua:
2436 966 2671 1020 Ananias
2694 974 2748 1020 et
2769 961 3033 1034 Sapphira
3060 968 3185 1015 sunt
3217 957 3371 1025 ausi,
3398 969 3500 1013 nec
3529 954 3729 1010 eadem
3762 953 3907 1024 passi

2291 1055 2453 1111 sunt?
2474 1055 2542 1109 Et
2561 1053 2853 1126 quomodo,
2874 1052 3106 1123 inquies,
3130 1048 3275 1121 passi
3298 1062 3405 1103 non
3430 1044 3595 1103 sunt?
3620 1043 3743 1100 Non
3762 1042 3905 1114 quod

2292 1145 2396 1200 hoc
2424 1145 2527 1199 illis
2552 1143 2917 1199 condonatum
2943 1143 3047 1209 sit,
3080 1140 3176 1198 sed
3203 1138 3347 1212 quod
3382 1137 3577 1209 majori
3604 1150 3907 1193 reserven-

2295 1246 2380 1294 tur
2408 1236 2691 1308 supplicio.

2368 1330 2423 1384 4.
2459 1330 2558 1394 Qui
2583 1330 2873 1399 frequenter
2896 1335 3125 1402 peccant,
3146 1328 3357 1381 timeant
3384 1332 3687 1395 oporteL—
3713 1323 3901 1394 Itaque

2298 1420 2389 1491 qui
2418 1418 2725 1497 frequenter
2748 1425 2994 1490 peccant,
3024 1416 3198 1488 magis
3222 1416 3447 1472 timeant
3465 1423 3708 1485 oportet,
3733 1415 3781 1469 si
3802 1430 3904 1468 non

2298 1511 2608 1582 puniantur,
2641 1526 2799 1581 quam
2839 1512 2885 1566 si
2931 1510 3261 1581 puniantur:
3288 1522 3413 1563 nam
3455 1522 3524 1563 ex
3561 1504 3829 1561 dilatione
3853 1513 3907 1559 et

2298 1617 2367 1657 ex
2399 1601 2650 1672 patientia
2680 1601 2772 1656 Dei
2800 1616 2989 1657 eorum
3030 1608 3255 1669 augetur
3302 1597 3645 1667 supplicium.
3690 1594 3771 1652 Ne
3799 1595 3900 1650 hnc

2301 1694 2480 1764 itaque
2523 1700 2825 1763 spectemus
2851 1693 2895 1748 si
2927 1706 3032 1747 non
3077 1690 3383 1763 puniamur,
3426 1688 3522 1743 sed
3551 1688 3597 1742 si
3628 1703 3736 1741 non
3786 1701 3908 1756 pec-

2301 1801 2485 1841 cemus
2509 1802 2523 1839 :
2549 1786 2595 1839 si
2619 1800 2747 1839 vero
2797 1793 3080 1855 peccantes
3106 1800 3213 1838 non
3257 1782 3560 1852 puniamur,
3592 1780 3768 1850 magis
3797 1788 3907 1833 tre-

2302 1875 2557 1931 mendum
2584 1875 2740 1931 nobis
2759 1884 2860 1930 est.
2895 1875 2990 1930 Die
3017 1874 3146 1929 mihi
3166 1916 3181 1941 ,
3216 1873 3265 1930 si
3290 1887 3506 1928 servum
3540 1871 3794 1935 haberes,
3822 1871 3907 1925 cui

2304 1968 2477 2023 minas
2532 1968 2825 2023 intentares
2870 1976 3115 2031 tantum,
3175 1980 3277 2020 nec
3343 1964 3662 2018 verberarcs
3713 1962 3903 2025 illum;

2305 2057 2520 2128 quando
2565 2057 2735 2128 magis
2775 2056 3022 2112 timebit?
3046 2054 3263 2127 quando
3306 2054 3469 2125 fugiet
3513 2065 3569 2109 et
3610 2052 3912 2109 abscedet?

2309 2163 2489 2204 nonne
2516 2163 2637 2203 cum
2663 2149 2836 2203 minas
2877 2156 3079 2203 tantum
3107 2145 3439 2202 intentabis?
3482 2145 3638 2202 Unde
3672 2160 3772 2200 nos
3796 2161 3911 2200 mu-

2312 2248 2404 2294 tuo
2447 2253 2744 2304 monemus,
2790 2253 2859 2293 ne
2894 2237 3229 2309 frequentius
3277 2236 3694 2305 comminemur,
3742 2247 3803 2291 ut
3845 2252 3913 2293 ne

2311 2332 2388 2385 sic
2437 2331 2627 2385 timore
2676 2330 2912 2384 animum
2954 2328 3363 2396 concutiamus,
3407 2344 3546 2385 neve
3612 2329 3692 2384 sic
3739 2331 3914 2401 magis

2312 2422 2575 2477 ianiemus
2597 2436 2717 2477 eum
2739 2463 2753 2488 ,
2784 2436 2946 2491 quam
2979 2421 3172 2492 plagis.
3195 2421 3448 2492 Alioquin
3479 2435 3609 2475 vero
3637 2421 3750 2476 illic
3779 2432 3915 2477 tem-

2316 2529 2545 2585 poranea
2574 2513 2728 2585 plaga
2757 2522 2859 2579 est,
2887 2512 2973 2568 hic
3002 2522 3279 2584 perpetua.
3309 2512 3387 2569 Ne
3415 2512 3598 2584 itaque
3628 2513 3913 2584 respicias,

2316 2622 2383 2661 an
2419 2621 2562 2661 nunc
2578 2606 2841 2675 quispiam
2866 2605 3011 2659 illam
3036 2605 3228 2660 falcem
3250 2605 3581 2675 experiatur,
3602 2605 3699 2661 sed
3716 2606 3913 2677 cogita,

2318 2712 2446 2753 num
2492 2696 2617 2751 talia
2643 2696 2833 2762 faciat;
2866 2696 3120 2767 quoniam
3153 2697 3318 2750 multa
3357 2710 3499 2749 nunc
3526 2695 3679 2764 ﬁunt,
3710 2712 3833 2766 qua:
3862 2697 3916 2752 in

2319 2790 2519 2844 diluvio
2541 2831 2556 2855 ,
2585 2796 2642 2845 et
2671 2799 2846 2844 tamen
2877 2789 3133 2843 diluvium
3178 2804 3285 2842 non
3315 2788 3511 2844 accidit
3542 2805 3554 2837 τ
3586 2787 3835 2859 gehenna
3864 2801 3920 2845 et

2318 2881 2636 2951 supplicium
2679 2879 3057 2935 comminando
3084 2881 3262 2953 solum
3292 2882 3608 2936 intentatur.
3640 2882 3795 2937 Multi
3823 2898 3917 2939 ea-

2321 2973 2442 3029 dem
2484 2972 2768 3029 admittunt
2798 2982 3016 3043 peccata
3048 2987 3167 3043 qua:
3194 2958 3510 3041 Sodomitas,
3537 2984 3591 3028 et
3616 2973 3757 3044 ignis
3800 2975 3921 3043 plu-

2322 3069 2407 3121 via
2451 3081 2559 3122 non
2605 3065 2751 3121 cadit
2786 3082 2801 3121 :
2843 3065 3031 3136 igneus
3074 3065 3272 3137 quippe
3310 3063 3504 3122 ﬂuvius
3549 3075 3771 3137 paratus
3814 3075 3919 3122 est.

2325 3157 2474 3213 Multi
2504 3158 2691 3215 eadem
2717 3174 2837 3230 quae
2861 3157 3071 3215 Pharao
3112 3168 3237 3214 sunt
3262 3157 3410 3225 ausi;
3444 3160 3538 3213 sed
3570 3173 3677 3213 non
3726 3160 3923 3215 eadem

2323 3251 2468 3323 paSsi
2495 3260 2619 3306 sunt
2642 3265 2761 3322 quae
2783 3250 3013 3316 Pharao,
3055 3266 3229 3322 neque
3268 3251 3534 3307 submersi
3556 3260 3681 3306 sunt
3703 3251 3756 3306 in
3776 3267 3927 3309 mare

2326 3344 2569 3399 Rubrum
2597 3351 2907 3415 :exspcctat
2926 3346 3069 3400 enim
3086 3344 3207 3399 illos
3230 3345 3451 3414 pelagus
3470 3344 3671 3415 abyssi,
3694 3345 3787 3400 ubi
3822 3358 3928 3400 non

2327 3435 2530 3506 absque
2558 3449 2718 3491 sensu
2747 3450 2926 3506 paena,
2944 3450 3044 3492 nec
3072 3435 3327 3492 suffocari
3360 3435 3518 3500 licet;
3542 3434 3639 3490 sed
3668 3434 3932 3491 diuturno

2330 3528 2593 3596 cruciatu,
2636 3531 2964 3599 sartaginum
3007 3529 3201 3585 ardore
3226 3537 3282 3584 et
3323 3527 3750 3598 strangulatione
3792 3543 3930 3584 con-

2331 3622 2491 3676 sumi.
2522 3619 2673 3675 Multi
2717 3620 2906 3677 eadem
2937 3635 3057 3692 quae
3092 3620 3353 3675 israeiitaa
3375 3628 3501 3674 sunt
3521 3618 3670 3684 ausi;
3698 3617 3793 3673 sed
3827 3633 3932 3673 non

2332 3710 2657 3767 devorarunt
2700 3710 2824 3767 illos
2851 3722 3129 3781 serpentes
3161 3726 3176 3764 :
3209 3719 3392 3765 manet
3416 3709 3559 3765 enim
3588 3708 3709 3763 illos
3734 3710 3936 3765 vermis

2334 3802 2427 3857 ille
2467 3802 2810 3856 immortalis.
2860 3801 3012 3857 Multi
3040 3817 3249 3871 eaque:
3294 3800 3444 3857 Giezi
3484 3798 3599 3856 ausi
3644 3810 3791 3867 sunt,
3835 3816 3937 3857 nec

2335 3905 2460 3951 sunt
2505 3895 2652 3964 lepra
2698 3894 2937 3965 percussi
2976 3902 3200 3949 :manet
3241 3893 3386 3949 enim
3431 3892 3555 3948 ilius
3601 3906 3699 3962 pro
3740 3892 3894 3960 lepra
3918 3934 3935 3959 ,

2335 3987 2479 4058 quod
2526 3987 2860 4047 dissecentur
2883 3998 2935 4044 et
2964 3996 3231 4059 ponantur
3271 4002 3393 4043 cum
3428 3987 3745 4058 hypocritis.
3784 3986 3937 4041 Multi

2337 4081 2498 4135 etiam
2538 4080 2790 4150 jurarunt
2813 4095 2877 4137 ac
2904 4081 3249 4151 pejerarunt;
3296 4082 3340 4135 si
3386 4090 3564 4135 autem
3605 4079 3937 4149 effugerunt,

2340 4188 2410 4229 ne
2454 4172 2789 4229 confidamus
2814 4189 2829 4226 :
2859 4183 3041 4228 manet
3083 4174 3225 4227 enim
3268 4173 3388 4227 illos
3428 4170 3630 4227 stridor
3670 4172 3940 4226 dentium.

2343 4265 2411 4319 Et
2438 4265 2678 4320 fortassis
2722 4264 2885 4321 etiam
2929 4264 3017 4320 hic
3061 4265 3350 4334 patientur,
3393 4275 3450 4320 et
3492 4280 3598 4320 non
3649 4263 3938 4337 eﬁugient,

2342 4358 2553 4414 etiamsi
2600 4372 2703 4412 non
2731 4372 2762 4413 e
2800 4356 3044 4428 vestigio,
3072 4357 3169 4412 sed
3193 4357 3245 4411 in
3281 4357 3399 4411 aliis
3444 4356 3699 4426 peccatis,
3730 4366 3790 4411 ut
3815 4372 3943 4428 gra-

2344 4450 2464 4505 vior
2488 4450 2559 4504 sit
2597 4463 2751 4518 paena
2783 4466 2796 4502 :
2824 4448 2947 4520 quia
2975 4455 3029 4503 et
3050 4462 3148 4503 nos
3176 4463 3319 4519 stupe
3362 4456 3572 4518 sumpta
3593 4447 3887 4504 occasione
3913 4464 3945 4503 a

2347 4542 2661 4609 minoribus,
2687 4532 2845 4597 etiam
2880 4557 2978 4612 pro
3024 4542 3233 4612 magnis
3264 4550 3433 4596 totum
3461 4556 3807 4597 evacuamus.
3843 4542 3949 4600 ita-

2348 4652 2451 4707 que
2480 4636 2525 4692 si
2566 4634 2780 4706 quando
2816 4634 3015 4689 videris
3056 4635 3150 4689 tibi
3192 4634 3391 4704 aliquid
3436 4634 3702 4703 accidere,
3733 4651 3949 4693 memor

2350 4738 2465 4784 esto
2487 4729 2628 4783 illius
2659 4727 2863 4797 peccati
2895 4729 2991 4781 tui.
3025 4726 3138 4781 Hoc
3164 4728 3326 4782 etiam
3354 4727 3406 4782 in
3437 4728 3562 4783 ﬁliis
3591 4728 3761 4784 Jacob
3792 4733 3946 4786 acci-

2350 4822 2447 4877 dit.
2468 4820 2785 4876 Meministis
2807 4820 3029 4874 fratrum
3054 4818 3275 4889 Josephi
3295 4836 3309 4873 :
3330 4819 3681 4874 vendiderant
3697 4822 3947 4888 fratrem,

2351 4911 2596 4967 occidere
2627 4917 2979 4977 tentaverant,
3002 4910 3110 4964 imo
3138 4918 3390 4979 quantum
3420 4910 3472 4965 in
3501 4911 3628 4979 ipsis
3656 4921 3774 4965 erat
3799 4913 3949 4966 occi-

2353 5004 2580 5071 derant;
2624 5002 2946 5073 dcceperant
2988 5017 3217 5070 senem,
3267 5006 3761 5070 contristavcrant;
3814 5005 3950 5061 nihil

2355 5100 2497 5167 passi
2527 5106 2683 5153 erant
2710 5096 2857 5150 mali.
2893 5095 3075 5165 itaque
3106 5103 3227 5165 post
3250 5097 3445 5151 multos
3468 5111 3639 5151 annos
3670 5096 3739 5152 de
3761 5108 3951 5155 extre-

2358 5192 2458 5246 mis
2493 5188 2781 5261 periclitati
2825 5198 2968 5253 sunt,
2996 5197 3051 5243 et
3079 5189 3279 5257 peccati
3315 5188 3474 5258 hujus
3503 5198 3630 5244 tunc
3659 5192 3953 5247 recordan-

2360 5292 2466 5338 tur.
2516 5280 2669 5350 Quod
2698 5289 2874 5335 autem
2905 5296 3010 5335 non
3039 5281 3349 5349 conjectura
3377 5282 3446 5334 sit
3469 5281 3611 5351 quod
3634 5282 3755 5339 dico
3789 5287 3952 5339 :audi

2360 5375 2484 5430 illos
2523 5375 2801 5429 dicentes:
2833 5372 3093 5439 Etiam;in
3118 5384 3321 5443 peccato
3359 5374 3488 5426 enim
3532 5391 3706 5430 sumus
3746 5378 3801 5429 in
3848 5378 3956 5446 fro.

2363 5478 2487 5521 trem
2532 5476 2759 5520 nostrum
2780 5462 2932 5532 (Gen.
2961 5464 3049 5517 42.
3076 5464 3192 5532 21).
3222 5464 3311 5517 Sic
3338 5471 3390 5518 et
3420 5472 3496 5533 tu,
3524 5480 3646 5519 cum
3677 5467 3767 5520 tibi
3799 5470 3956 5539 quid-

2363 5562 2503 5631 piam
2530 5557 2829 5627 contigerit,
2862 5556 2947 5611 dic
2976 5574 2990 5613 :
3026 5556 3221 5621 Etiam,
3257 5556 3308 5610 in
3339 5565 3557 5627 pcccato
3579 5573 3790 5623 sumus,
3832 5562 3954 5631 quia

2365 5651 2635 5708 Christum
2667 5662 2774 5703 non
2800 5646 3121 5713 audivimus,
3144 5647 3270 5717 quia
3294 5647 3621 5717 juravimus:
3646 5650 3954 5719 iuramenta

2369 5742 2666 5815 frequentia
2694 5748 2747 5798 et
2768 5739 2999 5813 pcrjuria
3028 5741 3081 5796 in
3112 5748 3271 5811 caput
3297 5755 3473 5798 meum
3497 5742 3822 5801 inciderunt.
3849 5742 3951 5801 ita-
