4068 6408
163 444 262 499 105

157 572 261 626 que
290 556 556 612 confitere
585 575 596 610 :
629 571 752 611 nam
779 565 833 611 et
860 555 934 610 illi
963 553 1198 610 confessi
1229 554 1462 608 salutem
1489 554 1769 607 consecuti

150 657 298 703 sunt.
330 649 471 716 Quid
517 650 659 703 enim
689 649 732 703 si
764 663 871 702 non
900 656 1123 717 repente
1151 645 1283 699 ultio
1304 643 1546 699 invadit?
1593 659 1766 715 quan-

148 742 442 813 doquidem
490 743 677 798 Achab
708 751 928 814 propter
969 740 1230 796 Nabuthae
1275 756 1386 796 non
1431 740 1613 795 statim
1645 749 1768 810 post

146 850 431 906 peccatum
463 837 650 908 plexus
667 835 772 890 fuit
792 837 871 906 (5.
888 833 1114 907 Regﬁl.
1136 834 1248 904 19).
1283 835 1392 888 (iur
1417 848 1548 889 vero
1573 833 1650 888 sic
1677 847 1765 886 res

149 930 371 1001 agitur?
398 931 499 984 Dat
525 929 621 984 tibi
649 930 792 984 Deus
820 929 1190 999 praescriptum
1217 936 1454 1030 tem-pus,
1491 926 1767 1030 "‘1'.a.i-)ilt.a~

143 1025 261 1088 ris;
292 1027 335 1078 si
367 1037 702 1095 perseveres,
747 1038 964 1093 pcenam
993 1023 1213 1078 demum
1247 1019 1475 1076 inducit.
1519 1018 1762 1121 Vidistis,

141 1115 274 1186 quid
301 1115 444 1185 passi
474 1116 585 1171 sint
613 1118 946 1172 mendaces?
969 1116 1236 1215 Cogitate,
1261 1113 1389 1184 quid
1413 1112 1631 1215 passuri.
1651 1112 1764 1215 sint

142 1207 381 1278 perjuri;
425 1208 682 1280 cogitate,
712 1217 770 1265 et
801 1207 1070 1264 desistite.
1112 1206 1230 1262 Non
1273 1213 1454 1277 potest
1481 1203 1572 1274 qui
1612 1203 1762 1272 jurat

1110 440 1178 497 IN
1220 440 1400 496 ACTA
1444 438 1983 497 APOSTOLORUM.
2026 439 2263 504 HOMILL
2307 444 2447 500 XIII.

2111 282 2122 310 i

1877 647 2160 716 consequi.
2207 646 2423 704 Sufﬁcit
2468 667 2636 708 unum
2686 658 3007 728 perjurium,
3042 675 3100 718 ut
3133 678 3300 722 totum
3333 673 3498 739 perti-

1876 735 2006 802 ciat,
2039 747 2096 792 et
2124 747 2295 793 totum
2325 744 2483 799 nobis
2512 747 2835 816 supplicium
2896 753 3135 810 inducat.
3181 759 3309 816 Ideo
3334 735 3495 820 nobis

1878 828 2030 898 ipsis,
2079 846 2283 902 quaeso,
2319 838 2699 909 attendamus;
2746 852 2804 899 ut
2831 861 3048 916 poenam
3081 851 3240 921 hujus
3286 861 3493 927 peccati

1875 920 2193 992 effugientes
2232 926 2602 986 misericordia
2634 935 2728 991 Dei
2764 938 3073 1010 dignemur,
3105 920 3357 1016 gratia-et
3388 956 3491 1007 mi-

1826 1023 1831 1034 ³
1874 1017 2240 1074 iterationibus
2268 1023 2526 1094 unigeniti
2553 1027 2672 1097 ejus
2703 1029 2846 1098 Filii,
2870 1037 3086 1104 quicum
3117 1040 3261 1096 Patri
3295 1053 3350 1099 ct
3374 1046 3495 1115 Spi-

1875 1108 2003 1162 ritui
2048 1121 2237 1166 sancto
2286 1113 2476 1184 gloria,
2507 1117 2816 1189 imperium,
2849 1124 3044 1193 honor,
3082 1147 3227 1188 nunc
3251 1145 3306 1188 et
3335 1152 3480 1190 scut-

1881 1215 1994 1269 pcr,
2028 1203 2162 1257 etin
2189 1206 2388 1262 saecula
2413 1211 2760 1271 saeculorum.
2801 1220 2996 1275 Amen.

1443 1409 1799 1476 HOMILIA
1841 1409 2018 1474 XIII.

137 1564 274 1622 CAP.
306 1565 364 1622 5.
396 1582 448 1619 ν.
484 1567 574 1622 17.
603 1563 902 1638 Exsurgens
932 1575 1103 1620 autem
1122 1565 1359 1636 princeps
1401 1560 1759 1622 sacerdotum,

208 1668 258 1712 et
287 1675 464 1713 omnes
491 1658 580 1728 qui
605 1675 721 1712 cum
742 1658 834 1714 illo
862 1668 1031 1723 eram,
1064 1672 1179 1729 qua
1209 1667 1282 1711 est
1312 1655 1522 1710 [tmesis
1547 1652 1763 1710 Saddu-

209 1767 436 1806 carorum
458 1793 473 1816 ,
504 1751 685 1826 repleti
711 1760 830 1806 sunt
855 1751 988 1816 zelo,
1020 1750 1110 1806 18.
1161 1758 1210 1804 et
1249 1749 1537 1819 injecerunt
1580 1762 1764 1801 manus

205 1844 260 1897 in
284 1845 569 1913 apostolos,
591 1855 639 1899 et
659 1853 936 1916 posuerunt
954 1859 1040 1898 eos
1067 1844 1122 1896 in
1148 1843 1383 1898 custodia
1405 1840 1633 1913 publica.

206 1935 261 1988 1.
289 1933 435 1990 Nihil
461 1936 827 2007 impudentius
851 1936 1217 2007 audaciusque
1258 1934 1484 1989 malitia.
1536 1931 1756 1987 Illorum

129 2028 342 2096 experti
377 2027 750 2084 fortitudinem
780 2043 848 2084 ex
875 2028 973 2092 iis,
1019 2043 1141 2099 quae
1186 2029 1338 2098 prius
1389 2033 1754 2088 attentarant,

131 2128 378 2174 attamen
418 2119 601 2175 denuo
653 2121 1040 2192 aggrediuntur
1091 2128 1147 2174 et
1197 2120 1394 2175 iterum
1444 2118 1751 2184 insurgunt.

129 2213 274 2280 Quid
301 2213 403 2268 sibi
432 2214 548 2269 vult
569 2213 702 2270 illud
727 2257 744 2282 ,
778 2213 1078 2286 Exsurgens
1109 2215 1351 2286 princeps
1391 2215 1751 2277 sacerdotum,

127 2317 176 2358 et
203 2323 384 2362 omnes
409 2309 631 2372 quicum
655 2308 748 2362 illo
770 2307 956 2363 erant?
981 2308 1262 2363 Excitatus
1289 2316 1391 2370 est,
1429 2305 1635 2376 inquit,
1688 2303 1754 2357 iis

125 2415 250 2470 qute
279 2381 594 2456 acciderant
641 2411 966 2458 commotus.
1012 2399 1085 2455 Et
1130 2402 1416 2472 injecerunt
1462 2413 1649 2454 manus
1697 2399 1752 2452 in

131 2494 406 2563 apostolos
431 2535 447 2561 ,
476 2505 525 2548 et
551 2506 830 2567 posuerunt
859 2512 944 2550 eos
969 2496 1025 2550 in
1051 2497 1280 2550 custodia
1329 2494 1552 2563 publica.
1598 2493 1752 2548 Nunc

127 2587 512 2644 vehementius
535 2589 658 2645 illos
685 2590 1040 2647 insectantur.
1076 2589 1186 2644 Nec
1213 2589 1395 2643 statim
1425 2588 1494 2644 de
1520 2587 1625 2642 illis
1662 2587 1752 2656 jus

121 2678 334 2746 dicant,
364 2689 651 2751 sperantes
665 2681 784 2738 illos
813 2681 1204 2737 mansuetiores
1229 2680 1365 2736 fore.
1391 2681 1459 2735 Et
1479 2681 1746 2736 undenant

123 2774 299 2842 liquet
325 2772 451 2828 illos
471 2773 844 2831 vehementius
871 2775 1167 2833 insectatos
1188 2776 1355 2832 esse?
1379 2776 1457 2831 Ex
1484 2792 1573 2842 eo,
1601 2777 1744 2848 quod

120 2865 408 2933 posuerint
459 2866 583 2923 illos
609 2868 662 2922 in
689 2868 936 2924 custodia
963 2869 1202 2940 publica.
1247 2870 1457 2925 Rursus
1502 2870 1748 2926 incidunt

120 2958 174 3011 in
207 2958 451 3028 pericula
478 3002 495 3028 ,
526 2969 583 3016 et
610 2977 802 3017 rursus
834 2962 928 3018 Dei
975 2964 1204 3034 gratiam
1254 2965 1643 3036 experiuntur;
1690 2977 1746 3020 et

115 3051 395 3120 quomodo
421 3094 434 3116 ,
488 3051 615 3108 audi
666 3055 946 3125 sequentia
977 3071 991 3108 :
1032 3056 1120 3111 19.
1164 3056 1390 3128 Angelus
1428 3067 1598 3112 autem
1633 3056 1739 3112 Do-

113 3145 244 3198 mini
274 3163 368 3214 per
395 3156 596 3201 noctem
640 3149 847 3218 aperuit
880 3150 1078 3219 januas
1115 3151 1336 3205 carceris
1360 3192 1374 3213 ,
1424 3160 1470 3204 et
1521 3151 1744 3205 educens

113 3252 221 3300 eos,
250 3237 387 3290 dixit
411 3255 429 3292 :
462 3238 554 3293 20.
585 3235 687 3306 Ιιε,
720 3251 769 3294 et
790 3250 984 3295 stantes
1009 3241 1282 3312 loquimini
1302 3243 1354 3296 in
1387 3245 1579 3312 templo
1603 3244 1741 3315 plebi

111 3329 291 3383 omnia
317 3329 469 3384 verba
490 3331 608 3386 vita
631 3333 806 3404 hujus.
837 3333 952 3390 Hoc
980 3343 1036 3391 et
1063 3335 1118 3390 in
1149 3335 1364 3390 illorum
1408 3337 1742 3394 consolatio-

110 3435 261 3487 nem,
291 3429 346 3476 et
376 3421 430 3476 in
461 3423 652 3478 horum
681 3425 965 3483 utilitatem
992 3442 1057 3483 ac
1077 3427 1381 3483 doctrinam
1409 3429 1608 3485 factum
1631 3440 1734 3486 est.

110 3513 179 3568 Et
210 3515 338 3571 vide
363 3559 380 3583 ,
409 3517 554 3588 quod
586 3518 638 3572 in
665 3517 883 3575 Christo
905 3564 920 3586 ,
952 3521 1005 3576 id
1035 3517 1198 3578 etiam
1231 3538 1377 3579 nunc
1405 3523 1606 3580 evenit.
1629 3525 1737 3579 Pa-

107 3614 246 3661 trata
276 3609 425 3663 ettim
454 3610 711 3666 miracula
739 3629 845 3668 nun
870 3613 1001 3668 sinit
1028 3629 1125 3669 eos
1152 3615 1340 3671 videre
1370 3657 1386 3683 ,
1417 3616 1514 3672 sed
1556 3617 1734 3685 aliqua

108 3709 370 3769 apparat,
399 3717 465 3756 ex
498 3704 695 3772 quibus
723 3706 826 3759 hoc
851 3706 1097 3762 ediscant
1121 3723 1136 3772 ;
1165 3718 1223 3762 ut
1256 3709 1309 3763 in
1337 3713 1734 3768 resurrectione

107 3804 202 3845 sua
235 3807 346 3846 non
375 3795 624 3862 permisit
647 3810 744 3852 eos
770 3796 958 3853 videre
1015 3800 1291 3871 quomodo
1337 3806 1728 3871 resurrexerit;

105 3883 316 3956 indigni
344 3886 490 3941 enim
516 3889 780 3960 erantqui
807 3889 945 3947 hanc
974 3890 1256 3958 viderent;
1281 3894 1376 3966 sed
1408 3897 1730 3953 ostenditex

104 3975 202 4041 iis,
239 3995 367 4048 qua:
399 3987 529 4035 tunc
555 3980 701 4038 fecit.
736 3981 1002 4040 Similiter
1031 3999 1153 4040 cum
1199 4001 1395 4057 aquam
1443 3989 1496 4058 ip
1541 3990 1729 4047 vinum

104 4070 374 4136 mutavit,
404 4072 496 4142 qui
525 4070 943 4131 discumbebant
967 4091 1074 4132 non
1101 4077 1307 4148 vident,
1343 4089 1530 4151 utpote
1556 4083 1724 4149 ebrii;

97 4162 474 4234 jndiciumque
514 4165 635 4220 aliis
686 4169 969 4237 permittit.
1020 4171 1112 4227 Sic
1145 4182 1202 4227 et
1226 4188 1369 4228 nunc
1394 4175 1591 4230 factum
1619 4186 1722 4232 est.

99 4251 236 4308 Nam
268 4253 433 4318 illos,
477 4256 569 4326 qui
619 4256 1034 4329 educebantur,
1088 4279 1194 4320 non
1245 4263 1468 4328 vident;
1526 4263 1724 4324 indicia

99 4359 233 4402 vero
258 4387 273 4411 ,
316 4361 387 4402 ex
411 4348 605 4418 quibus
627 4359 878 4419 poterant
905 4367 995 4409 res
1019 4367 1200 4424 geStas
1240 4355 1490 4414 ediscere
1509 4401 1525 4426 ,
1578 4361 1724 4415 vidc-

94 4448 249 4493 runt.
282 4437 394 4494 Cur
417 4456 515 4512 per
551 4453 764 4500 noctem
794 4447 975 4502 emisit
1022 4448 1186 4505 illos?
1223 4452 1359 4518 Quia
1409 4453 1505 4510 illo
1550 4457 1722 4527 magis

99 4545 261 4598 quam
309 4531 419 4586 alio
462 4534 626 4590 modo
673 4537 806 4591 ﬁdes
852 4538 957 4593 illis
1007 4539 1253 4598 habenda
1282 4556 1447 4601 erat:
1481 4547 1717 4620 alioquin

99 4637 209 4676 non
241 4622 320 4678 illi
352 4624 421 4679 ad
451 4626 893 4699 interrogandum
920 4634 1235 4703 venissent,
1265 4639 1351 4701 vel
1397 4642 1506 4695 alio
1557 4645 1719 4700 tuodo

99 4713 262 4768 etiam
289 4757 304 4778 ,
337 4716 438 4784 ipsi
468 4733 573 4773 non
610 4721 994 4780 credidissent.
1021 4725 1111 4783 Sic
1137 4739 1191 4783 et
1220 4732 1363 4802 apud
1394 4744 1608 4792 veteres
1628 4755 1718 4793 ac-

97 4806 267 4873 cidit,
325 4817 384 4863 ut
433 4809 999 4874 Nabuchodonosnri:
1047 4821 1182 4875 vidit
1219 4824 1502 4881 laudantes
1547 4829 1714 4885 Deum

98 4913 300 4968 pueros
329 4902 380 4956 in
412 4905 628 4960 camino
659 4907 798 4978 ignis
831 4907 1007 4979 (Dan.
1039 4913 1183 4989 5.191
1212 4916 1269 4985 ),
1301 4927 1354 4973 et
1389 4930 1516 4976 tunc
1536 4924 1715 4978 obstu-

99 4991 347 5062 pefactus
371 5004 474 5051 est.
503 4996 636 5052 Cum
667 5004 1000 5071 oportuisset
1033 5021 1162 5078 ergo
1196 5011 1428 5080 primum
1475 5016 1712 5073 interro-

96 5102 225 5156 gare
250 5131 266 5154 ,
295 5088 581 5155 Quomodo
607 5097 809 5164 egressi
840 5100 1014 5153 estis?
1040 5101 1138 5164 illi.
1173 5106 1326 5174 quasi
1354 5107 1488 5163 nihil
1513 5111 1710 5166 factum

98 5189 275 5247 esset,
336 5182 717 5256 interrogant,
771 5190 1014 5247 dicentes
1057 5210 1070 5245 :
1117 5193 1309 5252 Nonne
1365 5203 1711 5273 prmcipiendo

97 5273 435 5341 pra'cepimus
455 5278 595 5331 uobis
615 5294 678 5332 ne
697 5280 978 5350 loquamini
1000 5285 1024 5339 ?
1056 5286 1121 5341 Et
1144 5288 1287 5354 vide,
1318 5295 1592 5361 quomodo
1617 5312 1712 5366 per

97 5365 232 5420 alios
258 5366 437 5421 omnia
467 5368 697 5425 discant.
728 5372 924 5430 Vident
954 5379 1099 5433 enim
1135 5380 1380 5438 clausum
1407 5401 1707 5455 carcerem,

96 5467 148 5510 et
173 5459 430 5515 custodes
458 5473 665 5518 stantes
695 5475 820 5523 ante
835 5468 1050 5538 jannas.
1080 5474 1170 5528 21.
1223 5475 1324 5542 Qui
1361 5495 1478 5532 cum
1526 5482 1707 5536 audis-

95 5561 241 5615 sent,
269 5553 588 5609 intraverunt
617 5557 847 5614 diluculo
894 5563 950 5616 in
995 5567 1281 5636 templum,
1334 5581 1380 5624 et
1428 5573 1704 5630 docebant.

96 5644 378 5700 Adveniens
399 5657 575 5702 autem
601 5652 840 5723 princeps
867 5658 1188 5713 sacerdotum
1215 5700 1231 5729 ,
1266 5672 1312 5717 et
1357 5667 1445 5735 qui
1484 5683 1601 5720 cum
1648 5686 1706 5724 eo

95 5747 266 5804 erant,
294 5752 699 5797 convocaverunt
719 5747 1018 5816 concilium,
1049 5762 1096 5805 et
1121 5770 1294 5810 omnes
1323 5759 1547 5815 seniores
1569 5761 1706 5830 ﬁlio-

94 5846 201 5885 rum
233 5832 422 5901 Israel,
456 5847 502 5890 et
532 5838 774 5894 miserunt
802 5844 872 5896 ad
899 5860 1155 5901 carcerem
1199 5861 1254 5903 ut
1300 5853 1699 5914 adducerentur.

92 5919 176 5976 22.
205 5923 333 5981 Cum
361 5937 530 5984 autem
555 5933 804 5988 venissent
835 5936 1077 6008 ministri,
1108 5949 1354 6010 etaperto
1381 5963 1582 6002 carcere
1603 5969 1702 6006 non

1872 1558 2178 1619 invenissent
2218 1568 2372 1639 illos,
2420 1581 2609 1633 reversi
2652 1585 3038 1658 nuntiaverunt,
3073 1593 3166 1651 25.
3219 1601 3440 1659 dicentes
3472 1617 3490 1654 τ

1871 1650 2148 1714 Carcerent
2173 1663 2377 1729 quidem
2405 1669 2688 1730 invenimus
2713 1682 2945 1737 clausum
2971 1703 3089 1743 cum
3114 1697 3254 1748 omni
3273 1698 3489 1771 diligen-

1875 1747 1944 1771 ιι-
2002 1761 2040 1771 -.
2071 1768 2120 1771 -μ
2141 1764 2172 1771 κ-
2231 1757 2243 1771 η

1869 1842 2122 1897 neminem
2150 1848 2288 1904 intus
2308 1852 2612 1914 invenimus.
2651 1863 2860 1934 Duplex
2894 1876 3160 1933 securitas
3189 1892 3247 1935 ut
3295 1883 3351 1938 in
3399 1903 3485 1942 se-

1868 1938 2054 2003 pulcro
2078 1984 2093 2007 ,
2135 1945 2470 2016 signaculum
2522 1967 2579 2012 et
2624 1958 2893 2022 homines.
2926 1971 3084 2039 Vide,
3107 1995 3268 2049 quam
3301 1999 3482 2045 essent

1870 2026 1973 2049 ,ιη
2149 2037 2212 2048 ..
2271 2039 2313 2049 --
2436 2047 2445 2049 -

1867 2026 1981 2084 Deo
2012 2032 2234 2091 inimici.
2269 2039 2521 2102 Hmccine
2549 2049 2784 2113 humana
2807 2074 2965 2118 erant
2986 2108 3000 2130 ,
3031 2026 3278 2130 diclmihi
3300 2120 3316 2144 ,
3364 2098 3482 2150 qua:

1867 2124 2002 2150 ηιξ-Α..
2039 2127 2159 2150 211--
2191 2130 2225 2150 Ρ.
2256 2144 2289 2150 κ-
2472 2141 2525 2150 ν-
2623 2147 2632 2150 -
2687 2148 2693 2150 _

1863 2124 2006 2181 circa
2039 2127 2162 2184 illos
2191 2130 2328 2189 facta
2356 2149 2483 2195 sunt
2502 2141 2526 2196 ?
2543 2147 2664 2214 quis
2685 2148 2805 2207 illos
2826 2156 3015 2215 eduxit
3029 2163 3214 2233 januis
3238 2124 3438 2232 clausis
3464 2221 3475 2232 .

1862 2221 2136 2284 quomodo
2147 2227 2396 2285 exierunt
2411 2238 2724 2296 custodibus
2737 2257 2860 2303 ante
2873 2221 3329 2319 loresstantibus?
3347 2221 3479 2329 vere

1861 2779 2026 2837 tionis
2070 2799 2283 2843 ansam.
2333 2792 2526 2851 Viden’
2567 2803 2830 2864 miracula
2871 2812 3129 2888 diversa,
3195 2827 3300 2882 alia
3349 2833 3470 2890 aliis

1853 2871 2098 2980 adjecta;
2130 2882 2378 2992 quaedam
2429 2889 2500 2944 ab
2546 2892 2653 2951 illis
2698 2899 2872 2970 facta,
2904 2871 3152 2977 quredam
3185 2871 3300 2989 pro“

1851 2979 1972 3032 quas
1995 2969 2158 3024 etiam
2199 2974 2429 3034 clariora
2477 2990 2674 3044 erant?
2704 2991 2852 3050 Bene
2895 3001 3094 3059 factum
3118 3050 3132 3073 ,
3179 2969 3322 3081 quod
3361 2969 3468 3077 non

1850 3061 2032 3113 statim
2080 3065 2212 3134 ipsis
2249 3074 2553 3132 nuntiatum
2581 3084 2686 3150 sit,
2731 3089 2826 3144 sed
2857 3094 3008 3161 prius
3037 3061 3464 3172 auaii|luerintt

1851 3160 1910 3207 ut
1954 3156 2388 3223 internoscentes
2427 3171 2667 3232 divinam
2699 3196 2822 3239 esse
2842 3187 3098 3248 virtutem
3125 3239 3139 3258 .
3173 3201 3253 3257 sic
3281 3211 3462 3266 omnia

1855 3244 1923 3266 η
1945 3264 1985 3266 η
2044 3260 2055 3266 _
2111 3253 2175 3266 ,,
2272 3258 2316 3266 --

3125 3244 3139 3258 ,
3173 3244 3253 3257 ...ν
3281 3244 3462 3266 ...η-..α

1847 3244 2081 3306 discant.
2111 3253 2203 3309 2-1.
2239 3258 2342 3314 «Ut
2371 3276 2555 3323 autem
2579 3273 2869 3335 audierunt
2903 3284 3007 3344 hos
3051 3305 3338 3356 sermones
3354 3320 3470 3359 ma-

1845 3339 2102 3466 gistrﬂtus
2120 3354 2388 3466 templie:
2406 3361 2678 3434 principes
2706 3376 3073 3451 sacerdotum,
3109 3365 3461 3466 ambigebant

1844 3433 1914 3488 de
1937 3435 2042 3542 illis
2071 3441 2339 3557 quidnam
2357 3447 2532 3508 ﬂeret.
2564 3433 2656 3514 25.
2691 3433 3460 3557 Advenien;';1..7.';."$ii;'.2§

1849 3530 2118 3588 nuntiavit
2142 3537 2222 3592 eis
2250 3554 2266 3593 :
2295 3538 2438 3599 Ecce
2471 3548 2592 3616 viri,
2616 3569 2752 3623 quos
2782 3565 3043 3629 posuistis
3064 3571 3119 3628 in
3146 3530 3458 3648 cachrem.

1844 3631 1973 3736 smunt
2027 3625 2085 3736 in
2119 3633 2337 3730 .templo
2377 3646 2589 3699 stantes
2627 3656 2684 3702 ct
2735 3625 2996 3715 docentes

1841 3711 1996 3826 :l‘unc
2023 3716 2157 3774 abiit
2189 3727 2537 3797 magistratus
2567 3751 2691 3794 cum
2721 3711 3009 3819 ministris,
3035 3711 3454 3826 et

3043 3802 3096 3812 ν.
3124 3802 3352 3822 an“...
3389 3802 3453 3826 η.

1839 3802 1922 3860 los
1965 3808 2086 3864 sine
2129 3814 2179 3867 vi
2217 3832 2231 3866 :
2266 3818 2530 3880 timebant
2576 3831 2721 3886 enim
2779 3843 3036 3908 populum
3064 3889 3079 3912 ,
3140 3869 3207 3909 ue
3249 3857 3453 3929 lapida-

1839 3909 2028 3929 lsnnln...
2085 3923 2102 3929 _
2159 3905 2205 3929 ίὶ
2242 3909 2274 3929 3.
2307 3913 2344 3929 μ·
2390 3914 2403 3926 ο
2489 3919 2519 3929 γ.
2635 3925 2645 3929 -
2699 3926 2755 3929 _,

1836 3909 2058 4018 i'entut:1
2084 3923 2114 4010 ι.
2138 3905 2205 4018 ¹Ο
2241 3909 2646 3983 insipientiam!
2698 3905 3021 4006 Titneliant,
3066 3905 3447 4018 inquit-itur.-

1835 3989 1982 4048 bam.
2013 3995 2153 4063 Quid
2181 4003 2439 4070 proderat
2473 4013 2626 4068 turba
2652 4016 2678 4070 ?
2700 4018 2838 4078 Cum
2890 3989 3244 4099 opoituissei.
3267 3989 3449 4103 ’Deiiin

2925 4083 2947 4099 ,
2975 4083 3229 4095 Mm--.
3281 4083 3449 4103 υυυ...

1836 4083 2052 4199 Itimere,
2083 4093 2173 4161 qui
2201 4108 2420 4167 semper
2450 4101 2571 4160 illos
2603 4116 2873 4183 tamquam
2907 4124 3157 4184 volucres
3183 4149 3247 4188 ex
3285 4144 3460 4199 matti-

2730 4174 2744 4183 .
2951 4174 3156 4184 ““’”“’“¹”’
3184 4174 3247 4188 va
3285 4174 3406 4196 "'a"
3447 4174 3452 4182 Ι

1833 4174 1934 4233 bus
1961 4179 2201 4250 ipsorum
2233 4190 2530 4263 eripiebat,
2565 4198 2642 4255 illi
2672 4219 2804 4262 vero
2847 4215 3027 4281 potius
3073 4224 3286 4283 turbam
3333 4174 3452 4290 me.-

1831 4271 2074 4336 tuebant.
2103 4276 2194 4333 27.
2234 4301 2255 4334 σ
2285 4283 2542 4361 Princeps
2569 4304 2752 4354 autem
2784 4309 3128 4370 sacerdotum
3155 4319 3457 4400 interroga-

1831 4363 1903 4400 uit
1934 4381 2027 4400 nne
2101 4371 2283 4400 Αιηη..-
2317 4395 2328 4400 -
2359 4379 2429 4400 ιιι-ι
2482 4382 2549 4400 .1,
2850 4397 2859 4400 _

2990 4363 3128 4370 _-_-..
3155 4363 3360 4380 ..ιιυιιυ
3397 4363 3455 4384 ιι-

1830 4363 2029 4488 vitheos
2051 4409 2068 4433 ,
2099 4371 2286 4430 dicens
2317 4395 2328 4430 :
2359 4379 2449 4435 28.
2480 4382 2670 4444 Nonne
2700 4397 3066 4468 prmcipiendo
3091 4363 3455 4488 prmcepinius

1830 4470 1899 4488 ..η
1943 4458 1983 4488 ί..
2020 4477 2087 4488 ..Α
2116 4463 2380 4488 λαμ-μη
2416 4473 2428 4484 ·
2633 4482 2644 4488 ·
2769 4487 2777 4488 ί

1830 4457 1985 4513 vobis
2020 4477 2088 4517 ne
2113 4463 2387 4525 doceretis
2414 4473 2466 4527 in
2497 4482 2720 4539 nomine
2764 4457 2910 4544 isto?
2950 4495 3020 4551 Et
3062 4457 3190 4560 eloco
3229 4457 3457 4582 repletis

1834 4549 2127 4582 Ion-unnlnn.‘
2166 4559 2332 4582 1--.--

2952 4549 3015 4551 ”‘
3065 4549 3190 4560 *ννν
3229 4549 3286 4564 ιν
3312 4549 3441 4571 unus;

1827 4549 2129 4612 Jerusalem
2162 4559 2406 4620 doctrina
2435 4582 2638 4642 vestra,
2662 4589 2712 4632 ει
2758 4584 2923 4641 vultis
2969 4591 3232 4656 inducere
3281 4549 3441 4676 gum!

1829 4659 1926 4676 ntus
1952 4651 2267 4676 οσιηη..ἒ-.Α...
2301 4655 2361 4676 L,
2396 4675 2399 4676 ,
2435 4661 2447 4672 ο
2495 4662 2505 4673 ο
2569 4669 2579 4676 .
2641 4666 2653 4676 ι
2842 4675 2845 4676 ,

1828 4659 1928 4700 nos
1951 4651 2270 4720 sanguinem
2301 4655 2538 4717 hominis
2567 4666 2739 4726 istius.
2769 4691 2790 4728 ι
2822 4675 2960 4744 Quid
2995 4684 3156 4756 igitur
3179 4651 3436 4764 aPOSuI)“.

1829 4738 2023 4764 Ia...“u_-
2499 4757 2529 4764 .-

1825 4738 2027 4796 lterum
2051 4759 2172 4799 cum
2195 4757 2604 4815 mansuetudine
2617 4764 2972 4836 alloquuntur
2985 4738 3109 4847 etis;
3138 4738 3350 4847 tametsi
3370 4794 3442 4848 dio

1823 4844 1949 4888 cere
1966 4844 2244 4904 poterant:
2264 4843 2494 4910 Quinam
2509 4855 2642 4909 estis
2659 4866 2871 4934 vos,qui
2889 4843 3161 4931 Contraria
3180 4881 3289 4937 Deo
3306 4901 3435 4954 pra--

1823 4924 2038 4954 ηἶηζιεησ)
2088 4931 2195 4954 ca-.-
2238 4951 2253 4954 ξ
2307 4939 2394 4954 ’.Δ
2438 4943 2471 4954 η

1821 4924 2038 4994 cipitis?
2088 4931 2195 4988 Sed
2229 4939 2394 5006 quid?
2433 4943 2667 5004 Rursum
2714 4969 2998 5019 monentes
3046 4980 3101 5023 et
3150 4924 3443 5040 consiiium

1825 5016 2010 5040 .l-_-——
2518 5038 2529 5040 ’

1821 5016 2014 5078 dantes
2054 5040 2178 5081 cum
2209 5038 2628 5097 mansuetudine
2655 5054 3008 5118 respondent.
3057 5063 3148 5119 9.9.
3196 5016 3432 5141 Restim:

1822 5109 1949 5141 Αη..-
1974 5125 2139 5141 -..ιυυ
2177 5118 2262 5141 η-.
2418 5138 2426 5141 .
2648 5136 2678 5141 .-

1820 5109 1949 5166 dens
1971 5125 2143 5171 autem
2169 5118 2354 5178 Petrus
2379 5138 2426 5181 et
2452 5136 2678 5202 apostoli
2698 5141 2938 5201 dixerunt
2964 5167 2983 5204 .'
3004 5151 3223 5214 Obedire
3241 5109 3445 5234 ap’orm

1829 5203 1931 5234 Tt..-
1964 5213 2124 5234 ..-__:_
2167 5232 2183 5234 μ
2346 5221 2359 5234 ι
2462 5225 2472 5234 .
2519 5228 2553 5234 -.
2701 5233 2704 5234 ,

1818 5203 1951 5328 Περὶ
1962 5213 2125 5314 magis
2154 5232 2310 5285 quam
2335 5221 2645 5285 hominibus.
2689 5233 2878 5308 Magna
2913 5203 3223 5315 huiusmodi
3241 5203 3430 5328 lilii]:

1818 5302 2030 5417 striphia,
2063 5323 2166 5378 qua
2199 5316 2492 5374 ostendunt
2536 5325 2658 5382 illos
2701 5302 2826 5387 cum
2873 5302 3001 5392 Deo.
3033 5302 3310 5417 pugnaret:-

3033 5395 3292 5417 r__°-.......
3341 5395 3430 5416 υυ.

1819 5395 1959 5453 Deus
1985 5414 2192 5469 patrum
2223 5419 2514 5469 nostrorum
2541 5423 2807 5480 suscitavit
2837 5427 3038 5502 Jesum,
3067 5458 3213 5509 quem
3243 5465 3329 5504 vos
3352 5453 3430 5509 in-

1817 5492 2083 5546 teremistis
2105 5503 2470 5569 suspendentes
2497 5509 2549 5564 in
2572 5512 2734 5584 ligno.
2770 5519 2832 5575 51
2847 5562 2860 5574 .
2891 5524 3047 5582 Hunc
3073 5492 3356 5608 principem
3390 5562 3438 5605 et

1825 5583 2139 5608 υ-1-.,..,μ,η.
2277 5595 2306 5608 ι.
2385 5600 2394 5608 .
2447 5599 2479 5608 λ
2632 5607 2637 5608 ,

1818 5583 2144 5641 Salvatorem
2170 5595 2414 5650 exultavit
2437 5599 2579 5658 Deus
2604 5607 2815 5666 dextera
2836 5633 2950 5683 sua,
2982 5625 3052 5675 ad
3071 5583 3300 5686 ἑιαηάαςη
3325 5583 3428 5708 pa...

1818 5677 2077 5708 ..ἔθην-οἰκ...
2117 5681 2296 5708 I-___u
2362 5702 2372 5708 .
2519 5697 2528 5705 .
2593 5701 2602 5708 .

1813 5677 2079 5734 nitentium
2107 5681 2296 5741 lsraeli
2326 5702 2373 5744 et
2402 5697 2752 5758 remissionem
2785 5723 3133 5778 peccatorum.
3166 5677 3424 5794 Eutn,’in-

1811 5771 1950 5891 quit,
1980 5789 2140 5844 quem
2173 5795 2271 5835 vos
2300 5787 2597 5856 occidistis,
2654 5771 2796 5855 Deus
2836 5810 3137 5868 suscitavit.
3175 5818 3239 5873 Et
3281 5773 3425 5891 vide,

1813 5863 1956 5920 Patri
1986 5882 2178 5925 rursus
2208 5882 2380 5931 totum
2397 5881 2729 5955 adscribunt,
2760 5910 2827 5949 ne
2851 5898 3125 5960 videretur
3150 5925 3271 5965 esse
3293 5867 3429 5969 alie:

1813 5973 1912 6015 nus
1942 5977 1970 6015 a
2002 5963 2182 6022 Patre.
2219 5967 2285 6022 Et
2327 5976 2588 6048 exultavit,
2641 5984 2832 6057 inquit,
2894 5993 3104 6053 dextera
3147 6021 3263 6061 sua.
3315 6007 3435 6064 Hoc
