4068 6406
625 415 724 471 107

619 543 749 584 vero
777 542 881 581 non
905 526 1077 580 solum
1111 527 1574 590 resurrectionem,
1607 526 1699 579 sed
1730 528 1892 580 etiam
1923 525 2203 580 exultatio-

621 636 764 685 nem,
797 619 848 672 id
891 629 994 678 est.
1043 622 1483 690 assumptionetn,
1527 621 1809 689 significat.
1860 619 1942 671 Ad
1981 620 2203 672 dandam

623 711 969 780 ptznitentiam
992 711 1016 764 Ι
1024 714 1176 765 srusli
1183 751 1196 763 .

688 805 743 857 2.
774 803 900 858 Vide
927 819 1111 858 rursus
1140 805 1365 866 lucrum.
1393 812 1446 858 et
1469 803 1799 858 defensionis
1823 819 1972 858 more
2001 802 2204 857 doctri-

622 911 744 948 nam
802 895 1110 965 perfectam.
1158 895 1245 950 52.
1282 895 1347 948 Et
1386 912 1476 948 nos
1517 913 1688 950 sumus
1715 899 1826 966 ejus
1851 905 1995 949 testes
2025 895 2203 948 horum

620 987 907 1042 verborum.
949 987 1133 1058 Magna
1163 987 1374 1041 dicendi
1423 987 1657 1042 libertas.
1695 988 1894 1042 Deinde
1923 986 1988 1041 ad
2032 987 2204 1041 dictu-

619 1099 737 1136 rum
792 1083 949 1138 fidem
989 1081 1213 1151 adjicit:
1265 1080 1331 1135 Et
1369 1083 1576 1151 spiritus
1601 1092 1838 1148 sanctus,
1879 1097 2023 1148 quem
2065 1080 2204 1133 dedit

520 1204 528 1226 ι
618 1174 756 1228 Deus
773 1173 1109 1227 obedientibus
1123 1173 1238 1225 sibi.
1267 1172 1427 1227 Vides
1440 1171 1709 1242 quomodo
1724 1188 1830 1226 non
1857 1188 1954 1227 suo
1979 1182 2202 1234 tantum,

616 1265 708 1318 scd
740 1264 898 1318 etiam
922 1262 1152 1333 Spiritus
1184 1265 1491 1318 testimonio
1518 1269 1774 1319 utantur?
1796 1263 1903 1319 Nec
1933 1265 2202 1327 dixerunt,

619 1360 778 1424 Quem
806 1357 944 1411 dedit
975 1357 1162 1423 uobis;
1210 1357 1326 1422 sed,
1363 1356 1717 1411 Obetlientibus
1739 1373 1758 1411 :
1780 1359 1937 1411 simul
1964 1356 2206 1410 modeste

613 1457 852 1518 agentes,
879 1457 935 1502 et
978 1463 1227 1518 magnum
1265 1448 1411 1502 illum
1460 1462 1579 1503 esse
1607 1457 1992 1513 monstrantes,
2023 1445 2204 1500 decla-

618 1552 906 1612 l-antesque
935 1541 1075 1609 quod
1114 1551 1168 1596 et
1194 1541 1293 1611 ipsi
1326 1541 1530 1611 possint
1561 1541 1709 1594 ἰιΙιιιιι
1748 1540 2009 1608 accipere.
2051 1537 2201 1602 Vide,

618 1632 889 1703 qutmiodo
914 1641 970 1688 et
995 1633 1250 1703 Operibus
1280 1642 1329 1687 et
1352 1633 1530 1686 verbis
1552 1631 1888 1697 erudiuntur,
1916 1645 2013 1685 nec
2033 1639 2207 1684 atten-

615 1729 745 1779 dant
773 1743 787 1792 ;
821 1735 878 1780 ut
899 1725 1044 1795 justa
1074 1741 1258 1780 eorum
1289 1725 1559 1779 damnatio
1585 1724 1674 1780 sit.
1729 1725 1852 1779 Ideo
1898 1725 2039 1778 enim
2086 1723 2206 1776 illus

619 1819 757 1872 Deus
786 1817 994 1871 sinebat
1020 1817 1071 1870 in
1108 1816 1365 1885 judicium
1394 1815 1604 1881 adduci,
1650 1824 1707 1869 ιιι
1735 1816 1809 1869 illi
1840 1813 2202 1878 erudirentur,
2233 1810 2236 1812 ⁷

614 1912 660 1965 si
689 1910 902 1980 quidem
944 1911 1125 1963 uicere
1154 1909 1466 1970 Voluissent,
1512 1919 1566 1963 et
1601 1910 1828 1978 apostoli
1859 1908 1924 1961 ad
1959 1907 2203 1961 llduciam

617 2007 1032 2058 concitarentur.
1060 2003 1148 2057 55.
1181 2000 1308 2056 Herc
1338 2018 1452 2054 cum
1491 2001 1770 2066 audissent,
1802 1999 2202 2063 dissecabantur,

616 2107 661 2149 et
687 2095 969 2166 cogitabant
991 2096 1271 2163 interﬁcere
1288 2095 1422 2147 illos.
1451 2093 1581 2148 Vide
1603 2095 1872 2163 ingentem
1894 2092 2203 2162 nequitiam.

617 2189 747 2242 Cum
777 2188 1104 2256 Oportuisset
1127 2201 1191 2240 es
1232 2187 1298 2240 iis
1322 2202 1442 2255 qua:
1469 2184 1751 2240 audierant
1781 2184 2064 2248 deterreri,
2098 2183 2209 2237 dis-

617 2288 868 2333 secautur
896 2277 994 2341 illi,
1042 2288 1097 2332 et
1131 2276 1199 2330 de
1242 2275 1555 2331 occidendis
1603 2277 1735 2330 viris
1766 2273 1962 2330 frustra
1988 2275 2206 2330 consul-

620 2378 750 2423 tant.
780 2368 884 2423 Sed
910 2382 1130 2423 necesse
1159 2375 1242 2421 est
1284 2368 1531 2436 superius
1561 2365 1695 2420 lecta
1724 2376 1994 2436 repetere.
2032 2367 2202 2436 Ange-

619 2464 698 2516 lus
719 2472 886 2516 autem
915 2460 1124 2514 Domini
1151 2477 1240 2530 per
1269 2470 1464 2515 noctem
1484 2463 1714 2531 aperiens
1730 2462 1925 2530 januas
1966 2461 2205 2526 carceris,

616 2568 664 2610 et
697 2559 912 2611 educens
957 2572 1043 2609 eos
1067 2554 1235 2609 dixit:
1263 2551 1364 2619 Ite,
1405 2565 1452 2607 et
1480 2564 1669 2608 stantes
1697 2553 1961 2622 loquimini
1999 2555 2053 2607 in
2079 2563 2208 2607 tem-

617 2649 704 2716 pla
741 2651 874 2722 plebi
911 2649 1082 2702 omnia
1121 2648 1267 2702 verba
1311 2649 1425 2701 vita:
1453 2648 1624 2716 hujus.
1661 2647 1898 2702 Educeus
1929 2663 1948 2702 .'
1976 2665 2080 2703 non
2121 2649 2209 2704 ille

621 2744 799 2798 educit
825 2757 941 2809 eos,
973 2741 1068 2796 sed
1093 2740 1342 2806 dimittit;
1369 2751 1424 2794 ut
1449 2741 1572 2795 hinc
1597 2741 1908 2795 ostendatur
1929 2741 2211 2811 impertcr,

619 2839 753 2893 ritus
797 2837 1009 2891 illorum
1038 2839 1279 2900 animus,
1330 2849 1488 2904 quem
1522 2834 1622 2904 ipsi
1651 2834 2031 2900 esbibueruut,
2089 2850 2207 2890 cum

619 2935 776 2982 noctu
822 2927 874 2980 in
927 2925 1182 2996 templum
1217 2926 1441 2994 ingressi
1482 2923 1765 2980 decebant.
1810 2925 1963 2993 Quod
2017 2926 2060 2980 si
2092 2926 2210 2980 illos

618 3021 902 3089 eiecissent
944 3019 1194 3074 custodes
1214 3060 1229 3082 ,
1259 3028 1316 3072 ut
1339 3018 1416 3072 illi
1450 3019 1745 3087 putabant,
1781 3017 2048 3088 fugissent
2075 3034 2206 3090 apo-

618 3115 763 3179 stoli,
791 3113 836 3168 si
866 3122 1043 3167 tamen
1072 3113 1570 3180 obtemperassent;
1623 3112 1733 3164 imo
1762 3111 1806 3165 si
1850 3113 1972 3166 illos
2000 3112 2213 3167 emisis-

619 3213 755 3267 sent,
808 3218 914 3257 non
946 3203 1002 3256 in
1043 3201 1243 3271 templo
1269 3201 1567 3269 stetissent,
1597 3200 1692 3256 sed
1723 3201 1900 3272 fugam
1928 3199 2201 3266 fecissent,

619 3295 760 3364 quod
815 3308 972 3349 nemo
1021 3308 1125 3347 non
1175 3291 1383 3356 videat,
1433 3293 1534 3346 nisi
1571 3294 1833 3363 insipiens
1881 3295 1970 3348 sit.
2023 3293 2212 3349 Nonne

621 3383 958 3455 praecipiendo
1009 3383 1336 3452 precepimus
1380 3383 1559 3436 vobis!
1604 3385 1658 3437 Si
1712 3385 1896 3454 utique
1942 3384 2020 3439 illi
2059 3385 2210 3442 vobis

622 3473 1134 3544 obtemperaveriut,
1176 3482 1323 3546 recte
1353 3473 1614 3542 arguitis;
1670 3472 1753 3526 sin
1799 3483 1925 3528 tunc
1974 3475 2212 3530 dixerint

622 3566 774 3621 vobis
811 3580 871 3620 se
897 3579 1003 3642 non
1032 3565 1500 3633 obtemperaturos
1531 3578 1674 3629 esse,
1725 3563 1921 3619 frustra
1964 3569 2208 3638 arguitis,

625 3661 817 3712 frustra
854 3655 1164 3727 pracipitis.
1196 3654 1331 3710 Vide
1359 3656 1646 3722 criminum
1691 3657 2209 3729 inconsequentiam,

623 3761 678 3804 et
704 3752 972 3820 ingentem
1003 3749 1303 3803 stultitiam.
1337 3749 1750 3820 Sanguinarium
1782 3751 2000 3807 demum
2028 3756 2215 3810 volunt

625 3843 913 3899 ostendere
960 3843 1267 3898 Judmorum
1298 3843 1556 3909 animum,
1597 3855 1652 3898 et
1676 3845 1826 3914 quod
1853 3847 1950 3917 ipsi
1986 3864 2092 3903 non
2125 3867 2215 3905 ve-

626 3937 798 3991 ritatis
824 3950 984 3990 causa
1027 3938 1141 3989 haec
1183 3943 1361 4004 agant,
1393 3935 1484 3990 sed
1519 3950 1575 3990 ιιι
1601 3953 1658 3992 se
1691 3938 2036 3995 ulciscantur.
2091 3943 2215 4000 Ideo

627 4046 732 4083 non
784 4029 1041 4084 audacter
1090 4029 1221 4099 ipsis
1264 4030 1595 4099 respondent
1644 4033 1917 4102 apostoli:
1963 4036 2214 4092 doctores

627 4123 768 4177 enim
801 4130 986 4185 erant;
1028 4121 1127 4176 etsi
1170 4122 1289 4192 quis
1331 4137 1453 4177 cum
1484 4125 1752 4179 civitatem
1785 4134 1947 4181 totam
1978 4145 2214 4183 commo-

631 4217 812 4278 visset,
839 4225 893 4268 et
920 4224 1062 4268 tanta
1090 4215 1251 4270 fultus
1277 4228 1420 4271 esset
1440 4219 1631 4287 gratia,
1664 4236 1767 4274 non
1788 4233 2040 4292 maguum
2064 4223 2215 4293 quid-

632 4307 770 4374 piam
809 4307 1057 4376 loquutus
1104 4309 1290 4364 esset?
1341 4313 1408 4364 At
1450 4326 1552 4365 non
1590 4313 1638 4366 id
1671 4312 1912 4368 fecerunt
1948 4317 2056 4379 illi;
2110 4334 2215 4372 non

630 4400 774 4454 enim
798 4399 1182 4468 irascebantur,
1216 4401 1309 4457 sed
1347 4403 1736 4459 miserabantur
1762 4419 1814 4460 et
1841 4409 2215 4478 laerymaban-

631 4503 718 4548 tur
745 4494 884 4558 illos,
916 4501 972 4547 et
998 4492 1388 4554 deliberabant.
1417 4497 1684 4564 quomodo
1718 4499 1832 4551 illos
1857 4500 1925 4552 ab
1953 4516 2136 4556 errore
2163 4514 2218 4556 et

630 4587 705 4638 ira
739 4593 1072 4639 revocarent.
1107 4584 1221 4638 Non
1260 4587 1396 4640 ultra
1441 4588 1624 4642 dicunt
1657 4591 1778 4651 illis,
1833 4591 1929 4645 Vos
1952 4594 2217 4662 judicate,‘

632 4679 724 4732 sed
779 4679 849 4732 ita
897 4679 1222 4732 sententiam
1275 4678 1473 4746 ferunt,
1531 4682 1692 4748 Quem
1736 4684 1873 4739 Deus
1924 4689 2218 4754 suscitavit;

631 4772 756 4825 hinc
785 4771 1140 4837 declarantes,
1198 4771 1312 4827 haec
1358 4789 1423 4829 ex
1471 4776 1734 4830 sententia
1780 4779 1874 4833 Dei
1914 4779 2048 4834 facta
2075 4798 2215 4837 esse.

631 4861 747 4916 Non
769 4861 1020 4916 dixerunt
1049 4881 1060 4915 :
1088 4865 1278 4917 Annon
1305 4873 1429 4918 tunc
1455 4866 1693 4922 diximus
1728 4870 1876 4922 vobis
1908 4887 1922 4918 :
1952 4869 2070 4924 Non
2100 4891 2218 4940 pos-

628 4971 824 5016 sumus,
854 4969 966 5021 qua:
995 4953 1210 5007 vidimus
1234 4965 1279 5008 et
1307 4957 1614 5024 audivimus,
1669 4977 1770 5013 non
1812 4963 1950 5032 loqui
2000 4965 2133 5032 (Act.
2159 4967 2214 5020 4.

629 5048 768 5115 '20)?
809 5064 914 5100 non
942 5049 1085 5101 enim
1118 5049 1440 5102 contentiosi
1465 5061 1651 5114 erant;
1685 5053 1780 5106 sed
1809 5071 1992 5107 rursus
2029 5057 2216 5112 eadem

635 5148 839 5202 dicunt,
868 5140 1082 5192 crucem
1114 5153 1326 5207 nempe,
1357 5142 1827 5195 resurrectionem.
1868 5143 2052 5214 Neque
2079 5149 2217 5200 refe-

630 5241 754 5284 runt
780 5245 897 5293 cur,
922 5244 1021 5282 nec
1055 5229 1195 5298 quod
1225 5244 1321 5299 pro
1350 5230 1508 5286 nobis
1529 5233 1815 5289 crucifixus
1841 5237 1941 5301 sit;
1972 5237 2066 5291 sed
2088 5239 2217 5293 sub-

635 5323 870 5376 indicant
899 5320 1136 5391 quidem,
1183 5337 1280 5375 nec
1325 5323 1605 5379 manifeste
1655 5325 1960 5396 loquuntur,
2000 5338 2056 5384 ut
2096 5331 2214 5387 illos

633 5415 843 5469 interim
883 5415 1212 5468 deterreant.
1261 5414 1516 5482 Quzenam
1549 5419 1634 5472 hic
1667 5420 1973 5477 rhetorica?
2016 5423 2168 5480 Nulla
2199 5445 2212 5480 :

633 5511 704 5561 ita
736 5507 855 5562 sine
889 5521 1149 5578 apparatu
1179 5513 1517 5582 evangelium
1549 5515 1670 5568 vita:
1701 5517 2081 5584 praedicabant.
2117 5519 2215 5576 Ubi

629 5601 784 5664 dixit,
817 5597 1102 5668 Exaltavit,
1133 5603 1358 5670 addidit,
1393 5621 1493 5674 qua
1538 5606 1606 5661 de
1646 5623 1802 5662 causa
1837 5627 1850 5663 :
1881 5611 1962 5663 Ad
1992 5613 2215 5669 dandam

631 5692 977 5760 ptenitentiam
1025 5692 1209 5749 lsraeli
1235 5738 1248 5756 ,
1327 5705 1372 5750 et
1453 5699 1796 5753 remissionem
1872 5716 2211 5772 peccatorum.

632 5784 699 5837 At
753 5784 970 5850 dicent,
1025 5784 1150 5841 Haec
1202 5797 1327 5843 tunc
1373 5790 1671 5857 probabilia
1715 5787 1820 5844 non
1880 5794 2211 5852 videbantur.

632 5877 769 5942 Quid
816 5876 996 5933 dicis?
1032 5880 1300 5948 quomodo
1344 5898 1446 5937 non
1497 5881 1789 5952 probabilia
1837 5885 1962 5954 illa,
2015 5890 2208 5959 quibus

1321 412 1376 468 s.
1416 410 1692 468 JUANNIS
1727 410 2205 468 ettuvsosrout
2243 381 2563 470 ARCHIEP.
2603 405 3134 468 CONSTANTINOP.

3816 413 3916 468 108

2313 541 2415 583 nec
2463 524 2728 596 principes
2776 543 2876 581 nec
2914 527 3196 582 multitudo
3223 527 3594 588 contradicere
3640 537 3910 598 poterant,

2311 618 2406 672 sed
2454 619 2683 673 aliorum
2727 621 2943 687 quidem
2975 637 3068 674 ora
3115 622 3538 684 obturahantur,
3583 622 3678 675 alii
3738 633 3916 676 autem

2310 713 2673 767 docebantur?
2700 712 2768 766 Et
2790 730 2882 767 nos
2902 731 3096 778 sumus,
3129 715 3322 786 inquit,
3350 727 3495 771 testes
3522 716 3712 769 horum
3737 716 3917 767 acrba-

2311 820 2442 856 rum.
2472 804 2708 870 Quorum
2732 804 2755 856 Ῥ
2806 805 2958 870 Quod
2994 807 3406 868 remissionem.
3453 807 3594 877 quod
3644 809 3917 876 peniten-

2315 895 2439 948 tiam
2467 895 2774 965 promiserit
2805 913 2817 948 :
2850 911 2972 951 nam
2999 899 3326 954 resurrectio
3346 903 3399 953 in
3423 899 3680 954 confesso
3699 898 3920 953 demum

2312 995 2446 1041 erat.
2480 987 2632 1053 Quod
2677 1003 2805 1042 vero
2833 987 2925 1042 det
2951 989 3374 1059 remissionem,
3422 1000 3478 1046 et
3505 1006 3606 1045 nos
3631 999 3804 1046 testes
3833 1005 3921 1044 suo

2312 1091 2433 1132 mus
2458 1088 2511 1133 et
2531 1078 2760 1148 Spiritus
2781 1089 3016 1144 sanctus,
3043 1083 3133 1149 qui
3153 1097 3259 1136 non
3286 1082 3543 1143 venisset,
3565 1083 3668 1135 nisi
3689 1095 3915 1152 peccata

2311 1178 2437 1224 ante
2463 1169 2633 1224 soluta
2657 1170 2900 1224 fuissent.
2931 1171 3324 1241 Argumentum
3349 1173 3526 1241 itaque
3554 1173 3917 1226 indubitatum

2313 1260 2416 1314 hoc
2455 1272 2554 1316 εει.
2611 1259 2961 1315 Peccatorum
3008 1263 3379 1318 remissionem
3411 1264 3589 1328 audis,
3627 1264 3798 1316 miser
3822 1307 3836 1324 ,
3870 1276 3920 1316 et

2311 1350 2453 1420 quod
2480 1365 2662 1419 pcenas
2685 1365 2789 1404 non
2818 1361 3027 1419 repetat
3047 1393 3062 1416 ,
3094 1363 3148 1407 et
3178 1352 3255 1406 vis
3284 1353 3570 1408 occidere?
3603 1353 3673 1407 Et
3703 1365 3919 1423 quanta:

2312 1443 2414 1499 hoc
2440 1445 2692 1514 nequitia)
2721 1461 2826 1506 non
2867 1443 3064 1499 fuerit?
3103 1446 3264 1515 Atqui
3304 1446 3609 1515 oportebat,
3647 1449 3731 1501 vel
3767 1463 3919 1499 meu-

2311 1536 2505 1591 tientes
2537 1536 2896 1607 redarguere;
2929 1538 3012 1592 vel
3040 1538 3083 1591 si
3115 1539 3320 1593 nollent
3340 1539 3586 1605 credere,
3621 1555 3734 1594 non
3765 1542 3908 1594 occi-

2310 1629 2458 1685 dere.
2495 1629 2633 1697 Quid
2695 1632 2839 1685 cuim
2882 1641 3056 1685 morte
3085 1632 3304 1702 dignum
3350 1633 3505 1688 erat?
3570 1639 3639 1688 At
3689 1636 3766 1689 illi
3804 1651 3913 1704 prre

2310 1720 2492 1777 furore
2523 1738 2590 1778 ne
2627 1723 2844 1792 quidem
2877 1725 3120 1779 sciebant
3148 1725 3272 1795 quid
3301 1724 3500 1782 factum
3530 1739 3698 1782 esset.
3757 1727 3915 1791 Vide,

2309 1815 2580 1883 quomodo
2611 1814 2699 1870 hic
2729 1815 2936 1870 facinus
2965 1826 3347 1882 memorantes,
3379 1819 3448 1874 de
3473 1820 3801 1876 remissione
3829 1821 3911 1875 lo-

2310 1916 2542 1974 quantur
2577 1926 2590 1960 :
2623 1907 2971 1962 ostendentes
2999 1907 3233 1963 facinora
3261 1911 3478 1970 quidem
3522 1922 3699 1967 morte
3753 1913 3917 1982 digna

2312 2013 2450 2064 esse,
2509 1998 2885 2054 remissionem
2935 2015 3062 2055 vero
3091 2001 3244 2070 quasi
3282 2003 3728 2071 resipisceutibus
3776 2004 3915 2058 dari.

2312 2090 2594 2157 Quomodo
2645 2092 2801 2146 aliter
2834 2091 3140 2162 persuaderi
3175 2103 3442 2163 poterant,
3474 2113 3632 2163 quant
3665 2097 3919 2152 docendo

2314 2184 2437 2239 illos
2469 2185 2547 2238 sic
2590 2184 2724 2238 bene
2766 2195 2982 2238 acturos
3019 2187 3178 2241 esse?
3227 2185 3296 2240 Et
3322 2186 3443 2241 vide
3471 2187 3865 2255 malignitatem
3903 2209 3914 2242 :

2312 2276 2636 2331 Sadducmos
2663 2276 2764 2331 illis
2812 2276 3100 2341 inducunt,
3149 2277 3238 2347 qui
3273 2281 3504 2334 maxime
3546 2278 3616 2334 de
3667 2297 3922 2336 resurre-

2314 2369 2492 2423 ctione
2521 2367 2811 2434 dolcbant;
2840 2369 2934 2424 sed
2963 2369 3092 2423 nihil
3120 2369 3223 2425 illis
3244 2372 3442 2426 malitia
3467 2371 3692 2442 profuit.
3718 2373 3918 2428 Verum

2316 2459 2543 2515 fortasse
2575 2459 2715 2514 dicet
2739 2461 3005 2532 quispiam
3037 2478 3049 2512 :
3083 2461 3281 2532 Ecquis
3305 2463 3500 2518 talibus
3527 2461 3734 2526 fruens,
3779 2483 3919 2534 qua-

2315 2550 2456 2605 libus
2498 2551 2765 2621 apostoli,
2800 2551 2983 2615 bonis,
3021 2568 3128 2607 non
3162 2568 3386 2624 magnus
3416 2554 3588 2610 factus
3632 2559 3806 2611 esset?
3853 2561 3922 2611 At

2315 2643 2436 2698 vide
2463 2642 2753 2714 quomodo,
2783 2654 3076 2714 antequam
3103 2645 3272 2714 gratia
3301 2645 3628 2712 fruerentur,
3663 2663 3921 2716 perseve-

2316 2743 2503 2789 rantes
2550 2735 2875 2790 unanimiter
2925 2737 3161 2790 erantin
3194 2736 3458 2800 oratione,
3491 2748 3546 2792 et
3589 2739 3642 2792 in
3683 2755 3918 2809 superna

2314 2829 2482 2898 gratia
2516 2839 2816 2897 sperantes.
2852 2828 2919 2882 Et
2965 2840 3042 2893 tu,
3090 2829 3327 2894 dilecte,
3381 2845 3604 2898 regnum
3656 2832 3918 2886 cwlorum

2315 2935 2521 2988 speras,
2541 2930 2594 2974 et
2613 2920 2742 2974 nihil
2773 2920 3040 2975 sustines?
3070 2931 3124 2974 et
3151 2931 3204 2972 tu
3227 2919 3479 2989 Spiritum
3509 2923 3788 2991 accepisti,
3819 2939 3921 2978 nec

2316 3012 2440 3066 talia
2474 3012 2714 3081 pateris,
2759 3027 2938 3082 neque
2969 3011 3337 3082 periclitaris?
3387 3011 3464 3066 Illi
3517 3015 3832 3085 priusquam
3889 3037 3918 3069 a

2317 3105 2585 3173 prioribus
2610 3106 2961 3173 respirareut,
2983 3121 3169 3160 rursus
3183 3107 3248 3160 ad
3271 3106 3370 3160 alia
3391 3106 3745 3162 ducebantur.
3781 3111 3918 3165 Illud

2317 3203 2494 3250 autem
2526 3197 2696 3266 ipsum
2721 3213 2826 3250 non
2853 3197 3049 3263 inflari,
3084 3215 3182 3254 nec
3209 3215 3341 3253 vana
3368 3201 3541 3269 gloria
3563 3201 3728 3267 allici,
3747 3220 3919 3272 quau-

2320 3299 2428 3344 tum
2473 3299 2552 3344 est
2587 3291 2820 3344 bonum?
2849 3290 2981 3347 Cum
3011 3295 3420 3348 mansuetudine
3450 3295 3617 3363 loqui,
3655 3307 3920 3365 quantum

2315 3393 2400 3438 est
2424 3384 2668 3439 lucrum?
2712 3385 2896 3456 Neque
2940 3387 3084 3440 enim
3139 3387 3320 3442 omnia
3351 3390 3538 3458 gratia:
3578 3399 3771 3454 erant;
3827 3393 3922 3444 sed

2318 3476 2530 3531 illorum
2561 3493 2774 3548 quoque
2805 3478 2966 3533 studii
2999 3480 3194 3536 indicia
3229 3482 3397 3536 multa
3426 3494 3569 3536 sunt.
3607 3484 3740 3538 Nam
3773 3487 3922 3555 quod

2318 3569 2502 3637 gratiae
2527 3569 2667 3624 dona
2696 3571 2747 3624 in
2790 3570 2896 3626 illis
2925 3572 3294 3643 splenderent,
3349 3589 3534 3629 eorum
3567 3590 3713 3630 cura:
3739 3587 3795 3632 et
3839 3579 3925 3632 di-

2319 3661 2551 3733 ligentia:
2580 3673 2716 3718 erat.

2391 3757 2443 3811 5.
2489 3755 2620 3812 Vide
2647 3773 2876 3828 namque
2903 3757 3085 3812 statim
3113 3775 3143 3813 a
3176 3759 3440 3830 principio
3465 3775 3624 3830 quam
3649 3762 3919 3818 sollicitus

2327 3850 2398 3902 sit
2427 3850 2637 3909 Petrus,
2673 3868 2833 3919 quam
2864 3853 2988 3922 vigil
3018 3864 3072 3907 et
3097 3855 3343 3918 sobrius;
3377 3854 3647 3923 quomodo
3692 3857 3927 3912 creden-

2325 3950 2404 3993 tes
2438 3941 2692 4008 pecunias
2723 3941 3074 4010 abjiciebaut.
3119 3941 3262 3997 Nihil
3311 3945 3580 4014 proprium
3633 3946 3926 4012 habebant,

2325 4034 2375 4086 in
2409 4035 2652 4087 oratione
2685 4035 3060 4100 versabantur,
3092 4037 3436 4091 conecirdiam
3467 4040 3826 4104 exhibebant,
3877 4045 3927 4095 in

2318 4124 2537 4193 jejuuiis
2567 4127 2818 4194 agebant.
2866 4127 2990 4181 llaec
3018 4143 3079 4182 ex
3113 4143 3217 4198 qua
3248 4130 3440 4198 gratia,
3473 4146 3655 4199 qiueso
3676 4131 3698 4183 ?
3721 4133 3850 4188 Ideo
3878 4135 3926 4187 id

2322 4215 2523 4280 eflicit,
2574 4228 2631 4270 ut
2679 4233 2775 4286 per
2825 4217 3106 4272 ministros
3172 4235 3300 4274 suos
3351 4221 3781 4291 redarguantur;
3835 4244 3924 4294 ιιι..

2324 4309 2504 4370 etiam,
2557 4319 2611 4361 ιιι
2661 4310 2798 4378 apud
2846 4309 3120 4364 Christum
3147 4312 3294 4364 missi
3322 4313 3591 4378 dicebant,
3625 4313 3930 4386 Numquam

2327 4401 2476 4454 homo
2507 4401 2580 4452 sic
2602 4399 2842 4469 loquutus
2888 4413 2982 4466 est,
3017 4413 3143 4454 Sit‘ttl
3192 4404 3272 4455 llic
3315 4405 3463 4458 homo
3496 4405 3676 4474 (Joan.
3706 4407 3759 4461 7.
3793 4410 3891 4476 46)
3914 4452 3926 4468 .

2325 4494 2778 4548 annuntiaverunt
2805 4497 3004 4548 reversi
3039 4513 3156 4564 qiuc
3186 4495 3446 4551 viderant.
3479 4499 3556 4552 Tu
3581 4510 3760 4553 autem
3794 4504 3929 4556 mihi

2327 4587 2414 4642 hic
2443 4587 2721 4641 considera
2750 4587 2960 4642 illorum
2991 4589 3480 4655 mansuetudinem,
3523 4595 3799 4662 quomodo
3831 4611 3927 4651 ce-

2327 4682 2458 4736 dunt
2486 4697 2498 4745 ;
2534 4697 2740 4736 necnon
2773 4681 2953 4736 fictam
3002 4684 3260 4752 principis
3287 4686 3628 4740 sacerdotum
3663 4700 3926 4745 mentem.

2329 4774 2597 4828 Mansuete
2625 4773 2768 4826 enim
2800 4773 2906 4826 illis
2937 4774 3194 4843 loquitur,
3230 4784 3413 4844 utpote
3449 4778 3676 4839 timens;
3717 4791 3773 4834 ct
3806 4798 3932 4850 pro-

2325 4864 2510 4920 hibere
2545 4866 2714 4934 magis
2743 4866 2995 4931 volebat,
3044 4881 3201 4945 quam
3240 4867 3503 4931 occidere,
3535 4871 3657 4940 quia
3710 4873 3762 4926 id
3820 4889 3927 4928 non

2331 4970 2532 5026 potera'
2600 4963 2774 5030 Atque
2819 4971 2880 5014 ut
2922 4974 3114 5014 omnes
3150 4972 3402 5028 moveat,
3447 4979 3508 5018 ac
3553 4964 3622 5018 de
3667 4971 3928 5021 extremis

2327 5052 2508 5122 periei.
2577 5053 2618 5105 ri
2647 5053 2896 5120 suadeat,
2934 5052 3125 5114 Vultis,
3161 5053 3348 5123 inquit,
3375 5056 3614 5112 inducere
3649 5077 3805 5126 super
3836 5079 3929 5115 nos

2327 5145 2622 5214 sanguinem
2660 5145 2880 5198 hominis
2922 5145 3103 5200 illius?
3153 5146 3342 5203 Adhuc
3386 5149 3547 5202 homo
3579 5151 3672 5204 tibi
3719 5153 3930 5209 videtur

2327 5236 2488 5290 esse?
2520 5235 2594 5289 lla
2636 5237 2790 5300 dixit,
2826 5238 3118 5292 ostendens
3148 5239 3248 5294 hoc
3279 5251 3604 5310 przcceptum
3633 5253 3690 5296 et
3713 5245 3926 5312 jussum

2328 5329 2429 5382 silri
2464 5331 2592 5396 ipsis
2639 5330 3001 5384 necessarium
3047 5347 3187 5386 esse.
3231 5332 3334 5386 Sed
3383 5332 3506 5388 vide
3554 5335 3681 5404 quid
3734 5337 3927 5391 Petro;

2326 5421 2467 5474 dicat
2499 5439 2510 5473 :
2548 5420 2699 5474 llunc
2752 5423 3030 5492 principem
3062 5435 3106 5477 et
3137 5426 3454 5479 Salvatorem
3497 5425 3634 5480 Deus
3685 5431 3929 5484 exultauit

2327 5517 2536 5569 dextera
2558 5534 2672 5580 sua,
2709 5516 2776 5568 ad
2806 5516 3029 5571 dandam
3060 5519 3405 5588 pwnitentiam
3432 5519 3642 5587 Israeli,
3674 5534 3722 5578 et
3749 5528 3928 5579 remis-

2326 5611 2518 5663 sionem
2561 5628 2674 5677 ρεστ
2702 5621 2898 5664 rtorum.
2935 5613 3030 5666 llic
3059 5629 3165 5665 non
3193 5615 3438 5669 meminit
3459 5619 3721 5684 gentium,
3775 5630 3831 5672 ut
3865 5637 3928 5674 ne

2327 5721 2510 5760 ausam
2540 5705 2659 5758 dan
2687 5746 2711 5756 ..
2745 5703 2810 5757 Et
2841 5706 3090 5771 volebant,
3119 5707 3310 5775 inquit,
3353 5709 3579 5762 occidere
3606 5710 3744 5764 illos.
3799 5712 3927 5766 Vide

2326 5815 2536 5853 rursum
2569 5800 2664 5851 hos
2693 5799 2742 5851 iu
2773 5800 3015 5868 angustia
3043 5809 3098 5853 et
3124 5799 3312 5853 dolore
3339 5817 3352 5864 ;
3390 5802 3504 5854 illos
3528 5817 3656 5854 vero
3687 5803 3737 5855 in
3771 5808 3924 5874 quie-

2329 5906 2411 5958 te,
2448 5896 2624 5948 Lctitia
2660 5906 2704 5946 I-t
2732 5895 3022 5964 voluptate.
3051 5892 3164 5949 Non
3197 5895 3351 5966 simp'
3417 5897 3420 5900 ’
3662 5896 3922 5958 ‘oleliant.
