4068 6408
172 379 269 436 I07

236 489 300 562 β’.
329 490 472 561 Ὀρα
499 487 661 542 πάλιν
693 487 754 539 τὸ
783 485 974 556 κέρδος
998 484 1093 537 καὶ
1113 486 1172 537 ἐν
1194 485 1345 550 τάξει
1367 482 1664 552 ἀπολογίας
1688 481 1768 534 δι-

163 572 464 628 δασκαλίαν
489 570 929 642 ἀπηρτισμένην.
964 569 1073 622 Καί
1130 568 1297 638 ἡμεῖς
1345 569 1532 636 ἐσμεν
1577 565 1766 620 αὑτοῦ

159 655 463 726 μάρτυρες
490 654 612 707 τῶν
625 650 912 722 ῥημάτων
948 652 1192 705 τούτων.
1241 650 1418 722 Πολλὴ
1465 652 1498 721 η
1552 651 1768 721 παρῤη-

168 741 279 794 σία.
312 734 452 793 Εἶτα
479 737 790 804 ἀξιόπιστον
817 735 1059 808 [λοιπὸν]
1076 736 1170 788 τὸν
1207 736 1370 802 λόγον
1425 733 1621 794 ποιῶν,
1673 735 1770 786 ἐπ-

164 825 346 895 ήγαγε
363 840 378 855 ο
411 820 523 876 Καὶ
552 817 620 872 τὸ
644 807 888 888 Πνεῦμα
905 831 931 860 ι
961 807 1139 872 sfw
1165 818 1356 889 ἅγιον,
1414 818 1446 872 ὃ
1492 817 1717 871 ἔδωκεν
1738 818 1772 868 ὁ

167 907 318 972 Θεὸς
356 904 482 970 τοῖς
523 903 962 972 πειθαρχοῦσιν
1018 901 1201 967 αὐτῷ.
1245 904 1432 974 Ὀρᾷς,
1489 902 1607 964 πῶς
1647 900 1771 970 οὐχὶ

170 993 338 1062 μόνον
355 992 424 1059 τῆ
455 986 691 1053 ἑαυτῶν,
733 987 872 1040 ἀλλά
902 988 996 1041 καὶ
1022 989 1087 1057 τῇ
1119 986 1216 1040 τοῦ
1250 986 1571 1056 Πνεύματος
1631 1002 1773 1055 μαρ-

167 1073 334 1145 τυρία
366 1071 698 1143 κέχρηνται;
746 1072 858 1125 Kal
904 1070 1004 1123 οὐκ
1053 1065 1226 1133 εἷπον,
1273 1071 1339 1123 Ὀ
1369 1069 1571 1123 ἔδωκεν
1617 1069 1771 1138 ἡμῖν,

167 1157 328 1220 ἀλλά,
368 1155 497 1221 Τοῖς
534 1157 925 1223 πειθομένοιςο
955 1154 1072 1224 ἄμα
1103 1153 1202 1225 μὲν
1229 1153 1636 1225 μετριάζοντες,
1655 1150 1773 1223 ἃμα

166 1241 226 1294 δὲ
250 1241 396 1309 μέγα
408 1239 540 1293 αὐτὸ
561 1237 894 1301 δεικνύντες,
920 1239 1014 1290 καὶ
1031 1236 1339 1307 δηλοῦντες,
1363 1239 1446 1291 ὅτι
1476 1238 1570 1290 καὶ
1587 1237 1774 1295 αὐτοῖς

167 1322 397 1376 δυνατὸν
421 1321 628 1375 λαϐεῖν.
666 1321 828 1391 Ὅρα,
859 1320 978 1384 πῶς
999 1320 1092 1374 καὶ
1117 1320 1184 1374 δι’
1218 1320 1400 1391 ἔργων
1434 1322 1531 1373 καὶ
1558 1318 1646 1372 διὰ
1673 1322 1773 1390 ρη-

172 1407 366 1478 μάτων
399 1403 771 1466 ἐπαιδεύοντο,
797 1403 891 1457 xal
911 1404 976 1457 οὺ
1020 1406 1333 1474 προσεῖχον,
1361 1404 1447 1457 ῖνα
1469 1403 1655 1457 δικαία
1676 1403 1775 1454 αὑ-

166 1493 286 1554 τοῖς
322 1492 356 1562 ή
384 1489 711 1558 κατάκρισις
732 1487 981 1558 γένηται.
1024 1489 1124 1542 Διά
1171 1488 1282 1558 γάρ
1328 1504 1411 1540 τοι
1439 1486 1598 1540 τοῦτο
1627 1486 1725 1539 καὶ
1747 1485 1776 1537 ὁ

167 1576 307 1639 Θεὸς
338 1572 637 1644 συνεχώρει
663 1571 896 1640 ἄγεσθαι
923 1571 1124 1634 αὐτοὺς
1152 1572 1232 1634 είς
1280 1571 1656 1643 δικαστήριον,
1686 1570 1774 1623 ἵνα

168 1661 273 1715 καὶ
304 1660 504 1712 ἐκεῖνοι
534 1655 922 1720 παιδεύωνται,
956 1655 1011 1707 εῖ
1033 1671 1098 1724 γε
1129 1654 1423 1726 μανθάνειν
1462 1654 1771 1722 ἐϐούλοντο,

170 1744 273 1797 καὶ
301 1744 351 1793 oi
379 1742 407 1781 δ
436 1739 728 1794 ἀπόστολοι
762 1739 842 1802 είς
867 1739 1182 1810 παρρησίαν
1219 1738 1572 1807 ἀλείφωνται.
1609 1740 1674 1792 Ol
1706 1738 1775 1792 δὲ

167 1832 576 1891 ἀκούσαντες,
610 1824 972 1892 διεπρίοντο,
1016 1825 1115 1877 καὶ
1150 1823 1481 1878 ἐϐούλοντο
1530 1823 1775 1878 ἀνελεῖν

166 1911 421 1977 αὐτούς.
455 1910 602 1978 Ὅρα
630 1907 833 1970 κακίας
855 1905 1189 1978 ὑπερϐολήν.
1212 1907 1341 1960 Δέον
1368 1907 1456 1977 ἐφ’
1495 1902 1575 1969 οἷς
1607 1907 1775 1977 ἠκου-

169 2013 279 2049 σαν
307 1991 768 2061 καταπλαγῆναι,
803 1991 854 2043 οἱ
878 1991 935 2043 δέ
957 1990 1324 2063 διαπρίονται,
1356 1989 1450 2044 καὶ
1488 1991 1774 2063 βουλεύον-

168 2096 267 2131 ται
323 2078 454 2144 εἰκῆ
515 2076 748 2130 ἀνελεῖν.
799 2073 937 2127 Ἀλλ’
990 2075 1290 2143 ἀναγκαῖον
1341 2075 1527 2129 λοιπὸν
1566 2074 1774 2128 ἀνωθεν

172 2161 310 2214 ίδεῖν
331 2163 398 2213 τὰ
425 2160 836 2229 ἀνεγνωσμένα.
874 2159 1159 2228 Ἀγγελος
1189 2158 1258 2210 δε
1285 2158 1505 2224 Κυρίου
1533 2157 1632 2211 διὰ
1663 2157 1774 2225 τῆς

168 2244 399 2310 νυκτὸς
420 2243 631 2312 ἤνοιξε
666 2243 772 2308 τὰς
803 2243 1007 2308 πύλας
1038 2239 1149 2310 τῆς
1174 2240 1486 2310 φυλακῆς,
1509 2242 1608 2295 καί
1676 2242 1775 2307 ἐξ-

166 2325 414 2396 αγαγὼν
438 2327 655 2392 αὐτοὺς
688 2322 891 2379 εἶπενο
928 2327 1285 2394 Πορεύεσθε,
1313 2327 1412 2378 καὶ
1446 2324 1775 2391 σταθέντες

168 2410 419 2467 λαλεῖτε
443 2413 513 2466 ἐν
538 2408 622 2476 τῷ
648 2409 782 2478 ἱερῷ
815 2409 896 2475 τῷ
927 2409 1057 2475 λαῷ
1086 2409 1286 2464 ⁴πάντα
1314 2410 1386 2464 τὰ
1399 2411 1642 2480 ρηματα
1663 2409 1776 2479 τῆς

169 2494 326 2564 ζωῆς
352 2496 597 2561 ταύτης.
647 2495 990 2565 Ἐξαγαγών
1016 2512 1029 2525 ·
1073 2497 1174 2549 οὐκ
1222 2495 1386 2559 αὐτὸς
1427 2497 1630 2565 ἀπάγει
1673 2497 1775 2550 αὑ-

165 2580 320 2642 τοὺς,
347 2580 464 2633 ἀλλ’
496 2580 722 2650 ἀφίησιν
743 2597 758 2610 ’
785 2579 927 2633 ὥστε
955 2580 1050 2634 καὶ
1077 2579 1253 2653 ταύτῃ
1294 2580 1476 2634 αὐτῶν
1526 2582 1776 2654 γνωσθῆ-

167 2682 262 2718 ναι
288 2665 349 2718 τὸ
377 2665 826 2733 ἀκατάπληκτον,
861 2664 888 2717 δ
916 2665 1011 2720 καὶ
1037 2664 1247 2732 ἔδειξαν
1271 2666 1465 2730 νυκτὸς
1507 2667 1776 2722 εἰσελθόν-

164 2763 263 2810 τες
283 2749 365 2810 εἰς
391 2748 452 2801 τὸ
489 2748 632 2818 ἱερὸν
655 2749 752 2801 καὶ
778 2748 1143 2813 διδάσκοντες.
1189 2749 1252 2802 ΕΞ
1289 2749 1348 2802 δὲ
1391 2749 1648 2815 ἐξέϐαλον
1677 2751 1775 2804 αὒ-

163 2833 298 2894 τοὺς
321 2833 370 2884 οἱ
396 2831 660 2900 φύλακες,
690 2832 766 2896 ῶς
793 2834 992 2886 ἐκεῖνοι
1020 2831 1271 2902 ἐνόμιζον
1291 2873 1306 2896 ,
1367 2832 1566 2903 ἔφυγον
1602 2836 1688 2902 ἂν,
1723 2834 1778 2889 εἴ

165 2929 233 2982 γε
257 2913 576 2978 πεισθέντες
602 2914 828 2984 ἐξῆλθον
852 2932 865 2946 ο
901 2916 1103 2986 μᾶλλον
1133 2917 1210 2979 δὲ,
1245 2919 1292 2970 εί
1328 2916 1579 2984 ἐξέϐαλον
1614 2929 1635 2958 ο
1670 2921 1772 2972 αύ-

166 2996 296 3059 τοὺς
315 2999 538 3062 ἐκεῖνοι,
562 2999 661 3051 οὐκ
678 3000 743 3052 ἂν
767 3001 847 3063 είς
865 2999 926 3051 τὸ
945 2999 1092 3070 ἱερὸν
1114 2999 1370 3071 ἔστησαν,
1395 3001 1510 3055 ἀλλ’
1533 3003 1772 3073 ἀπέδρα-

167 3096 274 3132 σαν
322 3082 410 3135 ἀν.
427 3081 607 3158 Τοῦτο,
639 3083 695 3135 δέ
722 3082 894 3146 οὐδεὶς
931 3083 1106 3146 οὕτως
1124 3084 1352 3154 ἀνόητος
1374 3083 1527 3138 ὥστε
1553 3087 1628 3158 μὴ
1648 3105 1774 3141 συν-

165 3164 320 3219 ιδεῖν,
345 3165 494 3235 Οὐχὶ
543 3164 691 3238 [I05]
716 3168 1088 3236 παραγγελία
1104 3171 1591 3241 παρηγγείλαμεν
1606 3169 1769 3240 ὑμῖν,

165 3247 306 3320 φησι
329 3265 343 3313 ;
370 3250 433 3301 Ει
465 3250 564 3319 μὲν
593 3246 686 3304 οὖν
716 3252 813 3303 καὶ
838 3253 996 3304 αὐτοὶ
1022 3252 1357 3324 ἐπείσθησαν
1390 3256 1551 3319 ὑμῖν,
1589 3257 1772 3321 καλῶς

166 3331 427 3386 εὐθύνετε
450 3349 466 3363 ο
503 3333 631 3387 εἰδὲ
662 3334 757 3386 καὶ
787 3335 846 3400 ἐξ
873 3335 1086 3388 ἐκείνου
1146 3331 1302 3390 εἷπον
1355 3338 1444 3412 μὴ.
1484 3339 1772 3411 πεισθήσε-

164 3417 319 3480 σθαι,
350 3417 607 3489 περιτταὶ
629 3419 684 3469 αἱ
711 3417 955 3484 εὐθῦναι,
993 3420 1251 3487 περιτταὶ
1280 3422 1376 3473 καὶ
1397 3422 1452 3473 αί
1484 3438 1772 3493 παραγγε-

162 3501 302 3555 λίαι.
335 3501 482 3572 Ὅρα
515 3499 882 3572 ἐγκλημάτων
906 3502 1321 3564 ἀνακολουθίαν,
1357 3505 1453 3557 καὶ
1495 3503 1772 3579 ὑπερϐάλ-

162 3585 368 3640 λουσαν
404 3585 616 3640 ἄνοιαν.
652 3586 887 3649 Φονικάς
914 3586 1102 3640 λοιπὸν
1143 3586 1428 3657 βούλονται
1461 3589 1631 3655 δεῖξαι
1669 3591 1770 3655 τὰς

159 3670 519 3742 προαιρέσεις
539 3669 648 3722 τῶν
694 3669 984 3734 Ἰουδαίων,
1017 3669 1093 3732 ώς
1130 3673 1191 3723 οὐ
1218 3671 1286 3723 δι’
1306 3673 1565 3743 ἀλήθειαν
1596 3674 1768 3728 ταῦτα

161 3751 488 3814 ποιούντων,
549 3753 662 3806 ἀλλ’
711 3753 854 3807 ὥστε
908 3752 1222 3824 ἀμύνασθαι
1263 3753 1624 3827 βουλομένων.
1669 3759 1770 3820 Διά

160 3837 326 3890 τοῦτο
355 3837 450 3890 καὶ
480 3837 600 3890 οὐδὲ
636 3837 882 3907 θρασέως
908 3839 1092 3901 αὐτοῖς
1117 3839 1512 3909 ἀποκρίνονται
1561 3842 1608 3893 οί
1633 3830 1768 3894 ἀπό-

162 3921 381 3974 στολοι·
408 3921 719 3974 διδάσκαλοι
770 3920 880 3992 γὰρ
905 3916 1048 3992 ῆσαν
1072 3936 1082 3947 ·
1113 3921 1294 3974 καίτοι
1323 3921 1408 3986 τίς
1441 3924 1542 3977 οὐκ
1568 3924 1634 3978 ἂν
1665 3927 1765 3996 τὴν

163 4006 324 4058 πόλιν
375 4006 598 4058 ἃπασαν
644 4006 1130 4077 ἀναρτησάμενος,
1168 4005 1263 4058 καὶ
1315 4007 1582 4078 τοσαύτης
1635 4011 1766 4061 ἀπο-

159 4089 350 4142 λαύων
373 4089 616 4158 χάριτος,
646 4084 798 4141 εἶπεν
831 4091 896 4140 ἂν
919 4089 982 4158 δή
1009 4105 1061 4140 τι
1089 4090 1183 4141 καὶ
1231 4089 1533 4158 ἐφθέγξατο
1582 4093 1723 4162 μέγα
1747 4112 1761 4160 ;

176 4173 323 4226 Ἀλλ’
354 4175 452 4242 οὐχ
483 4168 626 4226 οὗτοι
652 4189 663 4200 ·
708 4173 769 4225 ού
804 4173 912 4245 γὰρ
946 4171 1264 4242 ὠργίζοντο,
1295 4174 1410 4226 ἀλλ’
1441 4176 1633 4244 ἠλέουν
1664 4180 1759 4230 αὑ-

159 4260 291 4321 τοὺς
321 4258 416 4312 καὶ
438 4258 722 4329 ἐδάκρυον,
754 4259 849 4310 καὶ
878 4259 1168 4323 ἐσκόπουν,
1195 4259 1346 4319 ὅπως
1371 4259 1567 4323 αὐτοὺς
1588 4262 1764 4315 ἀπαλ-

159 4341 369 4404 λάξωσι
389 4342 486 4412 τῆς
515 4342 724 4410 πλάνης
754 4340 964 4393 καὶτοῦ
1005 4341 1199 4410 θυμοῦ.
1245 4343 1358 4395 Kal
1403 4344 1502 4395 οὐκ
1562 4345 1640 4398 ἔτι
1675 4347 1763 4399 λέ-

155 4442 324 4495 γουσι
348 4427 485 4498 πρὸς
524 4427 745 4488 αὐτούς·
794 4423 994 4494 Ὑμεῖς
1027 4426 1272 4493 κρίνατε
1298 4445 1310 4456 ·
1378 4427 1493 4479 ἀλλ’
1525 4430 1763 4498 ἀποφαί-

158 4528 344 4564 νονται
375 4511 641 4579 λέγοντες·
679 4514 789 4563 Ὃν
817 4513 850 4563 ό
882 4509 1025 4576 Θεὸς
1055 4509 1252 4579 ἤγειρε
1276 4527 1288 4540 ·
1327 4510 1415 4564 διὰ
1444 4511 1632 4566 τούτου
1669 4516 1764 4585 δη-

158 4595 406 4657 λοῦντες,
465 4596 545 4647 ὅτι
598 4594 740 4648 κατά
783 4593 1010 4665 γνώμην
1070 4594 1164 4646 τοῦ
1214 4593 1350 4646 Θεοῦ
1381 4595 1558 4649 ταῦτά
1589 4600 1758 4654 ἐστιν.

153 4680 279 4731 ϋύκ
305 4675 456 4730 εἷπον
483 4678 560 4742 δὲ,
585 4680 665 4731 ὅτι
686 4681 802 4731 Οὐκ
831 4678 1059 4749 εἴπομεν
1095 4678 1223 4748 ὑμῖν
1249 4678 1343 4730 καὶ
1377 4680 1522 4746 τότε,
1572 4682 1762 4750 Ἡμεῖς

158 4766 232 4817 οὑ
265 4761 593 4832 δυνάμεθα,
637 4762 676 4817 ἁ
710 4763 952 4832 εἴδομεν
977 4763 1076 4816 καὶ
1115 4764 1490 4832 ἠκούσαμεν,
1532 4765 1617 4836 μὴ
1649 4771 1760 4822 λα-

157 4846 331 4910 λεῖν;
366 4847 426 4898 ού
461 4846 570 4916 γάρ
600 4849 706 4900 εἱσι
739 4847 1051 4918 φιλότιμον
1096 4847 1230 4900 ἀλλά
1292 4849 1456 4902 πάλιν
1500 4849 1568 4903 τά
1620 4853 1761 4906 αὑτά

157 4947 318 4998 φασι,
350 4930 440 4982 τὸν
471 4930 726 5000 σταυρὸν,
754 4933 854 5002 τὴν
892 4933 1208 4985 ἀνάστασιν.
1249 4933 1359 4984 Kal
1400 4933 1458 4986 οὐ
1514 4933 1759 5003 λέγουσι,

154 5017 247 5069 διὰ
274 5017 328 5067 τί
363 5015 684 5087 ἐσταυρώθη
712 5035 726 5049 ο
760 5019 844 5072 ὃτι
877 5018 1018 5088 ὑπὲρ
1052 5019 1244 5088 ἡμῶν·
1276 5019 1391 5072 ἀλλ’
1432 5021 1759 5077 αἰνίττονται

158 5099 282 5169 μὲν,
315 5097 468 5151 οὔπω
505 5098 562 5152 δὲ
587 5101 866 5172 φανερῶς,
894 5102 1032 5164 τέως
1073 5102 1272 5165 αὐτοὺς
1308 5103 1549 5173 φοϐῆσαι
1581 5106 1758 5175 βουλό-

158 5200 338 5252 μενοι.
366 5182 505 5236 Εἰπέ
542 5201 654 5254 μοι,
678 5185 807 5236 ποία
858 5185 1116 5255 ῥητορεία
1165 5187 1434 5252 ἐνταῦθα;
1477 5190 1752 5260 Οὐδεμία⁸

157 5268 306 5322 οὕτω
326 5271 495 5338 χωρὶς
517 5270 860 5339 κατασκευῆς
882 5271 942 5321 τὸ
964 5272 1063 5339 τῆς
1081 5271 1226 5340 ζωῆς
1255 5273 1555 5343 ἐκήρυττον
1579 5274 1757 5346 Εὐαγ-

160 5353 364 5422 γέλιον.
395 5353 578 5407 Εἰπὼν
605 5354 686 5419 δὲ,
711 5356 796 5408 ὅτι
827 5356 1085 5423 Ὕψωσε,
1150 5356 1298 5425 λέγει
1349 5360 1441 5411 καὶ
1477 5361 1568 5413 ἐπὶ
1625 5363 1751 5428 τίνι,

171 5437 306 5491 Ἐπὶ
336 5436 415 5502 τῷ
444 5437 650 5492 δοῦναι
677 5439 1026 5507 μετάνοιαν,
1055 5442 1299 5508 ἐπάγων,
1343 5441 1422 5507 τῷ
1465 5443 1714 5514 Ἰσραὴλ
1738 5487 1752 5510 ,

157 5524 256 5577 καὶ
307 5523 532 5592 ἄφεσιν
577 5523 900 5592 ἁμαρτιῶν.
957 5525 1098 5578 ’Λλλ’
1131 5525 1369 5579 ἀπίθανα
1407 5527 1579 5582 ταῦτα
1615 5531 1752 5595 τέως

154 5607 352 5672 ἐδόκει,
381 5609 535 5676 φασί.
571 5609 633 5660 Τί
671 5609 882 5676 λέγεις;
915 5611 1010 5663 καὶ
1041 5611 1161 5672 πῶς
1187 5611 1247 5663 οὐ
1286 5611 1487 5665 πιθανά
1526 5613 1748 5679 μᾶλλον,

153 5686 238 5755 οἷς
264 5709 326 5758 γε
356 5694 456 5745 οὐκ
482 5693 741 5764 ἄρχοντες
771 5695 1047 5746 ἀντειπεῖν
1083 5689 1248 5762 εἶχον,
1281 5697 1342 5747 οὐ
1371 5695 1605 5765 πλῆθος*
1633 5698 1751 5751 ἀλλ’

153 5778 207 5833 οί
246 5776 346 5848 μὲν
362 5777 813 5848 ἐπεστομίζοντο,
845 5779 894 5829 οἰ
918 5777 974 5829 δὲ
997 5778 1376 5846 ἐδιδάσκοντο;
1409 5781 1517 5834 Καὶ
1555 5783 1748 5852 ἡμεῖς,

220 5915 419 5984 tldem
443 5916 714 5984 παρρησία,
744 5916 826 5964 καὶ
866 5916 922 5965 τὸ
963 5917 1235 5984 ἀξιόπιστον
1258 5933 1268 5944 ·
1318 5919 1410 5984 Kal
1450 5913 1506 5967 τὸ
1528 5921 1745 5984 Πνεῦμα.

158 5977 188 6045 ξ,
544 5977 886 6045 ’παιδεύωνται-,
917 5982 1014 6045 ,καὶ
1055 5981 1225 6036 πάντες
1261 5981 1549 6045 μανθάνωσι,
1577 5977 1744 6035 καὶόί.

162 6043 186 6072 ⁸³
222 6041 319 6102 Alii
371 6041 578 6101 ἐξῆλθον,
601 6043 679 6089 καὶ
715 6043 753 6090 εί
777 6042 1016 6104 ἐξέϐαλονε

1155 366 1224 422 ΙΝ
1262 366 1450 422 ACTA
1488 360 2032 419 APOSTOLORUM.
2072 359 2310 417 HOMIL.
2343 357 2483 414 XIII.

3371 355 3475 412 I08

1877 481 2012 550 φησὶ
2039 522 2056 547 ,
2115 477 2418 549 μάρτυρες
2469 475 2588 530 τῶν
2636 476 2927 544 ῥημάτων
2977 473 3208 528 τούτων
3257 472 3470 542 ἐσμέν.

1875 564 2089 631 Ποίων;
2124 564 2248 616 Ὅτι
2273 561 2492 632 ἄφεσιν,
2514 561 2598 615 ὅτι
2637 560 2932 630 μετάνοιαν
2980 555 3352 627 ἐπηγγείλατο
3375 572 3390 585 ·
3439 556 3475 625 ἡ

1879 648 1979 718 μὲν
2006 647 2117 719 γὰρ
2146 646 2447 709 ἀνάστασις
2475 641 2544 716 ἦν
2565 643 2754 698 λοιπὸν
2775 640 3206 713 ώμολογημένη.
3248 641 3372 692 ὀτι
3421 638 3481 692 δὲ

1872 733 2069 802 ἀφισιν
2101 731 2339 794 δίδωσιν,
2366 732 2530 801 ἡμεῖς
2568 725 2960 800 μαρτυροῦμεν
2980 765 2996 789 ,
3025 725 3122 778 καὶ
3165 723 3230 776 τὸ
3253 722 3484 794 Πνεῦμα

1870 816 1933 868 τὸ
1957 816 2135 883 ἀγιον,
2170 813 2199 867 δ
2227 814 2329 866 οὐκ
2357 812 2424 868 ἀν
2447 811 2673 884 ἐπῆλθε,
2699 811 2778 881 μὴ
2807 809 3076 880 πρότερον
3095 805 3124 846 ἀ
3153 805 3267 860 τῶν
3303 807 3486 878 ἀμαρ-

1869 896 2007 951 τιῶν
2055 896 2356 951 λυθεισῶν·
2416 895 2561 950 ὥστε
2625 892 3119 964 ἀναμφισϐήτητον
3182 891 3486 964 τεκμήριον

1870 983 2032 1036 τοῦτό
2061 985 2232 1036 ἐστιν.
2267 984 2500 1052 Ἀφεσιν
2521 982 2944 1054 ἁμαρτημάτων
3003 975 3248 1039 ἀκούεις,
3305 974 3483 1037 ἄθλιε,

1873 1068 1970 1121 καὶ
1995 1070 2078 1122 ὃτι
2108 1068 2168 1121 οὐ
2197 1068 2356 1137 δίκην
2389 1068 2638 1130 ἀπαιτεῖ,
2697 1063 2796 1119 καὶ
2845 1062 3026 1134 βούλει
3075 1061 3330 1125 ἀνελεῖν;
3373 1061 3487 1113 Kal

1877 1151 2049 1222 πόσης
2080 1152 2254 1205 ταῦτα
2286 1153 2409 1222 οὐχὶ
2429 1152 2673 1215 κακίας;
2702 1149 2899 1203 Καίτοι
2929 1147 2962 1218 ἢ
2993 1144 3269 1215 διελέγξαι
3299 1145 3487 1216 ψευδο·

1877 1235 2076 1306 μένους
2099 1237 2343 1308 ἐχρῆν,ἥ
2377 1237 2452 1308 μὴ
2485 1233 2846 1306 δυναμένους,
2879 1232 3171 1300 πεισθῆναι
3193 1248 3206 1261 ·
3243 1233 3293 1284 εί
3322 1230 3380 1284 δέ
3409 1230 3485 1301 μὴ

1874 1321 2162 1375 ἐϐούλοντο
2189 1321 2504 1389 πεισθῆναι,
2542 1321 2618 1392 μὴ
2644 1319 2880 1374 ἀνελεῖν.
2912 1317 2978 1372 Τί
3007 1315 3118 1388 γάρ
3159 1311 3229 1387 ἦν
3258 1315 3486 1387 ἀναιρέ-

1874 1422 2016 1470 σεως
2047 1405 2234 1473 ἀξιον;
2273 1405 2337 1459 Οί
2365 1404 2423 1458 δέ
2460 1404 2567 1458 ὑπὸ
2600 1402 2695 1456 τοῦ
2736 1399 2914 1473 θυμοῦ
2965 1399 3088 1454 οὐδέ
3148 1399 3387 1456 συνεῖδον
3424 1399 3488 1450 τὸ

1872 1491 2264 1562 γεγενημένον.
2304 1491 2477 1562 Ὅρα,
2521 1487 2641 1553 πῶς
2697 1485 2938 1541 ἐνταῦθα
3005 1484 3488 1556 μνημονεύσαντες

1872 1573 1971 1627 τοῦ
1993 1573 2369 1646 τολμήματος,
2389 1571 2521 1644 περὶ
2543 1572 2796 1640 ἀφέσεως
2820 1570 3190 1638 διαλέγονται,
3240 1566 3490 1622 δεικνύν-

1871 1674 1987 1722 τες,
2008 1658 2090 1711 ὅτι
2110 1657 2180 1710 τὰ
2211 1656 2310 1728 μὲν
2329 1655 2681 1726 γεγενημένα
2709 1653 2837 1719 ἀξια
2876 1652 3137 1716 θανάτου,
3169 1651 3240 1705 τά
3264 1650 3322 1704 δέ
3345 1649 3488 1704 διδόο

1877 1758 2018 1812 μενα
2053 1741 2130 1805 ὠς
2155 1739 2499 1812 εὑγνώμοσιν
2534 1738 2768 1792 ἐδίδοντο
2798 1749 2842 1790 ο.
2881 1735 3008 1800 Πῶς
3051 1736 3119 1793 ἂν
3168 1735 3347 1798 ἄλλως
3402 1751 3489 1797 τις

1873 1826 2094 1880 ἔπεισεν
2125 1826 2326 1887 αὐτοὺς
2351 1822 2384 1893 ἢ
2409 1823 2486 1886 ὡς
2512 1820 2942 1890 εὐδοκιμοῦντας
2971 1819 3180 1885 εἰπώνς
3242 1819 3354 1873 Kal
3385 1819 3490 1889 ὅρα

1871 1911 1972 1980 τὴν
2026 1908 2408 1978 κακουργίαν·
2461 1906 2588 1967 τοὺς
2653 1904 3050 1968 Σαδδουκαίους
3125 1903 3312 1967 αὐτοῖς
3387 1904 3490 1972 ἐφ-

1875 1992 2124 2055 ιστῶσιν,
2158 1990 2208 2044 οἳ
2243 1990 2484 2061 μάλιστα
2505 1988 2710 2060 ἤλγουν
2745 1988 2839 2041 ἐπὶ
2868 1991 2935 2058 τῇ
2982 1987 3300 2044 ἀναστάσει.
3343 1983 3488 2038 Ἀλλ’

1871 2076 2027 2129 οὐδὲν
2052 2076 2152 2146 τῆς
2181 2074 2451 2147 πονηρίας
2479 2073 2788 2128 ἀπώναντο.
2832 2072 2974 2125 Ἀλλ’
3033 2072 3164 2136 ἴσως
3209 2074 3328 2143 ἐρεῖ
3369 2085 3485 2132 τις·

1873 2161 1986 2214 Kal
2010 2160 2094 2224 τίς
2125 2160 2417 2232 ἄνθρωπος
2445 2159 2704 2219 τοιούτων
2739 2156 3057 2220 ἀπολαύων,
3088 2159 3219 2210 οἵων
3241 2157 3293 2210 οί
3346 2155 3487 2208 ἀπό-

1875 2244 2076 2307 στολοι,
2116 2244 2220 2297 οὐκ
2244 2243 2311 2297 ἂν
2346 2243 2519 2315 μέγας
2541 2243 2797 2312 ἐγένετο;
2847 2241 2990 2296 Ἀλλ’
3034 2243 3138 2313 ὅρα
3208 2258 3299 2313 μοι
3355 2240 3490 2312 πρὶν

1873 2329 1908 2401 ἢ
1967 2327 2283 2382 ἀπολαῦσαι
2335 2329 2439 2400 τῆς
2486 2328 2732 2400 χάριτος,
2775 2327 2895 2390 πῶς
2944 2322 3087 2398 ἦσαν
3138 2341 3490 2398 προσκαρτε-

1878 2412 2102 2485 ροῦντες
2127 2412 2478 2484 ὁμοθυμαδὸν
2542 2415 2609 2483 τῇ
2663 2415 2968 2483 προσευχῇ,
3010 2412 3107 2464 καὶ
3171 2409 3491 2475 ἐλπίζοντες

1875 2499 1967 2551 ἐπὶ
1984 2497 2082 2568 τὴν
2105 2495 2314 2552 ἀνωθεν
2334 2498 2530 2569 ῥοπήν.
2550 2495 2663 2550 Καὶ
2682 2497 2746 2548 σὺ
2759 2494 2915 2568 [106]
2927 2493 3190 2558 ἐλπίζεις,
3210 2493 3486 2564 ἀγαπητὴ

1876 2582 2160 2653 βασιλείαν
2209 2580 2479 2652 οὐρανῶν,
2536 2579 2656 2634 ἀλλ’
2706 2579 2862 2632 οὐδὲν
2919 2578 3243 2650 ὑπομένειςς
3294 2578 3388 2632 καὶ
3421 2579 3487 2631 σὺ

1875 2666 2104 2739 Πνεῦμα
2144 2666 2357 2730 ἐλαϐες,
2393 2663 2510 2718 ἀλλ’
2542 2664 2603 2717 οὐ
2626 2663 2852 2717 τοιαῦτα
2893 2663 3148 2734 πάσχεις,
3195 2662 3320 2716 ούδέ
3370 2679 3490 2717 κιν-

1873 2750 2155 2816 δυνεύεις;
2195 2749 2426 2803 Ἐκεῖνοι
2475 2746 2555 2810 δέ,
2610 2747 2741 2818 πρὶν
2779 2748 2812 2819 ἢ
2859 2747 2970 2799 τῶν
3029 2745 3316 2818 προτέρων
3363 2746 3491 2804 ἀνα-

1874 2834 2132 2898 πνεῦσαι,
2165 2833 2332 2887 πάλιν
2357 2831 2443 2902 ἐφ’
2476 2831 2640 2902 ἕτερα
2664 2829 2884 2902 ῆγοντο.
2918 2830 3030 2882 Kal
3055 2829 3219 2886 τοῦτο
3259 2829 3316 2884 δὲ
3355 2829 3489 2884 αὐτὸ

1871 2920 1934 2973 τδ
1961 2921 2036 2991 μὴ
2061 2918 2403 2988 τυφωθῆναι,
2439 2917 2500 2970 τὸ
2533 2915 2607 2987 μὴ
2644 2914 3020 2986 κενοδΟΞῆσαι,
3041 2915 3211 2968 πόσον
3244 2915 3392 2969 ἐστὶν
3423 2915 3488 2966 ά-

1871 3004 2072 3075 γαθόνι
2110 3004 2171 3056 τὸ
2198 3002 2338 3073 μετὰ
2365 3000 2672 3064 ἐπιεικείας
2723 2997 3094 3066 διαλέγεσθαι,
3161 2998 3330 3051 πόσον
3369 2998 3490 3050 ἐστὶ

1871 3089 2063 3159 κέρδος
2093 3089 2105 3141 !
2131 3089 2205 3141 Οὐ
2240 3086 2352 3157 γὰρ
2381 3085 2445 3156 δὴ
2484 3085 2665 3137 πάντα
2695 3083 2795 3153 τῆς
2816 3083 3041 3154 χάριτος
3080 3077 3171 3154 ἦν,
3214 3081 3355 3140 ἀλλά
3393 3083 3490 3136 καὶ

1871 3173 1968 3242 τῆς
1993 3172 2176 3225 αὐτῶν
2211 3170 2448 3238 σπουδῆς
2487 3166 2660 3220 πολλὰ
2693 3167 2760 3219 τά
2793 3167 3092 3236 τεκμήρια.
3159 3164 3235 3219 Τὸ
3277 3165 3389 3238 γάρ
3428 3167 3489 3218 ἐν

1871 3256 2057 3319 αὐτοῖς
2075 3255 2145 3307 τά
2173 3253 2277 3324 τῆς
2309 3253 2534 3325 χάριτος
2560 3250 2912 3322 διαλάμπει-ν,
2947 3251 3044 3320 τῆς
3075 3248 3261 3306 αὐτῶν
3284 3253 3488 3324 ἐπιμε-

1871 3337 2022 3402 λείας
2044 3334 2137 3409 ἦν.

1950 3421 2164 3492 γ’.Ὅρα
2194 3420 2325 3490 γοῦν
2354 3419 2518 3484 εὐθὺς
2544 3419 2604 3486 ἐξ
2630 3421 2826 3492 ἀρχῆς,
2859 3418 2976 3482 πῶς
3000 3423 3486 3493 μεμεριμνημένος

1869 3504 1898 3556 ὀ
1921 3505 2126 3576 Πέτρος
2144 3505 2284 3567 ἐστὶ,
2315 3503 2433 3567 πῶς
2450 3508 2635 3574 νήφων
2665 3503 2762 3556 καὶ
2786 3501 3130 3574 ἐγρηγορὼς,
3167 3503 3285 3566 πῶς
3315 3506 3365 3558 οί
3396 3522 3486 3557 πι-

1872 3589 2202 3653 στεύσαντες
2236 3588 2302 3641 τὰ
2333 3590 2599 3660 χρήματα
2632 3588 2888 3660 ἔρριψαν.
2942 3588 3112 3642 Ούδέν
3149 3588 3279 3641 ἴδιον
3313 3584 3483 3660 εἶχον,

1869 3673 1928 3724 ἐν
1957 3674 2090 3744 εὐχῇ
2116 3669 2280 3744 ἦσαν,
2314 3673 2572 3743 ὁμόνοιαν
2633 3673 3039 3734 ἐπεδείκνυντο,
3086 3673 3144 3724 ἐν
3201 3675 3485 3744 νηστείαις

1869 3755 2078 3826 διῆγον.
2111 3755 2298 3810 Ταῦτα
2325 3757 2488 3820 ποίας
2517 3756 2777 3826 χάριτος;
2811 3756 2934 3808 είπέ
2999 3772 3110 3826 μοι.
3169 3756 3270 3810 Διά
3324 3758 3484 3810 τοῦτο

1871 3841 1966 3893 καὶ
1996 3840 2062 3893 δι’
2098 3839 2279 3892 αὐτῶν
2321 3841 2462 3892 ποιεί
2491 3838 2748 3907 γενέσθαι
2814 3839 2909 3893 τὸν
2949 3838 3173 3909 ἔλεγχον
3209 3840 3319 3892 τῶν
3380 3842 3484 3894 ὐπ-

1869 3925 2086 3995 ηρετῶν
2122 3925 2306 3978 αὐτῶν
2328 3939 2340 3952 ·
2373 3923 2423 3975 οἳ
2454 3924 2549 3977 καὶ
2574 3923 2768 3993 ῶσπερ
2794 3924 2888 3976 ἐπὶ
2910 3922 3006 3976 τοῦ
3028 3923 3268 3996 Χριστοῦ
3295 3925 3481 3995 ἔλεγον

1866 4011 1914 4062 οί
1940 4009 2304 4079 πεμφθέντες,
2353 4007 2656 4063 Οὐδέποτε
2685 4009 2879 4073 οὕτως
2907 4007 3224 4073 ἅνθρωπος
3252 4009 3481 4079 ἐλάλη-

1865 4109 1980 4147 σεν
1993 4095 2075 4159 ὡς
2102 4089 2284 4159 οὗτος
2310 4096 2343 4147 ὁ
2369 4093 2702 4161 ἄνθρωπος,
2728 4091 3074 4162 ἀπήγγειλαν
3101 4095 3481 4165 ὑποστρέψαν-

1862 4195 1953 4236 τες
1977 4177 2120 4250 άπερ
2159 4176 2318 4231 εἶδον.
2349 4178 2420 4229 Σὺ
2453 4177 2510 4229 δέ
2552 4194 2642 4248 μοι
2686 4177 2880 4229 σκόπει
2912 4177 3150 4230 ἐνταῦθα
3181 4181 3277 4231 καὶ
3297 4181 3478 4235 αὐτῶν

1863 4260 1962 4331 τὴν
1990 4263 2315 4324 ἐπιείκειαν,
2341 4263 2458 4324 πῶς
2485 4262 2717 4323 εἴκουσι,
2758 4260 2854 4313 καὶ
2887 4259 2981 4312 τοῦ
3024 4262 3330 4334 ἀρχιερέως
3376 4267 3476 4333 τὴν

1867 4346 2263 4418 πεπλασμένην
2287 4345 2535 4416 γνώμην.
2585 4343 2878 4406 Ἐπιεικῶς
2905 4345 3015 4415 γὰρ
3069 4345 3231 4416 δῆθεν
3289 4348 3476 4413 αὐτοῖς

1865 4431 2211 4500 διαλέγεται,
2265 4431 2361 4485 ἆτε
2403 4429 2781 4502 φοϐούμενος,
2843 4432 2937 4483 καὶ
2973 4430 3219 4486 κωλῦσαι
3272 4433 3474 4503 μᾶλλον

1865 4515 2136 4578 ἐϐούλετο,
2165 4517 2451 4587 ἢάνελεῖν,
2489 4515 2681 4584 ἐπειδὴ
2709 4514 2871 4567 τοῦτο
2892 4515 2992 4568 οὐκ
3022 4515 3256 4584 ἠδύνατο
3288 4517 3332 4570 ί.
3362 4520 3475 4573 Καὶ

1863 4602 2007 4656 ῶστε
2035 4603 2244 4666 πάντας
2276 4602 2526 4671 κινῆσαι,
2558 4601 2652 4654 καὶ
2675 4601 2807 4671 περί
2842 4599 2951 4652 τῶν
2977 4601 3226 4671 ἐσχάτων
3287 4604 3473 4665 αὐτοῖς

1864 4687 2241 4757 ἐπικρεκμάσαι
2271 4685 2362 4739 τὸν
2391 4686 2664 4749 κίνδυνον,
2717 4687 3048 4746 Βούλεσθε,
3105 4687 3292 4754 φησὶν,
3361 4688 3469 4739 ἐπ-

1860 4772 2110 4842 αγαγεῖν
2141 4772 2231 4840 ἐφ’
2263 4770 2422 4840 ἡμᾶς
2459 4771 2520 4823 τὸ
2557 4765 2700 4839 αἷμα
2733 4769 2838 4823 τοῦ
2876 4768 3193 4836 ἀνθρώπου
3220 4772 3471 4836 τούτου;

1866 4858 1988 4910 Ἔτι
2019 4856 2310 4927 ἄνθρωπος
2336 4852 2476 4908 εἷναί
2508 4872 2590 4907 σοι
2619 4855 2768 4907 δοκεῖ
2787 4865 2820 4916 γ
2839 4851 3029 4918 Οὕτως
3051 4849 3195 4918 εἷπε,
3224 4854 3466 4918 δεικνὺς,

1861 4943 1942 4996 ὅτι
1973 4940 2252 5007 ἀναγκαία
2282 4943 2314 5006 ἡ
2353 4939 2758 5011 παρακέλευσις
2807 4939 3035 5006 γέγονεν
3073 4939 3280 5002 αὐτοῖς.
3326 4940 3466 4992 ’Λλλ’

1860 5027 1962 5097 ὅρα
1986 5028 2080 5079 καὶ
2107 5024 2199 5077 τὸν
2227 5025 2457 5093 Πέτρον,
2486 5024 2538 5076 τί
2564 5040 2733 5092 φησιν
2758 5039 2771 5052 ·
2814 5021 3037 5076 Τοῦτον
3073 5025 3104 5076 ό
3143 5023 3290 5088 Θεὸς
3317 5026 3466 5092 ἀρχ-

1859 5111 2012 5177 ηγὸν
2063 5109 2162 5161 καὶ
2215 5105 2466 5174 Σωτῆρα
2514 5107 2728 5175 ὒψωσε
2760 5105 2833 5174 τῇ
2863 5106 3035 5173 δεξιᾷ
3094 5106 3306 5173 αὑτοῦ,
3358 5110 3466 5162 τοῦ

1858 5193 2072 5246 δοῦναι
2093 5190 2420 5260 μετάνοιαν
2452 5190 2532 5255 τῷ
2568 5190 2837 5258 Ἰσραὴλ,
2877 5191 2972 5243 καὶ
3009 5192 3233 5260 ἄφεσιν
3280 5194 3465 5260 ἀμαρ-

1859 5275 2018 5332 τιῶν.
2065 5274 2334 5329 Ἐνταῦθα
2361 5275 2423 5327 οὑ
2451 5274 2724 5345 μέμνηται
2754 5274 2860 5326 τῶν
2926 5275 3118 5340 ἐθνῶν,
3154 5276 3240 5347 ἴνα
3279 5277 3354 5346 μὴ
3387 5273 3463 5347 δῷ

1854 5361 2048 5434 λαϐήν.
2106 5360 2217 5414 Καὶ
2271 5360 2618 5422 ἐϐούλοντο,
2687 5361 2874 5428 φησὶν,
2941 5360 3185 5413 ἀνελεῖν
3213 5363 3459 5428 αὐτούς.

1857 5446 2003 5516 ’Ὀρα
2044 5445 2210 5498 πάλιν
2251 5444 2475 5506 τούτους
2505 5446 2563 5496 ἐν
2596 5444 2824 5515 ἀπορίᾳ,
2882 5445 3106 5510 τούτους
3158 5449 3214 5498 ἐν
3249 5446 3415 5519 ὀδύνῃ
3440 5466 3454 5478 ο

1853 5530 2100 5594 ἐκείνους
2131 5530 2188 5582 δέ
2210 5531 2268 5582 ἐν
2297 5529 2479 5581 ἀνέσει
2505 5529 2600 5581 καὶ
2635 5527 2871 5600 εὐθυμία
2899 5530 2992 5584 καὶ
3023 5531 3080 5585 ἐν
3116 5533 3318 5602 τρυφῇ.
3345 5532 3458 5602 Οὐχ

1852 5614 2044 5676 ἀπλῶς
2070 5614 2373 5676 ώδυνῶντο,
2409 5612 2548 5666 ἀλλά
2583 5615 2948 5680 Διεπρίοντο.
2972 5614 3014 5665 Τ
3018 5613 3142 5665 οῦτό
3172 5615 3320 5667 ἐστιν
3347 5616 3458 5686 ἄρα

1851 5699 1934 5766 τὸ,
1971 5697 2160 5761 κακῶς
2184 5697 2378 5751 παθεῖν
2405 5698 2468 5750 τὸ
2497 5697 2684 5761 κακῶς
2717 5701 2891 5752 ποιεῖν
2918 5715 2930 5727 ο
2967 5697 3223 5772 καθάπερ
3248 5699 3342 5752 καὶ
3365 5702 3457 5752 ἐν-

1850 5783 2028 5839 ταῦθα
2055 5782 2201 5836 ἐστιν
2237 5783 2386 5837 ἰδεῖν.
2444 5782 2531 5836 Ἐν
2549 5782 2772 5854 δεσμοῖς
2796 5778 2939 5854 ἦσαν
2964 5775 3131 5845 οὗτοι,
3158 5785 3458 5854 παρειστή-

1912 5990 1941 6033 ά
1975 5991 2222 6059 Ἐπῇλθεν,
2247 5994 2285 6041 εί
2313 5994 2375 6059 μῂ
2394 5993 2752 6059 πρότερονηεὶίξ
2775 6006 2919 6059 υῃυς.
2946 6055 2956 6059 _
2994 6003 3017 6059 φ
3062 5994 3215 6059 δωνὶι.
3243 5997 3307 6052 ὡς
3325 5993 3464 6059 εὔερ-

1862 6057 2018 6114 vivat;
2039 6056 2264 6105 ἐδίδοντο.
2340 6055 2358 6094 ί
2394 6054 2529 6105 Unus
2551 6054 2713 6112 ἐπειδὴ
2737 6054 2888 6104 έκεῖνο
2910 6055 2962 6103 οὗ
2992 6056 3205 6103 δυνατόν.
