4068 6412
142 397 244 451 1119

137 508 234 566 sed
285 505 707 562 Dissecabantur.
757 502 871 556 lloc
919 507 1002 554 est
1046 495 1200 562 illud,
1233 493 1373 549 male
1411 491 1540 562 pati,
1591 489 1732 543 male

139 578 317 658 facere
348 619 363 654 :
394 611 452 654 ut
482 615 624 654 nunc
648 597 833 652 videre
859 601 964 649 est.
996 591 1060 646 lli
1084 592 1135 645 in
1159 603 1379 644 carcere
1399 594 1574 648 erant,
1597 583 1737 652 judi-

136 695 224 749 cio
253 692 583 747 sistebantur
607 707 621 756 ;
649 698 705 744 et
731 685 938 756 judices
967 685 1021 738 in
1048 682 1291 752 angustia
1322 687 1495 743 erant,
1528 675 1735 733 consilii

137 799 366 854 prorsus
411 791 682 851 expertes.
739 779 889 832 Sicut
936 776 1080 830 enim
1131 775 1210 837 is,
1265 773 1356 842 qui
1397 770 1734 824 adamantem

135 871 398 950 percutit,
451 874 564 942 ipse
612 871 819 940 plagam
865 867 1101 936 excipit:
1133 867 1203 920 ita
1231 877 1284 919 et
1315 863 1398 916 his
1425 861 1637 916 accidit.
1669 862 1741 912 At

136 966 398 1022 videbant
425 980 528 1018 non
558 963 719 1018 modo
751 963 987 1031 ipsorum
1016 959 1266 1014 fiduciam
1299 971 1402 1011 non
1429 953 1736 1025 praepediri,

138 1056 240 1112 sed
274 1055 715 1127 medicationem
745 1055 914 1122 magis
938 1051 1149 1120 augeri,
1193 1049 1424 1118 illosque
1452 1049 1569 1101 sine
1594 1053 1740 1099 metu

139 1148 314 1218 loqui,
349 1147 656 1216 nullamque
693 1144 933 1214 praebere
971 1157 1175 1196 ansam.
1232 1141 1340 1194 Hos
1386 1137 1658 1192 imitemur
1687 1145 1743 1189 et

138 1256 262 1306 nos,
287 1240 492 1305 dilecti,
520 1248 576 1294 et
607 1241 656 1293 in
687 1236 928 1292 adversis
961 1234 1306 1304 imperterriti
1349 1233 1538 1286 simus.
1595 1229 1738 1284 Nihil

137 1349 306 1405 grave
332 1344 416 1388 est
454 1334 526 1396 ei,
557 1333 646 1402 qui
679 1332 829 1386 timet
868 1329 1072 1395 Deum;
1124 1328 1219 1384 sed
1272 1343 1378 1382 non
1429 1324 1744 1380 timentibus

137 1443 265 1482 eum
295 1427 474 1496 gravia
505 1426 722 1478 instant.
746 1423 878 1478 Nam
907 1423 996 1491 qui
1027 1437 1120 1491 per
1145 1420 1393 1474 virtutem
1421 1417 1583 1472 animi
1618 1430 1738 1470 moo

141 1533 232 1574 tus
281 1518 522 1587 superat,
563 1531 686 1570 cum
735 1515 1020 1582 prmseutia
1064 1513 1208 1567 velut
1241 1512 1485 1565 umbram
1516 1518 1743 1576 prrcter~

139 1621 346 1674 currat,
395 1609 520 1679 quid
564 1608 688 1662 mali
711 1609 780 1663 ab
807 1607 985 1674 aliquo
1017 1601 1288 1674 patiatur?
1337 1601 1464 1671 quid
1491 1597 1743 1653 timebit?

140 1714 198 1759 et
227 1719 326 1758 cur
350 1683 540 1772 gravia
560 1701 647 1754 illa
676 1715 796 1754 esse
824 1697 1071 1767 putabit?
1114 1696 1256 1766 Ergo
1275 1692 1648 1763 confugiamus
1679 1690 1745 1744 ad

144 1799 285 1850 hanc
313 1795 684 1850 inconcussam
718 1804 944 1860 petram.
979 1789 1033 1843 Si
1063 1788 1183 1857 quis
1218 1786 1372 1841 nobis
1404 1781 1591 1839 urbem
1618 1797 1747 1836 Cotl-

140 1897 402 1954 strueret,
435 1894 490 1941 et
511 1900 721 1940 murum
760 1883 1212 1949 circumponeret,
1247 1879 1355 1932 imo
1380 1877 1421 1930 si
1451 1891 1548 1930 nos
1578 1885 1749 1929 trans.

141 1979 314 2035 ferret
370 1981 424 2034 in
485 1989 707 2044 terram,
776 1975 867 2030 ubi
931 1989 1092 2028 nemo
1147 1972 1407 2037 turbaret,
1459 1980 1515 2024 et
1571 1983 1751 2023 rerum

142 2071 359 2140 copiam
411 2069 802 2139 suppeditaret,
853 2076 912 2122 ut
961 2066 1164 2119 nullum
1213 2075 1360 2118 esset
1401 2077 1522 2117 cum
1571 2062 1752 2130 aliquo

142 2165 442 2235 negotium,
499 2178 606 2217 non
649 2162 701 2216 in
747 2169 890 2214 tanta
921 2174 1021 2214 nos
1051 2159 1341 2213 securitate
1373 2155 1748 2219 constitueret,

141 2241 198 2312 in
262 2265 458 2328 quanta
513 2269 654 2308 nunc
700 2252 968 2308 Christus.
1017 2251 1169 2316 Esto,
1225 2251 1268 2305 si
1315 2249 1511 2319 placet,
1565 2246 1753 2301 civitas

141 2364 313 2414 :erea,
368 2347 550 2402 valido
591 2346 795 2400 circum
845 2359 1001 2398 muro
1051 2343 1260 2398 munita
1308 2350 1364 2394 et
1419 2339 1752 2410 inexpugna-

144 2446 239 2500 bili
273 2462 286 2498 :
325 2443 505 2498 nullus
553 2441 627 2497 illi
669 2441 738 2496 sit
787 2439 981 2504 hostis,
1038 2447 1236 2492 terram
1272 2435 1469 2489 habeat
1500 2435 1753 2504 pinguem

142 2549 199 2592 ct
233 2537 455 2592 uberem
485 2554 499 2589 ε
529 2534 669 2588 adsit
698 2548 915 2603 quoque
943 2532 1170 2585 aliarum
1197 2545 1380 2584 rerum
1413 2529 1568 2597 copia
1601 2545 1613 2579 :
1645 2526 1754 2580 sint

143 2631 294 2684 cives
315 2626 581 2681 mansueti
605 2635 659 2680 et
692 2625 884 2678 mites:
916 2624 1095 2677 nullus
1124 2621 1196 2677 ibi
1225 2621 1308 2676 vir
1340 2619 1608 2688 malignus
1652 2633 1753 2687 ap-

144 2729 356 2789 pareat,
381 2735 490 2773 non
523 2719 624 2784 fur,
659 2733 764 2772 non
792 2717 1080 2786 expilator,
1112 2732 1218 2770 non
1245 2715 1573 2785 sycophanta
1601 2754 1617 2778 ,
1647 2727 1755 2767 non

148 2814 323 2867 forum
357 2811 638 2884 judiciale,
691 2810 784 2864 sed
829 2818 980 2879 pacta
1013 2807 1332 2876 simpliciter
1366 2824 1376 2858 :
1411 2814 1465 2860 et
1497 2805 1635 2858 hanc
1665 2803 1758 2856 ha-

147 2906 383 2961 bitemus
421 2904 694 2958 civitatem
726 2921 740 2956 ε
775 2917 950 2971 neque
976 2901 1054 2955 sic
1099 2909 1276 2954 tamen
1318 2915 1508 2954 secure
1549 2900 1757 2950 vivere-

148 3013 292 3052 mus.
319 2997 540 3062 Quare?
584 2995 718 3063 Quia
751 2995 1117 3050 necessarium
1168 3003 1332 3055 esset,
1390 3009 1510 3047 cum
1565 2991 1758 3055 servis,

147 3105 277 3144 cum
309 3103 478 3142 uxore
507 3097 561 3142 et
590 3103 710 3141 cum
743 3086 865 3140 filiis
894 3085 1164 3148 altercari,
1222 3084 1482 3152 multique
1509 3083 1760 3138 mteroris

149 3191 300 3238 esset
329 3181 564 3236 occasio.
596 3179 692 3234 llic
718 3194 846 3233 vero
873 3178 1007 3233 nihil
1033 3177 1340 3249 hujusmodi
1366 3195 1378 3228 :
1403 3176 1534 3230 nihil
1562 3176 1763 3246 quippe

149 3283 297 3337 erat,
322 3271 465 3341 quod
499 3273 583 3326 vel
613 3287 902 3326 maerorem
932 3271 1013 3325 vel
1039 3270 1281 3326 dolorem
1304 3270 1542 3325 aiferret.

231 3364 491 3419 Gaudium
539 3381 710 3418 eorum
751 3365 836 3434 qui
885 3374 1093 3434 propter
1120 3364 1380 3417 Christum
1403 3365 1764 3431 patiuntur.—

151 3456 262 3512 Sed
290 3456 433 3527 quod
479 3457 673 3510 mirum
719 3465 821 3519 est,
869 3470 933 3512 ea
978 3457 1112 3524 ipsa,
1152 3471 1272 3524 quae
1315 3454 1563 3508 videntur
1611 3455 1764 3507 nobis

155 3566 450 3607 maerorem
495 3549 727 3615 afferre,
785 3563 945 3603 causa
997 3548 1176 3602 omnis
1233 3548 1434 3602 laetitiae
1483 3557 1537 3601 et
1588 3547 1764 3617 gaudii

157 3653 337 3699 erant.
390 3642 481 3696 Dic
530 3643 672 3695 enim
725 3640 894 3703 mihi,
968 3655 1065 3694 cur
1127 3640 1304 3695 mmsti
1373 3638 1599 3692 fuissent
1651 3639 1768 3693 illi?

158 3736 292 3807 quid
317 3750 460 3804 aegre
500 3734 778 3788 tulissent?
827 3732 918 3786 Vis
950 3733 1256 3802 quempiam
1291 3733 1342 3785 in
1372 3731 1609 3785 medium
1639 3731 1770 3786 alfe-

162 3825 392 3882 ramus?
439 3825 519 3880 Sit
557 3825 678 3894 quis
727 3825 807 3877 vir
849 3823 1175 3888 consularis,
1228 3823 1436 3893 magnis
1476 3823 1770 3876 instructus

160 3921 379 3992 opibus,
428 3922 480 3974 in
527 3919 662 3973 urbe
703 3919 1051 3989 lmperatoria
1076 3919 1240 3971 vitam
1269 3933 1455 3987 agens,
1490 3917 1767 3984 negotium

161 4028 290 4067 cum
321 4012 468 4065 nullo
497 4011 708 4075 habeat,
749 4009 960 4064 deliciis
996 4008 1088 4063 det
1117 4023 1362 4077 operam,
1408 4017 1463 4062 et
1514 4008 1639 4060 huic
1681 4009 1792 4059 uni'

166 4106 244 4160 rei
276 4105 568 4166 incumbat,
603 4103 654 4156 in
684 4103 922 4156 culmine
949 4101 1252 4154 divitiarum
1277 4144 1290 4164 ,
1348 4100 1570 4154 honoris
1593 4111 1646 4154 et
1676 4116 1775 4170 po-

166 4197 353 4253 tentia:
401 4195 648 4264 positus:
684 4208 1024 4264 opponamus
1074 4203 1256 4247 autem
1305 4193 1380 4245 illi
1432 4193 1674 4254 Petrum,
1727 4193 1773 4246 si

169 4291 367 4360 placet,
399 4288 450 4342 in
478 4287 706 4342 vinculis
746 4296 801 4341 et
833 4287 1131 4341 innumeris
1163 4287 1322 4340 malis
1353 4286 1671 4355 degentem;
1721 4295 1777 4340 et

171 4385 317 4438 hunc
385 4383 562 4452 potius
609 4379 945 4436 inveniemus
998 4379 1362 4435 deliciantem.
1445 4379 1581 4433 Cum
1631 4381 1774 4434 enim

173 4487 324 4532 tanta
345 4476 415 4530 sit
441 4474 619 4545 gaudii
652 4474 828 4543 copia,
882 4483 940 4526 ut
973 4473 1024 4525 in
1049 4473 1282 4526 vinculis
1328 4474 1491 4526 etiam
1541 4472 1778 4527 delecte-

175 4579 284 4632 tur,
322 4568 495 4636 cngita
526 4577 722 4637 quanta
748 4566 818 4620 sit
847 4564 1025 4636 gaudii
1052 4565 1386 4632 magnitudo.
1442 4564 1594 4621 Sicut
1632 4567 1776 4620 enim

176 4662 235 4726 ii,
264 4659 354 4727 qui
383 4673 632 4727 magnum
665 4657 942 4727 possident
973 4657 1365 4727 magistratum,
1412 4658 1455 4711 si
1486 4658 1614 4727 quid
1648 4659 1775 4713 mali

177 4750 409 4816 accidat,
459 4764 563 4803 n0n
615 4749 874 4815 sentiunt,
924 4748 1020 4803 sed
1063 4749 1115 4802 in
1156 4749 1354 4818 gaudio
1387 4761 1777 4820 perseverant:

177 4845 258 4899 sic
298 4854 353 4898 et
401 4843 486 4897 isti
520 4853 735 4913 propter
765 4843 882 4898 lucc
913 4843 1144 4899 maxime
1173 4843 1496 4913 gaudebant.
1530 4844 1646 4900 Non
1687 4863 1783 4916 po-

183 4945 290 4991 test
321 4935 487 5000 etiiiu,
517 4950 620 4987 non
651 4935 833 5002 utique
866 4944 1040 5003 potest
1068 4950 1318 4989 sermone
1345 4937 1602 5005 explicari
1628 4938 1782 4992 volu-

186 5037 305 5099 ptas
337 5041 546 5092 corum,
593 5029 682 5095 qui
716 5035 934 5096 propter
974 5026 1252 5081 Christum
1296 5044 1460 5093 grave
1507 5029 1782 5099 quidpiam

186 5120 496 5190 patiuntur:
525 5133 648 5170 nam
677 5119 844 5172 multo
874 5119 1045 5189 magis
1073 5120 1308 5189 gaudent
1339 5121 1389 5174 in
1416 5121 1592 5188 malis,
1625 5139 1784 5192 quam

187 5214 240 5267 in
286 5211 464 5267 bonis.
511 5210 622 5265 Hoc
665 5211 806 5281 quod
848 5212 1012 5280 dico,
1059 5215 1208 5267 novit
1239 5215 1482 5284 quisquis
1511 5216 1785 5271 Christum

187 5303 379 5376 diligit.
410 5303 514 5358 Sed
555 5305 726 5374 quid?
773 5321 840 5358 an
868 5307 1176 5361 securitatis
1207 5322 1366 5362 causa
1394 5307 1510 5362 hanc
1541 5310 1678 5362 mala
1704 5312 1787 5365 fu-

187 5413 316 5470 gere
345 5394 657 5452 debebant?
688 5399 750 5452 Et
778 5400 919 5468 quis,
943 5414 1148 5469 quaeso,
1175 5399 1470 5454 innumeris
1497 5403 1786 5457 instructus

189 5491 405 5559 opibus,
442 5505 555 5544 :qu
587 5498 661 5543 tot
691 5492 939 5560 gentibus
967 5507 1225 5556 versans,
1286 5502 1364 5546 tot
1397 5493 1632 5562 pericula
1656 5494 1791 5549 effu-

191 5599 318 5654 gere
351 5581 604 5653 potuerit,
637 5583 681 5636 si
709 5583 774 5637 de
795 5585 1106 5653 reipublica:
1133 5586 1434 5640 mutatione
1465 5587 1692 5656 agatur?
1725 5587 1789 5642 Hi

190 5687 370 5731 autem
398 5675 552 5746 quasi
581 5691 646 5730 ex
675 5677 825 5745 jussu
860 5677 1008 5746 regio
1051 5679 1230 5732 omnia
1261 5679 1640 5748 perficiebant;
1683 5682 1791 5737 imo

192 5777 248 5823 et
274 5767 445 5823 multo
475 5767 699 5822 facilius.
733 5767 917 5839 Neque
947 5770 1090 5824 enim
1113 5770 1294 5840 jussus
1326 5772 1505 5841 regius
1529 5773 1620 5827 illa
1651 5775 1792 5829 valet

191 5858 439 5929 efﬁcere,
489 5876 608 5933 qua:
658 5863 896 5930 ipsorum
941 5861 1104 5919 verba
1153 5863 1522 5934 operabantur
1557 5884 1570 5922 ;
1600 5865 1789 5936 jussus

1119 381 1184 436 IN
1228 377 1408 435 ACTA
1449 369 1976 430 Al’OSTOLORUM.
2021 369 2257 426 llOMlL.
2297 366 2440 425 XIII.
3362 369 3450 424 iltl

1845 486 2042 556 quippe
2072 487 2252 556 regius
2281 501 2350 541 ex
2391 485 2716 540 necessitate
2743 487 2924 556 cogit;
2976 486 3032 539 hi
3069 501 3199 540 vero
3226 496 3450 554 sponta-

1841 595 1996 644 neos,
2040 579 2291 644 libentes,
2320 587 2375 633 ct
2413 577 2561 631 mille
2589 578 2792 647 gratias
2828 576 3128 633 referentes
3157 577 3448 632 ducebant.

1842 670 1973 738 Quis
1992 670 2175 738 jussus
2207 670 2387 740 regius
2407 683 2540 741 opes
2569 683 2760 724 omnes
2788 669 3070 740 ipsamque
3098 671 3334 724 animam
3362 686 3452 725 re-

1845 762 2087 831 linquere
2129 759 2422 826 suasisset,
2475 760 2695 816 domum
2751 770 3139 824 contemnere,
3183 761 3452 831 patriam,

1844 864 2126 924 cognatos,
2163 856 2442 923 ipsamque
2473 854 2750 908 salutem?
2781 852 2886 909 Sed
2921 852 2973 908 id
3015 863 3241 923 potuere
3271 855 3453 922 pisca-

1848 957 2024 1003 torum
2047 957 2102 1003 et
2129 948 2422 1018 pellionum
2453 961 2650 1012 voces;
2682 947 2751 1001 ita
2782 956 2842 1002 ut
2865 948 2916 1001 in
2949 946 3224 1016 voluptate
3250 947 3455 1019 degen-

1850 1050 1950 1106 tes,
1977 1041 2311 1110 potentiores
2339 1049 2394 1094 et
2417 1037 2671 1094 fortiores
2703 1039 2959 1094 omnibus
3002 1048 3207 1093 essent.
3257 1039 3455 1103 Etiam,

1849 1135 2077 1204 inquies,
2098 1135 2220 1203 quia
2255 1134 2406 1201 signa
2433 1133 2683 1188 edebant.
2704 1135 2770 1186 At
2791 1133 2881 1203 qui
2909 1131 3207 1188 credebant
3233 1149 3353 1204 quae
3380 1133 3458 1187 si-

1847 1243 1947 1296 gna
1977 1227 2258 1289 faciebant,
2285 1227 2372 1281 illa
2399 1240 2594 1293 nempe
2623 1226 2722 1279 tria
2757 1225 2926 1279 millia
2949 1234 3002 1278 et
3023 1225 3263 1296 quinque
3293 1225 3458 1281 millia

1851 1318 2149 1381 hominum,
2177 1319 2267 1388 qui
2297 1327 2476 1372 tamen
2505 1318 2558 1372 in
2585 1317 2950 1371 exsultatione
2973 1317 3140 1371 multa
3169 1317 3462 1387 degebant?

1851 1409 1920 1464 Et
1944 1410 2064 1478 jure
2091 1409 2306 1478 quidem
2338 1425 2352 1462 :
2387 1423 2509 1463 nam
2543 1410 2784 1463 omnium
2815 1423 2974 1462 causa
3011 1424 3329 1472 maerorum,
3367 1425 3464 1478 pe.

1850 1503 2127 1557 cuniarum
2158 1517 2352 1571 nempe
2376 1503 2670 1570 possessio,
2700 1501 2912 1554 sublata
2941 1511 3079 1554 crat.
3113 1500 3206 1555 Illa
3232 1518 3465 1571 namque

1851 1594 2137 1658 bellorum,
2160 1597 2568 1650 contentionum
2593 1634 2610 1661 ,
2635 1594 2886 1650 maeroris
2913 1584 3266 1663 omniumque
3295 1595 3468 1649 malo-

1853 1702 1970 1741 rum
2001 1701 2162 1742 causa
2196 1697 2334 1752 erat,
2364 1702 2485 1758 qua:
2510 1688 2677 1741 vitam
2707 1686 3035 1742 laboriosam
3074 1688 3468 1759 molestamque

1853 1778 2154 1834 reddebat:
2187 1778 2452 1850 longeque
2493 1779 2675 1848 plures
2709 1791 2936 1834 mmstos
2975 1781 3218 1851 reperias
3247 1780 3471 1848 diﬁtes,

1854 1887 2016 1942 quam
2045 1887 2332 1942 pauperes.
2370 1871 2524 1938 Quod
2557 1872 2602 1924 si
2632 1870 2956 1940 quihusdam
2985 1888 3090 1927 non
3118 1873 3369 1929 videatur
3397 1874 3470 1928 ita

1856 1980 1997 2029 esse,
2033 1980 2140 2018 non
2168 1981 2234 2019 ex
2267 1980 2452 2019 rerum
2481 1975 2705 2029 natura,
2753 1967 2848 2020 sed
2884 1980 2950 2019 ex
2994 1980 3182 2020 eorum
3215 1967 3472 2036 opinione

1857 2061 1936 2114 sic
1959 2076 2018 2115 se
2045 2075 2135 2115 res
2169 2060 2350 2115 habet.
2398 2059 2554 2128 Quod
2586 2060 2630 2114 si
2669 2060 2797 2129 quid
2830 2060 3064 2115 habeant
3090 2060 3288 2117 divites
3319 2061 3474 2116 volu-

1859 2155 2040 2226 ptatis,
2083 2153 2217 2209 nihil
2247 2154 2467 2209 mirum.
2494 2153 2627 2208 Nam
2654 2162 2709 2208 et
2736 2156 2825 2223 qui
2859 2155 3042 2210 scabie
3069 2155 3214 2224 pleni
3242 2165 3387 2223 sunt,
3420 2156 3473 2209 in

1859 2262 2050 2316 magna
2081 2255 2207 2300 sunt
2237 2247 2538 2317 voluptate.
2571 2245 2726 2314 Quod
2758 2257 2940 2301 autem
2973 2248 3042 2302 ab
3074 2248 3181 2303 illis
3211 2248 3346 2304 nihil
3367 2248 3452 2304 dif
3457 2279 3475 2289 -

1861 2343 2032 2397 ferant
2053 2341 2267 2406 divites,
2288 2341 2386 2396 sed
2413 2340 2609 2396 eodem
2639 2340 2751 2396 sint
2777 2341 2984 2405 auimo,
3004 2340 3128 2396 hinc
3158 2343 3333 2411 palam
3364 2351 3469 2398 est.

1860 2438 1987 2493 Illos
2014 2453 2159 2494 cura;
2189 2447 2428 2492 alterunt
2454 2457 2466 2492 :
2500 2447 2552 2493 et
2581 2445 2759 2493 tamen
2796 2438 2985 2493 volunt
3014 2437 3117 2492 illis
3144 2436 3374 2492 detineri
3406 2437 3478 2491 ob

1863 2542 2270 2600 temporaneam
2301 2530 2637 2600 voluptatem
2669 2549 2682 2584 :
2713 2530 2809 2599 qui
2857 2540 3037 2584 autem
3086 2539 3216 2585 sunt
3251 2545 3282 2582 a
3333 2529 3480 2584 curis

1863 2623 2042 2687 liberi,
2065 2625 2116 2677 in
2143 2624 2376 2677 sanitate
2403 2639 2639 2677 maerore
2668 2624 2817 2675 vacui
2849 2621 3078 2692 degunt.

1937 2718 1990 2772 4.
2020 2717 2157 2784 Quid
2190 2716 2420 2778 dulcius,
2454 2730 2640 2786 quaeso
2660 2757 2674 2780 ,
2704 2714 2831 2786 quid
2867 2715 3032 2770 tutius
3055 2757 3069 2781 ,
3105 2714 3173 2770 de
3203 2730 3312 2770 uno
3339 2731 3481 2787 pane

1863 2823 1917 2865 et
1946 2811 2014 2866 de
2044 2823 2192 2865 veste
2221 2811 2514 2866 sollicitum
2559 2825 2680 2865 esse
2703 2851 2717 2874 ,
2752 2825 2819 2864 an
2852 2809 2920 2864 de
2951 2809 3098 2864 mille
3125 2810 3298 2866 servis
3325 2819 3380 2865 et
3419 2809 3484 2864 li-

1865 2904 2032 2970 horis,
2064 2918 2125 2958 ac
2146 2901 2213 2957 de
2238 2903 2419 2972 seipso
2444 2903 2574 2955 nihil
2597 2902 2827 2957 curare?
2848 2902 3313 2968 Quemadmodum
3337 2904 3482 2958 enim

1868 2995 1953 3048 hic
1982 3009 2078 3062 pro
2112 2995 2294 3063 seipso
2324 2995 2512 3047 timet:
2539 2994 2610 3047 ita
2641 3003 2696 3049 et
2726 3004 2780 3047 tu
2823 3009 2922 3063 pro
2956 2993 3054 3059 iis,
3087 2993 3176 3064 qui
3209 3011 3274 3048 ex
3308 2995 3485 3064 capite

1868 3097 1959 3142 tuo
1993 3087 2249 3156 pendent.
2284 3087 2352 3140 Et
2379 3102 2476 3143 cur
2505 3096 2792 3155 paupertas
2830 3085 3084 3156 fugienda
3112 3086 3325 3141 videtur
3348 3128 3363 3154 ,
3395 3087 3483 3141 iu-

1867 3180 2056 3249 quies?
2091 3179 2224 3245 Quia
2255 3179 2357 3232 alia
2389 3193 2604 3248 quoque
2635 3180 2771 3232 bona
2808 3180 2957 3232 multi
2992 3189 3346 3245 aversantur,
3378 3193 3486 3234 non

1870 3269 2014 3339 quod
2050 3269 2337 3340 fugienda,
2384 3270 2478 3325 sed
2518 3271 2662 3342 quod
2694 3282 2816 3325 actu
2858 3271 3098 3325 difﬁcilia
3146 3273 3274 3327 sint.
3322 3272 3488 3343 lgitur

1871 3374 2162 3433 paupertas
2195 3379 2301 3417 non
2349 3363 2599 3434 fugienda
2628 3406 2641 3426 ,
2689 3365 2784 3418 scd
2837 3345 3096 3422 exercitio
3123 3365 3359 3421 difﬁcilis
3381 3378 3485 3421 est.

1873 3457 2058 3527 Itaque
2085 3458 2130 3511 si
2160 3459 2281 3524 quis
2307 3457 2449 3510 illam
2483 3455 2625 3511 ferre
2652 3466 2856 3526 posset,
2891 3457 3032 3511 haud
3063 3458 3311 3528 fugienda
3339 3459 3490 3514 vidc-

1873 3561 2043 3606 rctur.
2070 3548 2180 3605 Cur
2206 3550 2350 3605 enim
2379 3550 2523 3604 illam
2548 3565 2654 3604 non
2680 3550 3073 3604 aversabantur
3098 3551 3367 3621 apostoli?
3393 3566 3492 3606 cur

1876 3646 2020 3700 illam
2054 3646 2206 3698 multi
2239 3645 2467 3715 eligunt,
2497 3659 2597 3698 nec
2627 3644 2790 3698 modo
2821 3645 2965 3697 illam
3001 3660 3106 3699 non
3139 3657 3487 3712 aversantur,

1875 3737 1970 3789 sed
2001 3735 2067 3787 ad
2103 3734 2248 3788 illam
2281 3734 2610 3809 accurrunt?
2640 3734 2794 3803 Quod
2825 3737 2969 3789 enim
3005 3751 3136 3792 vere
3178 3737 3490 3809 fugiendum

1877 3839 1982 3892 est,
2016 3828 2231 3882 nonnisi
2259 3807 2467 3882 insanis
2496 3827 2792 3897 Optandum
2821 3826 3053 3883 videtur.

1953 3919 2241 3990 Paupertas
2270 3919 2570 3988 prwsidium
2611 3919 3051 3975 munitum—Si
3098 3932 3278 3976 autem
3320 3920 3495 3991 philo-

1880 4015 2033 4084 sophi
2059 4015 2198 4068 inter
2219 4013 2469 4068 homines
2493 4013 2776 4077 sublimes,
2805 4014 2871 4068 ad
2894 4015 3032 4069 hanc
3050 4017 3201 4084 quasi
3226 4015 3294 4071 ad
3314 4017 3491 4072 locum

1883 4117 2051 4162 tutum
2079 4117 2132 4160 et
2159 4123 2348 4162 sanum
2371 4109 2617 4175 veniunt,
2639 4109 2770 4162 nihil
2804 4109 2998 4164 mirum
3024 4120 3126 4174 est,
3156 4113 3198 4164 si
3223 4112 3312 4166 alii
3337 4126 3496 4166 secus

1881 4203 2232 4257 arbitrentur.
2261 4201 2396 4256 Nam
2425 4202 2574 4257 dives
2607 4202 2743 4256 nihil
2773 4203 2918 4257 aliud
2952 4203 3081 4257 mihi
3112 4205 3326 4257 videtur
3351 4220 3494 4270 esse,

1883 4310 2042 4365 quam
2072 4296 2200 4349 urbs
2229 4295 2346 4348 sine
2375 4310 2528 4348 muro
2552 4293 2603 4348 in
2633 4295 2858 4365 planitie
2887 4297 3080 4365 posita,
3114 4314 3232 4367 qua:
3261 4297 3498 4368 undique

1887 4387 2229 4441 insidiatores
2269 4387 2509 4441 attrahat
2537 4405 2550 4441 :
2580 4397 2874 4457 paupertas
2917 4405 3048 4443 vero
3079 4389 3387 4458 pnesidium
3418 4399 3500 4445 est

1885 4481 2151 4535 munitum
2171 4521 2186 4543 ,
2217 4495 2325 4534 rere
2355 4481 2525 4534 multo
2552 4481 2969 4545 circunulatum,
3003 4498 3223 4538 accessu
3254 4483 3494 4539 difficile.

1887 4573 1958 4628 At
1979 4613 1994 4640 ,
2047 4573 2258 4640 inquies
2283 4614 2296 4638 ,
2335 4582 2523 4626 contra
2561 4589 2649 4628 res
2679 4590 2738 4627 sc
2759 4574 2966 4639 .hahet;
3002 4575 3052 4627 hi
3085 4577 3229 4629 enim
3261 4591 3406 4647 saepe
3434 4578 3500 4630 ad

1890 4666 2120 4719 tribunal
2150 4665 2458 4727 trahuntur,
2494 4665 2545 4718 hi
2577 4665 2868 4731 lmduntur,
2899 4677 2953 4722 et
2979 4668 3119 4722 male
3151 4668 3370 4724 habent.
3395 4671 3498 4723 Sed

1891 4774 1996 4812 non
2022 4772 2289 4827 pauperes
2307 4757 2626 4828 simpliciter
2646 4768 2793 4824 sunt,
2820 4759 2915 4814 sed
2944 4775 3210 4829 pauperes
3230 4765 3317 4830 qui
3342 4762 3501 4815 ditari

1890 4848 2134 4920 cupiunt.
2167 4848 2278 4918 Ego
2303 4863 2433 4901 vero
2459 4864 2565 4902 non
2596 4849 2664 4902 de
2694 4849 2802 4902 illis
2831 4850 3042 4920 loquor,
3076 4850 3170 4906 sed
3199 4851 3266 4905 de
3295 4853 3382 4916 iis,
3413 4871 3498 4921 (litt

1893 4941 1946 4995 in
1995 4949 2314 5010 paupertate
2358 4941 2563 4994 versari
2612 4940 2850 4996 student.
2890 4941 2984 4995 Dic
3015 4942 3158 4996 enim
3191 4943 3359 5008 mihi,
3408 4961 3508 4998 cur

1895 5050 2054 5088 nemo
2087 5049 2216 5097 eos,
2263 5034 2352 5104 qui
2396 5035 2445 5087 in
2494 5034 2768 5089 montibus
2795 5034 3036 5105 degunt,
3073 5037 3121 5088 in
3170 5037 3258 5103 jus
3305 5037 3508 5090 trahit?

1895 5127 2139 5194 quamvis
2170 5127 2213 5180 si
2244 5137 2531 5196 paupertas
2564 5125 2724 5181 facile
2748 5128 3090 5198 opprimitur,
3126 5129 3245 5182 illos
3274 5133 3509 5186 maxime

1898 5217 2032 5270 trahi
2065 5227 2378 5286 oporteret,
2413 5218 2504 5288 qui
2555 5230 2681 5272 sunt
2729 5221 2969 5272 ninnium
3021 5221 3369 5289 pauperrimi.
3399 5223 3501 5276 Cur

1897 5309 2174 5362 mendicos
2210 5325 2371 5364 nemo
2403 5311 2566 5364 trahit
2593 5309 2658 5363 ad
2684 5310 2962 5378 judicent?
2995 5327 3090 5363 cur
3117 5327 3281 5369 nemo
3311 5314 3428 5367 illos
3458 5316 3507 5367 vi

1897 5403 1983 5457 vel
2023 5403 2288 5456 ealuninia
2324 5403 2567 5471 impetit?
2597 5419 2775 5457 nonne
2800 5404 2925 5474 quia
2959 5405 3010 5458 iu
3043 5403 3240 5459 tutiore
3265 5406 3384 5460 loco
3407 5407 3511 5460 ha.-

1897 5493 2112 5549 bitant?
2151 5494 2322 5562 Quam
2357 5495 2542 5547 multis
2583 5494 2950 5550 infelicissima
2981 5497 3193 5551 videtur
3222 5511 3511 5568 paupertas

1899 5596 1954 5640 et
2003 5588 2356 5641 mendicitas?
2403 5589 2540 5654 Quid
2593 5589 2775 5658 igitur,
2833 5605 3057 5658 quaeso,
3111 5590 3382 5646 bonumnc
3428 5607 3513 5647 est

1901 5681 2245 5737 mendicare?
2278 5683 2508 5748 Bonum,
2541 5683 2583 5736 si
2616 5682 2685 5736 sit
2714 5683 2804 5753 qui
2833 5684 3141 5738 consoletur
3167 5695 3221 5738 et
3252 5685 3514 5739 miserea-

1904 5785 2010 5842 tur,
2041 5777 2086 5830 si
2119 5778 2187 5830 sit
2214 5778 2304 5845 qui
2340 5777 2593 5847 largiatur
2613 5795 2624 5830 :
2648 5777 2788 5832 hanc
2816 5779 2980 5832 vitam
3009 5779 3238 5833 otiosam
3269 5789 3322 5834 et
3352 5794 3511 5834 secu-

1903 5884 2017 5924 ram
2049 5884 2169 5925 esse
2199 5887 2356 5926 nemo
2386 5889 2489 5926 non
2522 5873 2686 5926 novit.
2717 5871 2830 5941 Ego
2856 5881 3031 5930 autem
3061 5885 3165 5925 non
3195 5870 3298 5926 hoc
3327 5871 3507 5936 laude,
