  <div class='ocr_page' id='page_1' title='image "/cluster/home/n/w/nwhite01/storage/ocr_20150623/60/ien.35556001660885/117.png"; bbox 0 0 4068 6408; ppageno 0'>
   <div class='ocr_carea' id='block_1_1' title="bbox 637 393 733 447">
    <p class='ocr_par' dir='ltr' id='par_1_1' title="bbox 637 393 733 447">
     <span class='ocr_line' id='line_1_1' title="bbox 637 393 733 447; baseline -0.031 0"><span class='ocrx_word' id='word_1_1' title='bbox 637 393 733 447; x_wconf 70' lang='lat' dir='ltr'><strong>Ill</strong></span> 
     </span>
    </p>
   </div>
   <div class='ocr_carea' id='block_1_2' title="bbox 633 493 2218 569">
    <p class='ocr_par' dir='ltr' id='par_1_2' title="bbox 633 493 2218 569">
     <span class='ocr_line' id='line_1_2' title="bbox 633 493 2218 569; baseline -0.005 -15"><span class='ocrx_word' id='word_1_2' title='bbox 633 503 792 564; x_wconf 79' lang='lat' dir='ltr'><strong>absit,</strong></span> <span class='ocrx_word' id='word_1_3' title='bbox 811 500 902 555; x_wconf 85' lang='lat' dir='ltr'><strong>sed</strong></span> <span class='ocrx_word' id='word_1_4' title='bbox 927 498 1092 569; x_wconf 87' lang='lat' dir='ltr'><strong>probo</strong></span> <span class='ocrx_word' id='word_1_5' title='bbox 1119 498 1166 554; x_wconf 93' lang='lat' dir='ltr'><strong>si</strong></span> <span class='ocrx_word' id='word_1_6' title='bbox 1190 497 1313 568; x_wconf 88' lang='lat' dir='ltr'><strong>quis</strong></span> <span class='ocrx_word' id='word_1_7' title='bbox 1343 512 1470 567; x_wconf 85' lang='lat' dir='ltr'><strong>opes</strong></span> <span class='ocrx_word' id='word_1_8' title='bbox 1497 512 1601 550; x_wconf 90' lang='lat' dir='ltr'><strong>non</strong></span> <span class='ocrx_word' id='word_1_9' title='bbox 1631 494 1928 551; x_wconf 85' lang='lat' dir='ltr'><strong>desideret.</strong></span> <span class='ocrx_word' id='word_1_10' title='bbox 1956 494 2052 548; x_wconf 89' lang='lat' dir='ltr'><strong>Dic</strong></span> <span class='ocrx_word' id='word_1_11' title='bbox 2075 493 2218 548; x_wconf 91' lang='lat' dir='ltr'><strong>enim</strong></span> 
     </span>
    </p>
   </div>
   <div class='ocr_carea' id='block_1_3' title="bbox 637 584 2216 661">
    <p class='ocr_par' dir='ltr' id='par_1_3' title="bbox 637 584 2216 661">
     <span class='ocr_line' id='line_1_3' title="bbox 637 584 2216 661; baseline -0.006 -14"><span class='ocrx_word' id='word_1_12' title='bbox 637 592 767 647; x_wconf 85' lang='lat' dir='ltr'><strong>mibi</strong></span> <span class='ocrx_word' id='word_1_13' title='bbox 790 631 804 657; x_wconf 90' lang='lat'><strong>,</strong></span> <span class='ocrx_word' id='word_1_14' title='bbox 835 606 972 661; x_wconf 86' lang='lat' dir='ltr'><strong>quos</strong></span> <span class='ocrx_word' id='word_1_15' title='bbox 997 591 1171 659; x_wconf 82' lang='lat' dir='ltr'><strong>potius</strong></span> <span class='ocrx_word' id='word_1_16' title='bbox 1195 588 1402 653; x_wconf 89' lang='lat' dir='ltr'><strong>beatos,</strong></span> <span class='ocrx_word' id='word_1_17' title='bbox 1431 587 1651 651; x_wconf 74' lang='lat' dir='ltr'><strong>dixeris,</strong></span> <span class='ocrx_word' id='word_1_18' title='bbox 1682 602 1748 641; x_wconf 83' lang='lat' dir='ltr'><strong>an</strong></span> <span class='ocrx_word' id='word_1_19' title='bbox 1779 586 1985 640; x_wconf 85' lang='lat' dir='ltr'><strong>virtutis</strong></span> <span class='ocrx_word' id='word_1_20' title='bbox 2009 584 2216 639; x_wconf 66' lang='lat' dir='ltr'><strong>studioa</strong></span> 
     </span>
    </p>
   </div>
   <div class='ocr_carea' id='block_1_4' title="bbox 632 677 2217 752">
    <p class='ocr_par' dir='ltr' id='par_1_4' title="bbox 632 677 2217 752">
     <span class='ocr_line' id='line_1_4' title="bbox 632 677 2217 752; baseline -0.004 -14"><span class='ocrx_word' id='word_1_21' title='bbox 632 699 744 746; x_wconf 86' lang='lat' dir='ltr'><strong>sos,</strong></span> <span class='ocrx_word' id='word_1_22' title='bbox 774 699 840 736; x_wconf 87' lang='lat' dir='ltr'><strong>au</strong></span> <span class='ocrx_word' id='word_1_23' title='bbox 873 697 968 737; x_wconf 88' lang='lat' dir='ltr'><strong>eos</strong></span> <span class='ocrx_word' id='word_1_24' title='bbox 992 682 1080 752; x_wconf 87' lang='lat' dir='ltr'><strong>qui</strong></span> <span class='ocrx_word' id='word_1_25' title='bbox 1115 681 1298 752; x_wconf 89' lang='lat' dir='ltr'><strong>procul</strong></span> <span class='ocrx_word' id='word_1_26' title='bbox 1327 680 1395 734; x_wconf 89' lang='lat' dir='ltr'><strong>ab</strong></span> <span class='ocrx_word' id='word_1_27' title='bbox 1437 680 1522 732; x_wconf 83' lang='lat' dir='ltr'><strong>illa</strong></span> <span class='ocrx_word' id='word_1_28' title='bbox 1571 678 1732 732; x_wconf 87' lang='lat' dir='ltr'><strong>sunt?</strong></span> <span class='ocrx_word' id='word_1_29' title='bbox 1776 677 2057 733; x_wconf 82' lang='lat' dir='ltr'><strong>Studiosos</strong></span> <span class='ocrx_word' id='word_1_30' title='bbox 2101 678 2217 731; x_wconf 86' lang='lat' dir='ltr'><strong>sine</strong></span> 
     </span>
    </p>
   </div>
   <div class='ocr_carea' id='block_1_5' title="bbox 631 770 2219 845">
    <p class='ocr_par' dir='ltr' id='par_1_5' title="bbox 631 770 2219 845">
     <span class='ocr_line' id='line_1_5' title="bbox 631 770 2219 845; baseline -0.003 -17"><span class='ocrx_word' id='word_1_31' title='bbox 631 776 817 830; x_wconf 89' lang='lat' dir='ltr'><strong>dubio.</strong></span> <span class='ocrx_word' id='word_1_32' title='bbox 850 774 981 831; x_wconf 86' lang='lat' dir='ltr'><strong>Uter</strong></span> <span class='ocrx_word' id='word_1_33' title='bbox 1003 790 1131 845; x_wconf 87' lang='lat' dir='ltr'><strong>ergo</strong></span> <span class='ocrx_word' id='word_1_34' title='bbox 1158 775 1377 828; x_wconf 89' lang='lat' dir='ltr'><strong>idoneus</strong></span> <span class='ocrx_word' id='word_1_35' title='bbox 1409 780 1491 826; x_wconf 89' lang='lat' dir='ltr'><strong>est</strong></span> <span class='ocrx_word' id='word_1_36' title='bbox 1519 771 1584 825; x_wconf 89' lang='lat' dir='ltr'><strong>ad</strong></span> <span class='ocrx_word' id='word_1_37' title='bbox 1615 772 1762 825; x_wconf 90' lang='lat' dir='ltr'><strong>utilia</strong></span> <span class='ocrx_word' id='word_1_38' title='bbox 1787 770 2132 830; x_wconf 79' lang='lat' dir='ltr'><strong>addiscenda,</strong></span> <span class='ocrx_word' id='word_1_39' title='bbox 2163 778 2219 824; x_wconf 91' lang='lat' dir='ltr'><strong>et</strong></span> 
     </span>
    </p>
   </div>
   <div class='ocr_carea' id='block_1_6' title="bbox 632 859 2218 937">
    <p class='ocr_par' dir='ltr' id='par_1_6' title="bbox 632 859 2218 937">
     <span class='ocr_line' id='line_1_6' title="bbox 632 859 2218 937; baseline -0.004 -17"><span class='ocrx_word' id='word_1_40' title='bbox 632 867 698 920; x_wconf 78' lang='lat' dir='ltr'><strong>ad</strong></span> <span class='ocrx_word' id='word_1_41' title='bbox 745 865 1098 937; x_wconf 71' lang='lat' dir='ltr'><strong>philosophirc</strong></span> <span class='ocrx_word' id='word_1_42' title='bbox 1137 864 1495 933; x_wconf 86' lang='lat' dir='ltr'><strong>splendorem,</strong></span> <span class='ocrx_word' id='word_1_43' title='bbox 1543 879 1610 916; x_wconf 88' lang='lat' dir='ltr'><strong>an</strong></span> <span class='ocrx_word' id='word_1_44' title='bbox 1656 862 1742 916; x_wconf 91' lang='lat' dir='ltr'><strong>hic</strong></span> <span class='ocrx_word' id='word_1_45' title='bbox 1785 878 1850 915; x_wconf 90' lang='lat' dir='ltr'><strong>au</strong></span> <span class='ocrx_word' id='word_1_46' title='bbox 1894 860 2022 915; x_wconf 85' lang='lat' dir='ltr'><strong>ille?</strong></span> <span class='ocrx_word' id='word_1_47' title='bbox 2067 859 2218 914; x_wconf 89' lang='lat' dir='ltr'><strong>Hunc</strong></span> 
     </span>
    </p>
   </div>
   <div class='ocr_carea' id='block_1_7' title="bbox 630 952 2218 1031">
    <p class='ocr_par' dir='ltr' id='par_1_7' title="bbox 630 952 2218 1031">
     <span class='ocr_line' id='line_1_7' title="bbox 630 952 2218 1031; baseline -0.005 -17"><span class='ocrx_word' id='word_1_48' title='bbox 630 961 814 1031; x_wconf 90' lang='lat' dir='ltr'><strong>utique</strong></span> <span class='ocrx_word' id='word_1_49' title='bbox 840 975 960 1015; x_wconf 90' lang='lat' dir='ltr'><strong>esse</strong></span> <span class='ocrx_word' id='word_1_50' title='bbox 988 959 1158 1028; x_wconf 80' lang='lat' dir='ltr'><strong>palam</strong></span> <span class='ocrx_word' id='word_1_51' title='bbox 1180 968 1280 1012; x_wconf 91' lang='lat' dir='ltr'><strong>est.</strong></span> <span class='ocrx_word' id='word_1_52' title='bbox 1310 954 1365 1013; x_wconf 85' lang='lat' dir='ltr'><strong>Si</strong></span> <span class='ocrx_word' id='word_1_53' title='bbox 1395 972 1498 1011; x_wconf 92' lang='lat' dir='ltr'><strong>nou</strong></span> <span class='ocrx_word' id='word_1_54' title='bbox 1527 957 1735 1016; x_wconf 83' lang='lat' dir='ltr'><strong>credas,</strong></span> <span class='ocrx_word' id='word_1_55' title='bbox 1761 955 1810 1008; x_wconf 88' lang='lat' dir='ltr'>id</span> <span class='ocrx_word' id='word_1_56' title='bbox 1836 955 2002 1009; x_wconf 86' lang='lat' dir='ltr'><strong>disce.</strong></span> <span class='ocrx_word' id='word_1_57' title='bbox 2036 952 2218 1007; x_wconf 78' lang='lat' dir='ltr'><strong>Addu-</strong></span> 
     </span>
    </p>
   </div>
   <div class='ocr_carea' id='block_1_8' title="bbox 630 1045 2212 1122">
    <p class='ocr_par' dir='ltr' id='par_1_8' title="bbox 630 1045 2212 1122">
     <span class='ocr_line' id='line_1_8' title="bbox 630 1045 2212 1122; baseline -0.006 -16"><span class='ocrx_word' id='word_1_58' title='bbox 630 1063 782 1106; x_wconf 87' lang='lat' dir='ltr'><strong>catur</strong></span> <span class='ocrx_word' id='word_1_59' title='bbox 810 1053 930 1122; x_wconf 83' lang='lat' dir='ltr'><strong>quis</strong></span> <span class='ocrx_word' id='word_1_60' title='bbox 952 1067 982 1105; x_wconf 91' lang='lat' dir='ltr'><strong>e</strong></span> <span class='ocrx_word' id='word_1_61' title='bbox 1010 1049 1128 1104; x_wconf 82' lang='lat' dir='ltr'><strong>foro</strong></span> <span class='ocrx_word' id='word_1_62' title='bbox 1156 1047 1595 1104; x_wconf 77' lang='lat' dir='ltr'><strong>mendicantium.</strong></span> <span class='ocrx_word' id='word_1_63' title='bbox 1622 1047 1709 1116; x_wconf 86' lang='lat' dir='ltr'><strong>qui</strong></span> <span class='ocrx_word' id='word_1_64' title='bbox 1738 1047 1808 1100; x_wconf 87' lang='lat' dir='ltr'><strong>sit</strong></span> <span class='ocrx_word' id='word_1_65' title='bbox 1835 1059 2031 1109; x_wconf 74' lang='lat' dir='ltr'><strong>czccus,</strong></span> <span class='ocrx_word' id='word_1_66' title='bbox 2063 1045 2212 1099; x_wconf 81' lang='lat' dir='ltr'><strong>clau-</strong></span> 
     </span>
    </p>
   </div>
   <div class='ocr_carea' id='block_1_9' title="bbox 628 1140 2216 1210">
    <p class='ocr_par' dir='ltr' id='par_1_9' title="bbox 628 1140 2216 1210">
     <span class='ocr_line' id='line_1_9' title="bbox 628 1140 2216 1210; baseline -0.005 -12"><span class='ocrx_word' id='word_1_67' title='bbox 628 1144 749 1208; x_wconf 87' lang='lat' dir='ltr'><strong>dus,</strong></span> <span class='ocrx_word' id='word_1_68' title='bbox 774 1143 1022 1207; x_wconf 91' lang='lat' dir='ltr'><strong>mutilus;</strong></span> <span class='ocrx_word' id='word_1_69' title='bbox 1049 1142 1186 1196; x_wconf 88' lang='lat' dir='ltr'><strong>alius</strong></span> <span class='ocrx_word' id='word_1_70' title='bbox 1204 1154 1414 1210; x_wconf 91' lang='lat' dir='ltr'><strong>quoque</strong></span> <span class='ocrx_word' id='word_1_71' title='bbox 1437 1151 1654 1209; x_wconf 87' lang='lat' dir='ltr'><strong>aspectu</strong></span> <span class='ocrx_word' id='word_1_72' title='bbox 1681 1140 1961 1200; x_wconf 74' lang='lat' dir='ltr'><strong>hirmosus,</strong></span> <span class='ocrx_word' id='word_1_73' title='bbox 1989 1150 2216 1203; x_wconf 82' lang='lat' dir='ltr'><strong>corpore</strong></span> 
     </span>
    </p>
   </div>
   <div class='ocr_carea' id='block_1_10' title="bbox 631 1228 2208 1303">
    <p class='ocr_par' dir='ltr' id='par_1_10' title="bbox 631 1228 2208 1303">
     <span class='ocr_line' id='line_1_10' title="bbox 631 1228 2208 1303; baseline -0.006 -16"><span class='ocrx_word' id='word_1_74' title='bbox 631 1235 884 1289; x_wconf 82' lang='lat' dir='ltr'><strong>robustus</strong></span> <span class='ocrx_word' id='word_1_75' title='bbox 908 1249 972 1288; x_wconf 89' lang='lat' dir='ltr'><strong>ac</strong></span> <span class='ocrx_word' id='word_1_76' title='bbox 999 1233 1229 1296; x_wconf 83' lang='lat' dir='ltr'><strong>vividus,</strong></span> <span class='ocrx_word' id='word_1_77' title='bbox 1257 1232 1449 1303; x_wconf 90' lang='lat' dir='ltr'><strong>opibus</strong></span> <span class='ocrx_word' id='word_1_78' title='bbox 1474 1231 1773 1294; x_wconf 87' lang='lat' dir='ltr'><strong>abundans,</strong></span> <span class='ocrx_word' id='word_1_79' title='bbox 1798 1243 1990 1298; x_wconf 79' lang='lat' dir='ltr'><strong>genere</strong></span> <span class='ocrx_word' id='word_1_80' title='bbox 2014 1228 2208 1290; x_wconf 91' lang='lat' dir='ltr'><strong>clarus,</strong></span> 
     </span>
    </p>
   </div>
   <div class='ocr_carea' id='block_1_11' title="bbox 629 1319 2214 1398">
    <p class='ocr_par' dir='ltr' id='par_1_11' title="bbox 629 1319 2214 1398">
     <span class='ocr_line' id='line_1_11' title="bbox 629 1319 2214 1398; baseline -0.004 -20"><span class='ocrx_word' id='word_1_81' title='bbox 629 1333 864 1396; x_wconf 89' lang='lat' dir='ltr'><strong>potentia</strong></span> <span class='ocrx_word' id='word_1_82' title='bbox 893 1327 1096 1381; x_wconf 85' lang='lat' dir='ltr'><strong>valens.</strong></span> <span class='ocrx_word' id='word_1_83' title='bbox 1135 1324 1210 1398; x_wconf 82' lang='grc' dir='ltr'><strong>(α)</strong></span> <span class='ocrx_word' id='word_1_84' title='bbox 1245 1325 1348 1379; x_wconf 86' lang='lat' dir='ltr'><strong>llos</strong></span> <span class='ocrx_word' id='word_1_85' title='bbox 1377 1325 1554 1394; x_wconf 89' lang='lat' dir='ltr'><strong>itaque</strong></span> <span class='ocrx_word' id='word_1_86' title='bbox 1580 1322 1647 1376; x_wconf 88' lang='lat' dir='ltr'><strong>ad</strong></span> <span class='ocrx_word' id='word_1_87' title='bbox 1677 1319 2029 1392; x_wconf 75' lang='lat' dir='ltr'><strong>p‘hil050phitc</strong></span> <span class='ocrx_word' id='word_1_88' title='bbox 2055 1319 2214 1374; x_wconf 86' lang='lat' dir='ltr'><strong>disci-</strong></span> 
     </span>
    </p>
   </div>
   <div class='ocr_carea' id='block_1_12' title="bbox 631 1411 2212 1484">
    <p class='ocr_par' dir='ltr' id='par_1_12' title="bbox 631 1411 2212 1484">
     <span class='ocr_line' id='line_1_12' title="bbox 631 1411 2212 1484; baseline -0.004 -15"><span class='ocrx_word' id='word_1_89' title='bbox 631 1419 828 1484; x_wconf 89' lang='lat' dir='ltr'><strong>plinam</strong></span> <span class='ocrx_word' id='word_1_90' title='bbox 859 1419 1184 1473; x_wconf 86' lang='lat' dir='ltr'><strong>adducamus</strong></span> <span class='ocrx_word' id='word_1_91' title='bbox 1204 1460 1218 1480; x_wconf 93' lang='lat'><strong>,</strong></span> <span class='ocrx_word' id='word_1_92' title='bbox 1256 1424 1308 1470; x_wconf 91' lang='lat' dir='ltr'><strong>et</strong></span> <span class='ocrx_word' id='word_1_93' title='bbox 1353 1415 1658 1477; x_wconf 83' lang='lat' dir='ltr'><strong>videamus,</strong></span> <span class='ocrx_word' id='word_1_94' title='bbox 1690 1423 1808 1468; x_wconf 88' lang='lat' dir='ltr'><strong>uter</strong></span> <span class='ocrx_word' id='word_1_95' title='bbox 1835 1427 2020 1466; x_wconf 89' lang='lat' dir='ltr'><strong>eorum</strong></span> <span class='ocrx_word' id='word_1_96' title='bbox 2047 1411 2212 1479; x_wconf 76' lang='lat' dir='ltr'><strong>magis</strong></span> 
     </span>
    </p>
   </div>
   <div class='ocr_carea' id='block_1_13' title="bbox 624 1507 2209 1578">
    <p class='ocr_par' dir='ltr' id='par_1_13' title="bbox 624 1507 2209 1578">
     <span class='ocr_line' id='line_1_13' title="bbox 624 1507 2209 1578; baseline -0.005 -17"><span class='ocrx_word' id='word_1_97' title='bbox 624 1511 924 1563; x_wconf 88' lang='lat' dir='ltr'><strong>doctrinam</strong></span> <span class='ocrx_word' id='word_1_98' title='bbox 968 1510 1222 1578; x_wconf 73' lang='lat' dir='ltr'><strong>excipiat.</strong></span> <span class='ocrx_word' id='word_1_99' title='bbox 1271 1507 1350 1562; x_wconf 82' lang='lat' dir='ltr'><strong>Sit</strong></span> <span class='ocrx_word' id='word_1_100' title='bbox 1401 1523 1529 1577; x_wconf 85' lang='lat' dir='ltr'><strong>ergo</strong></span> <span class='ocrx_word' id='word_1_101' title='bbox 1575 1507 1801 1573; x_wconf 88' lang='lat' dir='ltr'><strong>primum</strong></span> <span class='ocrx_word' id='word_1_102' title='bbox 1854 1513 2209 1573; x_wconf 68' lang='lat' dir='ltr'><strong>prwceptum,</strong></span> 
     </span>
    </p>
   </div>
   <div class='ocr_carea' id='block_1_14' title="bbox 623 1583 2200 1662">
    <p class='ocr_par' dir='ltr' id='par_1_14' title="bbox 623 1583 2200 1662">
     <span class='ocr_line' id='line_1_14' title="bbox 623 1583 2200 1662; baseline -0.004 -10"><span class='ocrx_word' id='word_1_103' title='bbox 623 1600 850 1655; x_wconf 85' lang='lat' dir='ltr'><strong>llumilis</strong></span> <span class='ocrx_word' id='word_1_104' title='bbox 871 1583 987 1655; x_wconf 78' lang='lat' dir='ltr'><strong>esto</strong></span> <span class='ocrx_word' id='word_1_105' title='bbox 1013 1611 1066 1656; x_wconf 92' lang='lat' dir='ltr'><strong>et</strong></span> <span class='ocrx_word' id='word_1_106' title='bbox 1099 1598 1398 1661; x_wconf 92' lang='lat' dir='ltr'><strong>modestus;</strong></span> <span class='ocrx_word' id='word_1_107' title='bbox 1433 1597 1532 1652; x_wconf 88' lang='lat' dir='ltr'><strong>hoc</strong></span> <span class='ocrx_word' id='word_1_108' title='bbox 1556 1597 1698 1650; x_wconf 91' lang='lat' dir='ltr'><strong>enim</strong></span> <span class='ocrx_word' id='word_1_109' title='bbox 1727 1595 1975 1649; x_wconf 79' lang='lat' dir='ltr'><strong>Christus</strong></span> <span class='ocrx_word' id='word_1_110' title='bbox 2003 1609 2200 1662; x_wconf 77' lang='lat' dir='ltr'><strong>prtecc-</strong></span> 
     </span>
    </p>
   </div>
   <div class='ocr_carea' id='block_1_15' title="bbox 625 1687 2212 1767">
    <p class='ocr_par' dir='ltr' id='par_1_15' title="bbox 625 1687 2212 1767">
     <span class='ocr_line' id='line_1_15' title="bbox 625 1687 2212 1767; baseline -0.005 -18"><span class='ocrx_word' id='word_1_111' title='bbox 625 1696 697 1767; x_wconf 98' lang='lat' dir='ltr'><strong>pit</strong></span> <span class='ocrx_word' id='word_1_112' title='bbox 727 1712 736 1744; x_wconf 96' lang='lat'>:</span> <span class='ocrx_word' id='word_1_113' title='bbox 761 1704 875 1747; x_wconf 89' lang='lat' dir='ltr'><strong>uter</strong></span> <span class='ocrx_word' id='word_1_114' title='bbox 899 1694 1066 1763; x_wconf 82' lang='lat' dir='ltr'><strong>magis</strong></span> <span class='ocrx_word' id='word_1_115' title='bbox 1099 1692 1199 1744; x_wconf 85' lang='lat' dir='ltr'><strong>hoc</strong></span> <span class='ocrx_word' id='word_1_116' title='bbox 1217 1690 1441 1759; x_wconf 89' lang='lat' dir='ltr'><strong>implere</strong></span> <span class='ocrx_word' id='word_1_117' title='bbox 1463 1689 1694 1760; x_wconf 83' lang='lat' dir='ltr'><strong>poterit?</strong></span> <span class='ocrx_word' id='word_1_118' title='bbox 1723 1687 1899 1754; x_wconf 84' lang='lat' dir='ltr'><strong>Beati,</strong></span> <span class='ocrx_word' id='word_1_119' title='bbox 1931 1693 2015 1757; x_wconf 83' lang='lat' dir='ltr'><strong>qui</strong></span> <span class='ocrx_word' id='word_1_120' title='bbox 2042 1690 2212 1757; x_wconf 79' lang='lat' dir='ltr'><strong>lugent</strong></span> 
     </span>
    </p>
   </div>
   <div class='ocr_carea' id='block_1_16' title="bbox 623 1783 2210 1855">
    <p class='ocr_par' dir='ltr' id='par_1_16' title="bbox 623 1783 2210 1855">
     <span class='ocr_line' id='line_1_16' title="bbox 623 1783 2210 1855; baseline -0.005 -16"><span class='ocrx_word' id='word_1_121' title='bbox 623 1786 832 1855; x_wconf 75' lang='lat' dir='ltr'><strong>(Matth.</strong></span> <span class='ocrx_word' id='word_1_122' title='bbox 870 1787 920 1840; x_wconf 84' lang='lat'><strong>5.</strong></span> <span class='ocrx_word' id='word_1_123' title='bbox 952 1787 1006 1854; x_wconf 84' lang='lat'><strong>5)</strong></span> <span class='ocrx_word' id='word_1_124' title='bbox 1033 1803 1045 1836; x_wconf 92' lang='lat'><strong><em>:</em></strong></span> <span class='ocrx_word' id='word_1_125' title='bbox 1069 1784 1189 1854; x_wconf 85' lang='lat' dir='ltr'><strong>quis</strong></span> <span class='ocrx_word' id='word_1_126' title='bbox 1218 1784 1362 1838; x_wconf 89' lang='lat' dir='ltr'><strong>dicto</strong></span> <span class='ocrx_word' id='word_1_127' title='bbox 1402 1783 1572 1851; x_wconf 83' lang='lat' dir='ltr'><strong>magis</strong></span> <span class='ocrx_word' id='word_1_128' title='bbox 1619 1783 1898 1836; x_wconf 87' lang='lat' dir='ltr'><strong>attendet?</strong></span> <span class='ocrx_word' id='word_1_129' title='bbox 1929 1783 2074 1836; x_wconf 87' lang='lat' dir='ltr'><strong>Beati</strong></span> <span class='ocrx_word' id='word_1_130' title='bbox 2112 1783 2210 1832; x_wconf 77' lang='lat' dir='ltr'><strong>hu-</strong></span> 
     </span>
    </p>
   </div>
   <div class='ocr_carea' id='block_1_17' title="bbox 622 1871 2206 1944">
    <p class='ocr_par' dir='ltr' id='par_1_17' title="bbox 622 1871 2206 1944">
     <span class='ocr_line' id='line_1_17' title="bbox 622 1871 2206 1944; baseline -0.004 -15"><span class='ocrx_word' id='word_1_131' title='bbox 622 1877 775 1929; x_wconf 81' lang='lat' dir='ltr'><strong>miles</strong></span> <span class='ocrx_word' id='word_1_132' title='bbox 801 1893 813 1926; x_wconf 92' lang='lat'>:</span> <span class='ocrx_word' id='word_1_133' title='bbox 839 1887 956 1930; x_wconf 91' lang='lat' dir='ltr'><strong>uter</strong></span> <span class='ocrx_word' id='word_1_134' title='bbox 997 1877 1166 1944; x_wconf 84' lang='lat' dir='ltr'><strong>magis</strong></span> <span class='ocrx_word' id='word_1_135' title='bbox 1203 1874 1422 1928; x_wconf 79' lang='lat' dir='ltr'><strong>audiet?</strong></span> <span class='ocrx_word' id='word_1_136' title='bbox 1453 1871 1600 1926; x_wconf 82' lang='lat' dir='ltr'><strong>Beati</strong></span> <span class='ocrx_word' id='word_1_137' title='bbox 1630 1874 1818 1925; x_wconf 87' lang='lat' dir='ltr'><strong>mundo</strong></span> <span class='ocrx_word' id='word_1_138' title='bbox 1845 1874 1997 1926; x_wconf 84' lang='lat' dir='ltr'><strong>corde</strong></span> <span class='ocrx_word' id='word_1_139' title='bbox 2020 1889 2036 1925; x_wconf 89' lang='lat'><strong><em>:</em></strong></span> <span class='ocrx_word' id='word_1_140' title='bbox 2057 1873 2206 1936; x_wconf 83' lang='lat' dir='ltr'><strong>beati,</strong></span> 
     </span>
    </p>
   </div>
   <div class='ocr_carea' id='block_1_18' title="bbox 621 1964 2208 2034">
    <p class='ocr_par' dir='ltr' id='par_1_18' title="bbox 621 1964 2208 2034">
     <span class='ocr_line' id='line_1_18' title="bbox 621 1964 2208 2034; baseline -0.001 -18"><span class='ocrx_word' id='word_1_141' title='bbox 621 1968 707 2034; x_wconf 72' lang='lat' dir='ltr'><strong>qui</strong></span> <span class='ocrx_word' id='word_1_142' title='bbox 747 1969 971 2020; x_wconf 74' lang='lat' dir='ltr'><strong>esuriant</strong></span> <span class='ocrx_word' id='word_1_143' title='bbox 999 1975 1044 2018; x_wconf 86' lang='lat' dir='ltr'><strong>et</strong></span> <span class='ocrx_word' id='word_1_144' title='bbox 1072 1967 1248 2019; x_wconf 85' lang='lat' dir='ltr'><strong>sitiunt</strong></span> <span class='ocrx_word' id='word_1_145' title='bbox 1278 1967 1574 2034; x_wconf 83' lang='lat' dir='ltr'><strong>justitiam:</strong></span> <span class='ocrx_word' id='word_1_146' title='bbox 1597 1964 1760 2029; x_wconf 88' lang='lat' dir='ltr'><strong>beati,</strong></span> <span class='ocrx_word' id='word_1_147' title='bbox 1808 1966 1892 2034; x_wconf 86' lang='lat' dir='ltr'><strong>qui</strong></span> <span class='ocrx_word' id='word_1_148' title='bbox 1937 1980 2208 2032; x_wconf 79' lang='lat' dir='ltr'><strong>persequu-</strong></span> 
     </span>
    </p>
   </div>
   <div class='ocr_carea' id='block_1_19' title="bbox 624 2053 2206 2127">
    <p class='ocr_par' dir='ltr' id='par_1_19' title="bbox 624 2053 2206 2127">
     <span class='ocr_line' id='line_1_19' title="bbox 624 2053 2206 2127; baseline -0.001 -19"><span class='ocrx_word' id='word_1_149' title='bbox 624 2059 788 2110; x_wconf 82' lang='lat' dir='ltr'><strong>tionen</strong></span> <span class='ocrx_word' id='word_1_150' title='bbox 839 2059 1103 2126; x_wconf 82' lang='lat' dir='ltr'><strong>patiuntur</strong></span> <span class='ocrx_word' id='word_1_151' title='bbox 1131 2066 1335 2127; x_wconf 83' lang='lat' dir='ltr'><strong>prapter</strong></span> <span class='ocrx_word' id='word_1_152' title='bbox 1362 2056 1620 2126; x_wconf 82' lang='lat' dir='ltr'><strong>justitiam</strong></span> <span class='ocrx_word' id='word_1_153' title='bbox 1647 2053 1808 2126; x_wconf 86' lang='lat' dir='ltr'><strong>(Ibid.</strong></span> <span class='ocrx_word' id='word_1_154' title='bbox 1840 2073 1884 2110; x_wconf 84' lang='lat' dir='ltr'><strong>tt.</strong></span> <span class='ocrx_word' id='word_1_155' title='bbox 1917 2056 1968 2109; x_wconf 87' lang='grc'><strong>8.</strong></span> <span class='ocrx_word' id='word_1_156' title='bbox 1999 2057 2052 2110; x_wconf 87' lang='lat'><strong>6.</strong></span> <span class='ocrx_word' id='word_1_157' title='bbox 2082 2053 2206 2126; x_wconf 67' lang='lat'><strong>40):</strong></span> 
     </span>
    </p>
   </div>
   <div class='ocr_carea' id='block_1_20' title="bbox 623 2148 2210 2218">
    <p class='ocr_par' dir='ltr' id='par_1_20' title="bbox 623 2148 2210 2218">
     <span class='ocr_line' id='line_1_20' title="bbox 623 2148 2210 2218; baseline -0.001 -16"><span class='ocrx_word' id='word_1_158' title='bbox 623 2150 742 2217; x_wconf 91' lang='lat' dir='ltr'><strong>quis</strong></span> <span class='ocrx_word' id='word_1_159' title='bbox 771 2148 884 2203; x_wconf 74' lang='lat' dir='ltr'><strong>l-ec</strong></span> <span class='ocrx_word' id='word_1_160' title='bbox 909 2149 1063 2204; x_wconf 77' lang='lat' dir='ltr'><strong>facile</strong></span> <span class='ocrx_word' id='word_1_161' title='bbox 1092 2165 1121 2204; x_wconf 87' lang='lat' dir='ltr'><strong>e</strong></span> <span class='ocrx_word' id='word_1_162' title='bbox 1145 2149 1360 2218; x_wconf 85' lang='lat' dir='ltr'><strong>:cipiet?</strong></span> <span class='ocrx_word' id='word_1_163' title='bbox 1389 2149 1456 2202; x_wconf 87' lang='lat' dir='ltr'><strong>Et</strong></span> <span class='ocrx_word' id='word_1_164' title='bbox 1483 2151 1527 2202; x_wconf 92' lang='lat' dir='ltr'><strong>si</strong></span> <span class='ocrx_word' id='word_1_165' title='bbox 1561 2150 1660 2214; x_wconf 83' lang='lat' dir='ltr'><strong>vis,</strong></span> <span class='ocrx_word' id='word_1_166' title='bbox 1699 2149 1813 2202; x_wconf 74' lang='lat' dir='ltr'><strong>lure</strong></span> <span class='ocrx_word' id='word_1_167' title='bbox 1855 2149 2064 2218; x_wconf 88' lang='lat' dir='ltr'><strong>utrique</strong></span> <span class='ocrx_word' id='word_1_168' title='bbox 2111 2149 2210 2201; x_wconf 77' lang='lat' dir='ltr'><strong>atl-</strong></span> 
     </span>
    </p>
   </div>
   <div class='ocr_carea' id='block_1_21' title="bbox 617 2241 2210 2311">
    <p class='ocr_par' dir='ltr' id='par_1_21' title="bbox 617 2241 2210 2311">
     <span class='ocr_line' id='line_1_21' title="bbox 617 2241 2210 2311; baseline 0.003 -21"><span class='ocrx_word' id='word_1_169' title='bbox 617 2251 886 2308; x_wconf 75' lang='lat' dir='ltr'><strong>aptemus.</strong></span> <span class='ocrx_word' id='word_1_170' title='bbox 929 2244 1118 2294; x_wconf 85' lang='lat' dir='ltr'><strong>Annon</strong></span> <span class='ocrx_word' id='word_1_171' title='bbox 1163 2241 1248 2297; x_wconf 89' lang='lat' dir='ltr'><strong>ille</strong></span> <span class='ocrx_word' id='word_1_172' title='bbox 1275 2249 1444 2295; x_wconf 84' lang='lat' dir='ltr'><strong>tumet</strong></span> <span class='ocrx_word' id='word_1_173' title='bbox 1467 2241 1702 2311; x_wconf 90' lang='lat' dir='ltr'><strong>undique</strong></span> <span class='ocrx_word' id='word_1_174' title='bbox 1740 2251 1794 2295; x_wconf 90' lang='lat' dir='ltr'><strong>et</strong></span> <span class='ocrx_word' id='word_1_175' title='bbox 1834 2241 2078 2303; x_wconf 83' lang='lat' dir='ltr'><strong>inﬂatur;</strong></span> <span class='ocrx_word' id='word_1_176' title='bbox 2124 2241 2210 2295; x_wconf 90' lang='lat' dir='ltr'><strong>hic</strong></span> 
     </span>
    </p>
   </div>
   <div class='ocr_carea' id='block_1_22' title="bbox 622 2334 2210 2406">
    <p class='ocr_par' dir='ltr' id='par_1_22' title="bbox 622 2334 2210 2406">
     <span class='ocr_line' id='line_1_22' title="bbox 622 2334 2210 2406; baseline 0.001 -20"><span class='ocrx_word' id='word_1_177' title='bbox 622 2350 750 2389; x_wconf 61' lang='lat' dir='ltr'><strong>vero</strong></span> <span class='ocrx_word' id='word_1_178' title='bbox 784 2337 1058 2390; x_wconf 68' lang='lat' dir='ltr'><strong>uumilitcr</strong></span> <span class='ocrx_word' id='word_1_179' title='bbox 1099 2353 1315 2406; x_wconf 76' lang='lat' dir='ltr'><strong>prorsus</strong></span> <span class='ocrx_word' id='word_1_180' title='bbox 1359 2336 1522 2391; x_wconf 90' lang='lat' dir='ltr'><strong>sentit</strong></span> <span class='ocrx_word' id='word_1_181' title='bbox 1569 2351 1633 2390; x_wconf 89' lang='lat' dir='ltr'><strong>ac</strong></span> <span class='ocrx_word' id='word_1_182' title='bbox 1680 2335 1945 2390; x_wconf 89' lang='lat' dir='ltr'><strong>demissus</strong></span> <span class='ocrx_word' id='word_1_183' title='bbox 1974 2335 2092 2389; x_wconf 85' lang='lat' dir='ltr'><strong>est?</strong></span> <span class='ocrx_word' id='word_1_184' title='bbox 2121 2334 2210 2388; x_wconf 92' lang='lat' dir='ltr'><strong>Sic</strong></span> 
     </span>
    </p>
   </div>
   <div class='ocr_carea' id='block_1_23' title="bbox 625 2425 2208 2497">
    <p class='ocr_par' dir='ltr' id='par_1_23' title="bbox 625 2425 2208 2497">
     <span class='ocr_line' id='line_1_23' title="bbox 625 2425 2208 2497; baseline -0.001 -18"><span class='ocrx_word' id='word_1_185' title='bbox 625 2430 805 2497; x_wconf 86' lang='lat' dir='ltr'><strong>utique</strong></span> <span class='ocrx_word' id='word_1_186' title='bbox 845 2444 902 2483; x_wconf 85' lang='lat' dir='ltr'><strong>se</strong></span> <span class='ocrx_word' id='word_1_187' title='bbox 952 2444 1038 2482; x_wconf 85' lang='lat' dir='ltr'><strong>res</strong></span> <span class='ocrx_word' id='word_1_188' title='bbox 1092 2429 1271 2482; x_wconf 85' lang='lat' dir='ltr'><strong>habet.</strong></span> <span class='ocrx_word' id='word_1_189' title='bbox 1317 2428 1409 2481; x_wconf 74' lang='lat' dir='ltr'><strong>Est</strong></span> <span class='ocrx_word' id='word_1_190' title='bbox 1453 2436 1505 2482; x_wconf 90' lang='lat' dir='ltr'><strong>et</strong></span> <span class='ocrx_word' id='word_1_191' title='bbox 1547 2427 1686 2496; x_wconf 91' lang='lat' dir='ltr'><strong>apud</strong></span> <span class='ocrx_word' id='word_1_192' title='bbox 1727 2435 1979 2480; x_wconf 83' lang='lat' dir='ltr'><strong>externos</strong></span> <span class='ocrx_word' id='word_1_193' title='bbox 2009 2425 2208 2480; x_wconf 92' lang='lat' dir='ltr'><strong>dictum</strong></span> 
     </span>
    </p>
   </div>
   <div class='ocr_carea' id='block_1_24' title="bbox 621 2518 2205 2588">
    <p class='ocr_par' dir='ltr' id='par_1_24' title="bbox 621 2518 2205 2588">
     <span class='ocr_line' id='line_1_24' title="bbox 621 2518 2205 2588; baseline -0.001 -16"><span class='ocrx_word' id='word_1_194' title='bbox 621 2520 792 2572; x_wconf 82' lang='lat' dir='ltr'><strong>simile</strong></span> <span class='ocrx_word' id='word_1_195' title='bbox 817 2535 830 2575; x_wconf 89' lang='lat'><strong>:</strong></span> <span class='ocrx_word' id='word_1_196' title='bbox 855 2518 1050 2573; x_wconf 85' lang='lat' dir='ltr'><strong>Servus</strong></span> <span class='ocrx_word' id='word_1_197' title='bbox 1095 2518 1308 2588; x_wconf 86' lang='lat' dir='ltr'><strong>quidem</strong></span> <span class='ocrx_word' id='word_1_198' title='bbox 1339 2520 1630 2586; x_wconf 77' lang='lat' dir='ltr'><strong>Epictetus,</strong></span> <span class='ocrx_word' id='word_1_199' title='bbox 1671 2532 1897 2586; x_wconf 89' lang='lat' dir='ltr'><strong>corpore</strong></span> <span class='ocrx_word' id='word_1_200' title='bbox 1947 2531 2205 2578; x_wconf 87' lang='lat' dir='ltr'><strong>mancus,</strong></span> 
     </span>
    </p>
   </div>
   <div class='ocr_carea' id='block_1_25' title="bbox 622 2609 2210 2681">
    <p class='ocr_par' dir='ltr' id='par_1_25' title="bbox 622 2609 2210 2681">
     <span class='ocr_line' id='line_1_25' title="bbox 622 2609 2210 2681; baseline 0.002 -20"><span class='ocrx_word' id='word_1_201' title='bbox 622 2621 935 2680; x_wconf 79' lang='lat' dir='ltr'><strong>paupertate</strong></span> <span class='ocrx_word' id='word_1_202' title='bbox 969 2613 1081 2664; x_wconf 82' lang='lat' dir='ltr'><strong>lrus</strong></span> <span class='ocrx_word' id='word_1_203' title='bbox 1108 2653 1120 2674; x_wconf 85' lang='lat'><strong>,</strong></span> <span class='ocrx_word' id='word_1_204' title='bbox 1167 2621 1221 2664; x_wconf 89' lang='lat' dir='ltr'><strong>et</strong></span> <span class='ocrx_word' id='word_1_205' title='bbox 1263 2611 1466 2664; x_wconf 83' lang='lat' dir='ltr'><strong>anticus</strong></span> <span class='ocrx_word' id='word_1_206' title='bbox 1507 2609 1887 2664; x_wconf 86' lang='lat' dir='ltr'><strong>immortalium</strong></span> <span class='ocrx_word' id='word_1_207' title='bbox 1919 2610 2014 2681; x_wconf 77' lang='grc' dir='ltr'><strong>(ὁ).</strong></span> <span class='ocrx_word' id='word_1_208' title='bbox 2047 2609 2120 2662; x_wconf 86' lang='lat' dir='ltr'><strong>Ila</strong></span> <span class='ocrx_word' id='word_1_209' title='bbox 2152 2626 2210 2664; x_wconf 84' lang='lat' dir='ltr'><strong>se</strong></span> 
     </span>
    </p>
   </div>
   <div class='ocr_carea' id='block_1_26' title="bbox 625 2701 2212 2771">
    <p class='ocr_par' dir='ltr' id='par_1_26' title="bbox 625 2701 2212 2771">
     <span class='ocr_line' id='line_1_26' title="bbox 625 2701 2212 2771; baseline 0.002 -16"><span class='ocrx_word' id='word_1_210' title='bbox 625 2703 787 2756; x_wconf 90' lang='lat' dir='ltr'><strong>habet</strong></span> <span class='ocrx_word' id='word_1_211' title='bbox 845 2719 1065 2771; x_wconf 84' lang='lat' dir='ltr'><strong>pauper.</strong></span> <span class='ocrx_word' id='word_1_212' title='bbox 1125 2702 1307 2755; x_wconf 76' lang='lat' dir='ltr'><strong>Divitis</strong></span> <span class='ocrx_word' id='word_1_213' title='bbox 1363 2711 1541 2760; x_wconf 87' lang='lat' dir='ltr'><strong>autem</strong></span> <span class='ocrx_word' id='word_1_214' title='bbox 1599 2702 1774 2754; x_wconf 91' lang='lat' dir='ltr'><strong>anima</strong></span> <span class='ocrx_word' id='word_1_215' title='bbox 1828 2710 2001 2755; x_wconf 87' lang='lat' dir='ltr'><strong>scatet</strong></span> <span class='ocrx_word' id='word_1_216' title='bbox 2053 2701 2212 2758; x_wconf 82' lang='lat' dir='ltr'><strong>malis</strong></span> 
     </span>
    </p>
   </div>
   <div class='ocr_carea' id='block_1_27' title="bbox 622 2792 2212 2863">
    <p class='ocr_par' dir='ltr' id='par_1_27' title="bbox 622 2792 2212 2863">
     <span class='ocr_line' id='line_1_27' title="bbox 622 2792 2212 2863; baseline 0.001 -18"><span class='ocrx_word' id='word_1_217' title='bbox 622 2794 892 2859; x_wconf 87' lang='lat' dir='ltr'><strong>omnibus,</strong></span> <span class='ocrx_word' id='word_1_218' title='bbox 920 2794 1246 2862; x_wconf 82' lang='lat' dir='ltr'><strong>arrogantia,</strong></span> <span class='ocrx_word' id='word_1_219' title='bbox 1274 2808 1405 2847; x_wconf 85' lang='lat' dir='ltr'><strong>vana</strong></span> <span class='ocrx_word' id='word_1_220' title='bbox 1430 2792 1620 2863; x_wconf 90' lang='lat' dir='ltr'><strong>gloria,</strong></span> <span class='ocrx_word' id='word_1_221' title='bbox 1648 2792 2029 2861; x_wconf 87' lang='lat' dir='ltr'><strong>cupiditatibus</strong></span> <span class='ocrx_word' id='word_1_222' title='bbox 2055 2793 2212 2846; x_wconf 89' lang='lat' dir='ltr'><strong>innu-</strong></span> 
     </span>
    </p>
   </div>
   <div class='ocr_carea' id='block_1_28' title="bbox 621 2885 2208 2954">
    <p class='ocr_par' dir='ltr' id='par_1_28' title="bbox 621 2885 2208 2954">
     <span class='ocr_line' id='line_1_28' title="bbox 621 2885 2208 2954; baseline -0.001 -14"><span class='ocrx_word' id='word_1_223' title='bbox 621 2888 806 2948; x_wconf 89' lang='lat' dir='ltr'><strong>meris,</strong></span> <span class='ocrx_word' id='word_1_224' title='bbox 837 2887 936 2952; x_wconf 90' lang='lat' dir='ltr'><strong>ira,</strong></span> <span class='ocrx_word' id='word_1_225' title='bbox 967 2885 1146 2939; x_wconf 81' lang='lat' dir='ltr'><strong>furore</strong></span> <span class='ocrx_word' id='word_1_226' title='bbox 1166 2928 1179 2949; x_wconf 89' lang='lat'><strong>,</strong></span> <span class='ocrx_word' id='word_1_227' title='bbox 1216 2885 1460 2950; x_wconf 80' lang='lat' dir='ltr'><strong>avaritia,</strong></span> <span class='ocrx_word' id='word_1_228' title='bbox 1491 2885 1772 2954; x_wconf 88' lang='lat' dir='ltr'><strong>injustitia,</strong></span> <span class='ocrx_word' id='word_1_229' title='bbox 1805 2886 2030 2954; x_wconf 89' lang='lat' dir='ltr'><strong>aliisque</strong></span> <span class='ocrx_word' id='word_1_230' title='bbox 2061 2901 2208 2939; x_wconf 78' lang='lat' dir='ltr'><strong>mor-</strong></span> 
     </span>
    </p>
   </div>
   <div class='ocr_carea' id='block_1_29' title="bbox 617 2975 2208 3048">
    <p class='ocr_par' dir='ltr' id='par_1_29' title="bbox 617 2975 2208 3048">
     <span class='ocr_line' id='line_1_29' title="bbox 617 2975 2208 3048; baseline -0.002 -15"><span class='ocrx_word' id='word_1_231' title='bbox 617 2979 720 3033; x_wconf 88' lang='lat' dir='ltr'><strong>bis.</strong></span> <span class='ocrx_word' id='word_1_232' title='bbox 747 2978 925 3032; x_wconf 84' lang='lat' dir='ltr'><strong>Palam</strong></span> <span class='ocrx_word' id='word_1_233' title='bbox 949 2991 1078 3048; x_wconf 85' lang='lat' dir='ltr'><strong>ergo</strong></span> <span class='ocrx_word' id='word_1_234' title='bbox 1094 2988 1177 3032; x_wconf 91' lang='lat' dir='ltr'><strong>est</strong></span> <span class='ocrx_word' id='word_1_235' title='bbox 1201 2977 1368 3043; x_wconf 90' lang='lat' dir='ltr'><strong>illam,</strong></span> <span class='ocrx_word' id='word_1_236' title='bbox 1387 2992 1546 3046; x_wconf 88' lang='lat' dir='ltr'><strong>quam</strong></span> <span class='ocrx_word' id='word_1_237' title='bbox 1571 2977 1709 3030; x_wconf 88' lang='lat' dir='ltr'><strong>hanc</strong></span> <span class='ocrx_word' id='word_1_238' title='bbox 1729 2976 1794 3030; x_wconf 85' lang='lat' dir='ltr'><strong>ad</strong></span> <span class='ocrx_word' id='word_1_239' title='bbox 1819 2975 2208 3046; x_wconf 80' lang='lat' dir='ltr'><strong>philoSOphiam</strong></span> 
     </span>
    </p>
   </div>
   <div class='ocr_carea' id='block_1_30' title="bbox 556 3068 2212 3138">
    <p class='ocr_par' dir='ltr' id='par_1_30' title="bbox 556 3068 2212 3138">
     <span class='ocr_line' id='line_1_30' title="bbox 556 3068 2212 3138; baseline 0 -16"><span class='ocrx_word' id='word_1_240' title='bbox 556 3113 567 3122; x_wconf 82' lang='grc'><strong>.</strong></span> <span class='ocrx_word' id='word_1_241' title='bbox 619 3071 884 3138; x_wconf 84' lang='lat' dir='ltr'><strong>aptiorem</strong></span> <span class='ocrx_word' id='word_1_242' title='bbox 930 3085 1071 3125; x_wconf 87' lang='lat' dir='ltr'><strong>esse.</strong></span> <span class='ocrx_word' id='word_1_243' title='bbox 1119 3069 1350 3122; x_wconf 81' lang='lat' dir='ltr'><strong>Omnino</strong></span> <span class='ocrx_word' id='word_1_244' title='bbox 1389 3068 1598 3122; x_wconf 82' lang='lat' dir='ltr'><strong>discere</strong></span> <span class='ocrx_word' id='word_1_245' title='bbox 1640 3068 1878 3138; x_wconf 65' lang='lat' dir='ltr'><strong>quaeritis</strong></span> <span class='ocrx_word' id='word_1_246' title='bbox 1908 3110 1922 3132; x_wconf 91' lang='lat'><strong>,</strong></span> <span class='ocrx_word' id='word_1_247' title='bbox 1975 3078 2092 3122; x_wconf 90' lang='lat' dir='ltr'><strong>utra</strong></span> <span class='ocrx_word' id='word_1_248' title='bbox 2142 3069 2212 3122; x_wconf 89' lang='lat' dir='ltr'><strong>sit</strong></span> 
     </span>
    </p>
   </div>
   <div class='ocr_carea' id='block_1_31' title="bbox 620 3161 2210 3232">
    <p class='ocr_par' dir='ltr' id='par_1_31' title="bbox 620 3161 2210 3232">
     <span class='ocr_line' id='line_1_31' title="bbox 620 3161 2210 3232; baseline -0.001 -14"><span class='ocrx_word' id='word_1_249' title='bbox 620 3164 836 3218; x_wconf 81' lang='lat' dir='ltr'><strong>soavior</strong></span> <span class='ocrx_word' id='word_1_250' title='bbox 864 3183 876 3217; x_wconf 89' lang='lat'><strong>:</strong></span> <span class='ocrx_word' id='word_1_251' title='bbox 903 3163 1004 3217; x_wconf 91' lang='lat' dir='ltr'><strong>hoc</strong></span> <span class='ocrx_word' id='word_1_252' title='bbox 1032 3164 1177 3218; x_wconf 90' lang='lat' dir='ltr'><strong>enim</strong></span> <span class='ocrx_word' id='word_1_253' title='bbox 1211 3177 1238 3216; x_wconf 88' lang='lat' dir='ltr'><strong>a</strong></span> <span class='ocrx_word' id='word_1_254' title='bbox 1269 3162 1448 3216; x_wconf 91' lang='lat' dir='ltr'><strong>multis</strong></span> <span class='ocrx_word' id='word_1_255' title='bbox 1474 3163 1642 3232; x_wconf 72' lang='lat' dir='ltr'><strong>qumri</strong></span> <span class='ocrx_word' id='word_1_256' title='bbox 1671 3161 1856 3226; x_wconf 87' lang='lat' dir='ltr'><strong>video,</strong></span> <span class='ocrx_word' id='word_1_257' title='bbox 1887 3172 2002 3216; x_wconf 87' lang='lat' dir='ltr'><strong>utra</strong></span> <span class='ocrx_word' id='word_1_258' title='bbox 2029 3164 2099 3217; x_wconf 90' lang='lat' dir='ltr'><strong>sit</strong></span> <span class='ocrx_word' id='word_1_259' title='bbox 2120 3162 2210 3231; x_wconf 85' lang='lat' dir='ltr'><strong>ju-’</strong></span> 
     </span>
    </p>
   </div>
   <div class='ocr_carea' id='block_1_32' title="bbox 623 3255 2208 3312">
    <p class='ocr_par' dir='ltr' id='par_1_32' title="bbox 623 3255 2208 3312">
     <span class='ocr_line' id='line_1_32' title="bbox 623 3255 2208 3312; baseline -0.001 -1"><span class='ocrx_word' id='word_1_260' title='bbox 623 3257 870 3311; x_wconf 84' lang='lat' dir='ltr'><strong>cuudior.</strong></span> <span class='ocrx_word' id='word_1_261' title='bbox 904 3257 1060 3312; x_wconf 81' lang='lat' dir='ltr'><strong>Certe</strong></span> <span class='ocrx_word' id='word_1_262' title='bbox 1092 3257 1191 3311; x_wconf 91' lang='lat' dir='ltr'><strong>hac</strong></span> <span class='ocrx_word' id='word_1_263' title='bbox 1219 3257 1270 3310; x_wconf 93' lang='lat' dir='ltr'><strong>in</strong></span> <span class='ocrx_word' id='word_1_264' title='bbox 1303 3272 1361 3310; x_wconf 87' lang='lat' dir='ltr'><strong>re</strong></span> <span class='ocrx_word' id='word_1_265' title='bbox 1391 3255 1523 3310; x_wconf 85' lang='lat' dir='ltr'><strong>nihil</strong></span> <span class='ocrx_word' id='word_1_266' title='bbox 1549 3256 1901 3310; x_wconf 90' lang='lat' dir='ltr'><strong>dubitandum</strong></span> <span class='ocrx_word' id='word_1_267' title='bbox 1929 3266 2009 3310; x_wconf 89' lang='lat' dir='ltr'><strong>est</strong></span> <span class='ocrx_word' id='word_1_268' title='bbox 2042 3275 2052 3310; x_wconf 93' lang='lat'><strong>:</strong></span> <span class='ocrx_word' id='word_1_269' title='bbox 2085 3273 2208 3310; x_wconf 85' lang='lat' dir='ltr'><strong>nam</strong></span> 
     </span>
    </p>
   </div>
   <div class='ocr_carea' id='block_1_33' title="bbox 618 3349 2205 3420">
    <p class='ocr_par' dir='ltr' id='par_1_33' title="bbox 618 3349 2205 3420">
     <span class='ocr_line' id='line_1_33' title="bbox 618 3349 2205 3420; baseline 0.001 -19"><span class='ocrx_word' id='word_1_270' title='bbox 618 3351 707 3419; x_wconf 82' lang='lat' dir='ltr'><strong>qui</strong></span> <span class='ocrx_word' id='word_1_271' title='bbox 737 3350 953 3404; x_wconf 79' lang='lat' dir='ltr'><strong>sanitati</strong></span> <span class='ocrx_word' id='word_1_272' title='bbox 984 3350 1202 3420; x_wconf 86' lang='lat' dir='ltr'><strong>prOpior</strong></span> <span class='ocrx_word' id='word_1_273' title='bbox 1227 3359 1345 3414; x_wconf 86' lang='lat' dir='ltr'><strong>est,</strong></span> <span class='ocrx_word' id='word_1_274' title='bbox 1377 3349 1424 3402; x_wconf 87' lang='lat' dir='ltr'><strong>is</strong></span> <span class='ocrx_word' id='word_1_275' title='bbox 1467 3349 1518 3401; x_wconf 92' lang='lat' dir='ltr'><strong>in</strong></span> <span class='ocrx_word' id='word_1_276' title='bbox 1549 3349 1821 3417; x_wconf 82' lang='lat' dir='ltr'><strong>voluptate</strong></span> <span class='ocrx_word' id='word_1_277' title='bbox 1848 3351 2012 3402; x_wconf 80' lang='lat' dir='ltr'><strong>multa</strong></span> <span class='ocrx_word' id='word_1_278' title='bbox 2042 3349 2205 3417; x_wconf 80' lang='lat' dir='ltr'><strong>degit.</strong></span> 
     </span>
    </p>
   </div>
   <div class='ocr_carea' id='block_1_34' title="bbox 619 3440 2207 3512">
    <p class='ocr_par' dir='ltr' id='par_1_34' title="bbox 619 3440 2207 3512">
     <span class='ocr_line' id='line_1_34' title="bbox 619 3440 2207 3512; baseline 0 -16"><span class='ocrx_word' id='word_1_279' title='bbox 619 3441 772 3507; x_wconf 83' lang='lat' dir='ltr'><strong>Uter,</strong></span> <span class='ocrx_word' id='word_1_280' title='bbox 807 3457 1012 3512; x_wconf 71' lang='lat' dir='ltr'><strong>qumso,</strong></span> <span class='ocrx_word' id='word_1_281' title='bbox 1047 3441 1112 3495; x_wconf 87' lang='lat' dir='ltr'><strong>ad</strong></span> <span class='ocrx_word' id='word_1_282' title='bbox 1141 3443 1306 3510; x_wconf 87' lang='lat' dir='ltr'><strong>legem</strong></span> <span class='ocrx_word' id='word_1_283' title='bbox 1339 3440 1498 3506; x_wconf 88' lang='lat' dir='ltr'><strong>hanc,</strong></span> <span class='ocrx_word' id='word_1_284' title='bbox 1528 3456 1686 3508; x_wconf 92' lang='lat' dir='ltr'><strong>quam</strong></span> <span class='ocrx_word' id='word_1_285' title='bbox 1715 3442 2081 3511; x_wconf 80' lang='lat' dir='ltr'><strong>redintegrare</strong></span> <span class='ocrx_word' id='word_1_286' title='bbox 2109 3458 2207 3496; x_wconf 90' lang='lat' dir='ltr'><strong>vo-</strong></span> 
     </span>
    </p>
   </div>
   <div class='ocr_carea' id='block_1_35' title="bbox 623 3532 2208 3602">
    <p class='ocr_par' dir='ltr' id='par_1_35' title="bbox 623 3532 2208 3602">
     <span class='ocr_line' id='line_1_35' title="bbox 623 3532 2208 3602; baseline 0.003 -20"><span class='ocrx_word' id='word_1_287' title='bbox 623 3533 832 3597; x_wconf 88' lang='lat' dir='ltr'><strong>lumus,</strong></span> <span class='ocrx_word' id='word_1_288' title='bbox 862 3542 944 3587; x_wconf 89' lang='lat' dir='ltr'><strong>est</strong></span> <span class='ocrx_word' id='word_1_289' title='bbox 968 3533 1160 3599; x_wconf 86' lang='lat' dir='ltr'><strong>aptior,</strong></span> <span class='ocrx_word' id='word_1_290' title='bbox 1191 3547 1394 3601; x_wconf 88' lang='lat' dir='ltr'><strong>pauper</strong></span> <span class='ocrx_word' id='word_1_291' title='bbox 1432 3547 1498 3584; x_wconf 86' lang='lat' dir='ltr'><strong>an</strong></span> <span class='ocrx_word' id='word_1_292' title='bbox 1527 3532 1713 3586; x_wconf 80' lang='lat' dir='ltr'><strong>dives?</strong></span> <span class='ocrx_word' id='word_1_293' title='bbox 1739 3532 1857 3602; x_wconf 87' lang='lat' dir='ltr'><strong>quis</strong></span> <span class='ocrx_word' id='word_1_294' title='bbox 1884 3534 2039 3588; x_wconf 82' lang='lat' dir='ltr'><strong>facile</strong></span> <span class='ocrx_word' id='word_1_295' title='bbox 2061 3533 2208 3601; x_wconf 88' lang='lat' dir='ltr'><strong>jura-</strong></span> 
     </span>
    </p>
   </div>
   <div class='ocr_carea' id='block_1_36' title="bbox 620 3622 2205 3693">
    <p class='ocr_par' dir='ltr' id='par_1_36' title="bbox 620 3622 2205 3693">
     <span class='ocr_line' id='line_1_36' title="bbox 620 3622 2205 3693; baseline 0.001 -16"><span class='ocrx_word' id='word_1_296' title='bbox 620 3624 746 3677; x_wconf 82' lang='lat' dir='ltr'><strong>bit?</strong></span> <span class='ocrx_word' id='word_1_297' title='bbox 786 3623 875 3693; x_wconf 89' lang='lat' dir='ltr'><strong>qui</strong></span> <span class='ocrx_word' id='word_1_298' title='bbox 921 3623 1043 3679; x_wconf 83' lang='lat' dir='ltr'><strong>[iliis</strong></span> <span class='ocrx_word' id='word_1_299' title='bbox 1093 3624 1373 3689; x_wconf 86' lang='lat' dir='ltr'><strong>irascitur,</strong></span> <span class='ocrx_word' id='word_1_300' title='bbox 1421 3622 1508 3692; x_wconf 92' lang='lat' dir='ltr'><strong>qui</strong></span> <span class='ocrx_word' id='word_1_301' title='bbox 1555 3639 1676 3676; x_wconf 82' lang='lat' dir='ltr'><strong>cum</strong></span> <span class='ocrx_word' id='word_1_302' title='bbox 1717 3623 2011 3678; x_wconf 87' lang='lat' dir='ltr'><strong>innumeris</strong></span> <span class='ocrx_word' id='word_1_303' title='bbox 2057 3635 2205 3692; x_wconf 87' lang='lat' dir='ltr'><strong>pacta</strong></span> 
     </span>
    </p>
   </div>
   <div class='ocr_carea' id='block_1_37' title="bbox 678 3779 2205 3844">
    <p class='ocr_par' dir='ltr' id='par_1_37' title="bbox 678 3779 2205 3844">
     <span class='ocr_line' id='line_1_37' title="bbox 678 3779 2205 3844; baseline 0.001 -15"><span class='ocrx_word' id='word_1_304' title='bbox 678 3782 751 3841; x_wconf 92' lang='lat' dir='ltr'><strong>(a)</strong></span> <span class='ocrx_word' id='word_1_305' title='bbox 775 3785 1034 3844; x_wconf 80' lang='lat' dir='ltr'><strong>sequentia</strong></span> <span class='ocrx_word' id='word_1_306' title='bbox 1055 3781 1180 3844; x_wconf 86' lang='lat' dir='ltr'><strong>apud</strong></span> <span class='ocrx_word' id='word_1_307' title='bbox 1205 3779 1448 3844; x_wconf 82' lang='lat' dir='ltr'><strong>Platonem</strong></span> <span class='ocrx_word' id='word_1_308' title='bbox 1473 3779 1697 3832; x_wconf 76' lang='lat' dir='ltr'><strong>feruntur</strong></span> <span class='ocrx_word' id='word_1_309' title='bbox 1721 3779 1754 3827; x_wconf 89' lang='grc' dir='ltr'><strong>Ι.</strong></span> <span class='ocrx_word' id='word_1_310' title='bbox 1781 3780 1899 3830; x_wconf 76' lang='lat' dir='ltr'><strong>Bde</strong></span> <span class='ocrx_word' id='word_1_311' title='bbox 1925 3782 2205 3844; x_wconf 76' lang='lat' dir='ltr'><strong>Republica.</strong></span> 
     </span>
    </p>
   </div>
   <div class='ocr_carea' id='block_1_38' title="bbox 621 3842 2208 3906">
    <p class='ocr_par' dir='ltr' id='par_1_38' title="bbox 621 3842 2208 3906">
     <span class='ocr_line' id='line_1_38' title="bbox 621 3842 2208 3906; baseline 0 -14"><span class='ocrx_word' id='word_1_312' title='bbox 621 3842 864 3906; x_wconf 77' lang='lat' dir='ltr'><strong>lliucque</strong></span> <span class='ocrx_word' id='word_1_313' title='bbox 903 3842 1509 3906; x_wconf 9' lang='lat' dir='ltr'><strong>Chryso&#39;swniusgrt’latoui</strong></span> <span class='ocrx_word' id='word_1_314' title='bbox 1545 3851 1710 3892; x_wconf 75' lang='lat' dir='ltr'><strong>uimen</strong></span> <span class='ocrx_word' id='word_1_315' title='bbox 1733 3855 1830 3892; x_wconf 89' lang='lat' dir='ltr'><strong>non</strong></span> <span class='ocrx_word' id='word_1_316' title='bbox 1855 3842 2024 3905; x_wconf 81' lang='lat' dir='ltr'><strong>parum</strong></span> <span class='ocrx_word' id='word_1_317' title='bbox 2048 3843 2208 3892; x_wconf 83' lang='lat' dir='ltr'><strong>infen-</strong></span> 
     </span>
    </p>
   </div>
   <div class='ocr_carea' id='block_1_39' title="bbox 618 3904 1455 3966">
    <p class='ocr_par' dir='ltr' id='par_1_39' title="bbox 618 3904 1455 3966">
     <span class='ocr_line' id='line_1_39' title="bbox 618 3904 1455 3966; baseline -0.001 -13"><span class='ocrx_word' id='word_1_318' title='bbox 618 3921 721 3960; x_wconf 81' lang='lat' dir='ltr'><strong>sus,</strong></span> <span class='ocrx_word' id='word_1_319' title='bbox 757 3905 860 3952; x_wconf 67' lang='lat' dir='ltr'><strong>lucc</strong></span> <span class='ocrx_word' id='word_1_320' title='bbox 883 3904 1220 3966; x_wconf 39' lang='lat' dir='ltr'><strong>desu‘mpsisse</strong></span> <span class='ocrx_word' id='word_1_321' title='bbox 1246 3904 1455 3954; x_wconf 86' lang='lat' dir='ltr'><strong>videtur.</strong></span> 
     </span>
    </p>
   </div>
   <div class='ocr_carea' id='block_1_40' title="bbox 613 3960 2206 4090">
    <p class='ocr_par' dir='ltr' id='par_1_40' title="bbox 613 3960 2206 4090">
     <span class='ocr_line' id='line_1_40' title="bbox 613 3960 2206 4090; baseline 0.001 -74"><span class='ocrx_word' id='word_1_322' title='bbox 613 3968 749 4090; x_wconf 30' lang='lat'><strong>6“(50;</strong></span> <span class='ocrx_word' id='word_1_323' title='bbox 793 3965 911 4015; x_wconf 68' lang='lat' dir='ltr'><strong>Haec</strong></span> <span class='ocrx_word' id='word_1_324' title='bbox 947 3960 1214 4016; x_wconf 78' lang='lat' dir='ltr'><strong>consonant</strong></span> <span class='ocrx_word' id='word_1_325' title='bbox 1246 3981 1355 4015; x_wconf 89' lang='lat' dir='ltr'><strong>cum</strong></span> <span class='ocrx_word' id='word_1_326' title='bbox 1390 3968 1546 4029; x_wconf 80' lang='lat' dir='ltr'><strong>epigr.</strong></span> <span class='ocrx_word' id='word_1_327' title='bbox 1595 3965 1679 4015; x_wconf 90' lang='lat' dir='ltr'><strong>illo</strong></span> <span class='ocrx_word' id='word_1_328' title='bbox 1713 3965 1731 4028; x_wconf 91' lang='lat'>(</span> <span class='ocrx_word' id='word_1_329' title='bbox 1767 3960 1964 4017; x_wconf 72' lang='lat' dir='ltr'><strong>Antinoi.</strong></span> <span class='ocrx_word' id='word_1_330' title='bbox 2011 3966 2104 4016; x_wconf 86' lang='lat' dir='ltr'><strong>Pal.</strong></span> <span class='ocrx_word' id='word_1_331' title='bbox 2147 3971 2206 4028; x_wconf 90' lang='lat'><strong>7,</strong></span> 
     </span>
     <span class='ocr_line' id='line_1_41' title="bbox 656 4043 784 4076; baseline 0 0"><span class='ocrx_word' id='word_1_332' title='bbox 656 4051 666 4076; x_wconf 73' lang='grc' dir='ltr'><em>ι</em></span> <span class='ocrx_word' id='word_1_333' title='bbox 772 4043 784 4076; x_wconf 88' lang='lat'>:</span> 
     </span>
    </p>
   </div>
   <div class='ocr_carea' id='block_1_41' title="bbox 648 4031 784 4076">
    <p class='ocr_par' dir='ltr' id='par_1_41' title="bbox 648 4031 784 4076">
     <span class='ocr_line' id='line_1_42' title="bbox 648 4031 784 4076; baseline 0 0"><span class='ocrx_word' id='word_1_334' title='bbox 648 4031 784 4076; x_wconf 71' lang='lat'><strong>76):</strong></span> 
     </span>
    </p>
   </div>
   <div class='ocr_carea' id='block_1_42' title="bbox 925 4094 1846 4152">
    <p class='ocr_par' dir='ltr' id='par_1_42' title="bbox 925 4094 1846 4152">
     <span class='ocr_line' id='line_1_43' title="bbox 925 4094 1846 4152; baseline 0 -12"><span class='ocrx_word' id='word_1_335' title='bbox 925 4104 1056 4148; x_wconf 66' lang='grc' dir='ltr'><strong>Δςῦλος</strong></span> <span class='ocrx_word' id='word_1_336' title='bbox 1081 4094 1276 4150; x_wconf 64' lang='grc' dir='ltr'><strong>ἐπίκτητος</strong></span> <span class='ocrx_word' id='word_1_337' title='bbox 1302 4103 1450 4151; x_wconf 61' lang='lat' dir='ltr'><strong>1069m-</strong></span> <span class='ocrx_word' id='word_1_338' title='bbox 1473 4103 1532 4140; x_wconf 62' lang='grc' dir='ltr'><strong>καὶ</strong></span> <span class='ocrx_word' id='word_1_339' title='bbox 1550 4104 1691 4149; x_wconf 67' lang='grc' dir='ltr'><strong>σώμαι</strong></span> <span class='ocrx_word' id='word_1_340' title='bbox 1711 4103 1820 4152; x_wconf 56' lang='grc' dir='ltr'><strong>ξηρὸς</strong></span> <span class='ocrx_word' id='word_1_341' title='bbox 1836 4131 1846 4147; x_wconf 87' lang='grc'><strong><em>,</em></strong></span> 
     </span>
    </p>
   </div>
   <div class='ocr_carea' id='block_1_43' title="bbox 1018 4156 1762 4222">
    <p class='ocr_par' dir='ltr' id='par_1_43' title="bbox 1018 4156 1762 4222">
     <span class='ocr_line' id='line_1_44' title="bbox 1018 4156 1762 4222; baseline -0.001 -19"><span class='ocrx_word' id='word_1_342' title='bbox 1018 4166 1087 4204; x_wconf 70' lang='grc' dir='ltr'><strong>Καὶ</strong></span> <span class='ocrx_word' id='word_1_343' title='bbox 1107 4168 1229 4202; x_wconf 76' lang='grc' dir='ltr'><strong>πινίαν</strong></span> <span class='ocrx_word' id='word_1_344' title='bbox 1252 4156 1343 4215; x_wconf 70' lang='grc' dir='ltr'><strong>ρος,</strong></span> <span class='ocrx_word' id='word_1_345' title='bbox 1360 4165 1421 4202; x_wconf 68' lang='grc' dir='ltr'><strong>καὶ</strong></span> <span class='ocrx_word' id='word_1_346' title='bbox 1443 4164 1540 4215; x_wconf 61' lang='lat' dir='ltr'><strong>pilo;</strong></span> <span class='ocrx_word' id='word_1_347' title='bbox 1557 4164 1762 4222; x_wconf 58' lang='grc' dir='ltr'><strong>ἀίξανὰτως.</strong></span> 
     </span>
    </p>
   </div>
   <div class='ocr_carea' id='block_1_44' title="bbox 1325 4277 2034 4286">
    <p class='ocr_par' dir='ltr' id='par_1_44' title="bbox 1325 4277 2034 4286">
     <span class='ocr_line' id='line_1_45' title="bbox 1325 4277 2034 4286; baseline 0.001 -2"><span class='ocrx_word' id='word_1_348' title='bbox 1325 4277 1484 4286; x_wconf 57' lang='grc' dir='ltr'><strong>-α-ο</strong></span> <span class='ocrx_word' id='word_1_349' title='bbox 1496 4278 1835 4285; x_wconf 41' lang='grc' dir='ltr'><strong>-υ--υ-ψ-</strong></span> <span class='ocrx_word' id='word_1_350' title='bbox 1849 4279 1936 4284; x_wconf 82' lang='lat'>._._.</span> <span class='ocrx_word' id='word_1_351' title='bbox 1946 4277 2034 4285; x_wconf 58' lang='grc'><strong>*-</strong></span> 
     </span>
    </p>
   </div>
   <div class='ocr_carea' id='block_1_45' title="bbox 1542 4278 1788 4285">
    <p class='ocr_par' dir='ltr' id='par_1_45' title="bbox 1542 4278 1788 4285">
     <span class='ocr_line' id='line_1_46' title="bbox 1542 4278 1788 4285; baseline -0.004 -1"><span class='ocrx_word' id='word_1_352' title='bbox 1542 4278 1788 4285; x_wconf 73' lang='lat'><strong>.__-—————</strong></span> 
     </span>
    </p>
   </div>
   <div class='ocr_carea' id='block_1_46' title="bbox 1332 379 3138 439">
    <p class='ocr_par' dir='ltr' id='par_1_46' title="bbox 1332 379 3138 439">
     <span class='ocr_line' id='line_1_47' title="bbox 1332 379 3138 439; baseline -0.003 0"><span class='ocrx_word' id='word_1_353' title='bbox 1332 383 1374 439; x_wconf 72' lang='grc'>5</span> <span class='ocrx_word' id='word_1_354' title='bbox 1429 381 1706 438; x_wconf 70' lang='lat' dir='ltr'><strong>JOANNIS</strong></span> <span class='ocrx_word' id='word_1_355' title='bbox 1742 379 2213 438; x_wconf 69' lang='lat' dir='ltr'><strong>CllﬂYSOSTOMl</strong></span> <span class='ocrx_word' id='word_1_356' title='bbox 2251 379 2565 436; x_wconf 79' lang='lat' dir='ltr'><strong>ARCHIEP.</strong></span> <span class='ocrx_word' id='word_1_357' title='bbox 2607 379 3138 437; x_wconf 77' lang='lat' dir='ltr'><strong>CONSTANTINOP.</strong></span> 
     </span>
    </p>
   </div>
   <div class='ocr_carea' id='block_1_47' title="bbox 2040 4279 2308 4286">
    <p class='ocr_par' dir='ltr' id='par_1_47' title="bbox 2040 4279 2308 4286">
     <span class='ocr_line' id='line_1_48' title="bbox 2040 4279 2308 4286; baseline 0.004 -1"><span class='ocrx_word' id='word_1_358' title='bbox 2040 4279 2308 4286; x_wconf 46' lang='grc' dir='ltr'><strong>*αθ-...υ-</strong></span> 
     </span>
    </p>
   </div>
   <div class='ocr_carea' id='block_1_48' title="bbox 2327 493 3924 564">
    <p class='ocr_par' dir='ltr' id='par_1_48' title="bbox 2327 493 3924 564">
     <span class='ocr_line' id='line_1_49' title="bbox 2327 493 3924 564; baseline 0.004 -19"><span class='ocrx_word' id='word_1_359' title='bbox 2327 493 2474 555; x_wconf 86' lang='lat' dir='ltr'><strong>iniit;</strong></span> <span class='ocrx_word' id='word_1_360' title='bbox 2517 509 2584 546; x_wconf 79' lang='lat' dir='ltr'><strong>au</strong></span> <span class='ocrx_word' id='word_1_361' title='bbox 2613 495 2703 564; x_wconf 88' lang='lat' dir='ltr'><strong>qui</strong></span> <span class='ocrx_word' id='word_1_362' title='bbox 2733 508 2926 563; x_wconf 87' lang='lat' dir='ltr'><strong>panem</strong></span> <span class='ocrx_word' id='word_1_363' title='bbox 2956 509 3120 549; x_wconf 91' lang='lat' dir='ltr'><strong>unum</strong></span> <span class='ocrx_word' id='word_1_364' title='bbox 3149 509 3212 550; x_wconf 85' lang='lat' dir='ltr'><strong>ac</strong></span> <span class='ocrx_word' id='word_1_365' title='bbox 3240 504 3444 550; x_wconf 83' lang='lat' dir='ltr'><strong>vestem</strong></span> <span class='ocrx_word' id='word_1_366' title='bbox 3475 494 3740 563; x_wconf 87' lang='lat' dir='ltr'><strong>petiturus</strong></span> <span class='ocrx_word' id='word_1_367' title='bbox 3763 509 3924 551; x_wconf 82' lang='lat' dir='ltr'><strong>acce-</strong></span> 
     </span>
    </p>
   </div>
   <div class='ocr_carea' id='block_1_49' title="bbox 2323 588 3920 659">
    <p class='ocr_par' dir='ltr' id='par_1_49' title="bbox 2323 588 3920 659">
     <span class='ocr_line' id='line_1_50' title="bbox 2323 588 3920 659; baseline 0 -16"><span class='ocrx_word' id='word_1_368' title='bbox 2323 589 2434 643; x_wconf 77' lang='lat' dir='ltr'><strong>dit?</strong></span> <span class='ocrx_word' id='word_1_369' title='bbox 2463 589 2597 644; x_wconf 90' lang='lat' dir='ltr'><strong>Huic</strong></span> <span class='ocrx_word' id='word_1_370' title='bbox 2638 589 2783 644; x_wconf 87' lang='lat' dir='ltr'><strong>nulla</strong></span> <span class='ocrx_word' id='word_1_371' title='bbox 2823 591 3252 659; x_wconf 88' lang='lat' dir='ltr'><strong>juramentorum</strong></span> <span class='ocrx_word' id='word_1_372' title='bbox 3285 588 3615 650; x_wconf 83' lang='lat' dir='ltr'><strong>necessitas.</strong></span> <span class='ocrx_word' id='word_1_373' title='bbox 3658 589 3704 642; x_wconf 91' lang='lat' dir='ltr'><strong>si</strong></span> <span class='ocrx_word' id='word_1_374' title='bbox 3749 588 3920 656; x_wconf 84' lang='lat' dir='ltr'><strong>velit,</strong></span> 
     </span>
    </p>
   </div>
   <div class='ocr_carea' id='block_1_50' title="bbox 2324 679 3920 750">
    <p class='ocr_par' dir='ltr' id='par_1_50' title="bbox 2324 679 3920 750">
     <span class='ocr_line' id='line_1_51' title="bbox 2324 679 3920 750; baseline -0.001 -14"><span class='ocrx_word' id='word_1_375' title='bbox 2324 679 2417 736; x_wconf 83' lang='lat' dir='ltr'><strong>sed</strong></span> <span class='ocrx_word' id='word_1_376' title='bbox 2446 694 2662 749; x_wconf 89' lang='lat' dir='ltr'><strong>semper</strong></span> <span class='ocrx_word' id='word_1_377' title='bbox 2690 681 2919 750; x_wconf 85' lang='lat' dir='ltr'><strong>negotiis</strong></span> <span class='ocrx_word' id='word_1_378' title='bbox 2944 695 3144 736; x_wconf 85' lang='lat' dir='ltr'><strong>vacuus</strong></span> <span class='ocrx_word' id='word_1_379' title='bbox 3166 691 3278 746; x_wconf 90' lang='lat' dir='ltr'><strong>est;</strong></span> <span class='ocrx_word' id='word_1_380' title='bbox 3307 683 3414 735; x_wconf 91' lang='lat' dir='ltr'><strong>imo</strong></span> <span class='ocrx_word' id='word_1_381' title='bbox 3437 695 3569 734; x_wconf 89' lang='lat' dir='ltr'><strong>vero</strong></span> <span class='ocrx_word' id='word_1_382' title='bbox 3596 681 3661 744; x_wconf 88' lang='lat' dir='ltr'><strong>is,</strong></span> <span class='ocrx_word' id='word_1_383' title='bbox 3689 679 3787 749; x_wconf 90' lang='lat' dir='ltr'><strong>qui</strong></span> <span class='ocrx_word' id='word_1_384' title='bbox 3817 696 3920 734; x_wconf 86' lang='lat' dir='ltr'><strong>non</strong></span> 
     </span>
    </p>
   </div>
   <div class='ocr_carea' id='block_1_51' title="bbox 2318 769 3922 842">
    <p class='ocr_par' dir='ltr' id='par_1_51' title="bbox 2318 769 3922 842">
     <span class='ocr_line' id='line_1_52' title="bbox 2318 769 3922 842; baseline 0 -20"><span class='ocrx_word' id='word_1_385' title='bbox 2318 773 2499 841; x_wconf 90' lang='lat' dir='ltr'><strong>jurare</strong></span> <span class='ocrx_word' id='word_1_386' title='bbox 2524 771 2744 834; x_wconf 89' lang='lat' dir='ltr'><strong>didicit,</strong></span> <span class='ocrx_word' id='word_1_387' title='bbox 2779 786 2924 840; x_wconf 69' lang='lat' dir='ltr'><strong>saepe</strong></span> <span class='ocrx_word' id='word_1_388' title='bbox 2949 771 3164 827; x_wconf 78' lang='lat' dir='ltr'><strong>divitias</strong></span> <span class='ocrx_word' id='word_1_389' title='bbox 3195 782 3430 842; x_wconf 85' lang='lat' dir='ltr'><strong>spernet,</strong></span> <span class='ocrx_word' id='word_1_390' title='bbox 3463 783 3517 826; x_wconf 92' lang='lat' dir='ltr'><strong>et</strong></span> <span class='ocrx_word' id='word_1_391' title='bbox 3543 771 3611 824; x_wconf 88' lang='lat' dir='ltr'><strong>ab</strong></span> <span class='ocrx_word' id='word_1_392' title='bbox 3645 769 3753 824; x_wconf 88' lang='lat' dir='ltr'><strong>hoc</strong></span> <span class='ocrx_word' id='word_1_393' title='bbox 3782 769 3922 823; x_wconf 88' lang='lat' dir='ltr'><strong>bono</strong></span> 
     </span>
    </p>
   </div>
   <div class='ocr_carea' id='block_1_52' title="bbox 2323 863 3919 934">
    <p class='ocr_par' dir='ltr' id='par_1_52' title="bbox 2323 863 3919 934">
     <span class='ocr_line' id='line_1_53' title="bbox 2323 863 3919 934; baseline -0.001 -16"><span class='ocrx_word' id='word_1_394' title='bbox 2323 879 2474 920; x_wconf 86' lang='lat' dir='ltr'><strong>more</strong></span> <span class='ocrx_word' id='word_1_395' title='bbox 2501 865 2712 918; x_wconf 87' lang='lat' dir='ltr'><strong>virtutis</strong></span> <span class='ocrx_word' id='word_1_396' title='bbox 2740 864 2851 918; x_wconf 87' lang='lat' dir='ltr'><strong>vias</strong></span> <span class='ocrx_word' id='word_1_397' title='bbox 2883 865 3080 933; x_wconf 88' lang='lat' dir='ltr'><strong>ubique</strong></span> <span class='ocrx_word' id='word_1_398' title='bbox 3110 874 3322 934; x_wconf 87' lang='lat' dir='ltr'><strong>paratas</strong></span> <span class='ocrx_word' id='word_1_399' title='bbox 3350 865 3530 918; x_wconf 90' lang='lat' dir='ltr'><strong>videre</strong></span> <span class='ocrx_word' id='word_1_400' title='bbox 3549 863 3676 928; x_wconf 91' lang='lat' dir='ltr'><strong>erit,</strong></span> <span class='ocrx_word' id='word_1_401' title='bbox 3703 876 3919 917; x_wconf 86' lang='lat' dir='ltr'><strong>omnes-</strong></span> 
     </span>
    </p>
   </div>
   <div class='ocr_carea' id='block_1_53' title="bbox 2321 953 3920 1027">
    <p class='ocr_par' dir='ltr' id='par_1_53' title="bbox 2321 953 3920 1027">
     <span class='ocr_line' id='line_1_54' title="bbox 2321 953 3920 1027; baseline 0.001 -19"><span class='ocrx_word' id='word_1_402' title='bbox 2321 973 2424 1026; x_wconf 86' lang='lat' dir='ltr'><strong>que</strong></span> <span class='ocrx_word' id='word_1_403' title='bbox 2464 955 2529 1010; x_wconf 89' lang='lat' dir='ltr'><strong>ad</strong></span> <span class='ocrx_word' id='word_1_404' title='bbox 2569 957 2872 1027; x_wconf 68' lang='lat' dir='ltr'><strong>arquitatem</strong></span> <span class='ocrx_word' id='word_1_405' title='bbox 2912 957 3201 1010; x_wconf 89' lang='lat' dir='ltr'><strong>tendentes</strong></span> <span class='ocrx_word' id='word_1_406' title='bbox 3225 997 3239 1020; x_wconf 93' lang='lat'><strong>,</strong></span> <span class='ocrx_word' id='word_1_407' title='bbox 3287 955 3351 1008; x_wconf 90' lang='lat' dir='ltr'><strong>ad</strong></span> <span class='ocrx_word' id='word_1_408' title='bbox 3382 954 3695 1009; x_wconf 86' lang='lat' dir='ltr'><strong>divitiarum</strong></span> <span class='ocrx_word' id='word_1_409' title='bbox 3723 953 3920 1023; x_wconf 76' lang='lat' dir='ltr'><strong>despe-</strong></span> 
     </span>
    </p>
   </div>
   <div class='ocr_carea' id='block_1_54' title="bbox 2321 1045 3921 1117">
    <p class='ocr_par' dir='ltr' id='par_1_54' title="bbox 2321 1045 3921 1117">
     <span class='ocr_line' id='line_1_55' title="bbox 2321 1045 3921 1117; baseline -0.001 -15"><span class='ocrx_word' id='word_1_410' title='bbox 2321 1059 2489 1109; x_wconf 89' lang='lat' dir='ltr'><strong>ctum,</strong></span> <span class='ocrx_word' id='word_1_411' title='bbox 2519 1047 2585 1101; x_wconf 91' lang='lat' dir='ltr'><strong>ad</strong></span> <span class='ocrx_word' id='word_1_412' title='bbox 2614 1049 2889 1117; x_wconf 88' lang='lat' dir='ltr'><strong>pietatem,</strong></span> <span class='ocrx_word' id='word_1_413' title='bbox 2916 1046 2983 1101; x_wconf 90' lang='lat' dir='ltr'><strong>ad</strong></span> <span class='ocrx_word' id='word_1_414' title='bbox 3009 1048 3204 1100; x_wconf 73' lang='lat' dir='ltr'><strong>animm</strong></span> <span class='ocrx_word' id='word_1_415' title='bbox 3230 1056 3429 1101; x_wconf 89' lang='lat' dir='ltr'><strong>rectam</strong></span> <span class='ocrx_word' id='word_1_416' title='bbox 3452 1045 3921 1109; x_wconf 82' lang='lat' dir='ltr'><strong>constitutionem,</strong></span> 
     </span>
    </p>
   </div>
   <div class='ocr_carea' id='block_1_55' title="bbox 2318 1140 2898 1207">
    <p class='ocr_par' dir='ltr' id='par_1_55' title="bbox 2318 1140 2898 1207">
     <span class='ocr_line' id='line_1_56' title="bbox 2318 1140 2898 1207; baseline 0.002 -17"><span class='ocrx_word' id='word_1_417' title='bbox 2318 1140 2383 1192; x_wconf 93' lang='lat' dir='ltr'><strong>ad</strong></span> <span class='ocrx_word' id='word_1_418' title='bbox 2407 1140 2898 1207; x_wconf 88' lang='lat' dir='ltr'><strong>compunctionem.</strong></span> 
     </span>
    </p>
   </div>
   <div class='ocr_carea' id='block_1_56' title="bbox 2390 1229 3904 1300">
    <p class='ocr_par' dir='ltr' id='par_1_56' title="bbox 2390 1229 3904 1300">
     <span class='ocr_line' id='line_1_57' title="bbox 2390 1229 3904 1300; baseline 0.001 -18"><span class='ocrx_word' id='word_1_419' title='bbox 2390 1229 2578 1284; x_wconf 80' lang='lat' dir='ltr'><strong>Contra</strong></span> <span class='ocrx_word' id='word_1_420' title='bbox 2601 1233 2915 1300; x_wconf 84' lang='lat' dir='ltr'><strong>jurmuenla.</strong></span> <span class='ocrx_word' id='word_1_421' title='bbox 2944 1260 3011 1270; x_wconf 89' lang='lat'>—</span> <span class='ocrx_word' id='word_1_422' title='bbox 3041 1231 3116 1286; x_wconf 84' lang='lat' dir='ltr'><strong>Ne</strong></span> <span class='ocrx_word' id='word_1_423' title='bbox 3150 1231 3317 1284; x_wconf 89' lang='lat' dir='ltr'><strong>simus</strong></span> <span class='ocrx_word' id='word_1_424' title='bbox 3355 1246 3483 1300; x_wconf 76' lang='lat' dir='ltr'><strong>ergo</strong></span> <span class='ocrx_word' id='word_1_425' title='bbox 3533 1229 3904 1300; x_wconf 82' lang='lat' dir='ltr'><strong>negligentes,</strong></span> 
     </span>
    </p>
   </div>
   <div class='ocr_carea' id='block_1_57' title="bbox 2318 1321 3925 1392">
    <p class='ocr_par' dir='ltr' id='par_1_57' title="bbox 2318 1321 3925 1392">
     <span class='ocr_line' id='line_1_58' title="bbox 2318 1321 3925 1392; baseline -0.001 -16"><span class='ocrx_word' id='word_1_426' title='bbox 2318 1322 2518 1388; x_wconf 88' lang='lat' dir='ltr'><strong>dilecti,</strong></span> <span class='ocrx_word' id='word_1_427' title='bbox 2543 1324 2638 1378; x_wconf 86' lang='lat' dir='ltr'><strong>sed</strong></span> <span class='ocrx_word' id='word_1_428' title='bbox 2668 1323 2889 1377; x_wconf 83' lang='lat' dir='ltr'><strong>inultam</strong></span> <span class='ocrx_word' id='word_1_429' title='bbox 2917 1323 3268 1377; x_wconf 88' lang='lat' dir='ltr'><strong>adhibeamus</strong></span> <span class='ocrx_word' id='word_1_430' title='bbox 3285 1321 3616 1392; x_wconf 79' lang='lat' dir='ltr'><strong>diligentiam</strong></span> <span class='ocrx_word' id='word_1_431' title='bbox 3640 1341 3651 1374; x_wconf 92' lang='lat'>:</span> <span class='ocrx_word' id='word_1_432' title='bbox 3679 1321 3773 1391; x_wconf 91' lang='lat' dir='ltr'><strong>qui</strong></span> <span class='ocrx_word' id='word_1_433' title='bbox 3801 1337 3925 1377; x_wconf 81' lang='lat' dir='ltr'><strong>sese</strong></span> 
     </span>
    </p>
   </div>
   <div class='ocr_carea' id='block_1_58' title="bbox 2319 1413 3922 1484">
    <p class='ocr_par' dir='ltr' id='par_1_58' title="bbox 2319 1413 3922 1484">
     <span class='ocr_line' id='line_1_59' title="bbox 2319 1413 3922 1484; baseline -0.002 -15"><span class='ocrx_word' id='word_1_434' title='bbox 2319 1414 2695 1478; x_wconf 87' lang='lat' dir='ltr'><strong>emendarunt,</strong></span> <span class='ocrx_word' id='word_1_435' title='bbox 2725 1425 2780 1468; x_wconf 93' lang='lat' dir='ltr'><strong>ut</strong></span> <span class='ocrx_word' id='word_1_436' title='bbox 2817 1414 2869 1469; x_wconf 91' lang='lat' dir='ltr'><strong>id</strong></span> <span class='ocrx_word' id='word_1_437' title='bbox 2891 1413 3032 1484; x_wconf 83' lang='lat' dir='ltr'><strong>quod</strong></span> <span class='ocrx_word' id='word_1_438' title='bbox 3059 1414 3402 1469; x_wconf 88' lang='lat' dir='ltr'><strong>emendatum</strong></span> <span class='ocrx_word' id='word_1_439' title='bbox 3431 1423 3514 1468; x_wconf 88' lang='lat' dir='ltr'><strong>est</strong></span> <span class='ocrx_word' id='word_1_440' title='bbox 3553 1422 3922 1475; x_wconf 86' lang='lat' dir='ltr'><strong>conservent,</strong></span> 
     </span>
    </p>
   </div>
   <div class='ocr_carea' id='block_1_59' title="bbox 2320 1505 3921 1576">
    <p class='ocr_par' dir='ltr' id='par_1_59' title="bbox 2320 1505 3921 1576">
     <span class='ocr_line' id='line_1_60' title="bbox 2320 1505 3921 1576; baseline 0 -17"><span class='ocrx_word' id='word_1_441' title='bbox 2320 1523 2388 1560; x_wconf 90' lang='lat' dir='ltr'><strong>ue</strong></span> <span class='ocrx_word' id='word_1_442' title='bbox 2413 1507 2568 1560; x_wconf 78' lang='lat' dir='ltr'><strong>facile</strong></span> <span class='ocrx_word' id='word_1_443' title='bbox 2597 1505 2861 1570; x_wconf 83' lang='lat' dir='ltr'><strong>dilﬂuant,</strong></span> <span class='ocrx_word' id='word_1_444' title='bbox 2895 1521 3029 1560; x_wconf 86' lang='lat' dir='ltr'><strong>neve</strong></span> <span class='ocrx_word' id='word_1_445' title='bbox 3069 1517 3213 1561; x_wconf 90' lang='lat' dir='ltr'><strong>retro</strong></span> <span class='ocrx_word' id='word_1_446' title='bbox 3239 1515 3558 1571; x_wconf 87' lang='lat' dir='ltr'><strong>vertantur;</strong></span> <span class='ocrx_word' id='word_1_447' title='bbox 3597 1507 3694 1576; x_wconf 91' lang='lat' dir='ltr'><strong>qui</strong></span> <span class='ocrx_word' id='word_1_448' title='bbox 3741 1515 3921 1560; x_wconf 90' lang='lat' dir='ltr'><strong>autem</strong></span> 
     </span>
    </p>
   </div>
   <div class='ocr_carea' id='block_1_60' title="bbox 2316 1600 3924 1692">
    <p class='ocr_par' dir='ltr' id='par_1_60' title="bbox 2316 1600 3924 1692">
     <span class='ocr_line' id='line_1_61' title="bbox 2316 1600 3924 1692; baseline 0.002 -40"><span class='ocrx_word' id='word_1_449' title='bbox 2316 1600 2490 1655; x_wconf 88' lang='lat' dir='ltr'><strong>adhuc</strong></span> <span class='ocrx_word' id='word_1_450' title='bbox 2533 1610 2680 1692; x_wconf 63' lang='lat' dir='ltr'><strong>retrp</strong></span> <span class='ocrx_word' id='word_1_451' title='bbox 2722 1600 2892 1654; x_wconf 87' lang='lat' dir='ltr'><strong>relicti</strong></span> <span class='ocrx_word' id='word_1_452' title='bbox 2930 1609 3073 1663; x_wconf 88' lang='lat' dir='ltr'><strong>sunt,</strong></span> <span class='ocrx_word' id='word_1_453' title='bbox 3122 1609 3182 1654; x_wconf 90' lang='lat' dir='ltr'><strong>ut</strong></span> <span class='ocrx_word' id='word_1_454' title='bbox 3211 1611 3528 1669; x_wconf 81' lang='lat' dir='ltr'><strong>resurgant,</strong></span> <span class='ocrx_word' id='word_1_455' title='bbox 3559 1610 3614 1654; x_wconf 89' lang='lat' dir='ltr'><strong>et</strong></span> <span class='ocrx_word' id='word_1_456' title='bbox 3646 1611 3846 1656; x_wconf 90' lang='lat' dir='ltr'><strong>curent</strong></span> <span class='ocrx_word' id='word_1_457' title='bbox 3876 1604 3924 1656; x_wconf 79' lang='lat' dir='ltr'><strong>itl</strong></span> 
     </span>
    </p>
   </div>
   <div class='ocr_carea' id='block_1_61' title="bbox 2316 1691 3926 1764">
    <p class='ocr_par' dir='ltr' id='par_1_61' title="bbox 2316 1691 3926 1764">
     <span class='ocr_line' id='line_1_62' title="bbox 2316 1691 3926 1764; baseline 0.002 -22"><span class='ocrx_word' id='word_1_458' title='bbox 2316 1691 2455 1760; x_wconf 88' lang='lat' dir='ltr'><strong>quod</strong></span> <span class='ocrx_word' id='word_1_459' title='bbox 2502 1692 2683 1748; x_wconf 88' lang='lat' dir='ltr'><strong>delicit</strong></span> <span class='ocrx_word' id='word_1_460' title='bbox 2712 1693 2953 1761; x_wconf 87' lang='lat' dir='ltr'><strong>implere.</strong></span> <span class='ocrx_word' id='word_1_461' title='bbox 2996 1691 3319 1764; x_wconf 85' lang='lat' dir='ltr'><strong>interimque</strong></span> <span class='ocrx_word' id='word_1_462' title='bbox 3365 1693 3421 1758; x_wconf 92' lang='lat' dir='ltr'><strong>ii,</strong></span> <span class='ocrx_word' id='word_1_463' title='bbox 3450 1693 3596 1764; x_wconf 88' lang='lat' dir='ltr'><strong>quis</strong></span> <span class='ocrx_word' id='word_1_464' title='bbox 3666 1695 3926 1749; x_wconf 81' lang='lat' dir='ltr'><strong>emenda-</strong></span> 
     </span>
    </p>
   </div>
   <div class='ocr_carea' id='block_1_62' title="bbox 2317 1783 3927 1858">
    <p class='ocr_par' dir='ltr' id='par_1_62' title="bbox 2317 1783 3927 1858">
     <span class='ocr_line' id='line_1_63' title="bbox 2317 1783 3927 1858; baseline 0.005 -24"><span class='ocrx_word' id='word_1_465' title='bbox 2317 1791 2458 1843; x_wconf 87' lang='lat' dir='ltr'><strong>runt,</strong></span> <span class='ocrx_word' id='word_1_466' title='bbox 2485 1783 2589 1836; x_wconf 90' lang='lat' dir='ltr'><strong>illis</strong></span> <span class='ocrx_word' id='word_1_467' title='bbox 2618 1785 2706 1853; x_wconf 88' lang='lat' dir='ltr'><strong>qui</strong></span> <span class='ocrx_word' id='word_1_468' title='bbox 2738 1784 2972 1837; x_wconf 83' lang='lat' dir='ltr'><strong>nondum</strong></span> <span class='ocrx_word' id='word_1_469' title='bbox 3020 1783 3068 1838; x_wconf 92' lang='lat' dir='ltr'><strong>id</strong></span> <span class='ocrx_word' id='word_1_470' title='bbox 3109 1792 3419 1853; x_wconf 84' lang='lat' dir='ltr'><strong>potuerunt,</strong></span> <span class='ocrx_word' id='word_1_471' title='bbox 3453 1787 3606 1855; x_wconf 85' lang='lat' dir='ltr'><strong>quasi</strong></span> <span class='ocrx_word' id='word_1_472' title='bbox 3641 1786 3696 1839; x_wconf 89' lang='lat' dir='ltr'><strong>in</strong></span> <span class='ocrx_word' id='word_1_473' title='bbox 3732 1787 3927 1858; x_wconf 81' lang='lat' dir='ltr'><strong>pelago</strong></span> 
     </span>
    </p>
   </div>
   <div class='ocr_carea' id='block_1_63' title="bbox 2317 1875 3921 1948">
    <p class='ocr_par' dir='ltr' id='par_1_63' title="bbox 2317 1875 3921 1948">
     <span class='ocr_line' id='line_1_64' title="bbox 2317 1875 3921 1948; baseline 0.002 -21"><span class='ocrx_word' id='word_1_474' title='bbox 2317 1875 2584 1939; x_wconf 89' lang='lat' dir='ltr'><strong>nantibus,</strong></span> <span class='ocrx_word' id='word_1_475' title='bbox 2625 1891 2815 1929; x_wconf 89' lang='lat' dir='ltr'><strong>manus</strong></span> <span class='ocrx_word' id='word_1_476' title='bbox 2849 1875 3208 1944; x_wconf 81' lang='lat' dir='ltr'><strong>porrigentes,</strong></span> <span class='ocrx_word' id='word_1_477' title='bbox 3252 1876 3397 1947; x_wconf 91' lang='lat' dir='ltr'><strong>ipsos</strong></span> <span class='ocrx_word' id='word_1_478' title='bbox 3424 1876 3476 1930; x_wconf 92' lang='lat' dir='ltr'><strong>in</strong></span> <span class='ocrx_word' id='word_1_479' title='bbox 3515 1886 3673 1946; x_wconf 90' lang='lat' dir='ltr'><strong>portu</strong></span> <span class='ocrx_word' id='word_1_480' title='bbox 3714 1895 3743 1930; x_wconf 87' lang='lat' dir='ltr'><strong>a</strong></span> <span class='ocrx_word' id='word_1_481' title='bbox 3771 1878 3921 1948; x_wconf 84' lang='lat' dir='ltr'><strong>jura-</strong></span> 
     </span>
    </p>
   </div>
   <div class='ocr_carea' id='block_1_64' title="bbox 2316 1967 3920 2038">
    <p class='ocr_par' dir='ltr' id='par_1_64' title="bbox 2316 1967 3920 2038">
     <span class='ocr_line' id='line_1_65' title="bbox 2316 1967 3920 2038; baseline 0.005 -20"><span class='ocrx_word' id='word_1_482' title='bbox 2316 1968 2507 2020; x_wconf 90' lang='lat' dir='ltr'><strong>mentis</strong></span> <span class='ocrx_word' id='word_1_483' title='bbox 2538 1981 2706 2021; x_wconf 90' lang='lat' dir='ltr'><strong>vacuo</strong></span> <span class='ocrx_word' id='word_1_484' title='bbox 2745 1967 3024 2036; x_wconf 87' lang='lat' dir='ltr'><strong>recipiant.</strong></span> <span class='ocrx_word' id='word_1_485' title='bbox 3057 1967 3252 2022; x_wconf 87' lang='lat' dir='ltr'><strong>Portus</strong></span> <span class='ocrx_word' id='word_1_486' title='bbox 3281 1968 3480 2038; x_wconf 86' lang='lat' dir='ltr'><strong>quippe</strong></span> <span class='ocrx_word' id='word_1_487' title='bbox 3505 1979 3653 2024; x_wconf 90' lang='lat' dir='ltr'><strong>tutus</strong></span> <span class='ocrx_word' id='word_1_488' title='bbox 3675 1981 3786 2038; x_wconf 86' lang='lat' dir='ltr'><strong>est,</strong></span> <span class='ocrx_word' id='word_1_489' title='bbox 3817 1987 3920 2026; x_wconf 81' lang='lat' dir='ltr'><strong>non</strong></span> 
     </span>
    </p>
   </div>
   <div class='ocr_carea' id='block_1_65' title="bbox 2309 2060 3924 2130">
    <p class='ocr_par' dir='ltr' id='par_1_65' title="bbox 2309 2060 3924 2130">
     <span class='ocr_line' id='line_1_66' title="bbox 2309 2060 3924 2130; baseline 0.004 -21"><span class='ocrx_word' id='word_1_490' title='bbox 2309 2060 2492 2127; x_wconf 85' lang='lat' dir='ltr'><strong>jurare</strong></span> <span class='ocrx_word' id='word_1_491' title='bbox 2522 2077 2534 2108; x_wconf 91' lang='lat'><em>:</em></span> <span class='ocrx_word' id='word_1_492' title='bbox 2567 2069 2772 2129; x_wconf 88' lang='lat' dir='ltr'><strong>portus,</strong></span> <span class='ocrx_word' id='word_1_493' title='bbox 2803 2069 2860 2114; x_wconf 88' lang='lat' dir='ltr'><strong>ut</strong></span> <span class='ocrx_word' id='word_1_494' title='bbox 2892 2075 2962 2116; x_wconf 89' lang='lat' dir='ltr'><strong>ne</strong></span> <span class='ocrx_word' id='word_1_495' title='bbox 3005 2061 3124 2130; x_wconf 91' lang='lat' dir='ltr'><strong>quis</strong></span> <span class='ocrx_word' id='word_1_496' title='bbox 3162 2060 3541 2130; x_wconf 88' lang='lat' dir='ltr'><strong>submergatur</strong></span> <span class='ocrx_word' id='word_1_497' title='bbox 3568 2061 3637 2116; x_wconf 91' lang='lat' dir='ltr'><strong>ab</strong></span> <span class='ocrx_word' id='word_1_498' title='bbox 3667 2062 3924 2116; x_wconf 83' lang='lat' dir='ltr'><strong>irruenti-</strong></span> 
     </span>
    </p>
   </div>
   <div class='ocr_carea' id='block_1_66' title="bbox 2315 2149 3925 2219">
    <p class='ocr_par' dir='ltr' id='par_1_66' title="bbox 2315 2149 3925 2219">
     <span class='ocr_line' id='line_1_67' title="bbox 2315 2149 3925 2219; baseline 0.003 -17"><span class='ocrx_word' id='word_1_499' title='bbox 2315 2149 2413 2203; x_wconf 90' lang='lat' dir='ltr'><strong>bus</strong></span> <span class='ocrx_word' id='word_1_500' title='bbox 2444 2151 2632 2204; x_wconf 69' lang='lat' dir='ltr'><strong>ventis.</strong></span> <span class='ocrx_word' id='word_1_501' title='bbox 2659 2150 2808 2206; x_wconf 87' lang='lat' dir='ltr'><strong>Licet</strong></span> <span class='ocrx_word' id='word_1_502' title='bbox 2836 2152 2976 2205; x_wconf 89' lang='lat' dir='ltr'><strong>enim</strong></span> <span class='ocrx_word' id='word_1_503' title='bbox 3000 2152 3097 2216; x_wconf 86' lang='lat' dir='ltr'><strong>ira,</strong></span> <span class='ocrx_word' id='word_1_504' title='bbox 3130 2151 3255 2207; x_wconf 87' lang='lat' dir='ltr'><strong>licet</strong></span> <span class='ocrx_word' id='word_1_505' title='bbox 3277 2151 3566 2219; x_wconf 89' lang='lat' dir='ltr'><strong>damnum,</strong></span> <span class='ocrx_word' id='word_1_506' title='bbox 3598 2153 3726 2207; x_wconf 91' lang='lat' dir='ltr'><strong>licet</strong></span> <span class='ocrx_word' id='word_1_507' title='bbox 3772 2152 3925 2207; x_wconf 77' lang='lat' dir='ltr'><strong>furor</strong></span> 
     </span>
    </p>
   </div>
   <div class='ocr_carea' id='block_1_67' title="bbox 2317 2241 3924 2308">
    <p class='ocr_par' dir='ltr' id='par_1_67' title="bbox 2317 2241 3924 2308">
     <span class='ocr_line' id='line_1_68' title="bbox 2317 2241 3924 2308; baseline 0.003 -16"><span class='ocrx_word' id='word_1_508' title='bbox 2317 2241 2528 2296; x_wconf 89' lang='lat' dir='ltr'><strong>aliudve</strong></span> <span class='ocrx_word' id='word_1_509' title='bbox 2550 2241 2882 2308; x_wconf 86' lang='lat' dir='ltr'><strong>ell&#39;ervescat,</strong></span> <span class='ocrx_word' id='word_1_510' title='bbox 2898 2243 3074 2296; x_wconf 87' lang='lat' dir='ltr'><strong>anima</strong></span> <span class='ocrx_word' id='word_1_511' title='bbox 3098 2243 3148 2296; x_wconf 91' lang='lat' dir='ltr'><strong>in</strong></span> <span class='ocrx_word' id='word_1_512' title='bbox 3175 2252 3287 2297; x_wconf 89' lang='lat' dir='ltr'><strong>tuto</strong></span> <span class='ocrx_word' id='word_1_513' title='bbox 3309 2252 3418 2307; x_wconf 92' lang='lat' dir='ltr'><strong>est;</strong></span> <span class='ocrx_word' id='word_1_514' title='bbox 3445 2243 3515 2297; x_wconf 90' lang='lat' dir='ltr'><strong>ita</strong></span> <span class='ocrx_word' id='word_1_515' title='bbox 3539 2252 3595 2297; x_wconf 93' lang='lat' dir='ltr'><strong>ut</strong></span> <span class='ocrx_word' id='word_1_516' title='bbox 3618 2243 3750 2298; x_wconf 86' lang='lat' dir='ltr'><strong>nihil</strong></span> <span class='ocrx_word' id='word_1_517' title='bbox 3774 2245 3924 2298; x_wconf 87' lang='lat' dir='ltr'><strong>emit-</strong></span> 
     </span>
    </p>
   </div>
   <div class='ocr_carea' id='block_1_68' title="bbox 2319 2335 3923 2406">
    <p class='ocr_par' dir='ltr' id='par_1_68' title="bbox 2319 2335 3923 2406">
     <span class='ocr_line' id='line_1_69' title="bbox 2319 2335 3923 2406; baseline 0.003 -20"><span class='ocrx_word' id='word_1_518' title='bbox 2319 2343 2395 2387; x_wconf 69' lang='lat' dir='ltr'><strong>tat</strong></span> <span class='ocrx_word' id='word_1_519' title='bbox 2423 2335 2566 2403; x_wconf 89' lang='lat' dir='ltr'><strong>quod</strong></span> <span class='ocrx_word' id='word_1_520' title='bbox 2608 2335 2789 2390; x_wconf 89' lang='lat' dir='ltr'><strong>dicere</strong></span> <span class='ocrx_word' id='word_1_521' title='bbox 2830 2351 2936 2390; x_wconf 93' lang='lat' dir='ltr'><strong>non</strong></span> <span class='ocrx_word' id='word_1_522' title='bbox 2969 2336 3128 2391; x_wconf 87' lang='lat' dir='ltr'><strong>liceat</strong></span> <span class='ocrx_word' id='word_1_523' title='bbox 3161 2353 3172 2388; x_wconf 96' lang='lat'>:</span> <span class='ocrx_word' id='word_1_524' title='bbox 3206 2351 3381 2406; x_wconf 89' lang='lat' dir='ltr'><strong>neque</strong></span> <span class='ocrx_word' id='word_1_525' title='bbox 3407 2336 3549 2390; x_wconf 92' lang='lat' dir='ltr'><strong>enim</strong></span> <span class='ocrx_word' id='word_1_526' title='bbox 3581 2336 3684 2390; x_wconf 92' lang='lat' dir='ltr'><strong>sibi</strong></span> <span class='ocrx_word' id='word_1_527' title='bbox 3709 2339 3791 2391; x_wconf 81' lang='lat' dir='ltr'><strong>vel</strong></span> <span class='ocrx_word' id='word_1_528' title='bbox 3825 2353 3923 2391; x_wconf 81' lang='lat' dir='ltr'><strong>ue-</strong></span> 
     </span>
    </p>
   </div>
   <div class='ocr_carea' id='block_1_69' title="bbox 2312 2427 3923 2500">
    <p class='ocr_par' dir='ltr' id='par_1_69' title="bbox 2312 2427 3923 2500">
     <span class='ocr_line' id='line_1_70' title="bbox 2312 2427 3923 2500; baseline 0.002 -21"><span class='ocrx_word' id='word_1_529' title='bbox 2312 2427 2615 2480; x_wconf 39' lang='lat' dir='ltr'><strong>cessitatem</strong></span> <span class='ocrx_word' id='word_1_530' title='bbox 2661 2427 2744 2482; x_wconf 87' lang='lat' dir='ltr'><strong>vel</strong></span> <span class='ocrx_word' id='word_1_531' title='bbox 2801 2427 2972 2497; x_wconf 83' lang='lat' dir='ltr'><strong>legem</strong></span> <span class='ocrx_word' id='word_1_532' title='bbox 3008 2429 3309 2482; x_wconf 91' lang='lat' dir='ltr'><strong>constituit.</strong></span> <span class='ocrx_word' id='word_1_533' title='bbox 3354 2427 3510 2491; x_wconf 79' lang='lat' dir='ltr'><strong>Vide,</strong></span> <span class='ocrx_word' id='word_1_534' title='bbox 3541 2429 3667 2498; x_wconf 90' lang='lat' dir='ltr'><strong>quid</strong></span> <span class='ocrx_word' id='word_1_535' title='bbox 3695 2437 3923 2500; x_wconf 84' lang='lat' dir='ltr'><strong>propter</strong></span> 
     </span>
    </p>
   </div>
   <div class='ocr_carea' id='block_1_70' title="bbox 2309 2515 3924 2589">
    <p class='ocr_par' dir='ltr' id='par_1_70' title="bbox 2309 2515 3924 2589">
     <span class='ocr_line' id='line_1_71' title="bbox 2309 2515 3924 2589; baseline 0.004 -22"><span class='ocrx_word' id='word_1_536' title='bbox 2309 2515 2671 2585; x_wconf 84' lang='lat' dir='ltr'><strong>juramcntum</strong></span> <span class='ocrx_word' id='word_1_537' title='bbox 2693 2518 2881 2573; x_wconf 81' lang='lat' dir='ltr'><strong>iecerit</strong></span> <span class='ocrx_word' id='word_1_538' title='bbox 2906 2518 3149 2573; x_wconf 87' lang='lat' dir='ltr'><strong>Herodes</strong></span> <span class='ocrx_word' id='word_1_539' title='bbox 3177 2538 3189 2573; x_wconf 93' lang='lat'>:</span> <span class='ocrx_word' id='word_1_540' title='bbox 3213 2529 3374 2589; x_wconf 86' lang='lat' dir='ltr'><strong>caput</strong></span> <span class='ocrx_word' id='word_1_541' title='bbox 3395 2518 3754 2573; x_wconf 69' lang='lat' dir='ltr'><strong>Prmcursoris</strong></span> <span class='ocrx_word' id='word_1_542' title='bbox 3785 2536 3924 2589; x_wconf 69' lang='lat' dir='ltr'><strong>prte-</strong></span> 
     </span>
    </p>
   </div>
   <div class='ocr_carea' id='block_1_71' title="bbox 2313 2607 3923 2680">
    <p class='ocr_par' dir='ltr' id='par_1_71' title="bbox 2313 2607 3923 2680">
     <span class='ocr_line' id='line_1_72' title="bbox 2313 2607 3923 2680; baseline 0.001 -20"><span class='ocrx_word' id='word_1_543' title='bbox 2313 2607 2476 2672; x_wconf 89' lang='lat' dir='ltr'><strong>cidit;</strong></span> <span class='ocrx_word' id='word_1_544' title='bbox 2510 2607 2728 2677; x_wconf 79' lang='lat' dir='ltr'><strong>Propter</strong></span> <span class='ocrx_word' id='word_1_545' title='bbox 2751 2609 3044 2677; x_wconf 73' lang='lat' dir='ltr'><strong>iuramenta</strong></span> <span class='ocrx_word' id='word_1_546' title='bbox 3059 2611 3214 2672; x_wconf 85' lang='lat' dir='ltr'><strong>enim,</strong></span> <span class='ocrx_word' id='word_1_547' title='bbox 3245 2610 3434 2678; x_wconf 89' lang='lat' dir='ltr'><strong>inquit,</strong></span> <span class='ocrx_word' id='word_1_548' title='bbox 3455 2618 3501 2663; x_wconf 86' lang='lat' dir='ltr'><strong>et</strong></span> <span class='ocrx_word' id='word_1_549' title='bbox 3527 2620 3737 2680; x_wconf 85' lang='lat' dir='ltr'><strong>prapter</strong></span> <span class='ocrx_word' id='word_1_550' title='bbox 3764 2612 3923 2662; x_wconf 82' lang='lat' dir='ltr'><strong>simul</strong></span> 
     </span>
    </p>
   </div>
   <div class='ocr_carea' id='block_1_72' title="bbox 2314 2699 3916 2770">
    <p class='ocr_par' dir='ltr' id='par_1_72' title="bbox 2314 2699 3916 2770">
     <span class='ocr_line' id='line_1_73' title="bbox 2314 2699 3916 2770; baseline 0.001 -18"><span class='ocrx_word' id='word_1_551' title='bbox 2314 2699 2679 2753; x_wconf 81' lang='lat' dir='ltr'><strong>discumbentes</strong></span> <span class='ocrx_word' id='word_1_552' title='bbox 2727 2701 2888 2753; x_wconf 84' lang='lat' dir='ltr'><strong>noluit</strong></span> <span class='ocrx_word' id='word_1_553' title='bbox 2929 2699 3070 2754; x_wconf 88' lang='lat' dir='ltr'><strong>illam</strong></span> <span class='ocrx_word' id='word_1_554' title='bbox 3119 2700 3360 2770; x_wconf 83' lang='lat' dir='ltr'><strong>repellere</strong></span> <span class='ocrx_word' id='word_1_555' title='bbox 3411 2699 3615 2770; x_wconf 81' lang='lat' dir='ltr'><strong>(Marc.</strong></span> <span class='ocrx_word' id='word_1_556' title='bbox 3678 2701 3732 2754; x_wconf 82' lang='lat'><strong>6.</strong></span> <span class='ocrx_word' id='word_1_557' title='bbox 3779 2699 3916 2769; x_wconf 67' lang='lat'><strong>26).</strong></span> 
     </span>
    </p>
   </div>
   <div class='ocr_carea' id='block_1_73' title="bbox 2314 2791 3916 2864">
    <p class='ocr_par' dir='ltr' id='par_1_73' title="bbox 2314 2791 3916 2864">
     <span class='ocr_line' id='line_1_74' title="bbox 2314 2791 3916 2864; baseline 0.004 -22"><span class='ocrx_word' id='word_1_558' title='bbox 2314 2791 2449 2857; x_wconf 85' lang='lat' dir='ltr'><strong>Quid</strong></span> <span class='ocrx_word' id='word_1_559' title='bbox 2480 2792 3070 2861; x_wconf 86' lang='lat' dir='ltr'><strong>pmpterjuramentum</strong></span> <span class='ocrx_word' id='word_1_560' title='bbox 3111 2807 3279 2861; x_wconf 71' lang='lat' dir='ltr'><strong>passae</strong></span> <span class='ocrx_word' id='word_1_561' title='bbox 3314 2801 3438 2846; x_wconf 90' lang='lat' dir='ltr'><strong>sunt</strong></span> <span class='ocrx_word' id='word_1_562' title='bbox 3476 2793 3651 2848; x_wconf 89' lang='lat' dir='ltr'><strong>tribus</strong></span> <span class='ocrx_word' id='word_1_563' title='bbox 3701 2793 3916 2864; x_wconf 81' lang='lat' dir='ltr'><strong>(Judic.</strong></span> 
     </span>
    </p>
   </div>
   <div class='ocr_carea' id='block_1_74' title="bbox 2312 2881 3921 2956">
    <p class='ocr_par' dir='ltr' id='par_1_74' title="bbox 2312 2881 3921 2956">
     <span class='ocr_line' id='line_1_75' title="bbox 2312 2881 3921 2956; baseline 0.006 -24"><span class='ocrx_word' id='word_1_564' title='bbox 2312 2881 2401 2933; x_wconf 70' lang='lat'><strong>2|.</strong></span> <span class='ocrx_word' id='word_1_565' title='bbox 2437 2881 2504 2935; x_wconf 82' lang='grc'><strong>10</strong></span> <span class='ocrx_word' id='word_1_566' title='bbox 2525 2882 2565 2952; x_wconf 86' lang='grc'><strong>).</strong></span> <span class='ocrx_word' id='word_1_567' title='bbox 2598 2884 2741 2936; x_wconf 89' lang='lat' dir='ltr'><strong>circa</strong></span> <span class='ocrx_word' id='word_1_568' title='bbox 2765 2883 2971 2938; x_wconf 73' lang='lat' dir='ltr'><strong>tribum</strong></span> <span class='ocrx_word' id='word_1_569' title='bbox 3001 2884 3463 2955; x_wconf 83' lang='lat' dir='ltr'><strong>Beujamin?quid</strong></span> <span class='ocrx_word' id='word_1_570' title='bbox 3495 2900 3687 2955; x_wconf 88' lang='lat' dir='ltr'><strong>passus</strong></span> <span class='ocrx_word' id='word_1_571' title='bbox 3706 2896 3793 2941; x_wconf 91' lang='lat' dir='ltr'><strong>est</strong></span> <span class='ocrx_word' id='word_1_572' title='bbox 3819 2901 3921 2956; x_wconf 87' lang='lat' dir='ltr'><strong>pro</strong></span> 
     </span>
    </p>
   </div>
   <div class='ocr_carea' id='block_1_75' title="bbox 2308 2973 3920 3046">
    <p class='ocr_par' dir='ltr' id='par_1_75' title="bbox 2308 2973 3920 3046">
     <span class='ocr_line' id='line_1_76' title="bbox 2308 2973 3920 3046; baseline 0.005 -21"><span class='ocrx_word' id='word_1_573' title='bbox 2308 2973 2614 3042; x_wconf 89' lang='lat' dir='ltr'><strong>juramento</strong></span> <span class='ocrx_word' id='word_1_574' title='bbox 2644 2974 2810 3030; x_wconf 79' lang='lat' dir='ltr'><strong>Saul?</strong></span> <span class='ocrx_word' id='word_1_575' title='bbox 2831 2975 2922 3030; x_wconf 92' lang='lat' dir='ltr'><strong>ille</strong></span> <span class='ocrx_word' id='word_1_576' title='bbox 2945 2975 3159 3046; x_wconf 87' lang='lat' dir='ltr'><strong>quidem</strong></span> <span class='ocrx_word' id='word_1_577' title='bbox 3198 2976 3491 3046; x_wconf 85' lang='lat' dir='ltr'><strong>pejeravit;</strong></span> <span class='ocrx_word' id='word_1_578' title='bbox 3519 2977 3763 3033; x_wconf 80' lang='lat' dir='ltr'><strong>Herodes</strong></span> <span class='ocrx_word' id='word_1_579' title='bbox 3785 2994 3920 3035; x_wconf 85' lang='lat' dir='ltr'><strong>vero</strong></span> 
     </span>
    </p>
   </div>
   <div class='ocr_carea' id='block_1_76' title="bbox 2317 3064 3921 3132">
    <p class='ocr_par' dir='ltr' id='par_1_76' title="bbox 2317 3064 3921 3132">
     <span class='ocr_line' id='line_1_77' title="bbox 2317 3064 3921 3132; baseline 0.009 -20"><span class='ocrx_word' id='word_1_580' title='bbox 2317 3064 2551 3132; x_wconf 73' lang='lat' dir='ltr'><strong>pet-jurio</strong></span> <span class='ocrx_word' id='word_1_581' title='bbox 2595 3065 2919 3121; x_wconf 88' lang='lat' dir='ltr'><strong>deteriorem</strong></span> <span class='ocrx_word' id='word_1_582' title='bbox 2960 3067 3164 3123; x_wconf 70' lang='lat' dir='ltr'><strong>aedem</strong></span> <span class='ocrx_word' id='word_1_583' title='bbox 3215 3067 3362 3122; x_wconf 78' lang='lat' dir='ltr'><strong>fecit.</strong></span> <span class='ocrx_word' id='word_1_584' title='bbox 3388 3068 3621 3123; x_wconf 84' lang='lat' dir='ltr'><strong>Rursum</strong></span> <span class='ocrx_word' id='word_1_585' title='bbox 3652 3069 3816 3126; x_wconf 85' lang='lat' dir='ltr'><strong>Jesus</strong></span> <span class='ocrx_word' id='word_1_586' title='bbox 3845 3072 3921 3127; x_wconf 89' lang='lat' dir='ltr'><strong>ob</strong></span> 
     </span>
    </p>
   </div>
   <div class='ocr_carea' id='block_1_77' title="bbox 2309 3155 3922 3229">
    <p class='ocr_par' dir='ltr' id='par_1_77' title="bbox 2309 3155 3922 3229">
     <span class='ocr_line' id='line_1_78' title="bbox 2309 3155 3922 3229; baseline 0.006 -22"><span class='ocrx_word' id='word_1_587' title='bbox 2309 3155 2670 3224; x_wconf 88' lang='lat' dir='ltr'><strong>juramentum</strong></span> <span class='ocrx_word' id='word_1_588' title='bbox 2703 3156 3016 3212; x_wconf 87' lang='lat' dir='ltr'><strong>Gabaonitis</strong></span> <span class='ocrx_word' id='word_1_589' title='bbox 3046 3157 3266 3226; x_wconf 78' lang='lat' dir='ltr'><strong>factum,</strong></span> <span class='ocrx_word' id='word_1_590' title='bbox 3296 3168 3491 3229; x_wconf 87' lang='lat' dir='ltr'><strong>quanta</strong></span> <span class='ocrx_word' id='word_1_591' title='bbox 3513 3175 3704 3229; x_wconf 87' lang='lat' dir='ltr'><strong>passus</strong></span> <span class='ocrx_word' id='word_1_592' title='bbox 3728 3162 3803 3216; x_wconf 89' lang='lat' dir='ltr'><strong>sit</strong></span> <span class='ocrx_word' id='word_1_593' title='bbox 3828 3176 3922 3217; x_wconf 83' lang='lat' dir='ltr'><strong>no-</strong></span> 
     </span>
    </p>
   </div>
   <div class='ocr_carea' id='block_1_78' title="bbox 2313 3247 3918 3321">
    <p class='ocr_par' dir='ltr' id='par_1_78' title="bbox 2313 3247 3918 3321">
     <span class='ocr_line' id='line_1_79' title="bbox 2313 3247 3918 3321; baseline 0.005 -20"><span class='ocrx_word' id='word_1_594' title='bbox 2313 3249 2400 3301; x_wconf 84' lang='lat' dir='ltr'><strong>sti.</strong></span> <span class='ocrx_word' id='word_1_595' title='bbox 2440 3247 2720 3303; x_wconf 86' lang='lat' dir='ltr'><strong>Satanicus</strong></span> <span class='ocrx_word' id='word_1_596' title='bbox 2749 3249 2892 3303; x_wconf 89' lang='lat' dir='ltr'><strong>enim</strong></span> <span class='ocrx_word' id='word_1_597' title='bbox 2924 3249 3147 3321; x_wconf 89' lang='lat' dir='ltr'><strong>laqueus</strong></span> <span class='ocrx_word' id='word_1_598' title='bbox 3172 3260 3256 3305; x_wconf 92' lang='lat' dir='ltr'><strong>est</strong></span> <span class='ocrx_word' id='word_1_599' title='bbox 3277 3251 3669 3320; x_wconf 87' lang='lat' dir='ltr'><strong>juramentum.</strong></span> <span class='ocrx_word' id='word_1_600' title='bbox 3698 3253 3918 3309; x_wconf 88' lang='lat' dir='ltr'><strong>Dirum-</strong></span> 
     </span>
    </p>
   </div>
   <div class='ocr_carea' id='block_1_79' title="bbox 2316 3339 3922 3411">
    <p class='ocr_par' dir='ltr' id='par_1_79' title="bbox 2316 3339 3922 3411">
     <span class='ocr_line' id='line_1_80' title="bbox 2316 3339 3922 3411; baseline 0.006 -19"><span class='ocrx_word' id='word_1_601' title='bbox 2316 3355 2502 3408; x_wconf 88' lang='lat' dir='ltr'><strong>pamus</strong></span> <span class='ocrx_word' id='word_1_602' title='bbox 2543 3356 2671 3411; x_wconf 81' lang='lat' dir='ltr'><strong>ergo</strong></span> <span class='ocrx_word' id='word_1_603' title='bbox 2701 3339 2877 3408; x_wconf 80' lang='lat' dir='ltr'><strong>funes,</strong></span> <span class='ocrx_word' id='word_1_604' title='bbox 2923 3351 2979 3397; x_wconf 92' lang='lat' dir='ltr'><strong>et</strong></span> <span class='ocrx_word' id='word_1_605' title='bbox 3013 3356 3114 3398; x_wconf 88' lang='lat' dir='ltr'><strong>nos</strong></span> <span class='ocrx_word' id='word_1_606' title='bbox 3139 3344 3210 3397; x_wconf 90' lang='lat' dir='ltr'><strong>ita</strong></span> <span class='ocrx_word' id='word_1_607' title='bbox 3241 3343 3634 3399; x_wconf 88' lang='lat' dir='ltr'><strong>constituemus</strong></span> <span class='ocrx_word' id='word_1_608' title='bbox 3662 3356 3723 3400; x_wconf 92' lang='lat' dir='ltr'><strong>ut</strong></span> <span class='ocrx_word' id='word_1_609' title='bbox 3757 3345 3922 3402; x_wconf 79' lang='lat' dir='ltr'><strong>facile</strong></span> 
     </span>
    </p>
   </div>
   <div class='ocr_carea' id='block_1_80' title="bbox 2313 3433 3919 3506">
    <p class='ocr_par' dir='ltr' id='par_1_80' title="bbox 2313 3433 3919 3506">
     <span class='ocr_line' id='line_1_81' title="bbox 2313 3433 3919 3506; baseline 0.006 -21"><span class='ocrx_word' id='word_1_610' title='bbox 2313 3447 2618 3487; x_wconf 85' lang='lat' dir='ltr'><strong>caveamus.</strong></span> <span class='ocrx_word' id='word_1_611' title='bbox 2668 3433 2989 3490; x_wconf 89' lang='lat' dir='ltr'><strong>Liberemur</strong></span> <span class='ocrx_word' id='word_1_612' title='bbox 3039 3451 3068 3489; x_wconf 91' lang='lat' dir='ltr'><strong>a</strong></span> <span class='ocrx_word' id='word_1_613' title='bbox 3127 3436 3320 3506; x_wconf 87' lang='lat' dir='ltr'><strong>laqueo</strong></span> <span class='ocrx_word' id='word_1_614' title='bbox 3363 3444 3595 3503; x_wconf 64' lang='lat' dir='ltr'><strong>satanas;</strong></span> <span class='ocrx_word' id='word_1_615' title='bbox 3627 3437 3919 3494; x_wconf 83' lang='lat' dir='ltr'><strong>timeamus</strong></span> 
     </span>
    </p>
   </div>
   <div class='ocr_carea' id='block_1_81' title="bbox 2314 3524 3918 3597">
    <p class='ocr_par' dir='ltr' id='par_1_81' title="bbox 2314 3524 3918 3597">
     <span class='ocr_line' id='line_1_82' title="bbox 2314 3524 3918 3597; baseline 0.007 -20"><span class='ocrx_word' id='word_1_616' title='bbox 2314 3524 2652 3578; x_wconf 77' lang='lat' dir='ltr'><strong>Douiinicum</strong></span> <span class='ocrx_word' id='word_1_617' title='bbox 2688 3536 3044 3597; x_wconf 58' lang='lat' dir='ltr'><strong>praeceptum;</strong></span> <span class='ocrx_word' id='word_1_618' title='bbox 3093 3528 3146 3582; x_wconf 90' lang='lat' dir='ltr'><strong>in</strong></span> <span class='ocrx_word' id='word_1_619' title='bbox 3184 3529 3439 3597; x_wconf 89' lang='lat' dir='ltr'><strong>optimam</strong></span> <span class='ocrx_word' id='word_1_620' title='bbox 3467 3532 3918 3589; x_wconf 89' lang='lat' dir='ltr'><strong>consuetudinem</strong></span> 
     </span>
    </p>
   </div>
   <div class='ocr_carea' id='block_1_82' title="bbox 2312 3616 3919 3694">
    <p class='ocr_par' dir='ltr' id='par_1_82' title="bbox 2312 3616 3919 3694">
     <span class='ocr_line' id='line_1_83' title="bbox 2312 3616 3919 3694; baseline 0.006 -24"><span class='ocrx_word' id='word_1_621' title='bbox 2312 3631 2412 3670; x_wconf 91' lang='lat' dir='ltr'><strong>nos</strong></span> <span class='ocrx_word' id='word_1_622' title='bbox 2437 3616 2764 3672; x_wconf 91' lang='lat' dir='ltr'><strong>deducamus</strong></span> <span class='ocrx_word' id='word_1_623' title='bbox 2795 3635 2810 3672; x_wconf 89' lang='lat'><strong>:</strong></span> <span class='ocrx_word' id='word_1_624' title='bbox 2852 3628 2910 3672; x_wconf 92' lang='lat' dir='ltr'><strong>ut</strong></span> <span class='ocrx_word' id='word_1_625' title='bbox 2938 3620 3227 3690; x_wconf 77' lang='lat' dir='ltr'><strong>progressi,</strong></span> <span class='ocrx_word' id='word_1_626' title='bbox 3257 3629 3312 3674; x_wconf 91' lang='lat' dir='ltr'><strong>et</strong></span> <span class='ocrx_word' id='word_1_627' title='bbox 3345 3620 3447 3676; x_wconf 88' lang='lat' dir='ltr'><strong>hoc</strong></span> <span class='ocrx_word' id='word_1_628' title='bbox 3485 3630 3542 3676; x_wconf 93' lang='lat' dir='ltr'><strong>et</strong></span> <span class='ocrx_word' id='word_1_629' title='bbox 3567 3621 3671 3676; x_wconf 89' lang='lat' dir='ltr'><strong>alia</strong></span> <span class='ocrx_word' id='word_1_630' title='bbox 3705 3638 3919 3694; x_wconf 68' lang='lat' dir='ltr'><strong>praece-</strong></span> 
     </span>
    </p>
   </div>
   <div class='ocr_carea' id='block_1_83' title="bbox 2315 3711 3923 3788">
    <p class='ocr_par' dir='ltr' id='par_1_83' title="bbox 2315 3711 3923 3788">
     <span class='ocr_line' id='line_1_84' title="bbox 2315 3711 3923 3788; baseline 0.007 -26"><span class='ocrx_word' id='word_1_631' title='bbox 2315 3720 2399 3779; x_wconf 88' lang='lat' dir='ltr'><strong>pta</strong></span> <span class='ocrx_word' id='word_1_632' title='bbox 2433 3711 2739 3781; x_wconf 89' lang='lat' dir='ltr'><strong>implentes,</strong></span> <span class='ocrx_word' id='word_1_633' title='bbox 2770 3717 3027 3780; x_wconf 91' lang='lat' dir='ltr'><strong>promissa</strong></span> <span class='ocrx_word' id='word_1_634' title='bbox 3047 3713 3388 3784; x_wconf 86' lang='lat' dir='ltr'><strong>diligentibus</strong></span> <span class='ocrx_word' id='word_1_635' title='bbox 3411 3718 3580 3784; x_wconf 89' lang='lat' dir='ltr'><strong>ipsum</strong></span> <span class='ocrx_word' id='word_1_636' title='bbox 3613 3731 3923 3788; x_wconf 81' lang='lat' dir='ltr'><strong>consequa-</strong></span> 
     </span>
    </p>
   </div>
   <div class='ocr_carea' id='block_1_84' title="bbox 2312 3804 3922 3877">
    <p class='ocr_par' dir='ltr' id='par_1_84' title="bbox 2312 3804 3922 3877">
     <span class='ocr_line' id='line_1_85' title="bbox 2312 3804 3922 3877; baseline 0.007 -19"><span class='ocrx_word' id='word_1_637' title='bbox 2312 3821 2433 3858; x_wconf 89' lang='lat' dir='ltr'><strong>mur</strong></span> <span class='ocrx_word' id='word_1_638' title='bbox 2459 3804 2619 3868; x_wconf 90' lang='lat' dir='ltr'><strong>boua,</strong></span> <span class='ocrx_word' id='word_1_639' title='bbox 2661 3805 2829 3874; x_wconf 85' lang='lat' dir='ltr'><strong>gratia</strong></span> <span class='ocrx_word' id='word_1_640' title='bbox 2875 3817 2930 3860; x_wconf 91' lang='lat' dir='ltr'><strong>et</strong></span> <span class='ocrx_word' id='word_1_641' title='bbox 2980 3807 3308 3877; x_wconf 86' lang='lat' dir='ltr'><strong>benignitate</strong></span> <span class='ocrx_word' id='word_1_642' title='bbox 3349 3809 3558 3862; x_wconf 91' lang='lat' dir='ltr'><strong>Domini</strong></span> <span class='ocrx_word' id='word_1_643' title='bbox 3589 3811 3761 3871; x_wconf 81' lang='lat' dir='ltr'><strong>nostri</strong></span> <span class='ocrx_word' id='word_1_644' title='bbox 3792 3812 3922 3869; x_wconf 81' lang='lat' dir='ltr'><strong>Jesu</strong></span> 
     </span>
    </p>
   </div>
   <div class='ocr_carea' id='block_1_85' title="bbox 2312 3894 3921 3970">
    <p class='ocr_par' dir='ltr' id='par_1_85' title="bbox 2312 3894 3921 3970">
     <span class='ocr_line' id='line_1_86' title="bbox 2312 3894 3921 3970; baseline 0.007 -21"><span class='ocrx_word' id='word_1_645' title='bbox 2312 3894 2533 3958; x_wconf 75' lang='lat' dir='ltr'><strong>Chrisu,</strong></span> <span class='ocrx_word' id='word_1_646' title='bbox 2568 3898 2782 3965; x_wconf 91' lang='lat' dir='ltr'><strong>quicum</strong></span> <span class='ocrx_word' id='word_1_647' title='bbox 2822 3896 2966 3951; x_wconf 87' lang='lat' dir='ltr'><strong>Patri</strong></span> <span class='ocrx_word' id='word_1_648' title='bbox 2995 3906 3049 3950; x_wconf 92' lang='lat' dir='ltr'><strong>et</strong></span> <span class='ocrx_word' id='word_1_649' title='bbox 3075 3898 3294 3969; x_wconf 87' lang='lat' dir='ltr'><strong>Spiritui</strong></span> <span class='ocrx_word' id='word_1_650' title='bbox 3326 3909 3514 3954; x_wconf 87' lang='lat' dir='ltr'><strong>sancto</strong></span> <span class='ocrx_word' id='word_1_651' title='bbox 3544 3901 3714 3970; x_wconf 85' lang='lat' dir='ltr'><strong>gloria</strong></span> <span class='ocrx_word' id='word_1_652' title='bbox 3737 3943 3753 3968; x_wconf 94' lang='lat'><strong>,</strong></span> <span class='ocrx_word' id='word_1_653' title='bbox 3813 3905 3921 3962; x_wconf 88' lang='lat' dir='ltr'><strong>im-</strong></span> 
     </span>
    </p>
   </div>
   <div class='ocr_carea' id='block_1_86' title="bbox 2316 3988 3922 4059">
    <p class='ocr_par' dir='ltr' id='par_1_86' title="bbox 2316 3988 3922 4059">
     <span class='ocr_line' id='line_1_87' title="bbox 2316 3988 3922 4059; baseline 0.01 -22"><span class='ocrx_word' id='word_1_654' title='bbox 2316 3988 2541 4058; x_wconf 89' lang='lat' dir='ltr'><strong>perium,</strong></span> <span class='ocrx_word' id='word_1_655' title='bbox 2577 3989 2766 4051; x_wconf 79' lang='lat' dir='ltr'><strong>honor,</strong></span> <span class='ocrx_word' id='word_1_656' title='bbox 2797 4004 2938 4042; x_wconf 90' lang='lat' dir='ltr'><strong>nunc</strong></span> <span class='ocrx_word' id='word_1_657' title='bbox 2964 3999 3018 4043; x_wconf 90' lang='lat' dir='ltr'><strong>et</strong></span> <span class='ocrx_word' id='word_1_658' title='bbox 3039 4005 3274 4059; x_wconf 90' lang='lat' dir='ltr'><strong>semper,</strong></span> <span class='ocrx_word' id='word_1_659' title='bbox 3299 3991 3431 4046; x_wconf 92' lang='lat' dir='ltr'><strong>etin</strong></span> <span class='ocrx_word' id='word_1_660' title='bbox 3463 3993 3657 4048; x_wconf 76' lang='lat' dir='ltr'><strong>saecula</strong></span> <span class='ocrx_word' id='word_1_661' title='bbox 3691 3996 3922 4052; x_wconf 64' lang='lat' dir='ltr'><strong>saeculo-</strong></span> 
     </span>
    </p>
   </div>
   <div class='ocr_carea' id='block_1_87' title="bbox 2315 4084 2676 4136">
    <p class='ocr_par' dir='ltr' id='par_1_87' title="bbox 2315 4084 2676 4136">
     <span class='ocr_line' id='line_1_88' title="bbox 2315 4084 2676 4136; baseline -0.003 -1"><span class='ocrx_word' id='word_1_662' title='bbox 2315 4098 2453 4136; x_wconf 84' lang='lat' dir='ltr'><strong>rum.</strong></span> <span class='ocrx_word' id='word_1_663' title='bbox 2485 4084 2676 4136; x_wconf 86' lang='lat' dir='ltr'><strong>Amen.</strong></span> 
     </span>
    </p>
   </div>
   <div class='ocr_carea' id='block_1_88' title="bbox 2315 4281 3206 4291">
    <p class='ocr_par' dir='ltr' id='par_1_88' title="bbox 2315 4281 3206 4291">
     <span class='ocr_line' id='line_1_89' title="bbox 2315 4281 3206 4291; baseline 0.008 -7"><span class='ocrx_word' id='word_1_664' title='bbox 2315 4281 2370 4287; x_wconf 79' lang='lat'><strong>__</strong></span> <span class='ocrx_word' id='word_1_665' title='bbox 2397 4281 2744 4288; x_wconf 55' lang='lat'><strong>..._.____‘.._..-__</strong></span> <span class='ocrx_word' id='word_1_666' title='bbox 2755 4283 2873 4289; x_wconf 53' lang='grc' dir='ltr'><strong>-φ-</strong></span> <span class='ocrx_word' id='word_1_667' title='bbox 2880 4284 3050 4291; x_wconf 69' lang='lat'><strong>__.__.__,..</strong></span> <span class='ocrx_word' id='word_1_668' title='bbox 3058 4285 3206 4291; x_wconf 54' lang='grc' dir='ltr'><strong>...μ-...-</strong></span> 
     </span>
    </p>
   </div>
   <div class='ocr_carea' id='block_1_89' title="bbox 1944 4352 2504 4414">
    <p class='ocr_par' dir='ltr' id='par_1_89' title="bbox 1944 4352 2504 4414">
     <span class='ocr_line' id='line_1_90' title="bbox 1944 4352 2504 4414; baseline 0.002 -1"><span class='ocrx_word' id='word_1_669' title='bbox 1944 4352 2288 4413; x_wconf 77' lang='lat' dir='ltr'><strong>HOMILIA</strong></span> <span class='ocrx_word' id='word_1_670' title='bbox 2330 4354 2504 4414; x_wconf 80' lang='lat' dir='ltr'><strong>XIV.</strong></span> 
     </span>
    </p>
   </div>
   <div class='ocr_carea' id='block_1_90' title="bbox 612 4497 2204 4574">
    <p class='ocr_par' dir='ltr' id='par_1_90' title="bbox 612 4497 2204 4574">
     <span class='ocr_line' id='line_1_91' title="bbox 612 4497 2204 4574; baseline -0.004 -17"><span class='ocrx_word' id='word_1_671' title='bbox 612 4503 741 4557; x_wconf 64' lang='lat' dir='ltr'><strong>Car.</strong></span> <span class='ocrx_word' id='word_1_672' title='bbox 783 4502 835 4555; x_wconf 80' lang='grc'><strong>5.</strong></span> <span class='ocrx_word' id='word_1_673' title='bbox 869 4517 917 4552; x_wconf 87' lang='lat' dir='ltr'><strong>v.</strong></span> <span class='ocrx_word' id='word_1_674' title='bbox 949 4501 1036 4554; x_wconf 67' lang='grc'><strong>54.</strong></span> <span class='ocrx_word' id='word_1_675' title='bbox 1071 4499 1479 4569; x_wconf 71' lang='lat' dir='ltr'><strong>Surgettstttttem</strong></span> <span class='ocrx_word' id='word_1_676' title='bbox 1508 4497 1713 4574; x_wconf 79' lang='lat' dir='ltr'><strong>quidam</strong></span> <span class='ocrx_word' id='word_1_677' title='bbox 1744 4498 1793 4549; x_wconf 84' lang='lat' dir='ltr'><strong>in</strong></span> <span class='ocrx_word' id='word_1_678' title='bbox 1821 4498 2034 4550; x_wconf 83' lang='lat' dir='ltr'><strong>concilio</strong></span> <span class='ocrx_word' id='word_1_679' title='bbox 2063 4497 2204 4550; x_wconf 78' lang='lat' dir='ltr'><strong>Plia-</strong></span> 
     </span>
    </p>
   </div>
   <div class='ocr_carea' id='block_1_91' title="bbox 681 4589 2204 4659">
    <p class='ocr_par' dir='ltr' id='par_1_91' title="bbox 681 4589 2204 4659">
     <span class='ocr_line' id='line_1_92' title="bbox 681 4589 2204 4659; baseline -0.001 -13"><span class='ocrx_word' id='word_1_680' title='bbox 681 4597 854 4646; x_wconf 64' lang='lat' dir='ltr'><strong>risazus</strong></span> <span class='ocrx_word' id='word_1_681' title='bbox 876 4635 890 4658; x_wconf 94' lang='lat'><strong>,</strong></span> <span class='ocrx_word' id='word_1_682' title='bbox 951 4593 1150 4644; x_wconf 85' lang='lat' dir='ltr'><strong>nomine</strong></span> <span class='ocrx_word' id='word_1_683' title='bbox 1184 4589 1451 4651; x_wconf 78' lang='lat' dir='ltr'><strong>Gamaliel,</strong></span> <span class='ocrx_word' id='word_1_684' title='bbox 1507 4590 1631 4659; x_wconf 84' lang='lat' dir='ltr'><strong>legis</strong></span> <span class='ocrx_word' id='word_1_685' title='bbox 1671 4590 1864 4654; x_wconf 86' lang='lat' dir='ltr'><strong>doctor,</strong></span> <span class='ocrx_word' id='word_1_686' title='bbox 1897 4589 2204 4645; x_wconf 83' lang='lat' dir='ltr'><strong>honorabilis</strong></span> 
     </span>
    </p>
   </div>
   <div class='ocr_carea' id='block_1_92' title="bbox 686 4682 2130 4752">
    <p class='ocr_par' dir='ltr' id='par_1_92' title="bbox 686 4682 2130 4752">
     <span class='ocr_line' id='line_1_93' title="bbox 686 4682 2130 4752; baseline 0 -17"><span class='ocrx_word' id='word_1_687' title='bbox 686 4687 926 4737; x_wconf 74' lang='lat' dir='ltr'><strong>universa:</strong></span> <span class='ocrx_word' id='word_1_688' title='bbox 953 4684 1104 4752; x_wconf 84' lang='lat' dir='ltr'><strong>plebi,</strong></span> <span class='ocrx_word' id='word_1_689' title='bbox 1124 4682 1275 4752; x_wconf 82' lang='lat' dir='ltr'><strong>jussit</strong></span> <span class='ocrx_word' id='word_1_690' title='bbox 1304 4688 1441 4752; x_wconf 78' lang='lat' dir='ltr'><strong>foros</strong></span> <span class='ocrx_word' id='word_1_691' title='bbox 1471 4682 1536 4732; x_wconf 85' lang='lat' dir='ltr'><strong>atl</strong></span> <span class='ocrx_word' id='word_1_692' title='bbox 1573 4686 1712 4734; x_wconf 85' lang='lat' dir='ltr'><strong>breve</strong></span> <span class='ocrx_word' id='word_1_693' title='bbox 1749 4682 1972 4734; x_wconf 74' lang='lat' dir='ltr'><strong>homines</strong></span> <span class='ocrx_word' id='word_1_694' title='bbox 2000 4683 2130 4749; x_wconf 77' lang='lat' dir='ltr'><strong>ﬁeri.</strong></span> 
     </span>
    </p>
   </div>
   <div class='ocr_carea' id='block_1_93' title="bbox 691 4774 2204 4844">
    <p class='ocr_par' dir='ltr' id='par_1_93' title="bbox 691 4774 2204 4844">
     <span class='ocr_line' id='line_1_94' title="bbox 691 4774 2204 4844; baseline 0.001 -16"><span class='ocrx_word' id='word_1_695' title='bbox 691 4778 742 4829; x_wconf 82' lang='grc'><strong>1.</strong></span> <span class='ocrx_word' id='word_1_696' title='bbox 771 4777 863 4829; x_wconf 90' lang='lat' dir='ltr'><strong>llic</strong></span> <span class='ocrx_word' id='word_1_697' title='bbox 893 4777 1149 4831; x_wconf 88' lang='lat' dir='ltr'><strong>Gamaliel</strong></span> <span class='ocrx_word' id='word_1_698' title='bbox 1173 4775 1317 4830; x_wconf 89' lang='lat' dir='ltr'><strong>Pauli</strong></span> <span class='ocrx_word' id='word_1_699' title='bbox 1346 4775 1532 4828; x_wconf 91' lang='lat' dir='ltr'><strong>doctor</strong></span> <span class='ocrx_word' id='word_1_700' title='bbox 1557 4783 1673 4828; x_wconf 87' lang='lat' dir='ltr'><strong>erat</strong></span> <span class='ocrx_word' id='word_1_701' title='bbox 1699 4793 1713 4829; x_wconf 91' lang='lat'><strong>:</strong></span> <span class='ocrx_word' id='word_1_702' title='bbox 1743 4774 2204 4844; x_wconf 79' lang='lat' dir='ltr'><strong>adtiiiratiorictpie</strong></span> 
     </span>
    </p>
   </div>
   <div class='ocr_carea' id='block_1_94' title="bbox 614 4865 2203 4937">
    <p class='ocr_par' dir='ltr' id='par_1_94' title="bbox 614 4865 2203 4937">
     <span class='ocr_line' id='line_1_95' title="bbox 614 4865 2203 4937; baseline -0.008 -17"><span class='ocrx_word' id='word_1_703' title='bbox 614 4869 830 4936; x_wconf 83' lang='lat' dir='ltr'><strong>dignum</strong></span> <span class='ocrx_word' id='word_1_704' title='bbox 861 4880 962 4932; x_wconf 89' lang='lat' dir='ltr'><strong>est,</strong></span> <span class='ocrx_word' id='word_1_705' title='bbox 993 4867 1281 4935; x_wconf 85' lang='lat' dir='ltr'><strong>quomodo,</strong></span> <span class='ocrx_word' id='word_1_706' title='bbox 1312 4866 1509 4935; x_wconf 86' lang='lat' dir='ltr'><strong>judicio</strong></span> <span class='ocrx_word' id='word_1_707' title='bbox 1553 4866 1734 4920; x_wconf 82' lang='lat' dir='ltr'><strong>valens</strong></span> <span class='ocrx_word' id='word_1_708' title='bbox 1761 4868 1889 4919; x_wconf 91' lang='lat' dir='ltr'><strong>etin</strong></span> <span class='ocrx_word' id='word_1_709' title='bbox 1922 4865 2037 4937; x_wconf 86' lang='lat' dir='ltr'><strong>lege</strong></span> <span class='ocrx_word' id='word_1_710' title='bbox 2064 4868 2203 4935; x_wconf 70' lang='lat' dir='ltr'><strong>peri-</strong></span> 
     </span>
    </p>
   </div>
   <div class='ocr_carea' id='block_1_95' title="bbox 614 4957 2200 5026">
    <p class='ocr_par' dir='ltr' id='par_1_95' title="bbox 614 4957 2200 5026">
     <span class='ocr_line' id='line_1_96' title="bbox 614 4957 2200 5026; baseline 0.001 -16"><span class='ocrx_word' id='word_1_711' title='bbox 614 4971 719 5023; x_wconf 85' lang='lat' dir='ltr'><strong>tus,</strong></span> <span class='ocrx_word' id='word_1_712' title='bbox 763 4958 999 5013; x_wconf 88' lang='lat' dir='ltr'><strong>nondum</strong></span> <span class='ocrx_word' id='word_1_713' title='bbox 1031 4957 1308 5011; x_wconf 89' lang='lat' dir='ltr'><strong>crederet:</strong></span> <span class='ocrx_word' id='word_1_714' title='bbox 1341 4973 1512 5026; x_wconf 88' lang='lat' dir='ltr'><strong>neque</strong></span> <span class='ocrx_word' id='word_1_715' title='bbox 1560 4957 1972 5025; x_wconf 88' lang='lat' dir='ltr'><strong>potuitomniuo</strong></span> <span class='ocrx_word' id='word_1_716' title='bbox 2023 4957 2200 5011; x_wconf 86' lang='lat' dir='ltr'><strong>incre-</strong></span> 
     </span>
    </p>
   </div>
   <div class='ocr_carea' id='block_1_96' title="bbox 616 5049 2202 5118">
    <p class='ocr_par' dir='ltr' id='par_1_96' title="bbox 616 5049 2202 5118">
     <span class='ocr_line' id='line_1_97' title="bbox 616 5049 2202 5118; baseline 0 -16"><span class='ocrx_word' id='word_1_717' title='bbox 616 5051 771 5102; x_wconf 90' lang='lat' dir='ltr'><strong>dulus</strong></span> <span class='ocrx_word' id='word_1_718' title='bbox 803 5063 1038 5112; x_wconf 89' lang='lat' dir='ltr'><strong>manere,</strong></span> <span class='ocrx_word' id='word_1_719' title='bbox 1095 5057 1153 5100; x_wconf 93' lang='lat' dir='ltr'><strong>ut</strong></span> <span class='ocrx_word' id='word_1_720' title='bbox 1202 5049 1372 5118; x_wconf 88' lang='lat' dir='ltr'><strong>palam</strong></span> <span class='ocrx_word' id='word_1_721' title='bbox 1427 5058 1509 5100; x_wconf 81' lang='lat' dir='ltr'><strong>est</strong></span> <span class='ocrx_word' id='word_1_722' title='bbox 1559 5065 1623 5102; x_wconf 87' lang='lat' dir='ltr'><strong>ex</strong></span> <span class='ocrx_word' id='word_1_723' title='bbox 1669 5049 1782 5116; x_wconf 87' lang='lat' dir='ltr'><strong>ejus</strong></span> <span class='ocrx_word' id='word_1_724' title='bbox 1833 5050 2030 5112; x_wconf 78' lang='lat' dir='ltr'><strong>verbis,</strong></span> <span class='ocrx_word' id='word_1_725' title='bbox 2084 5065 2202 5118; x_wconf 72' lang='lat' dir='ltr'><strong>qua:</strong></span> 
     </span>
    </p>
   </div>
   <div class='ocr_carea' id='block_1_97' title="bbox 616 5139 2203 5209">
    <p class='ocr_par' dir='ltr' id='par_1_97' title="bbox 616 5139 2203 5209">
     <span class='ocr_line' id='line_1_98' title="bbox 616 5139 2203 5209; baseline 0.001 -17"><span class='ocrx_word' id='word_1_726' title='bbox 616 5141 944 5194; x_wconf 83' lang='lat' dir='ltr'><strong>consulendo</strong></span> <span class='ocrx_word' id='word_1_727' title='bbox 973 5140 1146 5194; x_wconf 74' lang='lat' dir='ltr'><strong>affert.</strong></span> <span class='ocrx_word' id='word_1_728' title='bbox 1180 5140 1343 5193; x_wconf 86' lang='lat' dir='ltr'><strong>Jussit</strong></span> <span class='ocrx_word' id='word_1_729' title='bbox 1373 5140 1536 5204; x_wconf 90' lang='lat' dir='ltr'><strong>enim,</strong></span> <span class='ocrx_word' id='word_1_730' title='bbox 1582 5139 1768 5208; x_wconf 89' lang='lat' dir='ltr'><strong>inquit,</strong></span> <span class='ocrx_word' id='word_1_731' title='bbox 1794 5143 1931 5209; x_wconf 75' lang='lat' dir='ltr'><strong>foras</strong></span> <span class='ocrx_word' id='word_1_732' title='bbox 1966 5140 2034 5191; x_wconf 85' lang='lat' dir='ltr'><strong>ad</strong></span> <span class='ocrx_word' id='word_1_733' title='bbox 2062 5140 2203 5193; x_wconf 85' lang='lat' dir='ltr'><strong>breve</strong></span> 
     </span>
    </p>
   </div>
   <div class='ocr_carea' id='block_1_98' title="bbox 619 5229 2203 5299">
    <p class='ocr_par' dir='ltr' id='par_1_98' title="bbox 619 5229 2203 5299">
     <span class='ocr_line' id='line_1_99' title="bbox 619 5229 2203 5299; baseline -0.001 -16"><span class='ocrx_word' id='word_1_734' title='bbox 619 5231 841 5284; x_wconf 67' lang='lat' dir='ltr'><strong>homines</strong></span> <span class='ocrx_word' id='word_1_735' title='bbox 859 5231 990 5299; x_wconf 82' lang='lat' dir='ltr'><strong>ﬁeri.</strong></span> <span class='ocrx_word' id='word_1_736' title='bbox 1018 5229 1150 5284; x_wconf 82' lang='lat' dir='ltr'><strong>Vide</strong></span> <span class='ocrx_word' id='word_1_737' title='bbox 1180 5231 1515 5298; x_wconf 89' lang='lat' dir='ltr'><strong>prudentiam</strong></span> <span class='ocrx_word' id='word_1_738' title='bbox 1547 5231 1937 5294; x_wconf 88' lang='lat' dir='ltr'><strong>concionantis,</strong></span> <span class='ocrx_word' id='word_1_739' title='bbox 1991 5239 2046 5283; x_wconf 90' lang='lat' dir='ltr'><strong>ct</strong></span> <span class='ocrx_word' id='word_1_740' title='bbox 2072 5246 2203 5299; x_wconf 67' lang='lat' dir='ltr'><strong>quo»</strong></span> 
     </span>
    </p>
   </div>
   <div class='ocr_carea' id='block_1_99' title="bbox 619 5323 2200 5390">
    <p class='ocr_par' dir='ltr' id='par_1_99' title="bbox 619 5323 2200 5390">
     <span class='ocr_line' id='line_1_100' title="bbox 619 5323 2200 5390; baseline 0.001 -14"><span class='ocrx_word' id='word_1_741' title='bbox 619 5323 781 5376; x_wconf 88' lang='lat' dir='ltr'><strong>modo</strong></span> <span class='ocrx_word' id='word_1_742' title='bbox 810 5323 986 5376; x_wconf 87' lang='lat' dir='ltr'><strong>statim</strong></span> <span class='ocrx_word' id='word_1_743' title='bbox 1040 5323 1159 5376; x_wconf 86' lang='lat' dir='ltr'><strong>illos</strong></span> <span class='ocrx_word' id='word_1_744' title='bbox 1217 5323 1272 5376; x_wconf 90' lang='lat' dir='ltr'><strong>in</strong></span> <span class='ocrx_word' id='word_1_745' title='bbox 1327 5332 1526 5377; x_wconf 88' lang='lat' dir='ltr'><strong>metum</strong></span> <span class='ocrx_word' id='word_1_746' title='bbox 1578 5323 1844 5390; x_wconf 86' lang='lat' dir='ltr'><strong>conjiciat.</strong></span> <span class='ocrx_word' id='word_1_747' title='bbox 1876 5323 1952 5376; x_wconf 83' lang='lat' dir='ltr'><strong>Ne</strong></span> <span class='ocrx_word' id='word_1_748' title='bbox 1987 5339 2116 5376; x_wconf 81' lang='lat' dir='ltr'><strong>vero</strong></span> <span class='ocrx_word' id='word_1_749' title='bbox 2146 5323 2200 5377; x_wconf 89' lang='lat' dir='ltr'><strong>in</strong></span> 
     </span>
    </p>
   </div>
   <div class='ocr_carea' id='block_1_100' title="bbox 614 5415 2197 5484">
    <p class='ocr_par' dir='ltr' id='par_1_100' title="bbox 614 5415 2197 5484">
     <span class='ocr_line' id='line_1_101' title="bbox 614 5415 2197 5484; baseline -0.001 -14"><span class='ocrx_word' id='word_1_750' title='bbox 614 5415 973 5484; x_wconf 76' lang='lat' dir='ltr'><strong>suspicionem</strong></span> <span class='ocrx_word' id='word_1_751' title='bbox 1017 5425 1246 5480; x_wconf 90' lang='lat' dir='ltr'><strong>vemret,</strong></span> <span class='ocrx_word' id='word_1_752' title='bbox 1279 5415 1420 5484; x_wconf 88' lang='lat' dir='ltr'><strong>quod</strong></span> <span class='ocrx_word' id='word_1_753' title='bbox 1451 5415 1637 5468; x_wconf 86' lang='lat' dir='ltr'><strong>eadem</strong></span> <span class='ocrx_word' id='word_1_754' title='bbox 1684 5431 1802 5483; x_wconf 77' lang='lat' dir='ltr'><strong>qua:</strong></span> <span class='ocrx_word' id='word_1_755' title='bbox 1841 5416 1914 5468; x_wconf 90' lang='lat' dir='ltr'><strong>illi</strong></span> <span class='ocrx_word' id='word_1_756' title='bbox 1950 5417 2197 5482; x_wconf 89' lang='lat' dir='ltr'><strong>sentiret,</strong></span> 
     </span>
    </p>
   </div>
   <div class='ocr_carea' id='block_1_101' title="bbox 614 5505 2202 5576">
    <p class='ocr_par' dir='ltr' id='par_1_101' title="bbox 614 5505 2202 5576">
     <span class='ocr_line' id='line_1_102' title="bbox 614 5505 2202 5576; baseline 0 -16"><span class='ocrx_word' id='word_1_757' title='bbox 614 5522 707 5560; x_wconf 87' lang='lat' dir='ltr'><strong>eos</strong></span> <span class='ocrx_word' id='word_1_758' title='bbox 737 5505 828 5576; x_wconf 84' lang='lat' dir='ltr'><strong>qui</strong></span> <span class='ocrx_word' id='word_1_759' title='bbox 860 5507 912 5558; x_wconf 89' lang='lat' dir='ltr'><strong>in</strong></span> <span class='ocrx_word' id='word_1_760' title='bbox 937 5505 1164 5560; x_wconf 88' lang='lat' dir='ltr'><strong>concilio</strong></span> <span class='ocrx_word' id='word_1_761' title='bbox 1191 5505 1469 5570; x_wconf 86' lang='lat' dir='ltr'><strong>sedebant,</strong></span> <span class='ocrx_word' id='word_1_762' title='bbox 1501 5522 1561 5558; x_wconf 88' lang='lat' dir='ltr'><strong>ac</strong></span> <span class='ocrx_word' id='word_1_763' title='bbox 1600 5507 1643 5558; x_wconf 88' lang='lat' dir='ltr'><strong>si</strong></span> <span class='ocrx_word' id='word_1_764' title='bbox 1677 5523 1786 5560; x_wconf 66' lang='lat' dir='ltr'><strong>sua:</strong></span> <span class='ocrx_word' id='word_1_765' title='bbox 1818 5506 2086 5574; x_wconf 89' lang='lat' dir='ltr'><strong>opinionis</strong></span> <span class='ocrx_word' id='word_1_766' title='bbox 2117 5524 2202 5560; x_wconf 86' lang='lat' dir='ltr'><strong>es-</strong></span> 
     </span>
    </p>
   </div>
   <div class='ocr_carea' id='block_1_102' title="bbox 613 5597 2200 5666">
    <p class='ocr_par' dir='ltr' id='par_1_102' title="bbox 613 5597 2200 5666">
     <span class='ocr_line' id='line_1_103' title="bbox 613 5597 2200 5666; baseline 0 -14"><span class='ocrx_word' id='word_1_767' title='bbox 613 5607 737 5652; x_wconf 85' lang='lat' dir='ltr'><strong>sent</strong></span> <span class='ocrx_word' id='word_1_768' title='bbox 783 5597 1106 5666; x_wconf 87' lang='lat' dir='ltr'><strong>alloquitur;</strong></span> <span class='ocrx_word' id='word_1_769' title='bbox 1151 5612 1247 5650; x_wconf 90' lang='lat' dir='ltr'><strong>nec</strong></span> <span class='ocrx_word' id='word_1_770' title='bbox 1287 5598 1454 5650; x_wconf 86' lang='lat' dir='ltr'><strong>multa</strong></span> <span class='ocrx_word' id='word_1_771' title='bbox 1501 5597 1664 5650; x_wconf 90' lang='lat' dir='ltr'><strong>utitur</strong></span> <span class='ocrx_word' id='word_1_772' title='bbox 1715 5597 2070 5660; x_wconf 83' lang='lat' dir='ltr'><strong>vehementia,</strong></span> <span class='ocrx_word' id='word_1_773' title='bbox 2105 5600 2200 5652; x_wconf 90' lang='lat' dir='ltr'><strong>sed</strong></span> 
     </span>
    </p>
   </div>
   <div class='ocr_carea' id='block_1_103' title="bbox 612 5687 2201 5756">
    <p class='ocr_par' dir='ltr' id='par_1_103' title="bbox 612 5687 2201 5756">
     <span class='ocr_line' id='line_1_104' title="bbox 612 5687 2201 5756; baseline 0.001 -16"><span class='ocrx_word' id='word_1_774' title='bbox 612 5691 762 5756; x_wconf 83' lang='lat' dir='ltr'><strong>quasi</strong></span> <span class='ocrx_word' id='word_1_775' title='bbox 784 5704 905 5742; x_wconf 91' lang='lat' dir='ltr'><strong>cum</strong></span> <span class='ocrx_word' id='word_1_776' title='bbox 931 5687 1056 5742; x_wconf 90' lang='lat' dir='ltr'><strong>viris</strong></span> <span class='ocrx_word' id='word_1_777' title='bbox 1083 5688 1264 5742; x_wconf 84' lang='lat' dir='ltr'><strong>lurore</strong></span> <span class='ocrx_word' id='word_1_778' title='bbox 1293 5688 1474 5752; x_wconf 88' lang='lat' dir='ltr'><strong>ebriis,</strong></span> <span class='ocrx_word' id='word_1_779' title='bbox 1497 5689 1566 5741; x_wconf 87' lang='lat' dir='ltr'><strong>ita</strong></span> <span class='ocrx_word' id='word_1_780' title='bbox 1594 5688 1719 5742; x_wconf 88' lang='lat' dir='ltr'><strong>dicit</strong></span> <span class='ocrx_word' id='word_1_781' title='bbox 1748 5708 1759 5741; x_wconf 92' lang='lat'>:</span> <span class='ocrx_word' id='word_1_782' title='bbox 1785 5689 1872 5743; x_wconf 80' lang='lat'><strong>55.</strong></span> <span class='ocrx_word' id='word_1_783' title='bbox 1909 5688 2012 5741; x_wconf 81' lang='lat' dir='ltr'><strong>Viri</strong></span> <span class='ocrx_word' id='word_1_784' title='bbox 2027 5687 2201 5742; x_wconf 86' lang='lat' dir='ltr'><strong>Israe-</strong></span> 
     </span>
    </p>
   </div>
   <div class='ocr_carea' id='block_1_104' title="bbox 614 5779 2202 5850">
    <p class='ocr_par' dir='ltr' id='par_1_104' title="bbox 614 5779 2202 5850">
     <span class='ocr_line' id='line_1_105' title="bbox 614 5779 2202 5850; baseline 0.001 -18"><span class='ocrx_word' id='word_1_785' title='bbox 614 5782 736 5844; x_wconf 73' lang='lat' dir='ltr'><strong>(itte,</strong></span> <span class='ocrx_word' id='word_1_786' title='bbox 779 5781 1019 5835; x_wconf 85' lang='lat' dir='ltr'><strong>attendite</strong></span> <span class='ocrx_word' id='word_1_787' title='bbox 1050 5781 1188 5833; x_wconf 83' lang='lat' dir='ltr'><strong>vobis</strong></span> <span class='ocrx_word' id='word_1_788' title='bbox 1215 5796 1370 5849; x_wconf 83' lang='lat' dir='ltr'><strong>super</strong></span> <span class='ocrx_word' id='word_1_789' title='bbox 1415 5779 1699 5832; x_wconf 83' lang='lat' dir='ltr'><strong>hominibus</strong></span> <span class='ocrx_word' id='word_1_790' title='bbox 1743 5781 1851 5833; x_wconf 88' lang='lat' dir='ltr'><strong>istis</strong></span> <span class='ocrx_word' id='word_1_791' title='bbox 1878 5782 1999 5850; x_wconf 85' lang='lat' dir='ltr'><strong>quid</strong></span> <span class='ocrx_word' id='word_1_792' title='bbox 2038 5783 2202 5834; x_wconf 84' lang='lat' dir='ltr'><strong>acturi</strong></span> 
     </span>
    </p>
   </div>
   <div class='ocr_carea' id='block_1_105' title="bbox 613 5873 2197 5943">
    <p class='ocr_par' dir='ltr' id='par_1_105' title="bbox 613 5873 2197 5943">
     <span class='ocr_line' id='line_1_106' title="bbox 613 5873 2197 5943; baseline 0.004 -20"><span class='ocrx_word' id='word_1_793' title='bbox 613 5873 739 5926; x_wconf 74' lang='lat' dir='ltr'><strong>sitis.</strong></span> <span class='ocrx_word' id='word_1_794' title='bbox 779 5873 852 5928; x_wconf 74' lang='lat' dir='ltr'><strong>Ne</strong></span> <span class='ocrx_word' id='word_1_795' title='bbox 895 5883 1116 5938; x_wconf 90' lang='lat' dir='ltr'><strong>temere,</strong></span> <span class='ocrx_word' id='word_1_796' title='bbox 1160 5873 1348 5942; x_wconf 89' lang='lat' dir='ltr'><strong>inquit,</strong></span> <span class='ocrx_word' id='word_1_797' title='bbox 1378 5890 1550 5943; x_wconf 83' lang='lat' dir='ltr'><strong>neque</strong></span> <span class='ocrx_word' id='word_1_798' title='bbox 1583 5873 1773 5928; x_wconf 82' lang='lat' dir='ltr'><strong>leviter</strong></span> <span class='ocrx_word' id='word_1_799' title='bbox 1802 5874 2067 5930; x_wconf 82' lang='lat' dir='ltr'><strong>leramini.</strong></span> <span class='ocrx_word' id='word_1_800' title='bbox 2108 5877 2197 5930; x_wconf 79' lang='grc'><strong>56.</strong></span> 
     </span>
    </p>
   </div>
   <div class='ocr_carea' id='block_1_106' title="bbox 2319 4499 3923 4570">
    <p class='ocr_par' dir='ltr' id='par_1_106' title="bbox 2319 4499 3923 4570">
     <span class='ocr_line' id='line_1_107' title="bbox 2319 4499 3923 4570; baseline 0.008 -20"><span class='ocrx_word' id='word_1_801' title='bbox 2319 4519 2337 4550; x_wconf 77' lang='grc' dir='ltr'>ι</span> <span class='ocrx_word' id='word_1_802' title='bbox 2365 4500 2502 4553; x_wconf 74' lang='lat' dir='ltr'><strong>Ante</strong></span> <span class='ocrx_word' id='word_1_803' title='bbox 2525 4499 2665 4553; x_wconf 88' lang='lat' dir='ltr'><strong>enim</strong></span> <span class='ocrx_word' id='word_1_804' title='bbox 2698 4499 2794 4554; x_wconf 90' lang='lat' dir='ltr'><strong>hos</strong></span> <span class='ocrx_word' id='word_1_805' title='bbox 2811 4500 2925 4555; x_wconf 84' lang='lat' dir='ltr'><strong>dies</strong></span> <span class='ocrx_word' id='word_1_806' title='bbox 2949 4501 3183 4556; x_wconf 79' lang='lat' dir='ltr'><strong>surrexit</strong></span> <span class='ocrx_word' id='word_1_807' title='bbox 3208 4502 3479 4570; x_wconf 87' lang='lat' dir='ltr'><strong>Theudas,</strong></span> <span class='ocrx_word' id='word_1_808' title='bbox 3499 4504 3685 4560; x_wconf 91' lang='lat' dir='ltr'><strong>dicens</strong></span> <span class='ocrx_word' id='word_1_809' title='bbox 3714 4520 3773 4560; x_wconf 86' lang='lat' dir='ltr'><strong>se</strong></span> <span class='ocrx_word' id='word_1_810' title='bbox 3791 4521 3923 4565; x_wconf 88' lang='lat' dir='ltr'><strong>esse</strong></span> 
     </span>
    </p>
   </div>
   <div class='ocr_carea' id='block_1_107' title="bbox 2313 4592 3924 4668">
    <p class='ocr_par' dir='ltr' id='par_1_107' title="bbox 2313 4592 3924 4668">
     <span class='ocr_line' id='line_1_108' title="bbox 2313 4592 3924 4668; baseline 0.006 -24"><span class='ocrx_word' id='word_1_811' title='bbox 2313 4592 2543 4661; x_wconf 89' lang='lat' dir='ltr'><strong>aliquem</strong></span> <span class='ocrx_word' id='word_1_812' title='bbox 2577 4609 2590 4644; x_wconf 90' lang='lat'><strong>:</strong></span> <span class='ocrx_word' id='word_1_813' title='bbox 2615 4593 2696 4646; x_wconf 92' lang='lat' dir='ltr'><strong>cui</strong></span> <span class='ocrx_word' id='word_1_814' title='bbox 2715 4595 2982 4648; x_wconf 89' lang='lat' dir='ltr'><strong>consentit</strong></span> <span class='ocrx_word' id='word_1_815' title='bbox 3005 4611 3262 4649; x_wconf 91' lang='lat' dir='ltr'><strong>numerus</strong></span> <span class='ocrx_word' id='word_1_816' title='bbox 3283 4597 3518 4651; x_wconf 90' lang='lat' dir='ltr'><strong>virorum</strong></span> <span class='ocrx_word' id='word_1_817' title='bbox 3543 4597 3758 4652; x_wconf 90' lang='lat' dir='ltr'><strong>circiter</strong></span> <span class='ocrx_word' id='word_1_818' title='bbox 3782 4614 3924 4668; x_wconf 85' lang='lat' dir='ltr'><strong>qua-</strong></span> 
     </span>
    </p>
   </div>
   <div class='ocr_carea' id='block_1_108' title="bbox 2312 4685 3922 4761">
    <p class='ocr_par' dir='ltr' id='par_1_108' title="bbox 2312 4685 3922 4761">
     <span class='ocr_line' id='line_1_109' title="bbox 2312 4685 3922 4761; baseline 0.007 -24"><span class='ocrx_word' id='word_1_819' title='bbox 2312 4685 2716 4755; x_wconf 87' lang='lat' dir='ltr'><strong>dringentorum</strong></span> <span class='ocrx_word' id='word_1_820' title='bbox 2755 4706 2768 4740; x_wconf 90' lang='lat'><strong>:</strong></span> <span class='ocrx_word' id='word_1_821' title='bbox 2799 4688 2888 4757; x_wconf 90' lang='lat' dir='ltr'><strong>qui</strong></span> <span class='ocrx_word' id='word_1_822' title='bbox 2915 4688 3126 4742; x_wconf 89' lang='lat' dir='ltr'><strong>occisus</strong></span> <span class='ocrx_word' id='word_1_823' title='bbox 3167 4699 3283 4754; x_wconf 89' lang='lat' dir='ltr'><strong>est;</strong></span> <span class='ocrx_word' id='word_1_824' title='bbox 3316 4699 3370 4743; x_wconf 92' lang='lat' dir='ltr'><strong>et</strong></span> <span class='ocrx_word' id='word_1_825' title='bbox 3402 4706 3590 4745; x_wconf 84' lang='lat' dir='ltr'><strong>omnes</strong></span> <span class='ocrx_word' id='word_1_826' title='bbox 3615 4691 3704 4761; x_wconf 87' lang='lat' dir='ltr'><strong>qui</strong></span> <span class='ocrx_word' id='word_1_827' title='bbox 3727 4693 3922 4749; x_wconf 78' lang='lat' dir='ltr'><strong>crede-</strong></span> 
     </span>
    </p>
   </div>
   <div class='ocr_carea' id='block_1_109' title="bbox 2312 4778 3920 4848">
    <p class='ocr_par' dir='ltr' id='par_1_109' title="bbox 2312 4778 3920 4848">
     <span class='ocr_line' id='line_1_110' title="bbox 2312 4778 3920 4848; baseline 0.007 -16"><span class='ocrx_word' id='word_1_828' title='bbox 2312 4779 2440 4832; x_wconf 87' lang='lat' dir='ltr'><strong>bant</strong></span> <span class='ocrx_word' id='word_1_829' title='bbox 2468 4779 2538 4842; x_wconf 87' lang='lat' dir='ltr'><strong>ei,</strong></span> <span class='ocrx_word' id='word_1_830' title='bbox 2571 4778 2811 4848; x_wconf 88' lang='lat' dir='ltr'><strong>dissipati</strong></span> <span class='ocrx_word' id='word_1_831' title='bbox 2839 4790 2961 4834; x_wconf 90' lang='lat' dir='ltr'><strong>sunt</strong></span> <span class='ocrx_word' id='word_1_832' title='bbox 2983 4791 3038 4836; x_wconf 88' lang='lat' dir='ltr'><strong>et</strong></span> <span class='ocrx_word' id='word_1_833' title='bbox 3062 4781 3262 4836; x_wconf 87' lang='lat' dir='ltr'><strong>redacti</strong></span> <span class='ocrx_word' id='word_1_834' title='bbox 3284 4782 3348 4836; x_wconf 87' lang='lat' dir='ltr'><strong>ad</strong></span> <span class='ocrx_word' id='word_1_835' title='bbox 3375 4783 3620 4837; x_wconf 89' lang='lat' dir='ltr'><strong>nihilum.</strong></span> <span class='ocrx_word' id='word_1_836' title='bbox 3656 4803 3676 4837; x_wconf 72' lang='grc' dir='ltr'><strong><em>ι</em></strong></span> <span class='ocrx_word' id='word_1_837' title='bbox 3709 4785 3920 4844; x_wconf 83' lang='lat' dir='ltr'><strong>Exem-</strong></span> 
     </span>
    </p>
   </div>
   <div class='ocr_carea' id='block_1_110' title="bbox 2313 4869 3921 4947">
    <p class='ocr_par' dir='ltr' id='par_1_110' title="bbox 2313 4869 3921 4947">
     <span class='ocr_line' id='line_1_111' title="bbox 2313 4869 3921 4947; baseline 0.009 -26"><span class='ocrx_word' id='word_1_838' title='bbox 2313 4870 2412 4938; x_wconf 89' lang='lat' dir='ltr'><strong>plis</strong></span> <span class='ocrx_word' id='word_1_839' title='bbox 2438 4869 2557 4923; x_wconf 92' lang='lat' dir='ltr'><strong>illos</strong></span> <span class='ocrx_word' id='word_1_840' title='bbox 2583 4870 2648 4924; x_wconf 88' lang='lat' dir='ltr'><strong>ad</strong></span> <span class='ocrx_word' id='word_1_841' title='bbox 2672 4886 2853 4925; x_wconf 88' lang='lat' dir='ltr'><strong>sanam</strong></span> <span class='ocrx_word' id='word_1_842' title='bbox 2882 4881 3116 4927; x_wconf 76' lang='lat' dir='ltr'><strong>mentem</strong></span> <span class='ocrx_word' id='word_1_843' title='bbox 3141 4873 3578 4938; x_wconf 84' lang='lat' dir='ltr'><strong>ducit;etillum,</strong></span> <span class='ocrx_word' id='word_1_844' title='bbox 3611 4876 3699 4943; x_wconf 85' lang='lat' dir='ltr'><strong>qui</strong></span> <span class='ocrx_word' id='word_1_845' title='bbox 3730 4874 3921 4947; x_wconf 75' lang='lat' dir='ltr'><strong>plures</strong></span> 
     </span>
    </p>
   </div>
   <div class='ocr_carea' id='block_1_111' title="bbox 2312 4959 3916 5026">
    <p class='ocr_par' dir='ltr' id='par_1_111' title="bbox 2312 4959 3916 5026">
     <span class='ocr_line' id='line_1_112' title="bbox 2312 4959 3916 5026; baseline 0.01 -15"><span class='ocrx_word' id='word_1_846' title='bbox 2312 4959 2618 5025; x_wconf 85' lang='lat' dir='ltr'><strong>scduxcrat,</strong></span> <span class='ocrx_word' id='word_1_847' title='bbox 2653 4962 2870 5016; x_wconf 91' lang='lat' dir='ltr'><strong>demum</strong></span> <span class='ocrx_word' id='word_1_848' title='bbox 2901 4963 3057 5017; x_wconf 64' lang='lat' dir='ltr'><strong>alie-rt</strong></span> <span class='ocrx_word' id='word_1_849' title='bbox 3104 4963 3169 5016; x_wconf 91' lang='lat' dir='ltr'><strong>ad</strong></span> <span class='ocrx_word' id='word_1_850' title='bbox 3214 4964 3428 5018; x_wconf 89' lang='lat' dir='ltr'><strong>illorum</strong></span> <span class='ocrx_word' id='word_1_851' title='bbox 3457 4967 3916 5026; x_wconf 80' lang='lat' dir='ltr'><strong>consolationem.</strong></span> 
     </span>
    </p>
   </div>
   <div class='ocr_carea' id='block_1_112' title="bbox 2311 5053 3920 5124">
    <p class='ocr_par' dir='ltr' id='par_1_112' title="bbox 2311 5053 3920 5124">
     <span class='ocr_line' id='line_1_113' title="bbox 2311 5053 3920 5124; baseline 0.009 -21"><span class='ocrx_word' id='word_1_852' title='bbox 2311 5053 2609 5120; x_wconf 83' lang='lat' dir='ltr'><strong>Antequam</strong></span> <span class='ocrx_word' id='word_1_853' title='bbox 2664 5068 2788 5107; x_wconf 84' lang='lat' dir='ltr'><strong>vero</strong></span> <span class='ocrx_word' id='word_1_854' title='bbox 2844 5055 3090 5124; x_wconf 78' lang='lat' dir='ltr'><strong>exempla</strong></span> <span class='ocrx_word' id='word_1_855' title='bbox 3142 5054 3399 5124; x_wconf 79' lang='lat' dir='ltr'><strong>proferat,</strong></span> <span class='ocrx_word' id='word_1_856' title='bbox 3453 5056 3620 5111; x_wconf 77' lang='lat' dir='ltr'><strong>dit-it:</strong></span> <span class='ocrx_word' id='word_1_857' title='bbox 3656 5061 3920 5117; x_wconf 79' lang='lat' dir='ltr'><strong>Attendite</strong></span> 
     </span>
    </p>
   </div>
   <div class='ocr_carea' id='block_1_113' title="bbox 2311 5143 3913 5217">
    <p class='ocr_par' dir='ltr' id='par_1_113' title="bbox 2311 5143 3913 5217">
     <span class='ocr_line' id='line_1_114' title="bbox 2311 5143 3913 5217; baseline 0.008 -23"><span class='ocrx_word' id='word_1_858' title='bbox 2311 5143 2446 5196; x_wconf 85' lang='lat' dir='ltr'><strong>vobis</strong></span> <span class='ocrx_word' id='word_1_859' title='bbox 2476 5162 2494 5196; x_wconf 87' lang='lat'><strong><em>:</em></strong></span> <span class='ocrx_word' id='word_1_860' title='bbox 2531 5145 2594 5197; x_wconf 92' lang='lat' dir='ltr'><strong>iis</strong></span> <span class='ocrx_word' id='word_1_861' title='bbox 2638 5160 2766 5197; x_wconf 89' lang='lat' dir='ltr'><strong>vero</strong></span> <span class='ocrx_word' id='word_1_862' title='bbox 2819 5145 3017 5209; x_wconf 86' lang='lat' dir='ltr'><strong>allatis,</strong></span> <span class='ocrx_word' id='word_1_863' title='bbox 3072 5147 3393 5200; x_wconf 87' lang='lat' dir='ltr'><strong>sententiam</strong></span> <span class='ocrx_word' id='word_1_864' title='bbox 3435 5147 3640 5217; x_wconf 79' lang='lat' dir='ltr'><strong>profert</strong></span> <span class='ocrx_word' id='word_1_865' title='bbox 3659 5151 3848 5209; x_wconf 85' lang='lat' dir='ltr'><strong>dicens</strong></span> <span class='ocrx_word' id='word_1_866' title='bbox 3901 5173 3913 5207; x_wconf 89' lang='lat'>:</span> 
     </span>
    </p>
   </div>
   <div class='ocr_carea' id='block_1_114' title="bbox 2317 5235 3916 5307">
    <p class='ocr_par' dir='ltr' id='par_1_114' title="bbox 2317 5235 3916 5307">
     <span class='ocr_line' id='line_1_115' title="bbox 2317 5235 3916 5307; baseline 0.009 -23"><span class='ocrx_word' id='word_1_867' title='bbox 2317 5252 2334 5284; x_wconf 74' lang='grc' dir='ltr'>ί</span> <span class='ocrx_word' id='word_1_868' title='bbox 2367 5235 2430 5287; x_wconf 85' lang='lat' dir='ltr'><strong>Et</strong></span> <span class='ocrx_word' id='word_1_869' title='bbox 2461 5251 2602 5288; x_wconf 84' lang='lat' dir='ltr'><strong>nunc</strong></span> <span class='ocrx_word' id='word_1_870' title='bbox 2639 5235 2820 5307; x_wconf 89' lang='lat' dir='ltr'><strong>itaque</strong></span> <span class='ocrx_word' id='word_1_871' title='bbox 2847 5235 2966 5289; x_wconf 91' lang='lat' dir='ltr'><strong>dico</strong></span> <span class='ocrx_word' id='word_1_872' title='bbox 3009 5238 3180 5301; x_wconf 84' lang='lat' dir='ltr'><strong>vobis,</strong></span> <span class='ocrx_word' id='word_1_873' title='bbox 3211 5238 3475 5293; x_wconf 85' lang='lat' dir='ltr'><strong>Discedite</strong></span> <span class='ocrx_word' id='word_1_874' title='bbox 3505 5241 3572 5293; x_wconf 89' lang='lat' dir='ltr'><strong>ab</strong></span> <span class='ocrx_word' id='word_1_875' title='bbox 3604 5240 3916 5299; x_wconf 87' lang='lat' dir='ltr'><strong>hominilms</strong></span> 
     </span>
    </p>
   </div>
   <div class='ocr_carea' id='block_1_115' title="bbox 2310 5325 3914 5390">
    <p class='ocr_par' dir='ltr' id='par_1_115' title="bbox 2310 5325 3914 5390">
     <span class='ocr_line' id='line_1_116' title="bbox 2310 5325 3914 5390; baseline 0.009 -14"><span class='ocrx_word' id='word_1_876' title='bbox 2310 5326 2445 5377; x_wconf 87' lang='lat' dir='ltr'><strong>istis.</strong></span> <span class='ocrx_word' id='word_1_877' title='bbox 2471 5327 2558 5379; x_wconf 75' lang='grc'><strong>57.</strong></span> <span class='ocrx_word' id='word_1_878' title='bbox 2592 5325 2723 5380; x_wconf 88' lang='lat' dir='ltr'><strong>Post</strong></span> <span class='ocrx_word' id='word_1_879' title='bbox 2750 5325 2891 5380; x_wconf 90' lang='lat' dir='ltr'><strong>hunc</strong></span> <span class='ocrx_word' id='word_1_880' title='bbox 2916 5330 3148 5382; x_wconf 80' lang='lat' dir='ltr'><strong>surrexit</strong></span> <span class='ocrx_word' id='word_1_881' title='bbox 3176 5329 3341 5384; x_wconf 75' lang='lat' dir='ltr'><strong>ludas</strong></span> <span class='ocrx_word' id='word_1_882' title='bbox 3367 5329 3618 5387; x_wconf 73' lang='lat' dir='ltr'><strong>Galilteus</strong></span> <span class='ocrx_word' id='word_1_883' title='bbox 3641 5335 3694 5388; x_wconf 90' lang='lat' dir='ltr'><strong>in</strong></span> <span class='ocrx_word' id='word_1_884' title='bbox 3721 5336 3914 5390; x_wconf 91' lang='lat' dir='ltr'><strong>diebus</strong></span> 
     </span>
    </p>
   </div>
   <div class='ocr_carea' id='block_1_116' title="bbox 2317 5415 3914 5495">
    <p class='ocr_par' dir='ltr' id='par_1_116' title="bbox 2317 5415 3914 5495">
     <span class='ocr_line' id='line_1_117' title="bbox 2317 5415 3914 5495; baseline 0.011 -28"><span class='ocrx_word' id='word_1_885' title='bbox 2317 5415 2686 5484; x_wconf 85' lang='lat' dir='ltr'><strong>professionis,</strong></span> <span class='ocrx_word' id='word_1_886' title='bbox 2715 5428 2769 5471; x_wconf 92' lang='lat' dir='ltr'><strong>et</strong></span> <span class='ocrx_word' id='word_1_887' title='bbox 2793 5421 2984 5474; x_wconf 84' lang='lat' dir='ltr'><strong>avertit</strong></span> <span class='ocrx_word' id='word_1_888' title='bbox 3034 5422 3286 5490; x_wconf 91' lang='lat' dir='ltr'><strong>populum</strong></span> <span class='ocrx_word' id='word_1_889' title='bbox 3334 5423 3556 5478; x_wconf 91' lang='lat' dir='ltr'><strong>multum</strong></span> <span class='ocrx_word' id='word_1_890' title='bbox 3591 5437 3712 5495; x_wconf 90' lang='lat' dir='ltr'><strong>post</strong></span> <span class='ocrx_word' id='word_1_891' title='bbox 3747 5444 3835 5493; x_wconf 89' lang='lat' dir='ltr'><strong>se;</strong></span> <span class='ocrx_word' id='word_1_892' title='bbox 3862 5443 3914 5484; x_wconf 87' lang='lat' dir='ltr'><strong>et</strong></span> 
     </span>
    </p>
   </div>
   <div class='ocr_carea' id='block_1_117' title="bbox 2310 5508 3903 5584">
    <p class='ocr_par' dir='ltr' id='par_1_117' title="bbox 2310 5508 3903 5584">
     <span class='ocr_line' id='line_1_118' title="bbox 2310 5508 3903 5584; baseline 0.009 -24"><span class='ocrx_word' id='word_1_893' title='bbox 2310 5508 2422 5576; x_wconf 88' lang='lat' dir='ltr'><strong>ipse</strong></span> <span class='ocrx_word' id='word_1_894' title='bbox 2443 5524 2651 5578; x_wconf 87' lang='lat' dir='ltr'><strong>quoque</strong></span> <span class='ocrx_word' id='word_1_895' title='bbox 2682 5511 2868 5577; x_wconf 89' lang='lat' dir='ltr'><strong>periit;</strong></span> <span class='ocrx_word' id='word_1_896' title='bbox 2898 5521 2950 5564; x_wconf 87' lang='lat' dir='ltr'><strong>et</strong></span> <span class='ocrx_word' id='word_1_897' title='bbox 2989 5529 3196 5578; x_wconf 90' lang='lat' dir='ltr'><strong>omnes,</strong></span> <span class='ocrx_word' id='word_1_898' title='bbox 3227 5522 3488 5584; x_wconf 81' lang='lat' dir='ltr'><strong>quotquot</strong></span> <span class='ocrx_word' id='word_1_899' title='bbox 3509 5533 3903 5576; x_wconf 84' lang='lat' dir='ltr'><strong>consenserunt</strong></span> 
     </span>
    </p>
   </div>
   <div class='ocr_carea' id='block_1_118' title="bbox 2309 5599 3910 5676">
    <p class='ocr_par' dir='ltr' id='par_1_118' title="bbox 2309 5599 3910 5676">
     <span class='ocr_line' id='line_1_119' title="bbox 2309 5599 3910 5676; baseline 0.01 -25"><span class='ocrx_word' id='word_1_900' title='bbox 2309 5599 2377 5658; x_wconf 80' lang='lat' dir='ltr'><strong>ei,</strong></span> <span class='ocrx_word' id='word_1_901' title='bbox 2399 5599 2624 5666; x_wconf 79' lang='lat' dir='ltr'><strong>diSpersi</strong></span> <span class='ocrx_word' id='word_1_902' title='bbox 2656 5611 2799 5654; x_wconf 90' lang='lat' dir='ltr'><strong>sunt.</strong></span> <span class='ocrx_word' id='word_1_903' title='bbox 2824 5601 2910 5656; x_wconf 80' lang='lat'><strong>58.</strong></span> <span class='ocrx_word' id='word_1_904' title='bbox 2941 5603 3005 5656; x_wconf 87' lang='lat' dir='ltr'><strong>Et</strong></span> <span class='ocrx_word' id='word_1_905' title='bbox 3053 5619 3192 5658; x_wconf 91' lang='lat' dir='ltr'><strong>nunc</strong></span> <span class='ocrx_word' id='word_1_906' title='bbox 3220 5605 3397 5676; x_wconf 87' lang='lat' dir='ltr'><strong>itaque</strong></span> <span class='ocrx_word' id='word_1_907' title='bbox 3428 5607 3547 5662; x_wconf 89' lang='lat' dir='ltr'><strong>dico</strong></span> <span class='ocrx_word' id='word_1_908' title='bbox 3573 5611 3754 5674; x_wconf 84' lang='lat' dir='ltr'><strong>vobis,</strong></span> <span class='ocrx_word' id='word_1_909' title='bbox 3791 5613 3910 5666; x_wconf 87' lang='lat' dir='ltr'><strong>Dis-</strong></span> 
     </span>
    </p>
   </div>
   <div class='ocr_carea' id='block_1_119' title="bbox 2307 5690 3907 5769">
    <p class='ocr_par' dir='ltr' id='par_1_119' title="bbox 2307 5690 3907 5769">
     <span class='ocr_line' id='line_1_120' title="bbox 2307 5690 3907 5769; baseline 0.008 -26"><span class='ocrx_word' id='word_1_910' title='bbox 2307 5690 2480 5746; x_wconf 89' lang='lat' dir='ltr'><strong>cedite</strong></span> <span class='ocrx_word' id='word_1_911' title='bbox 2505 5693 2572 5745; x_wconf 90' lang='lat' dir='ltr'><strong>ab</strong></span> <span class='ocrx_word' id='word_1_912' title='bbox 2601 5691 3062 5756; x_wconf 89' lang='lat' dir='ltr'><strong>hominibusistis,</strong></span> <span class='ocrx_word' id='word_1_913' title='bbox 3102 5706 3156 5748; x_wconf 91' lang='lat' dir='ltr'><strong>et</strong></span> <span class='ocrx_word' id='word_1_914' title='bbox 3182 5697 3340 5752; x_wconf 87' lang='lat' dir='ltr'><strong>sinite</strong></span> <span class='ocrx_word' id='word_1_915' title='bbox 3373 5699 3494 5752; x_wconf 90' lang='lat' dir='ltr'><strong>illos</strong></span> <span class='ocrx_word' id='word_1_916' title='bbox 3530 5717 3543 5752; x_wconf 88' lang='lat'><strong>:</strong></span> <span class='ocrx_word' id='word_1_917' title='bbox 3577 5701 3833 5769; x_wconf 81' lang='lat' dir='ltr'><strong>quoniam</strong></span> <span class='ocrx_word' id='word_1_918' title='bbox 3864 5706 3907 5756; x_wconf 72' lang='lat' dir='ltr'><strong>si</strong></span> 
     </span>
    </p>
   </div>
   <div class='ocr_carea' id='block_1_120' title="bbox 2307 5784 3906 5860">
    <p class='ocr_par' dir='ltr' id='par_1_120' title="bbox 2307 5784 3906 5860">
     <span class='ocr_line' id='line_1_121' title="bbox 2307 5784 3906 5860; baseline 0.01 -24"><span class='ocrx_word' id='word_1_919' title='bbox 2307 5795 2388 5836; x_wconf 90' lang='lat' dir='ltr'><strong>est</strong></span> <span class='ocrx_word' id='word_1_920' title='bbox 2411 5800 2473 5837; x_wconf 82' lang='lat' dir='ltr'><strong>ex</strong></span> <span class='ocrx_word' id='word_1_921' title='bbox 2506 5784 2809 5838; x_wconf 91' lang='lat' dir='ltr'><strong>hominibus</strong></span> <span class='ocrx_word' id='word_1_922' title='bbox 2835 5787 3117 5840; x_wconf 90' lang='lat' dir='ltr'><strong>consilium</strong></span> <span class='ocrx_word' id='word_1_923' title='bbox 3144 5787 3243 5842; x_wconf 92' lang='lat' dir='ltr'><strong>hoc</strong></span> <span class='ocrx_word' id='word_1_924' title='bbox 3259 5800 3348 5842; x_wconf 86' lang='lat' dir='ltr'><strong>aut</strong></span> <span class='ocrx_word' id='word_1_925' title='bbox 3372 5805 3525 5860; x_wconf 90' lang='lat' dir='ltr'><strong>opus,</strong></span> <span class='ocrx_word' id='word_1_926' title='bbox 3549 5791 3906 5858; x_wconf 82' lang='lat' dir='ltr'><strong>dissolvetur;</strong></span> 
     </span>
    </p>
   </div>
   <div class='ocr_carea' id='block_1_121' title="bbox 2308 5876 3905 5950">
    <p class='ocr_par' dir='ltr' id='par_1_121' title="bbox 2308 5876 3905 5950">
     <span class='ocr_line' id='line_1_122' title="bbox 2308 5876 3905 5950; baseline 0.006 -18"><span class='ocrx_word' id='word_1_927' title='bbox 2308 5876 2395 5932; x_wconf 83' lang='lat'><strong>&#39;59.</strong></span> <span class='ocrx_word' id='word_1_928' title='bbox 2427 5877 2467 5931; x_wconf 88' lang='lat' dir='ltr'><strong>si</strong></span> <span class='ocrx_word' id='word_1_929' title='bbox 2491 5895 2618 5935; x_wconf 88' lang='lat' dir='ltr'><strong>vero</strong></span> <span class='ocrx_word' id='word_1_930' title='bbox 2645 5895 2707 5933; x_wconf 78' lang='lat' dir='ltr'><strong>ex</strong></span> <span class='ocrx_word' id='word_1_931' title='bbox 2737 5878 2842 5934; x_wconf 88' lang='lat' dir='ltr'><strong>Deo</strong></span> <span class='ocrx_word' id='word_1_932' title='bbox 2868 5890 2970 5946; x_wconf 88' lang='lat' dir='ltr'><strong>est,</strong></span> <span class='ocrx_word' id='word_1_933' title='bbox 2994 5896 3097 5936; x_wconf 88' lang='lat' dir='ltr'><strong>non</strong></span> <span class='ocrx_word' id='word_1_934' title='bbox 3124 5883 3365 5950; x_wconf 87' lang='lat' dir='ltr'><strong>poteritis</strong></span> <span class='ocrx_word' id='word_1_935' title='bbox 3382 5882 3850 5944; x_wconf 81' lang='lat' dir='ltr'><strong>dissolvereillod.</strong></span> <span class='ocrx_word' id='word_1_936' title='bbox 3882 5904 3905 5941; x_wconf 73' lang='grc' dir='ltr'>ι</span> 
     </span>
    </p>
   </div>
  </div>
