4068 6418
142 417 241 473 ΙΗ

144 537 244 594 ἐὰν
342 537 372 588 0
420 533 917 608 παραμυθούμενος
954 535 1051 586 καὶ
1102 534 1299 600 ἐλεῶν,
1333 534 1430 588 ἐάν
1541 534 1569 586 0
1603 548 1747 601 παρ-

144 624 289 691 έχων
313 636 330 650 ·
361 617 509 672 οὕτω
541 618 658 689 βίον
687 617 1022 688 ἀπράγμονα
1051 618 1147 670 καὶ
1173 616 1394 686 ἀσφαλῆ
1419 614 1609 668 τοῦτον
1637 615 1747 676 πᾶς

145 701 312 759 οἶδεν.
363 700 585 770 Ἐγὼδέ
614 701 676 753 οὐ
712 699 874 753 τοῦτο
903 699 1186 770 παραινῶ·
1239 700 1315 771 μὴ
1353 699 1598 768 γένοιτο·
1628 694 1745 750 ἀλλ’

145 785 292 842 ὥστε
322 785 400 857 μὴ
432 785 665 838 πλούτου
687 783 839 857 [109]
874 783 1146 854 ἐφίεσθαι.
1170 785 1306 838 Εἰπέ
1333 785 1442 856 γάρ
1465 799 1579 855 μοι,
1595 782 1747 844 τίνας

147 869 216 924 ἂν
235 870 378 923 εῖπω
398 868 598 939 μᾶλλον
619 867 944 938 μακαρίους,
965 869 1091 929 τούς
1114 868 1452 940 ἐπιτηδείους
1466 866 1604 938 πρὸς
1617 870 1748 937 09:-

145 954 273 1024 τὴν,
303 954 340 1022 ἢ
369 953 496 1015 τοὺς
523 949 728 1019 ταύτης
762 951 953 1021 πόρρω
977 949 1424 1020 καθεστηκότας;
1483 948 1743 1020 Εὔδηλον,

146 1039 232 1091 ὅτι
261 1038 390 1100 τοὺς
414 1034 808 1105 ἐπιτηδείους⁶.
843 1033 939 1096 Τίς
994 1029 1088 1087 οὖν
1141 1034 1445 1105 ἐπιτήδειος
1491 1035 1628 1102 πρὸς
1683 1032 1746 1085 10

147 1121 349 1193 μαθεῖν
379 1139 431 1174 τι
450 1121 559 1174 τῶν
579 1120 886 1193 χρησίμων,
917 1121 1009 1174 καὶ
1036 1119 1273 1189 λάμπειν
1318 1122 1375 1171 ἐν
1433 1117 1742 1188 φιλοσοφίᾳ,

143 1201 305 1270 οὗτος
331 1206 364 1277 ἢ
405 1208 650 1272 ἐκεῖνος;
682 1205 852 1258 Παντί
893 1221 994 1258 που
1017 1203 1197 1274 δῆλον,
1225 1204 1309 1256 ὅτι
1341 1194 1516 1263 οὗτος.
1573 1203 1636 1254 El
1686 1201 1745 1254 δὲ

144 1291 421 1351 ἀπιστεῖς,
462 1287 720 1358 μάνθανε·
763 1287 1008 1355 ’Δγέσθω
1035 1303 1121 1350 τις
1141 1287 1248 1340 01:0
1271 1286 1372 1356 τῆς
1401 1287 1609 1356 ἀγοράς
1635 1285 1745 1337 τῶν

146 1369 620 1442 προσαιτούντων,
646 1370 740 1423 καὶ
764 1370 926 1434 αὐτὸς
977 1370 1077 1441 μὲν
1124 1369 1266 1422 ἔστω
1299 1369 1495 1440 πηρὸς,
1545 1369 1742 1440 χωλὸς,

145 1454 345 1518 κυλλός
369 1471 382 1484 ·
418 1453 606 1525 ἕτερος
628 1452 686 1506 δέ
735 1470 820 1516 τις
867 1454 1031 1516 καλὸς
1087 1451 1187 1522 μὲν
1223 1452 1371 1515 ίδεῖν,
1411 1451 1633 1523 ἰσχυρὸς
1667 1451 1744 1521 τῷ

147 1537 390 1607 σώματι,
425 1536 688 1589 πάντοθεν
721 1534 989 1606 σφριγῶν,
1021 1539 1134 1599 τοῖς
1157 1536 1403 1607 χρήμασι
1452 1534 1744 1607 περιρρεό-

148 1640 316 1695 μενος
338 1639 352 1654 ·
385 1622 543 1690 γένος
572 1621 743 1691 ἐχέτω
774 1621 1043 1692 λαμπρὸν,
1071 1621 1165 1674 καὶ
1215 1618 1536 1674 δυναστείαν
1571 1621 1743 1689 μεγά-

143 1708 268 1778 λην.
310 1704 519 1759 Οὐκοῦν
543 1703 842 1774 ἀγάγωμεν
865 1703 1086 1766 τούτους
1108 1703 1188 1766 είς
1214 1703 1276 1756 10
1299 1704 1397 1774 τῆς
1421 1703 1741 1772 φιλοσοφίας

145 1789 559 1858 παιδευτήριον,
587 1790 682 1840 καὶ
718 1788 939 1858 ἴδωμεν,
963 1787 1046 1852 τίς
1078 1787 1260 1840 αὐτῶν
1289 1787 1491 1858 μᾶλλον
1528 1785 1738 1850 δέξεται

142 1874 216 1926 τά
247 1874 343 1942 τῆς
375 1871 757 1935 διδασκαλίας.
786 1871 968 1926 Ἔστω
993 1870 1123 1941 γοῦν
1168 1871 1230 1924 10
1272 1872 1492 1943 πρῶτον
1526 1872 1739 1942 παράγ-

144 1956 349 2026 γελμα,
380 1955 650 2018 Ταπεινὸς
679 1955 770 2008 ἐσο
794 1956 888 2008 1:0".
911 1954 1165 2026 μέτριος·
1208 1954 1368 2008 τοῦτο
1406 1953 1517 2024 γάρ
1548 1955 1577 2007 0
1605 1955 1741 2025 Χρι-

145 2040 276 2102 στὸς
301 2039 632 2110 προσέταξε·
669 2039 752 2102 τίς
784 2039 983 2110 μᾶλλον
1022 2038 1155 2093 αὐτὸ
1193 2038 1542 2109 κατορθῶσαι
1575 2036 1737 2108 δυνή-

145 2141 325 2184 σεται,
353 2117 507 2186 οὗτος
539 2123 573 2193 ἦ
600 2122 838 2186 ἐκεῖνοςς
883 2119 1177 2188 Μακάριοι
1223 2123 1277 2174 οι
1336 2120 1736 2186 πενθοῦντες·

141 2207 230 2271 τίς
269 2206 469 2276 μᾶλλον
495 2204 750 2276 προσέξει
779 2203 856 2276 τῷ
897 2203 1205 2276 είρημένίρ;
1255 2204 1536 2275 Μακάριοι
1563 2204 1614 2256 οἱ
1646 2220 1740 2256 τα-

142 2289 346 2342 πεινοί·
371 2288 452 2352 τίς
482 2288 683 2358 μᾶλλον
703 2288 1028 2352 ἁκούσεται;
1060 2289 1349 2355 Μακάριοι
1391 2290 1448 2342 οἱ
1490 2288 1738 2355 καθαροί

140 2371 221 2442 τῇ
250 2371 465 2440 καρδίᾳ
486 2388 499 2400 ·
527 2371 810 2440 μακάριοι
835 2374 889 2424 οἱ
922 2369 1249 2438 πεινῶντες
1297 2370 1396 2424 καὶ
1442 2368 1741 2438 διψῶντες

141 2457 265 2525 τὴν
291 2457 695 2524 δικαιοσύνην
719 2472 734 2486 ·
769 2454 1055 2525 μακάριοι
1078 2458 1132 2509 οὶ
1185 2453 1565 2526 δεδιωγμένοι
1614 2454 1741 2509 ἓνε-

141 2558 258 2595 κεν
276 2540 674 2608 δικαιοσύνης
697 2556 712 2570 ·
742 2541 827 2604 τίς
847 2539 1084 2603 εὐκόλως
1116 2538 1292 2594 ταῦτα
1346 2538 1738 2604 καταδέξεταις

143 2625 261 2680 Καὶ
290 2627 338 2677 εί
370 2623 573 2694 βούλει,
604 2625 770 2678 πᾶσιν
796 2623 976 2687 αὐτοῖς
997 2623 1403 2695 ἐφαρμόσωμεν
1424 2623 1738 2694 ἑκατέρους.

143 2710 262 2781 Οὐχ
290 2709 320 2760 0
351 2709 452 2780 μὲν
483 2707 808 2778 φλεγμαίνει
839 2707 929 2761 καὶ
972 2706 1106 2760 οἰδεῖ
1151 2705 1419 2760 πάντοθεν
1447 2722 1462 2736 ·
1498 2707 1528 2758 0
1559 2704 1617 2758 δέ
1642 2722 1740 2758 τα·-

144 2793 499 2862 πεινοφρονεῖ
521 2790 608 2844 ἀεὶ
633 2790 727 2844 καὶ
757 2791 1114 2844 συνέσταλται
1145 2788 1441 2853 διαπαντός
1462 2805 1476 2854 ;
1502 2786 1740 2859 Εὔδηλον

142 2875 252 2928 ὅτι.
283 2874 444 2927 Ἐστι
483 2874 582 2945 μὲν
609 2869 702 2927 οὖν
724 2873 788 2944 δή
821 2891 875 2926 τι
903 2875 998 2927 καὶ
1018 2873 1148 2937 έπος
1181 2872 1391 2926 τοιοῦτο
1434 2875 1547 2936 τοῖς
1608 2872 1741 2938 ἐξω-

146 2959 240 3010 θεν
270 2958 566 3029 εἰρημένον
592 2973 607 2987 ·
651 2955 845 3020 Δοῦλος
876 2957 974 3027 μὲν
1013 2955 1360 3024 Ἐπίκτητος,
1395 2954 1556 3027 σῶμα
1604 2956 1738 3010 ἀνά-

145 3059 344 3112 πηρος·
391 3043 586 3112 πενίην
636 3037 806 3113 Ἶρος,
852 3041 948 3094 καὶ
1011 3040 1165 3107 φίλος
1205 3039 1508 3094 ἀθανάτων.
1579 3039 1741 3092 Ἀλλά

143 3124 309 3178 τοῦτο
347 3125 448 3194 μὲν
481 3125 510 3178 0
540 3124 730 3196 πένης.
771 3124 838 3176 Ἥ
860 3123 917 3176 δέ
938 3121 1034 3175 τοῦ
1064 3122 1323 3175 πλουσίου
1352 3122 1498 3194 ψυχὴ
1524 3122 1741 3177 πάντων

143 3209 311 3280 γέμει
336 3209 446 3261 τῶν
476 3208 684 3271 κακῶν,
713 3208 995 3272 ἀπονοίας,
1063 3207 1394 3273 κενοδοξίας,
1432 3207 1742 3278 ἐπιθυμιῶν

147 3293 384 3364 μυρίων,
414 3293 587 3364 ὀργῆς
620 3293 716 3346 καὶ
752 3290 948 3362 θυμοῦ,
982 3291 1320 3358 πλεονεξίας.
1362 3291 1596 3355 ἀδικίας,
1649 3292 1742 3344 καὶ

142 3377 198 3430 εῖ
221 3393 368 3439 τινος
397 3377 607 3449 ἐτέρου.
647 3378 791 3446 Ἀρα
815 3375 1072 3447 φανερὸν,
1101 3377 1184 3429 ὃτι
1236 3375 1376 3448 πρὸς
1422 3374 1742 3450 φιλοσοφίαν

143 3460 288 3532 αὕτη
315 3460 619 3530 ἐπιτηδεία,
655 3460 688 3530 ἢ
721 3459 926 3530 ἐκείνη.
950 3461 1172 3524 Πάντως
1205 3460 1420 3530 ζητεῖτε
1446 3460 1658 3530 μαθεῖν,
1689 3459 1742 3511 τί

146 3545 354 3616 μᾶλλον
372 3544 522 3616 ἥδιον
545 3560 558 3573 ·
591 3543 750 3597 τοῦτο
773 3543 881 3616 γάρ
934 3543 1088 3614 παρά
1134 3543 1350 3607 πολλοῖς
1410 3542 1742 3612 ζητούμενον

141 3627 283 3699 ὁρῶ,
327 3629 381 3681 εί
425 3644 490 3695 γε
536 3626 676 3698 αὕτη
725 3627 892 3697 ἡδίων
935 3629 970 3699 ἡ
1026 3627 1292 3700 διαγωγή.
1328 3627 1441 3681 Καὶ
1483 3625 1590 3697 μὴν
1621 3627 1743 3679 οὐδέ

151 3711 296 3782 ὑπὲρ
345 3709 542 3763 τούτου
603 3709 967 3780 ἀμφιϐάλλειν
1018 3711 1122 3781 χρὴ
1149 3726 1162 3741 ·
1207 3713 1235 3764 0
1280 3710 1390 3780 γὰρ
1442 3710 1610 3778 ἐγγὺς
1642 3711 1742 3778 τῆς

144 3794 362 3864 ὑγείας,
390 3790 546 3857 0010;
572 3794 666 3846 καὶ
690 3795 748 3846 ἐν
776 3793 936 3864 ἡδονῇ
965 3793 1155 3863 πολλῇ.
1191 3795 1234 3845 Τ
1241 3793 1288 3856 ίς
1321 3791 1398 3856 δὲ,
1439 3792 1563 3845 εἰπέ
1627 3810 1739 3862 μοι,

143 3880 286 3949 πρὸς
314 3877 375 3930 τὸ
398 3877 758 3949 προκείμενον
787 3878 837 3942 b,
855 3876 994 3945 ὅπερ
1017 3873 1342 3946 βουλόμεθα,
1369 3876 1738 3947 κατορθῶσαι,

141 3965 239 4016 τὸν
290 3962 457 4033 νόμον
513 3959 705 4014 τοῦτον
761 3959 941 4028 λέγω,
994 3961 1320 4030 ἐπιτήδειος,
1374 3960 1402 4011 ὁ
1448 3959 1680 4031 πένηςῆ
1713 3961 1743 4012 0

143 4044 428 4108 πλουτῶν;
458 4045 544 4108 τίς
579 4044 818 4106 εὐκόλως
846 4044 1082 4113 ὀμεῖται,
1109 4043 1138 4094 0
1168 4043 1306 4113 πρὸς
1338 4043 1535 4107 παῖδας
1600 4061 1742 4115 παρ-

139 4130 487 4198 οξυνόμενος,
527 4132 556 4182 0
585 4129 722 4199 1:90;
758 4127 983 4199 μυρίους
1017 4125 1157 4196 ἔχων
1185 4126 1628 4199 συναλλάγματα,
1658 4126 1742 4198 ἢὸ

209 4265 237 4293 ⁸
269 4262 666 4321 Αιὶἱεῦὂηλονὸτι
700 4261 810 4317 τούς
824 4261 975 4324 ἐγγύς.
1044 4259 1073 4301 1³
1097 4260 1272 4310 Morel.
1304 4263 1486 4326 πρὸςτὸ
1504 4266 1740 4328 κείμενον.

1171 408 1238 465 IN
1279 407 1463 464 ACTA
1500 400 2040 461 APOSTOLOBUM.
2078 396 2312 457 llOMIL.
2354 397 2492 454 XIV.

3347 384 3454 442 HS

1849 538 2093 612 προσιὼν
2143 537 2288 611 ὐπέρ
2334 536 2503 608 ἄρτου
2565 533 2599 606 ἦ
2651 530 2870 604 ἱματίου
2911 529 3062 593 ἐνός;
3109 519 3277 612 00:0;
3327 519 3451 576 οὐδέ

1850 610 2099 694 ἀνάγκην
2124 610 2306 694 ὅρκων
2339 621 2472 691 ἔχει,
2511 618 2606 674 ἐάν
2629 617 2784 689 θέλῃ,
2806 615 2924 670 ἀλλ’
2955 614 3043 668 ἀεὶ
3071 613 3128 664 ἐν
3154 610 3452 694 ἀπραγμο-

1852 690 1988 780 σύνῃ
2019 690 2232 774 διάγει·
2269 690 2472 777 μᾶλλον
2496 703 2553 757 δέ
2580 705 2608 756 0
2645 699 3044 770 παιδευόμενος
3083 690 3450 780 μὴγόμνύναι,

1849 779 1969 846 και
1992 791 2294 862 χρημάτων
2344 787 2752 860 καταφρονήσει
2779 783 3064 845 πολλάκις,
3103 779 3198 832 καὶ
3246 791 3456 862 πάντας

1847 875 1946 947 χοῦ
1971 856 2070 945 τῆς
2087 856 2297 944 ⁷ἀρετῆς
2333 873 2432 936 τάς
2452 856 2608 935 ὁδοὺς
2631 856 2975 941 τεμνομένας
2995 864 3104 920 01:0
3139 862 3332 947 τούτου
3354 856 3452 947 τοῦ

1847 942 2150 1012 καλοῦνῐδοι
2177 942 2262 1021 τις
2293 957 2381 1022 ἃν,
2413 955 2509 1009 καὶ
2541 956 2725 1017 πάσας
2764 951 3042 1024 φερούσας
3092 946 3230 1019 1:90;
3280 942 3455 998 ἐπιεί-

1847 1058 2022 1104 κειαν,
2055 1041 2194 1110 πρὸς
2221 1027 2526 1110 χρημάτων
2574 1036 2901 1108 ὑπεροψίαν,
2959 1033 3097 1104 πρὸς
3138 1028 3451 1090 εὐλάϐειαν,

1846 1124 1985 1195 πρὸς
2006 1124 2352 1176 κατάστασιν
2378 1122 2578 1193 ψυχῆς,
2609 1121 2748 1192 πρὸς
2774 1117 3089 1182 κατάνυξιν.

1917 1206 2010 1277 Μὴ
2027 1206 2092 1276 δὴ
2124 1205 2486 1277 ρᾳθυμῶμεν,
2521 1203 2824 1274 ἀγαπητοὶ,
2858 1201 2998 1255 ἀλλά
3048 1199 3212 1252 πάλιν
3249 1194 3453 1266 πολλὴν

1847 1289 2210 1361 ποιησώμεθα
2287 1290 2390 1359 τὴν
2464 1287 2737 1359 σπουδήν·
2807 1287 2857 1339 οί
2923 1285 3024 1356 μὲν
3086 1282 3454 1353 κατωρθωκό-

1843 1397 1976 1445 τες,
2038 1378 2180 1433 ὦστε
2246 1378 2482 1449 φυλάξαι
2550 1378 2612 1431 10
2681 1375 3034 1448 κατορθωθέν
3068 1414 3084 1438 ,
3149 1373 3294 1428 ὥστε
3377 1374 3452 1445 μὴ

1845 1464 2082 1528 εὐκόλως
2147 1464 2427 1536 άπορῤοήν
2483 1480 2606 1517 τινα
2667 1460 3058 1532 γενέσθαικαὶ
3128 1458 3455 1529 παλίρροιαν

1845 1549 1928 1615 είς
1983 1547 2227 1602 τούπίσω
2265 1559 2324 1587 ο·
2384 1549 2434 1600 οί
2486 1546 2543 1600 δὲ
2613 1546 2697 1600 ἔτι
2751 1545 3087 1616 λειπόμενοι,
3135 1541 3276 1596 ὥστε
3331 1541 3456 1595 δια-

1845 1631 2149 1701 ναστῆναι,
2215 1630 2358 1684 ὥστε
2424 1631 2727 1685 σπουδάσαι
2783 1631 2844 1683 τὸ
2898 1629 3086 1681 λεῖπον
3139 1625 3451 1697 πληρῶσαι.

1847 1713 1960 1766 Καὶ
1990 1713 2128 1776 τέως
2157 1716 2205 1766 οί
2258 1712 2707 1784 κατορθώσαντες
2733 1713 2860 1776 100;
2909 1715 3079 1783 μήπω
3100 1710 3451 1781 δυνηθέντας,

1843 1798 2097 1869 καθάπερ
2110 1801 2168 1850 ἐν
2186 1799 2411 1867 πελάγει
2429 1798 2754 1868 νηχομένοις
2775 1797 2872 1860 τάς
2889 1799 3077 1866 χεῖρας
3100 1796 3453 1859 ἐκτείνοντες,

1842 1883 1902 1934 ἐν
1929 1881 2005 1952 τῷ
2031 1880 2209 1951 λιμένι
2255 1881 2354 1952 τῆς
2386 1882 2700 1949 ἀνωμοσίας
2730 1879 3099 1950 δεχέσθωσαν.
3133 1877 3315 1950 Λιμὴν
3341 1878 3450 1947 γάρ

1840 1965 2013 2028 ὅντως
2049 1964 2320 2035 ἀσφαλὴς,
2346 1964 2408 2017 τὸ
2450 1962 2534 2036 [11
2555 1963 2612 2036 0]
2644 1965 2720 2035 μὴ
2743 1964 2998 2034 ὀμνύναι·
3017 1962 3204 2033 λιμὴν,
3222 1962 3359 2032 πρὸς
3393 1960 3456 2013 τὸ

1846 2047 1922 2119 μὴ
1952 2046 2448 2112 καταποντίζεσθαι
2488 2048 2595 2100 ὐπὸ
2627 2046 2738 2100 τῶν
2778 2047 3237 2118 προσπιπτόντων
3292 2060 3456 2097 πνευ-

1845 2134 2054 2202 μάτων.
2108 2132 2226 2185 Κᾶν
2262 2132 2374 2202 γάρ
2406 2133 2569 2203 ὀργὴ,
2632 2132 2737 2185 κᾶν
2796 2131 3054 2203 ἐπήρεια,
3119 2129 3222 2183 κᾶν
3280 2127 3455 2199 θυμὸς

1843 2215 2142 2287 ὑπερζέσῃ,
2182 2213 2283 2268 κᾶν
2312 2215 2512 2278 ὁτιοῦν,
2538 2216 2571 2286 ἡ
2593 2214 2741 2285 ψυχὴ
2774 2215 2833 2267 ἐν
2865 2213 3141 2286 ἀσφαλείᾳ
3185 2212 3454 2282 καθέστη-

1843 2317 1959 2362 κεν,
1987 2297 2131 2353 ῶστε
2161 2299 2272 2352 οὐδ’
2299 2298 2365 2353 ἂν
2405 2298 2615 2370 ἐκϐάλῃ
2645 2315 2698 2351 τι
2730 2297 2839 2351 τῶν
2866 2298 2966 2351 οὐκ
3011 2297 3339 2367 ὀφειλόντων
3376 2299 3453 2349 εἰ·

1845 2383 2044 2456 ρῆσθαι
2064 2400 2078 2414 ·
2105 2384 2166 2436 οὐ
2189 2383 2300 2454 γὰρ
2330 2384 2411 2446 είς
2439 2383 2689 2453 ἀνάγκην
2719 2382 3057 2454 κατέστησεν
3079 2382 3301 2454 ἑαυτὴν,
3331 2381 3456 2435 οὐδὲ

1843 2468 2028 2538 νόμον.
2073 2468 2217 2539 Ὅρα
2256 2467 2311 2521 τί
2354 2466 2444 2521 διά
2493 2467 2586 2521 τὸν
2645 2468 2809 2540 ὅρκον
2857 2467 3120 2538 ἐποίησεν
3162 2466 3448 2537 Ἡρώδης·

1841 2551 1941 2622 τὴν
1996 2552 2243 2623 κεφαλὴν
2296 2550 2538 2622 ἀπέτεμε
2587 2551 2682 2605 τοῦ
2738 2550 3084 2622 Προδρόμου.
3141 2550 3247 2605 Διὰ
3310 2549 3456 2614 τοὺς

1843 2633 2066 2700 ὅρκους
2111 2633 2244 2705 γὰρ,
2268 2634 2422 2705 φησὶ,
2456 2635 2556 2688 καὶ
2593 2633 2736 2699 τοὺς
2755 2635 3317 2704 συνανακειμένους
3339 2636 3454 2688 οὐκ

1842 2715 2148 2785 ἠθέλησεν
2188 2717 2386 2785 αὐτὴν
2423 2716 2734 2786 ἀθετῆσαι.
2775 2718 2841 2771 Τί
2876 2718 2942 2771 δι’
2976 2719 3141 2789 ὅρκον
3173 2719 3454 2772 πεπόνθα-

1846 2817 1930 2853 σιν
1970 2801 2028 2853 αί
2063 2801 2230 2870 φυλαὶ
2270 2802 2365 2855 ἐπὶ
2410 2802 2511 2874 τῆς
2552 2801 2816 2874 Βενιαμὶν
2838 2802 3051 2874 φυλῆς;
3087 2803 3140 2856 τί
3192 2803 3262 2858 δι’
3290 2805 3457 2875 ὅρκον

1844 2883 2174 2939 πέπονθενό
2228 2884 2438 2949 Σαούλ;
2502 2886 2561 2939 '0
2619 2886 2720 2955 μὲν
2774 2886 2883 2957 γάρ
2934 2885 3365 2960 ἐπιώρκησεν,ό
3399 2889 3455 2942 δέ

1856 2963 2105 3038 Ἡρώδης
2162 2969 2255 3022 καὶ
2295 2969 2396 3038 τῆς
2445 2969 2733 3039 ἐπιορκίας
2777 2973 2959 3041 χεῖρον
3014 2971 3333 3040 εἰργάσατο,
3364 2971 3456 3026 τὸν

1845 3052 2025 3118 φόνον.
2052 3050 2222 3103 Πάλιν
2249 3050 2502 3120 όἸησοῦς
2528 3050 2616 3104 διὰ
2642 3051 2735 3104 10v
2769 3051 2934 3124 ὅρκον
2969 3054 3061 3106 ἐπὶ
3083 3055 3192 3107 τῶν
3227 3055 3266 3107 Γ
3269 3056 3455 3109 αϐαω·

1843 3134 2005 3187 νιτῶν
2027 3128 2118 3189 οἷα
2162 3134 2431 3188 πέπονθεν
2455 3135 2652 3202 ἔγνως.
2698 3135 2976 3208 Σατανικὴ
3002 3138 3109 3210 γάρ
3137 3138 3308 3202 ὅντως
3337 3141 3456 3193 ἐστὶ⁸

1845 3218 2014 3286 παγὶς
2061 3218 2122 3270 τὸ
2149 3218 2404 3289 ὀμνύναι.
2461 3219 2857 3291 Διαῤῥήξωμεν
2895 3222 3077 3275 τοίνυν
3110 3223 3174 3276 τά
3219 3225 3452 3294 σχοινία,

1815 3301 1940 3352 ’καὶ
1984 3301 2041 3352 ἐν
2086 3300 2309 3373 εὐκολίᾳ
2337 3305 2760 3374 καταστήσομεν
2788 3304 3019 3369 ἑαυτοὺς
3053 3306 3237 3378 πάσης
3282 3307 3455 3376 φυλα-

1845 3385 1970 3466 κῆς.
2021 3385 2459 3456 Ἀπαλλαγῶμεν
2492 3390 2592 3458 τῆς
2638 3389 2934 3457 σατανικῆς
2962 3390 3223 3458 παγίδος·
3284 3393 3456 3466 (90617-

1846 3465 2030 3537 θῶμεν
2064 3467 2165 3538 τὴν
2205 3468 2426 3540 ἐντολὴν
2473 3471 2576 3540 τὴν
2610 3471 2984 3542 Δεσποτικήν·
3033 3474 3114 3537 είς
3161 3465 3454 3547 συνήθειαν

1845 3549 2074 3622 ἀρίστην
2093 3552 2323 3616 ἐαυτοὺς
2347 3552 2677 3625 ἐμϐάλωμεν
2701 3553 2728 3594 ει
2746 3571 2761 3585 ·
2793 3556 2879 3607 ἵνα
2902 3554 3006 3626 ὁδῷ
3039 3557 3450 3630 προϐαίνοντες,

1845 3633 1939 3685 καὶ
1988 3632 2197 3704 ταύτην
2247 3636 2344 3689 καὶ
2400 3636 2500 3699 τὰς
2536 3636 2743 3700 κλοιπὰς
2798 3638 3019 3701 ἐντολάς
3069 3642 3453 3712 κατορθώσαν-

1844 3732 1958 3778 τες,
2014 3715 2125 3769 τῶν
2181 3718 2614 3790 ἐπηγγελμένων
2671 3720 3020 3792 ἐπιτύχωμεν
3068 3724 3291 3792 ἀγαθῶν
3339 3731 3454 3793 τοῖς

1844 3800 2135 3865 ἀγαπῶσιν
2201 3802 2406 3868 αὐτὸν,
2473 3803 2659 3875 χάριτι
2723 3805 2819 3858 καὶ
2905 3806 3292 3881 φιλανθρωπίᾳ
3355 3814 3452 3866 τοῦ

1845 3882 2069 3967 ᾕυρίουῌ
2091 3883 2250 3953 ἡμῶν
2302 3885 2479 3955 Ἰησοῦ
2519 3887 2800 3958 Χριστοῦ,
2865 3889 2986 3959 μεθ’
3016 3885 3077 3945 οὐ
3135 3892 3216 3964 τῷ
3275 3895 3454 3967 ιῙατρὶ

1846 3964 1960 4035 ἅμα
1998 3964 2080 4035 τῷ
2107 3967 2250 4038 ἁγίῳ
2283 3967 2561 4038 Πνεύματι
2584 3969 2734 4036 δόξα,
2762 3972 2984 4043 κράτος,
3041 3976 3198 4046 τιμὴ,
3231 3977 3326 4031 νῦν
3356 3964 3454 4033 καὶ

1845 4047 1953 4112 ἀεὶ,
1987 4049 2081 4100 καὶ
2101 4050 2180 4112 είς
2208 4051 2338 4113 τοὺς
2367 4050 2573 4114 αἰῶνας
2613 4052 2724 4106 τῶν
2753 4053 2989 4110 αἰώνων.
3033 4057 3231 4130 Ἀμήν.

1909 4186 2074 4262 ξ’.
2111 4189 2177 4262 εἰς
2219 4189 2442 4262 τούπίσω
2455 4227 2467 4248 ,
2497 4191 2581 4239 καὶ
2619 4195 2736 4251 τοὺς
2755 4194 2803 4243 ἐν
2825 4197 2896 4257 τῷ
2920 4196 3115 4259 πελάγει
3140 4202 3446 4262 νηχομένους.

1848 4247 1876 4289 ἀ
1897 4248 1997 4300 Alii
2017 4251 2215 4307 ἑαυτοὺς
2233 4247 2632 4315 καταστήσωμεν.

146 4367 3411 4406 _.__.______._.__._.__.__________________________

1563 4451 1810 4506 ΟΜΙΛΙΑ
1859 4456 1956 4507 1Δ’.

150 4539 452 4628 Ἀναστὰς
484 4537 571 4628 δεῇ
619 4553 732 4628 τις⁶
887 4533 967 4600 τῷ
1013 4535 1313 4628 συνεδρίῳ
1375 4540 1736 4628 φαρισαῖος,

213 4611 490 4682 ὀνόματι,
524 4605 864 4682 Ιῖαμαᾼιὴνζ,
941 4605 1486 4682 νομοδιδάσκαλος,
1525 4605 1740 4682 ,τίμιος

213 4675 396 4733 παντὶ
424 4675 502 4740 τῷ
530 4676 678 4747 λαῷ,
701 4675 1033 4730 ἐκέλευσεν
1059 4676 1175 4741 ἐξω
1205 4678 1406 4747 βραχὺ
1443 4680 1586 4745 τοὺς
1603 4675 1740 4739 ’ἀνζ

209 4750 484 4818 θρώπους
507 4745 809 4815 γενέσθαι.

213 4856 283 4904 α’.
318 4845 486 4910 0010;
521 4849 550 4899 0
582 4845 889 4916 Γαμαλιήλ,
917 4845 1133 4899 Παύλου
1159 4845 1476 4913 διδάσκαλος
1499 4845 1586 4920 ἦν.
1629 4850 1740 4902 Καὶ

140 4937 426 5004 θαυμάσαι
451 4931 622 4995 ἄξιον,
656 4930 773 4993 πῶς
806 4931 1020 4993 καὶτὰς
1049 4931 1190 4984 κατά
1212 4932 1336 4984 νοῦν
1367 4933 1578 5000 κρίσεις
1599 4934 1738 5004 ἔχων

141 5023 238 5076 καὶ
265 5017 587 5088 νομομαθὴς
624 5015 722 5080 ὢν,
757 5015 968 5067 οὐδέπω
999 5014 1342 5068 ἐπίστευσεν.
1396 5017 1512 5069 Οὐκ
1543 5017 1657 5069 ἐστι
1680 5017 1739 5070 δέ

142 5104 306 5160 αὐτὸν
335 5103 516 5173 μεῖναι
569 5099 643 5170 μὴ
679 5098 1048 5171 πιστεύσαντα
1073 5097 1140 5150 δι’
1169 5099 1312 5153 ὅλου.
1350 5101 1461 5153 Καὶ
1493 5101 1650 5171 δῆλον
1674 5103 1738 5154 ἐκ

139 5189 250 5241 τῶν
311 5187 570 5256 ῥημάτων
620 5183 823 5244 αὐτοῦ,
869 5181 935 5234 δι’
978 5175 1053 5233 ὧν
1119 5183 1498 5251 συμϐουλεύει.
1574 5183 1735 5238 Ἑκέ-

139 5275 330 5326 λευσε
357 5269 486 5340 γάρ,
541 5267 728 5337 φησιν,
765 5265 883 5329 ἔξω
935 5265 1138 5332 ,ϐραχὺ
1198 5266 1340 5333 τοὺς
1385 5267 1738 5335 ἀνθρώπους

141 5353 413 5421 ποιῆσαι.
466 5352 609 5421 Ὅρα
658 5350 756 5418 τὴν
812 5347 1025 5400 σύνεσιν
1074 5348 1172 5417 τῆς
1225 5348 1590 5421 δημηγορίας,
1645 5355 1738 5405 καὶ

141 5436 258 5498 πῶς
289 5435 490 5497 00100;
522 5433 727 5494 εὐθέως
764 5432 844 5494 εἰς
871 5430 1035 5499 φόϐον
1065 5430 1341 5484 ἐσέϐαλεν.
1376 5433 1542 5485 Ὥστε
1570 5434 1625 5486 δέ
1662 5436 1735 5508 μὴ

141 5521 553 5588 ὐποπτευθῆναι
592 5529 614 5557 ο
670 5516 834 5569 αὐτὸν
885 5516 962 5578 ὡς
1005 5517 1075 5568 τά
1133 5516 1358 5569 ἐκείνων
1412 5517 1735 5588 φρονοῦντα,

139 5605 214 5670 ὡς
241 5606 377 5675 πρὸς
419 5601 813 5675 ὁμογνώμονας
868 5599 1204 5668 διαλέγεται,
1255 5601 1349 5653 καὶ⁴
1378 5601 1440 5652 οὐ
1472 5601 1644 5672 πολλῇ
1668 5607 1735 5675 τῇ

143 5688 464 5759 σφοδρότητι
517 5686 806 5756 κέχρηται,
865 5681 981 5735 ἀλλ’
1021 5683 1097 5744 ώς
1131 5681 1237 5734 ὐπὸ
1291 5683 1386 5734 τοῦ
1433 5682 1606 5754 θυμοῦ
1650 5702 1740 5755 με·

140 5773 376 5835 θύουσιν,
423 5769 568 5824 οὓτω
602 5768 798 5839 φησίν·
846 5765 1088 5834 Ἄνδρες
1133 5766 1519 5835 Ἰσραηλῖται,
1549 5782 1739 5836 προσ-

139 5857 304 5925 ἐχετε
328 5853 586 5919 ἑαυτοῖς,
613 5851 711 5906 ἐπὶ
745 5850 872 5916 τοῖς
901 5847 1234 5917 ἀνθρώποις
1250 5850 1484 5917 τούτοις
1511 5854 1568 5905 τί
1580 5853 1731 5920 μέλ-

143 5946 274 5997 λετε
318 5939 644 6009 πράσσειν.
700 5935 793 6008 Μὴ
850 5934 1058 5996 ἁπλῶς,
1119 5932 1272 6004 φησὶ,
1306 5933 1441 6005 μηδὲ
1469 5934 1545 6000 ὼς
1573 5937 1732 6008 ἔτυχε

208 6057 229 6086 ⁸
259 6053 497 6116 Ἐνέὸαλ;,
544 6055 623 6102 καὶ
656 6053 781 6101 ὥστε
824 6051 887 6111 μή
913 6049 1275 6110 ὐποπτευθῆναι,
1307 6050 1378 6099 sic
1402 6063 1542 6101 unus.

1847 4546 2101 4618 φέρεσθε.
2151 4547 2273 4617 Πρὸ
2326 4550 2438 4620 γὰρ
2472 4552 2721 4621 ,τούτων
2759 4552 2878 4606 τῶν
2928 4554 3165 4623 ἡμερῶν
3214 4558 3443 4628 ἀνέστη

1847 4629 2095 4699 Θευδᾶς,
2135 4631 2351 4701 λέγων,
2390 4631 2548 4688 εἷναί
2581 4652 2717 4689 τινα
2758 4637 2999 4702 ἑαυτὸν,
3029 4631 3078 4704 ᾧ
3111 4648 3448 4708 προσεκυλ-

1842 4713 2005 4781 λήθη
2029 4714 2278 4783 ἀριθμὸς
2345 4716 2585 4786 ἀνδρῶν
2625 4719 2706 4784 ώς
2757 4725 3194 4788 τετρακοσίων·
3239 4725 3307 4790 ὃς
3338 4729 3446 4781 ἀν-

1843 4795 2047 4866 ῃρέθη·
2082 4799 2179 4851 καὶ
2207 4798 2430 4865 πάντες
2459 4800 2593 4853 ὅσοι
2623 4803 2938 4857 ἐπείθοντο
2966 4806 3146 4871 αὐτῷ,
3171 4807 3447 4879 διελύθη-

1845 4896 1968 4933 σαν
2006 4888 2104 4936 καὶ
2137 4879 2420 4952 ἐγένοντο
2446 4886 2534 4950 εὶς
2573 4885 2774 4940 οὐδέν.
2820 4887 2953 4941 Ἀπὸ
2981 4891 3444 4964 παραδειγμάτων

1843 4965 2042 5047 αὐτοὺς
2099 4967 2445 5036 σωφρονίζει,
2480 4968 2577 5020 καὶ
2631 4970 2721 5022 τὸν
2764 4971 3019 5037 πλείονας
3052 4977 3444 5047 ἀποστήσαντα

1845 5045 2070 5116 ὕστερον
2099 5047 2280 5118 τίθησι
2299 5049 2800 5121 παραμυθούμενος
2818 5055 3035 5120 αὐτούς.
3069 5059 3183 5131 Πρὸ
3209 5045 3319 5130 μέν
3346 5058 3441 5116 οὖν

1841 5129 1934 5182 τοῦ
1966 5131 2037 5215 τά
2066 5131 2491 5202 παραδείγματα
2511 5132 2557 5205 [1
2577 5134 2661 5207 Η]
2683 5139 2878 5200 εἰπεῖν,
2901 5139 3068 5207 λέγει,
3102 5129 3443 5215 Προσέχετε

1841 5214 2105 5299 ἑαυτοῖς·
2172 5215 2466 5299 ἐπειδὴδὲ
2531 5217 2751 5283 ἔδειξεν,
2809 5224 3174 5292 ἀποφαίνεται
3224 5214 3438 5299 λέγων·

1841 5295 1949 5350 Καὶ
2000 5296 2074 5350 τὰ
2137 5297 2254 5351 νῦν
2307 5298 2466 5366 λέγω
2524 5302 2690 5369 ὑμῖν,
2758 5306 3083 5376 Ἂπόστητε
3150 5295 3443 5368 ἀπὸτῶν

1840 5378 2454 5468 ἀνθρώπων-τούτων.
2489 5386 2654 5468 Μετὰ
2696 5388 2912 5443 τοῦτον
2951 5392 3182 5462 ἀνέστη
3220 5398 3442 5468 Ἰούδας

1841 5468 1874 5518 ό
1925 5463 2256 5552 Γαλιλαῖος
2311 5466 2382 5517 ἐν
2425 5467 2558 5552 ταῖς
2609 5469 2861 5539 ἡμέραις
2896 5475 3006 5543 τῆς
3059 5463 3438 5552 ἀπογραφῆς,

1840 5547 1959 5602 καὶ¹
1989 5546 2350 5613 ἀπέστησεν
2397 5551 2610 5604 ἱκανὸν
2634 5556 2791 5609 λαὸν
2819 5559 3015 5612 ὀπίσω
3068 5546 3257 5619 αὐτοῦ
3277 5546 3311 5596 ·’
3330 5546 3440 5624 κάξ

1845 5631 2040 5693 κεῖνος
2105 5630 2381 5687 ἀπώλετο
2402 5674 2417 5697 ,
2479 5635 2580 5688 καὶ
2650 5637 2874 5707 πάντες
2928 5642 3063 5698 ὅσοι
3125 5646 3439 5707 ἐπείθοντο

1841 5717 2024 5807 αὐτῷ,
2071 5716 2657 5807 διεσκορπίσθησαν.
2701 5725 2832 5807 ,Καὶ
2871 5729 3063 5783 τανῦν
3087 5732 3244 5804 λέγω
3274 5738 3439 5807 ὑμῖν,

1852 5803 2177 5868 Ἀπόστητε
2223 5800 2341 5854 ἀπὸ
2378 5799 2495 5854 τῶν
2523 5804 2854 5872 ἀνθρώπων
2882 5813 3131 5882 τούτων,
3169 5799 3437 5877 ’καὶῠέάί

1840 5903 1988 5975 σατε
2017 5884 2273 5975 α-ὺτοιᾶςζ
2319 5883 2428 5947 ὅτι,
2464 5885 2574 5975 ἐὰν
2621 5888 2658 5957 ᾖ
2690 5891 2759 5956 ἐξ
2799 5893 3128 5962 ἀνθρώπων
3155 5903 3192 5970 ή
3227 5905 3436 5975 ,Βουλὴ

1840 5970 1992 6033 αὔτη
2039 5967 2075 6034 ἢ
2123 5967 2192 6019 τὸ
2240 5967 2418 6036 ἔργον
2457 5969 2654 6039 τοῦτο,
2707 5967 3191 6048 καταλυθήσεται
3213 5967 3239 6018 '7
3264 5993 3318 6044 εἰ
3365 5967 3433 6046 δέ

1841 6056 1909 6108 ἐκ
1943 6053 2089 6108 Θειὺ
2142 6051 2332 6116 ἐστιν,
2380 6054 2450 6108 οὐ
2492 6054 2838 6126 δυνήσεσθε
2891 6069 3231 6127 καταλῦσαι
3261 6078 3429 6133 αὑτό,
