4068 6406
637 366 744 422 ηε

650 479 798 540 Ὠσεὶ
828 478 1045 546 ἐλεγενο
1097 478 1440 549 Ἀνάσχεσθε,
1493 481 1585 532 καὶ
1632 479 1725 534 ἐὰν
1761 481 1818 546 ἐξ
1874 479 2084 533 ἑαυτῶν
2131 477 2225 531 καὶ

632 559 776 619 οὗτοι
810 564 1164 632 συνέστησαν,
1189 562 1338 614 οὐδὲν
1363 560 1593 615 κωλύσει
1636 565 1729 615 καὶ
1762 564 1958 625 αὐτοὺς
1990 560 2224 614 καταλυο

633 649 812 718 θῆναι.
847 645 1090 712 Μήποτε
1141 646 1243 697 καὶ
1283 645 1569 713 Θεομάχοι
1605 645 1902 714 εὑρεθῆτε.
1953 646 2064 698 Καὶ
2124 642 2213 696 διὰ

635 730 732 785 τοῦ
783 731 1062 793 ἀδυνάτου,
1121 732 1216 782 καὶ
1259 729 1343 781 διά
1404 729 1498 782 τοῦ
1548 730 1866 802 ἀσυμφόρου
1916 730 2215 800 ἀποτρέπει

633 815 847 877 αὐτούς.
902 816 1014 866 Οὐκ
1069 808 1187 866 εἶπε
1247 813 1301 864 δὲ
1342 812 1446 864 ὑπὸ
1479 814 1623 876 τίνος
1677 813 2043 885 ἀνῃρέθησαν,
2103 809 2214 864 ἀλλ’

613 891 837 962 άπλῶς,
864 899 947 951 ὅτι
967 897 1305 966 διελύθησαν,
1338 898 1478 966 τάχα
1499 898 1573 956 ὡς
1613 899 1906 965 παρέλκον.
1944 899 2021 952 Δι’
2043 890 2118 951 ὧν
2158 896 2214 950 δὲ

632 983 940 1053 ὑποτίθησι.
1010 982 1289 1046 διδάσκει,
1356 983 1436 1035 ὅτι
1501 983 1563 1034 Εἰ
1625 984 1724 1050 μὲν
1767 983 2105 1056 ἀνθρώπινον
2156 981 2216 1033 τὸ

631 1067 811 1138 ἔργον,
862 1067 1012 1120 οὐδὲν
1055 1066 1236 1136 δεήσει
1281 1067 1622 1138 πραγμάτων
1661 1066 1823 1136 ῦμῖνσ
1864 1068 1914 1122 εἰ
1967 1067 2022 1121 δέ
2075 1065 2214 1119 θεῖόν

631 1153 800 1210 ἐστιν,
824 1150 941 1204 οὐδὲ
975 1148 1111 1219 μετὰ
1138 1151 1476 1220 πραγμάτων
1493 1150 1790 1220 δυνήσεσθε
1810 1149 2211 1223 περιγενέσθαι.

632 1234 792 1288 Οὕτω
825 1233 954 1302 γοῦν
979 1235 1074 1286 καὶ⁸
1111 1236 1138 1287 ὁ
1166 1233 1320 1302 λόγος
1353 1235 1571 1298 συνετὸς
1600 1235 1800 1302 ἔδοξεν.
1835 1238 1916 1290 ὅτι
1946 1236 2040 1289 καὶ⁵
2064 1235 2216 1289 ἐπεί-

633 1318 839 1386 σθησαν
897 1317 1036 1369 ὥστε
1108 1319 1182 1390 μὴ
1239 1318 1449 1370 ἀνελεῖν
1503 1321 1723 1383 αὐτοὺς,
1764 1320 1904 1374 ,ἀλλά
1960 1318 2215 1389 μαστίξαι

630 1402 810 1471 μόνον.
844 1401 1245 1467 Ἐπείσθησαν
1273 1401 1382 1471 γὰρ
1407 1401 1586 1467 αὐτῷ,
1617 1403 1779 1472 φησί·
1823 1403 1920 1456 καὶ
1946 1416 2212 1471 προσκα-

627 1485 952 1553 λεσάμενοι
1009 1484 1150 1547 τοὺς
1187 1485 1592 1550 ἀποστόλους.
1642 1485 1949 1555 δείραντες
1992 1485 2216 1556 παρήγ-

627 1572 838 1636 γειλαν
872 1567 957 1636 μὴ
1005 1567 1222 1621 λαλεῖν
1269 1568 1367 1620 ἐπὶ
1421 1567 1503 1634 τῷ
1536 1571 1780 1639 ὀνόματι
1843 1571 1948 1623 τοῦ
1991 1568 2213 1636 Ἰησοῦ,

631 1652 731 1706 καὶ
783 1652 1108 1706 ἀπέλυσαν
1163 1653 1402 1718 αὐτούς.
1447 1652 1610 1723 Ὅρα,
1667 1653 1805 1724 μετά
1852 1654 1995 1706 πόσα
2026 1651 2217 1723 μαστί-

631 1737 813 1799 ζονται
874 1733 1130 1805 θαύματα
1175 1746 1222 1790 ι.
1281 1735 1392 1789 Καὶ
1433 1736 1582 1805 ὅμως
1640 1737 1801 1791 πάλιν
1831 1739 1865 1803 ἡ
1901 1735 2217 1791 διδασκαλία

628 1818 963 1871 ἐπετείνετοο
1023 1819 1118 1872 καὶ
1173 1817 1282 1889 γὰρ
1319 1820 1413 1872 καὶ
1471 1821 1528 1870 ἐν
1561 1820 1709 1891 οἰκίᾳ
1757 1822 1851 1875 καὶ
1883 1823 1942 1874 ἐν
1980 1820 2058 1874 τῶ
2087 1819 2216 1891 ἱερῷ

628 1902 926 1955 ἐδίδασκον.
975 1904 1039 1954 Oi
1079 1900 1196 1969 μὲν
1227 1896 1342 1956 οὖν
1372 1902 1730 1969 ἐπορεύοντο
1759 1904 2070 1972 χαίροντες
2096 1902 2215 1958 ἀπὸ

626 1986 950 2053 προσώπου
978 1989 1084 2038 τοῦ
1114 1984 1460 2054 συνεδρίου,
1491 1985 1581 2039 ὅτι
1613 1986 1764 2053 ὑπὲρ
1791 1987 1897 2041 τοῦ
1922 1987 2216 2057 ὀνόματος

627 2070 734 2124 τοῦ
767 2069 1023 2137 Χριστοῦ
1049 2068 1508 2136 κατηξιώθησαν
1531 2067 1956 2139 ἀτιμασθῆναι,
2008 2067 2218 2124 πᾶσάν

628 2170 691 2208 τε
717 2152 945 2222 ἡμέραν
973 2151 1042 2205 έν
1065 2150 1145 2217 τῷ
1183 2151 1315 2222 ιερῷ
1354 2153 1451 2206 καὶ
1491 2153 1618 2206 κατ’
1649 2149 1816 2206 οἷκον
1867 2155 1994 2214 οὐκ,
2037 2153 2220 2207 ἐπαύε-

630 2254 770 2290 οντο
798 2235 1189 2302 διδάσκοντες
1248 2235 1348 2289 καί
1406 2234 1914 2306 εὐαγγελιζόμενοι
1973 2236 2220 2305 Ἰησοῦν

629 2320 908 2388 Χριστόν.
949 2319 1050 2372 Ἕν
1075 2318 1142 2371 δὲ
1171 2318 1299 2384 ταῖς
1328 2318 1577 2387 ἡμέραις
1605 2321 1847 2386 ταύταις
1878 2321 2220 2386 πληθυνόν-

626 2419 748 2456 των
765 2401 881 2455 τῶν
903 2399 1203 2470 μαθητῶν,
1226 2401 1464 2468 ἐγένετο
1487 2400 1832 2470 γογγυσμὸς
1853 2399 1973 2454 τῶν
2007 2402 2218 2467 Ἐλλη-

625 2482 850 2539 νιστῶν
876 2483 1024 2552 πρὸς
1064 2483 1205 2549 τοὺς
1237 2483 1570 2552 Ἐϐραίους,
1603 2483 1692 2538 ὅτι
1726 2486 2216 2555 παρεθεωροῦντο

623 2568 697 2621 ἐν
717 2566 791 2636 τῇ
830 2566 1100 2632 διακονίᾳ
1142 2564 1215 2633 τῇ
1259 2565 1621 2636 καθημερινῇ
1657 2571 1717 2620 al
1773 2566 1946 2636 χῆραι
1995 2569 2214 2622 αὐτῶν.

629 2653 744 2704 Οὐκ
783 2653 838 2704 ἐν
877 2650 1112 2711 ἐκείναις
1169 2651 1388 2712 πάντως
1421 2649 1570 2718 λέγει
1622 2653 1743 2715 ταῖς
1792 2651 2059 2722 ἡμέραις·
2102 2650 2218 2706 ἀλλ’

627 2735 754 2786 ἐπεὶ
784 2733 1040 2802 συνήθεια
1069 2731 1288 2798 τοιαύτη
1313 2733 1340 2806 ξι
1370 2732 1487 2784 ἐστὶ
1516 2735 1581 2804 τῇ
1609 2733 1825 2804 Γραφῇ,
1857 2734 1952 2787 καὶ
1992 2733 2062 2788 τά
2087 2733 2220 2806 μέλ-

624 2816 789 2870 λοντα
845 2800 1162 2886 συμϐαίνειν
1182 2815 1262 2877 ὡς,
1309 2800 1511 2884 ’ἐφεξῆς
1556 2800 1840 2885 ’.γινόμενα
1898 2800 2098 2885 λέγειξ
2131 2817 2219 2872 διὰ

623 2899 786 2953 τοῦτο
810 2899 981 2962 οὕτως
1003 2894 1178 2950 εἶπεν.
1203 2896 1557 2968 Ἑλληνιστάς
1593 2897 1649 2950 δὲ
1677 2894 1833 2968 οἶμαι
1860 2899 2062 2964 καλεῖν,
2091 2900 2217 2963 τοὺς

638 2981 937 3052 Ἑλληνιστὶ
965 2980 1387 3051 φθεγγομένους·
1408 2976 1551 3034 οὗτοι
1573 2981 1681 3052 γὰρ
1720 2981 2027 3052 Ἑλληνιστὶ
2052 2983 2218 3036 διελέ-

623 3084 788 3138 γοντο
829 3065 1070 3135 Ἑϐραῖοι
1118 3065 1288 3127 ὄντες.
1344 3062 1473 3118 Ἰδοὺ
1535 3066 1630 3118 καὶ
1674 3065 1832 3128 ἄλλος
1881 3067 2212 3138 πειρασμός·

629 3150 833 3223 μᾶλλον
860 3149 915 3201 δὲ
949 3149 1043 3202 καὶ
1071 3150 1156 3215 σὺ,
1191 3150 1239 3201 εί
1272 3148 1452 3219 βούλει
1481 3151 1724 3216 σκοπεῖν,
1758 3149 1878 3219 ὄψει
1903 3149 1997 3203 καὶ
2015 3150 2218 3204 ἔσωθεν

627 3235 724 3289 καὶ
757 3234 955 3298 ἔξωθεν
983 3233 1112 3294 τοὺς
1135 3231 1406 3300 πολέμους
1437 3231 1597 3294 ὄντας
1633 3231 1692 3296 ἐξ
1719 3233 1914 3304 ἀρχῆς.
1947 3236 2217 3301 Προσκα⁹

620 3316 951 3386 λεσὰμενοι
998 3314 1087 3377 δὲ,
1141 3315 1294 3384 φησὶ,
1342 3317 1395 3368 οἱ
1440 3313 1668 3370 δώδεκα
1714 3316 1781 3368 τὸ
1831 3314 2066 3385 πλῆθος
2099 3316 2218 3370 τῶν

621 3399 904 3472 μαθητῶν
946 3440 960 3462 ,
989 3394 1163 3452 εἷπον
1182 3414 1195 3428 ·
1244 3399 1366 3451 Οὐκ
1394 3398 1654 3466 ἀρεστόν
1680 3399 1812 3453 ἐστι
1849 3403 2215 3455 καταλιπόν-

628 3500 738 3550 τας
764 3480 920 3552 ήμᾶς
943 3483 1050 3535 τὸν
1083 3481 1268 3549 λόγον
1295 3480 1402 3533 τοῦ
1455 3481 1626 3543 Θεοῦ.
1669 3480 1971 3536 διακονεῖν
2007 3483 2218 3551 τραπέ-

624 3567 774 3632 ᾰιις.
809 3565 1030 3628 Καλῶςο
1089 3563 1197 3615 τῶν
1226 3563 1336 3634 γὰρ
1368 3563 1680 3630 ἀναγκαίων
1707 3564 1777 3616 τὰ
1818 3566 2219 3637 ἀναγκαιότερα

629 3649 1021 3721 προτιμότερα.
1062 3648 1204 3717 Ὅρα
1237 3646 1315 3709 δὲ,
1349 3646 1462 3710 πῶς
1494 3646 1698 3710 εὐθέως
1721 3649 2042 3704 καὶτούτων
2084 3653 2218 3723 πρό-

629 3751 779 3788 νοιαν
809 3733 1106 3796 ποιοῦνται,
1139 3731 1232 3783 καὶ
1263 3729 1356 3782 τοῦ
1400 3730 1756 3801 κηρύγματος
1777 3732 1875 3784 οὐκ
1901 3733 2216 3804 ἀμελοῦσιν.

642 3817 732 3880 Ὠς
778 3814 1189 3886 αὶδεσιμώτεροι
1238 3813 1294 3866 δὲ
1327 3816 1522 3867 ἐκεῖνοι
1545 3807 1715 3886 ἦσαν,
1753 3816 1834 3870 διὸ
1863 3820 1957 3871 καὶ
1991 3819 2220 3890 προκρίο

632 3915 832 3953 νονται,
888 3897 1336 3964 Ἐπισκέψασθε
1387 3891 1520 3959 οὖν,
1567 3896 1838 3967 ἀδελφοί,
1894 3900 2118 3968 ἄνδρας
2147 3901 2218 3966 ἐξ

634 3981 800 4050 ὐμῶν
825 3980 1352 4051 μαρτυρουμένους
1378 3979 1550 4041 ἑπτὰ,
1597 3981 1847 4051 πλήρεις
1875 3986 2220 4054 Πνεύματος

533 4087 542 4100 ι
635 4067 734 4120 καί
778 4067 1019 4134 σοφίας,
1069 4063 1175 4129 οὓς
1229 4065 1693 4134 καταστήσομεν
1719 4066 1817 4119 ἐπὶ
1849 4065 1961 4134 τῆς
2017 4070 2220 4136 χρείας

633 4153 875 4218 ταύτης.
931 4147 1124 4216 Ἡμεῖς
1148 4147 1216 4199 δὲ
1243 4146 1320 4215 τῇ
1353 4147 1664 4217 προσευχῇ
1702 4150 1798 4202 καί
1847 4149 1922 4219 τῇ
1946 4150 2220 4220 διακονίᾳ

636 4233 740 4288 τοῦ
769 4234 954 4300 λόγου
980 4231 1606 4300 προσκαρτερήσομεν.
1649 4233 1759 4288 Καὶ
1788 4232 2012 4302 ἤρεσεν
2038 4239 2070 4289 δ
2110 4236 2216 4289 λά-

635 4334 741 4386 γος
774 4316 1028 4369 ἐνώπιον
1082 4314 1309 4377 παντὸς
1353 4314 1460 4368 τοῦ
1509 4315 1801 4382 πλήθους.
1860 4319 1968 4371 Καὶ
2018 4317 2220 4382 ἐξελέ-

636 4401 820 4465 ξαντο
885 4401 1191 4467 Στέφανον
1254 4397 1444 4466 ἄνδρα
1524 4399 1728 4469 πλήρη
1793 4403 2051 4469 πίστεως
2117 4405 2220 4459 καί

634 4485 982 4553 Πνεύματος
999 4483 1190 4550 ἁγίου.
1215 4483 1356 4551 Ἀρα
1389 4482 1484 4535 καὶ
1507 4485 1702 4537 ἐκεῖνοι
1734 4484 1959 4556 πλήρεις
1981 4488 2220 4553 πίστεως

635 4565 800 4642 ἦσαν,
833 4568 926 4631 οὓς
979 4567 1072 4619 καὶ
1111 4564 1440 4632 ἐξελέξαντο,
1481 4567 1565 4620 ἵνα
1592 4569 1665 4637 μὴ
1697 4567 1845 4640 [112]
1863 4570 1930 4622 τὰ
1957 4570 2099 4623 αὐτὰ
2125 4572 2218 4639 γέ-

635 4669 815 4722 νηται,
844 4647 930 4703 οἷα
975 4651 1070 4701 ἐπὶ
1114 4649 1306 4710 Ἰούδα,
1347 4645 1433 4702 οἷα
1503 4653 1595 4704 ἐπὶ¹
1647 4652 1890 4705 Ἀνανίου
1936 4654 2030 4706 καὶ
2080 4655 2221 4708 Σαπ-

637 4736 851 4806 φείρας.
883 4733 992 4788 Καὶ
1019 4734 1340 4798 Φίλιππον,
1377 4733 1476 4787 καί
1522 4735 1826 4803 Πρόχορον
1849 4736 1948 4789 καί
1973 4737 2220 4793 Νικάνο-

632 4835 732 4889 ρα,
789 4819 886 4870 καὶ
945 4818 1189 4885 Τίμωνα,
1243 4817 1341 4870 καί
1397 4817 1732 4888 Παρμενᾶν,
1769 4820 1866 4873 καί
1919 4822 2221 4876 Νικόλαον

640 4901 1030 4969 προσήλυτον
1094 4900 1412 4968 Ἀντιοχέα,
1484 4901 1590 4968 οὓς
1637 4903 1910 4972 ἔστησαν
1963 4905 2221 4959 ἐνώπιον

639 4984 758 5038 τῶν
799 4985 1177 5047 ἀποστόλων,
1228 4985 1325 5036 καὶ
1361 4986 1869 5055 προσευξάμενοι,
1918 4987 2221 5056 ἐπέθηκαν

637 5067 846 5133 αὐτοῖς
875 5067 980 5132 τὰς
1010 5065 1232 5136 χεῖρας.
1276 5066 1386 5121 Καὶ
1423 5070 1454 5120 ό
1485 5071 1666 5137 λόγος
1703 5070 1809 5124 τοῦ
1842 5071 2060 5138 Κυρίου
2107 5073 2220 5140 ηῦ·

639 5153 808 5219 ξανε,
835 5152 930 5205 καί
960 5151 1329 5217 ἐπληθύνετο
1355 5152 1387 5203 ό
1426 5151 1665 5220 ἀριθμὸς
1695 5152 1814 5207 τῶν
1839 5154 2122 5223 μαθητῶν
2153 5157 2222 5209 ἐν

648 5233 1048 5308 Ἰερουσαλὴμ
1075 5232 1335 5303 σφόδρα·
1370 5235 1562 5301 πολύς
1593 5253 1655 5288 τε
1681 5236 1862 5304 ὄχλος
1881 5237 2002 5291 τῶν
2018 5239 2222 5306 ἱερέων

638 5319 913 5385 ὑπήκουε
949 5317 1025 5386 τῇ
1059 5321 1278 5372 πίστει.
1322 5318 1460 5370 Ἀλλ’
1494 5318 1690 5390 ἴδωμεν
1721 5322 1924 5375 ἄνωθεν
1952 5321 2020 5374 τὰ
2067 5325 2220 5395 είρη-

645 5403 799 5473 μένα.
849 5401 1120 5470 Ἀνδρες,
1158 5404 1483 5472 προσέχετε
1516 5404 1772 5470 ἑαυτοῖς.
1831 5409 1974 5478 Ὅρα
2015 5407 2077 5478 δή
2133 5425 2220 5478 μοι

639 5487 731 5540 τὸν
773 5487 1114 5557 Γαμαλιῆλον
1143 5486 1376 5540 ἐνταῦθα
1408 5488 1522 5550 πῶς
1554 5490 1671 5558 μετ’
1705 5491 2005 5554 ἐπιεικείας
2042 5491 2221 5546 διαλέ-

639 5586 798 5639 γεται
831 5571 925 5622 καὶ
958 5571 1163 5641 βραχέα
1192 5571 1412 5637 διέξεισι
1442 5573 1577 5643 πρὸς
1606 5573 1821 5637 αὐτοὺς,
1854 5577 1947 5629 καὶ
1984 5577 2042 5628 ού
2073 5577 2221 5646 λέγει

640 5652 848 5709 παλαιά
881 5654 1213 5726 διηγήματα,
1272 5657 1449 5709 καίτοι
1478 5674 1538 5726 γε
1588 5656 1747 5728 ἔχων,
1777 5659 1914 5712 ἀλλά
1957 5663 2220 5733 νεώτερα,

640 5736 678 5791 ἃ
707 5738 941 5807 μάλιστα
985 5739 1121 5810 πρὸς
1156 5741 1336 5794 πίστιν
1367 5735 1506 5810 ἦσαν
1539 5742 1756 5812 ἰσχυρά.
1812 5743 1902 5796 Διὸ
1956 5745 2050 5798 καὶ
2103 5746 2221 5818 μετ’

643 5821 992 5892 ἐπικρύψεως
1053 5824 1343 5880 αἰνίττεται
1405 5824 1606 5894 λέγων’
1661 5825 1782 5895 Πρὸ
1837 5828 1947 5897 γὰρ
1998 5830 2222 5884 τούτων

757 5971 990 6041 Θαύματα
1020 5973 1165 6041 ἀθεεὶ
1186 5976 1236 6025 in
1262 5990 1374 6027 uno.
1444 5979 1469 6019 ι)
1492 5978 1694 6039 Quidam
1716 5990 1830 6028 mss.
1855 5978 2066 6041 ἡμέραις.
2109 5981 2221 6028 Συν-

647 6033 777 6090 ήθεια
805 6035 892 6098 γάρ
914 6035 1124 6093 τοιαύτη.

1351 364 1408 418 S.
1449 361 1728 418 JOANNIS
1767 357 2247 418 CHRYSOSTOMI
2285 358 2607 418 ARCHIEP.
2648 360 3196 418 CONSTANTINOP.

3831 361 3944 416 ιιι

2330 478 2447 533 τῶν
2497 481 2734 551 ἡμερῶν
2756 501 2770 514 ·
2816 482 3098 555 μονονουχὶ
3125 477 3322 549 δηλῶν,
3351 476 3426 541 ὡς
3464 479 3525 530 οῦ
3555 476 3664 545 πρὸ
3690 477 3946 531 πολλῶν·

2330 561 2392 615 Εί
2427 564 2524 632 μὲν
2556 560 2648 617 οῦν
2677 565 2880 628 εὐθέως
2929 561 3102 630 εἶπεν,
3139 562 3342 632 ’Ἄφετε
3365 559 3492 624 τοὺς
3523 560 3730 631 ἄνδρας
3757 569 3811 621 ε.
3845 565 3946 613 καὶ

2330 646 2490 710 αὐτὸς
2519 647 2695 714 ἔδοξεν
2720 649 2960 712 ὕποπτος
2993 650 3079 712 ἂν,
3115 647 3210 702 καὶ
3255 649 3285 700 ὁ
3319 646 3473 714 λόγος
3516 645 3694 708 οὕτως
3724 646 3838 697 οὐκ
3873 641 3940 714 ἦν

2331 729 2578 800 ἰσχυρός·
2637 731 2776 801 μετά
2821 732 2878 784 δὲ
2932 732 3038 784 τῶν
3083 730 3541 803 παραδειγμάτων
3583 728 3689 798 τὴν
3718 728 3940 781 οἰκείαν

2329 812 2480 882 ίσχὺν
2506 813 2802 884 ἐλάμϐανε.
2843 813 2940 866 Διά
2974 815 3129 868 τοῦτο
3151 813 3273 866 οὐδὲ
3319 813 3436 876 ἐνὸς
3463 811 3769 881 μέμνηται,
3796 811 3940 862 ἀλλά

2327 896 2418 948 καὶ
2453 896 2726 968 δευτέρου,
2757 899 2934 952 καίτοι
2954 892 3102 968 εἶχεν
3129 900 3304 950 εἰπεῖν
3328 897 3422 949 καὶ
3450 897 3659 967 τρίτον,
3692 897 3759 948 ἐκ
3785 912 3940 965 περι·

2325 979 2514 1044 ουσίας
2562 984 2656 1036 καὶ
2706 983 2896 1036 ἑαυτὸν
2953 981 3134 1044 καλῶς
3184 980 3414 1048 λέγοντα
3450 979 3695 1042 δεικνὺς,
3733 977 3939 1032 κάκεί-

2326 1079 2448 1126 νους
2475 1067 2703 1134 ἀπάγων
2748 1067 2847 1136 τῆς
2888 1065 3113 1136 φονικῆς
3145 1063 3535 1135 προαιρέσεως.
3589 1063 3942 1131 Ἀπόστητε

2326 1147 2445 1202 ἀπὸ
2473 1149 2592 1202 τῶν
2623 1151 2976 1217 ἀνθρώπων.

2398 1229 2634 1304 β’.”ορα,
2652 1233 2768 1295 πῶς
2785 1234 2844 1286 τὸ
2865 1230 2995 1303 ἦθος
3013 1232 3284 1303 ἐπιεικής.
3305 1232 3415 1285 Καὶ
3434 1230 3557 1285 οὔτε
3591 1232 3812 1303 μακρὸν
3832 1231 3929 1284 τὸν

2324 1314 2501 1383 λόγον,
2553 1317 2689 1370 ἀλλὰ
2719 1317 2982 1387 σύντομον
3028 1319 3197 1370 ποιεῖ⁹
3235 1315 3359 1368 οὔτε
3387 1314 3613 1368 ἐκείνων
3658 1315 3804 1385 μιτά
3836 1313 3932 1367 θυ-

2328 1397 2430 1468 μοῦ
2463 1399 2755 1471 μέμνηται.
2788 1402 2897 1456 Καὶ
2929 1400 3155 1470 πάντες
3200 1398 3337 1454 ὅσοι
3383 1399 3696 1454 ἐπείθοντο
3735 1395 3927 1462 αὐτῷ,

2323 1480 2900 1552 διεσκορπίσθησαν.
2935 1481 3106 1537 Τοῦτο
3150 1482 3343 1551 λέγων,
3382 1480 3534 1535 οὐδὲν
3570 1484 3650 1544 είς
3682 1483 3930 1553 Χριστὸν

2327 1565 2658 1638 βλασφημεῖ,
2686 1568 2802 1622 ἀλλ’
2829 1568 2859 1621 δ
2887 1567 3136 1638 βούλεται
3174 1565 3428 1637 μάλιστα,
3456 1565 3735 1636 κατορθοῖ.
3784 1567 3935 1618 Ἐὰν

2324 1645 2384 1723 ᾖ,
2421 1653 2602 1722 φησὶν,
2636 1651 2705 1718 ἐξ
2733 1652 3078 1722 ἀνθρώπων.
3107 1651 3616 1718 καταλυθήσεται.
3655 1649 3937 1703 Ἐνταῦθα

2326 1736 2420 1791 καὶ
2481 1735 2889 1805 συλλογίζεσθαί
2948 1754 3038 1807 μοι
3097 1736 3298 1798 αὐτοὺς
3352 1734 3517 1799 δοκεῖ,
3562 1735 3656 1788 καὶ
3707 1734 3932 1802 λέγειν·

2325 1819 2542 1874 Οὐκοῦν⁴
2587 1821 2711 1874 ἐπεὶ
2766 1821 2829 1874 οὐ
2873 1819 3165 1891 κατελύθη,
3215 1821 3315 1873 οὐκ
3348 1818 3497 1873 ἐστιν
3553 1818 3935 1888 ἀνθρώπινον.

2324 1905 2551 1974 Μήποτε
2607 1905 2699 1958 καί⁵
2748 1904 3019 1976 Θεομάχοι
3073 1903 3356 1974 εὑρεθῆτε.
3411 1904 3583 1957 Τοῦτο
3640 1899 3790 1969 εἶπε,
3858 1902 3940 1971 τῷ

2324 1987 2575 2058 ἀδυνάτῳ
2607 1988 2702 2040 καὶ
2732 1987 3036 2059 ἀσυμφόρῳ
3074 1986 3458 2040 καταστέλλων
3484 1988 3702 2051 αὐτούς.
3755 1989 3808 2039 Ε
3816 1989 3834 2040 ί
3868 1985 3940 2038 δὲ

2324 2074 2394 2127 ἐκ
2419 2071 2568 2125 Θεοῦ
2603 2070 2791 2135 ἐστιν,
2822 2072 2894 2125 ού
2940 2069 3311 2138 δυνήσεσθε.
3362 2070 3478 2122 Οὐκ
3521 2065 3696 2135 εἶπεν,
3735 2069 3870 2122 Ἐάν

2327 2156 2460 2220 Θεὸς
2508 2156 2537 2207 ὁ
2583 2155 2847 2227 Χριστός’
2892 2154 2953 2207 τὸ
2999 2151 3109 2227 γὰρ
3161 2152 3320 2224 ἔργον
3347 2151 3509 2205 τοῦτο
3547 2152 3777 2222 ἐδήλουσ
3822 2151 3938 2205 οὐδ’

2327 2239 2664 2309 ἀπεφήνατο,
2697 2239 2777 2291 ὃτι
2798 2238 2899 2291 οὐκ
2926 2237 3267 2308 ἀνθρώπινόν
3289 2238 3456 2301 ἐστιν,
3483 2234 3606 2288 οὔτε
3636 2236 3720 2288 δτι
3759 2235 3935 2298 θεῖον,

2326 2323 2463 2376 άλλά
2503 2321 2588 2396 ,τῷ
2637 2321 2884 2392 μέλλοντι
2954 2320 3134 2391 καιρῷ
3195 2321 3293 2390 τὴν
3350 2318 3537 2373 πίστιν
3597 2319 3934 2388 ἐπέτρεψεν,

2325 2406 2467 2460 ὥστε
2511 2407 2719 2460 πεῖσαι.
2753 2405 2864 2459 Καὶ
2892 2406 2942 2458 εί
2977 2405 3186 2468 ἔπεισε,
3219 2404 3364 2468 τίνος
3391 2403 3580 2457 ἕνεκεν
3635 2403 3686 2467 ἀ,
3737 2405 3932 2473 φησιν,

2325 2489 2625 2559 ἐμάστιξαν
2649 2489 2763 2558 ςΤῇ
2792 2489 2889 2559 μὲν
2906 2486 3378 2557 ἀναμφισϐητήτῳ
3405 2486 3744 2557 δικαιολογία
3770 2487 3930 2539 ἀντι-

2327 2574 2523 2644 ϐλέψαι
2560 2573 2662 2625 οὐκ
2708 2568 2853 2643 εἴχον
2873 2590 2885 2602 ·
2919 2572 3069 2642 ὅμως
3093 2571 3150 2626 δὲ
3181 2572 3274 2626 τὸν
3302 2570 3472 2642 θυμὸν
3516 2570 3794 2643 ἐπλήρουν
3835 2569 3932 2624 τὸν

2327 2660 2558 2712 οίκεῖον·
2597 2656 2771 2719 ἄλλως
2804 2655 2862 2709 δὲ
2894 2657 2988 2709 καὶ
3027 2655 3189 2708 πάλιν
3234 2654 3407 2727 ταύτῃ
3461 2654 3722 2724 φοϐήσειν
3765 2670 3932 2726 προσσ

2328 2741 2611 2812 εδόκησαν.
2665 2739 2776 2794 Καὶ
2805 2738 2884 2809 τῷ
2908 2737 2983 2810 μὴ
3017 2738 3299 2808 παρόντων
3323 2736 3380 2790 δὲ
3411 2736 3590 2790 αὐτῶν
3619 2735 3798 2790 ταῦτα
3842 2735 3904 2788 λέ
3930 2769 3942 2778 -

2325 2842 2463 2893 γειν,
2497 2823 2848 2877 ἐπεσπάσατο
2873 2821 3073 2892 μᾶλλον
3100 2821 3329 2884 αὐτούς·
3368 2822 3461 2873 καὶ
3497 2823 3530 2890 ἡ
3560 2819 3844 2888 γλυκύτης
3872 2819 3931 2873 δὲ

2325 2908 2434 2960 τῶν
2467 2907 2663 2975 λόγων,
2713 2907 2807 2961 καὶ
2860 2906 2922 2959 τὸ
2966 2906 3175 2959 δίκαιον
3217 2904 3327 2956 τῶν
3355 2903 3668 2974 λεγομένων
3710 2903 3924 2958 ἔπειθε.

2324 2991 2501 3047 Μόνον
2532 2990 2642 3063 γὰρ
2675 2990 2796 3061 οὐχὶ
2825 2991 3092 3063 ἐκήρυττε
3125 2991 3219 3043 καὶ
3251 2983 3406 3053 οὗτος
3429 2989 3491 3042 τὸ
3545 2987 3886 3058 Εὑαγγέλιον
3908 3007 3922 3021 ·

2329 3074 2529 3145 μᾶλλον
2551 3074 2608 3127 δὲ
2643 3075 2927 3144 μονονουχὶ
2974 3072 3199 3126 τοιαῦτα
3249 3071 3758 3142 δικαιολογούμενος
3788 3072 3929 3142 πρὸς

2327 3158 2524 3220 αὐτοὺς
2578 3156 2955 3211 ἀποτείνεταιο
2998 3155 3340 3225 Ἐπείσθητε,
3387 3155 3469 3208 ὃτι
3518 3156 3620 3208 οὐκ
3668 3155 3927 3225 ἰσχύσατε

2327 3240 2648 3296 καταλῦσαι..
2690 3239 2790 3294 Διά
2836 3240 2890 3293 τί
2925 3241 3025 3294 ούκ
3059 3238 3454 3304 ἐπιστεύσατε;
3493 3237 3652 3292 Οὕτω
3691 3239 3836 3308 μέγα
3863 3244 3926 3298 τὸ

2326 3325 2610 3395 κήρυγμα,
2664 3324 2746 3377 ὅτι
2795 3323 2890 3377 καὶ
2945 3322 3096 3394 παρὰ
3134 3322 3242 3376 τῶν
3283 3321 3495 3392 ἐχθρῶν
3553 3324 3586 3392 ἡ
3623 3322 3923 3393 μαρτυρία.

2339 3409 2486 3461 Ἐκεῖ
2522 3409 2865 3479 τετρακόσιοι
2902 3403 3239 3479 ἀνέστησανὶ
3263 3407 3355 3459 καὶ
3384 3405 3524 3476 μετά
3551 3406 3712 3458 τοῦτο
3743 3406 3928 3469 ἱκανὸς

2326 3491 2512 3562 ὄχλοςο
2545 3485 2648 3547 ὦδε
2691 3491 2898 3545 δώδεκα
2935 3486 3079 3562 ἦσαν
3114 3492 3163 3543 οἱ
3218 3489 3446 3560 πρῶτοι.
3505 3489 3599 3558 Μὴ
3637 3486 3733 3542 οῦν
3780 3491 3926 3560 ὑμᾶς

2327 3575 2559 3629 πτοείτω
2582 3576 2643 3628 τὺ
2703 3573 2905 3644 πλῆθος
2959 3574 3019 3627 τὸ
3048 3573 3503 3644 προσγενόμενον.
3555 3571 3701 3627 Ἐάν
3744 3574 3858 3643 γὰρ
3886 3569 3926 3647 ᾗ

2325 3658 2394 3723 ἐξ
2437 3658 2763 3727 ἀνθρώπων
2799 3658 2866 3712 τὸ
2911 3659 3089 3728 ἔργον
3129 3658 3307 3712 τοῦτο
3332 3698 3346 3719 ,
3416 3658 3924 3724 καταλυθήσεται.

2327 3738 2454 3812 Εἶχε
2499 3742 2596 3794 καὶ
2640 3742 2937 3810 Αίγύπτιον
2974 3742 3150 3793 εἰπεῖν
3201 3739 3420 3811 ἓτερον,
3471 3739 3608 3793 ἀλλά
3672 3742 3927 3811 περιττὸς

2326 3826 2513 3878 λοιπὸν
2531 3821 2599 3895 ἦν
2638 3827 2666 3878 ὁ
2693 3826 2850 3892 λόγος
2879 3822 3066 3878 αὑτοῦ.
3105 3819 3282 3888 Εἶδες,
3331 3824 3449 3888 πῶς
3481 3824 3560 3895 τῷ
3589 3825 3804 3897 φοϐερῷ
3834 3828 3927 3881 τὸν

2327 3907 2482 3975 λόγον
2509 3905 2656 3978 [115]
2682 3905 3034 3973 κατέκλεισε;
3066 3906 3157 3959 Διὸ
3177 3906 3271 3960 καὶ
3302 3907 3402 3960 οῦκ
3431 3907 3793 3975 ἀποφαίνεται
3823 3911 3929 3964 ἀπ-

2328 3989 2456 4056 λῶς,
2479 3991 2566 4042 ἵνα
2595 3989 2672 4060 μὴ
2687 3989 2813 4062 δόξῃ
2837 3990 2978 4059 ὑπὲρ
2991 3989 3171 4044 αὐτῶν
3202 3989 3411 4058 λέγειν’
3427 3989 3546 4043 ἀλλ’
3573 3991 3684 4044 ἀπὸ
3709 3995 3808 4062 τῆς
3830 3993 3925 4046 τοῦ

2327 4073 2654 4144 πράγματος
2684 4072 2963 4136 ἐκϐάσεως
2987 4072 3377 4140 συλλογίζεται.
3411 4073 3526 4125 Οὐκ
3563 4073 3838 4145 ἐτόλμησε
3870 4077 3925 4131 δὲ

2326 4146 2731 4226 ἀποφήνασθαι,
2766 4157 2848 4210 ὅτι
2893 4157 2995 4209 οὐκ
3022 4156 3361 4227 ἀνθρώπινόν
3387 4158 3559 4223 ἐστιν,
3603 4158 3725 4212 ούδέ
3747 4162 3830 4214 ὅτι
3861 4163 3928 4216 ἐκ

2326 4240 2492 4294 Θεοῦ·
2550 4239 2739 4310 ἐπειδὴ
2792 4241 2841 4291 εἰ
2880 4235 3054 4303 εἶπεν,
3099 4240 3180 4292 ὃτι
3211 4242 3276 4294 ὲκ
3309 4239 3468 4306 Θεοῦ,
3508 4241 3799 4310 ἀντέλεγον
3826 4244 3924 4298 ἄν·

2328 4325 2378 4377 εί
2427 4322 2485 4376 δὲ
2531 4321 2590 4388 ἐξ
2650 4320 2975 4393 ἀνθρώπων,
3015 4321 3296 4394 πρόχειροι
3325 4323 3488 4377 πάλιν
3518 4325 3599 4387 εἰς
3630 4325 3693 4378 τὸ
3722 4329 3929 4382 ἐπανά-

2329 4407 2522 4477 στῆναι
2580 4405 2837 4474 ἐγίνοντο.
2897 4403 2998 4457 Διά
3055 4404 3215 4459 τοῦτο
3272 4407 3471 4472 αὐτοὺς
3522 4413 3837 4480 περιμεῖναι
3862 4411 3923 4462 τὸ

2326 4490 2480 4553 τέλος
2509 4488 2742 4551 κελεύει,
2771 4487 2976 4542 εἰπών’
3023 4489 3374 4558 Ἀπόστητε.
3413 4493 3475 4545 Οἱ
3521 4491 3576 4545 δὲ
3637 4493 3920 4547 ἀπειλοῦσι

2329 4573 2513 4636 πάλιν,
2548 4572 2749 4636 εἰδότες
2779 4572 2898 4640 μὲν,
2933 4573 3014 4625 ὅτι
3043 4572 3194 4625 οὐδὲν
3222 4573 3466 4640 ἀνύουσι,
3521 4574 3804 4639 ποιοῦντες
3863 4577 3918 4629 δὲ

2329 4658 2389 4711 τὸ
2416 4657 2619 4712 αὐτῶν.
2652 4656 2906 4710 Τοιοῦτον
2938 4656 3047 4725 γὰρ
3090 4658 3122 4726 ἡ
3177 4658 3367 4719 κακία,
3394 4657 3676 4721 ἀδυνάτοις
3726 4659 3924 4714 πολλὰ-

2331 4759 2418 4804 κις
2451 4743 2738 4812 ἐπιχειρεῖ.
2793 4744 2955 4795 Μετὰ
3008 4739 3076 4792 δὲ
3120 4739 3336 4793 τοῦτον
3389 4741 3616 4809 ἀνέστη
3676 4742 3917 4809 Ἰούδας.

2329 4825 2514 4878 Ταῦτα
2545 4827 2654 4888 τοῖς
2688 4822 2782 4877 τοῦ
2818 4824 3083 4895 Ἰωσήπου
3116 4822 3337 4893 βιϐλίοις
3369 4824 3709 4894 ἐγκύψαντες
3745 4826 3919 4897 μαθή-

2332 4909 2490 4963 σεσθε
2524 4907 2947 4980 ἀκριϐέστερον⁸
3004 4909 3210 4972 ἐκεῖνος
3262 4909 3372 4980 γὰρ
3407 4909 3507 4979 τὴν
3539 4909 3744 4963 τούτων
3781 4911 3918 4964 ἱστο-

2332 4993 2454 5063 ρίαν
2487 4991 2792 5046 συντάττων
2824 4989 3067 5061 ἀκριϐῶς
3099 4992 3320 5062 ἱστορεῖ.
3352 4986 3527 5055 Εἶδες,
3560 4991 3748 5061 ἡλίκον
3775 4993 3916 5046 ἐτόλ-

2333 5092 2504 5148 μησεν
2561 5077 2758 5141 εἰπεῖν,
2818 5074 2900 5126 ὅτι
2947 5074 3047 5128 Ἐκ
3102 5075 3270 5142 Θεοῦ,
3322 5078 3410 5130 ὅτε
3452 5075 3634 5134 λοιπὸν
3675 5075 3785 5128 ἀπὸ
3811 5077 3916 5130 τῶν

2330 5159 2670 5230 πραγμάτων
2701 5156 2800 5228 τὴν
2825 5156 3006 5209 πίστιν
3028 5157 3239 5211 ἔλαϐεν.
3277 5159 3484 5220 Ὄντως
3519 5157 3686 5228 πολλὴ
3717 5161 3750 5230 ἡ
3775 5163 3915 5233 παῤ-

2333 5245 2518 5316 ρησία,
2592 5241 2729 5295 πολὺ
2775 5240 2836 5294 τὸ
2888 5252 2910 5280 ο
2945 5241 3470 5312 ἀπροσωπόληπτον.
3514 5242 3916 5312 Ἐπείσθησαν

2329 5327 2396 5381 δὲ
2428 5325 2610 5393 αὐτῷ,
2651 5325 2805 5396 φησί.
2858 5325 2966 5379 Καὶ
3005 5325 3564 5394 προσκαλεσάμενοι
3597 5325 3741 5391 τοὺς
3769 5327 3912 5382 ἀπο-

2328 5414 2618 5478 στόλους,
2667 5409 2970 5478 δείραντες
3017 5408 3338 5462 ἀπέλυσαν
3375 5410 3616 5474 αὐτούς.
3657 5408 3912 5479 ᾘδέσθη-

2331 5516 2430 5551 σαν
2457 5498 2557 5567 τὴν
2609 5493 2766 5558 δόξαν
2800 5492 2892 5545 τοῦ
2932 5492 3154 5562 ἀνδρός·
3213 5492 3294 5545 διὸ
3320 5495 3415 5546 καὶ
3445 5491 3541 5544 τοῦ
3572 5491 3781 5545 ἀνελεῖν
3819 5494 3911 5563 μὲν

2328 5583 2454 5644 τοὺς
2489 5579 2818 5640 ἀποστόλους
2851 5577 3176 5646 ἀφίστανται
3198 5594 3213 5607 ’
3267 5576 3625 5646 μαστίξαντες
3652 5576 3709 5629 δὲ
3762 5577 3912 5646 μόνον

2329 5667 2524 5729 αὐτοὺς
2554 5662 2900 5719 ἀπολύουσιν.
2942 5665 3005 5714 Ol
3063 5661 3180 5730 μὲν
3229 5655 3344 5716 οὗν
3399 5661 3757 5730 ἐπορεύοντο
3793 5665 3912 5730 χαί-

2325 5768 2538 5820 ροντες
2581 5748 2701 5803 ἀπὸ
2744 5744 3071 5816 προσώπου
3116 5744 3223 5800 τοῦ
3254 5744 3597 5814 συνεδρίου,
3651 5745 3741 5799 ὅτι
3767 5749 3910 5817 ὑπὲρ

2397 5859 2419 5886 ε
2447 5856 2562 5905 Post
2584 5854 2705 5912 haec,
2730 5852 2873 5916 ἄφετε
2893 5851 3004 5916 τους
3021 5849 3208 5913 ἄνδρας,
3233 5852 3286 5899 in
3308 5863 3407 5916 unp
3427 5853 3737 5916 multapqpt
3757 5854 3909 5916 varie-

2332 5925 2486 5973 tates;
2507 5917 2597 5966 sed
2624 5911 2734 5978 qua
2769 5911 2892 5963 hibil
2917 5911 3223 5978 ad_sen59m_
3261 5911 3530 5978 pertinenti.
3599 5913 3626 5950 ἃ
3661 5913 3797 5978 Unus
3825 5915 3902 5962 ἐπ-

2332 5974 2928 6042 ἐστρεφεν.“1⁴;πείσθηᾳαν·
2951 5975 3075 6030 τίνος
3099 5974 3181 6023 οὖν
3203 5974 3376 6042 ἑνεκιν-
3445 5977 3462 5997 ⁹
3483 5977 3571 6027 Hic
3591 5976 3801 6026 mullum
3825 5989 3900 6026 η-

2333 6038 2459 6094 riam
2483 6038 2620 6105 0155.,
2642 6040 2728 6090 scd
2747 6039 2923 6089 eodem
2945 6049 3094 6087 sensu
3118 6038 3410 6101 procedunt.
